2559 4020
1935 673 69 24 Since
2022 673 39 23 the
2206 673 50 23 first
2267 673 93 24 entered
2371 673 47 24 this
2428 678 60 27 port,

1900 712 34 16 we
1945 706 57 23 have
2019 706 46 24 had
2082 706 126 31 forty-four
2226 706 94 24 arrivals
2329 715 6 20 ;
2362 706 45 24 and
2426 707 63 23 there

1899 746 59 16 were
1971 738 98 25 thirteen
2079 739 88 24 vessels
2178 740 25 23 in
2217 738 98 25 harbour
2334 744 24 19 at
2374 747 42 16 one
2434 740 55 23 time

1900 772 47 23 this
1958 772 73 23 week.

1935 812 24 23 It
1976 813 21 23 is
2014 812 107 32 reported
2138 812 49 24 that
2204 812 64 24 three
2284 812 102 32 whaling
2402 812 87 25 vessels

1900 852 39 16 are
1951 846 90 30 coming
2052 846 26 23 in
2088 846 55 23 here
2161 850 23 19 to
2202 846 57 28 refit,
2279 846 46 24 and
2343 850 44 20 two
2403 846 86 24 vessels

1899 878 56 23 with
1967 878 31 23 oil
2008 878 35 23 for
2053 879 57 22 sale.

1935 918 50 23 The
2167 919 42 23 has
2225 919 101 30 brought
2340 919 73 31 plank
2430 919 59 24 from

1900 949 111 33 Kiapara,
2035 951 47 23 and
2091 956 90 26 reports
2190 951 50 23 that
2251 959 14 15 a
2285 952 53 30 brig
2359 952 22 23 is
2397 952 94 32 loading

1900 984 64 23 there
1976 984 54 23 with
2041 984 74 30 plank
2127 984 37 24 for
2176 984 58 24 Port
2246 984 134 24 Nicholson.

1933 1023 45 24 We
1988 1023 56 25 hear
2056 1024 64 23 there
2129 1025 21 22 is
2162 1028 23 20 to
2192 1024 29 23 be
2233 1032 13 16 a
2256 1028 59 20 town
2323 1029 23 18 at
2355 1024 135 32 Hokianga,

1899 1061 24 18 to
1934 1057 28 23 be
1976 1057 71 24 called
2252 1057 94 24 another
2363 1062 25 19 at
2405 1058 52 31 Bay
2468 1059 25 22 of

1899 1090 101 29 Islands,
2025 1090 73 24 called
2140 1090 96 24 Russell
2286 1091 45 23 and
2348 1091 96 24 another
2462 1099 30 16 on

1898 1123 40 23 the
1951 1123 108 29 Thames,
2071 1124 73 23 called
2353 1125 67 23 Thus
2427 1125 64 23 there

1898 1156 48 23 will
1956 1157 29 23 be
1996 1158 51 22 four
2058 1157 135 31 recognised
2201 1161 70 19 towns
2279 1158 25 22 in
2313 1157 60 24 New
2380 1158 110 28 Zealand,

1899 1189 32 23 all
1939 1191 117 30 requiring
2068 1190 38 23 the
2118 1190 132 30 machinery
2267 1190 26 23 of
2307 1191 59 23 local
2384 1190 107 24 Govern-

1898 1227 73 19 ment.
2006 1223 58 23 New
2083 1223 102 23 Zealand
2207 1223 51 23 bids
2280 1224 45 23 fair
2347 1228 24 18 to
2393 1224 69 24 make
2479 1232 14 15 a

1898 1255 74 32 heavy
1984 1256 98 24 demand
2091 1264 64 23 upon
2166 1257 38 23 the
2217 1256 93 31 Sydney
2320 1264 79 23 purse.

1934 1297 143 31 Passengers
2084 1297 24 23 in
2115 1296 40 24 the
2198 1296 68 32 Hope
2305 1300 22 21 to
2335 1297 46 23 this
2390 1302 54 26 port
2452 1306 5 15 :
2459 1309 34 5 —

1898 1330 46 23 Dr.
1966 1330 93 31 Taylor,
2084 1330 49 23 Mr.
2159 1329 102 29 Bidwell,
2284 1329 60 24 Mrs.
2369 1330 122 29 Bradwell,

1900 1363 99 31 Captain
2027 1363 110 29 Coulson,
2168 1363 44 23 and
2238 1362 60 25 Mrs.
2324 1363 101 24 Coombs
2447 1363 46 24 and

1899 1396 110 23 children.

1285 128 55 23 wise
1360 126 53 31 they
1430 126 48 24 will
1496 127 48 23 find
1562 127 139 23 themselves
1724 131 40 19 out
1788 127 26 23 of
1831 126 40 24 the

1285 170 72 24 limits
1370 168 25 24 of
1407 169 39 23 the
1458 173 50 19 seat
1527 169 24 23 of
1571 169 116 23 business.
1724 168 52 24 The
1794 177 77 16 sooner

1285 211 55 31 they
1352 218 43 16 can
1404 211 29 23 do
1445 218 27 16 so
1482 211 41 24 the
1531 211 74 24 better
1616 211 36 24 for
1662 211 71 29 them,
1742 212 62 23 since
1811 212 60 24 there

1286 262 43 15 can
1339 254 29 23 be
1379 253 57 24 little
1448 253 72 24 doubt
1537 254 49 23 that
1604 253 38 24 the
1659 254 108 23 business
1785 256 86 29 portion

1286 297 27 24 of
1327 297 38 22 the
1376 300 59 19 town
1447 297 48 22 will
1504 297 100 23 advance
1616 297 25 23 in
1652 297 66 23 value
1725 304 55 22 very
1786 297 85 31 rapidly

1286 340 84 30 during
1381 338 36 23 the
1428 338 65 32 early
1501 340 92 30 portion
1604 339 27 24 of
1645 347 42 16 our
1699 338 98 24 colonial
1803 340 68 23 exist-

1286 389 63 17 ence.
1386 380 22 24 It
1419 382 28 28 is,
1456 381 120 29 therefore,
1585 381 64 32 plain
1661 381 50 23 that
1722 382 31 22 all
1765 389 37 16 are
1814 382 57 24 alike

1285 424 123 23 interested
1418 424 26 23 in
1454 424 86 31 having
1550 424 38 23 the
1598 424 62 29 land,
1673 432 52 16 now
1736 424 76 31 ready,
1820 432 51 24 pos-

1286 467 79 23 sessed
1375 466 30 30 by
1416 466 66 24 those
1494 467 50 23 who
1555 467 47 23 will
1614 467 71 23 select
1695 468 27 22 it.

1320 509 52 29 We,
1396 509 119 30 therefore,
1539 514 96 27 suggest
1652 509 51 24 that
1719 510 19 23 it
1754 510 74 24 would
1842 511 29 23 be

1286 553 77 31 acting
1381 553 78 30 wisely
1477 557 22 20 to
1519 561 129 16 commence
1666 553 112 31 selecting
1794 554 78 23 imme-

1286 595 93 31 diately.
1418 595 37 23 Of
1470 603 79 15 course
1560 596 19 22 it
1589 595 48 23 will
1647 599 42 19 not
1698 596 29 22 be
1740 595 130 32 obligatory,

1286 638 46 24 and
1342 645 53 23 may
1405 645 65 16 cease
1482 638 186 34 whenjselection
1678 638 60 24 from
1745 638 50 24 that
1801 638 71 24 which

1285 682 21 22 is
1318 688 51 16 now
1381 681 112 30 surveyed
1503 681 42 23 has
1557 680 71 24 taken
1638 681 65 31 place
1714 685 24 19 to
1750 689 30 16 an
1792 686 80 19 -extent

1285 729 23 19 to
1320 724 69 23 make
1400 725 16 22 it
1427 724 107 23 doubtful
1550 723 101 25 whether
1661 724 56 24 land
1727 725 24 22 in
1762 725 40 23 the
1812 725 60 23 other

1284 770 53 28 part
1348 767 27 23 of
1388 766 37 23 the
1436 771 62 19 town
1507 766 30 24 be
1548 771 40 20 not
1598 775 64 16 more
1673 767 120 24 desirable.
1827 768 45 23 But

1285 817 34 16 we
1330 810 59 31 hope
1400 810 29 31 by
1443 810 53 23 that
1511 810 56 23 time
1584 810 40 23 the
1642 810 129 24 remainder
1790 810 25 24 of
1835 811 37 23 the

1285 860 84 23 survey
1381 852 44 24 will
1430 853 31 23 be
1468 852 127 32 completed
1604 861 6 20 ;
1630 853 25 23 in
1662 852 74 24 which
1744 860 59 21 case,
1811 853 60 23 there

1285 895 47 24 will
1348 896 30 23 be
1397 903 27 16 no
1443 896 114 23 cessation
1574 896 24 22 in
1616 895 39 23 the
1673 895 65 24 work
1751 896 27 23 of
1791 903 81 23 appro-

1284 938 107 31 priation,
1408 937 60 23 until
1486 937 39 24 the
1542 937 72 24 whole
1633 942 61 18 town
1704 937 29 23 be
1747 937 90 24 allotted
1847 941 24 19 to

1285 982 30 23 its
1327 980 94 30 rightful
1433 987 97 17 owners.

1319 1023 45 23 We
1376 1022 51 24 dare
1441 1030 43 24 say
1501 1023 43 23 few
1562 1030 96 25 persons
1674 1022 58 24 have
1750 1022 121 32 attempted

1284 1071 24 19 to
1319 1066 60 23 form
1391 1073 42 24 any
1445 1066 105 23 estimate
1567 1066 24 23 of
1605 1066 40 24 the
1661 1066 56 23 time
1734 1066 104 31 required
1847 1070 23 19 to

1285 1109 142 31 appropriate
1459 1109 79 24 eleven
1571 1108 106 24 hundred
1704 1113 61 19 town
1801 1116 67 16 acres.

1284 1151 118 31 Allowing
1411 1152 45 23 five
1466 1153 101 22 minutes
1581 1151 36 24 for
1637 1152 167 23 consideration
1821 1159 49 25 pre-

1283 1195 67 22 vious
1361 1198 24 20 to
1398 1194 53 23 each
1464 1194 115 29 selection,
1593 1194 47 24 and
1652 1195 38 23 six
1707 1195 71 23 hours
1796 1203 14 15 a
1830 1195 41 31 day

1285 1242 23 19 to
1319 1238 29 22 be
1367 1237 94 24 devoted
1480 1242 23 19 to
1521 1238 46 23 this
1583 1245 108 24 purpose,
1711 1238 89 23 sixteen
1818 1238 52 32 days

1284 1280 48 24 will
1343 1280 73 31 elapse
1426 1280 80 24 before
1517 1280 38 24 the
1567 1280 73 24 whole
1651 1284 61 20 town
1725 1281 20 22 is
1764 1280 90 25 allotted
1861 1290 6 20 ;

1285 1323 45 24 and
1342 1331 25 15 as
1379 1327 41 19 two
1433 1323 109 31 Sundays
1553 1328 62 19 must
1632 1324 125 29 intervene,
1769 1323 39 24 the
1819 1325 51 22 time

1285 1366 120 26 is_further
1414 1366 114 23 extended
1539 1370 22 19 to
1573 1366 106 31 eighteen
1691 1366 63 31 days.

1319 1408 104 25 Another
1428 1408 127 32 advantage
1562 1410 87 31 arising
1653 1409 59 24 from
1718 1410 152 30 commencing

1285 1456 30 20 to.
1321 1452 70 24 select
1403 1459 47 17 now
1463 1453 21 23 is
1495 1452 50 24 that
1556 1460 62 16 more
1630 1453 55 22 time
1697 1453 21 23 is
1725 1452 106 24 obtained
1838 1453 33 23 for

1286 1495 153 29 deliberation,
1459 1495 75 23 which
1548 1496 20 22 is
1584 1494 40 24 the
1637 1502 155 24 consequence
1805 1495 25 23 of
1842 1496 28 23 its

1285 1539 70 30 being
1367 1538 107 31 optional.
1511 1537 66 24 Each
1588 1539 129 31 proprietor
1724 1546 25 15 or
1757 1543 68 27 agent
1832 1546 39 16 can

1285 1588 52 16 now
1350 1580 54 24 take
1414 1580 36 24 his
1461 1581 64 28 time,
1540 1580 88 32 though
1638 1588 33 16 we
1684 1586 92 26 suspect
1788 1582 37 23 the
1837 1590 33 15 re-

1285 1624 70 24 lative
1367 1623 137 31 advantages
1515 1624 27 23 of
1557 1624 37 23 the
1606 1624 88 23 several
1711 1633 63 15 acres
1786 1625 47 23 will
1843 1626 27 23 be

1284 1666 71 24 found
1370 1674 25 16 so
1408 1671 115 28 apparent,
1536 1667 48 23 that
1601 1667 40 23 the
1652 1667 51 23 first
1714 1671 43 19 two
1770 1676 26 15 or
1810 1668 60 24 three

1285 1709 105 25 hundred
1401 1718 61 16 acres
1473 1710 77 24 would
1565 1710 28 24 be
1605 1711 160 31 appropriated
1774 1712 26 22 in
1811 1711 59 24 three

1285 1760 26 16 or
1321 1753 52 23 four
1384 1753 75 24 weeks
1479 1753 57 24 after
1546 1753 110 24 selection
1666 1753 45 24 had
1720 1754 148 24 commenced.

1286 1795 189 24 Thenceforward
1487 1804 63 16 more
1567 1796 54 23 time
1634 1796 74 24 would
1724 1796 28 24 be
1769 1796 102 32 required

1285 1843 23 19 to
1321 1847 63 15 come
1397 1843 20 19 to
1428 1847 14 15 a
1453 1839 108 29 decision,
1570 1839 45 23 and
1626 1840 68 23 could
1699 1840 29 22 be
1740 1840 78 23 taken.
1847 1839 26 25 If

1285 1882 105 24 however
1400 1890 32 16 we
1443 1883 55 23 wait
1509 1882 34 24 till
1555 1882 38 24 the
1603 1882 73 24 whole
1689 1890 82 24 survey
1779 1884 20 22 is
1812 1890 58 16 com-

1285 1925 69 31 plete,
1364 1925 56 23 after
1427 1934 13 14 a
1446 1925 48 24 few
1503 1925 55 31 days
1563 1926 148 29 notification,
1723 1925 37 24 the
1767 1926 105 30 choosing

1285 1968 47 23 will
1349 1968 28 23 be
1390 1968 132 32 obligatory,
1536 1969 45 24 and
1597 1972 63 20 must
1673 1968 54 24 take
1745 1968 64 32 place
1828 1972 20 20 at
1859 1977 13 14 a

1285 2018 56 23 very
1352 2011 64 30 rapid
1425 2015 59 20 rate.

2126 1470 140 23 BIRTHS.

1934 1502 33 24 At
1975 1511 46 20 sea,
2030 1511 29 16 on
2065 1503 72 24 board
2143 1504 26 23 of
2174 1504 37 23 the
2246 1503 88 32 Bengal

1899 1544 31 15 on
1941 1536 59 24 29th
2011 1537 138 28 December,
2160 1538 72 28 1839,
2244 1537 59 23 Mrs.
2313 1534 177 33 JolinM'Beth,

1898 1569 47 24 late
1956 1570 25 23 of
1995 1569 143 31 Torryburn,
2152 1570 26 23 of
2192 1577 14 16 a
2218 1570 118 30 daughter.

1934 1702 33 23 At
1983 1702 57 24 Port
2051 1702 137 30 Nicholson,
2203 1710 30 15 on
2249 1702 57 24 11th
2322 1702 91 30 March,
2429 1703 62 24 Mrs.

1898 1735 63 23 John
1972 1734 89 32 Lodge,
2073 1735 47 24 late
2132 1735 26 24 of
2172 1736 166 31 Birmingham,
2347 1737 26 23 of
2381 1745 15 15 a
2403 1737 89 31 daugh-

1899 1772 44 19 ter.

1933 1602 34 24 At
1979 1602 58 24 Port
2047 1602 137 30 Nicholson,
2204 1611 29 15 on
2246 1603 36 23 the
2301 1603 59 24 29th
2373 1603 119 32 February

1898 1634 54 30 last,
1964 1635 62 24 Mrs.
2043 1635 97 24 Charles
2158 1636 98 31 Rogers,
2268 1631 59 28 late*
2334 1636 26 23 of
2374 1636 118 25 Waltham

1898 1668 92 30 Abbey,
2002 1669 25 22 of
2042 1677 14 15 a
2066 1676 52 17 son.

1935 1801 39 24 On
1984 1801 37 23 the
2034 1801 66 24 22nd
2108 1801 91 30 March,
2212 1802 60 24 Mrs.
2282 1801 132 25 Alexander
2421 1802 70 29 Yule,

1898 1834 47 24 late
1958 1835 25 23 of
1998 1834 115 30 Glasgow,
2127 1835 26 23 of
2167 1843 14 16 a
2192 1843 50 16 son.

1936 2001 39 23 On
1993 2002 38 22 the
2048 2002 59 23 16th
2124 2002 76 31 April,
2221 2002 59 23 Mrs.
2301 2002 105 24 Richard
2423 2002 70 24 Fair-

1899 2034 102 28 brother,
2012 2034 46 23 late
2070 2035 26 22 of
2112 2035 191 29 Hackney-road,
2319 2035 106 28 London,
2439 2036 26 23 of
2479 2041 16 18 a'

1900 2066 121 26 daughter.
2030 2066 5 4 '
2341 2069 9 2 ~
2432 2069 12 4 -

1936 1934 39 24 On
1987 1934 38 24 the
2037 1935 42 23 6th
2091 1935 76 31 April,
2184 1935 60 24 Mrs.
2258 1935 61 23 John
2331 1935 96 30 Newell,
2446 1936 47 24 late

1901 1968 25 23 of
1943 1968 96 29 Belfast,
2051 1968 26 23 of
2092 1977 14 14 a
2117 1968 119 30 daughter.

1936 1868 38 24 On
1987 1868 58 24 29th
2064 1868 92 29 March,
2171 1868 61 24 Mrs.
2251 1869 89 23 Robert
2353 1869 139 30 Beaumont,

1899 1901 47 24 late
1959 1902 25 23 of
1998 1901 141 31 Long-acre,
2152 1902 106 29 London,
2271 1902 25 23 of
2312 1910 12 15 a
2336 1902 121 30 daughter,
2480 1910 9 13 r

845 2428 119 21 LATEST
977 2429 110 20 DATES.

676 2465 94 23 London
990 2465 129 25 December
1131 2469 40 27 31,
1182 2469 74 23 1839.

676 2497 90 31 Sydney
991 2499 58 31 May
1061 2501 40 28 22,
1115 2502 75 22 1840.

676 2530 90 24 Hobart
777 2531 73 24 Town
993 2530 85 26 March
1090 2535 22 24 6,
1128 2536 74 22 1840.
1257 2534 9 21 >'".

673 2597 88 43 New
790 2597 204 43 Zealand
1023 2597 234 43 Gazette.

795 2656 129 28 Saturday,
940 2657 63 23 June
1017 2659 34 25 20,
1068 2659 61 21 1840.

2111 2115 175 28 MARRIED,

1983 2156 33 16 BY
2035 2156 52 16 THE
2106 2156 65 16 REV-
2186 2156 46 16 MR.
2252 2149 161 23 m'fAHXANE.

1936 2182 84 24 March
2032 2184 40 26 22,
2089 2182 49 24 Mr.
2153 2182 96 24 Charles
2261 2182 140 30 Stitchbery,
2414 2182 46 23 late
2472 2181 25 24 of

1901 2215 106 29 London,
2021 2220 23 19 to
2055 2215 64 30 Ann,
2133 2215 112 32 daughter
2256 2215 24 23 of
2295 2215 48 23 Mr.
2357 2215 63 23 John
2432 2215 62 24 Tur-

1901 2256 49 20 ner,
1965 2249 47 23 also
2025 2249 25 23 of
2066 2249 107 24 London.

1936 2282 68 31 April
2023 2285 22 25 5,
2066 2282 49 24 Mr.
2136 2282 104 24 William
2261 2281 131 30 Tannahill,
2407 2282 86 31 joiner,

1901 2315 47 23 late
1967 2315 25 24 of
2013 2315 116 31 Glasgow,
2150 2319 22 20 to
2192 2315 130 29 Elizabeth,
2342 2315 112 31 daughter
2473 2315 25 23 of

1901 2348 104 24 Andrew
2015 2348 102 30 Dugold,
2131 2348 47 24 also
2192 2348 24 23 of
2232 2349 116 29 Glasgow.

1937 2381 68 32 April
2026 2384 38 26 16,
2083 2382 49 23 Mr.
2152 2381 103 24 William
2278 2381 100 29 Fowlds,
2402 2381 45 24 late
2473 2382 25 23 of

1901 2414 69 24 West
1993 2415 96 30 Riding,
2117 2414 138 29 Yorkshire,
2286 2419 22 19 to
2338 2415 65 28 Ann,
2433 2415 65 23 third

1903 2448 112 30 daughter
2027 2449 25 22 of
2067 2449 49 23 Mr.
2129 2448 105 23 William
2246 2447 100 29 Walton,
2365 2448 130 29 Morrfield,

1904 2482 138 22 Yorkshire.

1938 2515 67 31 April
2018 2516 40 28 21,
2071 2515 49 23 Mr.
2131 2514 91 31 George
2230 2515 91 28 Batten,
2333 2513 163 33 wheelwright,

1902 2549 47 23 late
1961 2549 26 23 of
2113 2556 56 15 near
2180 2548 94 28 Bristol,
2285 2552 23 19 to
2317 2548 81 29 Sarah,
2407 2548 91 31 daugh-

1903 2586 36 19 ter
1951 2582 25 23 of
1991 2581 48 24 Mr.
2052 2582 63 24 John
2127 2581 131 29 Oxenham,
2271 2581 25 23 of
2310 2581 134 30 Plymouth.

1938 2615 68 32 April
2018 2617 40 27 26,
2071 2615 49 24 Mr.
2134 2614 61 24 John
2207 2614 122 29 Stratford,
2340 2615 158 31 pipe-maker^

1903 2649 47 22 late
1969 2649 26 22 of
2016 2649 96 28 Bristol,
2133 2652 24 19 to
2181 2648 63 29 Ann,
2264 2647 111 32 daughter
2399 2648 25 23 of
2446 2647 49 24 Mr.

1904 2681 63 24 John
1978 2681 114 28 Hodnett,
2105 2680 158 29 coachmaker,
2273 2681 46 23 late
2331 2681 26 23 of
2371 2681 108 23 London.

1939 2715 69 31 April
2020 2715 39 28 27,
2073 2715 49 23 Mr.
2136 2713 90 24 Robert
2237 2714 93 30 Wyeth,
2348 2714 110 31 formerly
2476 2714 25 23 of

1905 2748 106 28 London,
2025 2751 23 20 to
2060 2748 66 28 Jane,
2146 2747 112 31 daughter
2276 2747 25 23 of
2324 2746 48 25 Mr.
2393 2747 105 24 William

1905 2781 125 28 Runnells,
2041 2781 46 23 late
2100 2781 27 23 of
2143 2781 121 23 Cornwall.

1940 2814 58 31 May
2009 2816 24 26 4,
2045 2814 50 24 Mr.
2109 2814 91 31 George
2212 2814 121 29 Andrews,
2343 2813 47 24 late
2397 2814 26 23 of
2432 2814 67 23 Lon-

1905 2847 54 30 don,
1972 2852 23 19 to
2006 2848 83 28 Jessie,
2109 2847 112 31 daughter
2233 2847 25 24 of
2272 2847 49 24 Mr.
2334 2847 63 24 John
2408 2847 89 30 Evans,

1905 2880 194 29 coach-trimmer,
2113 2880 25 24 of
2153 2880 106 24 London.
2286 2885 6 10 y

1941 2914 59 24 June
2012 2917 27 26 4,.
2049 2914 50 24 Mr.
2110 2914 91 31 George
2214 2913 129 24 Hamilton-
2451 2913 48 24 late

1906 2948 26 23 of
1948 2948 100 31 Sydney,
2060 2948 127 29 merchant,
2200 2951 23 20 to
2353 2946 112 32 daughter
2477 2947 26 23 of

1906 2981 50 24 Mr.
1970 2981 61 24 John
2042 2981 132 30 Oxenham,
2188 2981 25 24 of
2228 2980 134 31 Plymouth,.

2138 3040 132 23 DEATH.

1941 3075 59 31 May
2023 3075 49 28 Bth,
2093 3074 128 31 Margaret,
2246 3073 72 24 eldest
2340 3072 113 32 daughter
2477 3073 25 24 of

1905 3108 106 24 William
2023 3107 94 29 Golder,
2129 3106 47 23 late
2195 3106 25 23 of
2237 3106 108 30 Newton,
2364 3114 56 16 near
2437 3106 63 25 Dal-

1906 3141 73 28 keith,
1994 3139 119 25 Scotland.

1913 3225 63 24 MR.
2007 3225 32 23 E.
2069 3224 23 24 J.
2123 3224 243 25 WAKEFIELD'S
2396 3221 94 28 LATE

2089 3258 231 24 EXPEDITION.

1968 3296 142 28 [Concluded
2119 3297 59 22 from
2187 3297 44 22 No.
2242 3299 13 21 8
2265 3298 26 21 of
2301 3297 44 22 this
2354 3297 88 27 paper.]

1391 2086 3 4 •
1400 2076 151 30 writing-lour'
1555 2075 79 22 article
1652 2080 63 25 Upon
1732 2075 39 22 the
1791 2082 80 23 appro-

1285 2117 99 31 priation
1397 2117 23 23 of
1435 2121 61 20 town
1506 2116 73 30 lands,
1591 2124 35 16 we
1638 2116 58 24 have
1713 2117 106 24 received
1837 2117 35 24 tlie

1285 2160 117 31 following
1412 2160 74 29 letter,
1505 2160 74 24 which
1596 2167 34 16 we
1641 2159 94 32 publish
1745 2159 56 25 with
1812 2160 60 31 plea-

1279 2202 68 30 sure,
1360 2212 25 15 as
1397 2205 18 21 it
1424 2208 85 19 cannot
1518 2203 41 23 fail
1571 2207 22 19 to
1607 2203 30 23 be
1649 2203 119 31 agreeable
1778 2211 62 16 news
1850 2209 22 19 to

1286 2246 39 24 the
1343 2246 141 25 landowners
1503 2247 25 23 of
1547 2247 38 24 the
1602 2246 74 32 place.
1711 2246 46 23 We
1773 2254 39 16 are
1830 2247 43 23 still

1286 2290 124 24 convinced
1420 2290 49 23 that
1480 2290 39 23 the
1531 2294 59 19 most
1607 2289 101 32 prudent
1725 2297 89 21 course,
1832 2290 40 24 and

1287 2333 49 23 that
1346 2333 74 23 which
1430 2334 25 22 in
1466 2332 40 24 the
1518 2333 44 23 end
1580 2332 75 24 would
1671 2340 70 23 prove
1761 2333 38 23 the
1818 2337 55 19 most

1287 2376 149 31 satisfactory,
1448 2376 22 23 is
1482 2381 24 18 to
1518 2376 65 23 allow
1594 2376 111 31 selecting
1714 2381 22 18 to
1747 2384 126 16 commence

1286 2425 25 16 so
1329 2424 57 16 soon
1404 2424 22 16 as
1444 2417 87 30 parties
1550 2416 45 24 will
1607 2424 68 16 name
1694 2416 38 24 the
1751 2417 55 23 land
1823 2417 50 30 they

1286 2468 99 24 purpose
1396 2459 88 31 taking.

1532 2500 58 23 Port
1605 2499 136 30 Nicholson,

1698 2536 39 26 18,
1752 2536 73 22 1840.

1348 2574 54 28 Sic,
1403 2586 32 5 —
1435 2573 14 24 I
1460 2573 60 24 have
1532 2581 54 23 very
1592 2573 132 32 frequently
1732 2574 60 23 been
1799 2574 74 29 asked,

1289 2609 7 11 '
1303 2607 67 24 when
1381 2615 38 16 are
1430 2607 38 23 the
1480 2611 63 19 town
1554 2614 62 16 acres
1629 2612 23 18 to
1673 2607 26 23 be
1718 2607 70 31 given
1806 2612 39 19 out
1851 2609 7 23 ?
1869 2608 4 9 '

1288 2641 82 29 which,
1383 2640 87 31 though
1482 2649 14 14 a
1507 2648 55 22 very
1572 2640 91 23 natural
1675 2641 113 30 question,
1797 2640 14 24 I
1821 2641 54 23 have

1289 2674 72 25 found
1370 2675 20 23 it
1400 2682 52 22 very
1574 2678 23 18 to
1610 2681 88 16 answer
1707 2683 6 19 ;
1732 2673 43 24 but
1793 2673 13 24 I
1822 2673 53 24 have

1289 2716 51 16 now
1351 2706 125 33 proceeded
1487 2715 26 15 so
1523 2706 35 24 far
1569 2706 55 24 with
1635 2715 39 22 my
1686 2708 137 30 operations,
1832 2708 45 23 that

1279 2764 6 4 ,
1290 2742 14 23 I
1315 2742 46 30 beg
1371 2746 24 18 to
1406 2741 83 23 inform
1501 2741 38 23 the
1557 2740 156 24 land-owners
1725 2740 45 24 and
1780 2741 95 28 settlers,

1279 2777 6 27 |
1290 2774 100 32 through
1401 2774 37 23 the
1448 2774 103 23 medium
1565 2773 25 24 of
1603 2781 59 23 your
1678 2774 105 23 valuable
1801 2781 74 24 paper,

1291 2809 50 24 that
1349 2808 77 23 unless
1438 2814 64 16 some
1515 2807 87 23 serious
1612 2807 92 23 natural
1722 2814 68 16 cause
1809 2809 67 22 arises

1290 2842 75 24 which
1376 2841 13 24 I
1402 2844 81 20 cannot
1493 2840 88 23 foresee
1595 2847 24 16 or
1637 2840 95 31 provide
1749 2840 98 31 against,
1863 2840 13 24 I

1292 2875 66 24 think
1370 2875 14 24 I
1395 2882 51 22 may
1457 2873 74 32 safely
1543 2881 38 23 say
1593 2873 51 23 that
1660 2873 13 23 I
1691 2873 59 24 shall
1767 2874 58 23 have
1842 2882 35 23 my

1290 2910 56 31 plan
1358 2909 25 23 of
1397 2908 36 23 the
1445 2911 63 20 town
1521 2907 69 32 ready
1605 2906 36 24 for
1650 2907 85 31 .public
1752 2908 125 31 inspection

1292 2951 28 14 on
1332 2941 110 31 Monday,
1456 2941 61 23 13th
1527 2940 63 31 July.
1626 2940 15 24 I
1660 2941 46 23 will
1723 2941 52 30 give
1793 2940 84 24 further

1291 2976 75 23 notice
1377 2982 26 16 as
1414 2979 21 18 to
1447 2973 40 24 the
1499 2975 56 22 time
1565 2974 46 23 and
1626 2973 65 32 place
1710 2978 24 19 at
1750 2974 76 24 which
1843 2974 34 24 the

1290 3009 56 31 plan
1357 3007 47 24 will
1413 3007 27 24 be
1452 3007 126 24 exhibited.

1282 3056 8 10 t
1292 3050 4 3 -
1292 3058 12 13 4
1420 3040 11 24 I
1442 3040 60 24 have
1514 3040 38 24 the
1564 3041 71 23 honor
1647 3045 24 19 to
1681 3040 37 30 be,
1733 3041 46 29 Sir,

1298 3073 7 26 I
1448 3074 67 24 Your
1525 3078 61 20 most
1597 3074 106 24 obedient
1715 3078 99 26 servant,

1577 3106 37 25 M.
1634 3107 123 29 SMITH,

1554 3141 65 31 Capt.
1639 3139 78 32 Royal
1727 3140 120 32 Artillery,

1317 3208 35 24 To
1365 3207 38 25 the
1414 3207 83 24 Editor
1509 3206 26 24 of
1550 3206 38 24 the

1282 3253 8 12 *
1351 3242 6 10 *
1364 3241 57 24 New
1430 3240 102 25 Zealand
1544 3240 114 24 Gazette.'

1324 3299 229 42 We:^^informed
1569 3310 50 23 that
1637 3309 51 24 Mr.
1697 3309 88 29 Deans,
1805 3317 42 15 one
1858 3308 24 24 of

1290 3355 40 23 .the
1341 3353 130 31 gentlemen
1485 3353 51 23 who
1548 3352 57 24 have
1617 3351 131 25 contracted
1759 3356 23 19 to
1794 3356 38 19 cut
1844 3352 34 23 the

1291 3396 76 29 roads,
1384 3395 44 24 has
1438 3395 133 24 discovered
1588 3393 50 25 that
1655 3393 38 25 the
1706 3394 88 24 several
1811 3395 68 23 rivers

1292 3441 23 22 in
1338 3439 39 23 the
1395 3439 73 31 valley
1487 3438 26 23 of
1529 3437 39 24 the
1587 3437 63 24 Hutt
1671 3437 60 23 have
1747 3445 14 15 a
1779 3445 101 16 common

1292 3490 88 21 source,
1402 3486 24 19 at
1441 3481 71 24 about
1529 3481 54 23 nine
1600 3480 68 25 mileg
1689 3487 32 25 up
1742 3480 38 24 the
1799 3480 78 33 valley.

1294 3526 50 23 The
1355 3525 61 23 river
1423 3524 62 24 there
1492 3525 21 22 is
1522 3523 117 25 described
1649 3531 24 15 as
1681 3523 69 23 about
1757 3524 51 31 fifty
1815 3524 64 31 yards

1292 3567 78 30 broad,
1383 3567 61 32 deep,
1453 3566 47 24 and
1506 3566 55 23 with
1572 3574 14 15 a
1597 3570 91 19 current
1698 3567 102 31 running
1810 3571 23 19 at
1844 3567 35 24 the

1294 3615 47 20 rate
1354 3611 25 22 of
1388 3609 67 24 about
1466 3616 44 16 one
1522 3609 54 23 mile
1588 3616 29 16 an
1627 3608 59 24 hour
1695 3617 6 20 ;
1722 3609 45 24 and
1778 3609 38 24 the
1830 3610 50 24 land

1293 3661 64 25 upon
1367 3654 31 23 its
1411 3653 78 22 shores
1510 3653 20 22 is
1543 3651 73 24 stated
1628 3656 24 19 to
1662 3652 29 23 be
1703 3653 79 32 nearly
1794 3653 59 25 clear
1860 3654 22 24 of

1293 3697 74 30 heavy
1378 3696 88 23 timber.
1504 3695 27 24 If
1539 3695 46 24 this
1596 3695 28 24 be
1633 3695 131 30 confirmed,
1772 3697 19 23 it
1798 3697 46 23 will
1854 3698 25 24 le

1294 3740 38 23 the
1350 3743 61 19 most
1428 3738 104 24 valuable
1553 3738 147 24 information
1718 3738 39 24 the
1776 3739 104 25 colonists

1293 3782 46 24 will
1350 3781 59 24 have
1431 3780 105 25 received
1548 3781 60 23 since
1621 3781 55 30 they
1688 3781 91 25 arrived
1790 3783 24 23 in
1827 3783 53 24 Port

1294 3824 136 24 Nicholson.

708 2725 25 24 It
746 2727 20 23 is
781 2726 26 24 of
823 2727 38 24 the
879 2732 99 26 greatest
995 2729 139 31 importance
1153 2729 50 24 that
1219 2725 42 29 I2e

676 2768 115 24 Colonists
809 2770 85 23 should
909 2770 29 24 be
955 2771 26 24 in
1005 2773 132 29 possession
1156 2774 26 23 of
1203 2765 70 32 their

674 2811 66 24 lands
752 2819 25 16 so
792 2820 56 18 soon
866 2821 26 16 as
909 2814 109 31 possible.
1056 2814 68 25 Until
1143 2815 54 32 they
1215 2824 46 18 are*

675 2854 64 24 there
749 2855 46 23 will
805 2856 30 23 be
845 2856 59 24 little
916 2857 94 30 activity
1021 2858 26 22 in
1058 2857 57 25 Port
1127 2858 134 25 Nicholson.

675 2898 137 24 Possession
823 2899 46 24 will
881 2901 50 30 give
943 2908 50 16 new
1003 2900 49 30 life,
1064 2901 45 24 and
1117 2901 32 24 all
1155 2902 47 23 will
1210 2903 53 24 then

675 2949 28 23 go
716 2943 162 31 energetically
887 2948 23 19 to
927 2943 73 24 work.
1038 2943 85 33 Nearly
1142 2945 44 24 five
1204 2946 59 25 hun-

676 2984 54 23 dred
748 2993 62 16 acres
830 2985 25 24 of
875 2986 38 23 the
936 2990 60 20 town
1018 2995 38 16 are
1077 2989 119 30 surveyed,
1220 2988 44 25 arid

676 3028 66 23 could
762 3028 27 24 be
807 3028 114 25 delivered
939 3030 24 22 in
982 3038 14 15 a
1013 3030 112 32 fortnight
1141 3031 61 25 from
1219 3023 44 33 this

675 3071 78 31 period
762 3080 5 21 ;
787 3071 65 25 while
866 3072 38 24 the
919 3073 99 23 weather
1036 3077 24 20 at
1077 3074 46 25 this
1142 3082 82 17 season
1242 3076 26 25 of

676 3114 37 24 the
725 3122 54 24 year
793 3119 63 20 must
874 3123 67 16 cause
959 3116 39 24 the
1017 3117 54 23 time
1090 3122 23 19 at
1131 3118 75 25 which
1224 3119 39 24 the

676 3165 82 23 survey
770 3158 45 23 will
827 3158 28 23 be
868 3158 126 32 completed
1004 3164 25 19 to
1039 3160 29 23 be
1076 3162 128 24 uncertain.
1240 3162 26 27 11l

676 3200 19 23 is
712 3204 42 19 not
770 3208 123 24 necessary
910 3201 50 24 that
978 3202 39 23 the
1036 3211 82 24 survey
1137 3204 83 25 should
1236 3205 28 24 be

677 3243 133 30 completed,
829 3248 23 19 to
866 3245 111 23 ascertain
988 3244 40 24 the
1038 3245 138 25 boundaries
1188 3247 26 24 of

677 3289 69 20 town.
781 3285 51 25 The
843 3285 56 32 plan
910 3287 25 23 of
950 3287 38 24 the
999 3291 61 20 town
1071 3289 19 23 is
1102 3289 70 31 plain,
1180 3289 36 24 for
1226 3291 37 24 the

678 3327 116 25 character
805 3328 26 24 of
846 3328 41 24 the
902 3329 90 31 ground
1006 3330 76 25 leaves
1099 3339 30 17 no
1146 3340 66 17 room
1230 3334 34 25 fox

678 3370 77 25 choice
764 3380 6 20 ;
789 3372 18 23 it
819 3372 99 32 compels
929 3381 29 16 us
970 3379 23 18 to
1003 3374 70 23 make
1084 3374 38 25 the
1141 3383 83 24 survey
1240 3370 24 30 in

678 3421 12 16 a
702 3414 86 23 certain
800 3414 118 26 direction.
955 3416 24 24 It
990 3425 26 15 so
1032 3417 109 32 happens,
1160 3419 50 23 that
1226 3419 38 25 the

676 3457 93 30 portion
779 3458 113 31 surveyed
908 3459 20 23 is
939 3458 51 24 that
1000 3459 74 24 which
1085 3461 20 22 is
1116 3465 61 19 most
1187 3462 77 24 valua-

678 3499 59 30 able,
751 3499 45 24 and
806 3501 64 23 there
883 3509 41 16 can
934 3501 29 24 be
975 3509 29 16 no
1018 3502 69 24 doubt
1101 3503 49 23 that
1168 3504 31 23 all
1217 3505 47 24 who

679 3552 43 15 can
732 3544 47 23 will
790 3543 53 24 take
855 3543 55 25 land
922 3545 78 22 within
1018 3546 31 22 its
1066 3545 78 25 limits.
1181 3546 83 27 Fortu.-

679 3586 86 31 nately,
776 3586 79 32 nearly
869 3587 30 23 all
909 3586 39 24 the
959 3588 139 31 proprietors
1108 3588 63 30 here,
1180 3597 25 16 as
1217 3590 48 24 well

680 3637 23 16 as
715 3629 65 24 those
791 3630 51 23 who
854 3637 39 16 are
904 3630 127 29 absentees,
1039 3630 57 25 have
1106 3639 61 16 some
1177 3632 87 25 choices

680 3672 74 24 which
764 3672 46 24 will
822 3673 80 23 enable
913 3672 63 24 them
987 3677 25 19 to.
1023 3673 76 24 obtain
1116 3673 55 25 land
1188 3676 76 24 within

680 3714 37 24 the
729 3719 60 19 most
800 3715 111 24 desirable
924 3717 92 30 portion
1026 3717 26 23 of
1066 3716 38 24 the
1116 3721 68 20 town.
1220 3719 45 23 But

680 3757 38 23 the
729 3758 137 31 proprietors
878 3757 52 24 here
942 3758 51 23 who
1003 3757 59 24 haye
1073 3763 40 18 not
1127 3759 57 24 been
1196 3767 25 16 so
1231 3761 33 24 far

681 3799 91 26 favored
781 3799 31 33 by
830 3799 90 24 fortune
938 3807 25 18 as
975 3805 23 19 to
1008 3800 30 24 be
1049 3800 78 32 placed
1139 3802 80 24 within
1229 3804 36 23 the

682 3841 108 24 desirable
802 3849 78 24 range,
892 3843 21 23 if
926 3843 55 32 they
995 3851 98 25 purpose
1112 3847 114 32 engaging
1242 3847 23 24 in

682 3888 59 19 town
753 3886 152 30 occupations,
923 3886 46 23 will
980 3886 48 24 find
1040 3887 18 23 it
1069 3886 58 25 their
1138 3888 94 25 interest
1243 3894 22 19 to

682 3931 50 20 tent
745 3935 24 17 or
780 3928 112 31 purchase
904 3936 63 17 some
986 3929 26 23 of
1032 3930 45 24 this
1094 3931 54 24 land
1157 3940 5 19 ;
1191 3932 74 25 other.

1954 3367 39 25 On
2004 3367 38 24 the
2054 3369 99 30 evening
2163 3368 26 24 of
2199 3368 38 24 the
2251 3368 57 24 10th
2319 3367 26 24 of
2353 3367 77 32 April,
2440 3367 63 25 after'

1906 3407 84 32 taking
2001 3416 13 15 a
2025 3408 67 31 hasty
2104 3408 62 24 meal
2175 3412 24 20 at
2209 3408 39 24 the
2259 3407 53 32 pah,
2326 3407 22 23 E
2361 3407 76 23 Kweu
2454 3407 47 24 and

1907 3449 14 23 I
1932 3454 62 18 went
2005 3448 67 25 down
2083 3454 24 19 to
2126 3449 116 31 Waipuna
2260 3450 24 22 in
2301 3448 101 24 Turoa's
2421 3456 79 21 canoe,

1907 3489 47 24 and
1976 3490 59 23 from
2058 3490 82 23 thence
2158 3489 91 24 walked
2266 3492 22 20 to
2307 3488 38 24 the
2367 3488 134 31 Wangaihu

1906 3531 62 22 river
1984 3531 68 31 along
2068 3530 40 23 the
2126 3529 80 25 beach.
2254 3529 111 30 Crossing
2382 3528 40 24 the
2440 3529 62 23 river

1907 3570 71 23 about
1987 3570 52 23 half
2047 3578 14 15 a
2072 3570 55 23 mile
2138 3569 61 24 from
2209 3569 30 23 its
2246 3568 80 24 mouth
2337 3576 30 15 on
2378 3576 14 16 a
2403 3569 97 23 native's

1907 3611 128 28 shoulders,
2047 3618 34 16 we
2092 3609 99 24 reached
2202 3608 38 24 the
2251 3613 129 26 temporary
2392 3616 108 23 encamp-

1906 3655 73 25 ment,
1990 3651 76 23 where
2078 3650 39 23 the
2129 3656 82 16 canoes
2226 3656 60 16 were
2302 3648 84 24 hauled
2402 3656 38 24 up,
2461 3648 40 25 the

1906 3693 54 30 pigs
1971 3690 104 25 fastened
2085 3694 24 19 to
2122 3689 85 28 stakes,
2220 3689 46 23 and
2276 3688 38 24 the
2330 3689 57 23 fires,
2400 3689 101 31 burning

1908 3737 24 18 at
1943 3731 56 24 each
2007 3731 79 22 chiefs
2099 3729 138 24 settlement.
2273 3727 33 25 At
2319 3728 22 24 E
2352 3728 97 30 Kuru's,
2461 3728 39 24 the

1908 3771 44 24 sail
1963 3775 49 20 tent
2023 3778 45 16 was
2081 3770 68 30 again
2165 3768 112 32 prepared
2293 3769 37 23 for
2347 3776 46 22 me,
2413 3769 45 24 and
2477 3773 23 20 at

1908 3811 104 31 daylight
2023 3818 29 16 on
2063 3810 40 23 the
2118 3809 65 30 11th,
2208 3809 13 24 I
2239 3814 41 26 got
2289 3809 50 24 into
2358 3817 43 16 one
2420 3809 26 23 of
2460 3809 40 24 the

1908 3860 91 20 canoes,
2012 3851 45 24 and
2066 3858 35 15 we
2119 3849 31 24 all
2167 3850 42 23 left
2231 3849 39 24 the
2291 3851 68 22 river.
2408 3849 24 24 It
2451 3857 50 16 was

1907 3892 79 31 nearly
1999 3892 76 28 calm;
2087 3899 26 16 so
2127 3891 89 23 tliatwe
2228 3890 52 26 had!
2283 3898 30 16 no
2326 3890 52 24 surf
2391 3895 23 19 to
2426 3898 73 16 cross.

1908 3933 53 24 Our
1983 3933 53 23 fleet
2059 3931 116 24 consisted
2193 3931 25 24 of
2235 3933 31 23 33
2285 3939 91 21 canoes>
2394 3938 69 23 many
2479 3931 24 22 of

1328 3889 51 24 The
1391 3889 87 24 British
1489 3889 157 24 Government
1657 3889 66 29 have,
1732 3889 24 23 in
1768 3889 38 23 the
1818 3890 61 30 spirit

1294 3932 26 23 of
1335 3932 48 24 Mr.
1395 3932 90 24 "Ward's
1506 3932 144 28 resolutions,
1668 3932 89 24 created
1764 3938 25 17 'a
1807 3932 72 24 Board

755 46 127 31 THE
925 45 140 31 NEW
1108 43 316 33 ZEALAND
1470 44 323 31 GAZETTE.

737 1000 164 22 SHIPPING
922 1000 269 22 INTELLIGENCE.

890 1048 150 20 ARRIVED.

705 1075 60 22 June
785 1076 38 28 13,
842 1075 52 32 brig
1087 1078 59 24 from
1165 1079 92 32 Sydney

675 1107 43 23 and
729 1107 50 32 Bay
791 1108 26 23 of
831 1107 92 25 Islands
932 1118 6 19 ;
958 1110 112 25 sundries.

704 1140 59 32 Brig
804 1141 65 31 Lady
993 1144 94 31 Sydney
1103 1145 45 23 and
1166 1146 51 31 Bay
1235 1147 22 23 of

675 1173 88 25 Islands
775 1183 6 20 ;
802 1175 110 24 sundries.

707 1209 39 26 15,
767 1207 128 31 brigantine
1098 1213 41 27 90,
1160 1212 96 30 Barker,

675 1239 124 32 Hokianga
810 1241 46 24 and
867 1242 84 29 Mana;
969 1248 102 26 potatoes
1083 1244 45 23 and
1137 1245 81 31 plank.

908 1294 118 17 SAILED.

706 1320 58 21 June
789 1320 39 28 17,
848 1320 108 24 schooner
1150 1325 33 22 30
1198 1327 58 26 tons,

675 1350 134 32 M'Gregor,
827 1353 35 22 for
880 1353 145 30 Wanganui:
1055 1363 132 20 passenger,
1209 1357 47 23 Mr.

675 1383 28 24 E.
718 1384 21 23 J.
753 1384 136 26 Wakefield.

708 1419 39 26 19,
763 1417 111 25 schooner
1044 1421 41 29 G7,
1104 1420 86 31 Munn,
1208 1423 48 31 Bay

675 1450 22 23 of
731 1450 91 24 Islands
836 1460 7 20 ;
876 1460 144 24 passengers,
1051 1454 48 24 Mr.
1129 1455 127 33 Partridge,

675 1483 75 31 Major
760 1484 81 29 Durie,
850 1486 45 23 and
906 1486 48 23 Mr.
964 1487 88 24 Cohen.

706 1516 91 32 Barque
989 1520 110 30 Pearson,
1114 1521 102 32 Sydney.

706 1549 57 32 Brig
998 1554 41 28 97,
1063 1554 90 30 Fisher,
1175 1560 23 19 to
1221 1556 35 24 the

675 1582 80 25 South.

899 1638 32 16 IN
949 1638 84 16 PORT.

705 1663 90 30 Barque
964 1664 128 30 Kobinson,
1110 1666 36 24 for
1167 1666 52 32 Bay
1236 1667 23 24 of

673 1694 98 25 Islands.

706 1727 116 25 Schooner
880 1730 63 31 Sally
1071 1732 127 31 Cummins,
1223 1734 36 24 for

673 1760 98 33 Poverty
782 1761 59 32 Bay.

704 1793 59 33 Brig
899 1796 145 31 M'Farlane,
1063 1798 35 24 for
1115 1798 38 25 the
1172 1800 50 31 Bay
1236 1800 23 24 of

673 1826 98 25 Islands.

706 1860 82 24 Cutter

704 1894 58 31 Brig
934 1897 35 23 for
983 1897 102 31 Sydney.

704 1927 57 31 Ship
913 1930 121 30 Coombes,
1048 1932 101 30 Sydney.

703 1960 58 31 Brig

703 1993 47 24 Do.

702 2026 135 32 Brigantine
1025 2031 98 24 Barker.

837 2072 386 38 THERMOMETER.

727 2125 67 20 Week
809 2125 85 25 ending
906 2125 89 25 Friday,
1016 2125 60 23 June
1094 2128 33 22 19,
1142 2128 58 21 1840.

1899 127 27 23 of
1943 128 198 28 Commissioners,
2149 128 77 24 whose
2237 129 56 31 duty
2299 130 20 22 is
2329 129 160 32 superintend-

1899 170 42 31 ing
1946 170 37 23 the
1989 173 162 28 management
2158 170 25 23 of
2190 170 31 23 all
2226 170 65 24 lands
2297 172 25 22 in
2327 171 40 24 the
2373 171 116 24 Colonies.

1899 211 53 25 The
1981 212 192 24 Commissioners
2200 220 37 16 are
2262 213 95 24 Colonel
2381 213 110 30 Torrens,

1900 253 64 25 chief
1978 255 172 23 commissioner
2162 254 25 24 of
2202 255 74 23 South
2294 255 127 30 Australia,
2440 255 49 25 Mr.

1901 297 29 24 F.
1950 297 90 29 Elliott,
2066 298 136 30 emigration
2227 302 76 26 agent,
2329 297 45 24 and
2392 298 49 24 Mr.
2460 298 29 24 F.

1899 340 105 24 Villiers.
2039 339 58 24 Two
2108 340 26 23 of
2148 340 65 23 these
2224 340 130 31 gentlemen
2364 340 59 24 have
2436 341 55 32 long

1899 383 59 23 been
1969 382 125 24 connected
2104 382 56 23 with
2178 382 38 24 the
2235 382 115 30 Colonies,
2371 383 45 24 and
2433 384 58 24 have

1899 425 70 23 much
1979 425 148 23 information
2144 433 30 15 on
2191 425 39 24 the
2248 425 89 32 subject
2345 435 6 20 ;
2377 434 34 16 we
2428 434 62 24 may,

1899 467 121 30 therefore,
2032 468 122 31 anticipate
2167 468 25 23 in
2202 467 75 24 future
2295 469 130 31 something
2443 469 47 24 like

1899 511 112 32 principle
2023 511 45 23 and
2079 511 133 30 uniformity
2231 512 24 22 in
2272 511 39 24 the
2329 516 162 27 management

1901 554 26 23 of
1948 554 60 23 what
2025 561 54 23 may
2095 554 31 23 be
2144 553 65 24 made
2228 554 37 23 the
2283 558 62 20 most
2366 555 125 32 important

1900 605 79 15 source
1992 597 26 23 of
2031 597 90 23 British
2132 598 136 29 prosperity.

777 2169 59 17 Morn.

887 2170 56 16 Even.

987 2170 61 18 Wind.
1064 2174 2 22 |

1117 2172 91 17 Weather.

675 2209 27 17 Sat

675 2230 39 17 3un.
735 2242 18 6 ...

675 2251 46 16 Mon.
735 2263 18 6 ...

675 2271 50 17 rues.
735 2284 18 5 ...

675 2292 46 17 Wed.
735 2304 18 5 ...

675 2313 78 17 riiurs...

675 2334 26 17 Pri

797 2211 30 16 47.

797 2232 21 16 56

798 2252 21 17 42

798 2273 20 16 41

798 2294 21 15 52

798 2315 22 15 42

798 2336 22 15 42

904 2212 19 16 56

904 2233 22 16 54

905 2254 20 15 53

904 2275 21 15 53

949 2302 12 11 v

905 2316 20 16 55
960 2322 5 3 •

905 2337 20 15 52

999 2212 52 17 N.W.

1000 2233 41 17 S.E.

1000 2254 41 16 S.E.

1000 2275 41 16 S.E.

999 2296 57 16 N.W-.
1058 2306 4 9 S

1000 2316 64 18 N.W.*

1000 2337 52 16 N.W.

1078 2213 54 21 Light
1152 2214 37 16 and
1197 2214 41 17 fine.

1078 2234 64 20 Strong
1165 2235 16 16 &
1195 2236 40 15 wet.

1078 2254 54 21 Light
1167 2256 15 15 &
1196 2255 40 17 fine.

1079 2275 65 21 Strong
1165 2276 16 16 &
1195 2276 35 21 dry.

1080 2295 54 21 Light
1163 2297 16 16 &
1193 2295 49 19 frost.

1069 2327 5 12 v
1080 2316 54 21 Light
1163 2318 16 16 Si
1192 2318 43 16 frost

1080 2337 54 21 Light
1165 2339 15 16 &
1193 2338 49 18 frost.

692 2376 65 17 Mean.

909 2379 49 16 54.14

236 133 115 21 LOCAL
364 132 107 21 BANK.

66 166 90 49 THE
175 165 213 24 PROVISIONAL
407 164 183 24 COMMITTEE
606 171 39 14 an-

139 199 87 15 nounce
241 192 50 22 that
305 192 44 22 this
365 192 65 22 Bank
444 192 44 21 will
503 190 27 22 be
544 190 70 27 ready
622 193 23 18 to

62 227 29 20 go
99 218 48 23 into
156 218 115 28 operation
281 226 23 15 as
318 225 53 16 soon
385 218 55 22 after
454 218 38 23 the
509 217 99 26 delivery
624 216 24 22 of

61 246 38 21 the
108 245 69 23 Town
187 244 75 23 Lands
271 253 24 14 as
304 244 103 28 possible.

89 271 60 24 June
159 273 32 25 19,
207 272 60 21 1840.
277 286 4 4 •

197 324 126 22 PUBLIC
341 324 168 21 WORSHIP.

62 357 146 51 NOTICE
218 357 27 23 IS
256 357 126 21 HEREBY
393 356 106 27 GIVEN,
509 356 49 21 that
564 354 81 23 Divine

146 384 93 26 Service,
267 384 119 25 according
409 386 23 18 to
453 382 37 22 the
515 381 87 22 Church
624 380 26 23 of

62 410 112 27 England,
185 410 43 22 will
238 417 129 14 commence
377 412 23 18 at
409 408 105 28 half-past
524 411 45 24 ten,
586 415 59 19 a.m.,

63 445 29 15 on
103 436 90 26 Sunday
202 439 61 23 next,
274 436 44 21 and
327 436 44 22 will
381 436 104 21 continue
495 442 24 15 so
533 434 25 22 in
574 434 72 21 future

63 462 60 24 until
130 462 85 22 further
224 462 82 22 notice.

92 490 21 21 It
120 490 18 21 is
142 488 73 28 hoped
219 488 48 22 that
273 489 36 21 the
315 488 79 29 people
398 487 44 23 will
449 487 66 22 make
527 487 19 21 it
558 494 14 15 a
584 486 63 28 point

62 516 27 22 of
95 515 129 22 conscience
233 515 26 21 of
265 515 116 26 attending
388 514 82 22 Divine
478 514 87 21 Service
575 520 28 15 on
609 513 37 21 the

62 542 98 27 Sunday,
168 542 44 21 and
219 545 40 18 not
268 542 99 26 disgrace
373 540 143 27 Christianity
524 540 76 21 before
608 539 37 21 the

62 575 53 21 eyes
123 569 25 20 of
153 568 38 22 the
200 568 113 26 Heathen,
327 568 30 27 by
368 575 13 14 a
388 566 69 23 wilful
466 566 141 28 profanation
624 564 26 23 of

61 596 38 22 the
110 594 104 22 Sabbath.

285 648 139 21 NOTICE.

63 681 139 51 FOUND,
218 688 29 15 on
261 681 38 22 the
314 681 82 26 Beacb,
414 680 132 22 convenient
561 682 23 19 to
600 679 45 21 Mr.

132 708 105 22 Hunter's
247 708 70 26 Store,
329 715 29 14 on
368 707 38 21 the
422 707 64 27 night
501 707 24 21 of
541 706 38 22 the
594 705 52 22 26th

62 736 26 21 of
100 735 55 26 May
164 734 48 27 last,
227 742 29 14 an
271 734 93 27 English
379 734 66 22 made
462 733 82 22 clothes
560 732 83 26 basket,

62 761 73 23 which
146 768 40 14 can
195 761 27 21 be
231 760 46 22 had
286 768 29 14 on
325 760 132 28 application
473 763 22 18 to
511 759 37 21 the
564 758 82 22 under-

62 787 85 28 signed,
158 787 30 26 by
196 787 77 26 giving
282 787 37 21 the
326 787 132 26 description
466 785 92 27 thereof,
565 792 24 14 as
596 785 48 21 well

62 822 24 14 as
92 821 44 20 any
143 813 73 22 marks
222 814 30 26 by
257 813 72 22 which
335 813 37 21 the
377 820 61 14 same
443 820 42 14 can
491 813 26 21 be
523 812 120 22 identified.

254 847 101 24 JAMES
370 846 105 27 SMITH,
492 845 125 23 Constable.

62 872 170 28 Station-house,
243 874 122 26 Britannia,

125 899 59 22 June
194 901 31 26 17,
234 901 61 21 1840.

281 954 140 21 NOTICE.

61 986 200 50 WHEREAS,
269 993 70 22 many
345 994 91 21 persons
443 994 37 14 are
488 994 49 14 now
546 985 100 27 engaged

156 1014 24 21 in
191 1013 85 27 cutting
285 1013 65 22 down
360 1016 57 18 trees
428 1020 27 14 on
468 1013 37 21 the
518 1013 56 21 New
590 1012 55 22 Zea-

60 1039 55 23 land
121 1039 63 24 Land
191 1040 133 27 Company's
333 1039 59 27 land,
403 1039 24 22 in
438 1039 43 22 this
492 1039 90 26 district,
593 1038 52 22 with

61 1074 13 15 a
83 1067 56 21 view
148 1070 22 18 to
180 1073 88 15 remove
278 1074 25 14 or
312 1072 39 15 use
361 1066 61 22 them
429 1069 23 18 at
457 1073 14 14 a
476 1067 73 21 future
556 1065 77 28 period
638 1072 5 14 :

60 1093 80 22 Notice
149 1093 19 21 is
177 1092 82 27 hereby
266 1093 73 26 given,
349 1092 48 23 that
403 1099 30 15 no
440 1095 58 21 trees
506 1100 23 14 so
535 1096 39 18 cut
581 1092 63 22 down

61 1128 41 14 can
113 1119 26 21 be
150 1119 92 21 claimed
252 1120 57 20 after
318 1119 38 21 the
366 1119 117 23 allotment
496 1119 26 21 of
534 1119 36 22 the
584 1118 58 27 land,

61 1154 24 14 or
94 1146 105 22 removed
208 1145 93 22 without
310 1146 38 21 the
358 1149 92 19 consent
459 1146 28 21 of
496 1146 37 21 the
542 1146 102 21 choosers

61 1173 26 21 of
106 1172 36 22 the
161 1172 122 27 respective
299 1172 102 27 sections,
421 1180 61 20 up*m
501 1172 71 22 which
591 1172 54 22 such

60 1199 80 23 timber
149 1206 52 20 may
210 1199 26 21 be
250 1199 70 27 lying.

90 1233 35 27 By
135 1232 64 22 order
208 1233 25 21 of
244 1233 39 22 the
294 1233 134 28 Company's
440 1233 111 27 Principal
561 1233 82 27 Agent,

358 1266 83 22 JOHN
457 1266 105 27 LEWIS,

257 1300 68 22 Chief
335 1300 66 22 Clerk
408 1300 26 22 of
445 1300 37 21 the
492 1300 65 22 Land
568 1299 75 22 Office.

87 1327 59 22 June
156 1328 19 25 3,
187 1328 60 21 1840.

215 1382 164 20 WILLIAM
394 1382 96 21 LYON

60 1413 107 50 BEGS
177 1417 22 19 to
209 1421 124 20 announce,
353 1415 47 21 that
414 1415 24 21 in
452 1415 99 21 addition
568 1419 23 17 to
607 1415 37 22 the

140 1441 69 26 goods
225 1441 105 27 formerly
346 1441 131 27 advertised,
495 1442 28 21 he
540 1441 40 22 has
598 1443 47 26 just

60 1467 101 22 received
171 1475 13 13 a
194 1475 48 14 case
253 1468 26 21 of
290 1469 132 26 Stationery,
434 1468 129 27 containing
573 1476 14 14 a
596 1469 49 22 well

60 1494 99 22 assorted
168 1494 116 22 collection
297 1495 26 21 of

86 1528 105 22 Account
199 1527 75 27 books,
285 1528 43 26 day
337 1528 77 26 books,
426 1528 44 21 and
480 1528 110 28 journals.

86 1553 104 27 Ledgers,
202 1554 51 21 cash
263 1554 46 22 and
318 1555 65 21 letter
393 1554 76 23 books.

87 1580 83 22 Pocket
184 1580 92 28 ledgers,
294 1581 80 22 Russia
389 1582 46 21 and
449 1589 101 15 morroco
564 1582 81 28 pocket

59 1607 76 22 books.

87 1633 69 22 Small
165 1637 94 19 account
268 1634 45 23 and
321 1634 171 23 memorandum
502 1635 77 22 books.

85 1661 101 26 Blotting
196 1668 66 19 cases,
273 1661 121 29 portfolios,
405 1661 45 22 and
458 1662 54 21 field
521 1662 77 22 books.

85 1687 72 26 Large
176 1687 44 22 and
237 1688 64 23 small
324 1692 50 24 post
390 1688 88 27 writing
496 1695 76 21 paper,
591 1692 52 19 note

58 1720 75 21 paper.

85 1739 57 23 Laid
150 1741 104 27 foolscap,
264 1741 65 22 ruled
335 1749 74 20 paper,
421 1742 34 21 for
464 1746 114 19 accounts.

84 1767 80 26 Mogul
174 1768 45 22 and
227 1767 141 27 Highlander
376 1768 92 28 playing
478 1768 69 23 cards.

85 1794 77 27 Slates,
173 1794 91 27 pencils,
274 1794 86 28 sealing
366 1802 56 20 wax,
429 1795 54 22 steel
491 1803 62 20 pens,
561 1803 13 14 a
581 1800 63 22 great

58 1821 84 26 variety
153 1820 27 21 of
188 1828 43 20 pen
241 1821 86 27 knives,
343 1822 65 22 black
424 1822 46 23 and
485 1822 40 22 red
539 1822 47 28 ink,
603 1823 40 22 ink

57 1847 106 28 powders,
173 1854 46 20 gun
229 1848 110 27 wadding,
351 1849 39 21 &c.
402 1849 40 22 &c.

318 1883 63 19 ALSO,

84 1901 22 21 A
116 1901 90 25 general
215 1904 134 19 assortment
358 1902 25 21 of
393 1901 95 29 hosiery,
508 1906 74 19 cotton
599 1903 44 22 and

57 1927 94 22 woollen
168 1927 69 28 socks,
259 1928 120 28 stockings,
399 1929 79 22 lamb's
499 1930 56 21 wool
569 1930 72 27 shirts,

58 1954 117 28 Guernsey
202 1954 80 28 frocks,
311 1955 101 27 flannels,
438 1960 75 17 cotton
538 1956 103 28 drawers,

57 1981 40 22 &c.
107 1981 40 21 &c.
156 1989 6 18 ;
188 1981 113 27 corderoy,
320 1982 117 28 moleskin,
459 1983 46 22 and
522 1983 120 22 beverteen

52 2007 94 32 jackets,
165 2010 64 24 vests,
247 2008 46 22 and
308 2012 97 19 trousers
414 2017 6 19 ;
445 2010 56 26 pilot
516 2014 67 23 coats,
602 2018 41 20 pea

53 2035 100 26 jackets;
175 2035 129 27 gambroon,
321 2035 152 27 Wharncliffe,
492 2036 44 22 and
552 2036 91 28 kersey-

56 2068 60 15 mere
142 2064 101 23 trousers,
271 2062 39 21 &c.
336 2062 41 22 &c.
388 2070 5 18 ;
418 2062 52 21 with
491 2063 152 21 considerable

56 2087 111 21 additions
176 2090 23 18 to
208 2087 33 21 his
250 2088 92 25 general
360 2087 62 22 stock
439 2088 25 21 of
476 2088 166 28 ironmongery,

57 2113 91 27 cutlery,
161 2113 44 21 and
211 2113 155 28 Birmingham
375 2114 75 27 bright
457 2114 76 27 goods.

82 2147 56 22 East
147 2146 44 21 end
200 2146 25 22 of
235 2146 38 22 the
283 2147 134 28 Company's
428 2148 146 27 warehouses,

164 2173 58 22 June
231 2175 20 25 4,
262 2175 62 20 1840.

57 2226 90 32 rpHE
162 2226 225 24 UNDERSIGNED
398 2228 54 22 offer
459 2229 35 21 for
501 2228 57 28 Sale,
568 2236 30 14 on
606 2229 37 21 the

65 2249 29 27 X
132 2254 43 21 Lot
184 2254 68 22 above
264 2254 47 22 Col.
323 2254 152 29 Wakefield's,

83 2289 41 20 300
135 2287 70 22 dozen
213 2287 128 27 Hodgson's
349 2288 50 28 pale
410 2289 42 27 ale,

84 2316 29 20 50
121 2314 51 22 best
179 2313 138 28 Westphalia
325 2315 73 26 hams,

84 2343 43 20 200
135 2342 61 21 2-cut
205 2341 78 27 yellow
294 2341 69 28 deals,

85 2369 100 25 Battens,

85 2396 28 20 30
123 2394 70 22 dozen
203 2394 57 28 good
269 2395 85 28 sherry,

84 2423 15 20 4
107 2420 64 23 hhds.
182 2422 98 27 superior
290 2423 98 27 Brandy,

85 2450 28 20 30
123 2448 62 21 casks
194 2449 63 26 nails,
269 2450 106 21 assorted.

257 2485 27 22 T.
301 2485 33 22 M.
349 2486 183 23 PARTRIDGE
542 2487 47 23 and
598 2487 45 22 CO.

247 2519 54 22 Bills
311 2527 30 15 on
351 2520 99 28 Sydney.

86 2554 55 21 Port
149 2552 129 28 Nicholson,
288 2553 38 22 Bth
337 2554 71 28 April,
421 2556 60 20 1840.

261 2608 69 23 FOR
344 2609 96 26 SALE,

79 2642 16 20 A
121 2640 144 22 COUNTRY
281 2641 138 28 SECTION,
437 2642 72 22 under
527 2642 52 28 700;
603 2643 44 22 and

61 2669 61 23 _TL.
141 2667 45 22 also
202 2675 13 13 a
231 2667 92 22 TOWN
337 2668 66 22 AND
419 2669 147 22 COUNTRY
581 2670 63 23 SEC-

62 2693 84 27 TION,
162 2694 68 21 about
243 2696 47 20 960.
320 2695 75 28 Apply
415 2699 23 19 at
456 2696 38 23 the
532 2696 94 25 Gazette

64 2721 77 22 Office.

299 2776 106 23 LAND.

62 2808 182 49 WANTED,
261 2809 100 23 Sections
375 2811 53 22 with
439 2812 70 22 Town
520 2812 78 26 Acres,
609 2812 38 22 be-

157 2839 71 18 tween
251 2836 55 22 Nos.
329 2839 42 20 200
394 2838 46 23 and
461 2840 48 21 300.
549 2839 99 24 Address

62 2862 30 22 X.
102 2862 29 22 Y.
142 2861 33 28 Z.,
186 2866 24 17 at
218 2863 36 21 the
421 2865 79 23 Office.

88 2896 66 28 April
162 2897 20 24 9,
194 2898 60 22 1840.

302 2953 105 21 LAND.

62 2984 175 49 WANTED
247 2986 147 35 to/purchase,
403 2988 141 23 SEVERAL
554 2990 93 22 TOWN

159 3012 103 23 ACRES.
292 3013 68 27 Early
374 3014 87 23 choices
475 3017 73 21 would
558 3018 29 21 be
598 3025 50 20 pre-

62 3038 80 23 ferred.
171 3038 74 28 Apply
255 3042 22 19 to
284 3040 44 22 Mr.
339 3041 90 28 Dudley
438 3042 99 23 Sinclair.

76 3092 228 23 DISSOLUTION
318 3094 43 21 OF
376 3094 257 24 PARTNERSHIP.

65 3124 145 50 NOTICE
224 3125 28 22 IS
269 3126 127 23 HEREBY
416 3128 106 29 GIVEN,
542 3130 50 22 that
611 3131 37 22 the

146 3151 140 30 Partnership
299 3154 100 23 between
414 3155 38 22 the
466 3157 151 27 undersigned
629 3158 19 22 is

65 3178 116 26 dissolved,
192 3183 79 23 except
280 3188 24 14 so
319 3181 34 21 far
368 3188 24 15 as
406 3183 81 21 relates
502 3187 23 17 to
539 3184 110 27 Consign-

65 3207 73 19 ments
148 3204 44 21 and
201 3205 110 27 Agencies
320 3214 50 15 now
380 3209 101 23 received
492 3216 25 16 or
532 3210 49 22 that
595 3218 53 20 may

64 3231 28 21 be
102 3230 119 22 addressed
230 3235 22 17 to
261 3232 39 22 the
309 3233 50 23 firm
369 3235 59 26 prior
440 3238 22 19 to
477 3237 75 22 notice
567 3237 27 21 of
605 3237 43 22 this

66 3257 137 23 dissolution.

280 3285 27 22 E.
321 3285 148 30 DANIELL,
478 3285 6 6 '
492 3300 4 6 *

278 3312 122 24 DANIEL
415 3315 186 24 RIDDIFQRD.

91 3344 55 21 Port
154 3343 129 28 Nioholson,
295 3345 56 27 May
361 3348 32 26 12,
404 3350 60 20 1840.

288 3397 33 23 H.
335 3399 92 27 READ,

147 3431 145 23 TINMAN
311 3433 75 20 AND
401 3434 166 28 BRAZIER,

67 3464 107 50 BEGS
183 3465 142 27 respectfully
335 3469 23 18 to
367 3466 81 23 inform
457 3468 37 22 the
501 3470 74 25 public
583 3478 67 20 gene-

143 3490 63 27 rally,
217 3490 47 22 that
273 3491 29 22 he
313 3496 39 17 has
362 3496 147 21 commenceoV
514 3496 101 23 business
626 3506 23 14 as

67 3518 79 25 above,
156 3520 24 18 at
189 3515 37 23 the
236 3521 47 18 east
299 3519 45 21 end
359 3519 25 22 of
399 3520 39 22 the
454 3521 114 30 Company
584 3531 68 15 ware-

67 3543 87 27 houses,
175 3550 28 15 on
222 3544 37 22 the
281 3545 83 27 Beacb,
388 3546 45 22 and
455 3547 68 29 hopes
540 3550 29 27 by
590 3552 62 21 strict

69 3570 148 28 punctuality,
226 3574 22 18 to
258 3571 66 22 merit
334 3572 57 21 their
400 3576 127 26 patronage.

95 3606 32 22 H.
137 3605 64 22 Read
209 3605 39 22 has
258 3606 46 22 also
314 3614 30 14 on
353 3607 53 28 sale,
418 3610 98 23 superior
530 3611 61 28 large
607 3613 44 23 size

69 3632 116 22 Britannia
194 3632 67 22 metal
272 3633 79 27 dishes,
363 3633 78 29 plates,
452 3637 82 27 basins*
548 3641 36 19 tea
600 3647 52 19 cups

70 3659 44 21 and
130 3665 95 21 saucers,
243 3664 71 22 quart,
330 3661 56 30 pint,
403 3662 45 23 and
463 3662 51 23 half
529 3665 48 26 pint
595 3670 55 23 pots,

67 3686 59 27 jugs,
145 3685 39 21 &c.
192 3693 6 19 ;
221 3686 52 27 also,
297 3687 85 24 British
402 3688 60 28 plate
477 3696 87 22 spoons,
584 3692 67 23 forks,

71 3719 66 20 sugar
146 3715 71 24 tongs,
228 3712 41 25 &c

69 3764 150 51 TAND
236 3766 23 21 C.
277 3766 178 29 LOCKHART,
474 3769 119 24 Seedsmen
610 3773 44 21 and

119 3802 11 11 •
168 3791 117 29 Florjsts,
297 3794 40 20 156
351 3794 129 28 Cbeapside,
495 3796 102 29 London,
612 3799 43 26 beg

65 3822 62 20 ■most
144 3818 142 31 respectfully
301 3823 23 18 to
339 3821 44 21 call
400 3823 38 19 the
452 3823 109 22 attention
579 3825 26 21 of
617 3825 37 22 the

69 3845 115 27 Company
189 3845 44 22 and
240 3845 127 28 Emigrants
374 3851 21 18 to
401 3847 56 23 New
462 3849 100 23 Zealand
567 3853 23 19 to
598 3851 57 23 their

70 3871 62 22 stock
147 3872 22 21 ot
185 3872 159 28 Agricultural,
362 3874 99 26 Garden,
478 3875 86 23 Flower
579 3877 73 28 Seeds,

71 3898 125 26 catalogues
205 3898 26 22 of
236 3898 74 23 which
318 3907 54 21 may
381 3900 26 22 be
421 3901 45 23 had
474 3902 68 27 gratis
552 3910 29 16 on
595 3910 60 21 post-

72 3924 52 30 paid
132 3923 139 30 application.

670 130 71 21 FOR
763 128 97 21 JAVA
883 127 77 21 AND
983 126 114 21 CHINA
1120 126 138 24 DIRECT,

747 168 117 15 TOUCHING
879 167 28 15 AT
922 167 45 14 THE
983 166 44 14 BAY
1042 166 27 14 OP
1083 166 104 19 ISLANDS,

852 193 33 22 To
894 192 43 23 sail
944 192 56 23 29th.
1009 192 67 27 June,

706 230 171 28 jjejE^npHE
912 230 45 23 fine
984 230 44 21 fast
1063 230 81 27 sailing
1176 230 83 28 barque

793 250 28 30 X
846 257 130 26 BOLTON,
986 258 42 20 540
1037 259 57 24 tons,
1106 256 21 21 J.
1139 257 25 22 P.
1176 257 83 22 Robin-

674 288 158 23 ASssssson,
844 283 150 22 commander.
1023 283 45 21 For
1079 283 84 27 freight
1172 290 24 15 or
1209 291 50 20 pas-

672 319 60 19 sage,
742 311 67 27 apply
819 317 29 15 on
857 309 75 23 board.

700 345 60 21 June
770 345 32 25 19,
813 345 63 21 1840.
989 354 7 5 ■
1030 358 8 10 4

847 397 68 20 FOR
930 396 151 21 SYDNEY.

705 432 72 29 Sj£^
786 428 43 29 nP
833 427 45 22 HE
890 427 46 22 fine
948 426 45 22 fast
1006 434 23 14 sa
1030 426 16 22 il
1047 427 23 21 in
1071 434 16 19 &
1098 427 50 28 ship
1167 427 90 28 HOPE,

687 448 94 38 jgS^^
792 448 29 28 JL
831 455 42 20 400
878 457 56 23 tons,
941 453 22 22 J.
969 453 22 21 S.
997 453 101 28 Coombs,
1107 455 150 22 commander.

674 480 160 25 wsss&fHas
843 480 99 27 superior
951 479 192 23 accommodation
1153 481 35 21 for
1195 482 63 21 cabin

673 507 46 21 and
725 511 98 22 steerage
829 513 138 22 passengers.
992 506 44 22 For
1040 506 82 27 freight
1129 514 26 14 or
1159 514 98 21 passage,

673 533 68 28 apply
749 537 22 17 to
781 533 37 21 the
828 533 88 27 captain
926 540 29 14 on
964 533 76 22 board.

788 594 69 20 FOR
875 594 168 21 POVERTY
1062 594 82 21 BAY.

786 630 92 22 HHHE
885 630 110 22 schooner
1002 631 99 22 SALLY
1111 632 76 28 ANN,
1196 632 61 29 Capt.

687 653 94 38 os£|^
793 653 29 26 JL
861 657 121 22 Cummins.
1016 658 43 21 For
1073 658 82 27 freight
1172 666 24 15 or
1209 667 49 20 pas-

673 686 170 25 •fcSKKSeisage,
862 684 66 27 apply
942 687 23 18 to
979 683 40 22 the
1033 685 89 26 captain
1137 692 29 15 on
1181 686 75 26 board,

673 717 25 14 or
707 714 23 17 to
1001 711 125 22 ROBERT
1139 712 70 23 TOD.

700 743 53 22 Port
762 743 131 28 Nicholson,
904 744 57 28 May
970 745 35 26 29,
1017 745 60 21 1840.

876 799 67 21 FOR
957 799 97 26 §ALE,

706 829 171 36 sj^g-nnHE
902 833 72 20 cutter
1000 831 170 30 HARRIETT,
1198 841 60 16 com-

687 855 94 37 jjggDj^
792 855 30 23 JL
859 857 66 28 plete,
936 857 45 22 and
991 859 69 27 ready
1068 859 36 22 for
1113 867 45 15 sea.

673 881 111 25 «wrer£»
812 881 77 30 Apply
898 888 24 19 to

1036 911 28 23 R.
1080 912 150 25 BARRETT.

699 936 128 28 Thorndon,
842 937 59 22 June
910 937 22 22 5.
