2559 4020
1954 1486 44 21 Mr.
2010 1486 95 27 Barrett,
2115 1486 44 23 had
2168 1487 104 22 obtained
2282 1491 85 25 twenty
2377 1491 52 19 tuns
2444 1490 26 21 of
2486 1491 29 21 oil

1926 1516 24 17 at
1958 1512 120 28 Taranaki,
2094 1514 43 21 and
2152 1514 73 21 would
2242 1514 57 23 have
2319 1516 94 21 secured
2431 1524 13 14 a
2464 1524 52 19 very

1926 1539 61 27 large
1995 1541 103 27 quantity
2105 1540 42 22 had
2157 1541 28 21 he
2196 1541 57 22 been
2264 1541 134 29 sufficiently
2409 1544 108 27 equipped

1926 1570 23 17 to
1960 1572 117 21 prosecute
2088 1567 35 22 the
2133 1568 84 27 fishery
2225 1576 31 14 on
2265 1575 12 15 a
2286 1569 62 26 large
2358 1569 67 22 scale.

1950 814 49 22 The
2015 815 107 22 schooner
2138 817 99 25 Surprise
2256 817 88 22 arrived
2363 825 29 14 on
2411 817 104 29 Tuesday

1924 842 58 21 from
2000 841 37 22 the
2057 842 118 27 Plymouth
2192 844 136 26 Company's
2345 844 130 23 settlement
2493 849 23 18 at

1923 868 120 22 Taranaki.
2072 865 39 25 We
2120 870 71 21 insert
2201 877 13 14 a
2222 870 66 21 letter
2297 870 59 22 from
2365 871 39 22 the
2414 872 102 23 Colonial

1924 895 108 27 Surgeon,
2054 903 28 14 on
2103 896 36 21 the
2160 897 87 26 subject
2265 898 26 20 of
2308 897 36 22 the
2366 898 90 22 climate
2471 899 45 22 and

1924 922 99 21 weather
2032 922 26 21 of
2065 922 47 21 that
2120 926 50 24 part
2180 924 25 21 of
2213 923 38 22 the
2260 927 103 24 country.

1953 948 41 22 We
2009 956 37 15 are
2062 948 109 24 informed
2189 950 48 21 that
2253 949 61 23 there
2329 957 57 16 nave
2401 951 59 22 been
2474 952 42 23 few

1925 975 54 27 days
1999 976 61 21 since
2079 975 36 22 the
2131 976 120 23 formation
2272 977 26 21 of
2313 976 49 23 that
2380 979 135 27 settlement,

1924 1002 49 21 that
1983 1002 83 22 vessels
2075 1003 65 22 could
2149 1006 41 19 not
2199 1004 58 22 have
2271 1003 85 23 landed
2365 1005 46 22 and
2424 1005 94 28 shipped

1926 1036 73 20 cargo.

1950 1056 50 22 The
2015 1056 87 22 settlers
2117 1063 58 16 were
2190 1057 29 22 all
2235 1058 24 21 in
2267 1057 56 28 high
2333 1058 80 29 spirits,
2425 1059 46 22 and
2481 1060 37 22 the

1925 1089 93 21 surveys
2028 1083 21 22 in
2060 1083 54 22 such
2128 1091 13 14 a
2150 1087 58 19 state
2222 1085 27 21 of
2258 1085 149 22 forwardness
2417 1086 48 22 that
2479 1087 38 22 the

1924 1109 54 22 land
1998 1109 72 22 would
2091 1110 25 22 be
2135 1110 69 28 ready
2220 1111 35 22 for
2273 1111 108 22 selection
2399 1112 24 23 in
2443 1121 14 14 a
2475 1114 43 21 few

1926 1136 82 22 weeks.
2044 1136 49 23 The
2116 1139 123 26 surveyors'
2258 1138 66 27 lines,
2349 1138 58 23 after
2428 1140 90 27 passing

1925 1162 98 28 through
2037 1171 14 14 a
2060 1164 42 21 few
2110 1164 63 22 miles
2189 1165 27 21 of
2228 1166 49 21 fern
2294 1165 61 27 land,
2367 1166 46 22 had
2426 1168 92 22 entered

1924 1190 48 21 into
1983 1197 14 14 a
2006 1190 86 22 district
2102 1191 24 22 of
2138 1191 70 27 finely
2218 1192 110 22 timbered
2338 1197 103 23 country.
2469 1194 48 22 The

1925 1216 82 23 timber
2017 1220 22 18 at
2048 1216 61 23 hand
2124 1218 19 21 is
2154 1219 162 27 consequently
2326 1220 73 21 stated
2409 1223 22 19 to
2448 1220 28 23 be
2486 1222 32 21 far

1925 1251 63 14 more
1999 1244 115 22 abundant
2122 1244 54 23 than
2186 1245 46 22 had
2240 1246 57 21 been
2308 1247 117 27 supposed.

1951 1270 49 23 The
2010 1278 62 14 same
2088 1272 90 26 opinion
2196 1272 26 22 of
2241 1272 113 22 Taranaki
2373 1274 19 21 is
2411 1274 46 22 still
2476 1282 38 14 ex-

1925 1296 99 29 pressed.
2053 1298 39 21 All
2102 1298 47 21 who
2160 1302 77 19 return
2246 1300 59 21 from
2315 1300 84 28 paying
2408 1301 17 22 it
2436 1308 13 15 a
2458 1302 58 26 visit,

1926 1324 69 28 speak
2001 1324 24 21 in
2033 1324 87 33 equally
2126 1325 130 23 favourable
2264 1329 76 25 terms,
2349 1326 38 23 the
2395 1328 122 28 testimony

1925 1351 20 22 is
1956 1350 115 28 singulary
2080 1352 104 22 uniform.
2220 1352 22 23 It
2250 1354 19 21 is
2279 1353 115 29 evidently
2405 1354 38 22 the
2454 1355 64 22 heart

1926 1377 28 22 of
1965 1377 38 22 the
2013 1381 101 24 country,
2126 1379 44 22 and
2180 1387 34 14 we
2228 1387 53 20 may
2295 1381 154 27 congratulate
2466 1389 51 15 our-

1927 1404 74 22 selves
2010 1411 61 20 upon
2078 1404 84 28 having
2171 1406 54 22 such
2237 1414 13 15 a
2259 1407 58 22 back
2325 1412 102 24 country.

1952 1431 49 22 The
2017 1432 99 26 Surprise
2131 1432 39 22 did
2185 1436 40 19 not
2243 1441 36 14 see
2297 1434 71 22 either
2385 1434 38 23 the
2432 1436 83 21 Amelia

1928 1460 116 23 Thompson
2051 1467 25 14 or
2086 1460 36 21 the
2130 1461 79 20 Louisa
2218 1460 24 22 in
2253 1460 38 22 the
2300 1462 82 21 straits.

1953 1617 48 23 The
2025 1622 86 23 reports
2133 1619 59 22 from
2215 1620 38 21 the
2272 1620 101 23 fisheries
2393 1621 24 22 in
2436 1622 80 23 Cook's

1926 1645 79 22 Straits
2020 1646 44 21 still
2081 1646 108 22 maintain
2204 1647 39 21 the
2258 1646 131 24 favourable
2403 1648 113 24 character

1926 1672 27 21 of
1964 1671 39 22 the
2011 1679 78 15 season
2100 1673 90 26 already
2199 1674 124 22 described.

1335 1373 50 24 The
1399 1373 119 24 Governor
1531 1373 80 23 landed
1624 1373 38 23 the
1674 1373 116 31 following
1803 1373 52 31 day,
1874 1379 21 18 at

1300 1406 80 24 twelve
1393 1407 95 28 o'clock,
1502 1406 45 24 and
1558 1406 41 24 has
1611 1407 63 23 since
1686 1408 58 22 been
1763 1408 94 30 staying
1874 1412 21 18 at

1301 1439 197 24 Barrett's-hotel.

1333 1107 52 24 The
1397 1107 157 24 Government
1566 1107 50 31 brig
1636 1107 111 26 Victoria,
1768 1107 125 29 Richards,

1298 1141 153 28 commander,
1470 1141 89 23 arrived
1577 1149 29 15 on
1624 1140 123 31 Thursday
1769 1141 125 28 afternoon,

1298 1173 86 31 having
1395 1173 36 24 his
1442 1173 141 31 Excellency
1595 1174 39 23 the
1643 1174 120 23 Governor
1773 1182 31 15 on
1814 1174 79 23 board.

1301 1206 39 24 He
1353 1215 45 15 was
1411 1207 160 31 accompanied
1582 1208 30 30 by
1625 1207 78 23 Lieut.
1717 1208 86 28 Smart,
1820 1207 56 24 J.P.
1888 1217 5 19 ;

1300 1240 101 23 Edward
1410 1240 133 29 Shortland,
1556 1240 67 31 Esq.,
1644 1241 94 23 Private
1757 1241 122 31 Secretary
1888 1250 5 20 ;

1300 1273 49 24 Mr.
1370 1273 81 32 Hogg,
1474 1273 113 24 Collector
1606 1274 26 22 of
1655 1274 115 28 Customs,
1794 1274 36 23 for
1851 1274 43 23 this

1300 1311 51 27 port
1358 1316 6 19 ;
1378 1307 49 23 Mr.
1434 1307 110 28 Dawson,
1552 1305 54 25 J.P.
1615 1316 6 19 ;
1637 1307 47 23 Mr.
1695 1307 120 29 Halswell,
1824 1307 56 24 J.P.
1888 1317 5 19 ;

1300 1340 45 23 and
1357 1340 83 24 Felton
1454 1340 110 28 Mathew,
1578 1340 67 30 Esq.,
1660 1340 45 23 and
1714 1340 61 30 lady.

1333 1472 45 25 We
1396 1472 58 25 have
1472 1473 69 30 again
1558 1477 24 19 to
1600 1473 84 30 charge
1700 1473 38 24 the
1759 1474 136 24 Post-office

1300 1506 55 24 with
1366 1515 14 15 a
1391 1514 65 23 gross
1466 1507 91 31 neglect
1569 1507 23 23 of
1608 1507 63 30 duty.
1710 1507 99 30 Though
1833 1507 62 24 there

1301 1547 58 16 were
1371 1540 64 31 large
1446 1540 68 23 mails
1526 1546 23 17 at
1559 1540 126 23 Auckland
1700 1540 36 23 for
1752 1540 46 23 this
1817 1541 78 23 settle-

1300 1578 70 24 ment,
1383 1573 38 24 the
1435 1573 157 24 Government
1603 1573 52 31 brig
1666 1574 43 23 has
1726 1574 57 23 been
1803 1574 92 23 allowed

1300 1611 22 18 to
1342 1606 79 31 depart
1440 1606 95 24 without
1554 1606 57 24 their
1627 1607 69 31 being
1713 1611 41 27 put
1772 1615 31 15 on
1816 1608 79 23 board.

1301 1639 39 24 On
1348 1641 104 29 enquiry,
1464 1648 33 15 we
1508 1639 67 24 could
1584 1644 39 20 not
1631 1640 65 24 learn
1705 1641 49 23 that
1767 1641 46 23 this
1821 1641 74 23 vessel

1300 1673 100 31 brought
1412 1681 13 15 a
1437 1673 73 31 single
1521 1673 68 24 letter
1600 1681 25 16 or
1636 1681 71 24 paper
1718 1674 34 23 for
1771 1674 38 23 the
1826 1674 69 23 Post-

1300 1706 73 23 office.
1411 1706 23 24 A
1444 1707 44 23 few
1500 1707 79 23 letters
1595 1707 60 23 have
1672 1707 59 23 been
1747 1707 102 31 brought
1867 1707 28 31 by

1301 1740 86 30 private
1399 1739 68 29 hand,
1489 1740 45 23 and
1553 1748 32 15 we
1602 1740 60 23 have
1682 1740 58 23 been
1758 1740 97 24 enabled
1875 1745 20 18 to

1301 1773 87 23 borrow
1400 1781 13 15 a
1434 1773 95 23 number
1549 1773 25 23 of
1595 1773 38 23 the
1652 1773 123 23 Auckland
1794 1772 101 31 Herald,

1301 1806 67 23 dated
1380 1806 38 23 the
1429 1806 41 25 7th
1484 1806 25 23 of
1522 1806 101 29 August.

1333 1839 24 23 A
1369 1840 100 30 meeting
1481 1839 44 24 had
1538 1840 57 23 been
1606 1840 56 24 held
1671 1844 24 20 to
1715 1840 57 23 elect
1788 1840 44 24 five
1848 1848 49 16 new

1301 1877 96 19 trustees
1409 1873 35 23 for
1456 1873 37 23 the
1506 1873 124 24 Auckland
1643 1874 108 30 Printing
1769 1874 128 31 Company,

1300 1906 24 22 in
1344 1914 156 23 consequence
1519 1907 27 23 of
1571 1907 46 23 Mr.
1637 1907 33 23 D.
1691 1907 100 23 Sinclair
1813 1907 84 31 having

1300 1939 144 31 disqualified
1455 1940 95 23 himself
1562 1940 32 30 by
1606 1940 47 24 sale
1667 1940 25 23 of
1707 1940 30 23 all
1752 1940 37 24 his
1801 1940 80 24 shares
1891 1950 5 20 ;

1300 1972 24 23 of
1350 1973 97 23 Messrs.
1469 1973 66 23 Scott
1556 1973 45 24 and
1617 1973 93 24 Wilson
1729 1974 71 30 being
1818 1974 79 24 absent

1301 2006 94 23 without
1407 2014 44 22 any
1461 2007 112 31 certainty
1585 2007 24 23 of
1624 2006 59 24 their
1695 2008 120 30 returning
1827 2016 6 20 ;
1853 2008 44 23 and

1300 2039 26 21 of
1336 2039 47 23 Mr.
1394 2039 74 30 Terry
1481 2039 69 30 being
1562 2039 68 23 about
1642 2045 23 17 to
1676 2040 65 22 leave
1749 2040 38 22 the
1798 2041 97 29 Colony.

1335 2071 95 24 Colonel
1451 2072 104 30 Godfrey
1578 2072 44 23 and
1642 2072 100 32 Captain
1764 2072 133 25 Richmond

1300 2104 45 24 had
1354 2104 88 31 opened
1452 2105 61 23 their
1523 2105 72 23 Court
1606 2105 35 23 for
1651 2105 40 23 the
1702 2106 163 31 investigation
1876 2107 23 23 of

1300 2138 80 23 claims
1390 2142 23 19 to
1425 2138 55 23 land
1491 2139 24 22 in
1527 2138 38 23 the
1577 2138 125 24 Auckland
1715 2138 96 24 district.

1333 2172 24 22 A
1369 2171 89 31 weekly
1469 2176 80 19 return
1558 2172 25 23 of
1592 2172 37 23 the
1639 2172 57 24 New
1704 2172 102 24 Zealand
1816 2173 82 23 Bank-

1299 2205 41 30 ing
1359 2205 120 31 Company
1498 2205 77 24 shows
1595 2206 50 23 that
1670 2206 29 23 its
1722 2206 117 23 liabilities
1860 2215 38 15 are

1299 2238 123 29 12,960,
1441 2238 46 23 and
1503 2239 30 23 its
1552 2244 71 18 assets
1642 2239 116 29 17,654
1782 2241 52 23 11s.
1858 2240 39 24 6d.

1301 2271 23 22 It
1343 2279 46 15 was
1410 2279 30 16 on
1457 2272 39 23 the
1515 2279 40 16 eve
1575 2272 24 23 of
1621 2274 100 30 opening
1740 2281 13 16 a
1766 2272 91 25 branch
1876 2278 22 19 at

1299 2304 132 23 Auckland.

1334 2337 51 24 The
1404 2336 67 32 Sally
1489 2338 68 23 Anne
1577 2338 45 24 had
1639 2339 59 24 been
1718 2340 138 31 despatched
1876 2344 21 20 to

1298 2371 63 29 right
1375 2371 118 23 Governor
1507 2369 105 27 Hobson.

1954 1723 48 22 Our
2020 1723 96 28 readers,
2135 1731 35 15 we
2190 1724 94 28 believe,
2310 1733 38 15 are
2371 1733 84 16 aware-
2469 1728 47 22 that

1927 1754 169 23 arrangements
2112 1751 56 22 have
2184 1751 55 27 long
2251 1752 61 22 since
2329 1753 57 22 been
2404 1754 66 22 made
2484 1755 34 22 for

1926 1780 71 19 steam
2017 1778 187 21 communication
2225 1786 28 14 on
2273 1786 29 15 an
2323 1780 115 23 extensive
2458 1782 58 22 scale

1926 1803 102 22 between
2039 1804 103 27 England
2150 1805 47 22 and
2206 1805 38 22 the
2261 1806 62 22 West
2340 1807 85 23 Indies.
2454 1809 63 22 Ano-

1928 1831 48 21 ther
1987 1838 118 20 company,
2116 1832 92 22 entitled
2219 1832 37 22 the
2267 1833 71 22 South
2348 1834 83 23 Pacific
2441 1836 76 22 Steam

1927 1857 136 27 Navigation
2081 1859 121 27 Company,
2221 1859 39 22 has
2279 1860 92 27 already
2385 1865 57 24 sent,
2459 1863 57 21 from

1928 1884 112 27 England,
2051 1884 51 22 four
2117 1886 106 26 powerful
2241 1890 68 19 steam
2321 1888 89 27 vessels,
2424 1892 21 19 to
2460 1890 58 22 Chili

1927 1911 45 21 and
1989 1912 65 21 Peru.
2083 1912 46 21 The
2139 1912 114 28 following
2263 1914 18 21 is
2291 1921 30 15 an
2331 1918 87 19 extract
2431 1917 57 21 from
2504 1924 13 14 a

1928 1938 86 26 private
2022 1938 74 28 letter,
2108 1938 98 28 showing
2216 1940 48 22 that
2279 1949 41 14 our
2330 1941 84 22 friends
2427 1943 57 21 have
2493 1944 23 21 in

1928 1965 55 21 view
2001 1965 77 27 giving
2093 1969 23 18 to
2133 1966 53 21 Port
2201 1967 123 22 Nicholson
2342 1968 38 23 the
2395 1969 85 23 benefit
2496 1971 23 21 of

1928 1991 43 22 this
1982 1999 101 19 progress
2092 1993 23 21 in
2125 1997 68 18 steam
2205 1994 197 24 communication.

1949 2025 60 16 There
2020 2025 17 16 is
2048 2030 55 16 every
2114 2026 105 21 probability
2230 2028 41 15 that
2286 2028 30 16 the
2329 2031 74 14 current
2414 2034 75 15 passage
2500 2032 17 14 to

1928 2046 43 15 New
1985 2046 78 16 Zealand
2080 2046 41 19 will,
2141 2048 32 15 not
2185 2047 56 17 much
2251 2052 50 12 more
2312 2048 44 17 than
2369 2048 64 17 twelve
2444 2051 73 16 months

1927 2066 47 17 from
1980 2067 42 18 this,
2031 2067 21 16 be
2065 2067 51 16 mad;
2128 2067 18 16 in
2154 2071 76 17 seventy
2237 2069 49 19 days,
2298 2070 23 19 by
2328 2074 63 12 means
2399 2071 21 15 of
2429 2071 61 16 Steam
2500 2074 17 14 to

1928 2087 30 16 the
1966 2087 82 17 Isthmus
2055 2088 20 16 of
2081 2088 82 19 Panama,
2172 2089 35 16 and
2219 2089 35 16 fast
2262 2089 66 20 sailing
2336 2091 67 16 vessels
2410 2091 47 16 from
2465 2091 52 18 Lima

1928 2109 17 15 to
1958 2107 42 17 Port
2015 2108 103 17 Nicholson.
2140 2109 35 17 Mr.
2187 2110 61 16 Somes
2262 2111 33 15 has
2307 2111 53 16 taken
2373 2111 31 17 the
2419 2112 98 20 important

1928 2129 69 20 subject
2010 2133 24 16 up
2046 2129 42 16 with
2097 2130 55 20 spirit,
2164 2131 37 15 and
2212 2130 36 17 Mr.
2329 2136 72 13 assures
2413 2137 28 12 me
2451 2133 22 16 he
2484 2134 32 16 has

1928 2154 22 12 no
1959 2150 56 16 doubt
2022 2151 15 15 it
2046 2150 37 16 will
2089 2151 21 15 be
2118 2152 85 15 attended
2209 2151 44 16 with
2261 2156 79 11 success.

1956 2178 35 21 On
2001 2178 94 27 looking
2104 2182 21 18 at
2133 2178 38 23 the
2188 2178 70 28 chart,
2270 2180 17 21 it
2297 2180 46 21 will
2357 2180 28 22 be
2396 2181 92 22 evident
2497 2185 21 18 to

1928 2212 45 20 any
1981 2212 89 20 person,
2082 2205 48 22 that
2138 2205 44 22 this
2191 2210 51 23 port
2251 2207 18 21 is
2279 2214 13 13 a
2302 2211 58 18 most
2369 2208 74 27 fitting
2454 2216 61 20 piace

1928 2231 34 22 for
1970 2231 39 22 the
2018 2232 84 21 vessels
2112 2235 21 19 to
2142 2239 64 15 come
2216 2239 31 16 to.
2276 2233 121 25 Doubtless
2411 2239 71 18 steam
2493 2239 21 18 to

1928 2258 102 28 Sydney,,.
2037 2259 91 27 Nelson,
2138 2260 46 21 and
2194 2260 56 21 New
2267 2260 128 28 Plymouth,
2406 2262 59 21 from
2476 2270 40 14 our

1930 2285 58 26 Port,
2010 2286 73 21 would
2100 2286 151 28 immediately
2269 2287 28 22 be
2320 2288 98 26 brought
2440 2289 75 22 about.

1928 2312 72 22 There
2017 2312 19 22 is
2051 2320 66 20 every
2132 2320 80 15 reason
2230 2318 21 17 to
2267 2314 88 22 believe
2372 2315 50 22 that
2437 2316 81 22 Cook's

1928 2339 79 22 Straits
2027 2340 90 21 abound
2131 2340 23 21 in
2175 2341 54 25 coal,
2251 2340 79 27 which,
2345 2341 73 23 added
2438 2346 22 19 to
2479 2351 39 14 our

1928 2366 123 22 admirable
2078 2367 156 27 geographical
2258 2368 105 28 position,
2389 2370 73 21 would
2490 2371 27 21 be

1928 2392 96 23 another
2046 2394 106 26 powerful
2181 2401 79 15 reason
2288 2395 35 22 for
2351 2396 92 27 making
2467 2398 52 21 Port

1928 2420 125 22 Nicholson
2063 2420 38 22 the
2113 2424 74 19 centre
2197 2422 27 21 of
2233 2421 43 22 this
2285 2422 123 27 important
2418 2424 66 22 chain
2495 2425 24 21 of

1928 2448 198 20 communication.

678 134 45 20 that
733 133 36 21 the
779 134 54 25 light
843 133 83 20 therein
934 133 44 19 will
988 133 27 19 be
1021 132 107 20 exhibited
1138 132 34 19 for
1180 132 36 19 the
1221 132 47 18 first

678 162 57 23 time,
753 167 29 14 on
796 161 37 20 the
851 160 90 25 evening
960 159 25 21 of
1001 159 140 25 Wednesday,
1159 158 35 20 the
1218 157 50 21 10th

678 188 106 26 February
793 190 54 18 next
856 195 5 16 ;
887 189 22 18 at
918 187 69 20 which
996 186 53 20 time
1058 185 37 21 the
1100 185 57 26 light
1174 185 94 20 hitherto

678 216 70 19 shown
768 221 29 14 on
820 214 66 21 board
901 221 13 12 a
934 214 68 19 vessel
1021 213 87 20 moored
1117 213 30 19 off
1154 212 47 20 that
1215 211 53 21 sand

678 244 42 19 will
731 242 25 20 be
766 241 155 24 discontinued,
933 241 41 20 and
981 240 38 21 the
1026 240 68 20 vessel
1101 240 65 20 taken
1176 245 65 20 away.

708 270 105 19 Mariners
822 275 36 14 are
865 270 22 18 to
896 268 87 20 observe
994 268 47 19 that
1047 267 45 20 this
1099 267 56 25 light
1173 267 68 19 house
1251 265 17 20 is

678 298 84 19 erected
767 303 58 20 upon
833 297 36 19 the
875 296 148 19 southeastern
1028 293 118 27 projecting
1153 293 86 26 portion
1247 293 21 19 of

679 324 36 21 the
722 324 61 24 sand,
791 324 69 19 where
865 323 18 19 it
890 324 97 18 becomes
994 322 46 25 dry,
1047 328 24 13 or
1081 320 73 27 nearly
1160 326 31 19 so,
1200 322 23 18 at
1230 320 38 21 low

678 354 64 17 water
752 351 73 26 spring
832 350 54 20 tides
894 357 6 17 ;
915 349 43 20 and
966 350 52 24 they
1024 355 34 13 are
1068 347 137 27 particularly
1219 353 49 14 cau-

678 378 74 20 tioned
758 378 42 19 and
806 377 98 25 enjoined
908 383 71 17 nerer,
988 375 67 20 under
1060 381 41 19 any
1107 374 161 21 circumstances

679 406 67 19 either
755 406 30 25 by
793 405 61 25 night
863 410 25 14 or
896 404 30 26 by
934 404 48 26 day,
994 405 22 18 to
1028 404 89 24 attempt
1125 404 22 18 to
1159 407 58 14 cross
1234 402 34 19 the

679 433 52 20 sand
740 435 22 17 to
772 432 37 20 the
818 432 122 19 northward
951 430 23 21 of
981 430 38 20 the
1028 429 101 26 building.

708 460 105 19 Mariners
822 465 36 14 are
867 459 45 20 also
922 461 23 18 to
955 458 87 19 observe
1053 459 45 18 tnat
1105 456 24 20 in
1150 456 44 20 this
1214 455 54 27 light

679 487 66 20 house
755 494 13 12 a
774 486 56 21 fixed
839 486 61 25 light,
917 484 101 22 coloured
1028 484 37 19 red
1071 484 42 19 and
1122 482 75 21 visible
1207 483 24 20 in
1241 482 27 21 all

678 514 123 24 directions,
816 513 44 20 will
869 513 25 21 be
903 512 99 21 exibited.
1034 511 33 26 By
1073 511 68 23 order,

959 539 22 20 J.
994 538 123 22 Herbert,
1125 538 117 22 Secretary.

773 600 280 19 METEOROLOGICAL
1065 599 104 20 TABLE.

680 630 42 19 For
731 630 36 19 the
775 629 56 20 week
846 629 74 21 ending
933 629 116 21 Thursday,
1064 629 84 21 August
1161 629 34 21 20,
1208 629 58 17 1841.

1013 1242 126 14 REMARKS.

680 1259 82 20 Friday...
802 1260 10 16 8
882 1258 55 21 Calm,
949 1259 95 20 cloudless,
1056 1260 108 21 beautifully
1171 1261 42 16 fine.
1235 1262 33 19 Fog

903 1281 36 15 and
945 1280 45 16 frost
998 1281 55 19 early.

802 1302 52 19 Ip.m.
882 1301 92 16 Moderate
981 1302 70 19 breeze,
1074 1302 34 16 Do.

802 1343 9 16 5

680 1384 30 17 Sat
802 1385 9 15 8
882 1385 93 16 Moderate
981 1385 65 16 breeze
1051 1385 35 17 and
1094 1385 40 17 fine.
1158 1385 56 22 Sharp
1221 1386 47 17 frost.

802 1425 52 21 Ip.m.
924 1426 35 17 Do.
1002 1427 35 16 De.
1080 1427 33 17 Do.

802 1468 10 15 5
924 1467 35 17 Do.
1003 1468 34 17 Do.
1081 1467 33 19 Do.

680 1509 82 20 Sunday..
802 1510 11 15 8
924 1509 35 16 Do.
1003 1510 34 16 Do.
1081 1510 34 16 Do.

802 1551 54 20 Ip.m.
925 1550 29 17 Do
1004 1551 34 17 Do,
1082 1551 33 17 Do.

802 1593 10 15 3
924 1592 35 17 Do.
1002 1593 35 17 Do.
1080 1593 34 17 Do.

680 1633 82 20 Monday.
802 1634 11 16 8
924 1634 35 16 Do.
1002 1634 35 17 Do.
1080 1634 34 17 Do.

802 1676 54 19 Ip.m.
883 1675 54 20 Light
944 1675 26 17 air
978 1676 36 15 and
1020 1676 43 16 fine.

801 1717 10 16 5
925 1717 34 16 Do.
1001 1717 34 17 Do.
1080 1717 34 17 Do.

680 1758 82 20 Tuesday
801 1759 10 16 8
883 1759 93 17 Moderate
983 1760 69 18 breeze,
1059 1759 70 21 cloudy,
1136 1760 33 16 but
1178 1759 40 18 fine.

802 1801 53 19 Ip.m.
924 1801 34 16 Do.
1001 1803 88 17 overcast,
1096 1801 37 16 and
1141 1802 42 16 fine.

801 1843 10 14 5
925 1843 34 15 Do.
1002 1843 37 16 Do.
1081 1843 34 16 Do.

680 1883 42 17 Wed
802 1884 10 16 8
883 1884 65 21 Strong
954 1884 67 19 breeze,
1034 1884 86 21 sho-vvery,

802 1926 53 19 Ip.m.
924 1926 34 16 Do.
1001 1925 35 17 Do.
1079 1926 58 21 heavy
1143 1926 47 17 rain.

802 1968 10 14 5
924 1968 34 16 Do.
1001 1966 34 18 Do.
1080 1967 33 17 Do.

680 2009 58 16 Thurs
745 2020 17 5 ...
802 2009 10 15 8
883 2009 92 17 Moderate
983 2009 69 19 breeze,
1061 2009 34 16 fine
1103 2010 89 20 morning.

802 2050 53 20 Ip.m.
924 2051 35 15 Do.
1002 2050 35 16 Do.
1081 2050 33 17 Do.

802 2092 10 15 5
925 2091 34 17 Do.
1001 2091 35 16 Do.
1080 2091 33 18 Dp.

851 2456 124 20 LATEST
990 2457 110 19 DATES.

726 2664 69 22 AND
810 2664 215 22 WELLINGTON
1040 2664 186 24 SPECTATOR.

788 2720 133 24 Saturday,
935 2720 97 19 August
1047 2720 35 25 21,
1098 2720 61 20 1841.

713 2773 52 24 The
776 2773 53 32 brig
840 2773 93 27 Jewess,
949 2773 67 32 Capt.
1032 2773 73 29 Crew,
1119 2775 88 23 arrived
1218 2775 54 24 here

680 2814 29 17 on
720 2807 148 31 Wednesday
874 2807 46 22 last
930 2807 60 23 from
1002 2807 102 31 Sydney,
1114 2808 86 32 having
1206 2810 66 23 made

680 2840 40 23 her
731 2848 98 23 passage
841 2841 24 21 in
877 2840 106 30 eighteen
995 2840 65 31 days.
1091 2840 24 24 It
1127 2841 56 24 blew
1196 2851 13 14 a
1221 2843 51 30 gale

680 2874 58 23 from
750 2873 83 29 N.W.,
847 2873 62 30 right
920 2878 40 19 out
971 2873 26 23 of
1011 2874 39 23 the
1058 2873 104 31 harbour,
1176 2875 32 24 all
1220 2876 51 31 day,

680 2907 42 23 but
735 2906 67 31 Capt.
815 2906 65 24 Crew
893 2907 94 23 evinced
994 2906 38 24 his
1041 2915 50 15 own
1101 2909 100 23 nautical
1208 2909 64 28 skill,

680 2940 37 23 the
736 2939 142 31 capabilities
896 2939 26 24 of
942 2940 38 23 his
997 2940 47 23 fine
1065 2941 82 29 vessel,
1165 2942 46 23 and
1233 2942 40 24 the

680 2974 79 22 merits
780 2972 25 24 of
820 2981 41 15 our
880 2972 108 30 harbour,
1000 2973 31 30 by
1042 2974 94 32 beating
1155 2975 25 23 in
1197 2975 24 24 in
1232 2976 40 24 de-

680 3007 72 22 fiance
771 3006 26 23 of
811 3006 40 23 the
868 3006 94 23 adverse
983 3010 59 20 state
1065 3007 26 24 of
1105 3008 37 23 the
1162 3009 109 24 weather.

680 3039 51 24 The
741 3038 95 30 Jewess,
851 3047 28 15 on
887 3039 93 31 leaving
992 3040 101 31 Sydney,
1106 3040 45 24 had
1162 3041 39 24 six
1211 3042 61 24 hun-

680 3073 54 23 dred
747 3072 45 24 and
802 3072 61 32 forty
875 3073 70 31 sheep
961 3073 45 23 and
1027 3073 64 31 eight
1102 3081 59 16 oxen
1196 3076 41 23 but
1248 3076 25 23 in

680 3113 155 24 consequence
846 3106 24 23 of
879 3106 163 31 experiencing
1051 3108 149 31 exceedingly
1207 3109 63 24 bois-

680 3142 77 21 terous
768 3139 46 24 and
827 3143 106 27 contrary
943 3139 79 29 winds,
1036 3139 39 24 the
1086 3145 89 26 greater
1185 3147 53 26 part
1250 3142 23 25 of

680 3173 36 23 the
730 3172 70 31 sheep
812 3172 58 24 have
883 3172 52 24 died
946 3179 30 17 on
987 3173 81 23 board.

711 3206 46 23 We
768 3214 39 15 are
818 3207 69 29 again
898 3205 96 24 without
1005 3214 13 15 a
1029 3207 56 22 mail
1096 3207 59 24 from
1166 3208 103 32 Sydney,

680 3239 39 23 but
735 3239 100 31 through
854 3240 39 22 the
912 3238 111 24 kindness
1042 3240 27 23 of
1082 3240 49 24 Mr.
1144 3241 83 30 Wade,
1238 3250 35 16 we

680 3272 56 24 have
753 3273 60 23 been
830 3272 119 24 furnished
967 3272 55 24 with
1041 3273 95 31 Sydney
1146 3281 84 25 papers
1249 3281 23 19 to

680 3306 37 23 the
731 3306 58 24 30th
801 3306 63 30 July.

712 3339 53 24 The
774 3339 52 31 ship
830 3339 75 23 Black
919 3338 109 24 Warrior
1039 3339 46 24 and
1096 3340 52 32 brig
1157 3339 111 27 Portenia

680 3372 44 24 had
736 3372 89 24 arrived
837 3372 24 23 in
874 3372 103 31 Sydney.

714 3405 154 24 Commercial
879 3409 102 25 matters,
991 3413 34 16 we
1040 3414 38 15 are
1087 3407 121 30 informed,
1216 3416 52 17 con-

680 3439 79 23 tinued
776 3438 96 24 without
889 3439 167 30 improvement
1077 3443 23 20 at
1117 3440 40 24 the
1173 3442 57 24 time
1250 3443 23 23 of

680 3472 37 23 the
741 3471 121 32 departure
885 3471 25 24 of
931 3471 47 24 this
997 3472 77 23 vessel
1086 3482 6 20 ;
1119 3473 43 24 but
1183 3475 20 22 it
1224 3483 46 17 was

680 3504 98 33 thought
799 3505 56 30 they
872 3504 47 25 had
938 3505 99 24 reached
1053 3505 61 25 their
1133 3508 75 29 crisis,
1228 3509 45 24 and

680 3539 166 30 improvement
857 3546 46 16 was
915 3537 112 25 therefore
1039 3541 147 29 anticipated.

713 3571 53 24 The
777 3571 97 24 Council
891 3571 122 24 continued
1023 3572 25 23 in
1060 3574 97 22 session.
1192 3574 26 25 A
1229 3582 43 17 nu-

680 3605 114 30 merously
806 3604 83 32 signed
898 3605 97 31 petition
1005 3604 48 25 had
1067 3605 59 25 been
1143 3609 128 29 presented,

680 3639 96 30 praying
788 3638 35 23 for
835 3645 63 16 some
914 3638 142 24 restrictions
1072 3647 29 15 on
1113 3640 37 23 the
1162 3640 110 32 importa-

680 3673 46 22 tion
740 3671 26 23 of
780 3671 163 31 foreign.com.
980 3671 64 24 Such
1056 3680 14 15 a
1081 3680 104 17 measure
1196 3675 76 24 would

680 3709 39 19 not
727 3704 77 32 injure
816 3704 39 24 the
870 3704 89 32 Colony
977 3704 26 24 of
1022 3704 60 24 New
1100 3706 100 24 Zealand
1210 3716 6 20 ;
1243 3716 29 16 on

680 3737 38 24 the
730 3743 114 26 contrary,
858 3745 43 24 any
915 3738 66 23 effect
992 3739 19 22 it
1027 3738 77 31 might
1120 3739 56 24 have
1195 3742 77 23 would

680 3771 27 24 be
718 3770 121 24 beneficial
850 3776 22 18 to
885 3779 28 15 us
922 3779 7 16 :
946 3770 164 30 nevertheless,
1124 3780 34 16 we
1172 3773 29 23 do
1213 3774 59 32 hope

680 3804 49 23 that
741 3803 37 24 the
792 3804 97 23 Council
901 3803 46 24 will
959 3808 40 19 not
1010 3805 105 23 sanction
1127 3813 44 23 any
1181 3807 90 25 further

680 3837 103 24 invasion
802 3837 26 23 of
845 3837 48 24 free
912 3837 62 23 trade
991 3837 123 31 principles
1148 3840 123 32 principles

680 3870 25 23 of
713 3870 74 23 which,
798 3871 18 22 it
825 3871 21 21 is
859 3870 89 23 evident
961 3871 136 30 experience
1107 3872 20 22 is
1142 3872 60 31 daily
1214 3882 57 23 aug-

680 3904 103 30 menting
795 3903 38 22 the
844 3903 96 24 number
952 3903 26 23 of
992 3903 129 25 advocates.
1157 3905 89 25 Should
1258 3916 14 16 a

680 3937 126 22 restrictive
823 3936 51 29 law,
893 3936 112 30 however,
1023 3937 28 24 be
1066 3938 89 28 passed,
1169 3946 32 17 we
1213 3940 58 25 have

1326 2433 29 22 In
1366 2434 94 21 another
1469 2438 51 24 part
1529 2435 27 21 of
1566 2434 37 23 the
1620 2443 69 21 paper
1700 2443 28 15 an
1740 2440 96 19 account
1846 2438 28 21 of
1884 2445 12 14 a

1300 2460 99 28 meeting
1408 2461 74 22 which
1491 2461 54 22 took
1562 2462 62 28 place
1635 2466 23 19 at
1675 2463 129 27 Wanganui
1813 2464 46 22 will
1870 2465 26 21 be

1300 2487 77 22 Found.
1410 2488 47 21 The
1474 2488 127 23 discontent
1617 2497 73 14 seems
1708 2493 23 18 to
1748 2490 56 23 have
1822 2492 74 21 arisen

1300 2514 57 21 from
1369 2518 42 18 two
1423 2521 77 16 causes
1507 2523 6 19 ;
1529 2515 38 22 the
1578 2519 55 19 state
1642 2517 27 21 of
1679 2516 38 23 the
1725 2525 91 20 surveys
1827 2518 69 28 there,

1300 2541 47 21 and
1354 2541 38 22 the
1402 2541 99 23 conduct
1510 2542 26 22 of
1548 2550 61 15 some
1620 2543 26 22 of
1657 2543 38 22 the
1705 2544 99 22 natives.

1327 2575 28 21 In
1362 2574 115 23 reference
1488 2578 24 18 to
1522 2575 37 22 the
1576 2579 56 19 state
1651 2577 26 21 of
1688 2577 38 22 the
1742 2585 99 20 surveys,
1853 2579 18 22 it
1880 2579 18 22 is

1301 2601 89 22 evident
1400 2601 38 23 the
1449 2601 129 28 Wanganui
1587 2603 87 22 settlers
1684 2611 38 15 are
1729 2604 134 23 themselves
1875 2609 22 18 to

1301 2628 80 22 blame.
1417 2629 22 21 A
1455 2629 80 21 liberal
1553 2630 128 27 proportion
1699 2631 26 21 of
1735 2631 38 21 the
1790 2632 56 21 staff
1856 2633 42 21 has

1300 2655 57 22 been
1368 2658 50 19 sent
1427 2655 69 27 there,
1508 2655 46 22 and
1563 2656 21 22 if
1595 2657 53 27 they
1658 2657 57 22 have
1726 2658 56 22 been
1792 2658 103 23 faithless

1301 2685 23 18 to
1334 2682 58 22 their
1402 2681 89 28 charge,
1502 2682 19 22 it
1530 2690 44 14 was
1589 2683 36 22 the
1636 2683 56 28 duty
1703 2685 26 20 of
1740 2684 63 22 those
1820 2692 29 14 on
1860 2686 38 21 the

1300 2713 55 23 spot,
1368 2709 121 22 interested
1499 2709 23 22 in
1531 2709 37 22 the
1578 2717 102 20 progress
1687 2711 27 21 of
1726 2711 36 22 the
1772 2718 91 21 survey,
1874 2716 22 18 to

1301 2736 65 21 make
1376 2736 18 21 it
1408 2735 84 23 known
1503 2740 23 18 at
1541 2736 55 22 Port
1610 2737 133 23 Nicholson.
1772 2738 43 22 We
1831 2739 67 22 could

1301 2766 39 18 not
1359 2762 116 22 otherwise
1493 2763 27 21 be
1539 2764 136 23 acquainted
1693 2765 54 21 with
1766 2765 38 21 the
1822 2767 73 26 negli-

1300 2796 70 17 gence
1387 2789 26 22 of
1424 2789 55 27 duty
1490 2789 52 22 with
1554 2789 71 24 which
1636 2798 43 15 one
1689 2790 24 22 of
1728 2791 36 22 the
1780 2792 116 23 Assistant

1301 2817 123 26 Surveyors
1434 2817 17 21 is
1462 2817 105 26 charged.
1587 2818 21 22 A
1618 2826 131 19 messenger
1758 2819 66 22 could
1834 2819 59 22 have

1302 2844 57 21 been
1369 2843 98 22 induced
1484 2847 21 17 to
1522 2852 63 14 come
1601 2845 52 21 here
1670 2845 35 22 for
1725 2853 13 14 a
1748 2845 64 28 trifle,
1823 2846 75 23 which

1301 2878 32 14 we
1343 2878 38 14 are
1390 2877 51 15 sure
1452 2869 37 23 the
1507 2871 137 28 Company's
1655 2872 77 27 Agent
1749 2873 74 22 would
1837 2873 59 22 have

1299 2897 60 27 paid.
1391 2897 49 22 The
1457 2897 223 27 Surveyor-General
1693 2900 109 27 proceeds
1818 2900 80 23 imme-

1300 2923 83 28 diately
1392 2927 24 18 to
1427 2925 85 26 -nquire
1522 2925 48 21 into
1581 2925 36 22 the
1625 2930 87 23 reports
1722 2927 126 27 respecting
1859 2928 37 21 the

1300 2951 114 22 Assistant
1427 2953 113 24 Surveyor
1555 2952 23 22 in
1597 2953 110 27 question.
1742 2953 85 22 Should
1843 2954 54 28 they

1299 2984 69 21 proe
1378 2981 56 23 true,
1443 2984 35 17 we
1494 2981 64 24 trust,
1569 2979 28 22 he
1613 2980 46 21 will
1674 2980 66 21 mark
1750 2980 34 22 his
1798 2988 67 15 sense
1876 2982 23 21 of

1300 3005 55 21 sucli
1365 3004 134 27 disgraceful
1509 3005 98 22 conduct
1616 3011 22 16 to
1649 3006 39 22 the
1697 3007 77 22 fullest
1783 3011 80 19 extent
1870 3009 25 22 in

1301 3033 33 20 his
1343 3038 82 21 power.
1445 3031 22 21 It
1477 3031 18 21 is
1506 3033 110 26 supposed
1626 3033 49 22 that
1685 3041 13 14 a
1706 3034 112 22 sufficient
1825 3043 72 19 quan-

1301 3057 40 28 tity
1352 3058 26 21 of
1388 3058 54 22 land
1453 3062 22 18 to
1493 3059 77 28 satisfy
1580 3060 36 21 the
1627 3061 78 21 claims
1721 3061 26 21 of
1759 3061 37 22 the
1813 3062 84 22 second

1300 3085 68 21 series
1378 3084 44 22 will
1433 3085 27 21 be
1469 3085 70 28 ready
1547 3089 23 18 to
1580 3087 27 21 be
1614 3087 82 22 offered
1707 3088 24 21 in
1742 3095 13 14 a
1762 3088 42 21 few
1815 3089 80 22 weeks.

1300 3111 86 23 Should
1395 3112 44 21 this
1448 3111 29 23 be
1486 3111 38 23 the
1534 3113 53 27 fact,
1596 3121 31 14 we
1634 3114 87 22 believe
1729 3114 37 22 the
1774 3116 123 26 Surveyor-

1301 3138 98 22 General
1409 3138 44 22 will
1463 3141 42 19 not
1519 3143 78 18 return
1614 3141 58 22 until
1689 3141 30 22 all
1736 3142 36 21 the
1790 3149 105 21 arrange-

1300 3168 74 19 ments
1388 3172 39 15 are
1442 3167 62 26 quite
1522 3167 126 28 completed
1662 3168 33 21 for
1711 3168 79 28 giving
1804 3173 39 18 out
1858 3171 38 21 the

1300 3192 60 21 land.

1328 3219 27 22 In
1367 3219 115 22 reference
1490 3222 22 19 to
1522 3219 37 23 the
1567 3221 149 22 troublesome
1722 3222 99 23 conduct
1828 3223 27 22 of
1858 3224 37 22 the

1301 3247 93 26 natives,
1405 3253 33 15 we
1449 3246 59 22 need
1516 3247 81 28 hardly
1608 3255 38 20 say
1656 3248 45 22 this
1708 3249 20 21 is
1738 3249 54 28 only
1799 3250 96 23 another

1301 3272 82 27 charge
1392 3276 23 18 to
1423 3273 27 21 be
1460 3273 75 22 added
1543 3277 24 18 to
1578 3275 37 22 the
1631 3276 89 21 endless
1737 3276 37 21 list
1790 3283 33 15 we
1838 3277 57 22 have

1301 3299 90 27 already
1413 3300 110 22 recorded
1545 3301 88 26 against
1660 3302 96 28 Captain
1778 3303 116 24 Hobson's

1301 3327 162 21 Government.
1493 3327 22 21 It
1524 3327 19 22 is
1556 3328 86 22 further
1660 3329 69 27 proof
1743 3329 26 22 of
1783 3330 37 22 his
1839 3332 56 21 total

1301 3353 114 26 disregard
1425 3353 26 22 of
1462 3353 38 22 the
1509 3354 94 23 interest
1612 3356 46 21 and
1668 3356 50 22 well
1734 3356 68 28 being
1816 3357 27 22 of
1860 3358 33 22 all

1301 3380 37 22 the
1354 3380 133 27 Europeans
1503 3381 101 22 resident
1620 3382 24 22 in
1663 3382 44 23 this
1726 3386 50 24 part
1792 3384 27 21 of
1838 3384 57 23 New

1301 3407 107 22 Zealand.
1438 3407 45 22 Mr.
1495 3407 99 23 Dawson
1600 3416 44 15 was
1654 3410 122 27 appointed
1784 3414 24 18 to
1823 3415 37 18 act
1870 3412 24 21 in

1301 3434 129 27 conduction
1439 3434 54 21 with
1500 3434 44 23 Mr.
1551 3435 100 28 Murphy
1658 3436 70 22 about
1734 3437 62 27 eight
1802 3438 93 22 months

1300 3461 69 22 since.
1390 3460 49 22 The
1449 3461 158 29 appointment
1616 3470 44 14 was
1670 3463 98 27 thought
1775 3464 119 28 sufficient,

1301 3488 94 26 sending
1405 3487 47 22 him
1462 3487 53 22 here
1531 3495 45 15 was
1593 3493 40 18 not
1650 3490 96 22 deemed
1766 3497 127 22 necessary.

1300 3514 33 22 To
1340 3514 45 22 this
1394 3514 58 22 hour
1461 3515 46 21 this
1514 3515 130 26 gentlemen
1654 3516 41 22 has
1704 3517 118 22 remained
1832 3525 63 21 away

1300 3541 23 22 in
1333 3548 156 20 consequence
1497 3542 27 21 of
1538 3546 41 17 not
1593 3542 84 28 having
1693 3543 38 22 the
1746 3550 79 15 means
1843 3552 52 20 pro-

1301 3567 66 23 vided
1376 3568 48 21 him
1434 3567 26 22 of
1470 3568 108 28 reaching
1586 3569 34 22 his
1630 3569 144 23 destination.
1804 3570 53 23 Had
1865 3572 30 21 he

1301 3595 88 22 arrived
1396 3595 26 21 in
1432 3595 43 21 due
1486 3602 87 20 course,
1583 3595 37 22 the
1630 3596 130 28 Wanganui
1769 3596 46 23 and
1824 3597 71 23 Tara-

1300 3622 54 22 naki
1364 3621 78 28 people
1450 3621 76 22 would
1533 3625 41 18 not
1580 3622 57 22 have
1643 3622 118 23 remained
1766 3631 24 14 so
1797 3624 98 28 entirely

1300 3649 105 22 destitute
1430 3648 26 22 of
1481 3649 73 27 police
1573 3650 126 26 protection
1719 3657 24 15 as
1763 3651 54 26 they
1835 3651 59 22 have

1301 3676 65 21 been.

1326 3702 49 22 The
1394 3701 115 27 following
1525 3702 20 21 is
1564 3701 95 23 another
1681 3702 103 23 instance
1809 3704 27 21 of
1855 3704 38 23 the

1300 3729 89 27 neglect
1398 3736 25 15 so
1438 3728 69 22 much
1518 3728 46 22 and
1578 3729 70 27 justly
1660 3729 143 27 complained
1817 3731 30 21 of.
1872 3732 21 21 A

1300 3756 94 27 petition
1408 3756 69 21 about
1494 3762 15 14 a
1521 3755 69 28 ship's
1604 3756 92 27 register
1711 3763 45 15 was
1769 3757 124 23 forwarded

1300 3782 97 23 months'
1402 3782 61 22 since
1472 3785 23 18 to
1500 3782 62 27 Capt.
1569 3782 94 22 Hobson
1672 3791 5 19 ;
1688 3783 205 24 buthasremained

1300 3809 129 23 unnoticed.
1458 3809 49 21 The
1517 3810 99 26 pleasant
1626 3809 162 24 circumstance
1796 3818 97 16 connec-

1299 3836 38 23 ted
1347 3836 54 23 with
1410 3836 38 21 the
1456 3843 51 14 case
1514 3836 26 27 is,
1552 3836 49 21 that
1608 3836 62 22 there
1679 3844 71 15 never
1756 3838 73 21 would
1836 3838 57 23 have

1299 3864 58 21 been
1375 3871 44 19 any
1428 3863 90 27 ground
1533 3863 35 21 for
1584 3863 38 21 the
1637 3863 97 27 petition
1747 3864 40 22 but
1804 3865 35 22 for
1855 3866 38 22 the

1299 3890 109 28 illiteracy
1419 3890 26 21 of
1451 3890 38 21 the
1500 3889 102 22 Colonial
1609 3891 122 27 Secretary,
1742 3891 81 23 foisted
1832 3900 61 20 upon

1301 3917 54 22 New
1366 3916 101 23 Zealand
1475 3917 32 27 by
1518 3916 94 28 Captain
1623 3917 102 22 Hobson.

1326 3944 42 23 We
1379 3944 65 22 think
1454 3943 38 23 the
1510 3944 126 26 Wanganui
1653 3944 89 23 settlers
1752 3945 74 23 would
1836 3946 57 23 have

1956 2491 36 22 On
2018 2492 102 27 Monday
2142 2492 49 27 last,
2210 2501 14 14 a
2242 2495 102 26 meeting
2359 2501 45 15 was
2420 2495 54 22 held
2497 2499 20 19 at

1927 2518 109 22 Barrett's
2054 2519 74 28 Hotel,
2147 2523 23 18 at
2187 2527 68 15 seven
2272 2521 85 22 o'clock
2373 2521 23 21 in
2412 2521 37 23 the
2467 2530 50 14 eve-

1927 2546 63 26 ning,
2008 2546 24 21 in
2051 2546 134 28 conformity
2192 2547 54 22 with
2263 2547 38 22 the
2316 2548 165 27 adjournment,
2493 2553 22 18 to

1928 2573 104 21 consider
2041 2572 38 22 the
2095 2574 113 27 propriety
2221 2574 27 22 of
2258 2574 107 29 adopting
2380 2575 37 21 the
2435 2577 81 27 Corpo-

1926 2599 73 21 ration
2011 2600 46 27 bill,
2069 2607 24 15 as
2103 2601 82 26 agreed
2190 2605 22 17 to
2217 2601 33 26 by
2257 2601 36 22 the
2300 2601 61 27 joint
2370 2604 146 22 committees.

1928 2626 44 21 Mr.
1983 2626 61 27 Earp
2054 2634 44 15 was
2108 2627 71 22 called
2189 2631 22 18 to
2220 2628 40 22 the
2267 2628 69 22 chair.
2365 2629 45 21 Mr.
2422 2630 93 22 Hanson

1926 2653 124 22 submitted
2059 2653 38 22 the
2106 2654 37 22 bill
2150 2658 23 17 to
2182 2653 36 23 the
2227 2655 105 27 meeting,
2341 2655 46 22 and
2394 2656 40 22 Dr.
2443 2657 74 22 Evans

1926 2679 125 23 advocated
2060 2680 28 22 its
2098 2681 112 27 adoption,
2221 2681 46 22 and
2276 2681 17 22 it
2303 2689 45 15 was
2356 2683 160 28 unanimously

1926 2706 121 27 approved.
2086 2707 41 21 Dr.
2141 2707 86 28 Evans,
2241 2709 26 20 in
2284 2716 15 14 a
2314 2709 83 27 speech
2413 2711 104 26 evincing

1926 2736 64 22 great
1999 2733 85 27 ability,
2095 2734 171 22 recommended
2281 2735 49 22 that
2339 2736 38 22 the
2385 2737 40 21 bill
2436 2737 80 23 should

1926 2760 28 20 be
1965 2761 160 26 accompanied
2133 2761 30 27 by
2173 2769 15 14 a
2203 2763 116 21 memorial
2337 2767 22 17 to
2375 2763 38 23 the
2432 2765 85 21 Gover-

1926 2793 49 20 nor,
1987 2787 83 27 setting
2084 2787 58 23 forth
2151 2788 38 22 the
2204 2789 122 27 principles
2336 2791 26 21 of
2372 2790 39 23 the
2421 2791 92 27 settlers,

1927 2813 72 22 which
2010 2815 73 21 under
2099 2822 44 20 any
2152 2815 175 23 circumstances
2342 2817 54 27 they
2405 2825 58 15 were
2480 2819 37 21 de-

1926 2841 113 21 termined
2049 2845 21 18 to
2081 2842 114 27 maintain,
2206 2842 46 22 and
2261 2843 58 22 their
2328 2850 92 16 reasons
2436 2845 34 22 for
2479 2846 38 21 de-

1926 2867 71 27 siring
2008 2868 38 22 the
2056 2868 40 22 bill
2105 2868 51 22 with
2171 2869 73 23 which
2260 2870 19 21 it
2295 2877 44 15 was
2349 2872 166 27 accompanied.

1926 2894 52 22 One
1988 2895 25 21 of
2020 2895 38 22 the
2069 2895 83 23 clauses
2163 2897 26 21 of
2195 2896 38 23 the
2242 2896 40 22 bill
2291 2897 115 28 stipulates
2417 2899 49 21 that
2474 2899 38 22 the

1926 2925 63 18 votes
1999 2922 28 22 of
2037 2922 38 22 the
2085 2922 114 28 burgesses
2210 2923 55 22 shall
2276 2923 29 23 be
2316 2924 66 23 taken
2392 2925 31 27 by
2433 2926 69 21 ballot
2509 2934 5 17 ;

1926 2948 47 22 and
1981 2956 13 14 a
2004 2956 55 21 very
2068 2953 54 18 neat
2130 2949 73 23 model
2215 2950 26 22 of
2250 2951 38 21 the
2303 2951 46 22 box
2357 2952 115 27 invented,
2484 2960 31 14 we

1926 2975 94 28 believe,
2030 2975 31 28 by
2066 2976 44 22 Mr.
2123 2977 75 27 Grote,
2208 2984 47 16 was
2264 2977 114 23 exhibited
2386 2979 31 28 by
2425 2980 45 21 Mr.
2479 2981 35 20 W.

1927 3001 29 23 A.
1968 3002 93 28 Cooper.

1952 3028 49 23 The
2017 3029 114 28 following
2145 3030 135 23 resolutions
2300 3031 45 23 will
2366 3032 91 29 explain
2478 3033 36 22 the

1924 3055 105 23 business
2039 3057 26 21 of
2075 3057 38 21 the
2124 3058 96 26 evening
2228 3066 6 14 :

1989 3090 120 21 Resolved,

1945 3118 51 17 That
2006 3118 34 17 the
2048 3118 51 18 draft
2110 3118 21 18 of
2136 3118 32 19 the
2175 3119 39 18 Bill
2220 3120 30 17 for
2258 3119 127 24 establishing
2392 3126 12 13 a
2410 3121 103 23 Municipal

1924 3139 127 22 Corporation
2058 3141 20 15 at
2090 3140 45 17 Port
2142 3140 110 22 Nicholeon,
2262 3141 68 22 agreed
2337 3142 21 18 to
2365 3142 27 21 by
2403 3143 33 18 the
2447 3143 66 18 united

1924 3160 127 18 Committees
2063 3161 101 21 appointed
2177 3163 21 16 at
2205 3161 95 18 Barrett's
2311 3162 59 19 Hotel
2378 3164 40 18 and
2425 3164 33 18 the
2465 3165 48 17 Dur-

1924 3181 46 17 ham
1977 3182 66 21 Arms,
2050 3182 24 17 be
2081 3182 94 22 approved
2182 3182 38 18 and
2226 3182 90 23 adopted.

1945 3203 51 17 That
2002 3208 12 12 a
2021 3203 37 18 fair
2065 3207 48 21 copy
2121 3204 19 17 of
2145 3204 32 17 the
2185 3207 54 14 same
2245 3203 25 19 be
2276 3205 63 21 made,
2344 3205 38 18 and
2389 3206 124 18 transmitted

1924 3224 21 17 to
1952 3224 34 17 the
1994 3224 99 17 Governor
2100 3229 21 13 in
2131 3224 84 18 Council.

1945 3245 49 17 That
2001 3245 35 17 the
2042 3245 68 18 united
2116 3246 121 18 Committees
2244 3246 25 18 be
2277 3247 104 22 requested
2387 3249 22 17 to
2415 3252 79 19 prepare
2500 3253 11 13 a

1924 3266 108 21 Memorial,
2045 3266 21 17 in
2077 3268 79 20 support
2166 3268 21 17 of
2196 3268 33 17 the
2236 3267 38 18 Bill
2281 3272 21 13 as
2310 3268 89 22 adopted,
2406 3270 22 17 to
2439 3274 72 13 accom-

1923 3291 52 18 pany
1986 3287 18 17 it
2013 3288 56 17 when
2082 3288 104 18 forwarded
2192 3289 21 17 to
2225 3288 34 18 the
2269 3289 99 19 Governor
2375 3290 39 18 and
2426 3290 85 22 Council,

1923 3308 40 18 and
1969 3308 42 18 that
2019 3309 34 17 the
2062 3309 83 25 Meeting
2151 3309 24 18 be
2182 3309 106 22 adjoarned
2292 3311 52 17 until
2349 3311 102 23 Thursday
2457 3316 54 13 even-

1923 3328 35 24 ing
1965 3330 53 21 next,
2027 3331 21 16 at
2056 3330 10 18 7
2072 3330 78 22 o'clock,
2158 3331 48 17 then
2212 3332 23 17 to
2242 3331 24 18 be
2272 3332 46 17 held
2324 3332 21 17 at
2352 3332 33 18 the
2392 3337 54 14 same
2451 3333 60 22 place,

1924 3351 21 16 t*
1949 3355 84 16 approve
2040 3351 33 17 the
2080 3351 105 18 Memorial.

1952 3379 37 21 On
2007 3379 120 27 Thursday
2144 3379 104 28 evening,
2272 3379 39 23 the
2331 3381 101 28 meeting
2447 3382 63 27 again

1923 3405 127 23 assembled
2058 3405 23 22 in
2093 3406 104 22 Barrett's
2208 3407 76 21 Hotel.
2322 3407 48 22 The
2388 3415 63 15 room
2466 3415 45 15 was

1924 3433 143 21 crammed
2068 3433 67 21 about
2149 3433 50 22 four
2216 3433 104 22 hundred
2338 3442 92 19 persons
2446 3435 65 26 being

1925 3462 97 21 present.
2062 3459 43 22 Mr.
2126 3459 58 27 Earp
2203 3467 29 15 on
2243 3460 78 28 taking
2335 3461 39 23 the
2389 3462 68 28 chair,
2467 3469 44 14 was

1922 3486 92 25 greeted
2023 3485 54 23 with
2087 3486 62 22 three
2157 3486 86 23 cheers.

1950 3518 48 22 The
2015 3519 125 22 Chairman
2156 3519 52 23 then
2225 3521 126 27 proceeded
2369 3525 22 19 to
2408 3525 56 19 state
2474 3522 36 22 the

1923 3545 75 27 object
2013 3546 26 21 of
2050 3545 38 22 the
2104 3547 104 27 meeting,
2227 3547 73 23 which
2317 3556 46 15 was
2384 3552 24 19 to
2426 3549 84 22 receive

1923 3571 38 22 the
1977 3572 118 22 memorial
2111 3575 23 19 to
2147 3581 140 21 accompany
2300 3575 38 22 the
2357 3575 60 23 draft
2436 3575 24 23 of
2474 3576 36 21 the

1923 3598 147 28 Corporation
2088 3599 52 27 Bill,
2158 3600 72 22 which
2247 3601 46 22 had
2305 3602 59 22 been
2377 3602 87 22 framed
2481 3603 29 26 by

1924 3624 37 23 the
1971 3625 145 23 Committees
2126 3630 23 19 to
2156 3628 46 21 suit
2210 3627 38 23 the
2258 3632 72 19 wants
2340 3629 28 21 of
2382 3629 38 22 the
2436 3629 74 21 settle-

1923 3655 69 19 ment.
2016 3652 147 24 Instructions
2168 3654 107 22 hadbeen
2282 3659 51 19 sent
2337 3656 57 21 from
2399 3656 110 26 England,

1923 3679 140 28 authorising
2072 3680 55 22 such
2137 3688 12 14 a
2164 3681 51 26 Bill,
2234 3682 41 22 but
2292 3682 17 22 it
2328 3690 43 14 was
2386 3682 42 22 left
2443 3685 22 19 to
2472 3682 38 22 the

1924 3705 155 23 Government
2088 3706 54 23 here
2151 3711 22 19 to
2182 3708 33 22 fill
2226 3716 29 19 up
2265 3709 37 21 the
2313 3709 86 22 details.
2434 3709 32 21 As
2472 3709 37 21 the

1924 3732 119 23 Governor
2051 3733 46 22 had
2112 3741 66 15 never
2194 3735 57 23 been
2267 3736 60 27 here,
2344 3736 28 22 he
2387 3736 66 22 could
2470 3739 40 18 not

1923 3760 66 21 know
1999 3760 59 22 their
2069 3765 69 18 wants
2145 3770 5 18 ;
2167 3762 29 22 he
2207 3762 43 22 had
2265 3763 68 21 about
2342 3762 47 22 him
2398 3769 53 15 men
2460 3762 49 21 who

1924 3793 57 16 were
1992 3786 37 22 the
2041 3788 97 21 enemies
2147 3789 26 20 of
2184 3788 43 23 this
2241 3789 70 27 place,
2330 3789 45 22 and
2392 3788 72 22 whom
2480 3789 29 21 all

1923 3814 138 26 respectable
2071 3822 52 14 men
2133 3814 44 22 had
2189 3816 59 22 been
2264 3815 123 28 compelled
2404 3819 23 18 to
2438 3816 68 22 avoid.

1926 3840 25 22 In
1963 3840 38 22 the
2011 3841 63 27 early
2084 3845 61 23 stage
2159 3842 26 22 of
2206 3843 37 21 the
2259 3842 93 26 Colony,
2371 3842 37 22 the
2423 3842 85 22 settlers

1923 3867 45 22 had
1976 3868 110 27 managed
2097 3868 56 22 their
2162 3876 49 14 own
2222 3870 74 21 affairs
2313 3870 92 20 without
2421 3868 41 22 the'
2473 3868 36 22 aid

1924 3894 25 21 of
1961 3895 163 21 Government.
2158 3895 64 28 Now,
2243 3896 110 26 however,
2372 3895 50 22 that
2435 3896 18 21 it
2464 3895 44 21 had

1924 3921 128 27 interfered,
2064 3921 52 28 they
2126 3929 56 15 were
2191 3922 69 22 about
2270 3925 22 19 to
2302 3926 116 27 represent
2434 3925 23 18 to
2473 3922 34 21 his

1926 3948 134 28 Excellency
2072 3948 48 22 that
2130 3948 34 22 the
2181 3949 119 27 principles
2308 3949 46 22 laid
2365 3949 64 22 down
2439 3949 23 21 in
2470 3949 36 21 the

545 51 102 31 THE
666 51 114 31 NEW
797 51 231 31 ZEALAND
1049 48 226 32 GAZETTE
1296 47 103 32 AND
1417 47 330 32 WELLINGTON
1770 46 294 32 SPECTATOR.

1919 127 98 28 adopted
2025 135 14 15 a
2055 127 62 23 wiser
2135 134 78 16 course
2228 128 47 22 had
2291 128 54 28 they
2355 129 103 23 followed
2472 131 37 23 the

1919 154 104 27 example
2039 154 27 22 of
2084 152 56 24 their
2157 154 54 23 Port
2231 153 124 24 Nicholson
2376 156 105 23 brethren

1918 180 89 22 instead
2030 181 27 21 of
2075 181 133 27 petitioning
2230 181 94 27 Captain
2349 181 122 23 Hobson
2472 192 37 20 pe-

1919 206 95 22 titioned
2024 207 38 21 the
2072 207 78 23 Queen
2159 207 36 23 for
2204 208 35 22 his
2247 208 109 22 removal.

1947 233 42 21 We
2006 233 71 22 think*
2087 234 36 22 the
2139 234 43 27 day
2197 234 27 21 of
2242 234 37 22 the
2300 235 108 22 cessation
2431 235 24 22 of
2463 236 48 24 -the

1919 260 101 21 troubles
2036 260 26 22 of
2072 260 37 22 the
2127 261 130 26 Wanganui
2272 261 87 22 settlers
2373 262 19 21 is
2408 265 23 19 at
2445 263 67 24 hand.

1919 286 75 22 When
2006 286 37 22 the
2059 287 52 21 land
2128 287 18 22 is
2160 287 67 27 given
2245 291 45 23 out,
2303 287 53 28 they
2366 288 44 22 will
2427 289 56 22 have
2499 299 13 14 a

1920 313 154 22 considerable
2091 315 111 21 accession
2218 317 23 18 to
2257 313 59 23 their
2332 315 97 21 number
2444 317 25 20 of
2479 324 33 15 re-

1919 340 113 26 spectable
2058 340 117 27 European
2197 340 96 27 settlers,
2312 341 75 22 whose
2407 349 105 18 presence

1921 366 43 21 will
1975 366 28 22 be
2014 366 58 22 alike
2083 374 12 13 a
2105 366 71 22 check
2189 374 61 21 upon
2267 367 38 22 the
2320 368 61 21 band
2392 369 25 20 of
2427 369 85 23 lawless

1921 392 130 22 white-men
2063 392 67 29 there,
2142 393 45 22 and
2194 400 60 21 upon
2262 394 39 22 the
2307 394 104 27 bullying
2420 395 26 21 of
2453 403 59 16 some

1920 419 27 21 of
1959 419 38 22 the
2008 420 92 21 natives.

1947 470 68 28 Upon
2025 479 13 13 a
2048 471 137 27 comparison
2197 471 27 22 of
2237 472 39 21 the
2291 472 79 22 winter
2380 472 98 22 weather
2492 478 21 18 at

1921 496 129 28 Wanganui
2060 498 43 21 and
2112 498 22 21 in
2146 498 37 21 the
2194 498 70 22 South
2274 499 27 21 of
2307 499 75 27 Spain,
2394 499 119 24 the-result

2030 524 84 28 greatly
2132 524 25 22 in
2173 524 80 22 favour
2269 526 26 21 of
2309 525 37 22 the
2363 526 90 22 former.
2483 528 30 22 At

1921 550 49 22 first
1989 558 68 20 many
2076 558 54 15 were
2149 552 100 21 inclined
2266 555 22 18 to
2306 552 86 22 believe
2409 553 49 21 that
2476 554 36 22 the

1922 578 105 30 quantity
2043 578 26 21 of
2081 578 57 26 good
2148 578 55 21 land
2218 582 24 17 at
2257 578 128 28 Wanganui
2462 587 51 21 very

1921 604 94 26 limited,
2027 605 40 21 but
2083 604 158 28 subsequently
2251 612 33 15 we
2298 605 54 22 hear
2363 613 14 14 a
2386 613 54 21 very
2453 606 60 28 large

1922 634 59 19 tract
1991 632 27 21 of
2023 631 60 27 land,
2095 632 24 21 of
2130 630 93 28 fertility
2233 632 65 27 equal
2311 635 22 19 to
2344 639 45 21 any
2399 636 22 18 to
2432 635 28 19 be
2470 639 43 17 met

1921 657 54 22 with
1985 658 24 21 in
2020 658 37 22 the
2067 658 73 27 world,
2151 658 41 23 has
2208 658 57 22 been
2283 658 71 23 found
2370 667 29 14 on
2413 660 44 21 this
2467 660 46 23 side

1923 685 25 21 of
1959 684 39 23 the
2008 684 126 26 Wanganui
2149 686 66 21 river.
2246 685 61 22 With
2323 686 55 22 such
2394 693 14 14 a
2423 686 90 23 climate

1923 710 45 23 and
1978 711 49 27 soil,
2037 712 46 21 and
2096 715 67 18 water
2179 712 105 27 carriage,
2295 719 94 21 persons
2400 721 38 14 are
2449 714 64 26 justi-

1923 736 45 23 fied
1983 738 25 21 in
2025 738 66 27 being
2100 739 109 26 sanguine
2225 740 127 26 respecting
2365 740 39 21 the
2413 747 100 21 progress

1923 764 26 21 of
1956 764 49 21 that
2015 764 133 22 settlement.

1296 131 59 23 little
1367 131 71 24 doubt
1449 131 50 24 that
1511 131 62 23 Lord
1582 130 62 24 John
1655 130 97 24 Russell
1763 130 47 23 will
1822 137 67 16 cause

1296 164 19 22 it
1326 168 22 19 to
1361 164 31 23 be
1404 164 139 23 disallowed.
1670 164 4 11 '

1331 197 40 23 On
1383 197 136 31 submitting
1531 197 37 23 the
1580 197 118 23 estimates
1709 195 41 25 for.
1757 195 39 24 the
1807 202 84 24 survey

1297 229 151 32 department,
1458 238 14 15 a
1479 230 96 30 lengthy
1584 229 129 23 discussion
1722 237 65 15 arose
1796 228 95 24 relative

1297 266 24 20 to
1341 263 39 23 the
1397 263 155 23 inaccuracies
1570 261 25 24 of
1618 261 38 24 the
1676 269 103 23 surveys,
1803 262 89 30 arising

1297 295 115 31 evidently
1422 295 60 24 from
1495 296 38 22 the
1541 294 133 32 patchwork
1683 302 95 16 manner
1785 295 24 22 in
1816 294 75 23 which

1298 328 38 24 the
1348 336 96 23 surveys
1457 328 25 24 of
1497 327 58 25 New
1567 327 75 24 South
1658 327 80 24 Wales
1756 328 59 23 have
1832 327 59 23 been

1298 361 88 24 carried
1397 369 37 21 on,
1447 361 46 24 and
1509 360 59 25 from
1586 362 125 29 surveying
1727 360 31 31 by
1776 368 114 23 compass.

1298 394 51 24 The
1361 394 129 24 discussion
1502 394 83 24 tended
1595 398 24 18 to
1627 393 62 24 shew
1695 394 50 23 that
1753 400 30 17 no
1796 400 95 24 surveys

1298 427 75 24 would
1394 435 71 23 prove
1486 431 86 20 correct
1587 427 75 23 which
1681 434 59 16 were
1763 430 41 19 not
1824 427 74 22 made-

1299 460 175 31 continuously;
1495 460 45 23 and
1550 460 96 29 further,
1659 460 50 23 that
1721 460 125 30 advantage
1863 467 29 15 on

1298 493 31 23 all
1341 493 100 31 possible
1451 494 117 23 occasions
1579 493 83 23 should
1672 493 30 23 be
1710 493 72 23 taken
1789 493 26 22 of
1825 500 67 23 every

1298 526 155 24 well-defined
1472 526 91 24 natural
1578 526 98 24 feature.
1719 526 31 23 In
1769 526 55 29 fact,
1844 526 49 23 that

1298 559 120 24 whenever
1429 567 14 15 a
1455 559 87 24 feature
1555 559 25 23 of
1594 559 39 24 the
1644 559 58 24 kind
1712 567 45 15 was
1769 563 48 19 met
1828 559 63 29 with,

1299 601 13 15 a
1322 592 119 31 boundary
1451 593 47 23 line
1510 592 82 24 should
1602 592 29 24 be
1643 592 66 24 made
1721 597 22 19 to
1762 600 131 16 commence

1299 625 71 29 there,
1384 633 57 16 even
1453 625 86 31 though
1552 626 17 23 it
1580 625 43 24 left
1633 634 15 15 a
1656 625 70 24 block
1744 626 27 23 of
1788 625 56 24 land
1853 625 40 23 de-

1298 659 78 23 ficient
1388 659 25 23 of
1428 667 25 15 or
1472 659 124 31 exceeding
1613 659 40 23 the
1670 659 100 23 uniform
1789 659 105 30 quantity

1299 700 60 22 upon
1371 692 75 23 which
1457 691 39 24 the
1507 700 83 22 survey
1602 700 46 15 was
1658 692 71 30 being
1738 691 137 24 conducted.

1333 857 51 24 The
1397 857 120 24 Governor
1529 856 85 32 replied
1627 857 49 23 that
1687 856 29 24 he
1728 857 46 23 had
1790 857 104 23 received

1298 898 30 16 no
1347 890 146 24 information
1510 898 61 23 upon
1590 889 39 24 the
1647 889 96 32 subject.
1781 889 40 25 He
1841 889 53 24 then

1298 924 55 23 read
1364 931 30 16 an
1406 928 88 19 extract
1505 923 74 23 which
1590 923 114 31 appeared
1716 928 21 19 to
1756 923 27 24 be
1801 923 61 23 from
1883 931 11 15 a

1298 957 66 23 letter
1388 957 26 23 of
1444 957 150 23 instructions
1616 960 23 20 to
1664 957 99 30 Captain
1787 956 106 29 Hobson,

1299 990 143 30 authorising
1452 990 49 23 him
1510 995 23 18 to
1543 990 60 23 draw
1613 989 39 24 the
1661 990 102 30 supplies
1773 997 121 23 necessary

1299 1027 23 19 to
1334 1023 110 23 establish
1456 1023 36 23 his
1505 1023 164 28 Government,
1681 1022 60 24 from
1754 1023 57 23 New
1820 1022 74 24 South

1298 1056 89 23 Wales.

1333 725 48 23 Mr.
1395 725 22 23 J.
1430 725 136 23 Macarthur
1582 725 111 30 enquired
1709 724 102 24 whether
1830 724 63 24 there

1299 765 46 16 was
1363 766 46 22 any
1427 762 159 27 arrangement
1603 757 36 24 for
1658 758 39 23 the
1717 762 134 26 repayment
1872 757 24 23 of

1299 790 39 25 the
1348 791 64 30 large
1424 799 51 15 sum
1487 792 25 22 of
1526 798 82 23 money
1619 790 76 23 -which
1711 790 46 24 had
1776 790 59 23 been
1854 788 40 25 ad-

1300 824 85 24 vanced
1396 828 23 19 to
1431 824 59 24 New
1498 824 102 23 Zealand
1609 823 30 30 by
1648 823 57 24 New
1714 822 76 25 South
1797 822 96 25 Wales?

120 2870 171 24 SHIPPING
310 2871 278 27 INTELLIGENCE.

280 2924 146 18 ARRIVED.

85 2946 84 28 August
188 2949 35 22 15,
244 2948 104 21 schooner
372 2949 72 25 Eliza,
466 2950 112 27 Sheridan,
595 2953 53 21 from

59 2974 117 27 Wanganui
186 2983 5 16 ;
207 2981 68 20 cargo,
285 2977 37 19 oil.

87 3005 84 23 August
181 3003 34 24 16,
226 3003 103 21 schooner
345 3004 62 25 Jane,
419 3004 81 27 Lundy,
512 3005 55 22 from
585 3007 63 21 Wan-

59 3031 75 23 i*amii;
157 3036 69 19 cargo,
246 3031 36 19 oil.
323 3031 124 26 Passengers
477 3032 89 23 Messrs.
584 3035 26 20 E.
626 3036 22 21 J.

59 3057 115 20 Wakefield
184 3057 41 20 and
235 3058 25 20 E.
273 3058 86 20 Dorset.

85 3084 84 26 August
184 3085 34 24 17,
235 3086 103 20 schooner
357 3087 106 25 Surprise,
473 3087 56 21 from
545 3088 103 23 Taranaki

59 3112 40 20 and
108 3112 119 26 Wanganui
236 3120 5 16 ;
257 3119 70 20 cargo,
338 3114 31 20 oil
383 3114 43 20 and
439 3115 129 22 whalebone.
599 3117 49 21 Pas-

59 3146 73 19 senger
161 3140 43 20 Mr.
216 3139 21 21 J.
250 3140 76 21 Smith.

85 3167 84 26 August
185 3168 34 23 19,
231 3168 46 25 brig
293 3169 83 25 Jewess,
388 3169 40 20 204
445 3172 56 22 tons,
513 3170 68 26 Crew,
594 3173 54 21 from

59 3193 84 26 Sydney
152 3203 5 16 ;
173 3201 69 20 cargo,
253 3196 154 26 merchandize,
419 3197 70 27 sheep,
501 3198 42 20 and
553 3201 72 20 cattle.

86 3221 83 26 August
177 3223 34 23 20,
223 3222 144 21 Government
381 3224 49 26 brig
442 3225 100 25 Victoria,
554 3228 52 20 with
615 3228 33 21 his

59 3248 125 27 Excellency
193 3250 37 19 the
241 3250 109 21 Governor
360 3251 42 20 and
411 3252 55 21 suite
476 3259 29 14 on
514 3253 75 22 board.

87 3276 82 26 August
192 3278 33 23 21,
242 3278 112 20 American
371 3279 47 25 ship
440 3280 77 25 Cicero,
537 3281 111 27 Simmons,

59 3302 55 20 from
124 3304 36 19 the
169 3304 90 26 whaling
267 3306 102 24 grounds.

297 3350 116 21 SAILED.

85 3374 83 27 August
179 3376 32 24 17,
224 3377 103 21 schooner
335 3379 105 24 Minerva,
452 3378 62 27 Reid,
522 3380 35 21 for
567 3381 81 27 Cloudy

59 3401 53 27 Bay,
123 3403 51 20 with
181 3406 67 18 stores
258 3405 34 20 for
301 3405 92 26 whaling
402 3407 96 20 stations.
526 3407 122 29 Passengers

89 3429 42 22 Mr,
143 3430 109 26 Campbell
260 3433 42 19 and
312 3432 62 27 Capt.
384 3433 112 21 Williams.

284 3477 35 20 IN
333 3477 86 22 PORT.

115 3502 87 27 Barque.
208 3503 116 21 Katherine
334 3505 94 20 Stewart
437 3506 82 28 Forbes,
534 3507 83 23 Hobbs.

231 3532 63 24 Tyne,
305 3531 127 22 Robertson.

115 3558 111 20 Schooner
235 3559 82 25 Bailey,
328 3560 98 21 Sinclair.

115 3585 53 26 Brig
176 3586 50 19 Ann
237 3586 85 25 Sophia,
331 3586 79 21 James.

116 3614 110 19 Schooner
236 3614 70 24 Eliza,
319 3613 109 22 Sheridan.

237 3641 61 24 Jane,
308 3640 84 28 Lundy.

240 3668 106 26 Surprise.

116 3696 53 26 Brig
177 3696 84 24 Jewess,
273 3696 66 20 Crew.

117 3723 145 20 Government
270 3723 48 25 brig
331 3723 100 26 Victoria,
443 3723 109 23 Richards.

117 3751 113 20 American
240 3750 47 27 ship
301 3750 78 24 Cicero,
390 3750 113 22 Simmons.

61 3805 91 21 Notic
162 3811 26 14 to
207 3805 139 20 Mariners.
378 3805 78 21 Light
466 3811 78 15 house
558 3813 32 15 on
604 3814 44 14 the

265 3833 101 20 Maplin
378 3833 74 20 Sand.

158 3859 85 27 Trinity
252 3859 82 25 House,
343 3861 101 22 London,
454 3859 48 21 Jan.
515 3861 34 24 14,
562 3862 60 20 1841.

91 3887 76 20 Notice
173 3888 18 18 is
197 3887 78 26 hereby
280 3889 69 24 given,
359 3888 47 20 that
411 3888 36 20 the
453 3887 53 26 light
512 3889 66 20 house
585 3889 63 21 which

61 3915 38 19 has
105 3914 54 20 been
165 3915 34 19 for
210 3920 58 14 some
275 3915 52 20 time
338 3918 47 23 past
402 3915 22 19 in
438 3921 74 14 course
522 3916 24 19 of
559 3917 89 20 erection

61 3947 57 19 upon
129 3941 37 21 the
181 3941 85 25 Maplin
285 3942 57 21 Sand
348 3943 22 20 it
378 3943 74 23 nearly
471 3943 125 23 completed,
610 3944 38 21 and

697 716 48 17 1841.

784 694 52 17 Time
843 694 21 16 of

780 715 88 16 Observa-

800 736 44 16 tion.

897 703 55 16 Baro-

892 726 64 15 meter.

972 703 87 17 Thermo-

983 726 65 14 meter.

1090 706 54 45 !

1085 753 17 14 Q>
1111 759 33 10 ON

1186 712 60 17 Wind.

685 794 76 20 ?riday...

803 794 10 15 8

803 814 52 20 Ip.m.

802 836 9 15 5

803 856 10 15 8

803 877 51 19 Ip.m.

803 898 9 14 5

802 918 10 15 8

803 939 53 19 Ip.m.

802 960 10 14 5

803 980 10 15 8

803 1000 52 20 Ip.m.

802 1042 11 15 8

802 1063 53 19 Ip.m.

802 1084 9 14 5

802 1104 10 15 8

803 1125 53 19 Ip.m.

802 1146 9 14 5

803 1166 10 15 8

803 1187 52 20 Ip.m.

803 1209 9 14 5
841 1209 5 4 '

897 793 58 16 30.512

897 814 59 16 30.488

998 792 27 15 40.

998 813 39 15 49.5

1082 814 58 17 None.

1160 809 109 33 [Northerly.

685 856 23 16 iat

897 855 58 15 30.550

897 875 58 16 30.500

897 896 59 16 30.504

897 917 58 16 30.512

897 938 59 16 30.452

897 959 59 15 30.456

897 980 59 15 30.478

897 1000 59 16 30.478

897 1020 59 17 30.472

897 1041 58 17 30.458

897 1062 59 16 30.410

897 1083 58 16 30.370

897 1104 59 16 30.042

897 1124 59 19 29.994

897 1145 58 16 29.900

897 1166 59 16 29.970

897 1187 59 15 29.958

897 1207 60 16 29.974

999 854 28 16 42.

998 875 28 15 53.

999 896 27 16 52.

998 917 28 15 48.

999 938 27 15 53.

1081 877 59 16 None.

1166 855 23 17 N.
1196 856 23 19 by
1225 855 28 17 W.

1166 876 22 17 N.
1196 876 22 20 by
1225 876 27 17 W.

1166 897 22 16 N.
1196 898 23 19 by
1227 897 25 17 W.

1166 917 22 17 N.
1196 918 22 19 by
1225 917 27 17 W.

1166 938 92 21 Westerly.

1165 959 93 21 Westerly.

1166 980 101 20 Northerly.

1165 1001 22 16 N.
1196 1002 23 19 by
1226 1001 26 17 W.

1165 1021 105 21 N.W.ByW.

1165 1042 22 17 N.
1196 1044 22 19 by
1226 1043 26 16 W.

1165 1063 102 21 Northerly.

1165 1084 102 21 Northerly.

1166 1105 22 16 N.
1196 1107 22 19 by
1227 1105 26 17 W.

1166 1126 63 17 North.

1165 1147 102 20 Northerly.

1166 1167 51 16 N.W.

1167 1188 92 21 Westerly.

1168 1209 50 16 N.AV.

685 918 76 20 Sunday..

1081 938 58 17 None.

685 980 76 20 rlonday.

999 979 27 15 51.

998 1000 28 15 59.

998 1020 28 16 57.

999 1041 26 15 51.

999 1061 26 16 57.

998 1083 38 16 56.5

999 1104 26 15 55.

999 1124 26 16 54.

999 1145 26 15 54.

999 1166 26 15 52.

998 1187 39 16 56.5

999 1209 26 15 59.

1081 1000 57 17 None.

685 1042 76 21 Tuesday

1081 1063 57 16 None.

685 1103 38 17 Ved

1097 1126 35 16 1.22

685 1166 75 17 Nvurs...

1096 1188 37 16 0.53

690 2488 80 12 j-ionaon
856 2488 56 16 Apru
940 2488 17 12 .

690 2504 76 21 Sydney
856 2504 47 22 July
941 2505 18 17 7.

690 2525 42 18 Van
757 2525 99 18 Dieman's

709 2546 55 18 Land
857 2546 52 18 June
930 2547 29 16 30.

987 2504 83 17 Thames
1165 2506 48 21 Aug.
1241 2506 19 18 9.

989 2525 45 17 Port
1043 2525 69 22 Phillip
1125 2526 90 17 ....June
1232 2527 29 18 27.

987 2545 92 19 Adelaide
1166 2547 52 18 June
1243 2550 17 16 9.

773 2161 125 21 AGENTS
910 2161 58 20 FOR
984 2161 72 20 THIS
1069 2162 108 20 PAPER.

700 2187 38 18 Mr.
750 2187 127 18 BURCHA.M
973 2187 74 18 Petoni.

700 2208 39 18 Mr.
751 2208 23 17 R.
787 2209 116 17 BARRETT
978 2208 46 17 New
1032 2208 109 22 Plymouth,
1147 2208 103 19 Taranaki.

700 2230 38 17 Mr.
750 2229 26 18 H.
787 2229 124 18 CHURTON
976 2230 114 22 Wanganni.

700 2269 41 17 The
748 2269 98 21 following
853 2272 33 14 are
893 2269 33 17 tha
933 2270 80 20 quarter
1023 2269 47 21 days
1079 2269 21 17 of
1108 2268 40 18 this
1155 2273 60 17 paper
1221 2275 28 11 :

788 2290 68 17 March
1118 2292 46 15 31st.

785 2311 53 17 June
1115 2311 51 17 30th.

785 2331 113 22 September
1116 2332 50 18 30th.

786 2352 106 18 December
1115 2354 47 16 3lst.

700 2374 83 18 Persons
790 2374 110 21 previously
907 2375 19 16 to
940 2373 146 23 discontinuing
1098 2373 50 19 their
1155 2379 69 17 papers
1232 2374 36 17 and

680 2395 166 21 advertisements,
854 2396 54 16 must
915 2394 57 18 settle
980 2395 32 17 the
1023 2396 92 17 accounts
1124 2395 35 18 due
1168 2399 26 17 up
1206 2397 20 16 to
1238 2396 30 17 the

680 2417 52 13 date.

151 136 249 26 GOVERNMENT
418 135 137 24 NOTICE.

372 167 108 22 Barrett's
491 164 76 29 Hotel,

442 195 91 25 August
541 194 34 26 20,
586 193 61 21 1841.

306 220 95 22 Levee.

59 254 89 51 HIS
165 254 207 23 EXCELLENCY
390 253 62 22 THE
475 252 176 23 GOVERNOR

134 282 44 22 will
188 282 53 21 hold
252 289 14 14 a
282 281 75 22 Levee
374 284 23 17 at
412 280 107 21 Barrett's
530 279 76 27 Hotel,
621 286 30 15 on

58 309 103 27 Tuesday
171 312 62 23 next,
244 308 38 21 the
291 307 55 22 24th
355 308 60 26 inst.,
425 312 21 16 at
456 306 50 21 half
515 309 49 24 past
571 306 79 21 twelve

59 336 93 21 o'clock.

86 362 136 21 Gentlemen
233 360 118 27 attending
357 359 38 22 the
406 359 73 22 Levee
487 366 37 14 are
531 358 120 27 requested

58 392 22 17 to
91 388 66 27 bring
166 388 58 21 their
233 387 71 26 cards,
315 391 23 16 to
350 387 26 21 be
392 386 112 22 delivered
515 389 21 17 to
548 386 37 21 the
595 385 56 22 Aid-

59 415 118 26 de-Camp.
499 417 16 11 **

221 440 36 27 By
266 440 35 21 his
311 439 155 27 Excellency's
477 438 127 27 command,

454 465 30 22 H.
497 465 27 21 D.
536 466 86 21 Smart.

152 512 248 25 GOVERNMENT
418 511 139 25 NOTICE.

325 544 55 22 Port
390 545 26 21 of
427 544 54 21 Port
489 542 132 27 Nicholson,

374 571 89 26 August
471 571 35 26 20,
517 571 61 20 1841.

59 603 146 51 NOTICE
224 605 28 21 IS
277 603 127 23 HEREBY
424 602 107 28 GIVEN,
552 602 48 22 that
620 602 29 22 all

127 632 82 21 vessels
219 631 72 22 which
301 639 53 24 may
360 630 72 22 arrive
441 630 24 21 in
475 630 37 21 the
519 629 97 22 harbour
626 629 28 22 of

59 660 54 21 Port
121 657 132 27 Nicholson,
265 665 27 13 on
303 657 46 22 and
360 657 56 22 after
427 656 42 22 this
484 656 57 27 date,
553 660 60 17 must
621 656 29 21 be

58 685 103 28 reported
175 686 30 26 by
216 685 36 21 the
262 684 92 26 Master,
364 684 24 21 in
406 683 134 26 conformity
550 682 52 22 with
613 682 37 21 the

59 713 46 20 Act
115 712 25 21 of
152 711 38 22 the
200 710 118 23 Governor
329 710 45 21 and
388 710 92 21 Council
491 709 26 22 of
528 709 56 22 New
594 709 56 22 Zea-

58 737 60 28 land,
130 736 43 24 No.
184 737 13 22 3
208 739 25 20 of
241 737 59 26 1841,
310 737 47 22 and
367 736 37 22 the
412 736 70 27 goods
493 736 55 27 duly
559 735 91 22 entered

58 773 24 14 as
92 764 104 28 required
205 764 30 27 by
246 764 38 21 the
294 762 49 23 said
354 764 53 21 Act.

85 791 40 22 All
135 790 83 23 vessels
228 790 190 22 outward-bound
434 792 61 19 must
504 789 27 22 be
542 788 108 27 provided

58 818 54 21 with
129 825 80 20 proper
225 817 135 26 clearances,
378 816 45 23 and
439 816 37 21 the
496 817 69 26 goods
583 816 66 21 laden

58 845 87 21 therein
153 845 28 20 be
190 843 52 29 duly
251 844 92 21 entered
355 844 116 26 outwards,
480 842 25 23 in
513 842 137 28 compliance

58 872 52 21 with
122 871 36 22 the
169 870 49 23 said
227 871 52 21 Act.

85 897 40 22 All
135 905 91 20 persons
235 897 95 27 holding
339 897 80 27 spirits,
427 896 100 22 whether
533 895 117 22 wholesale

58 931 25 14 or
100 924 65 22 retail
186 925 93 25 dealers,
298 931 26 14 or
343 923 124 26 otherwise,
490 930 38 14 are
546 922 104 28 required

58 951 78 22 within
146 950 50 22 four
204 950 54 28 days
266 951 58 21 from
336 950 43 22 this
390 950 50 22 date
448 953 22 18 to
479 950 65 21 make
552 948 98 23 declara-

58 978 47 21 tion
115 978 77 21 before
201 977 38 22 the
249 976 169 23 Sub-Collector
425 983 22 15 as
454 980 24 18 to
486 976 38 21 the
531 975 120 29 quantities

59 1004 26 21 of
95 1004 74 26 spirits
178 1005 23 20 in
212 1004 58 21 their
280 1004 133 27 possession,
425 1003 22 22 in
456 1002 135 27 conformity
597 1002 53 21 with

58 1031 37 21 the
106 1030 218 23 before-mentioned
332 1030 52 22 Act.

85 1058 48 21 The
143 1058 102 21 business
260 1056 27 22 of
297 1056 38 22 the
345 1057 150 27 Department
511 1056 26 21 of
548 1055 103 22 Customs

58 1084 44 21 will
125 1084 27 21 be
170 1084 110 21 executed
299 1088 25 17 at
346 1084 39 21 the
405 1083 74 22 Police
497 1082 77 27 Office,
593 1081 57 22 until

57 1111 88 21 further
153 1111 82 22 notice.

281 1137 24 21 P.
317 1137 21 22 D
359 1136 76 26 Hogg,
447 1135 174 23 Sub-Collector.

58 1182 27 49 I
101 1180 130 24 HEREBY
246 1182 52 26 give
312 1182 83 26 notice,
414 1181 47 22 that
476 1181 77 21 David
570 1181 78 25 Scott,

115 1206 107 30 formerly
231 1209 27 21 of
268 1209 38 21 the
317 1209 50 27 Bay
376 1208 28 22 of
410 1208 96 27 Islands,
516 1207 45 22 and
571 1208 45 21 late
627 1207 27 21 of

59 1236 146 27 Wellington,
217 1236 128 31 Merchant^
360 1236 18 21 is
393 1242 30 15 no
432 1235 80 27 longer
520 1233 131 23 authorized

58 1265 22 19 to
91 1266 36 18 act
144 1270 24 14 as
184 1270 40 19 my
240 1262 83 27 Agent,
334 1269 25 14 in
374 1269 46 20 any
430 1264 93 25 respect,
541 1261 12 22 I
567 1261 84 26 having

57 1288 98 23 revoked
174 1296 68 20 every
258 1296 75 20 power
349 1288 46 22 and
411 1288 115 27 authority
541 1288 66 27 given
628 1291 23 18 to

58 1316 46 22 him
116 1319 22 18 to
149 1319 36 19 act
195 1323 23 14 as
228 1323 40 20 my
278 1316 114 26 Attorney
402 1323 24 14 or
436 1316 83 26 Agent.

85 1343 75 22 Dated
172 1347 23 17 at
205 1342 139 28 Wellington
355 1342 44 22 this
409 1342 52 22 20th
470 1342 97 26 August,
579 1342 60 21 1841.

277 1370 43 21 Per
328 1376 49 21 pro.
388 1369 109 21 Richard
506 1370 116 25 Barrett,

378 1396 75 21 James
464 1396 83 21 Smith.

58 1422 99 23 Witness
185 1422 29 23 R.
225 1423 83 22 Davies
319 1422 104 22 Hanson.

59 1470 73 48 ON
157 1469 85 28 SALE,
263 1477 29 14 ex
310 1470 38 21 the
362 1470 83 27 Jewess,
461 1470 47 21 and
524 1469 64 22 other
606 1469 45 22 late

138 1497 93 21 arrivals
238 1505 6 13 :

84 1524 57 22 Teas
171 1523 73 27 hyson
253 1524 57 25 skin,
327 1530 99 20 ourange
440 1523 82 27 pekou,
539 1523 46 21 and
601 1530 50 15 sou-

59 1550 80 27 chong,
150 1551 22 21 in
183 1550 80 27 chests,
273 1550 52 21 half
331 1550 81 27 chests,
421 1550 44 21 and
472 1553 91 25 quarter
571 1549 79 22 chests.

85 1577 98 22 Manilla
193 1577 44 21 and
245 1577 78 21 brown
334 1583 84 21 sugars,

85 1604 60 22 Cork
153 1604 76 22 butter
237 1604 23 21 in
272 1603 71 22 whole
353 1603 47 22 and
410 1603 49 22 half
469 1603 86 26 firkins,

84 1631 94 27 Ginger,
189 1630 65 22 black
265 1630 45 21 and
319 1630 69 21 white
399 1638 88 19 pepper,

85 1657 52 22 Sole
148 1658 45 21 and
202 1657 38 27 kip
249 1657 93 26 leather,
354 1657 48 22 calf
414 1657 59 22 skins
484 1657 45 21 and
539 1657 75 26 bazils,

85 1686 39 20 An
135 1684 116 22 extensive
261 1687 136 18 assortment
407 1684 25 21 of
443 1684 32 21 tin
487 1691 65 19 ware,
562 1684 40 21 &c.
610 1684 41 21 &c.

327 1710 29 22 D.
374 1711 21 21 S.
412 1711 78 21 Duuie
501 1710 46 22 and
557 1710 38 22 Co.

198 1756 39 21 To
253 1755 252 27 Agriculturalists.

58 1790 89 48 FOR
157 1789 84 27 SALE,
251 1796 14 14 a
272 1789 65 22 small
345 1790 104 27 quantity
455 1789 27 21 of
488 1796 54 20 very
550 1789 100 27 superior

131 1817 55 21 seed
196 1816 79 27 wheat,
287 1816 46 22 also
345 1823 13 14 a
369 1816 64 21 small
448 1817 104 26 quantity
562 1817 26 20 of
599 1816 52 21 seed

57 1844 75 26 barley
144 1843 93 22 without
246 1842 65 28 husk,
322 1843 55 22 both
388 1850 75 19 grown
481 1843 25 21 in
524 1843 37 21 the
577 1843 73 28 valley

57 1871 24 21 of
94 1871 38 21 the
143 1870 66 27 Hutt,
221 1869 45 22 and
277 1869 125 22 warranted
412 1870 26 21 of
449 1870 37 21 the
497 1870 48 21 first
557 1870 91 27 quality.

58 1897 55 22 Also
125 1905 14 13 a
148 1897 85 26 variety
243 1897 27 21 of
279 1897 86 27 garden
376 1897 71 26 seeds,
460 1896 38 22 the
515 1897 98 26 produce
628 1897 25 21 of

58 1924 37 21 the
106 1924 87 27 Colony
230 1924 44 21 For
284 1923 140 28 particulars,
435 1923 67 28 apply
513 1926 23 19 to

222 1951 23 21 C.
257 1951 27 20 E.
296 1950 52 22 Yon
359 1951 117 26 Alzdorf,
494 1950 86 27 Petoni,
593 1958 24 14 or
627 1953 23 18 to

222 1977 25 22 E.
259 1978 82 26 Davis,
353 1981 24 18 at
387 1977 91 22 Messrs.
495 1977 96 22 Hanson
606 1977 45 22 and

249 2005 46 21 and
305 2004 100 22 Alzdorf
407 2005 23 26 's,
442 2004 146 27 Wellington.

203 2050 54 20 For
267 2050 60 19 Sale
339 2055 32 14 or
381 2050 119 19 Charter.

213 2086 10 15 r
232 2086 8 16 I
249 2082 57 22 iHE
311 2081 142 28 remarkably
458 2082 45 21 fast
511 2082 82 28 sailing
602 2083 21 21 A
630 2085 9 19 l
644 2097 5 11 ,

91 2106 88 36 JgfigSl
221 2104 29 27 J-
284 2109 111 22 schooner
418 2110 80 25 Bailey,
526 2111 41 20 162
592 2113 57 21 tons,

61 2130 146 40 Jjj!fe&jty&>
227 2136 93 27 Captain
331 2135 79 23 James
418 2136 101 22 Sinclair.
544 2136 49 22 Her
602 2134 49 24 well

226 2163 84 21 known
327 2163 103 28 qualities
451 2163 35 21 for
506 2163 80 27 sailing
607 2164 44 21 and

57 2185 154 38 Sgg*|g2F
228 2190 104 27 carrying
381 2197 73 20 cargo,
507 2190 144 28 particularly

61 2213 11 9 v
72 2214 18 13 **
90 2212 115 17 sasslS^
228 2217 78 26 adapts
315 2217 42 21 her
375 2217 35 21 for
426 2217 37 21 the
479 2217 56 22 New
552 2217 100 22 Zealand

57 2243 45 22 and
112 2243 102 22 Colonial
224 2243 70 22 trade.
322 2244 78 27 Apply
410 2246 23 19 to

431 2270 89 22 Willis
529 2271 45 21 and
585 2272 38 21 Co.

57 2316 53 20 For
134 2315 157 25 Auckland,
315 2316 59 25 Bay
399 2316 31 20 of
451 2316 120 26 Islands,
595 2318 56 20 and

294 2342 118 26 Sydney.

197 2377 52 21 Will
258 2377 41 19 sail
306 2377 21 19 in
338 2378 62 19 about
411 2379 35 19 ten
455 2378 58 25 days.

226 2410 92 34 npHE
332 2410 46 22 fine
388 2411 44 21 fast
446 2411 81 27 sailing
543 2411 109 22 schooner

233 2432 30 26 _L
300 2438 81 26 Bailey,
402 2438 94 28 Captain
512 2438 15 21 J
550 2438 101 22 Sinclair.

85 2459 133 38 ]?Ts^si'
226 2463 42 22 For
287 2464 84 28 freight
388 2472 24 14 or
432 2472 93 20 passage
544 2466 66 27 apply
628 2469 24 18 to

69 2486 150 39 jfi|J>flMP_*
226 2490 37 21 the
274 2491 101 28 Captain,
388 2499 25 14 or
423 2494 21 19 to

62 2513 162 41 g^^^^pP
418 2518 88 22 Willis
526 2518 45 23 and
586 2520 37 21 Co.

85 2554 147 26 Wellington,
244 2554 89 28 August
343 2556 33 26 14,
389 2557 62 20 1841.

85 2599 53 20 For
153 2599 148 21 Auckland
316 2601 55 20 and
385 2601 59 26 Bay
459 2601 30 21 of
502 2602 121 25 Islands,

218 2627 29 19 To
259 2628 42 20 sail
314 2628 23 19 in
352 2634 12 13 a
372 2628 48 25 few
435 2628 56 27 days,

214 2654 92 35 npHE
332 2654 47 22 fine
403 2655 23 21 A
444 2657 11 20 1
475 2656 85 27 barque
588 2658 62 25 Tyne,

87 2680 98 36 Jjsrmk
221 2678 28 23 X
292 2681 25 22 C.
338 2681 133 28 Robertson,
491 2683 158 28 Commander,

58 2711 148 27 ytfgSKrglMk.
214 2714 32 14 nai
246 2714 6 25 ?
260 2708 102 28 superior
368 2709 212 23 accommodations.
607 2711 44 22 For

57 2731 152 38 J|^g
214 2734 81 28 freight
317 2742 25 15 or
364 2742 93 21 passage
480 2737 68 28 apply
567 2740 23 19 to
613 2739 38 21 the

57 2759 152 38 ?|J|atF
215 2761 94 28 Captain
319 2769 28 15 on
358 2762 77 27 board,
447 2770 24 15 or
480 2767 24 18 to

421 2789 89 23 Willis
525 2791 45 22 and
585 2792 38 22 Co.

85 2814 147 25 Wellington,
244 2816 89 23 August
343 2817 34 22 13,
389 2817 64 21 1841:
