2559 4020
703 2780 41 22 Dr.
755 2781 83 25 Evans,
852 2781 49 22 who
919 2789 44 15 was
978 2782 120 28 labouring
1111 2784 72 21 under
1198 2784 70 22 indis-

674 2808 105 26 position,
799 2808 119 22 addressed
936 2809 38 22 the
994 2810 102 26 meeting
1113 2811 25 21 in
1152 2811 79 22 favour
1245 2812 25 21 of

675 2834 38 22 the
723 2834 152 27 amendment,
885 2835 25 22 in
920 2843 14 14 a
943 2836 92 22 forcible
1046 2837 89 27 speech,
1147 2838 74 22 which
1234 2846 34 14 we

673 2864 77 23 regret
760 2869 41 14 our
810 2869 65 19 space
885 2862 44 21 will
939 2866 40 18 not
989 2863 63 22 allow
1063 2871 28 14 us
1102 2866 22 19 to
1135 2865 77 22 insert.

701 2888 49 22 The
775 2888 98 27 meeting
888 2895 45 16 was
951 2889 131 23 afterwards
1103 2891 119 23 addressed
1238 2892 30 27 by

676 2914 90 23 Messrs.
785 2914 77 26 Wade,
879 2915 106 27 Wallace,
1002 2916 99 28 Revans,
1120 2918 85 29 Stokes,
1223 2920 45 21 and

675 2940 37 23 the
730 2942 55 21 Rev.
798 2942 41 21 Mr.
851 2942 137 26 M'Farlane,
999 2943 45 22 and
1060 2944 25 21 in
1096 2951 14 15 a
1119 2944 95 24 division
1223 2947 44 21 Mr.

675 2968 115 22 Hanson's
809 2969 83 22 motion
908 2976 44 15 was
976 2969 106 24 declared
1103 2973 85 21 carried
1207 2973 61 23 amid

673 2994 55 23 loud
737 2995 111 27 cheering.
880 2996 67 22 After
965 3003 13 15 a
992 3000 52 19 vote
1061 2998 28 21 of
1100 2999 82 23 thanks
1196 3003 22 19 to
1229 3001 39 22 the

673 3022 129 26 Chairman,
814 3022 36 22 the
861 3022 99 27 meeting
969 3031 45 14 was
1024 3024 105 24 declared
1139 3026 119 23 dissolved.

59 111 45 23 Bill
121 112 44 22 and
183 113 119 22 Memorial
316 120 59 16 were
389 114 60 22 what
465 115 54 27 they
534 116 116 28 required;

34 153 4 4 •
59 139 56 27 they
123 139 75 23 would
206 143 91 24 request
311 140 47 22 him
374 141 80 27 firmly,
475 142 41 22 but
535 143 82 26 civilly,
628 146 23 19 to

59 169 68 23 grant
137 167 68 26 them,
222 167 46 21 and
276 166 51 22 that
336 174 43 14 was
395 167 30 23 all
444 169 95 27 Captain
555 169 95 22 Hobson

60 192 67 22 could
137 197 81 23 expect
218 204 28 5 —
249 193 80 26 (hear.)
367 193 23 22 It
402 194 45 22 had
463 195 59 21 been
539 195 46 22 said
603 195 49 23 that

59 218 130 26 something
205 219 47 22 had
269 220 107 22 occurred
394 220 49 22 that
461 221 44 28 day
505 233 29 4 —
534 221 49 23 that
598 222 54 27 they

59 252 61 14 were
127 245 26 21 in
162 245 104 23 different
275 246 173 24 circumstances
463 248 46 27 (no,
525 249 48 26 no.)
609 249 43 21 For

59 271 36 22 his
104 279 51 14 own
165 275 57 24 part,
232 272 29 22 he
273 272 47 27 (the
332 273 128 28 Chairman)
478 275 69 22 could
560 279 40 18 not
615 282 35 15 see

59 298 61 22 ■what
137 305 59 15 -were
219 298 39 22 the
275 299 87 22 altered
381 300 180 23 circumstances.
602 301 48 22 The

59 331 62 15 mere
129 324 47 22 fact
183 325 26 21 of
227 326 37 20 the
280 325 156 23 Government
450 328 49 27 brig
514 328 84 27 having
617 335 34 15 ar-

59 351 64 22 rived
132 350 25 23 in
170 351 98 23 harbour
283 352 65 22 made
364 360 31 14 no
414 353 121 23 difference
552 355 24 21 in
594 355 57 21 their

59 378 94 21 relative
170 378 114 22 situation.
323 379 115 28 Although
452 381 95 27 Captain
557 381 92 22 Hobson

59 411 47 14 was
115 404 54 22 then
181 407 21 18 at
212 405 91 27 anchor,
318 406 38 22 the
367 407 111 23 Colonists
489 415 57 15 were
556 407 44 23 still
612 408 37 21 the

61 431 127 27 oppressed,
204 432 46 21 and
265 432 38 21 the
320 433 119 22 Governor
454 433 38 23 the
506 442 117 20 oppressor
623 446 27 4 —

60 457 107 26 (cheers.)
196 459 68 21 Some'
278 459 54 22 time
348 460 61 22 since
424 467 14 14 a
450 461 67 21 letter
534 468 43 15 was
593 465 56 22 sent,

59 484 81 26 saying
149 484 39 21 the
197 485 120 21 Governor
327 492 43 16 was
378 487 161 26 cotningdown
548 487 55 22 with
612 488 38 21 the

33 521 2 4 •
82 510 59 21 olive
149 510 88 23 branch
245 519 5 19 ;
329 512 37 22 the
381 520 61 15 same
456 513 79 27 vessel,
556 522 13 14 a
584 513 66 23 letter

58 543 46 15 was
114 537 103 22 received
231 538 59 22 from
305 546 15 13 a
337 540 157 22 Government
506 541 87 26 official,
612 541 38 21 ad-

58 563 91 22 dressed
167 567 23 18 to
214 572 14 14 a
241 566 131 22 mercantile
389 567 70 21 house
475 567 24 21 in
518 567 45 22 this
581 571 66 23 town,

57 590 82 27 saying
171 590 55 23 dont
235 592 47 26 buy
290 595 58 19 town
358 600 68 20 acres,
438 601 24 14 as
479 593 37 22 the
533 594 117 22 Governor

33 627 4 4 •
57 615 41 23 has
112 616 67 27 given
196 618 76 21 orders
290 621 22 18 to
330 619 59 22 seize
409 627 59 19 upon
487 623 83 24 twenty
588 628 61 14 acres

58 643 27 21 of
102 643 39 22 the
160 644 49 21 best
225 648 68 18 water
478 647 54 21 Was
548 648 48 21 that
612 647 37 22 the

82 669 59 22 olive
150 670 86 23 branch
242 672 8 21 ?
443 673 75 23 There
527 681 43 15 was
580 681 13 15 a
605 674 44 22 Go-

57 700 122 19 vernment
193 705 42 20 spy
250 698 23 22 in
291 698 38 22 the
341 705 64 16 room
421 703 23 18 at
459 700 49 22 that
521 704 102 18 moment
623 712 27 4 —

93 726 53 19 turn
156 723 48 23 him
322 725 43 27 No,
381 726 33 22 let
428 726 49 22 him.
492 728 124 27 remain,—
616 728 33 22 let

57 749 49 22 him
129 749 56 23 hear
203 750 37 28 all,
263 752 47 22 and
329 759 64 21 carry
411 753 18 21 it
445 757 23 17 to
484 754 36 22 his
538 759 107 18 master—

58 776 107 27 (cheers.)
194 777 41 23 Dr.
247 778 82 28 Evans,
349 778 74 24 whose
438 781 96 22 absence
551 789 52 20 was,
621 782 28 22 he

56 803 115 27 regretted
180 806 22 19 to
217 811 46 21 say,
276 806 133 22 occasioned
417 807 30 26 by
456 807 163 28 indisposition,
621 821 28 4 —

57 830 33 26 (A
113 830 87 27 voice.)
276 832 42 22 has
335 833 69 22 taken
417 834 82 22 shelter
516 835 72 22 under
607 844 42 14 one

58 856 28 22 of
106 857 43 22 the'
163 860 84 25 twenty
247 870 9 20 :
258 858 51 23 four
486 874 31 4 —
518 865 23 18 at
556 862 37 22 the
607 863 43 22 last

57 884 102 27 meeting
169 884 45 22 had
223 884 45 23 laid
279 886 65 22 down
355 887 83 22 certain
450 888 119 27 principles
577 889 73 23 which

57 909 54 28 they
122 911 71 27 ought
203 915 23 18 to
236 915 37 19 act
282 919 60 21 upon
348 922 7 19 ;
370 914 44 22 and
424 914 29 22 he
463 914 49 27 (the
523 915 124 28 chairman)

56 943 52 15 now
116 937 114 24 intreated
240 938 61 23 them
311 943 40 18 not
360 943 23 19 to
392 948 29 19 go
431 941 58 21 from
499 941 59 22 their
567 943 82 26 princi-

55 962 56 33 ples,
127 971 24 15 as
162 964 55 28 they
232 973 58 14 were
306 966 64 22 those
384 968 26 20 of
419 968 106 27 resisting
537 969 111 27 injustice,

55 996 26 15 in
90 990 116 23 whatever
215 992 59 21 form
282 993 19 21 it
311 993 71 27 might
397 997 91 24 present
504 994 66 22 itself.
607 996 43 22 Let

54 1016 20 22 it
82 1020 41 18 not
133 1017 29 22 be
171 1018 48 21 said
228 1018 49 22 that
286 1018 53 27 they
352 1020 110 22 censured
477 1020 38 22 the
532 1021 118 23 Governor

55 1044 25 21 in
90 1043 35 22 his
136 1044 103 27 absence,
248 1046 45 21 and
302 1046 93 27 cringed
408 1051 22 17 to
447 1047 47 21 him
510 1048 24 20 in
550 1048 34 22 his
600 1056 49 19 pre-

31 1084 9 7 .
57 1077 66 15 sence
123 1082 33 5 —
158 1070 104 28 (cheers.)
307 1072 44 23 For
368 1076 41 19 two
425 1081 64 19 years
505 1074 38 22 the
563 1075 87 28 Colony

55 1096 46 23 had
110 1104 61 20 gone
185 1105 29 14 on
226 1098 52 22 with
288 1099 37 22 the
334 1099 54 28 only
402 1100 58 27 legal
475 1100 114 28 authority
599 1103 27 21 of
636 1110 14 14 a

57 1124 73 27 police
140 1125 139 27 magistrate;
297 1126 45 22 and
358 1126 29 22 he
403 1130 59 19 must
480 1135 47 23 say,
548 1128 50 22 that
612 1129 37 22 the

57 1150 91 29 orderly
156 1157 96 16 manner
265 1152 25 22 in
306 1152 73 23 which
396 1154 37 21 the
452 1154 139 24 inhabitants
605 1155 45 23 had

57 1178 127 22 conducted
197 1178 135 23 themselves
348 1187 45 15 was
408 1181 38 21 the
461 1181 50 21 best
526 1187 123 21 gaurantee

57 1204 49 22 that
113 1204 55 28 they
177 1212 59 15 were
251 1213 53 15 men
317 1206 26 22 of
360 1207 38 21 the
414 1207 61 28 right
490 1211 71 30 stamp
563 1221 31 4 —
595 1217 52 15 men

55 1231 50 22 who
123 1232 75 22 would
213 1236 39 18 not
271 1241 83 15 swerve
370 1234 58 22 from
447 1234 59 22 their
522 1236 127 27 principles.

55 1258 48 21 The
120 1258 89 28 worthy
228 1259 120 23 Chairman
369 1260 124 23 concluded
511 1262 30 27 by
559 1264 86 27 saying,

55 1284 49 22 that
113 1292 30 15 on
155 1293 68 20 every
238 1288 103 20 occasion
351 1295 29 14 on
388 1288 72 22 which
471 1288 37 22 the
520 1289 97 23 conduct
626 1291 27 21 of

55 1311 39 22 the
104 1312 120 23 Governor
232 1312 45 23 had
289 1314 57 22 been
363 1314 73 22 called
449 1315 24 21 in
490 1316 111 27 question,
621 1317 28 23 he

55 1338 45 21 had
108 1338 46 23 had
165 1339 36 23 the
211 1339 73 23 honor
293 1341 27 21 of
331 1342 114 27 presiding
453 1349 55 15 over
523 1343 68 27 them,
603 1344 51 24 and.

55 1364 30 23 he
103 1365 74 22 called
193 1373 61 25 upon
272 1368 68 26 them,
358 1375 51 15 now
428 1369 48 21 that
496 1369 38 22 the
552 1370 58 22 hour
626 1371 28 21 of

55 1392 50 21 trial
116 1392 47 22 had
172 1394 94 26 arrived,
278 1397 40 19 not
329 1397 22 19 to
361 1394 74 23 desert
445 1395 58 22 their
511 1400 68 23 posts.
601 1397 48 23 The

56 1418 106 28 opinions
172 1419 48 22 that
228 1417 45 25 had
282 1421 99 23 hitherto
390 1422 59 22 been
459 1423 120 27 expressed
590 1431 57 15 were

57 1444 64 23 those
128 1446 26 22 of
165 1446 106 28 thinking
281 1455 60 19 men,
352 1448 58 23 done
428 1449 55 21 after
498 1457 15 14 a
528 1451 49 21 cool
593 1451 56 21 deli-

55 1472 117 28 beration;
196 1474 53 27 they
268 1474 102 23 believed
388 1476 49 21 that
454 1476 55 27 they
525 1477 46 21 had
591 1477 58 23 done

55 1498 68 28 right,
134 1500 45 21 and
184 1499 29 22 he
221 1500 74 28 hoped
306 1501 52 28 they
369 1503 73 21 would
449 1507 47 23 not,
508 1503 29 27 by
548 1505 101 26 specious

56 1530 130 22 arguments
195 1528 29 21 be
234 1528 36 21 led
281 1536 62 20 away
351 1529 59 22 from
421 1529 56 22 their
489 1531 91 26 objects.
600 1531 49 23 The

56 1553 122 22 Chairman
197 1554 54 22 then
272 1555 72 22 called
362 1563 60 20 upon
441 1557 44 21 Mr.
506 1557 96 23 Hanson
626 1562 23 18 to

57 1580 54 21 read
122 1580 37 21 the
169 1582 123 22 memorial.

85 1607 26 21 R.
128 1608 29 21 D.
174 1607 104 27 Hanson,
288 1608 53 28 Esq.
352 1609 57 28 J.P.,
424 1610 47 22 said
487 1610 30 22 he
533 1611 41 21 felt
586 1615 63 23 great

56 1634 129 22 reluctance
194 1635 23 21 in
233 1635 130 28 addressing
378 1637 67 27 them,
462 1638 94 22 because
564 1637 30 23 he
604 1646 45 14 was

57 1664 40 17 not
107 1668 14 13 a
135 1661 58 22 little
211 1662 57 21 tired
287 1663 26 21 of
332 1663 38 21 the
390 1668 104 18 constant
512 1664 94 28 lugging
623 1665 26 23 in

54 1687 132 26 grievances
187 1700 30 5 —
217 1689 48 21 real
280 1697 24 13 or
327 1691 110 27 supposed
440 1703 28 4 —
469 1691 100 22 whether
593 1692 55 25 they

56 1714 74 22 would
141 1714 66 28 apply
217 1723 24 14 or
250 1719 49 19 not.
332 1717 44 21 But
392 1717 65 23 when
467 1718 62 27 large
540 1719 109 27 meetings

56 1740 45 23 had
112 1740 95 23 decided
216 1742 49 22 that
274 1743 37 22 the
324 1745 125 27 prosperity
464 1745 26 22 of
509 1745 37 22 the
562 1746 87 27 Colony

55 1775 45 15 was
123 1768 107 22 involved
248 1770 24 21 in
297 1770 58 22 their
376 1773 88 26 getting
487 1773 85 21 certain
591 1773 58 22 local

55 1801 94 25 powers,
160 1796 17 20 it
184 1803 45 15 was
236 1797 85 21 unwise
332 1798 45 22 and
386 1799 107 21 uncalled
503 1799 34 21 for
547 1803 22 18 to
584 1800 65 27 bring

41 1828 2 4 '
55 1828 23 15 m
94 1822 80 33 topics^
182 1823 80 28 totally
276 1824 87 27 foreign
382 1829 23 18 to
424 1825 39 22 the
483 1826 44 22 end
545 1827 24 21 in
585 1827 62 22 view.

57 1848 36 22 He
104 1849 38 21 did
153 1850 40 20 irot
203 1851 89 25 quarrel
303 1851 52 21 with
365 1852 44 22 Mr.
421 1852 67 27 Earp,
508 1860 24 14 or
544 1860 46 20 any
605 1861 43 15 one

56 1876 52 23 else,
120 1876 35 21 for
164 1876 58 22 their
236 1877 111 27 opinions.
385 1879 48 22 The
449 1879 116 23 memorial
577 1880 71 22 which

55 1901 30 22 he
92 1902 47 22 had
150 1903 66 21 taken
227 1907 50 24 part
286 1905 24 21 in
321 1905 99 28 drawing
435 1914 31 19 up
480 1914 45 14 was
536 1908 80 26 agreed
626 1911 22 18 to

56 1928 30 28 by
96 1930 38 21 the
146 1930 146 23 Committees
306 1932 53 22 with
374 1932 38 22 the
431 1933 117 28 exception
566 1935 26 21 of
610 1934 39 22 the

55 1955 44 22 last
115 1959 43 19 two
171 1958 144 27 paragraphs.
353 1959 21 21 It
389 1959 46 22 had
449 1960 58 22 been
520 1961 87 21 framed
625 1966 23 17 to

56 1987 62 17 meet
127 1984 38 22 the
182 1984 67 22 views
269 1985 26 21 of
316 1985 37 21 the
371 1986 44 22 last
432 1987 101 27 meeting
540 1994 5 19 ;
565 1987 20 22 it
603 1995 44 15 was

56 2010 90 20 worded
165 2011 101 26 strongly
285 2011 46 21 and
354 2013 160 27 temperately;
539 2013 19 21 it
576 2014 71 21 stated

57 2035 59 22 what
130 2036 52 27 they
200 2044 51 15 now
266 2038 88 27 sought,
372 2039 44 21 and
430 2039 60 22 what
507 2040 53 27 they
576 2041 72 21 would

57 2067 80 22 expect
150 2064 57 20 from
223 2064 36 22 the
276 2065 94 27 English
388 2066 156 22 Government
560 2067 33 22 for
610 2067 37 23 the

57 2089 81 22 future.
179 2090 44 22 Mr.
243 2091 96 23 Hanson
358 2093 73 22 would
449 2093 63 22 leave
532 2094 17 21 it
569 2097 22 19 to
610 2094 38 22 the

57 2116 99 27 meeting
165 2117 100 23 whether
275 2118 57 22 their
346 2120 103 27 opinions
464 2120 45 22 had
524 2121 58 22 been
596 2128 48 21 pro-

55 2143 63 27 perly
128 2144 126 28 expressed,
265 2145 46 22 and
321 2147 126 22 concluded
459 2148 31 26 by
506 2148 92 27 moving
610 2148 38 22 the

57 2169 105 28 adoption
172 2171 26 21 of
210 2171 37 23 the
255 2171 115 29 following
379 2175 117 21 memorial
504 2182 5 13 :
511 2187 31 4 —

55 2203 27 17 To
101 2208 34 12 his
148 2204 127 18 Excellency
292 2206 90 18 Captain
396 2207 100 17 William
511 2208 85 19 Hobson,
613 2209 36 16 Go-

75 2228 80 13 vernor
163 2229 40 13 AND
215 2227 235 18 COMMANDER-IN-CIUEF
458 2233 23 12 IK
494 2233 41 13 AND
546 2234 54 12 OVER
607 2234 40 12 THE

76 2245 77 17 Colon*
162 2251 25 12 of
198 2247 49 17 New
260 2248 98 17 Zealand
370 2253 41 13 and
424 2254 31 12 its
466 2250 84 16 Depend
553 2254 76 13 encies.

78 2272 38 17 The
127 2273 91 18 Members
229 2275 22 16 of
261 2279 12 12 a
285 2276 106 17 Committee
403 2278 98 19 appointed
512 2279 19 14 at
541 2279 36 14 two
588 2278 60 20 public

56 2295 88 19 meetings
151 2295 23 20 by
181 2296 31 15 the
220 2295 112 18 inhabitants
340 2297 20 16 of
364 2298 32 16 the
407 2299 49 15 town
470 2298 20 16 of
501 2298 114 20 Wellington,
628 2299 19 16 in

56 2315 29 15 the
92 2315 71 16 district
170 2316 21 16 of
196 2316 42 16 Port
247 2317 103 20 Nicholson,
359 2318 46 17 have
417 2319 32 16 the
455 2319 72 16 honour
534 2321 19 14 to
563 2320 85 16 transmit

57 2335 28 16 the
93 2336 48 16 draft
148 2337 20 15 of
172 2341 12 11 a
191 2337 35 16 Bill
233 2337 28 17 for
411 2340 31 16 the
450 2341 47 15 town
505 2340 21 16 of
532 2340 115 21 Wellington,

56 2356 34 16 and
103 2357 26 16 for
141 2358 101 20 conferring
255 2363 47 16 upon
318 2359 31 17 the
361 2360 113 17 inhabitants
486 2361 20 16 of
516 2361 39 16 that
568 2363 52 17 town,
628 2361 19 17 in

57 2377 46 16 their
109 2379 92 19 corporate
209 2380 85 20 capacity,
302 2385 49 12 some
360 2381 19 16 of
384 2381 31 16 the
426 2383 49 15 most
482 2382 87 16 essential
579 2386 68 17 powers

56 2398 26 15 for
89 2398 31 16 the
127 2399 134 21 improvemeiif
264 2401 22 16 of
291 2401 31 16 the
329 2401 91 21 Borough,
427 2403 27 15 for
461 2403 32 15 the
497 2403 107 19 prevention
611 2403 36 16 and

55 2418 117 20 punishment
180 2420 20 16 of
205 2420 82 21 offences,
292 2422 36 16 and
334 2422 28 17 for
369 2423 32 16 the
406 2423 147 17 administration
558 2424 21 16 of
581 2424 66 19 justice

57 2439 18 16 in
82 2440 43 17 civil
132 2442 81 16 matters.

77 2460 38 16 The
129 2466 68 16 powers
207 2462 59 17 which
278 2464 30 16 the
320 2464 87 20 proposed
421 2464 35 17 Bill
468 2465 61 16 would
536 2465 66 20 confer,
610 2470 36 15 are,

56 2484 27 16 pei
87 2481 50 21 haps,
152 2487 50 12 more
222 2484 95 17 extensive
336 2485 43 16 than
395 2488 61 14 recent
469 2486 107 19 precedents
590 2486 57 21 might

57 2505 82 17 warrant,
150 2504 32 16 but
195 2504 42 21 they
248 2509 30 12 are
289 2505 19 16 in
320 2506 52 16 strict
382 2507 110 20 conformity
499 2507 42 16 with
549 2507 32 16 the
588 2511 60 17 recog-

56 2523 52 16 nized
115 2524 95 21 principles
218 2526 20 15 of
249 2526 32 16 the
292 2526 76 20 English
376 2527 127 20 Constitution,
513 2528 35 16 and
559 2532 31 12 are
597 2533 50 12 sanc-

57 2544 59 16 tioned
131 2545 20 20 by
165 2550 12 11 a
189 2546 44 20 long
246 2547 55 16 series
313 2548 21 15 or
345 2548 92 20 examples
449 2548 20 17 in
481 2549 31 16 the
527 2549 91 20 Kingdom
630 2550 19 15 of

56 2565 87 20 England,
149 2567 35 15 and
191 2567 19 16 in
219 2568 30 16 the
254 2570 47 14 most
308 2568 69 21 orderly
382 2570 37 15 and
425 2573 107 17 prosperous
537 2570 21 16 of
563 2571 31 15 the
599 2570 48 21 early

57 2585 75 21 tnghsh
140 2587 79 17 Colonial
224 2589 120 19 possessions.
365 2589 51 21 They
422 2594 30 12 are
459 2591 101 15 consistent
568 2591 42 16 with
616 2591 31 16 the

55 2606 117 18 immemorial
181 2613 55 16 usage
243 2610 21 15 of
273 2609 63 22 giving
342 2612 18 14 to
369 2615 53 16 every
428 2612 48 19 body
483 2612 21 15 of
511 2615 41 12 men
560 2612 86 16 collected

55 2627 82 20 together
144 2629 63 16 within
214 2630 31 16 the
252 2630 57 17 limits
316 2631 21 16 of
341 2636 12 11 a
358 2633 54 18 town,
418 2636 20 12 or
442 2632 80 21 forming
528 2636 11 12 a
543 2632 104 17 settlement

55 2652 18 11 in
82 2649 107 18 uncivilized
196 2652 97 19 countries,
302 2657 11 11 a
320 2653 87 20 complete
416 2653 45 16 local
468 2653 129 20 organization,
605 2653 41 17 ade-

55 2671 54 17 quate
120 2671 19 15 to
151 2671 24 15 all
189 2672 127 20 emergencies,
331 2674 37 16 and
381 2674 77 21 adapted
472 2675 19 15 to
501 2676 48 14 meet
562 2675 31 16 the
603 2679 42 12 ever

55 2690 76 21 varying
137 2693 56 15 wants
205 2692 19 17 of
233 2693 31 16 the
282 2695 116 19 community.
421 2695 50 20 They
483 2695 60 16 confer
554 2699 49 17 upon
616 2695 30 17 the

55 2710 68 18 British
131 2712 71 17 settlers
209 2713 19 17 in
236 2714 43 16 Port
285 2714 98 18 Nicholson
391 2719 25 13 no
422 2716 54 19 right,
482 2716 36 16 and
525 2716 64 16 entitle
596 2716 51 17 them

55 2732 18 15 to
80 2735 23 13 no
108 2733 92 21 privilege,
207 2735 59 16 which
274 2735 15 16 is
296 2733 114 24 noTenjoyed
417 2737 23 20 by
445 2736 120 22 Englishmen
572 2737 20 16 in
599 2737 47 17 their

54 2756 40 12 own
109 2756 84 19 country;
205 2756 33 16 but
252 2756 42 20 they
301 2761 89 16 preserve,
402 2758 71 20 though
483 2758 20 15 in
515 2762 24 12 an
552 2758 95 21 imperfect

55 2773 35 16 and
97 2773 107 22 inadequate
211 2776 70 21 degree,
285 2777 52 17 those
342 2778 241 21 constitutional-principles
588 2779 57 16 which

55 2798 53 17 every
115 2796 121 21 Englighman
242 2798 16 15 is
266 2798 66 20 taught
339 2800 18 15 to
365 2799 63 20 regard
436 2803 20 12 as
463 2799 29 16 his
499 2799 103 21 birthright,
610 2800 37 16 and

54 2815 57 16 which
122 2816 31 17 the
163 2817 73 17 settlers
247 2820 19 14 at
278 2819 42 16 Port
327 2819 98 18 Nicholson
436 2820 47 16 have
492 2820 95 19 assuredly
599 2821 46 16 done

54 2836 76 21 nothing
136 2838 19 15 to
162 2838 65 17 forfeit.

74 2856 39 17 The
120 2859 35 15 two
161 2859 60 20 points
228 2860 19 15 to
254 2860 60 16 which
321 2860 30 16 the
363 2860 113 18 inhabitants
489 2862 20 16 of
518 2861 44 17 Port
572 2861 73 17 Nichol-

52 2881 32 12 aon
92 2879 60 16 attach
160 2879 31 17 the
198 2879 80 21 highest
281 2880 115 21 importance,
409 2882 36 16 and
456 2882 77 16 without
544 2882 59 17 which
615 2883 30 16 the

52 2900 52 17 grant
111 2900 21 16 of
137 2904 11 12 a
154 2900 74 17 Charter
236 2901 20 15 of
264 2902 136 20 Incorporation
412 2902 59 16 would
483 2903 23 15 be
512 2902 61 17 rather
581 2907 11 12 a
603 2904 43 15 bur-

52 2918 44 17 then
102 2920 46 17 than
155 2925 12 11 a
177 2921 72 19 benefit,
257 2926 30 12 are
298 2922 32 17 the
338 2926 57 16 power
402 2923 20 16 of
428 2923 64 21 taxing
499 2923 115 20 themselves,
623 2924 22 20 by

54 2942 60 14 means
126 2941 20 16 of
157 2941 48 17 their
218 2946 41 12 own
273 2944 156 19 representatives,
436 2944 28 16 for
478 2948 53 16 every
539 2948 78 16 purpose
628 2946 21 15 of

51 2959 44 18 local
101 2961 141 21 improvement;
250 2963 35 17 and
293 2964 32 16 the
332 2964 137 16 establishment
474 2965 20 15 of
499 2969 10 11 a
514 2966 56 18 court,
576 2969 70 16 posses-

52 2984 41 17 sing
103 2982 25 16 all
140 2987 69 16 powers
215 2987 96 18 necessary
318 2985 27 16 for
356 2985 32 16 the
395 2985 146 16 administration
548 2986 21 16 of
572 2986 71 20 justice,

52 3001 35 17 and
93 3003 27 17 for
129 3003 30 17 the
167 3004 115 18 distribution
290 3006 21 16 of
318 3008 92 19 property;
418 3010 21 12 so
446 3006 41 16 that
493 3006 31 16 the
531 3006 113 18 inhabitants

53 3022 18 16 of
76 3023 36 17 this
120 3026 47 15 town
174 3026 36 16 and
217 3026 72 17 district
295 3031 42 16 may
344 3027 37 19 not,
389 3027 58 16 under
454 3031 36 16 any
497 3027 145 20 circumstances,

52 3043 21 16 be
80 3045 98 21 compelled
189 3047 19 16 to
221 3048 58 16 resort
289 3048 20 16 to
320 3048 31 16 the
363 3048 38 16 seat
414 3048 21 16 of
443 3048 129 17 Government.
594 3048 51 21 They

53 3064 55 17 desire
116 3066 87 21 complete
210 3067 47 17 local
264 3068 134 21 independence
406 3069 28 16 for
442 3068 24 17 all
478 3069 63 21 purely
546 3068 47 17 local
601 3073 44 17 pur-

52 3088 56 16 poses.
130 3087 21 16 In
162 3088 25 16 all
194 3090 75 16 matters
277 3089 19 17 in
304 3090 59 16 which
372 3090 42 20 they
421 3094 31 12 are
463 3090 99 16 interested
569 3090 19 16 in
595 3094 50 13 com-

50 3108 41 14 mon
95 3107 43 17 with
142 3108 32 17 the
177 3109 52 17 other
233 3109 111 18 inhabitants
349 3111 20 16 of
374 3111 44 16 New
424 3111 85 19 Zealand,
515 3111 43 20 they
562 3113 50 14 must
616 3115 29 12 ac-

54 3130 68 15 quiesce
128 3128 19 17 in
155 3130 31 16 the
192 3130 47 17 form
245 3131 22 16 of
272 3131 122 17 Government
400 3132 61 17 which
470 3132 15 17 it
490 3132 33 16 has
531 3132 72 21 pleased
610 3132 34 16 her

54 3148 78 21 Majesty,
139 3150 28 17 for
173 3151 31 16 the
213 3153 81 19 present,
301 3153 19 15 to
327 3153 87 17 establish
421 3153 19 16 in
449 3153 37 16 this
499 3153 72 20 Colony.
593 3153 52 20 They

53 3170 47 15 must
106 3170 68 17 submit
181 3173 17 14 to
209 3177 11 11 a
227 3172 102 21 legislation
336 3173 20 17 in
368 3173 60 17 which
440 3174 43 20 they
490 3173 47 17 have
551 3177 24 13 no
583 3174 60 19 voice;

53 3191 47 15 must
104 3191 46 21 obey
157 3191 44 18 laws
208 3193 61 18 which
275 3194 43 21 they
321 3195 46 16 have
374 3199 24 12 no
407 3194 52 17 share
466 3194 20 17 in
492 3194 89 21 framing;
593 3196 51 15 must

52 3212 33 17 pay
91 3212 55 19 taxes,
154 3214 19 15 to
180 3214 30 16 the
224 3214 105 21 imposition
339 3216 21 17 of
368 3215 60 17 which
441 3216 44 20 they
496 3215 46 17 have
553 3216 54 20 given
619 3219 24 13 no

53 3233 72 15 consent
130 3233 59 17 either
195 3234 57 18 direct
265 3240 20 12 or
297 3236 75 21 implied
377 3241 5 14 ;
393 3236 37 17 and
436 3237 52 16 must
497 3236 94 21 acquiesce
602 3236 21 16 in
632 3241 12 12 a

52 3252 121 29 Jrovernment
177 3256 119 20 expenditure
303 3261 43 13 over
355 3257 59 17 which
421 3257 44 21 they
469 3257 47 17 have
523 3257 75 19 control,
606 3257 37 17 ana

52 3274 42 14 irorn
101 3274 57 18 which
167 3276 41 21 they
215 3277 61 17 derive
283 3282 25 12 no
314 3278 107 21 advantage,
431 3282 20 13 or
458 3282 48 13 none
515 3278 127 21 proportioned

52 3312 6 9 »
76 3297 19 12 *™
96 3298 10 11 e
108 3314 5 7 ,
113 3296 52 16 exten
168 3299 6 14 t
179 3297 20 16 of
204 3297 47 18 their
257 3299 137 17 contributions.
416 3299 38 16 But
461 3299 43 21 they
511 3299 112 17 understand
628 3299 15 17 it

52 3313 16 15 to
76 3313 21 17 be
108 3314 31 18 her
149 3317 91 22 Majesty's
250 3320 84 21 gracious
347 3320 101 17 intentions
460 3320 46 20 that,
517 3320 67 16 within
593 3320 50 16 their

52 3337 38 14 own
97 3336 74 21 district,
178 3339 28 17 for
212 3339 26 17 all
247 3342 77 16 matters
336 3340 21 18 in
365 3341 62 17 which
433 3341 42 17 that
488 3341 72 17 district
567 3341 52 16 alone
626 3341 16 17 is

52 3358 99 19 concerned,
160 3360 43 21 they
208 3360 65 18 should
284 3361 55 21 have/
349 3362 80 21 through
443 3361 32 18 the
485 3361 158 21 initrumentality

52 3378 16 13 oi
76 3381 12 11 a
94 3378 99 22 Municipal
203 3381 121 22 Corporation,
332 3382 25 18 all
367 3383 33 16 the
410 3387 65 13 means
482 3382 19 17 of
509 3382 48 18 local
563 3382 37 17 self
608 3382 35 17 Go-

50 3399 98 17 vernment.
155 3401 50 20 They
208 3402 88 18 therefore
300 3405 77 16 venture
381 3405 19 15 to
403 3403 60 19 claim,
468 3405 19 15 at
490 3404 31 16 the
526 3403 59 18 hands
589 3403 21 17 of
612 3403 29 17 his

52 3420 103 21 axceHency
163 3422 37 17 and
206 3423 22 16 of
231 3424 32 16 the
269 3424 108 21 Legislative
385 3424 81 20 Council,
478 3425 44 16 such
535 3429 12 12 a
557 3428 84 13 measure

52 3441 18 12 as
81 3443 41 17 may
127 3445 40 17 give
178 3443 88 21 complete
276 3445 53 17 effect
339 3447 19 15 to
365 3445 31 17 the
403 3446 83 20 gracious
497 3450 78 16 purpose
583 3446 21 16 of
608 3446 34 16 her

52 3459 78 22 Majesty.
245 3465 8 8 *

231 3486 61 17 would
303 3487 38 17 also
353 3488 73 16 remind
435 3487 31 17 his
475 3487 113 21 Excellency,
600 3488 41 17 that

52 3502 29 14 the
87 3502 109 20 inhabitants
207 3506 21 17 of
236 3507 43 16 Port
294 3508 97 17 Nicholson
400 3513 46 12 were
456 3508 31 17 led
501 3509 22 20 by
530 3508 29 17 Sir
571 3509 69 21 George

52 3528 17 8 ™
69 3525 26 20 fPP.
97 3527 8 11 8
106 3534 5 8 '
119 3523 29 18 the
155 3525 90 19 Governor
253 3528 20 16 of
277 3528 45 17 New
334 3529 55 17 South
398 3529 66 20 Wales,
473 3529 63 17 within
544 3530 31 16 the
581 3529 59 17 limits

52 3544 16 12 oi
74 3544 57 17 which
139 3546 65 22 Colony
211 3548 45 17 New
264 3549 79 17 Zealand
350 3554 36 13 was
393 3550 45 17 then
449 3550 93 20 included,
549 3553 19 14 to
575 3552 65 20 expect

51 3566 37 13 wat
95 3566 41 20 they
139 3567 64 17 should
210 3569 22 16 be
237 3570 96 19 permitted
342 3571 18 17 to
364 3570 47 18 form
418 3570 48 18 their
473 3575 39 13 own
519 3571 119 22 community,

52 3588 40 12 ««n
99 3589 23 12 no
128 3589 69 18 greater
202 3589 120 19 interference
326 3595 23 12 on
357 3591 31 17 the
391 3593 42 19 part
438 3592 20 16 of
464 3593 123 16 Government
592 3593 46 16 than

52 3607 56 18 might
115 3607 20 16 be
146 3612 94 19 necessary
245 3611 29 17 for
281 3612 31 16 the
320 3612 35 17 due
361 3612 146 17 administration
514 3614 22 15 of
545 3613 66 20 justice
618 3614 20 16 in

51 3628 30 13 me
87 3628 59 17 Queen
153 3633 9 12 s
168 3634 60 16 name,
236 3632 36 16 and
278 3632 29 16 for
313 3633 33 15 the
353 3633 94 17 collection
454 3634 21 16 of
479 3634 30 16 the
516 3638 87 13 revenue.

70 3647 37 16 The
115 3648 108 20 inhabitants
230 3652 21 16 of
256 3653 34 16 Por
297 3653 98 17 Nicholson
405 3654 38 16 and
453 3654 25 16 its
490 3654 80 21 vicinity,
578 3655 60 16 would

50 3669 66 16 protest
121 3669 19 16 in
147 3671 31 16 the
185 3673 90 20 strongest
282 3677 76 13 manner
369 3674 71 21 against
453 3675 55 20 being
520 3675 87 17 included
618 3676 18 16 in

50 3689 34 19 »ny
90 3691 70 18 general
170 3696 84 13 measure
265 3694 28 17 for
305 3694 32 17 the
351 3694 139 18 establishment
504 3695 21 16 of
536 3696 102 20 Municipal

50 3712 120 25 j-orporations
177 3713 111 21 throughout
294 3715 31 16 the
333 3715 67 21 Colony
403 3716 22 16 of
429 3716 46 16 New
480 3716 86 18 Zealand.
587 3718 51 19 They

84 3733 11 12 n
97 3732 18 15 °t
123 3734 74 18 Pretend
203 3735 20 16 to
231 3735 62 16 decide
304 3740 48 16 upon
358 3736 32 16 the
398 3736 122 21 applicability
527 3737 21 16 of
559 3737 31 17 the
601 3737 37 17 Bill

50 3753 56 14 wnich
125 3753 42 21 they
181 3754 45 17 have
247 3756 69 16 framed
331 3758 20 15 to
375 3756 52 17 other
445 3757 115 17 settlements
577 3758 60 17 which

50 3773 13 28 ?,
61 3772 34 16 lrea
96 3777 22 15 oy
124 3774 47 17 exist
182 3779 19 13 or
207 3776 59 17 which
275 3781 41 15 may
324 3777 90 17 hereafter
423 3777 22 16 be
456 3777 110 18 established
572 3779 64 16 within

95 3793 69 22 Colony.
186 3796 17 16 It
209 3796 33 17 has
250 3798 45 16 been
302 3798 70 16 framed
381 3798 20 16 in
411 3798 92 17 exclusive
515 3799 92 16 reference
618 3801 18 15 to

50 3814 29 13 we
87 3817 135 16 circumstances
230 3818 21 16 of
257 3818 30 17 the
298 3818 104 17 settlement
413 3819 60 16 which
480 3819 43 20 they
529 3819 47 17 have
582 3820 55 17 forra-

50 3835 26 15 ea»
83 3835 33 15 and
127 3835 14 17 it
153 3839 47 15 must
212 3838 21 16 be
243 3838 106 17 considered
359 3839 20 16 in
391 3839 77 16 relation
475 3841 19 14 to
502 3840 51 16 those
561 3840 77 17 circum-

50 3854 71 20 stances,
129 3857 34 16 and
176 3859 19 15 to
206 3858 52 17 those
271 3859 58 17 alone.
352 3859 20 17 If
379 3860 54 16 other
447 3860 120 19 settlements,
578 3861 59 17 either

48 3876 43 14 irom
99 3878 71 20 vicinity
177 3880 18 15 to
209 3879 31 16 the
247 3882 74 18 present
332 3881 39 16 scat
382 3880 20 16 of
413 3881 128 19 Government,
549 3882 47 15 from
606 3882 30 16 de-

48 3896 69 20 nciency
123 3899 21 15 of
152 3899 109 21 population,
269 3905 21 11 or
300 3901 47 16 from
353 3901 105 17 contracted
467 3901 62 20 limits,
538 3901 64 17 should
614 3903 22 15 be

47 3918 62 16 judged
120 3920 31 14 not
162 3922 18 13 to
187 3921 76 19 require,
271 3925 21 12 or
302 3922 20 15 to
329 3922 21 15 be
357 3921 93 21 incapable
463 3922 20 16 of
492 3922 101 20 exercising
605 3923 31 16 the

47 3937 62 16 Powers
116 3940 65 20 bought
191 3941 18 17 to
221 3941 20 17 be
249 3942 81 17 obtained
344 3943 23 19 by
374 3942 31 17 the
416 3944 73 19 present
497 3942 44 20 Bill;
549 3942 36 17 this
593 3943 15 16 it
619 3943 16 17 is

701 3060 44 21 Mr.
758 3060 58 28 Earp
827 3067 44 15 was
889 3062 64 26 again
969 3062 66 21 voted
1054 3067 24 17 to
1089 3062 37 23 the
1143 3064 68 28 chair,
1222 3066 45 21 and

672 3087 45 22 Mr.
728 3087 72 22 Wade
809 3087 48 22 said
868 3087 53 27 that,
933 3095 25 15 as
973 3088 41 22 Dr.
1025 3089 78 22 Evans
1117 3090 44 23 had
1171 3092 95 22 suffered

671 3114 25 21 in
713 3114 59 22 their
788 3121 71 20 cause,
871 3114 38 22 the
925 3116 100 27 meeting
1040 3117 71 27 ought
1125 3121 23 19 to
1164 3120 103 22 consider

671 3141 62 22 what
741 3141 74 22 would
824 3141 27 22 be
861 3140 38 23 the
910 3145 58 19 most
977 3144 143 26 appropriate
1132 3153 97 15 manner
1244 3149 22 19 to

672 3167 76 27 testify
758 3167 58 23 their
830 3172 88 23 respect
927 3172 23 18 to
967 3168 49 23 that
1033 3170 138 26 gentleman.
1199 3173 67 22 After

671 3202 64 15 some
749 3194 130 28 discussion,
896 3195 37 22 W.
944 3196 28 21 V.
990 3196 97 28 Brewer,
1106 3198 59 28 Esq.,
1184 3200 81 22 moved

671 3221 39 22 the
720 3222 113 26 following
839 3229 36 14 :-—
899 3222 60 22 That
967 3222 38 23 the
1021 3224 141 23 inhabitants
1176 3227 25 21 of
1212 3227 54 22 Port

671 3248 132 27 Nicholson,
815 3248 79 28 deeply
903 3249 85 27 feeling
1004 3250 38 23 the
1057 3252 72 22 insult
1145 3254 83 22 offered
1242 3257 22 19 to

671 3275 69 28 them,
752 3276 31 27 by
793 3276 36 21 the
844 3276 111 23 dismissal
969 3277 28 22 of
1007 3276 41 23 Dr.
1059 3278 77 23 Evans
1152 3280 57 22 from
1227 3281 37 21 the

671 3302 149 23 Commission
830 3303 27 22 of
868 3303 38 22 the
924 3304 78 26 Peace,
1003 3314 28 6 —
1031 3304 26 22 in
1074 3313 157 21 consequence
1242 3307 25 22 of

671 3329 34 22 his
716 3329 85 28 having
809 3330 125 28 responded
951 3334 23 19 to
983 3330 38 23 the
1031 3331 46 22 call
1092 3333 26 21 of
1129 3334 37 21 the
1176 3334 88 22 inhabi-

671 3360 60 18 tants
740 3357 23 21 in
774 3356 75 28 public
859 3358 105 27 meeting,
976 3360 22 20 to
1009 3358 52 22 take
1070 3359 36 23 his
1122 3363 48 19 seat
1186 3368 29 15 on
1226 3361 37 22 the

670 3383 86 27 Bench,
762 3383 24 23 in
798 3384 65 22 order
869 3384 49 22 that
922 3384 84 28 justice
1012 3385 75 28 might
1092 3386 28 22 be
1127 3387 136 28 impartially

670 3410 166 28 administered,
837 3422 28 4 —
867 3411 65 22 deem
940 3412 19 21 it
965 3419 81 20 proper
1058 3412 52 23 that
1121 3421 29 15 an
1164 3414 97 27 address,

670 3438 137 28 embodying
812 3438 66 23 4heir
891 3439 102 28 feelings,
1004 3439 83 23 should
1101 3441 27 21 be
1144 3442 118 27 presented

670 3468 23 19 to
701 3464 49 23 that
770 3465 143 28 gentleman;
940 3466 45 22 and
1008 3466 50 22 that
1080 3468 91 23 Messrs.
1195 3469 65 27 Earp,

669 3491 79 29 Wade,
764 3492 135 28 Wicksteed,
915 3493 45 23 and
977 3493 35 22 W.
1031 3494 30 21 A.
1080 3495 92 28 Cooper,
1182 3495 29 23 be
1228 3503 34 15 re-

668 3519 95 28 quested
772 3523 23 19 to
810 3527 93 20 prepare
912 3520 39 22 the
966 3527 69 21 same,
1046 3521 37 22 for
1099 3521 39 23 the
1148 3523 113 27 signature

668 3546 28 22 of
715 3546 38 22 the
979 3547 94 23 Carried
1094 3549 166 28 unanimously.

668 3573 49 23 The
729 3574 98 27 meeting
838 3574 52 22 then
901 3574 78 27 finally
989 3574 122 27 dispersed.

695 3610 96 23 Arrived
800 3610 125 29 yesterday,
936 3610 38 23 the
984 3612 124 22 American
1120 3612 50 28 ship
1183 3614 76 26 Cicero,

667 3636 95 28 Captain
772 3638 112 22 Simmons
894 3638 27 22 of
931 3638 56 23 New
996 3638 107 28 Bedford,
1115 3643 40 19 out
1165 3640 95 22 thirteen

666 3664 98 28 months,
775 3665 84 27 having
868 3665 106 22 obtained
988 3665 53 22 nine
1057 3665 105 23 hundred
1178 3667 83 22 barrels

666 3691 28 22 of
704 3691 36 22 oil.
770 3692 43 22 She
823 3692 18 22 is
852 3692 42 22 last
908 3692 58 22 from
983 3692 38 22 the
1037 3692 111 23 Chatham
1165 3694 94 27 Islands,

666 3718 71 22 which
749 3718 39 23 she
797 3719 40 22 left
846 3722 37 19 ten
894 3719 62 27 days'
966 3720 67 25 since,
1045 3719 46 22 and
1108 3719 40 23 has
1165 3721 96 27 brought

666 3744 40 22 Dr.
719 3745 83 23 Faddie
812 3753 24 14 as
845 3753 14 14 a
868 3753 126 20 passenger.
1023 3746 43 21 Dr.
1077 3746 83 22 Faddie
1171 3747 39 22 has
1226 3755 33 14 re-

665 3771 62 22 sided
737 3775 24 18 at
770 3772 37 22 the
812 3772 110 22 Chatham
930 3772 88 23 Islands
1028 3772 36 22 for
1070 3772 85 23 sixteen
1163 3775 96 26 months,

665 3798 46 22 and
721 3799 78 27 speaks
809 3799 23 21 in
850 3799 36 22 the
899 3799 89 27 highest
998 3802 70 19 terms
1085 3799 25 22 of
1127 3800 28 21 its
1171 3800 89 22 climate

664 3824 46 22 and
720 3825 37 20 the
768 3825 96 22 conduct
874 3826 25 21 of
910 3826 38 21 the
958 3825 86 22 natives
1051 3833 5 19 ;
1072 3826 41 21 but
1129 3829 68 20 states
1213 3827 48 22 that

664 3850 63 22 there
748 3858 37 15 are
803 3851 49 32 fifty
867 3859 107 20 runaway
993 3852 78 21 sailors
1091 3853 44 21 and
1153 3854 105 27 convicts,

666 3877 49 22 who
732 3877 82 22 render
830 3878 38 21 life
886 3878 45 21 and
949 3882 106 23 property
1073 3878 109 23 insecure.
1212 3880 47 22 The

665 3903 154 22 Government
829 3904 49 27 brig
887 3904 69 27 ought
971 3908 22 17 to
1009 3912 45 20 pay
1072 3904 69 23 these'
1149 3909 81 25 gentry
1247 3915 12 14 a

664 3930 58 20 visit.

1412 2737 130 24 WHALE
1565 2737 198 25 FISHERIES.

1320 2776 47 20 The
1378 2776 87 20 decline
1477 2776 26 21 of
1517 2776 36 21 the
1564 2776 71 22 whale
1651 2777 98 21 fisheries
1767 2777 40 21 has
1821 2777 37 22 for
1872 2784 12 15 a

1294 2801 54 27 long
1357 2801 54 22 time
1422 2802 55 22 been
1485 2802 108 27 regarded
1604 2803 53 21 with
1667 2803 67 23 much
1749 2804 95 22 interest
1861 2805 22 21 in

1294 2827 38 22 the
1343 2828 52 27 city,
1407 2829 45 21 and
1461 2830 89 21 various
1559 2837 78 15 causes
1644 2830 57 22 have
1712 2831 57 21 been
1780 2831 104 27 assigned

1294 2858 23 18 to
1325 2855 89 26 explain
1433 2855 24 22 it.
1497 2856 48 22 Nor
1559 2856 19 22 is
1597 2856 38 22 the
1654 2857 103 28 question
1776 2865 43 14 one
1837 2857 47 22 that

1294 2881 86 28 merely
1395 2890 109 15 concerns
1520 2883 81 27 parties
1620 2884 121 22 interested
1757 2884 22 22 in
1797 2885 36 21 the
1856 2885 28 22 oil

1296 2908 68 27 trade,
1372 2909 41 21 but
1418 2909 17 21 it
1439 2909 19 23 is
1464 2910 107 27 regarded
1576 2918 23 14 as
1608 2911 25 21 of
1640 2911 101 22 national
1745 2911 139 28 importance

1295 2935 58 22 from
1363 2935 37 22 the
1410 2936 102 23 facilities
1522 2937 71 22 which
1604 2945 36 14 are
1654 2938 99 23 afforded
1769 2939 36 21 for
1818 2946 66 14 man-

1295 2961 55 28 ning
1361 2970 41 15 our
1418 2963 59 27 ships
1497 2964 25 22 of
1541 2971 44 15 war
1603 2965 57 21 from
1679 2965 39 21 the
1735 2965 62 27 large
1816 2972 68 15 crews

1295 2989 118 28 employed
1423 2989 23 23 in
1457 2990 38 22 the
1508 2991 106 21 fisheries.
1651 2991 33 22 At
1693 2991 39 22 the
1748 2999 61 14 same
1825 2993 55 20 time

1295 3015 62 23 these
1365 3016 101 22 fisheries
1475 3020 90 25 present
1574 3017 38 23 the
1623 3017 123 28 advantage
1763 3019 27 21 of
1806 3018 78 28 giving

1295 3043 152 26 employment
1457 3047 23 19 to
1491 3044 38 22 the
1539 3044 136 22 inhabitants
1690 3045 27 21 of
1732 3045 38 22 the
1787 3045 92 28 Orkney

1294 3069 45 22 and
1350 3070 107 22 Shetland
1468 3071 94 27 Islands,
1579 3071 58 28 who,
1654 3079 25 14 as
1692 3072 20 21 is
1727 3071 50 22 well
1792 3071 88 28 known,

1294 3096 57 23 have
1360 3098 101 27 recently
1470 3099 57 21 been
1536 3099 106 26 suffering
1647 3098 37 22 the
1690 3102 98 23 greatest
1793 3099 89 22 distress

1294 3123 44 22 and
1360 3125 119 26 privation.
1522 3125 47 22 The
1588 3125 61 28 ships
1667 3125 119 28 employed
1802 3125 24 22 in
1844 3125 37 22 the

1293 3150 71 22 whale
1374 3151 99 22 fisheries
1484 3159 37 14 are
1532 3152 25 21 of
1567 3151 39 22 the
1614 3152 94 21 burthen
1720 3152 25 21 of
1764 3152 57 21 from
1837 3154 42 20 300

1292 3180 23 18 to
1324 3179 41 21 400
1375 3182 59 23 tons,
1445 3178 47 22 and
1501 3179 54 22 each
1562 3179 58 22 have
1630 3186 14 14 a
1659 3186 57 15 crew
1733 3178 26 22 of
1777 3179 28 21 50
1821 3186 58 20 men,

1292 3203 51 23 half
1350 3205 25 21 of
1386 3205 74 22 whom
1470 3213 37 14 are
1517 3206 66 21 taken
1593 3205 58 22 from
1666 3206 37 21 the
1713 3205 84 22 islands
1807 3205 71 22 above

1292 3232 136 22 mentioned.
1472 3232 113 28 February
1608 3232 19 22 is
1646 3232 36 22 the
1706 3234 54 20 time
1784 3232 35 22 for
1842 3233 38 22 the

1292 3257 117 28 departure
1419 3259 25 22 of
1454 3259 39 22 the
1507 3259 65 28 ships,
1593 3259 47 22 and
1652 3259 65 21 when
1734 3260 55 25 they
1802 3262 77 19 return

1292 3284 22 22 in
1325 3285 37 22 the
1380 3288 94 20 autumn
1489 3285 53 29 they
1558 3287 65 21 leave
1639 3286 37 21 the
1692 3293 69 14 crews
1779 3286 24 21 in
1823 3287 57 20 their

1292 3312 73 22 native
1381 3313 92 28 islands,
1491 3312 38 23 the
1541 3320 74 20 wages
1630 3312 52 28 they
1701 3313 58 21 have
1778 3313 102 22 received

1292 3338 82 26 adding
1383 3340 87 27 greatly
1481 3342 22 19 to
1513 3340 57 21 their
1581 3339 113 22 comforts.

1318 3365 61 22 With
1393 3368 89 26 respect
1496 3369 23 19 to
1536 3367 36 22 the
1589 3366 88 22 decline
1692 3366 50 21 that
1758 3365 40 22 has
1812 3367 66 21 taken

1292 3391 67 29 place,
1372 3394 131 27 comparing
1512 3394 52 21 1840
1574 3393 53 22 with
1639 3394 59 26 1821,
1713 3393 39 21 the
1765 3393 122 28 following'

1292 3422 119 20 statement
1419 3420 46 22 will
1475 3421 59 21 show
1545 3421 37 21 the
1592 3420 131 22 particulars
1732 3428 4 13 :—:
1739 3431 26 4 —

1316 3670 129 25 According
1459 3671 23 19 to
1497 3670 42 19 this
1557 3670 121 19 statement
1694 3670 37 19 the
1746 3670 61 25 ships
1820 3670 57 20 have

1289 3694 67 22 fallen
1367 3694 35 22 off*
1409 3695 49 26 217,
1470 3694 45 22 and
1529 3694 78 28 nearly
1616 3695 63 26 9,000
1688 3701 53 15 men
1752 3694 58 22 have
1819 3695 58 22 been

1289 3720 85 24 thrown
1390 3724 40 19 out
1445 3722 28 21 of
1487 3721 95 32 employ.
1613 3721 27 21 In
1657 3721 43 21 this
1719 3725 102 23 account,
1840 3722 37 22 the

1289 3748 105 22 southern
1405 3748 82 27 fishery
1496 3749 19 21 is
1525 3747 90 22 divided
1624 3748 48 21 into
1688 3748 38 20 the
1736 3748 63 22 three
1809 3748 68 22 heads

1289 3775 26 21 of
1323 3775 138 27 spermaceti,
1474 3782 102 14 common
1594 3774 36 25 oil,
1640 3774 47 22 and
1696 3774 104 22 sealskin.
1829 3775 48 21 The

1289 3802 130 26 spermaceti
1435 3801 71 21 whale
1521 3802 82 26 fishery
1612 3802 19 20 is
1640 3800 86 22 carried
1736 3808 30 14 on
1781 3801 24 21 in
1816 3802 60 27 ships

1289 3828 26 21 of
1320 3828 58 22 from
1388 3829 41 21 300
1445 3831 23 18 to
1484 3829 40 20 500
1539 3831 58 23 tons,
1608 3827 53 22 with
1677 3834 69 15 crews
1762 3828 26 21 of
1798 3828 79 27 thirty-

1289 3857 42 19 two
1342 3862 51 14 men
1403 3863 4 19 ;
1424 3854 45 22 and
1486 3855 34 21 for
1535 3854 37 22 the
1583 3854 146 22 common-oil
1743 3854 82 28 fishery
1840 3856 35 21 the

1289 3881 57 27 ships
1358 3889 36 13 are
1410 3880 79 28 nearly
1501 3881 35 21 the
1554 3888 61 14 same
1631 3881 51 27 size,
1695 3881 45 21 and
1757 3881 36 22 the
1809 3890 67 14 crews

1289 3908 76 26 nearly
1372 3908 37 21 the
1416 3914 62 15 same
1487 3908 23 21 in
1521 3908 101 21 number.
1652 3908 33 21 As
1693 3908 34 21 for
1734 3907 39 22 the
1779 3909 96 21 sealskin

1289 3934 87 28 fishery,
1386 3934 18 22 it
1412 3934 20 22 is
1443 3934 129 22 considered
1583 3941 24 15 as
1616 3934 90 27 extinct,
1716 3934 61 22 since
1786 3935 20 22 it
1812 3935 19 23 is
1839 3935 37 23 ad-

546 34 101 32 THE
663 35 111 34 NEW
788 38 227 34 ZEALAND
1036 40 226 34 GAZETTE
1282 44 100 31 AND
1404 45 323 34 WELLINGTON
1749 49 289 34 SPECTATOR.

1291 134 17 11 ■s-
1322 125 92 24 Messrs.
1425 127 90 23 Rhodes
1532 128 46 22 and
1592 129 115 28 Company
1717 129 57 25 have
1793 132 93 23 entered

1295 152 47 21 into
1360 160 29 14 an
1404 159 149 22 engagement
1571 159 22 18 to
1609 157 80 26 supply
1705 157 36 22 the
1758 160 88 21 settlers
1863 163 23 17 at

1296 178 56 22 New
1362 179 120 27 Plymouth
1492 181 54 21 with
1557 189 12 13 a
1585 183 82 21 certain
1680 184 94 22 number
1785 186 26 21 of
1818 186 68 26 sheep

1295 205 45 21 and
1350 206 73 22 cattle.
1454 207 40 22 We
1504 214 38 15 are
1553 207 72 28 happy
1633 212 21 18 to
1666 209 53 22 hear
1726 212 25 19 of
1758 212 128 27 thisligree-

1296 232 104 26 ment,7i*s
1418 240 32 14 we
1467 240 36 15 nrc
1519 241 50 15 sure
1585 235 17 21 it
1617 235 44 21 will
1678 237 27 19 be
1718 237 114 28 faithfully
1844 238 42 21 ful-

1296 258 68 25 filled,
1375 259 46 21 and
1437 260 19 20 is
1475 263 23 18 at
1512 267 55 15 once
1583 263 157 26 commencing
1755 267 23 18 to
1794 265 92 27 provide

1296 284 36 22 the
1351 285 112 22 Taranaki
1480 286 86 22 district
1581 287 51 22 with
1649 296 43 14 one
1708 290 26 20 of
1745 291 29 21 its
1788 295 98 23 greatest

1296 310 107 23 elements
1413 313 25 20 of
1446 313 79 21 wealth
1536 313 45 22 and
1591 322 95 14 success.

1323 363 149 23 Married.—
1473 365 34 27 By
1520 365 37 22 the
1574 366 54 22 Rev.
1646 367 45 21 Mr.
1710 368 137 27 M'Farlane,
1863 374 22 17 at

1296 390 143 28 Wellington,
1451 398 29 15 on
1491 392 37 22 the
1539 392 51 22 12th
1600 392 25 22 of
1635 393 96 27 August,
1744 395 88 26 George
1844 397 41 21 Fos

1295 416 72 21 Bruce
1386 416 123 28 Mewburn,
1520 416 70 30 'Esq.,
1610 422 22 18 to
1652 419 101 29 Marjory
1774 422 110 22 Atkinson

1295 443 92 26 Aitken,
1399 443 71 22 eldest
1479 444 108 28 daughter
1597 446 24 20 of
1628 446 37 21 the
1673 447 44 21 late
1724 447 59 22 John
1792 449 92 28 Aitken,

1295 469 60 27 Esq.,
1367 470 26 21 of
1404 471 119 22 Constable
1533 472 45 21 and
1587 473 45 26 Co.,
1645 472 138 28 Edinburgh.

1322 520 89 22 Notice
1421 526 28 17 ro
1460 522 213 23 Correspondents.
1675 536 28 4 —

1293 546 19 21 is
1322 546 71 28 right;
1409 548 19 21 it
1436 548 18 21 is
1463 551 36 18 not
1509 548 81 23 decent
1599 550 34 21 for
1647 558 13 14 a
1677 552 83 21 certain
1778 554 110 23 reverend,

1293 574 129 25 gentleman
1433 578 22 18 to
1467 583 81 19 appear
1564 580 22 17 at
1602 584 13 14 a
1629 578 75 26 public
1721 579 98 27 meeting
1835 581 22 20 in
1873 589 13 13 a

1294 602 56 19 state
1365 600 27 22 of
1407 601 153 22 intoxication.
1562 614 28 4 —
1590 603 40 22 We
1647 604 57 21 have
1718 608 40 18 not
1774 613 61 14 room
1853 608 33 20 for

1294 625 37 22 the
1342 627 55 21 Rev.
1409 628 26 21 R.
1446 628 99 29 Dayey's
1558 630 70 26 letter,
1645 631 41 22 but
1702 639 32 14 we
1749 639 37 14 are
1802 633 84 27 willing

1294 656 23 17 to
1326 653 52 26 give
1388 661 29 20 up
1427 661 45 20 any
1480 656 131 22 reasonable
1620 664 66 19 space
1696 658 35 21 for
1736 658 35 21 his
1779 660 107 25 explana-

1294 679 54 27 tion,
1359 680 21 21 if
1390 685 50 17 sent
1449 681 29 27 by
1488 682 142 28 Wednesday,
1639 687 62 23 nexf,
1712 684 45 22 and
1772 685 56 22 shall
1842 686 42 22 feel

1294 706 101 27 pleasure
1405 707 20 22 if
1435 708 18 21 it
1462 708 81 23 affords
1552 709 136 23 satisfaction
1699 715 22 17 to
1729 711 37 22 the
1775 712 82 25 public.

1915 133 77 21 mitted
2007 134 49 21 that
2067 134 35 23 the
2117 136 56 22 seals
2187 135 56 22 have
2260 137 56 22 been
2333 138 78 28 nearly
2421 138 78 23 all'de-

1915 160 94 26 stroyed.

1943 186 89 27 Among
2041 187 38 22 the
2089 188 102 26 opinions
2201 188 113 23 advanced
2325 193 23 18 to
2361 191 90 27 explain
2462 192 37 22 the

1915 212 91 27 decline,
2016 214 40 20 has
2067 214 53 21 been
2129 221 47 21 one,
2187 214 47 22 that
2243 215 38 22 the
2287 216 82 22 whales
2378 218 56 21 have
2443 218 56 21 been

1915 238 116 28 destroyed
2039 248 5 18 ;
2063 241 37 20 but
2110 240 114 23 statisticil
2239 241 143 24 informsition
2391 244 41 21 has
2442 244 56 21 been

1915 266 115 26 procured,
2042 266 70 22 which
2123 267 72 22 shows
2211 268 47 21 that
2268 268 44 22 this
2322 270 90 26 opinion
2428 271 20 20 is
2456 277 33 15 un

1915 291 94 22 tenable.
2039 293 134 27 Comparing
2187 298 76 17 recent
2281 295 53 22 with
2352 296 61 27 early
2429 296 68 28 dates,

1915 317 36 21 the
1960 317 113 29 following
2080 320 79 21 results
2169 327 37 15 are
2215 321 111 22 obtained.

1942 343 27 21 In
1980 345 36 21 the
2027 353 53 18 year
2092 348 5 19 1
2103 348 45 25 6S0,
2167 348 40 20 148
2226 346 69 23 whale
2314 348 61 27 ships
2394 348 106 23 obtained

1916 370 60 25 1,373
1987 371 87 27 whales,
2086 379 23 14 or
2118 374 26 24 9£
2156 372 81 23 whales
2244 381 39 19 per
2293 374 55 26 ship.

1942 397 26 21 In
1981 397 35 22 the
2032 406 54 19 year
2103 400 58 25 KisS,
2178 400 42 20 214
2237 399 68 22 whale
2320 401 60 27 ships
2394 401 105 22 obtained

1913 425 40 19 315
1967 424 87 27 whales,
2067 433 24 13 or
2101 427 24 24 1£
2136 426 82 21 whales
2228 433 39 20 per
2276 427 55 27 ship.

1943 450 25 21 In
1989 450 38 22 the
2046 459 53 19 year
2117 453 61 26 1G96,
2190 454 38 19 100
2244 453 70 22 whale
2324 454 63 28 ships
2394 454 106 22 obtained

1913 478 40 20 380
1962 477 89 26 whales,
2063 486 24 14 or
2096 480 25 20 3J
2133 486 38 20 per
2181 479 56 27 ship.

1942 502 26 22 In
1981 503 36 21 the
2032 512 54 19 year
2097 506 58 26 1701,
2170 506 42 21 207
2232 506 69 21 whale
2315 506 61 28 ships
2392 507 106 22 obtained

1913 531 60 24 2,071
1986 531 89 27 whales,
2086 539 24 14 or
2125 535 37 18 ten
2172 539 40 19 per
2227 532 53 27 ship.

1942 556 25 21 In
1981 556 35 22 the
2027 565 53 18 year
2176 559 40 21 157
2232 559 69 21 whale
2317 559 61 28 ships
2394 560 106 21 obtained

1916 583 60 26 1,604
1986 583 88 28 whales,
2086 592 24 14 or
2120 587 37 24 10}
2167 592 41 20 per
2218 585 54 27 ship.

1943 609 25 21 In
1981 609 36 22 the
2027 618 53 19 year
2098 612 58 27 1710,
2173 612 40 21 137
2230 613 68 20 whale
2315 611 61 28 ships
2392 613 106 23 obtained

1913 637 27 19 62
1948 635 89 29 whales,
2049 645 25 13 or
2086 639 11 24 J
2108 645 40 20 per
2157 638 56 27 ship.

2118 672 88 15 KECSNT
2221 672 77 15 DATES.

1941 689 27 21 In
1982 689 38 22 the
2037 697 53 20 year
2106 693 60 25 1822,
2178 693 38 20 121
2232 691 70 23 whale
2319 691 60 28 ships
2395 692 105 22 obtained

1914 717 61 24 8,663
1986 719 51 19 tuns
2047 717 25 21 of
2079 718 36 26 oil,
2127 726 25 14 or
2160 719 25 22 71
2197 722 51 18 tuns
2258 726 39 19 per
2306 719 58 26 ship.

1941 742 26 20 In
1980 742 36 22 the
2033 750 53 21 year
2104 746 58 25 1823,
2175 745 41 22 117
2231 745 70 21 whale
2317 745 61 27 ships
2395 745 105 22 obtained

1914 768 76 26 17,074
1999 773 51 19 tuns
2061 771 25 21 of
2093 771 34 26 oil,
2140 780 24 14 or
2174 772 40 20 146
2225 774 50 19 tuns
2286 779 38 20 per
2334 771 55 28 ship.

1941 795 28 21 In
1986 795 37 22 the
2039 804 54 19 year
2109 799 60 26 1828,
2187 799 27 19 93
2228 798 70 21 whale
2315 797 61 28 ships
2395 798 105 22 obtained

1914 823 74 24 13,966
1998 825 51 19 tuns
2061 823 25 22 of
2093 824 34 27 oil,
2139 832 25 14 or
2175 825 39 20 150
2224 828 50 18 tuns
2285 832 38 19 per
2334 825 54 26 ship.

1940 848 28 21 In
1986 848 36 22 the
2040 857 53 19 year
2109 852 60 26 1830,
2189 852 25 20 91
2234 851 59 26 ships
2313 851 105 22 obtained
2436 852 64 27 2,199

1914 877 50 19 tuns
1975 875 25 21 of
2007 875 37 28 oil,
2056 884 24 14 or
2089 878 28 20 24
2127 881 51 19 tuns
2188 884 39 19 per
2235 877 57 28 ship.

1940 901 28 21 Iv
1987 901 36 22 the
2039 910 53 19 year
2106 905 60 26 1832,
2185 905 25 20 81
2229 904 61 27 ships
2304 903 105 23 obtained
2422 905 77 26 42,610

1913 931 51 18 tuns
1975 928 25 21 of
2007 929 37 26 oil,
2056 937 24 14 or
2090 931 38 21 155
2140 935 52 17 tuns
2202 938 38 19 per
2249 931 56 26 ship.

1940 955 28 21 In
1976 955 37 21 the
2023 962 54 20 year
2087 958 60 25 1836,
2157 958 28 21 59
2200 957 60 27 ships
2275 957 106 22 obtained
2395 957 41 23 750
2446 961 52 18 tuns

1913 981 25 21 of
1945 981 36 27 oil,
1993 989 25 14 or
2028 984 26 20 13
2064 987 51 18 tur.s
2124 992 38 19 per
2171 983 55 27 ship.

1941 1008 26 20 In
1985 1008 37 22 the
2040 1016 53 19 year
2112 1012 60 23 1838,
2188 1011 27 20 39
2234 1010 60 32 ships
2313 1009 105 23 obtained
2435 1011 63 26 4,103

1912 1037 52 18 tuns
1974 1035 25 20 of
2003 1035 37 27 oil,
2052 1044 23 14 or
2087 1038 37 21 103
2135 1042 53 17 tuns
2197 1044 40 19 per
2246 1037 55 27 ship.

1939 1061 47 22 The
1997 1063 91 26 opinion
2098 1063 49 22 that
2162 1063 37 21 the
2216 1063 81 22 whales
2312 1063 57 22 have
2383 1063 57 22 been
2451 1063 49 22 des-

1913 1088 77 26 troyed
1999 1089 24 21 in
2035 1089 36 22 the
2081 1090 107 22 southern
2199 1089 97 23 fisheries
2312 1091 19 21 is
2345 1090 114 22 answered
2471 1090 30 27 by

1913 1114 37 22 the
1969 1115 45 21 fact
2033 1116 53 27 that,
2103 1117 65 21 while
2187 1117 80 21 British
2287 1117 60 26 ships
2366 1117 57 21 have
2442 1117 58 21 been

1913 1140 140 29 diminished,
2065 1143 61 23 those
2140 1143 26 23 of
2171 1143 87 22 France
2268 1145 45 21 and
2322 1144 108 22 America
2442 1143 58 22 have

1912 1168 116 22 increased
2038 1173 23 17 at
2070 1177 13 14 a
2091 1175 88 22 greater
2188 1173 54 19 rate.

1938 1194 73 22 There
2020 1195 20 22 is
2047 1197 94 21 another
2149 1197 91 26 opinion
2251 1197 116 21 advanced
2376 1200 23 18 to
2410 1197 90 26 explain

1912 1220 37 22 the
1967 1222 95 28 decline,
2079 1223 73 22 which,
2167 1223 27 26 is,
2206 1223 48 22 that
2269 1223 38 22 the
2322 1231 40 14 use
2378 1223 25 21 of
2412 1230 39 20 gas
2461 1223 39 21 has

1911 1248 102 22 lessened
2023 1249 38 22 the
2071 1249 97 23 demand
2184 1250 34 21 for
2235 1249 36 27 oil,
2283 1251 40 21 but
2338 1258 29 14 an
2382 1257 86 14 answer
2481 1251 19 20 is

1911 1274 67 26 given
1989 1279 22 18 to
2022 1276 44 22 this
2075 1277 31 26 by
2115 1285 13 13 a
2138 1279 120 19 statement
2271 1276 26 22 of
2308 1276 39 22 the
2356 1277 144 27 importation

1912 1301 26 21 of
1943 1303 115 25 vegetable
2068 1303 41 22 oils
2118 1302 46 24 arid
2179 1303 73 21 tallow
2265 1303 35 21 for
2317 1304 37 21 the
2368 1310 64 21 years
2447 1305 50 19 1821

1912 1328 43 21 and
1967 1331 59 24 1839,
2039 1330 71 22 which
2126 1330 73 22 shows
2213 1338 10 13 a
2241 1333 64 24 great
2317 1330 108 27 increase,
2437 1331 62 20 attri-

1912 1355 68 21 buted
1990 1359 23 19 to
2026 1356 35 22 the
2072 1357 128 22 abatement
2211 1357 24 21 of
2242 1357 72 21 duties
2323 1364 5 14 :

1298 766 27 19 To
1337 767 35 20 the
1381 767 77 21 Editor
1468 768 26 26 of
1503 769 36 19 the
1575 770 51 20 New
1640 771 94 19 Zealand
1746 772 87 20 Gazette
1844 774 41 20 and

1452 796 126 25 Wellington
1592 797 118 25 Spectator.
1723 800 5 9 '

1322 827 43 20 Sir
1365 839 28 3 —
1393 828 108 28 Believing
1512 831 36 19 tha
1550 833 3 9 1
1567 830 35 20 the
1613 831 51 20 Port
1674 832 117 21 Nicholson
1802 834 82 20 settlers

1294 855 71 20 would
1375 856 43 19 like
1428 860 22 16 to
1461 858 49 19 hear
1524 858 24 19 of
1560 864 38 14 our
1612 859 144 26 proceedings
1769 860 10 20 I
1796 861 53 20 shall
1859 862 25 20 be

1294 882 71 26 happy
1376 886 21 16 at
1407 887 85 22 present
1501 891 25 13 or
1542 887 21 18 at
1579 892 40 19 any
1628 886 71 20 future
1718 887 56 25 time,
1786 891 22 16 to
1819 888 65 21 afford

1294 915 43 19 you
1355 917 27 12 an
1398 914 90 17 account
1506 912 25 19 of
1543 918 38 14 our
1598 919 105 19 progress,
1715 920 23 13 or
1755 915 129 21 whatsoever

1294 943 47 19 may
1360 937 26 20 be
1404 938 125 26 interesting
1545 942 22 17 to
1583 947 12 12 a
1608 940 62 20 sister
1680 941 85 26 colony.
1794 942 41 26 My
1851 946 33 17 at-

1294 964 83 20 tention
1386 965 58 20 since
1455 972 34 19 my
1499 967 107 20 residence
1616 968 50 19 here
1680 968 38 20 has
1734 969 53 19 been
1804 971 80 24 princi-

1294 991 58 26 pally
1360 992 93 20 directed
1470 995 22 18 to
1510 994 35 19 the
1561 994 39 20 soil
1617 995 42 19 and
1675 995 90 25 climate,
1776 996 56 20 from
1848 999 36 19 the

1295 1020 111 24 expressed
1421 1020 51 20 wish
1489 1021 25 19 of
1525 1021 36 20 the
1577 1021 109 21 Directors
1701 1025 23 17 at
1741 1023 68 21 home.
1840 1025 44 21 The

1294 1046 41 19 soil
1344 1046 19 20 is
1380 1053 62 20 every
1451 1048 68 20 where
1537 1049 24 19 of
1572 1049 103 20 excellent
1691 1051 87 26 quality,
1788 1051 23 20 in
1829 1056 55 17 most

1294 1073 71 25 places
1388 1074 57 20 close
1470 1077 22 18 to
1524 1075 50 26 high
1599 1079 66 17 water
1690 1079 67 23 mark,
1783 1079 43 20 and
1848 1081 36 19 the

1295 1103 91 23 country
1402 1101 18 20 is
1437 1102 47 20 well
1500 1104 90 19 watered
1604 1104 22 19 in
1643 1110 61 20 every
1715 1105 111 21 direction.
1865 1108 19 20 A

1295 1128 51 26 strip
1357 1129 24 19 of
1393 1129 108 20 fern-land
1511 1131 89 20 extends
1610 1131 63 26 along
1680 1132 37 20 the
1725 1135 58 18 coast
1793 1133 22 20 in
1826 1140 58 15 some

1294 1155 70 25 places
1379 1156 12 19 1
1409 1156 50 20 mile
1479 1157 22 19 in
1520 1158 70 26 depth,
1607 1159 83 20 seldom
1705 1166 59 14 more
1781 1161 52 20 than
1848 1163 34 24 IJ,

1286 1184 31 29 |to
1329 1183 37 19 the
1375 1183 74 21 forest.
1477 1184 52 21 This
1539 1185 18 21 is
1568 1186 23 19 of
1604 1192 74 14 course
1688 1192 22 15 as
1718 1187 32 21 far
1759 1194 22 14 as
1791 1195 31 13 we
1831 1189 53 21 have

1294 1209 85 21 become
1388 1211 125 26 acquainted
1523 1212 51 20 with
1589 1213 36 20 the
1641 1218 98 22 country.
1768 1215 46 20 The
1824 1216 59 21 fern-

1294 1237 52 19 land
1362 1238 19 19 is
1404 1244 52 20 very
1474 1240 62 25 good,
1553 1241 42 19 and
1616 1241 106 27 generally
1741 1242 25 20 of
1788 1245 95 25 superior

1294 1265 81 26 quality
1384 1265 68 21 where
1463 1267 35 19 the
1513 1267 46 21 fern
1576 1268 18 20 is
1611 1268 90 25 highest.
1731 1269 39 21 We
1779 1270 54 21 have
1842 1272 42 19 had

1295 1297 58 15 some
1371 1293 62 20 white
1449 1293 73 26 frosts,
1532 1295 38 20 but
1588 1295 51 26 they
1648 1296 116 27 invariably
1773 1298 111 26 disappear

1294 1319 71 21 before
1374 1320 37 20 the
1419 1321 68 26 rising
1503 1328 46 14 sun.
1578 1322 44 21 The
1639 1324 46 19 first
1698 1325 101 20 occurred
1809 1331 28 14 on
1847 1327 35 20 the

1294 1347 60 25 night
1370 1347 24 20 of
1406 1348 36 20 the
1459 1349 51 20 15th
1527 1350 24 19 of
1563 1349 58 27 May.
1658 1351 45 20 The
1718 1352 74 20 winter
1808 1359 74 15 season

1294 1374 37 20 has
1340 1374 60 25 been,
1412 1376 113 26 according
1534 1378 23 19 to
1567 1378 35 19 the
1612 1378 87 24 natives,
1711 1380 113 26 unusually
1834 1383 48 23 wet,

1294 1401 38 20 but
1341 1402 18 19 it
1369 1408 87 20 appears
1466 1406 22 17 to
1498 1404 27 19 be
1535 1410 47 15 now
1593 1411 57 16 pver.
1679 1406 44 20 The
1733 1407 150 22 thermometer

1285 1437 2 17 I
1293 1428 37 21 has
1341 1432 39 17 not
1389 1430 64 20 fallen
1462 1431 65 20 lower
1536 1432 50 20 than
1595 1433 35 23 40,
1644 1432 31 27 (in
1686 1434 35 19 the
1733 1434 22 20 S.
1767 1435 42 19 end
1819 1435 23 20 of
1855 1442 27 14 an

1428 1458 91 21 without
1533 1465 13 14 a
1559 1460 127 27 fire-place,)
1705 1468 40 13 nor
1754 1468 47 14 ever
1808 1463 75 25 higher

1294 1484 51 19 than
1358 1484 25 20 66
1394 1485 58 20 since
1460 1486 38 20 the
1504 1486 65 21 above
1579 1488 76 19 named
1662 1488 81 27 period.
1762 1489 44 20 Mr.
1814 1490 70 20 Smith

1294 1510 62 26 being
1365 1512 89 20 anxious
1463 1515 22 18 to
1496 1516 36 23 get
1541 1521 28 14 on
1578 1514 66 21 board
1661 1516 79 26 obliges
1750 1523 33 13 me
1793 1519 21 17 to
1826 1518 56 20 close

1294 1544 75 15 sooner
1380 1540 51 19 than
1442 1540 11 19 I
1469 1540 100 22 intended
1569 1553 27 3 —
1596 1543 89 27 perhaps
1702 1545 88 19 another
1805 1551 78 20 oppor-

1295 1566 69 26 tunity
1374 1573 49 20 may
1432 1573 52 15 soon
1495 1575 70 14 occur.

1487 1596 12 19 I
1508 1597 86 22 remain,
1606 1597 41 24 Sir,

1598 1624 70 22 Yours
1679 1625 113 26 faithfully,

1378 1648 102 21 HENRY
1496 1650 130 27 WEEKES,
1644 1653 210 27 Colonial-Surgeon.

1295 1676 50 20 New
1355 1676 119 26 Plymouth,
1485 1677 111 27 Taranaki,

1335 1704 83 25 August
1429 1705 32 24 15,
1474 1705 62 21 1841.

2150 1386 54 19 1821
2287 1386 63 24 Duty
2432 1386 56 19 1839

2140 1410 71 22 Tuns.
2265 1418 40 19 per
2318 1411 56 21 Ton.
2430 1410 70 22 Tuns.

1938 1435 66 23 Olive
2014 1436 37 22 oil.
2141 1438 63 25 1,900
2282 1437 33 22 £4
2343 1439 30 20 4s.
2436 1437 64 26 7,134

1938 1463 134 23 Cocoa-nut.
2138 1464 68 22 None
2303 1465 9 20 1
2342 1465 13 20 5
2438 1465 62 26 1,500

1938 1489 71 23 Palm.
2139 1492 64 25 3,200
2300 1493 9 19 1
2341 1492 12 19 5
2424 1491 74 27 17,200

1938 1516 124 27 Rapeseed.
2165 1519 41 21 800
2300 1519 13 20 0
2329 1519 26 19 12
2435 1518 64 25 8,700

1939 1543 105 22 Linseed.
2131 1545 76 26 10,500
2302 1545 12 19 0
2331 1546 25 20 17
2424 1546 77 25 28,859

2131 1599 76 26 16,400
2425 1599 76 26 G3,393

1937 1622 94 24 Tallow.
2129 1626 77 21 32.158
2301 1627 13 19 3
2343 1627 12 19 0
2423 1625 77 26 57,615

1938 1650 33 22 To
1981 1651 38 21 the
2030 1655 186 23 encouragement
2223 1652 26 21 of
2260 1651 40 23 oils
2311 1652 26 21 of
2348 1651 96 22 colonial
2449 1652 52 22 fish-

1912 1684 45 19 ery,
1968 1685 69 20 many
2047 1679 103 22 attribute
2161 1678 38 22 the
2216 1678 93 22 decline.
2338 1678 45 22 Till
2392 1680 53 20 1821
2463 1679 38 22 the

1912 1703 81 23 British
2003 1705 99 22 fisheries
2112 1713 57 15 were
2188 1705 113 28 protected
2310 1705 31 27 by
2352 1705 96 27 limiting
2463 1706 38 21 the

1910 1731 143 27 importation
2062 1733 24 20 of
2098 1732 96 23 colonial
2202 1732 40 22 oils
2252 1735 23 19 to
2282 1739 14 15 a
2303 1732 43 21 few
2352 1731 81 28 places.
2463 1733 38 21 An

1912 1757 45 22 Act
1969 1759 80 25 passed
2058 1762 23 18 at
2091 1759 42 22 this
2142 1759 78 28 period
2229 1759 94 22 allowed
2333 1759 38 21 the
2381 1759 120 22 admission

1912 1785 25 21 of
1948 1785 29 21 all
1988 1785 95 22 colonial
2093 1786 40 22 oils
2143 1793 30 14 on
2183 1789 107 24 payment
2300 1785 26 21 of
2337 1793 13 13 a
2359 1785 55 28 duty
2423 1786 27 21 of
2469 1788 31 20 Is.

1911 1818 39 19 per
1959 1815 38 18 ton
2005 1820 4 19 ;
2027 1813 44 21 and
2080 1820 13 14 a
2101 1813 136 26 subsequent
2255 1815 37 19 act
2300 1812 77 22 allows
2390 1812 111 22 materials

1912 1837 61 23 fitted
1983 1839 35 21 for
2028 1839 36 22 the
2074 1839 83 22 British
2173 1839 100 22 fisheries
2286 1840 24 20 in
2326 1839 106 21 America
2442 1843 22 18 to
2473 1840 28 21 be

1910 1864 111 28 imported
2030 1867 46 20 into
2086 1866 38 22 the
2133 1866 64 28 place
2206 1866 90 22 whence
2308 1866 53 27 they
2369 1873 38 14 are
2417 1866 84 22 carried

1912 1899 27 13 on
1951 1892 53 27 duty
2014 1893 54 21 free.
2097 1893 74 22 Those
2181 1893 48 21 who
2249 1893 99 21 advance
2364 1893 45 21 this
2421 1900 80 15 reason

1910 1918 35 21 for
1954 1919 37 21 the
2009 1919 94 28 decline,
2114 1924 92 23 support
2214 1919 58 22 their
2282 1920 92 27 opinion
2388 1919 31 27 by
2435 1923 66 19 state-

1910 1949 73 18 ments
1989 1947 26 20 of
2027 1947 35 21 the
2070 1947 154 26 imputations
2232 1947 26 21 of
2265 1947 82 21 British
2355 1946 44 22 and
2407 1946 94 22 colonial

1911 1972 41 22 oils
1962 1973 34 21 for
2006 1973 37 21 the
2053 1980 63 20 years
2127 1975 52 20 1821
2191 1973 45 22 and
2251 1975 61 24 1839,
2331 1973 123 27 exhibiting
2472 1981 29 14 an

1910 1999 100 21 increase
2027 2001 26 19 of
2063 2000 38 20 tlie
2110 2000 68 22 Litter
2188 2001 176 26 accompanying
2375 2008 13 13 a
2397 1999 104 23 dec/csa&e

1912 2025 25 21 of
1947 2025 37 22 the
1994 2026 82 22 former
2082 2035 5 13 :
2089 2037 28 5 —

2155 2052 105 22 British.
2439 2053 62 22 Tuns

1913 2078 26 22 In
1951 2079 36 21 the
2004 2087 54 19 year
2069 2081 58 26 1821,
2142 2079 128 23 Greenland
2282 2079 30 23 oil
2341 2094 5 5 .
2404 2096 5 6 .
2425 2081 76 25 15,000

2145 2107 136 26 Spermaceti
2338 2123 5 5 .
2401 2121 6 7 .
2435 2108 65 25 5,009

2145 2133 109 22 Common
2342 2149 5 6 .
2404 2149 5 6 .
2438 2135 63 25 4,570

2183 2187 64 23 Total
2275 2203 6 5 .
2340 2203 5 5 .
2403 2203 5 5 .
2422 2187 78 26 24,579

2439 2215 62 21 Tuns

1913 2240 27 22 In
1952 2241 36 21 the
2003 2249 53 19 year
2071 2243 60 25 1839,
2144 2240 130 22 Greenland
2284 2241 30 21 oil
2341 2257 5 5 .
2404 2257 5 5 .
2437 2243 64 24 3,000

2146 2267 137 28 Spermaceti
2338 2283 4 6 .
2403 2283 5 7 .
2435 2269 65 26 4,250

2146 2295 110 21 Common
2336 2310 5 6 .
2402 2310 5 6 .
2460 2296 39 22 170

2183 2348 65 22 Total
2275 2365 7 5 .
2329 2364 6 5 .
2401 2363 5 5 .
2437 2349 63 21 7.420

2143 2375 125 22 Colonial.

2438 2402 63 22 Tuns

1914 2428 27 22 In
1951 2429 37 21 the
2003 2436 53 19 year
2070 2431 59 25 1821,
2143 2428 47 22 Cod
2200 2429 45 21 and
2256 2429 45 22 seal
2312 2429 29 21 oil
2405 2445 4 5 .
2439 2430 62 26 7,500

2148 2455 136 27 Spermaceti
2300 2455 78 27 (none)

2147 2482 109 22 Common
2272 2483 78 26 (none)

2183 2535 65 23 Total
2276 2552 6 6 .
2338 2551 6 7 .
2402 2552 5 6 .
2437 2537 63 26 7,500

2441 2563 60 22 Tuns

1912 2590 28 22 In
1951 2590 37 22 the
2003 2598 53 19 year
2073 2592 60 25 1839,
2146 2589 46 21 Cod
2202 2589 45 21 and
2256 2589 47 22 seal
2313 2589 29 22 oil
2404 2606 6 6 .
2427 2591 74 26 10,200

2147 2616 137 27 Spermaceti
2340 2632 5 6 .
2402 2632 6 6 .
2438 2618 62 25 1,322

2147 2643 109 21 Common
2297 2654 21 21 -^
2340 2659 5 6 .
2402 2659 6 6 .
2438 2645 62 25 6,315

2184 2696 66 22 Total
2278 2712 5 6 .
2330 2687 24 32 V
2404 2712 6 7 .
2427 2697 74 26 17,837

1940 2724 134 22 Statements
2098 2731 37 15 are
2155 2723 45 22 also
2221 2723 65 22 made
2306 2724 26 21 of
2352 2724 38 22 the
2408 2723 93 23 indirect

1913 2751 72 22 duties
1993 2755 23 18 to
2027 2751 71 22 which
2109 2752 38 21 the
2158 2751 39 21 oils
2206 2751 26 21 of
2239 2750 37 22 the
2282 2751 84 22 British
2375 2751 84 26 fishery
2466 2758 35 15 are

1912 2778 94 27 subject,
2019 2786 23 13 as
2052 2785 28 14 an
2091 2785 87 14 answer
2187 2782 22 16 to
2227 2777 62 22 those
2304 2777 49 22 who
2369 2785 68 19 argue
2454 2777 47 22 that

1913 2805 37 21 the
1960 2805 117 22 smallness
2087 2806 25 21 of
2124 2805 38 21 the
2173 2804 53 26 duty
2238 2805 40 25 (Is.
2287 2812 41 19 per
2334 2805 51 26 tun)
2397 2805 18 21 is
2423 2812 14 14 a
2442 2804 59 22 suffi-

1913 2832 60 21 cient
1983 2834 195 25 encouragement.
2213 2831 48 21 The
2277 2831 55 22 total
2346 2834 95 19 amount
2450 2838 30 15 on
2489 2839 12 14 a

1912 2858 50 27 ship
1972 2858 27 22 of
2007 2860 40 20 400
2058 2862 58 24 tons,
2127 2859 19 20 it
2156 2857 43 22 will
2208 2857 28 22 be
2247 2865 61 20 seen,
2324 2859 18 20 is
2353 2859 74 21 £1625
2435 2866 6 19 ;
2460 2859 41 20 but

1913 2886 127 27 estimating
2050 2885 43 22 this
2103 2889 23 18 at
2143 2885 52 27 only
2211 2885 82 26 £1000,
2312 2885 46 21 and
2374 2885 101 26 dividing
2484 2885 17 21 it

1912 2911 30 28 by
1952 2912 38 21 the
1999 2919 93 21 average
2098 2912 102 28 quantity
2207 2912 27 20 of
2245 2913 133 25 spermaceti
2385 2912 35 26 oil,
2428 2911 73 22 which

1912 2939 19 21 is
1943 2940 38 20 160
1993 2942 58 24 tuns,
2061 2940 19 21 it
2088 2941 63 25 gives
2162 2946 14 14 a
2184 2939 53 26 duty
2250 2939 24 21 of
2282 2939 71 21 above
2363 2939 33 22 £6
2403 2946 41 20 per
2451 2941 48 24 tun,

1912 2965 64 22 while
1987 2966 85 27 foreign
2083 2966 41 22 oils
2134 2973 45 19 are,
2188 2966 19 20 it
2216 2966 18 20 is
2245 2965 54 26 said,
2312 2966 83 27 paying
2402 2972 30 15 no
2439 2972 62 14 more

1912 2992 54 21 than
1976 2993 58 22 from
2046 2993 61 22 l-sth
2117 2994 24 19 to
2152 2993 49 20 1-10
2211 2991 28 22 of
2249 2991 49 22 that
2307 2994 99 19 amount.

2434 3018 20 22 £
2481 3025 17 15 s.

1910 3047 42 20 400
1960 3045 63 23 loads
2033 3046 26 21 of
2077 3045 87 26 timber,
2184 3045 32 22 £1
2227 3052 40 20 per
2273 3045 53 22 load
2336 3045 56 28 duty
2418 3046 42 21 400
2488 3047 13 19 0

1910 3074 42 21 400
1961 3076 50 19 tons
2020 3073 26 21 of
2055 3073 71 26 casks,
2139 3072 47 21 £46
2195 3079 40 20 per
2246 3073 62 26 1,200
2318 3076 73 17 staves
2418 3073 42 20 200
2487 3073 14 20 0

1912 3100 39 21 120
1957 3100 79 21 tierces
2041 3099 54 22 beef
2102 3099 45 22 and
2153 3099 61 26 pork,
2223 3100 45 20 30s.
2276 3106 41 20 per
2324 3099 68 21 tierce
2420 3100 40 20 180
2487 3100 14 20 0

1924 3128 25 19 15
1960 3129 51 19 tons
2019 3127 68 21 bread
2098 3125 45 22 and
2152 3125 63 26 flour,
2227 3125 118 22 uncertain
2359 3140 45 6 ....
2420 3127 40 20 100
2488 3127 13 20 0

1924 3154 25 21 12
1960 3156 51 19 tons
2023 3160 61 20 rope,
2104 3154 34 21 &c
2420 3154 40 20 150
2488 3154 13 19 0

1910 3179 127 22 Numerous
2047 3180 64 21 small
2120 3182 70 19 stores
2418 3180 40 21 220
2488 3180 13 20 0

2376 3233 83 27 £1,250
2487 3235 13 19 0

1962 3260 72 21 Three
2044 3261 72 26 years'
2126 3260 93 21 interest
2228 3266 30 15 on
2268 3259 73 22 duties
2419 3261 40 22 187
2475 3262 25 19 10

1964 3288 25 20 15
1999 3295 40 19 per
2047 3291 58 18 cent,
2114 3286 120 22 insurance
2419 3288 39 22 187
2474 3289 26 20 10

2377 3341 82 26 £1,625
2488 3344 13 20 0

1934 3367 49 22 The
1993 3367 101 27 question
2101 3374 51 15 now
2160 3367 79 26 raised,
2246 3367 70 27 being
2325 3375 43 14 one
2376 3369 125 27 respecting

1908 3394 37 21 the
1961 3397 189 24 encouragement
2160 3397 21 17 to
2199 3393 38 22 the
2253 3394 83 21 British
2351 3394 113 28 fisheries,'
2477 3403 24 14 as

1908 3421 98 27 opposed
2016 3424 23 18 to
2048 3421 38 22 the
2096 3421 83 22 British
2190 3421 105 27 colonies,
2306 3422 18 21 is
2334 3429 44 14 one
2394 3422 26 21 of
2438 3429 62 15 some

1908 3447 111 27 delicacy;
2035 3448 45 21 and
2095 3448 19 21 it
2130 3447 79 22 should
2219 3448 27 21 be
2262 3448 119 22 remarked
2397 3448 49 21 that
2462 3448 38 22 the

1908 3474 143 22 information
2067 3475 67 27 given
2152 3474 69 22 above
2239 3474 40 22 has
2295 3474 57 23 been
2371 3474 80 28 chiefly
2461 3476 39 21 ob-

1908 3501 76 22 tained
1993 3501 56 22 from
2060 3501 120 22 interested
2190 3508 97 15 sources.
2316 3501 47 22 The
2375 3506 123 23 argument,

1908 3527 108 29 however,
2028 3528 25 22 of
2064 3528 36 22 the
2110 3528 85 21 service
2206 3528 26 22 of
2242 3528 38 22 the
2296 3528 106 28 fisheries,
2413 3528 52 22 both
2475 3528 25 22 in

1908 3555 109 27 manning
2025 3555 60 27 ships
2100 3554 27 23 of
2140 3561 50 21 war,
2206 3555 45 21 and
2268 3555 129 27 employing
2413 3555 38 21 the
2465 3555 35 21 in-

1908 3581 110 22 habitants
2028 3582 26 21 of
2065 3582 38 21 the
2113 3582 107 21 northern
2231 3581 90 27 islands,
2338 3582 19 21 is
2373 3589 28 14 an
2416 3581 84 28 impor-

1908 3610 48 20 tant
1969 3615 50 20 ono,
2036 3608 64 23 while
2114 3608 154 27 independent
2284 3608 26 21 of
2328 3608 30 21 all
2374 3612 124 23 argument,

1908 3634 37 23 the
1963 3636 88 21 various
2075 3635 115 22 statistical
2211 3635 145 22 information
2376 3635 124 22 connected

1908 3662 52 22 with
1969 3662 39 22 the
2017 3663 86 27 subject
2112 3662 20 21 is
2141 3662 111 21 valuable.

2042 3714 125 25 PRICES
2185 3714 176 23 CURRENT.

1911 3750 71 23 [From
1991 3750 36 18 the
2043 3750 88 18 London
2147 3750 90 17 Journal
2250 3750 29 20 of
2290 3750 114 16 Commerce
2425 3750 25 16 of
2462 3750 34 16 the

2119 3774 40 20 3rd
2167 3774 26 19 of
2203 3772 80 27 April.]

1920 3808 72 27 Sperm
2004 3809 36 22 oil,
2054 3815 28 14 on
2091 3808 37 21 the
2138 3814 69 21 sperm
2226 3805 48 24 £95
2289 3809 23 17 to
2325 3805 51 23 £96
2389 3812 38 21 per
2437 3808 47 20 tun.

1920 3836 62 20 Head
1992 3839 75 18 matter
2248 3835 27 19 98
2289 3836 23 18 to
2334 3834 39 20 100
2388 3834 61 20 ditto.

1919 3863 106 20 Southern
2034 3863 73 23 whale,
2119 3861 46 27 pale
2244 3862 28 19 28
2287 3863 23 18 to
2340 3861 28 21 28
2383 3862 44 20 10s.
2439 3861 35 21 do.

1919 3890 62 21 Ditto
2006 3891 54 20 ditto
2084 3889 75 27 yellow
2241 3889 28 19 27
2284 3890 23 18 to
2336 3889 26 20 27
2378 3889 44 19 10s.
2434 3889 34 20 do.

1919 3918 62 19 Ditto
2009 3918 54 20 ditto
2091 3918 72 19 brown
2185 3915 48 22 .£24
2245 3916 27 20 10
2286 3917 24 19 to
2338 3916 29 20 26
2383 3916 65 20 ditto.

1917 3946 75 19 Whale
2002 3946 47 20 fins,
2061 3944 113 22 Southern,
2183 3943 27 22 all
2223 3943 77 23 round,
2307 3941 64 24 /'135
2383 3946 22 18 to
2412 3942 72 24 .£l4O.

1462 1767 247 26 WANGANUI.

1321 1804 21 21 A
1371 1804 75 27 public
1468 1806 97 28 meeting
1588 1807 25 21 of
1640 1807 37 22 the
1701 1808 138 23 inhabitants
1860 1811 26 21 of

1296 1830 131 28 Wanganui,
1442 1839 41 15 was
1494 1832 52 23 held
1557 1837 22 18 at
1588 1834 38 21 the
1637 1834 49 22 Rob
1698 1836 49 26 Roy
1759 1836 123 27 M'Gregor

1294 1858 75 26 Hotel,
1381 1866 27 13 on
1420 1860 116 27 Saturday,
1546 1860 37 22 the
1593 1860 51 23 17th
1656 1862 61 27 July,
1738 1865 22 19 to
1772 1863 51 21 take
1832 1863 49 23 into

1295 1883 162 24 consideration
1472 1886 38 22 the
1520 1887 171 23 circumstances
1702 1889 25 21 of
1748 1890 57 21 their
1815 1890 67 22 situa-

1294 1912 45 21 tion
1352 1919 24 14 as
1392 1913 125 22 sectionists
1534 1914 26 21 of
1578 1914 35 22 the
1628 1915 56 22 New
1699 1916 100 22 Zealand
1817 1917 65 22 Com-

1285 1948 2 18 I
1293 1945 67 20 pany,
1395 1940 45 21 and
1468 1942 146 25 unprotected
1638 1942 98 27 subjects
1759 1945 23 19 of
1812 1944 71 22 Great

1285 1967 2 30 j
1294 1965 93 22 Britain.
1435 1966 66 23 After
1519 1974 13 14 a
1550 1968 122 22 discussion
1692 1969 25 21 of
1742 1970 70 27 these,
1836 1971 47 21 and

1286 1992 129 23 :,uioidpTiu.al
1426 1994 77 26 topics,
1515 1994 17 21 it
1541 2002 44 13 was
1603 1995 102 22 resolved
1722 2000 23 17 to
1762 1997 92 27 appoint
1870 2006 12 13 a

1294 2019 127 22 committee
1431 2022 22 19 to
1470 2020 71 22 frame
1558 2028 13 14 a
1586 2021 147 27 supplication
1752 2026 22 18 to
1786 2024 33 21 his
1838 2025 44 21 Ex-

1294 2044 101 28 cellency
1402 2046 37 21 the
1450 2047 124 28 Governor,
1586 2048 45 22 and
1646 2056 13 14 a
1675 2053 167 19 remonstrance
1860 2055 22 18 to

1295 2072 91 22 Colonel
1412 2073 129 28 Wakefield,
1567 2075 108 27 principal
1695 2076 76 22 officer
1793 2077 27 21 of
1845 2077 37 23 the

1295 2098 122 28 Company,
1440 2100 33 22 for
1492 2100 145 24 deliberation
1658 2110 29 14 on
1705 2110 14 14 a
1738 2104 75 22 future
1830 2105 51 26 day.

1295 2126 36 21 On
1345 2123 36 25 the
1400 2126 115 29 following
1532 2128 149 28 Wednesday,
1703 2137 12 14 a
1733 2137 38 19 pro
1790 2138 24 14 re
1831 2134 51 18 nuta

1295 2154 98 26 meeting
1403 2154 53 21 took
1465 2154 71 27 place,
1553 2156 64 21 when
1633 2156 38 22 the
1689 2157 127 23 committee
1832 2166 51 20 pro-

1294 2180 68 26 posed
1373 2187 13 14 a
1396 2181 155 27 supplication,
1568 2183 136 27 embodying
1718 2184 58 22 their
1792 2192 92 16 reasons

1294 2206 35 21 for
1336 2206 120 29 imploring
1463 2208 57 22 from
1529 2208 34 22 his
1571 2210 143 28 Excellency,
1720 2211 49 22 first
1769 2223 27 4 —
1796 2216 88 23 protec-

1295 2233 47 22 tion
1352 2234 29 26 by
1389 2234 49 26 law,
1447 2234 113 28 secondly,
1569 2236 36 22 the
1614 2236 37 22 aid
1659 2237 26 21 of
1689 2244 13 14 a
1708 2238 99 28 military
1814 2239 68 28 force,

1294 2260 47 21 and
1350 2260 89 29 thirdly,
1451 2262 38 21 the
1499 2262 168 23 establishment
1676 2264 27 22 of
1713 2272 14 14 a
1736 2269 50 22 post
1804 2265 64 23 office
1877 2275 4 13 :

1294 2298 27 4 —
1323 2286 46 23 also
1389 2295 13 14 a
1418 2292 166 19 remonstrance
1601 2294 23 17 to
1645 2290 92 23 Colonel
1752 2292 130 27 Wakefield,

1295 2314 126 28 expressive
1432 2316 26 21 of
1468 2315 58 22 their
1535 2317 131 27 experience
1677 2318 27 21 of
1715 2318 37 22 the
1769 2319 82 28 fallacy
1861 2321 25 21 of

1296 2340 36 23 the
1343 2341 57 22 New
1537 2344 133 27 Company's
1687 2346 106 26 promises
1810 2354 23 14 as
1849 2354 35 14 re-

1294 2368 66 26 gards
1371 2368 57 22 their
1437 2368 98 23 location
1546 2377 23 15 as
1579 2371 126 22 sectionists
1724 2373 46 21 and
1786 2380 98 20 guaran-

1294 2398 36 19 tee
1341 2395 26 21 of
1387 2396 76 21 native
1482 2396 66 28 titles,
1562 2398 118 21 inasmuch
1697 2405 23 15 as
1740 2399 38 22 the
1797 2401 87 21 natives

1295 2421 99 22 obstruct
1403 2422 37 22 the
1452 2424 163 27 appropriation
1626 2425 27 21 of
1670 2432 45 20 any
1730 2425 61 28 land,
1809 2434 52 14 save
1872 2435 12 14 a

1295 2455 86 16 narrow
1400 2450 53 26 strip
1473 2450 27 22 of
1519 2451 119 22 unfruitful
1655 2452 40 21 soil
1709 2452 121 29 bordering
1846 2454 38 22 the

1295 2479 68 23 coast,
1364 2487 29 4 —
1393 2476 45 22 and
1461 2478 101 27 strongly
1580 2479 120 26 censuring
1719 2479 38 22 the
1775 2485 108 23 apparent

1294 2502 83 28 apathy
1388 2506 23 19 to
1421 2503 58 22 their
1487 2505 105 21 situation
1600 2505 115 23 exhibited
1722 2507 29 26 by
1761 2507 38 21 the
1809 2515 75 20 repre-

1294 2530 120 21 sentatives
1426 2530 26 22 of
1463 2531 38 21 the
1514 2532 124 27 Company,
1656 2532 43 22 and
1715 2533 59 22 their
1790 2535 90 26 supine-

1294 2563 51 15 ness
1355 2557 24 21 in
1390 2560 40 19 not
1437 2558 132 27 appointing
1578 2566 12 14 a
1600 2559 98 21 resident
1714 2564 75 23 agent.
1825 2561 58 22 Both

1294 2583 132 23 documents
1436 2592 64 18 were,
1512 2585 51 21 with
1573 2592 63 15 some
1651 2586 75 22 verbal
1739 2588 142 27 corrections,

1294 2611 81 25 agreed
1385 2615 30 23 to,
1427 2612 44 21 and
1482 2612 67 27 being
1557 2612 161 33 subsequently
1734 2614 78 27 signed
1828 2615 32 26 by
1869 2622 13 14 a

1294 2636 61 28 large
1365 2638 105 27 majority
1480 2639 26 21 of
1517 2638 36 22 the
1562 2638 146 27 inhabitants,
1719 2640 125 23 forwarded
1862 2645 21 18 to

1294 2664 58 22 their
1362 2664 142 24 destination.
1505 2676 28 5 —
1536 2667 169 25 Correspondent.

678 119 97 17 conceived
782 124 32 12 can
823 120 46 18 form
876 125 22 12 no
910 122 95 19 argument
1012 122 70 20 against
1091 122 29 17 the
1129 125 52 18 grant
1188 124 21 16 of
1217 124 50 17 those

678 143 68 16 powers
761 141 18 16 to
793 141 31 16 the
838 142 110 20 community
958 142 110 17 established
1080 145 18 14 at
1110 144 43 16 Port
1165 144 103 17 Nicholson.

681 160 95 17 Whatever
786 165 42 17 may
833 163 23 15 be
863 163 29 15 the
899 164 86 19 apparent
992 163 109 21 advantages
1108 164 21 16 of
1134 164 105 22 uniformity
1248 165 19 16 in

678 179 108 21 legislation,
795 182 50 17 those
854 183 106 20 advantages
974 185 50 15 must
1035 186 32 14 not
1078 185 21 15 be
1113 186 81 19 pursued
1207 188 19 14 at
1237 185 30 17 the

679 205 79 16 expense
765 203 21 15 of
788 202 76 20 justice;
874 204 36 15 and
917 203 15 16 it
939 204 59 16 would
1005 204 21 16 be
1031 204 31 17 the
1068 204 64 21 height
1141 206 19 15 of
1164 206 83 20 injustice
1254 206 16 17 If

679 221 31 16 the
717 222 113 17 inhabitants
837 224 20 16 of
863 223 35 17 this
910 224 49 20 place
967 228 46 12 were
1025 225 65 16 denied
1097 226 32 16 the
1137 226 104 21 enjoyment
1251 227 19 16 of

678 246 68 15 powers
754 244 84 15 essential
849 246 18 14 to
875 244 47 17 their
932 249 87 16 progress,
1027 249 22 12 on
1057 246 31 16 the
1099 247 72 19 ground
1178 247 38 16 that
1223 247 44 17 such

679 266 67 16 powers
753 268 31 12 are
793 265 85 19 needier,
886 269 20 12 or
913 265 103 17 unsuitable
1023 266 18 16 in
1049 266 52 16 other
1109 271 58 13 cases.

699 282 38 17 The
744 284 79 19 position
831 285 20 16 of
860 286 29 15 the
896 287 73 19 present
976 288 39 15 seat
1025 286 20 17 of
1054 287 129 20 Government,
1190 288 44 17 with
1241 292 27 13 ie-

679 303 70 17 ference
759 306 18 14 to
790 305 41 17 Port
839 305 102 20 Nicholson,
950 307 73 16 renders
1033 306 104 21 impossible
1144 312 35 17 any
1185 308 83 20 frequent

679 327 20 12 or
710 324 72 20 regular
789 327 148 16 communication
950 327 78 17 between
1040 329 31 16 the
1078 329 35 16 two
1120 329 65 20 places.
1208 329 61 17 What-

679 348 41 12 ever
727 345 71 19 portion
805 346 21 16 of
831 346 30 16 the
869 346 59 17 affairs
939 348 20 15 of
967 347 38 17 thi»
1017 348 75 20 district,
1103 350 95 19 therefore,
1209 354 31 13 are
1249 351 19 16 to

678 364 23 16 be
707 366 87 19 provided
800 367 27 16 for
835 367 22 20 by
864 368 28 15 the
901 368 122 17 Government
1030 370 20 15 of
1059 369 31 17 the
1098 369 73 21 Colony,
1181 373 49 13 must
1238 375 29 13 ne-

678 386 85 21 cessarily
777 387 21 16 be
812 388 78 20 exposed
903 389 19 15 to
932 388 39 17 risk
981 389 21 16 of
1011 389 51 20 delay
1068 390 36 16 and
1115 395 57 12 error.
1192 392 42 15 And
1241 396 18 12 es

678 406 129 20 peciallymust
814 408 35 17 this
857 409 20 16 be
882 408 31 17 the
919 413 45 15 case,
970 409 20 16 in
994 412 69 18 respect
1068 411 19 16 of
1092 411 48 20 legal
1146 412 120 20 proceedings,

680 426 14 16 if
700 426 51 17 there
758 427 65 17 should
835 430 21 15 be
863 433 34 16 any
904 430 89 20 necessity
1004 430 81 21 imposed
1094 435 50 17 upon
1158 432 31 16 the
1196 433 71 16 settlers

678 448 19 14 at
704 448 42 16 Port
758 448 99 18 Nicholson
864 451 17 15 to
892 452 58 14 resort
957 452 17 14 to
983 451 31 16 the
1021 452 85 20 Supreme
1121 453 55 16 Court
1183 454 18 15 at
1208 453 60 17 Auck-

678 467 49 17 land.
750 468 22 16 In
787 473 52 17 every
846 470 81 17 instance
934 471 18 16 in
964 471 59 16 which
1035 472 36 16 this
1085 475 59 14 resort
1155 473 16 16 is
1181 473 86 17 rendered

678 487 112 21 imperative,
798 491 32 15 the
837 491 80 16 distance
925 493 35 15 and
968 493 114 20 uncertainty
1090 493 38 17 will
1136 494 21 16 be
1165 494 102 20 equivalent

680 510 17 14 to
704 513 10 12 a
722 509 61 17 denial
790 511 21 16 of
817 511 70 20 justice,
896 513 36 15 and
943 512 41 19 will,
994 514 18 15 to
1019 513 39 16 that
1068 515 70 19 extent,
1153 514 72 20 deprive
1237 515 29 16 the

678 529 72 17 settlers
758 531 20 15 of
787 531 30 16 the
828 533 108 20 advantages
944 534 20 15 of
968 533 52 17 those
1026 534 118 18 instructions
1156 535 58 17 which
1221 540 45 12 were

678 550 116 17 transmitted
804 553 19 15 to
836 557 44 16 your
894 553 109 21 Excellency
1017 554 79 22 through
1110 555 31 17 the
1156 555 80 21 Marquis
1249 556 20 17 of

678 570 110 22 Normanby,
799 573 33 15 her
847 573 90 21 Majesty's
948 574 90 21 Principal
1050 576 92 21 Secretary
1153 577 21 16 of
1181 577 48 16 State
1240 576 26 18 for

678 592 31 14 the
716 592 87 20 Colonies,
809 593 87 22 directing
903 595 31 16 the
938 595 137 18 establishment
1080 597 19 16 of
1105 597 64 17 Courts
1174 597 20 16 of
1198 597 68 17 Justice

678 613 27 14 lor
711 612 32 16 the
755 613 66 17 benefit
828 615 21 16 of
853 615 29 17 the
890 616 71 16 settlers
972 618 19 14 at
1004 616 42 17 Port
1054 616 106 18 Nicholson.
1181 618 18 17 It
1208 618 58 17 would

678 635 98 18 moreover,
784 638 27 13 we
823 639 40 16 may
870 637 75 15 venture
956 638 18 15 to
982 637 62 19 affirm,
1056 638 22 16 be
1089 639 114 19 ungracious,
1211 639 15 17 if
1236 640 30 16 not

678 653 68 20 unjust,
758 654 17 17 if
784 655 32 17 the
823 655 109 18 inhabitants
941 658 20 15 of
970 657 31 16 the
1012 658 50 16 older
1072 659 36 16 and
1119 663 50 12 more
1179 661 87 19 populous

678 674 106 17 settlement
794 676 65 17 should
871 677 22 16 be
904 678 58 20 made,
972 678 20 16 in
1006 678 51 16 these
1070 681 49 15 most
1132 680 98 21 important
1240 686 26 11 re-

678 696 64 18 spects,
751 696 101 21 dependent
859 702 48 15 upon
918 703 11 11 a
940 699 111 20 community
1057 700 21 16 of
1089 704 51 13 more
1147 702 61 15 recent
1221 703 45 15 esta-

678 715 99 18 blishment
784 718 35 16 and
826 718 28 16 far
859 718 73 17 inferior
939 720 110 20 population.

699 736 22 16 In
729 738 110 20 conclusion,
847 739 30 16 the
884 740 107 17 Committee
997 740 60 17 would
1063 740 33 21 beg
1108 743 20 15 to
1135 743 46 16 state
1188 742 31 17 the
1226 747 41 12 con-

678 757 55 16 fident
740 759 123 20 expectations
871 760 19 16 of
895 760 31 17 the
938 760 111 18 inhabitants
1056 762 21 16 of
1088 762 38 16 this
1141 762 75 20 district,
1228 763 38 17 that

678 778 30 16 the
715 780 54 19 grant
776 780 19 15 of
800 785 68 15 powers
872 781 21 16 of
897 781 45 17 local
948 781 159 21 self-government
1116 784 67 19 maybe
1190 783 43 21 only
1237 784 29 16 the

677 799 75 19 prelude
759 800 19 16 to
786 804 9 12 a
802 800 35 18 full
844 802 109 21 recognition
960 802 21 16 of
989 803 30 16 the
1031 804 136 16 constitutional
1181 804 57 21 rights
1249 805 20 16 of

678 819 30 16 the
716 820 70 17 British
793 823 77 19 subjects
878 823 18 16 in
904 823 44 16 New
956 823 85 17 Zealand.
1063 824 51 20 They
1121 825 23 16 do
1156 826 31 15 not
1193 825 45 17 wish
1249 827 17 14 to

678 840 51 16 dwell
736 845 49 16 upon
791 843 32 16 the
830 843 138 17 circumstances
976 844 57 16 under
1044 844 59 17 which
1110 845 37 16 this
1160 846 65 20 Colony
1231 850 35 12 was

678 861 85 20 acquired
771 863 22 20 by
800 864 31 15 the
838 864 76 20 English
925 865 68 16 Crown.
1014 865 37 16 But
1058 865 43 21 they
1108 866 61 16 would
1179 867 63 16 advert
1249 868 17 14 to

678 881 30 16 the
716 882 42 19 fact,
767 884 40 16 that
817 884 20 16 in
845 889 11 11 a
866 885 66 20 Colony
943 886 89 19 acquired,
1041 890 20 11 as
1074 886 34 16 has
1122 887 45 16 been
1182 887 31 16 the
1228 891 38 12 case

678 903 44 16 with
736 903 45 17 New
794 905 83 19 Zealand,
893 906 23 20 by
925 910 107 16 occupancy,
1049 908 33 14 not
1095 907 23 20 by
1131 909 91 18 conquest,
1237 908 29 16 the

678 922 69 18 British
753 924 44 17 laws
805 926 67 19 prevail
878 927 19 15 to
904 926 45 16 such
957 930 22 12 an
988 929 68 17 extent,
1061 931 20 12 as
1089 928 19 15 to
1116 928 53 16 mak.it
1174 928 31 17 the
1212 928 56 20 impo-

678 943 54 17 sition
741 945 21 16 of
766 947 57 18 taxes,
831 947 77 15 without
915 947 30 15 the
953 948 76 15 consent
1037 948 20 16 of
1063 948 30 16 the
1100 948 64 21 people
1171 949 96 20 expressed

678 964 79 21 through
769 966 47 16 their
826 967 156 20 representatives,
996 973 23 11 an
1030 968 93 20 arbitrary,
1139 969 35 16 and
1188 974 45 12 even
1244 974 22 13 an

678 984 59 21 illegal
746 987 80 16 exercise
832 988 20 16 of
861 988 31 16 the
898 988 93 21 sovereign
1004 992 64 17 power.
1090 988 52 22 Thry
1149 990 63 19 would,
1221 992 47 16 how-

678 1009 47 15 ever,
732 1006 49 21 hope
788 1008 40 15 that
840 1008 35 16 this
885 1010 49 15 most
944 1009 84 16 valuable
1038 1010 21 16 of
1070 1009 24 16 all
1110 1010 31 17 the
1148 1011 94 21 privileges
1250 1011 19 17 of

678 1025 120 21 Englishmen
809 1032 41 17 may
859 1030 22 15 be
895 1029 81 20 speedily
988 1030 96 17 conceded.
1106 1031 28 20 By
1143 1032 45 16 such
1203 1036 11 12 a
1227 1036 39 13 con-

678 1050 75 17 cession,
769 1048 33 17 her
816 1049 76 20 Majesty
906 1050 58 16 would
979 1054 63 13 secure
1051 1051 27 16 for
1089 1055 44 13 ever
1147 1053 30 15 the
1191 1053 75 19 grateful

677 1067 67 21 loyalty
751 1069 21 15 of
777 1068 30 17 the
821 1070 56 16 whole
891 1070 21 16 of
920 1070 33 17 her
964 1072 78 19 subjects
1052 1072 65 16 within
1132 1073 51 16 these
1190 1074 76 19 Islands,

677 1088 36 16 and
720 1089 61 16 would
787 1091 61 16 obtain
855 1095 11 12 a
875 1091 82 20 peaceful
967 1093 37 15 and
1014 1093 71 16 zealous
1098 1093 97 17 obedience
1206 1096 19 16 to
1235 1095 32 16 her

678 1108 63 18 Crown
748 1110 35 16 and
791 1111 129 16 Government.

706 1136 75 27 [Near
799 1138 38 22 the
853 1139 129 22 conclusion
994 1140 27 22 of
1036 1141 44 21 Mr.
1098 1141 115 23 Hanson's
1230 1143 37 21 ad-

678 1163 68 27 dress,
763 1164 40 23 Dr.
819 1165 74 22 Evans
910 1167 92 21 entered
1017 1167 38 22 the
1071 1175 72 20 room,
1162 1169 46 22 and
1224 1177 43 15 was

678 1191 103 22 received
791 1192 53 22 with
854 1192 96 28 cheers.]

706 1218 45 21 Mr.
763 1218 35 22 W.
809 1219 29 22 A.
849 1220 90 21 Cooper
951 1220 71 22 called
1035 1228 60 20 upon
1113 1222 39 22 the
1167 1223 101 27 working

680 1244 57 22 class
746 1248 24 19 to
777 1246 28 21 be
822 1246 84 22 careful
920 1247 52 21 how
985 1247 54 27 they
1054 1255 59 19 gave
1130 1249 58 22 their
1206 1253 61 19 votes

678 1270 49 23 that
737 1272 71 27 night,
821 1273 43 21 and
873 1277 40 18 not
922 1277 22 18 to
961 1274 29 22 be
1007 1274 37 22 led
1061 1282 64 21 away
1141 1276 30 27 by
1186 1277 82 26 special

678 1298 106 28 pleading
794 1307 25 14 or
829 1300 100 26 specious
943 1304 135 24 arguments.
1118 1302 46 22 The
1183 1311 83 15 memo-

678 1324 41 23 rial
729 1333 45 14 was
784 1328 77 26 manly
868 1327 44 22 and
923 1327 49 22 firm
981 1336 5 18 ;
999 1335 42 15 one
1052 1329 26 21 of
1094 1329 73 22 which
1181 1338 30 14 no
1225 1338 42 14 one

678 1352 59 22 need
744 1352 28 22 be
781 1353 113 22 ashamed.
924 1354 36 22 He
971 1355 94 27 thought
1073 1356 19 21 it
1100 1356 27 22 of
1138 1356 36 22 the
1180 1357 88 28 highest

676 1378 140 28 importance
832 1380 47 22 that
897 1380 38 22 the
955 1381 118 23 Governor
1085 1383 83 22 should
1184 1385 27 21 be
1228 1385 39 21 ad-

679 1405 90 23 dressed
777 1407 145 27 respectfully
922 1420 30 4 —
953 1408 49 22 that
1011 1408 29 22 he
1050 1409 82 23 should
1146 1414 40 18 not
1197 1411 26 22 be
1233 1415 35 17 set

678 1435 22 18 at
710 1432 108 23 defiance.
848 1434 22 21 It
880 1441 44 15 was
934 1438 56 24 true,
999 1435 28 22 he
1038 1436 67 22 could
1118 1440 40 18 not
1170 1441 49 24 stop
1230 1437 37 23 the

678 1466 101 20 progress
790 1460 26 22 of
827 1460 37 22 the
875 1461 94 28 Colony,
979 1463 41 21 but
1028 1462 29 22 he
1073 1463 74 26 might
1160 1465 74 21 retard
1249 1465 19 21 it

678 1493 55 20 very
741 1487 76 22 much.
846 1488 36 21 He
891 1488 86 28 begged
984 1492 23 19 to
1015 1489 83 23 second
1108 1490 36 22 Mr
1154 1491 113 23 Hanson's

678 1513 93 21 motion.

704 1540 45 22 Mr.
762 1540 137 23 Wicksteed
909 1549 49 15 rose
971 1546 22 18 to
1002 1550 66 15 move
1076 1550 29 15 an
1115 1545 150 22 amendment.

680 1566 35 23 He
727 1568 74 21 would
810 1571 39 19 not
859 1569 78 27 appeal
948 1573 22 18 to
984 1569 38 22 the
1039 1570 103 28 working
1158 1571 63 28 class,
1243 1580 23 14 as

678 1594 44 21 had
732 1595 58 21 been
801 1595 57 21 done
868 1597 31 26 by
909 1596 37 22 the
956 1596 43 22 last
1012 1597 101 26 speaker,
1132 1605 40 15 nor
1188 1602 24 18 to
1222 1606 44 20 any

678 1620 64 23 other
752 1622 66 27 class;
838 1622 27 22 he
884 1623 52 21 took
951 1623 19 21 it
983 1623 35 22 for
1031 1625 97 25 granted
1148 1625 47 22 that
1214 1626 52 27 they

678 1655 57 15 were
746 1655 14 14 a
769 1649 77 21 united
856 1650 145 27 community.
1031 1651 22 21 It
1069 1658 45 15 was
1131 1652 135 23 understood

678 1677 22 19 at
711 1674 38 22 the
759 1675 43 22 last
811 1677 105 26 meeting,
932 1677 48 21 that
997 1677 36 22 the
1049 1679 118 22 memorial
1183 1687 43 15 was
1244 1683 22 19 to

678 1702 96 28 embody
784 1710 14 14 a
807 1705 119 20 statement
938 1704 26 21 of
972 1704 132 27 grievances
1110 1713 6 18 ;
1134 1705 45 23 and
1193 1710 25 18 at
1229 1707 37 21 the

678 1729 98 27 meeting
785 1729 25 22 of
828 1730 36 22 the
884 1730 139 28 Committee,
1043 1731 44 23 Mr.
1110 1732 94 23 Hanson
1223 1733 43 22 had

679 1756 122 22 consented
810 1759 23 19 to
844 1757 59 21 draw
913 1765 30 20 up
953 1757 38 23 the
1000 1759 125 22 memorial.
1160 1760 73 22 When
1249 1761 17 21 it

678 1789 45 15 was
741 1783 59 27 read,
823 1783 38 22 Dr.
880 1784 74 22 Evans
972 1785 45 21 and
1035 1785 95 23 himself
1150 1787 117 28 suggested

678 1809 49 21 that
736 1810 126 27 something
873 1811 25 21 of
916 1818 13 14 a
948 1814 101 24 stronger
1061 1816 89 23 nature,
1165 1814 101 27 inculpa-

679 1839 48 23 tory
737 1837 26 21 of
774 1836 37 22 the
824 1838 160 27 Government,
999 1837 81 24 should
1089 1840 28 21 be
1127 1840 72 22 added
1210 1844 21 18 to
1241 1841 24 22 it.

678 1863 47 21 The
735 1864 115 22 memorial
858 1872 44 14 was
912 1872 12 14 a
935 1872 54 20 very
1002 1866 123 22 consistent
1139 1866 125 28 document,

678 1890 45 21 and
733 1891 107 27 certainly
850 1891 45 22 had
904 1900 13 13 a
929 1899 55 20 very
993 1893 115 22 moderate
1124 1894 128 23 conclusion
1260 1903 5 14 :

678 1917 27 21 lie
717 1917 110 23 therefore
835 1919 108 26 proposed
959 1923 22 17 to
997 1920 120 22 substitute
1136 1928 14 14 a
1165 1924 102 25 stronger

678 1943 82 23 clause.
791 1945 35 21 On
836 1945 82 22 former
929 1946 113 22 occasions
1054 1947 37 21 the
1104 1947 110 23 Colonists
1222 1949 44 21 had

678 1974 40 18 not
727 1971 85 21 shrunk
822 1971 56 22 from
890 1973 129 27 expressing
1028 1973 58 22 their
1096 1975 109 26 opinions,
1221 1976 46 21 and

677 1997 28 21 he
717 1997 73 21 would
800 1998 38 20 psk
848 1999 67 26 them,
934 1999 73 21 would
1024 1999 53 25 they
1094 2000 29 21 do
1140 2008 23 14 so
1173 2003 63 19 now?
1236 2014 34 4 —

678 2022 47 28 (no,
734 2024 49 26 no.)
818 2025 43 21 Mr.
873 2025 129 21 Wicksteed
1009 2025 54 22 then
1071 2027 82 22 moved
1167 2028 49 21 that
1230 2029 36 21 the

677 2050 114 27 following
801 2052 123 27 paragraph
934 2053 28 20 be
968 2053 98 22 inserted
1081 2054 24 21 in
1118 2054 36 22 the
1170 2055 63 27 place
1245 2057 25 20 of

677 2076 37 22 the
725 2077 42 22 last
777 2085 43 15 one
828 2078 23 22 in
863 2079 43 21 Mr.
918 2078 115 23 Hanson's
1042 2081 129 20 memorial:
1173 2094 31 4 —

694 2104 42 19 .The
751 2104 86 17 lesidents
852 2106 18 15 at
882 2105 42 17 Port
938 2106 98 17 Nicholson
1051 2109 67 15 caunot
1132 2108 85 17 conclude
1230 2109 36 17 this

676 2124 47 17 brief
729 2126 34 15 and
776 2125 92 21 imperfect
880 2127 92 16 memorial
984 2128 20 15 of
1013 2128 48 16 their
1070 2130 66 17 wants,
1146 2129 75 16 without
1228 2134 40 15 pro-

676 2146 68 20 testing
751 2147 72 20 against
835 2147 30 16 the
878 2149 97 15 treatment
986 2149 42 19 they
1040 2149 47 16 have
1099 2149 79 17 hitherto
1185 2151 82 17 received

676 2166 47 17 from
730 2168 30 16 the
768 2168 122 16 Government
900 2170 18 15 at
927 2168 100 18 Auckland.
1050 2169 51 21 They
1113 2170 45 17 have
1172 2171 64 18 looked
1247 2172 19 17 in

676 2187 43 17 vain
732 2188 28 16 for
772 2188 42 16 that
990 2190 36 16 and
1163 2192 59 16 which
1236 2193 32 17 the

676 2208 63 17 Queen
747 2209 44 16 hath
803 2210 115 17 commanded
927 2210 33 16 her
966 2212 142 19 representative
1115 2212 42 17 here
1162 2215 18 14 to
1188 2213 80 17 exercise

675 2229 20 16 in
703 2229 47 17 their
757 2230 66 16 behalf.
844 2231 27 16 On
887 2231 30 17 the
925 2232 87 20 contrary,
1024 2232 51 17 when
1089 2233 31 16 the
1135 2238 58 15 power
1204 2234 20 16 of
1237 2235 31 16 the

676 2250 123 17 Government
807 2251 31 16 has
846 2252 44 16 been
903 2252 31 17 felt
941 2253 19 15 at
966 2252 29 20 all,
1005 2253 14 16 it
1026 2253 35 16 had
1068 2254 92 20 generally
1167 2255 65 16 caused
1240 2255 28 16 in-

673 2271 44 20 jury
723 2272 36 16 and
766 2276 109 17 annoyance.
897 2273 67 17 Should
977 2273 36 17 this
1024 2276 68 18 system
1100 2275 22 15 be
1129 2276 106 19 persevered
1241 2276 25 20 in,

675 2295 108 17 permanent
790 2293 144 19 dissatisfaction,
946 2294 102 21 frequently
1059 2295 72 21 finding
1137 2298 43 14 vent
1188 2296 18 16 in
1214 2297 54 15 vehe-

675 2316 51 14 ment
733 2314 70 16 attacks
812 2318 47 17 upon
866 2316 31 15 the
908 2315 123 16 Government
1037 2319 50 13 must
1099 2320 61 13 ensue.
1182 2317 37 16 The
1227 2322 41 12 con-

676 2334 71 17 cession
754 2335 20 16 of
785 2339 45 12 even
841 2335 49 21 large
889 2339 3 4 1
900 2340 68 16 powers
980 2336 36 16 will
1027 2338 32 15 not
1069 2337 48 21 allay
1129 2337 30 17 the
1166 2338 102 17 discontent

675 2354 100 22 inevitably
781 2356 66 21 arising
854 2356 47 17 from
908 2357 30 16 the
946 2357 110 21 knowledge,
1061 2358 42 16 that
1110 2363 11 11 a
1127 2359 82 20 majority
1214 2359 20 16 of
1237 2359 31 17 the

675 2375 109 21 Legislative
796 2377 74 16 Council
882 2377 45 17 have
941 2382 23 12 no
976 2378 82 17 intimate
1071 2380 103 16 connexion
1181 2380 45 16 with
1237 2380 31 17 the

675 2398 84 20 majority
765 2398 22 15 of
795 2398 31 15 the
837 2398 63 21 people
910 2398 61 17 whom
982 2399 42 20 they
1031 2399 58 21 ought
1097 2401 18 15 to
1125 2403 98 18 represent,
1235 2402 34 15 but

675 2417 48 17 have
730 2418 85 17 interests
824 2418 75 17 distinct
911 2420 47 16 from
969 2420 35 16 and
1012 2421 79 20 opposed
1099 2423 18 14 to
1129 2421 30 17 the
1166 2422 103 21 well-being

675 2439 21 16 of
704 2439 42 16 that
755 2439 82 21 majority
842 2445 3 14 j
864 2440 41 16 that
918 2440 32 17 the
964 2445 92 12 resources
1068 2442 36 16 and
1117 2443 80 19 energies
1209 2443 21 16 of
1237 2443 31 16 the

675 2459 74 17 settlers
760 2460 19 16 in
788 2459 61 18 Cook's
857 2460 64 17 Straits
934 2465 30 13 are
972 2462 92 20 expended
1072 2462 21 16 in
1101 2462 121 23 maintaining
1232 2464 36 17 and

675 2481 130 21 aggrandizing
813 2486 10 12 a
829 2481 68 17 distant
904 2483 36 15 and
950 2482 45 16 rival
1004 2483 110 19 settlement,
1119 2484 58 16 which
1185 2488 33 12 can
1226 2485 42 20 only

675 2501 76 17 flourish
755 2502 24 20 by
783 2506 61 12 means
849 2502 20 17 of
871 2502 47 17 their
923 2503 135 20 contributions,
1065 2505 37 15 and
1108 2505 38 16 that
1151 2505 93 20 questions
1251 2506 19 16 of

676 2522 31 16 the
715 2523 72 19 highest
798 2523 110 20 importance
919 2526 51 14 must
980 2525 22 15 be
1010 2524 75 17 decided
1093 2526 18 15 at
1120 2530 11 12 a
1137 2526 50 21 place
1198 2527 70 16 several

675 2543 94 16 hundreds
777 2544 19 16 of
802 2544 50 16 miles
861 2549 49 16 away
920 2544 48 17 from
977 2545 39 16 that
1027 2545 60 17 where
1099 2546 40 20 they
1153 2547 63 20 reside,
1225 2547 41 21 and,

675 2565 135 20 consequently,
818 2565 22 20 by
847 2570 11 11 a
864 2570 72 15 process
949 2570 19 12 so
976 2566 75 16 difficult
1057 2567 39 16 and
1103 2568 102 19 expensive,
1218 2572 19 13 as
1249 2570 18 15 to

675 2587 81 18 amount,
768 2585 19 16 in
798 2590 54 16 many
859 2586 96 20 instances,
969 2588 17 16 to
997 2592 11 11 a
1018 2587 69 17 virtual
1099 2588 59 17 denial
1169 2589 21 16 of
1195 2589 72 19 justice.

675 2606 40 16 The
721 2606 111 17 inhabitants
843 2607 20 17 of
872 2607 43 17 Port
925 2607 99 18 Nicholson
1035 2608 61 17 would
1107 2609 22 16 be
1139 2610 59 20 guilty
1209 2610 20 16 of
1238 2611 30 16 de-

675 2627 72 20 ception
758 2631 48 13 were
813 2627 41 21 they
863 2629 17 15 to
892 2629 96 16 dissemble
996 2629 48 17 their
1054 2629 38 19 full
1103 2630 90 17 intention
1205 2632 18 15 to
1238 2632 30 16 ob-

674 2648 45 19 tain,
728 2648 23 20 by
761 2653 54 16 every
824 2648 62 17 lawful
899 2650 112 21 proceeding,
1024 2652 31 15 not
1066 2651 44 20 only
1120 2651 31 16 the
1165 2655 68 17 powers
1250 2653 20 16 of

674 2668 46 17 local
727 2669 37 16 self
772 2671 117 19 government
901 2671 80 16 incident
990 2672 18 15 to
1015 2676 11 12 a
1038 2671 100 21 Municipal
1146 2672 120 21 Corporation,

673 2690 35 16 but
715 2690 31 16 the
753 2695 50 12 more
810 2691 93 16 extensive
911 2692 140 16 Constitutional
1060 2692 60 21 rights
1128 2693 36 16 and
1170 2693 98 21 privileges

674 2711 60 16 which
742 2715 30 13 are
779 2711 31 16 the
817 2711 96 21 birthright
918 2712 20 16 of
945 2712 124 21 Englishmen,
1078 2714 37 16 and
1122 2714 59 16 which
1186 2714 43 21 they
1232 2715 36 16 feel

675 2732 109 17 themselves
793 2737 19 12 as
819 2735 103 18 competent
929 2735 19 14 to
960 2734 80 16 exercise
1047 2735 38 16 and
1097 2735 87 17 maintain
1192 2735 19 17 in
1223 2736 45 16 New

675 2752 85 20 Zealand,
770 2758 20 11 as
798 2753 19 17 in
823 2753 31 17 the
860 2754 71 16 mother
939 2757 75 17 country
1021 2755 43 19 they
1071 2755 48 17 have
1127 2755 38 17 left.

1535 3473 72 28 Ships.
1637 3473 62 22 Men.

1300 3499 104 23 Northern
1414 3500 92 27 Fishery
1526 3517 6 5 .
1552 3501 40 21 153
1634 3500 63 25 7,900

1300 3527 125 26 Spermaceti
1454 3543 77 6 ...
1565 3529 27 20 95
1635 3529 62 25 3,040

1300 3553 98 23 Joramon
1410 3554 35 22 Oil
1489 3570 5 6 .
1525 3570 5 6 .
1564 3555 28 20 33
1635 3555 62 24 1,066

1300 3580 91 22 Sealskin
1419 3597 113 6 ....
1565 3582 30 20 36
1655 3581 41 22 792

1724 3473 71 28 Ships.
1816 3474 61 22 Men.

1745 3502 24 20 31
1814 3502 64 26 1,550

1745 3527 28 23 72
1813 3529 65 26 2,304

1760 3556 9 20 1
1851 3556 27 20 32

1757 3583 10 19 1
1851 3583 27 19 22

1560 3636 41 20 322
1637 3635 75 26 12,788

1747 3635 39 21 105
1814 3636 63 26 3,908
