2529 4020
68 91 227 137 THE

45 228 383 30 NEW
556 228 893 30 ZEALAND
1577 228 893 30 GAZETTE

1241 258 98 32 AND

45 290 1155 167 WELLINGTON
1315 290 1155 167 SPECTATOR.

591 488 221 37 PUBLISHED
856 489 131 36 EVERY
1031 485 256 40 WEDNESDAY
1331 487 87 38 AND
1465 487 225 38 SATURDAY
1734 488 207 37 MORNING.

105 607 62 31 No.
189 605 93 37 28M

2257 587 170 61 [VoiJiv.

658 604 107 31 PORT
788 603 257 38 NICHOLSON,
1066 602 225 33 SATURDAY
1313 604 211 36 MORNING,
1545 605 192 31 OCTOBER
1758 608 30 33 7,
1817 607 88 29 1843.

194 698 55 22 For
262 698 117 21 London
395 697 94 25 direct,
490 689 78 43 x<^m

321 731 46 22 fine
386 729 51 24 'fast
459 720 107 37 sailing^
572 731 23 22 A
615 732 20 26 1,

210 749 31 32 X
279 757 109 23 schooner
402 757 85 21 LADY
494 754 112 27 XEIGH.

61 779 132 36 JSfeMfo.
217 786 41 21 109
268 788 50 19 tons
333 785 103 26 burthen,
449 784 46 22 will
511 785 42 22 sail
568 786 69 21 about

217 812 39 22 the
268 814 34 21 Ist
309 811 134 22 November.

55 860 2 6 <
54 840 144 40 %SSS&
245 849 55 23 This
309 848 73 23 vessel
391 849 19 22 is
416 843 108 35 expected
533 849 23 22 in
569 849 69 22 about

219 880 39 19 ten
269 876 58 27 days'
334 875 57 23 from
402 884 14 14 a
423 877 45 27 trip'
474 877 34 20 via
517 875 120 23 Auckland

55 907 44 23 and
115 906 95 27 Sydney,
224 903 47 23 and
287 911 25 14 as
328 903 42 23 her
384 910 65 21 cargo
464 903 20 22 is
498 903 77 28 ready,
592 903 46 23 will

55 936 58 21 meet
122 932 53 23 with
184 931 129 24 immediate
323 930 113 28 despatch.

80 967 44 22 For
131 973 93 22 passage
233 966 61 27 only,
305 964 67 29 apply

109 999 8 8 r
371 998 81 23 Waitt
468 999 43 22 and
525 999 84 22 Tvseß.

79 1031 143 28 Wellington,
235 1032 132 27 September
377 1033 39 25 19;-
421 1031 61 22 1843.

225 1064 3 9 1
329 1054 71 28 __£S

193 1084 54 20 For
261 1084 119 21 London
387 1082 103 26 -direct,

205 1120 45 26 HP
254 1119 43 22 HE
316 1119 46 22 fine
384 1119 42 22 fast
449 1120 81 26 sailing
553 1119 84 27 barque

73 1138 109 42 Jggfe
212 1138 30 29 X
304 1158 4 4 •
339 1146 111 21 GLEN
456 1147 91 24 ARM,

55 1173 33 27 /£
97 1168 68 39 ShE
172 1168 30 39 jp
219 1178 22 17 a
261 1174 20 26 *>
301 1174 42 21 *^
362 1176 51 19 tons
414 1189 5 10 »
522 1181 29 14 uv
576 1181 50 14 com

53 1209 32 24 9
97 1195 66 29 b!ssl
172 1195 31 38 !§*
219 1200 95 21 mander
319 1207 6 17 ;
341 1199 41 22 has
391 1200 103 21 first-rate
510 1207 128 15 accommo-

219 1226 77 22 dation
315 1227 35 21 for
367 1233 136 20 passengers,
525 1227 43 21 and
591 1227 47 22 will

219 1253 118 29 positively
347 1253 41 22 sail
398 1253 43 22 this
452 1253 91 22 months

79 1281 48 22 Por
139 1280 84 28 freight
232 1287 26 15 or
273 1287 99 21 passage,
384 1280 64 28 apply
462 1282 22 20 to
494 1279 38 22 the
542 1280 95 28 Captain

54 1315 29 14 on
95 1307 75 27 board,
182 1315 25 14 or
217 1311 23 18 to

297 1334 22 21 J.
337 1334 120 21 Boulcott
471 1334 21 22 &
508 1334 46 26 Co.,

415 1361 110 22 Lambton
536 1361 73 27 Quay.

81 1387 97 22 October
187 1389 19 25 6,
219 1389 63 20 1842.

78 1418 57 22 N.B.
137 1430 27 4 —
164 1418 50 22 The
232 1420 93 26 Captain
337 1419 44 21 will
398 1422 38 19 not
453 1420 29 22 be
501 1419 137 28 responsible

52 1445 33 22 for
96 1453 43 19 any
149 1446 64 21 debts
223 1446 131 21 contracted
362 1446 31 27 by
405 1447 34 21 the
451 1454 66 14 crew.

187 1498 121 26 Passage
323 1499 30 20 to
376 1498 124 21 London.

204 1531 93 35 npHE
310 1533 63 24 Tyne,
384 1531 68 26 being
462 1531 72 23 under
542 1540 96 20 engage-

75 1559 107 33 jgggjgjSk
211 1554 30 26 X
280 1562 64 18 ment
363 1562 23 18 to
405 1558 49 22 load
473 1559 54 22 wool
547 1563 23 18 at
586 1560 54 21 Port

217 1584 91 29 Phillip,
325 1584 82 23 should
421 1585 145 23 inducement
576 1587 61 26 offer,

53 1608 147 39 flgfißgßfe
217 1618 40 15 sne
275 1612 43 22 will
336 1612 43 22 call
393 1611 52 23 here
463 1620 28 14 on
501 1613 41 21 her
551 1620 49 21 way
614 1616 24 19 to

78 1676 44 22 For
136 1683 91 21 passage
239 1675 59 28 only,
311 1676 82 25 having
403 1676 97 27 superior
513 1684 125 15 accommo-

51 1702 93 27 dations,
155 1703 69 28 apply
234 1707 23 17 to
268 1703 94 28 Captain
374 1703 129 27 Robertson,
516 1711 25 14 or
550 1706 23 19 to

313 1737 113 22 Bethune
440 1738 43 21 and
498 1738 109 21 Hunter.

78 1769 146 27 Wellington,
234 1769 90 28 August
336 1771 32 26 15,
381 1771 59 26 1843,

157 1815 55 20 For
227 1815 111 26 Sydney
352 1815 46 20 via
414 1815 113 26 Kelson,

111 1851 53 23 ■rtJK*
224 1848 94 22 fTIHE
342 1848 45 22 fine
411 1848 43 22 fast
476 1849 82 27 sailing
586 1850 51 27 brig

83 1869 101 39 jgg^.
231 1869 29 28 X
344 1877 207 22 VICTORIA,

81 1897 131 39 r^pj^gt
235 1903 43 21 300
292 1905 56 24 tons,
365 1903 91 26 Captain
474 1903 100 27 Sinclair,
590 1904 45 21 will

62 1924 152 35 ■Jgß^Spfe'
236 1938 25 14 sa
261 1931 17 21 tt
292 1931 35 21 for
326 1929 11 11 11
343 1931 38 21 the
396 1932 69 21 above
480 1935 60 24 ports
551 1938 29 15 on
596 1931 37 21 the

58 1957 158 35 135333^
236 1963 51 20 12th
297 1964 97 25 instant;
410 1964 37 21 has
456 1964 81 27 capital
545 1971 89 14 accom-

108 1993 8 20 ;
142 1993 11 6 <ii
151 1997 5 6 '
158 1995 3 4 I
161 1991 61 27 *^r'!T
236 1989 166 23 caJSv-iodaifsn
412 1990 33 20 ?Dr
452 1995 140 21 pesseng«*a.
615 1998 4 10 i

78 2014 44 21 For
136 2013 80 27 freight
233 2020 26 14 or
277 2020 100 22 passage,
394 2015 64 27 apply
476 2020 23 17 to
516 2016 39 22 the
572 2023 61 15 com-

54 2041 88 21 mander
151 2040 115 27 on'ooard,
280 2048 24 14 or
314 2044 30 18 to.
511 2051 11 13 -r

258 2074 133 28 RIDQWAYS,
409 2075 106 28 GUYTON,
532 2077 19 21 &
566 2077 38 21 Co.

78 2105 140 28 Wellington,
231 2107 97 21 October
337 2109 21 24 6,
370 2108 60 21 1843.

78 2152 53 20 For
144 2152 166 24 Newcastle,
322 2152 69 20 New
405 2154 85 20 South
504 2154 101 25 Wales,

93 2188 74 35 »iS£S^
214 2194 92 22 riIHE
407 2196 42 20 fast
476 2195 81 28 sailing
584 2195 50 28 brig

81 2216 110 39 «3^v
221 2216 29 27 X
363 2222 176 27 GANNET,

70 2249 133 34 jtjrarag
226 2249 42 21 322
289 2252 49 18 tons
358 2249 103 27 burthen,
479 2249 45 23 will
543 2250 40 22 sail
598 2250 36 22 for

55 2272 153 34 -gJEjfiijE^
226 2275 38 21 the
283 2276 72 22 above
371 2279 51 24 port
434 2284 29 14 on
480 2276 99 27 Sunday,
595 2277 37 22 the

55 2304 155 24 lrtffc-tfgF
226 2302 52 22 15th
290 2303 92 22 instant.

75 2335 110 22 Steamers
193 2335 64 23 leave
271 2336 125 23 Newcastle
412 2338 34 21 for
464 2337 91 29 Sydney
565 2345 66 21 every

50 2363 63 21 other
132 2363 47 27 day,
191 2363 45 22 and
251 2363 39 22 the
305 2371 94 20 passage
415 2364 18 22 is
449 2364 65 23 made
524 2366 24 21 in
565 2373 66 14 seven

50 2389 73 21 hours.

75 2416 45 22 For
134 2416 80 27 freight
228 2424 26 15 or
268 2425 99 20 passage,
379 2418 65 28 apply
454 2422 23 18 to
493 2418 44 23 Mr.
549 2419 84 22 Nichol

49 2449 26 15 on
88 2443 73 27 board,
172 2451 26 14 or
207 2446 22 19 to

366 2471 81 23 Waitt
463 2472 44 22 and
520 2473 83 22 Tyser.

76 2497 96 21 October
181 2499 20 24 6,
213 2498 61 22 1843.

210 2543 54 21 For
275 2543 87 21 China
375 2543 93 27 direct,

200 2578 92 34 npHE
316 2580 46 21 fine
385 2580 44 22 fast
448 2581 81 27 sailing
547 2582 84 28 barque

71 2602 111 30 .nErcftk
205 2602 31 26 JL
372 2608 30 19 m
412 2608 93 24 ary,

212 2634 22 22 A
250 2635 19 26 1,
289 2636 41 21 600
355 2638 54 22 tons,
430 2635 24 22 T.
476 2636 72 21 Grant
570 2643 60 15 com-

50 2657 148 39 aMjH^K|
211 2660 101 28 mander,
322 2662 43 21 will
372 2662 41 21 sail
423 2662 21 21 in
452 2662 30 21 all
489 2662 43 22 this
539 2663 78 21 month
624 2671 6 19 ;

50 2683 148 33 10599^
211 2687 41 23 has
261 2687 107 23 first-rate
384 2689 204 23 accommodations
597 2690 34 22 for

205 2722 141 20 passengers.

73 2740 43 22 For
129 2740 80 28 freight
224 2749 26 15 or
257 2749 101 21 passage,
370 2742 67 28 apply
447 2745 22 19 to
483 2743 39 21 the
537 2744 94 27 Captain

47 2773 27 16 on
83 2768 78 27 board,
170 2775 25 16 or
204 2772 23 18 to

293 2796 22 21 J.
331 2796 121 22 Boulcott
467 2797 20 21 &
503 2797 45 26 Co.,

410 2823 109 22 Lambton
530 2824 72 27 Quay.

73 2848 96 23 October
177 2851 20 25 6,
210 2850 63 22 1843.

205 2893 59 23 TH
282 2894 10 22 I
308 2895 15 21 S
366 2895 58 22 DA
439 2895 27 22 Y.

233 2925 43 24 EX
294 2927 145 22 VICTORIA.

122 2959 156 27 Important
306 2961 61 21 Sale
397 2961 31 21 of
452 2961 98 21 Cattle.

45 2992 91 49 MR.
160 2992 223 25 FITZHERBERT
405 2994 40 23 has
468 2994 104 31 receive^
594 2995 35 22 in-

134 3020 119 23 structions
262 3024 24 19 to
296 3021 41 22 sell
349 3022 30 28 by
390 3022 77 22 Public
483 3021 105 27 Auction,
600 3029 30 16 on

44 3045 111 29 Saturday
158 3050 64 23 next,
233 3047 38 22 the
289 3047 38 24 7th
343 3048 93 26 instant,
447 3052 24 18 at
485 3056 42 15 one
544 3048 86 23 o'clock

43 3072 119 28 precisely,'
167 3076 21 19 at
196 3073 39 22 the
245 3074 137 27 Stock-yard
391 3075 26 22 of
425 3076 91 21 Messrs.
526 3075 102 23 Bethune

43 3099 44 23 and
96 3100 120 22 Hunter—

68 3132 27 20 33
110 3137 62 20 cows,
184 3130 89 28 heifers,
285 3131 46 22 and
337 3132 110 28 bullocks,

57 3161 5 4 '
71 3158 27 20 14
110 3157 119 27 yearlings,

70 3184 8 21 1
95 3183 112 29 thorough
215 3184 56 22 bred
280 3184 103 23 Durham
395 3193 51 20 cow,

68 3211 12 21 1
96 3210 81 28 Skerry
186 3217 56 21 cow,
254 3219 14 14 a
278 3212 102 27 splendid
390 3213 87 27 milker,

68 3238 12 21 5
94 3245 56 20 very
177 3238 99 27 superior
297 3238 112 29 imported
437 3240 101 23 Durham
562 3241 65 28 bulls,

42 3264 79 28 nearly
130 3264 30 22 all
169 3265 113 28 thorough
291 3265 78 23 bread.

304 3305 65 21 also,
381 3321 5 2 .
445 3300 15 23 *v
534 3318 3 4 ,
547 3299 5 4 '

66 3325 13 20 6
92 3323 101 28 working
210 3323 111 29 bullocks,
340 3326 54 22 with
412 3326 148 28 dray,n>ows,
581 3326 47 23 and

42 3350 68 27 yokes
120 3347 116 32 complete,

67 3377 60 22 Most
137 3378 26 22 of
168 3379 38 22 the
216 3386 59 15 cows
285 3378 46 23 and
339 3379 84 23 heifers
432 3387 38 16 are
483 3380 23 23 in
518 3380 52 28 calf,
582 3380 44 23 and

40 3404 139 29 particularly
190 3406 71 27 quiet.

245 3440 75 16 AFTER
336 3441 86 20 WHICH,

65 3464 27 21 28
105 3466 51 20 tuns
165 3464 86 28 shooks,
263 3468 25 19 at
297 3466 94 22 Messrs.
401 3466 69 22 Waitt
478 3466 47 23 and
535 3467 92 28 Tyser's

42 3492 76 21 stores.

205 3517 10 11 '
243 3526 80 18 .TERMS
323 3530 29 6 —
353 3528 66 15 CASH.

66 3548 95 24 October
170 3552 19 22 6.
202 3551 61 22 1843.

183 3620 6 7 ,
201 3601 92 23 Beach
309 3603 146 29 Frontage.

42 3632 62 49 TO
119 3634 40 23 BE
172 3635 65 27 LET,
252 3636 73 23 beach
334 3636 104 28 frontage
450 3638 44 22 lots
504 3638 25 22 in
539 3641 86 20 section

109 3662 42 21 490
160 3669 28 16 on
204 3662 39 23 the
254 3663 57 22 Plan
321 3664 27 21 of
355 3664 39 22 the
403 3664 66 23 Town
483 3665 28 23 of
516 3665 109 28 Welling-

39 3688 43 25 ton,
92 3688 115 29 adjoining
216 3690 45 22 Mr.
269 3690 91 23 Taine's
367 3693 69 26 store;
448 3692 48 22 and
504 3692 25 22 in
539 3693 85 22 section

39 3713 44 27 616,
90 3714 98 25 between
198 3716 76 28 Major
282 3716 95 24 Baker's
385 3718 44 22 and
438 3719 43 23 Mr.
489 3720 135 23 Swainson's

40 3740 83 24 houses.

39 3790 17 11 v
65 3767 53 23 Also
128 3769 37 22 the
172 3770 117 28 following
297 3771 98 22 sections
405 3779 28 15 on
443 3773 37 23 the
488 3773 56 23 Plan
553 3773 26 23 of
585 3773 38 23 the

42 3800 70 22 *own,
123 3796 44 23 viz:
169 3808 27 5 —
306 3805 3 5 -
488 3810 3 3 •
503 3799 7 8 '

137 3829 26 21 55
300 3831 43 21 319
490 3834 51 21 922-
560 3832 7 22 {

125 3855 40 22 240
238 3869 23 16 ;,,
300 3859 42 21 718
478 3861 64 22 1079.

63 3881 74 27 Apply
151 3885 22 19 to

209 3910 27 23 E.
238 3934 5 8 f
250 3908 24 25 jT.
290 3911 152 29 Wakefield,
456 3921 25 15 or
501 3926 33 14 ■x
559 3933 3 3 •
576 3934 21 11 «,,
620 3930 6 4 -

167 3941 12 22 .;
203 3936 49 23 'Wv
259 3935 29 25 V.
302 3937 111 30 Brewer,
427 3940 195 24 Manners-street.

1926 696 123 22 ROYAL
2076 697 174 23 VICTORIA
2277 699 176 26 THEATRE,

2023 738 109 15 MANNERS
2147 738 92 21 STREET,
2255 739 28 15 TE
2298 740 54 15 ARO.

1897 761 93 49 THE
1999 762 150 28 performance
2159 770 29 15 on
2198 764 110 27 Saturday
2318 764 44 22 this
2376 765 106 28 evening,

1953 788 45 23 will
2007 796 128 15 commence
2145 789 54 23 with
2213 790 75 22 Mark
2302 791 137 27 Lawrence,
2456 799 27 15 or

1896 814 38 22 the
1949 815 116 22 Farmer's
2084 815 94 29 Dream,
2188 816 46 23 and
2242 817 46 22 will
2305 818 107 22 conclude
2427 818 55 24 with

1896 842 39 21 the
1950 842 54 21 Two
2012 843 156 22 Thompson's.

1923 870 22 19 A
1954 869 84 27 variety
2046 870 25 21 of
2077 870 87 26 singing
2174 869 79 28 during
2260 870 39 22 the
2309 871 103 27 evening.

1977 913 98 21 School
2084 913 42 21 for
2144 914 103 27 Young
2263 915 108 21 Ladies.

1898 944 106 49 MRS.
2032 944 141 22 DAVISON
2196 945 53 27 begs
2279 948 22 18 to
2332 946 83 22 inform
2439 946 40 23 tho

1987 971 93 22 families
2090 971 26 21 of
2127 971 147 28 Wellington,
2291 970 49 23 that
2348 972 40 22 she
2397 972 85 23 desires
2490 983 5 3 •

1896 1001 22 18 to
1930 997 105 22 establish
2045 1004 13 15 a
2065 997 136 28 respectable
2218 997 43 28 day
2281 998 75 22 school
2372 999 34 22 for
2423 999 59 23 little

1894 1023 59 28 girls
1961 1032 6 14 :
1983 1024 43 21 and
2036 1024 18 21 is
2063 1031 49 15 now
2120 1023 68 33 read^
2197 1027 23 19 to
2230 1025 86 21 receive
2326 1025 54 22 such
2390 1033 25 14 as
2430 1033 52 20 may

1895 1051 29 21 be
1941 1050 110 22 intrusted
2060 1054 22 18 to
2095 1050 40 22 her
2150 1051 85 22 tuition.
2275 1051 55 22 Mrs.
2348 1052 101 23 Davison
2465 1054 19 21 is

1895 1077 38 22 the
1948 1077 79 22 widow
2046 1077 27 21 of
2089 1084 14 14 a
2121 1077 127 28 gentleman
2268 1078 57 27 who,
2342 1078 35 22 for
2396 1079 88 22 several

1894 1110 55 21 year
1956 1111 17 20 s,
1984 1103 55 24 held
2048 1111 13 14 a
2076 1104 136 27 responsible
2226 1104 103 23 situation
2347 1105 74 22 under
2437 1106 47 22 Go-

1896 1134 131 18 vernment:
2044 1131 39 21 she
2090 1131 41 21 has
2141 1131 85 22 herself
2235 1131 104 22 received
2346 1132 37 22 the
2401 1132 83 23 educa-

1895 1157 46 22 tion
1953 1157 26 22 of
1990 1164 14 14 a
2013 1157 169 28 gentlewoman,
2194 1157 45 23 and
2248 1161 57 19 trust
2319 1158 49 22 that
2382 1159 40 22 she
2437 1159 47 22 will

1896 1185 28 21 be
1943 1184 71 22 found
2037 1184 54 27 fully
2115 1183 105 28 qualified
2244 1185 36 21 for
2301 1185 38 22 the
2364 1186 122 28 important

1896 1210 49 22 task
1955 1211 39 21 she
2004 1214 103 19 ventures
2117 1213 24 19 to
2150 1211 132 22 undertake.

1925 1237 68 21 From
2011 1237 86 23 various
2113 1237 179 27 circumstances,
2310 1238 56 23 Mrs.
2381 1239 101 24 Davison

1896 1264 19 21 is
1934 1263 94 23 induced
2047 1267 22 18 to
2087 1263 79 27 depart
2181 1264 58 22 from
2253 1264 39 22 the
2311 1265 64 21 usual
2393 1265 48 22 rule
2460 1267 24 20 of

1897 1290 114 27 quarterly
2019 1292 121 26 payments,
2152 1290 45 22 and
2207 1297 104 22 proposes
2321 1291 37 23 the
2368 1292 115 28 following

1896 1320 68 19 terms
1971 1323 41 20 per
2021 1318 65 20 week.

2352 1346 20 22 £
2397 1352 19 16 *.
2446 1348 22 20 d.

1925 1369 107 28 Reading,
2044 1370 92 28 English
2145 1378 116 21 grammar,
2298 1372 9 24 1
2359 1388 14 16 0
2400 1388 8 6 .
2442 1389 12 5 _

1980 1398 44 21 and
2034 1397 139 23 needlework
2296 1404 11 21 j
2401 1394 9 15 *
2439 1394 16 18 **

1927 1423 94 28 Writing
2030 1424 45 22 and
2085 1425 124 22 arithmetic
2359 1428 14 20 0
2400 1428 10 20 1
2440 1429 15 20 0

1927 1449 134 29 Geography
2071 1451 44 22 and
2124 1451 86 28 history
2360 1455 14 20 0
2402 1454 9 22 1
2441 1456 14 19 0

1927 1477 85 22 French
2362 1482 14 20 0
2402 1482 11 20 1
2442 1482 15 21 6

1926 1503 70 23 Piano
2011 1504 65 23 Forte
2362 1508 14 20 0
2401 1508 15 21 3
2442 1509 16 20 0

1926 1558 79 22 School
2014 1558 67 23 hours
2087 1559 58 22 from
2154 1559 107 28 half-past
2268 1560 53 23 nine
2330 1560 36 24 till
2376 1560 70 23 three.

1926 1612 68 22 Little
2009 1613 56 28 boys
2082 1613 71 22 under
2169 1613 44 22 five
2223 1621 65 20 years
2297 1614 26 22 of
2341 1621 40 21 age
2394 1615 45 22 will
2454 1615 28 22 be

1897 1639 109 22 received.

1926 1667 55 21 Mrs.
1993 1666 118 22 Davison's
2126 1670 90 24 present
2233 1667 91 22 address
2338 1668 27 26 is,
2381 1668 105 25 Tinakori

1901 1693 75 21 Road.

1898 1738 122 25 Country
2034 1737 124 22 Sections
2178 1738 43 21 for
2239 1739 61 21 Sale
2321 1745 36 15 on
2376 1740 107 22 Liberal

2140 1765 102 22 Terms.

1900 1790 163 49 SEVERAL
2097 1791 112 27 Sections,
2226 1792 25 21 of
2282 1792 101 28 Country
2409 1792 73 29 Land,

1963 1817 90 28 already
2063 1817 82 23 chosen
2154 1819 24 22 in
2187 1818 40 23 the
2239 1819 92 24 Porirua
2347 1819 91 28 district,
2449 1820 36 22 for

1898 1844 59 27 Sale,
1969 1851 74 16 terms
2053 1852 104 15 liberal.
2186 1846 76 29 Apply
2271 1850 24 18 to

1994 1877 24 21 F.
2032 1877 30 21 A.
2076 1877 171 28 Molebworth,
2263 1879 185 28 Murphy-street,
2460 1886 26 16 or

1994 1903 34 22 W.
2044 1903 28 23 V.
2087 1905 107 26 Brewer,
2204 1905 195 23 Manners-street.
2405 1917 3 4 •

2021 1949 53 21 For
2088 1948 69 27 Sale,
2173 1955 37 16 ex
2253 1951 85 26 Tyne,
2340 1950 15 11 v

1902 1982 41 20 T>
1952 1981 203 27 UTHETtFORDv
2197 1983 117 26 URURY,
2356 1985 20 24 »
2395 1985 88 24 -CO.'S

1900 2005 52 25 XV
1980 2008 97 27 superior
2087 2008 74 27 wines,
2172 2009 37 22 viz
2217 2017 6 17 ;
2226 2020 27 5 —

1927 2034 59 27 Port,
1997 2034 82 28 sherry,
2091 2035 44 22 and
2151 2036 103 24 Madeira
2261 2037 26 21 in
2297 2036 78 28 bottle,

1926 2060 54 22 Pale
1990 2062 45 21 and
2046 2062 73 22 brown
2129 2062 79 28 sherry
2217 2064 22 22 in
2251 2064 72 27 wood,

1926 2087 55 22 Port
1989 2088 24 21 in
2024 2088 69 28 wood,

1926 2114 104 22 Madeira
2039 2115 24 21 in
2074 2116 69 27 wood,

1927 2140 139 29 Hennessy's
2075 2150 84 19 cognac
2167 2143 26 22 in
2202 2143 70 28 wood,

1931 2168 45 22 Old
1985 2168 49 28 pale
2045 2169 67 23 bottle
2122 2170 96 28 brandy.

2213 2204 83 23 Waitt
2310 2206 47 22 and
2372 2206 85 23 Ttsbr.

1927 2234 142 27 Wellington,
2080 2235 131 27 September
2221 2236 32 27 19,
2263 2238 63 22 1843.

1955 2279 100 23 Messrs.
2080 2281 155 23 HOLROYD
2258 2289 47 15 and
2331 2283 97 27 HART,

2061 2315 127 21 Notaries
2212 2316 105 26 Public,

1957 2368 9 7 „
1989 2354 38 14 TE
2055 2355 74 19 ARO,
2158 2354 240 17 WELLINGTON.

1927 2378 131 27 September
2067 2381 20 25 4,
2099 2381 61 21 1843.

2070 2425 77 21 Meat
2167 2425 148 27 Company.

1902 2456 92 50 THE
2014 2457 235 29 UNDERSIGNED,
2267 2458 85 30 having
2369 2460 58 23 been
2448 2468 39 21 ap^

1975 2484 90 28 pointed
2080 2486 109 27 Manager
2199 2486 26 21 of
2238 2486 36 22 the
2288 2486 64 23 Meat
2362 2487 122 29 Company,

1900 2510 54 27 begs
1964 2514 22 19 to
1996 2519 116 18 announce
2122 2512 49 22 that
2185 2519 15 16 a
2207 2513 89 27 regular
2305 2513 78 29 supply
2391 2515 26 22 of
2426 2514 59 27 beef,

1900 2540 95 24 mutton,
2016 2538 44 22 and
2076 2539 56 28 pork
2148 2547 54 19 may
2220 2540 83 28 always
2320 2540 28 23 be
2368 2540 119 30 depended

1900 2572 60 20 upon
1971 2568 24 19 at
2004 2564 44 23 this
2058 2566 173 22 establishment.

1927 2597 33 21 As
1985 2597 43 23 this
2051 2598 115 28 Company
2183 2606 108 24 purposes
2308 2600 80 28 selling
2406 2604 24 20 at
2447 2601 38 23 the

1899 2624 78 22 lowest
1985 2625 71 27 prices
2066 2629 23 18 at
2102 2625 73 23 which
2183 2630 19 18 it
2216 2626 19 22 is
2243 2627 71 25 found
2323 2627 37 23 the
2369 2631 61 19 meat
2442 2636 43 17 can

1898 2651 29 23 be
1938 2651 106 28 afforded,
2055 2651 38 23 the
2101 2652 150 28 undersigned
2259 2654 27 21 i3>
2292 2654 53 27 only
2354 2655 129 23 authorized

1900 2681 22 18 to
1933 2678 109 28 givevery
2048 2679 85 22 limited
2142 2679 78 28 credit,
2227 2680 45 22 and
2279 2681 40 21 has
2324 2681 57 22 been
2390 2681 95 26 ordered

1900 2708 22 18 to
1938 2709 50 24 stop
2002 2706 30 22 all
2046 2709 102 19 accounts
2163 2706 74 23 which
2251 2714 37 16 are
2303 2711 41 19 not
2358 2709 52 26 paid
2423 2716 63 21 upon

1900 2731 103 23 demand.

1926 2765 49 23 The
1984 2766 101 23 business
2094 2767 25 22 of
2126 2766 38 24 the
2174 2767 115 29 Company
2297 2768 20 23 is
2327 2769 84 23 carried
2420 2777 31 15 on
2460 2771 25 21 in

1900 2792 58 23 their
1973 2800 49 15 new
2036 2794 107 27 building,
2155 2794 89 23 erected
2261 2796 100 22 between
2380 2797 105 23 France's

1900 2820 69 22 Hotel
1988 2820 44 22 and
2051 2821 36 22 the
2106 2821 59 22 head
2181 2822 26 21 of
2221 2822 38 22 the
2271 2821 60 29 Bay,
2347 2824 46 22 and
2408 2825 78 27 nearly

1900 2847 99 27 opposite
2011 2851 21 18 to
2042 2847 44 23 Mr.
2098 2848 83 28 Lyon's
2190 2849 70 22 Store.

2171 2881 36 23 W.
2222 2882 102 29 Fltqer,
2340 2884 116 28 Manager.

1928 2907 128 23 November
2065 2909 33 25 23,
2110 2909 61 22 1842.

2069 2953 77 22 Meat
2162 2954 149 27 Company.

1992 3005 5 4 ,
2028 2985 334 26 VEGETABLES.

1900 3011 175 51 SHIPPING
2090 3013 45 21 and
2150 3013 105 23 Families
2270 3021 43 16 can
2326 3015 29 23 be
2370 3016 116 29 regularly

1953 3039 102 28 supplied
2064 3039 53 23 with
2126 3039 30 23 all
2164 3040 147 29 descriptions
2318 3043 27 21 of
2350 3044 136 27 vegetable!,

2177 3074 36 23 W.
2224 3074 102 28 Flyoer,
2337 3076 118 28 Manager.

1926 3100 129 27 September
2063 3101 34 26 29,
2108 3102 60 21 1843.

2060 3145 76 22 Meat
2168 3146 150 28 Company.

2129 3179 127 24 BUTTER

1896 3205 163 52 ALWAYS
2072 3213 29 16 on
2111 3205 70 29 hand,
2196 3207 46 24 and
2257 3212 22 21 tp
2294 3208 28 24 be
2337 3209 53 28 had,
2401 3210 83 24 whole-

1976 3232 47 23 sale
2041 3232 43 23 and
2103 3234 71 27 retail,
2194 3238 24 19 at
2237 3234 37 25 the
2298 3236 80 23 lowest
2396 3237 88 25 market

1895 3260 69 28 price,
1980 3267 15 16 a
2011 3260 61 26 large
2090 3260 80 28 supply
2185 3262 26 22 of
2277 3262 130 24 celebrated
2420 3262 65 24 Cow-,

1896 3291 91 25 pasture
1996 3287 45 22 and
2053 3286 114 24 Terawitte
2180 3288 72 28 Dairy
2262 3290 85 24 Butter,

2051 3315 14 16 *
2169 3321 35 23 W.
2219 3321 102 29 Flyoer,
2338 3324 118 27 Manager,

1906 3363 4 4 .
1924 3347 130 29 Septembtr
2062 3349 35 26 29,
2108 3347 61 24 1845.

2061 3394 77 24 Meat
2171 3395 148 28 Company.

2126 3429 130 23 CHEESE.

1898 3453 94 51 THE
2006 3455 89 23 MEAT
2114 3455 155 24 COMPANY
2288 3460 91 30 expects
2385 3474 3 7 ,
2398 3457 86 29 ihortly

1973 3485 24 18 to
2006 3482 86 22 receive
2101 3483 87 27 regular
2194 3483 96 28 supplies
2296 3486 26 20 of
2329 3483 85 24 Cheflie
2423 3483 59 24 from

1896 3508 39 22 the
1946 3508 129 29 Cowpastuf
2075 3516 12 16 c
2096 3509 45 23 and
2150 3509 119 24 Terawitte
2275 3509 96 23 Dairies.

2168 3543 35 22 W.
2218 3543 101 27 Flyoer,
2334 3544 119 29 Manager,

1924 3569 130 27 September
2061 3570 34 28 29,
2107 3571 59 22 1843.

2067 3616 75 21 Meat
2156 3615 150 27 Company,

1895 3648 74 50 AN
1999 3648 198 24 APPRENTICE
2225 3652 24 15 to
2274 3648 39 23 the
2336 3649 105 24 business
2461 3650 21 25 if

1974 3676 96 22 wanted.
2098 3675 44 23 For
2159 3675 138 29 particulars,
2314 3677 68 28 apply
2398 3685 27 15 on
2442 3678 39 23 the

1894 3702 122 31 premises.,

2165 3728 36 23 W.
2216 3728 103 30 Flyger,
2334 3733 119 27 Manager.

1922 3756 131 28 September
2062 3758 33 24 29,
2107 3757 59 21 1843.

2067 3802 76 21 Meat
2156 3801 150 28 Company.

1894 3835 187 52 WANTED,
2097 3843 13 14 a
2117 3834 71 23 vessel
2197 3835 27 22 of
2237 3836 68 23 about
2314 3838 28 22 30
2351 3840 58 29 tons,
2420 3841 24 19 to
2453 3838 29 23 be

1992 3863 54 26 kept
2061 3862 126 27 constantly
2203 3862 117 29 employed
2334 3864 23 23 iv
2376 3865 115 29 bringing'

1896 3892 56 26 pigs,
1964 3895 22 18 at
1995 3897 14 14 a
2018 3889 59 22 fixed
2087 3889 58 27 vrice
2155 3896 40 22 per
2204 3890 83 28 pound,
2294 3890 56 24 from
2363 3891 38 23 the
2411 3899 69 22 coast,,

1895 3919 35 22 for
1938 3918 46 22 this
1994 3914 175 26 establishment.

2168 3942 37 25 W.
2220 3943 102 29 FtYGaa,
2336 3944 117 29 Manager,

852 695 35 22 W.
904 695 33 22 M.
953 695 106 27 SMITH,

669 741 56 15 LATE
735 740 237 15 SURVEYOR-GENERAL
982 740 29 14 TO
1022 740 44 15 THE
1082 741 49 14 NEW
1146 738 105 17 ZEALAND

903 767 115 20 COMPANY,

696 798 142 26 Surveyor,
852 798 211 26 Draughtsman,
1077 798 54 21 and
1145 797 77 22 Land

911 825 100 26 Agent.

668 860 176 27 Tinakori-road,
856 859 99 28 January
968 862 21 25 4,
1002 861 60 22 1843.
1258 855 2 32 j

670 917 87 51 FOR
771 915 86 30 SALE,
873 924 30 16 ex
916 919 116 26 Margaret,
1044 919 47 27 &c,
1258 922 2 22 j

740 945 27 20 25
781 945 79 21 tierces
869 945 57 28 beef,

696 972 12 20 3
722 974 48 19 tons
781 971 96 22 colonial
889 971 51 29 hay,

697 999 12 20 3
724 1000 49 19 tons
784 999 60 20 Siam
855 1005 74 21 sugar,

696 1026 26 20 30
735 1024 85 22 barrels
830 1025 87 22 bottled
926 1024 41 27 ala,
1258 1024 2 30 j

697 1053 26 19 50
736 1051 69 22 boxes
814 1054 45 21 tea.

696 1079 26 20 50
736 1078 40 21 ash
790 1085 55 20 oars,

697 1105 26 21 30
735 1106 50 20 tons
797 1105 55 26 coal,
965 1105 19 15 ->'

697 1131 58 26 Port,
765 1131 84 27 sherry,
861 1131 44 22 and
921 1131 103 22 Madisra
1031 1131 24 22 in
1071 1131 74 27 bottle,
1157 1130 95 22 Ruther-

669 1157 48 21 ford
727 1157 44 21 and
781 1157 95 28 Drury's
885 1158 78 27 brand,

697 1184 99 27 Liquers,
807 1184 24 21 in
842 1184 71 22 dozen
924 1192 68 19 cases,

697 1210 149 27 Champagne,

697 1236 95 27 Brandy,
803 1244 58 19 rum,
873 1238 43 21 and
924 1237 38 28 gin
974 1237 23 23 in
1007 1237 73 28 hhds.,

695 1265 27 20 30
735 1267 49 17 tons
794 1264 50 21 best
852 1264 91 27 Sydney
957 1264 64 27 flour,

697 1290 26 21 50
735 1292 52 20 tons
797 1290 88 23 Chilian
895 1291 65 27 flour,
974 1298 29 15 ex
1014 1292 103 24 Cheerful.

985 1330 83 23 Waitt
1082 1331 43 22 and
1139 1331 84 22 Tyser.

800 1388 41 20 On
855 1388 70 25 Sale,
940 1394 36 15 ex
991 1389 17 13 <♦

668 1420 179 50 WINDOW
863 1421 96 22 GLASS
974 1423 82 24 20+16
1066 1425 21 18 to
1100 1424 74 25 10+8,

764 1448 97 22 Leather
861 1460 26 3 —
889 1449 45 21 sole
945 1448 44 22 and
1005 1449 110 26 calf-skin,

697 1474 56 22 Boat
762 1475 96 21 anchors
868 1475 45 21 and
923 1475 85 27 chains,

697 1502 35 21 An
743 1505 132 18 astortment
884 1502 26 21 of
919 1501 156 28 hollow-ware,

699 1528 131 22 Glass-ware
831 1540 26 3 —
860 1529 133 27 comprising
1002 1529 61 28 plain
1073 1529 44 23 and
1125 1533 40 18 cut
1173 1529 80 21 dinner

670 1555 99 26 services,
788 1555 75 28 wines,
880 1555 111 27 tumblers,
1011 1556 108 27 druggists
1134 1556 118 26 furniture,

670 1580 58 22 show
737 1582 91 26 glasses,
840 1581 43 23 and
894 1582 63 27 vials,
969 1583 48 26 &c,

697 1608 73 22 White
781 1608 52 22 lead
843 1608 44 22 and
897 1609 63 21 sheet
967 1609 60 27 lead,

697 1635 73 21 Prime
781 1635 60 21 Irish
850 1635 62 28 pork,
925 1635 50 27 split
984 1642 60 21 peas,
1055 1637 39 21 &c.

931 1674 112 22 Bethune
1058 1674 43 22 and
1115 1674 110 22 Hunter.

698 1700 129 28 September
838 1702 18 24 1,
869 1701 60 21 1843.

804 1750 88 21 Town
910 1750 30 21 of
951 1752 166 20 Manewatu.

671 1783 89 35 rpHE
783 1783 215 23 PROPRIETORS
1023 1785 24 21 of
1071 1785 37 21 the
1129 1785 62 21 three
1205 1785 49 21 first

677 1806 29 26 _L
756 1810 90 22 choices
860 1813 24 19 at
893 1811 37 22 the
948 1811 43 22 last
1005 1811 105 22 selection
1121 1811 25 21 of
1160 1815 93 23 country

660 1837 76 26 -lands,
750 1837 84 27 having
853 1837 138 23 determined
1005 1845 61 20 upon
1082 1838 37 22 the
1135 1839 41 21 site
1191 1838 34 22 for
1240 1845 14 15 a

683 1871 91 22 TOWN
790 1871 44 22 ON
849 1871 65 22 THE
929 1871 186 23 MANEWATU
1130 1872 106 26 RIVER,

667 1898 56 21 after
727 1899 80 19 several
814 1899 61 19 visits
885 1902 21 17 lo
915 1898 37 21 the
962 1898 184 28 neighbouroood,
1158 1898 47 23 and
1215 1900 37 21 the

666 1927 58 18 most
741 1924 87 22 careful
847 1924 44 22 and
910 1924 83 23 minute
1013 1926 149 21 examination
1178 1926 25 21 of
1216 1926 37 21 the

668 1955 68 18 .entire
753 1951 94 26 district,
861 1950 66 22 aided
943 1951 30 27 by
983 1951 38 22 the
1037 1952 144 28 professional
1193 1952 58 26 skill,

667 1987 24 12 r^
699 1976 104 26 owledge,
822 1977 46 22 and
882 1978 132 26 experience
1028 1978 26 21 of
1065 1978 36 21 tho
1117 1982 61 19 xnoat
1192 1985 49 16 ccki
1258 1994 2 5 .

666 2006 75 23 petent
748 2002 89 28 judges,
854 2008 92 24 propose
963 2006 22 19 to
1002 2003 54 22 offer
1066 2004 32 21 for
1115 2004 103 28 disposal,
1230 2004 29 23 atJ

814 2029 38 22 the
866 2033 89 23 present
964 2030 61 26 time,
1037 2030 66 21 about
1249 2033 9 18 .'

667 2060 218 22 TWENTY-FIVE
920 2061 106 26 ACRES,
1066 2062 33 21 IN
1138 2062 114 23 ALLOT-

668 2087 111 27 MENTS,
795 2087 86 23 EACH
902 2087 39 22 OF
966 2088 64 21 ONE
1050 2088 148 25 QUARTER
1212 2090 39 21 OF

882 2114 44 21 AN
942 2114 91 22 ACHE.

692 2147 45 22 The
746 2151 51 25 spot
805 2147 52 22 thus
866 2147 98 22 selected
974 2156 111 20 possesses
1095 2149 35 22 the
1141 2154 57 17 most
1214 2158 38 15 ex-

665 2175 84 22 tensive
763 2175 102 27 frontage
880 2177 23 19 to
920 2174 55 28 deep
988 2180 68 17 water
1071 2176 25 21 of
1108 2183 42 21 any
1167 2184 28 15 on
1206 2178 45 21 .the

665 2202 63 21 river.
758 2202 21 21 It
797 2202 19 21 is
836 2201 96 22 situated
946 2202 48 25 just
1007 2206 23 17 at
1046 2202 47 21 that
1111 2204 64 26 point
1195 2204 55 22 from

728 2228 70 22 which
810 2235 13 14 a
833 2228 54 21 road
898 2227 71 22 would
979 2229 85 22 branch
1075 2230 59 21 oifto
1145 2230 39 22 the

666 2262 92 15 WOODED
783 2262 47 15 AND
852 2262 96 15 FERTILE
969 2263 116 14 DISTRICTS
1106 2263 75 16 ALONO
1206 2265 45 14 THE

835 2289 56 14 BASE
905 2289 27 14 OF
947 2289 46 14 THE
1008 2289 74 20 HILLS,

665 2314 44 22 and
720 2314 70 22 above
802 2313 73 22 which
885 2313 37 23 the
936 2314 128 26 navigation
1078 2315 34 22 for
1122 2316 81 21 vessels
1213 2317 38 21 be-

666 2348 72 15 comes
748 2342 87 24 tedious,
845 2342 25 24 if
874 2343 37 18 not
920 2341 87 27 difficult
1044 2341 23 22 It
1073 2342 18 21 is
1097 2342 108 22 therefore
1214 2343 37 22 the

863 2368 63 27 point
934 2368 73 22 whoro
1019 2368 35 22 the

668 2401 85 22 LAND
768 2402 69 21 AND
852 2401 114 22 WATER
979 2402 162 22 CARRIAGE
1155 2403 87 22 MEET

666 2429 44 21 and
718 2429 73 22 where
800 2436 14 14 a
823 2429 71 22 Town
911 2437 60 14 must
986 2437 29 14 be
1030 2437 88 14 formed
1136 2430 64 21 when
1212 2431 38 22 the

666 2455 82 22 district
763 2456 20 21 is
792 2456 89 21 settled.
910 2456 22 21 It
941 2463 44 14 was
995 2456 96 22 selected
1106 2456 30 28 by
1146 2457 39 22 the
1198 2458 42 21 Sur

666 2483 78 27 veying
754 2483 60 21 Staff
824 2490 25 14 as
859 2483 38 22 the
906 2483 138 22 rendezvous
1052 2483 36 22 for
1102 2483 57 22 their
1173 2484 61 27 body
1243 2492 5 18 ;
1258 2490 2 17 ;

665 2509 41 22 and
718 2509 38 22 has
765 2510 57 21 been
834 2517 50 14 now
897 2510 77 27 found,
984 2510 58 22 after
1052 2510 86 23 several
1153 2512 96 21 months'

664 2536 101 27 location,
777 2540 23 18 to
814 2537 28 21 be
851 2537 38 22 the
899 2540 58 19 most
971 2537 164 27 advantageous
1145 2538 102 27 position,
1258 2537 2 20 i

664 2563 56 22 from
736 2564 27 21 its
779 2563 98 27 peculiar
898 2564 84 27 facility
998 2564 27 21 of
1036 2564 110 28 approach
1156 2564 53 22 both
1220 2566 28 26 by

664 2590 53 21 land
726 2590 44 22 and
779 2594 77 19 water.

692 2622 27 22 In
730 2623 152 21 confirmation
894 2623 27 21 of
927 2622 37 22 the
973 2623 131 27 superiority
1114 2624 25 20 of
1148 2623 43 22 this
1201 2625 49 26 spot

664 2657 53 13 over
725 2656 44 20 any
779 2649 64 23 other
851 2653 39 24 yet
897 2650 90 26 known,
999 2649 38 22 the
1047 2650 89 22 Messrs.
1145 2650 103 27 Kebbell,

664 2676 57 22 after
738 2676 37 22 the
795 2677 151 21 examination
963 2677 26 21 of
1005 2677 37 21 the
1061 2677 57 22 river
1134 2677 59 22 from
1211 2677 37 22 the

665 2702 88 23 Paneiri
763 2703 47 22 Pah
820 2707 23 18 to
853 2704 28 21 its
891 2703 85 27 mouth,
987 2703 139 23 determined
1139 2712 30 14 on
1179 2709 70 17 erect-
1258 2699 2 36 J

903 2730 38 26 ing
953 2730 59 22 their

664 2763 65 22 SAW
743 2763 81 22 MILL
845 2763 231 23 IMMEDIATELY
1091 2764 158 23 OPPOSITE.

664 2795 48 22 The
729 2796 70 22 works
818 2796 26 21 of
859 2795 49 22 that
926 2796 168 22 establishment
1111 2804 37 15 are
1168 2800 23 20 at
1207 2798 42 21 this

664 2825 98 19 moment
780 2823 24 21 in
819 2823 64 27 rapid
898 2830 108 20 progress,
1023 2824 43 22 and
1085 2824 37 22 the
1139 2824 110 27 proposed

664 2850 68 21 Town
741 2850 45 21 will
795 2850 135 28 necessarily
935 2844 92 34 partake
1033 2851 26 21 of
1065 2851 42 22 this
1117 2851 131 28 advantage.

690 2883 48 21 The
756 2882 94 23 nucleus
865 2883 26 21 of
906 2890 14 14 a
937 2883 69 22 Town
1023 2883 24 28 is,
1058 2883 22 22 in
1095 2884 51 27 fact,
1158 2884 91 28 already

664 2909 94 25 created,
769 2910 29 27 by
808 2909 38 22 the
857 2911 166 21 concentration
1038 2911 26 22 of
1077 2911 37 22 the
1124 2912 125 27 Surveying

664 2936 58 22 Staff
727 2944 28 15 on
767 2936 49 22 that
824 2939 56 25 spot,
892 2944 25 14 as
925 2937 38 21 the
973 2940 74 19 centre
1063 2938 26 22 of
1098 2938 151 23 communica-

664 2964 46 21 tion
720 2966 23 19 to
752 2963 38 22 the
800 2963 150 28 surrounding
958 2963 98 29 district;
1072 2965 37 22 the
1119 2965 97 22 erection
1227 2966 25 21 of

666 2991 87 21 Messrs.
764 2990 119 22 Kebbell's
897 2991 49 22 Saw
962 2991 64 22 Mills
1042 2992 96 27 opposite
1146 3000 6 20 ;
1168 2993 30 26 by
1211 2992 37 22 the

664 3020 163 25 arrangements
841 3017 35 22 for
891 3025 29 14 an
937 3019 114 21 extensive
1061 3019 98 22 General
1172 3020 61 21 Store
1242 3027 5 18 ;

663 3044 45 21 and
717 3045 28 26 by
753 3044 43 22 the'
800 3044 45 22 late
856 3045 132 31 application
995 3045 35 22 for
1038 3053 13 14 a
1058 3045 107 23 Licensed
1174 3046 74 22 Hoube

663 3078 27 15 on
700 3071 36 22 the
743 3075 52 28 part
804 3071 26 22 of
842 3079 29 14 an
880 3071 125 23 individual
1018 3072 50 23 who
1082 3073 47 27 has,
1139 3074 63 21 since
1212 3074 36 21 the

663 3098 116 22 formation
797 3098 27 22 of
837 3098 41 23 the
892 3098 91 28 Colonjs,
999 3100 97 26 pursued
1111 3107 14 15 a
1143 3100 106 23 lucrative

663 3124 62 22 trade
736 3125 52 22 with
797 3124 38 23 the
846 3125 93 27 natives,
950 3126 47 22 and
1006 3126 73 23 whose
1090 3127 129 27 knowledge
1226 3127 26 22 of

663 3151 38 22 the
711 3151 135 27 advantages
856 3152 26 22 of
888 3152 39 23 the
936 3153 102 27 position,
1045 3154 116 28 prompted
1171 3154 46 23 him
1226 3157 25 19 at

663 3184 57 15 once
729 3181 22 18 to
758 3178 75 27 prefer
843 3178 49 23 that
904 3179 142 28 application.
1252 3198 6 8 ,

688 3208 49 23 Tlie
746 3209 95 22 Natives
894 3210 73 22 whom
983 3211 45 22 this
1035 3212 55 22 land
1101 3220 44 15 was
1155 3212 94 24 claimed

662 3243 39 15 are
710 3237 60 27 quite
779 3237 110 27 prepared
897 3240 23 19 to
929 3236 50 28 give
985 3245 31 20 up
1023 3241 130 27 possession,
1160 3240 46 22 and
1211 3247 38 15 are

661 3263 145 29 exceedingly
817 3264 94 21 anxious
924 3268 22 17 to
961 3264 58 22 have
1029 3272 14 15 a
1052 3265 118 30 European
1178 3274 71 21 popu-

660 3289 69 23 lation
739 3297 83 20 among
830 3290 69 28 then/i,
909 3290 85 29 having
1010 3292 57 22 been
1076 3300 63 21 upon-
1144 3294 39 22 the
1191 3297 65 19 most-

660 3316 95 30 friendly
762 3317 88 28 footing
860 3318 52 21 with
922 3318 174 33 theJSurveying
1105 3320 59 24 Staff
1168 3321 81 27 during

659 3343 39 23 the
706 3344 55 23 four'
764 3344 31 22 or'
798 3344 46 26 five,
852 3345 89 22 months
950 3348 57 25 tney
1024 3346 57 23 have
1095 3347 57 23 been
1162 3347 88 25 lopated

658 3370 71 23 there.
757 3369 1 6 '
783 3368 22 16 *•>'
840 3372 4 5 '

647 3399 2 40 |
688 3405 33 21 As
729 3405 37 22 the
774 3405 139 28 Proprietors
922 3410 100 24 purpose'
1025 3410 23 20 to
1058 3408 86 28 dispose
1155 3409 26 22 of
1187 3409 40 22 but
1235 3415 14 15 a

659 3431 84 24 limited
757 3432 90 27 portion
865 3432 26 23 of
900 3432 39 23 the
953 3433 69 23 Town
1039 3438 24 19 at
1080 3439 96 25 present,
1195 3435 56 27 they'

658 3458 79 28 pledge
746 3460 134 22 themselves
889 3459 54 27 that,
955 3464 23 19 at
986 3467 30 16 no
1036 3462 72 23 future
1117 3462 64 28 sales,
1193 3462 56 23 shall

661 3485 36 22 the
708 3486 126 23 allotments
844 3486 27 23 be
881 3490 41 24 put
927 3494 30 21 up
966 3490 25 20 at
1000 3495 14 16 a
1021 3486 48 25 i«ss
1079 3497 48 15 sum
1136 3490 55 22 than
1200 3496 49 17 now

660 3512 89 23 offered.
818 3532 10 9 

686 3546 22 21 A
727 3545 133 28 Prospectus
878 3542 59 31 and.
943 3546 55 24 Plan
1019 3547 27 23 of
1059 3551 37 19 tne
1115 3547 69 23 Town
1204 3547 44 24 will

658 3571 87 29 shortly
751 3572 31 22 be
789 3572 70 28 ready
866 3572 37 22 for
910 3573 128 28 inspection
1051 3578 23 19 at
1085 3573 37 25 the
1133 3575 83 22 Offioes
1226 3575 25 22 of

661 3600 90 22 Messrs,
760 3598 71 23 Waitt
839 3599 46 22 and
894 3600 76 27 Tyser,
981 3602 31 21 Te
1023 3602 54 22 Aro.

686 3631 145 27 Wellington,
843 3631 66 26 April
917 3634 35 24 22,
963 3634 61 21 1842.

659 3685 90 52 THE
771 3689 81 20 Nelson
864 3690 127 30 JExqtmner
1016 3692 42 21 and
1080 3693 51 20 New
1154 3692 95 22 Zealand

732 3715 110 22 Chronicle
857 3715 127 29 (published
993 3721 25 19 at
1027 3718 101 28 Nelson,)
1141 3719 27 22 is'
1182 3727 66 20 regu-

654 3741 59 28 larly
731 3743 140 22 transmitted
888 3747 23 18 to
927 3740 146 33 Wellington,
1092 3745 45 23 and
1151 3753 54 20 may
1219 3746 28 22 be

655 3768 45 22 had
711 3772 22 19 at
741 3769 37 22 the
790 3770 64 22 office
864 3771 26 21 of
901 3769 44 24 this
953 3765 77 35 p^aper.

682 3800 48 23 The
739 3803 78 21 Nelson
827 3803 123 21 Examiner*
959 3803 46 22 will
1014 3804 28 22 be
1052 3803 108 24 fdtmd'an
1170 3805 75 22 excel-

655 3827 49 23 lent
711 3829 98 24 medium
819 3830 36 22 for
864 3830 142 22 advertisers.

682 3860 76 23 Terms
767 3860 83 25 for^the
860 3869 75 20 paper,
939 3865 44 19 ;ten
991 3861 105 28 shillings,
1106 3869 40 21 per
1155 3866 92 25 quarter

653 3887 94 29 payable
755 3887 24 22 in
790 3887 110 24 advance.
933 3899 6 5 ■•
976 3913 5 3 
988 3904 12 5 .
1021 3909 3 4 ,
1132 3895 41 16 <••»-.«
1185 3910 4 3 .
1200 3897 4 5 -

682 3917 80 25 Orders
784 3919 36 23 for
838 3920 40 22 the
900 3927 69 21 paper
981 3920 56 22 i.and
1059 3920 187 26 advertisements

652 3946 103 23 received
765 3950 23 18 at
797 3946 40 22 the
847 3946 72 23 Office
931 3946 24 24 of
967 3946 45 23 this
1020 3954 76 20 paper.

1285 696 72 49 ON
1372 696 79 22 SALE
1465 699 24 19 at
1508 696 37 21 the
1564 696 70 22 Office
1654 695 23 23 of
1695 696 43 22 this
1757 704 110 20 paper:—

1362 722 62 28 Keys
1435 722 25 22 of
1468 722 37 21 the
1515 723 70 21 Town
1593 723 26 22 of
1625 722 55 23 New
1691 722 125 28 Plymouth,

1310 748 67 23 Plans
1387 749 25 22 of
1419 749 101 27 Country
1529 748 66 23 Land
1605 748 70 23 round
1689 749 141 27 Wellington,
1841 749 24 22 in

1283 781 56 21 case,

1309 802 69 21 Plans
1388 802 26 21 of
1420 802 93 26 Nelßon,
1524 802 24 22 in
1557 808 59 20 caae,

1310 828 78 27 Copies
1404 828 26 22 of
1443 828 38 23 the
1498 829 55 22 New
1571 827 100 24 Zealand
1685 827 100 28 Journal,
1802 829 61 27 1842,

1282 855 117 26 complete,
1409 854 83 27 bound,

1310 881 133 27 Chapman's
1454 881 113 28 Portfolio,
1578 881 85 27 bound,

1310 907 72 22 Prints
1390 909 24 20 of
1420 908 93 28 Nelson,

1310 934 73 22 Prints
1394 935 25 21 of
1424 934 142 28 Wellington,

1309 960 66 23 Plans
1386 962 25 21 of
1418 961 85 22 Nelson
1514 962 23 21 in
1547 960 84 28 Sheets,

1310 987 67 22 Plans
1387 988 25 21 of
1419 988 100 27 Counfry
1529 984 98 30 LaSfdlat
1639 987 143 28 Wellington,

1278 1027 4 4 •
1309 1013 66 22 Plans
1385 1014 25 21 of
1418 1014 37 23 the
1465 1014 69 23 Town
1543 1009 89 28 ofISW
1642 1014 125 28 Plymouth.

1310 1047 129 26 September
1448 1049 34 25 19,
1492 1037 123 33 1843!^'
1626 1070 2 5 ,

1487 1093 40 20 To
1543 1093 33 20 be
1592 1093 74 25 Sold,

1284 1127 48 47 A
1363 1126 133 23 BAKER'S
1524 1127 123 23 PATENT
1679 1127 142 28 MANGLE,
1852 1136 13 14 a

1360 1153 80 22 Scotch
1451 1157 52 23 cart,
1513 1153 70 22 either
1592 1154 36 22 for
1636 1154 65 22 horse
1715 1162 24 14 or
1756 1155 108 27 bullocks,

1283 1180 116 26 complete,
1408 1187 44 15 one
1463 1184 34 18 set
1506 1181 25 21 of
1539 1180 63 23 horse
1613 1181 89 21 harness
1711 1181 46 22 and
1767 1186 42 17 two
1820 1186 45 18 sets

1284 1205 24 22 of
1315 1206 87 22 bullock
1411 1207 100 27 harness,
1522 1207 43 21 and
1574 1215 14 15 a
1597 1207 101 28 quantity
1707 1208 25 22 of
1739 1207 82 23 wheels
1831 1209 34 21 for

1282 1232 104 22 barrows.

1310 1260 74 27 Apply
1394 1263 23 18 at
1426 1260 38 22 the
1498 1261 94 21 Gazette
1626 1261 78 22 Office.

1310 1291 129 26 September
1449 1293 34 25 19,
1494 1293 61 22 1843.

1484 1338 43 20 Ex

1284 1370 72 48 ON
1372 1369 79 23 SALE
1466 1371 30 26 by
1509 1370 38 22 the
1560 1371 151 27 undersigned
1712 1382 27 5 —

1361 1396 84 22 Hunt's
1455 1397 99 26 superior
1564 1397 36 22 old
1610 1401 51 24 port
1670 1398 61 27 wine,
1746 1399 87 22 bottled
1842 1399 24 22 in

1285 1423 91 26 Oporto,
1778 1429 6 10 '

1311 1449 103 28 Hosiery,
1425 1449 57 29 lace,
1492 1450 46 22 and
1547 1451 94 27 netting,

1270 1497 7 10 v
1312 1476 165 28 Earthenware,
1489 1477 49 23 well
1548 1478 105 26 assorted,

1311 1503 122 28 Champion
1445 1505 20 21 &
1477 1504 57 22 Co.'s
1544 1505 91 27 vinegar
1644 1506 24 21 in
1678 1505 50 22 half
1733 1505 132 28 hogsheads.

1661 1538 89 23 Willis
1764 1540 21 22 &
1799 1540 38 22 Co.

1312 1570 143 27 Wellington,
1468 1571 89 27 August
1566 1573 33 26 14,
1611 1573 60 21 1843.

1523 1616 52 21 For
1590 1616 69 26 Sale,

1284 1647 156 49 WHEAT
1461 1647 66 22 AND
1549 1648 110 27 FLOUR,
1675 1648 36 22 the
1728 1649 97 27 produce
1844 1649 26 23 of

1378 1674 38 22 the
1427 1674 65 26 Hutf,
1503 1674 24 22 in
1543 1675 54 26 hags
1609 1675 44 28 (200
1653 1675 57 28 ibs,)
1723 1680 23 18 at
1762 1677 33 23 £2
1810 1678 55 25 10a.,

1283 1700 47 22 half
1348 1701 53 26 bags
1419 1701 33 21 £1
1474 1702 31 20 ss.
1544 1701 58 27 Bags
1622 1705 21 18 to
1663 1702 27 22 be
1710 1702 111 28 returned,
1842 1711 25 14 or

1285 1727 94 27 charged
1393 1729 32 20 2s.
1440 1728 37 21 6d.
1506 1728 55 22 Also
1571 1736 13 13 a
1593 1729 64 21 small
1673 1729 100 27 quantity
1784 1730 25 21 of
1814 1731 53 21 seed

1284 1754 75 27 spring
1367 1755 46 21 and
1423 1755 80 21 winter
1512 1755 73 21 wheat
1593 1755 44 21 and
1646 1756 93 22 skinless
1749 1757 84 26 barley.

1312 1781 73 28 Apply
1396 1784 22 18 to
1436 1781 91 22 Messrs.
1538 1781 96 23 Rhodes
1650 1782 45 22 and
1708 1783 45 26 Co.,
1764 1783 32 21 Te
1813 1784 52 26 Aro,

1285 1816 25 14 or
1318 1812 22 17 to
1350 1808 45 22 Mr.
1410 1809 128 26 Swainson,
1556 1809 147 26 Hawkshead,
1715 1809 68 23 River
1799 1810 68 22 Hutt.

1280 1842 4 4 •
1311 1835 54 27 July
1374 1836 21 24 4,
1407 1836 61 20 1843.

1285 1880 71 49 ON
1372 1880 85 27 SALE,
1467 1882 23 20 at
1499 1881 37 21 the
1547 1881 73 22 Stores
1630 1881 24 21 of
1662 1881 36 21 the
1710 1881 155 29 undersigned,

1361 1914 29 15 ex
1400 1908 73 22 ScQtia
1474 1918 27 4 —

1393 1939 75 27 Flour,

1266 1984 25 16 4w
1393 1966 63 26 Rice,

1272 1987 19 23 P
1392 1990 78 28 Sugar,

1274 2026 3 8 1
1391 2018 99 28 Brandy,

1392 2044 91 23 Bottled
1493 2044 34 23 a'e
1537 2045 42 22 and
1591 2048 82 26 porter,
1685 2046 100 28 Dunbar,

1527 2072 98 22 Thomas
1640 2073 25 22 M
1673 2088 5 5 .
1689 2073 149 23 Machattie.

1311 2098 56 27 Apri
1368 2098 7 12 1
1385 2098 20 26 7,
1418 2099 62 21 1843.

1392 2144 41 20 On
1449 2143 70 26 Sale,
1534 2150 36 14 ex

1284 2173 66 24 OK
1381 2175 115 22 CHESTS
1526 2176 201 22 GUNPOWDER
1755 2177 70 27 TEA,

1284 2198 68 24 SmitJ
1407 2203 13 20 5
1436 2207 51 16 ton
1485 2207 19 16 3
1496 2202 45 22 fine
1551 2210 73 19 sugar,

1409 2231 13 20 2
1437 2233 51 18 ton
1486 2233 19 18 3
1500 2229 86 27 Bengal
1596 2230 53 26 rice,

1412 2255 92 28 Ginger,
1515 2263 88 21 pepper,
1615 2257 39 22 &c.

1546 2294 112 22 Bethune
1673 2295 42 21 aad
1730 2294 109 23 Hunter.

1310 2319 144 28 Wellington,
1466 2321 90 26 August
1568 2322 32 25 15,
1613 2323 60 20 1843.
1853 2329 8 6 -

1508 2367 54 20 For
1576 2367 69 24 Sale,

1283 2399 92 49 THE
1390 2399 145 23 COTTAGE
1550 2399 94 23 situated
1654 2401 24 22 in
1694 2401 100 22 Oriental
1810 2402 58 27 Bay,

1357 2426 44 22 and
1416 2427 70 28 lately
1494 2427 106 27 occupied
1615 2428 30 27 by
1655 2428 36 22 the
1710 2428 157 28 undersigned.

1281 2453 22 21 A
1318 2453 53 27 long
1388 2453 60 22 lease
1467 2453 26 23 of
1509 2453 37 23 the
1562 2454 84 22 section
1661 2462 58 21 upon
1738 2455 70 22 which
1830 2456 37 21 the

1282 2479 69 23 house
1360 2481 75 21 stands
1445 2481 46 22 will
1501 2481 27 22 be
1536 2481 103 27 granted.

1308 2507 68 21 Town
1386 2507 54 22 land
1451 2507 44 23 will
1504 2508 28 22 be
1541 2508 66 22 taken
1618 2509 23 21 in
1651 2509 121 28 exchange.

1309 2533 43 22 For
1360 2534 85 22 further
1453 2535 136 27 particulars,
1600 2536 67 27 apply
1677 2538 22 19 to

1602 2569 97 23 George
1713 2570 89 26 Dcppa,
1816 2578 26 14 cr

1603 2596 36 21 W.
1654 2596 28 21 V.
1698 2597 101 22 Brewer

1284 2639 71 49 ON
1371 2640 87 27 SALE,
1469 2648 30 14 ex
1506 2641 98 21 Deborah
1613 2641 57 22 from
1681 2641 145 28 Launceston,
1837 2643 30 27 by

1360 2666 39 22 the
1408 2667 149 28 undersigned
1557 2680 28 4 —

1337 2701 41 21 500
1392 2700 90 23 bushels
1492 2705 54 23 oats,

1338 2729 40 20 200
1392 2728 90 22 bushels
1493 2729 92 27 English
1593 2730 84 27 barley,

1337 2756 41 20 3sv
1392 2754 90 23 bushels
1494 2756 77 27 wheat,

1338 2783 41 20 2.30
1392 2781 92 23 bushels
1495 2783 60 27 malt,

1338 2808 73 27 Flour,
1422 2808 43 27 ale,

1338 2837 13 20 2
1365 2836 72 27 drays,
1450 2838 10 19 1
1472 2836 90 28 plough,
1572 2838 70 27 yokes
1651 2837 43 22 and
1704 2837 84 27 chains,
1799 2838 40 22 &c.

1623 2871 23 21 J.
1661 2871 32 22 M.
1710 2872 101 25 Taylor,

1311 2895 128 28 September
1449 2898 33 25 12,
1495 2898 60 21 1843.

1403 2945 41 20 On
1459 2944 72 25 Sale,
1541 2945 42 21 Ex

1282 2977 127 48 PRIME
1425 2985 58 14 mess
1493 2978 62 27 pork,
1566 2978 85 22 barrels
1660 2978 44 22 and
1713 2978 50 22 half
1773 2979 92 23 barrels,

1340 3005 76 20 Butter
1426 3004 23 21 in
1460 3005 85 26 firkins,
1555 3005 64 22 made
1629 3005 23 22 in
1661 3005 63 27 May,
1736 3006 60 26 1843,

1280 3031 72 22 Dried
1371 3031 103 27 oatmeal,
1500 3031 80 22 double
1604 3032 111 22 barrelled
1736 3032 129 28 percussion

1334 3064 61 21 guns,

1280 3085 88 21 Roman
1379 3088 91 19 cement
1478 3085 25 22 in
1512 3084 138 29 puncheons,
1659 3085 91 27 barrels,
1764 3085 45 23 and
1818 3086 52 23 half

1334 3111 92 27 barrels.

1280 3137 87 23 Plaster
1377 3138 68 27 Paris,
1456 3138 134 23 Rotterdam
1600 3139 94 23 Geneva
1701 3140 25 21 in
1736 3147 69 19 cases,
1814 3158 7 3 -

1280 3164 82 23 Choice
1382 3166 67 22 wines
1470 3166 24 26 (a
1510 3166 45 22 few
1570 3168 80 26 cases,)
1669 3166 85 23 bottled
1769 3168 36 21 ale
1820 3166 46 25 and

1334 3194 82 26 porter,

1280 3218 96 23 Refined
1385 3226 73 20 sugar,
1469 3219 107 23 Blankets
1585 3220 45 22 and
1640 3220 111 28 druggets,

1280 3245 65 22 Nails
1355 3246 31 22 all
1395 3246 63 28 sizes,
1469 3246 72 23 black.!
1546 3247 44 23 and
1600 3247 54 22 drab
1663 3248 82 21 beaver
1753 3246 56 28 hats,

1279 3272 74 28 Paper
1360 3272 120 30 hangings,
1490 3273 83 23 British
1577 3274 72 28 -plate,

1279 3299 52 22 Tin-
1333 3300 69 27 ware,'
1408 3300 92 23 kitchen
1508 3300 89 28 Ganges,
1606 3301 92 27 register
1703 3303 80 25 grates,

1280 3326 84 28 Stoves,
1376 3333 57 16 oven
1436 3335 17 19 8,
1463 3327 76 28 frying
1537 3330 2 4 1
1548 3335 62 20 pans,
1621 3334 140 20 campovens,
1767 3328 98 27 fenders,

1280 3353 138 28 Casements,
1437 3354 171 28 window-glass;
1626 3354 68 27 deals,
1711 3354 95 28 squared
1818 3354 48 29 flag

1333 3383 85 22 stonesr

1280 3406 72 24 Slates
1360 3408 44 22 and
1413 3408 85 28 sundry
1509 3408 87 28 surplus
1605 3410 77 25 stores,

1461 3439 134 28 RIDQWATS,
1611 3439 109 28 GUYTOM,
1735 3447 46 16 AKB
1796 3441 40 23 Co.

1307 3471 131 29 September
1446 3472 34 27 15,
1493 3473 60 20 1842.

1291 3536 3 4 .
1388 3518 41 21 On
1443 3518 71 24 Sale,
1529 3523 36 16 ex

1280 3549 134 51 HAMS,
1424 3551 86 22 bottled
1520 3551 59 27 beer,
1590 3551 76 27 coffee,
1677 3551 90 28 pickles,

1367 3578 61 23 Steel
1436 3585 56 21 pens
1502 3578 45 22 and
1556 3577 97 28 holders,

1308 3605 96 22 Manilla
1412 3612 62 20 rope,

1306 3632 117 27 Superfine
1432 3632 65 26 flour,
1508 3629 68 30 cider,
1585 3631 93 31 brandy,

1306 3659 104 22 Mustard
1420 3659 45 22 and
1475 3658 80 28 starch,
1567 3666 60 21 soap,
1872 3671 2 8 >

1269 3701 2 4 .
1306 3686 110 27 Qatmeal,
1427 3686 64 21 linen
1499 3685 108 29 sheeting,
1815 3707 4 3 .
1872 3684 2 26 j

1306 3712 116 28 Blankets,
1432 3713 91 27 Turkey
1532 3713 49 27 figs,

1301 3739 95 27 .Cheese,
1407 3743 89 21 mutton
1506 3739 70 28 hams,
1847 3758 4 3 .
1872 3735 2 33 |

1270 3779 4 10 .-
1305 3766 47 28 Kip
1362 3767 45 21 and
1416 3766 47 23 sole
1472 3767 93 26 leather,

1305 3793 103 22 Colonial
1415 3794 57 26 beef,
1480 3801 30 14 ox
1517 3797 100 23 tongues,
1624 3794 78 22 raißins
1710 3794 44 23 arid
1762 3798 101 20 currants

1272 3826 2 21 ;
1305 3819 118 29 Whiskey,
1432 3827 94 20 oranges
1536 3820 43 22 and
1588 3821 94 26 lemons,
1691 3822 40 21 &c.

1272 3843 1 26 i
1325 3869 3 7 ,
1496 3847 132 27 RIDGWAfS,
1640 3848 105 28 GUYTON,
1760 3849 22 22 &
1795 3849 38 22 Co.

1272 3873 19 27 y
1304 3873 100 22 October
1413 3875 22 25 3,
1445 3873 63 23 1843.

1272 3919 182 30 •/-^HAIITER
1463 3919 176 27 PARTIES,for
1649 3918 52 27 sale.
1703 3927 24 16 at
1732 3924 37 19 the
1778 3922 87 22 Gazettt

1272 3942 48 28 t*L>
1336 3946 78 22 Offioe.
