2550 3989
56 542 64 31 No.
145 539 65 40 28.]

52 264 161 31 New
267 264 377 31 Zealand
698 264 376 31 Gazette
1128 264 161 31 and
1343 264 537 31 Wellington
1934 264 538 31 Spectator.

2329 533 99 40 [Vol.
2452 534 27 30 I.

564 534 131 31 PORT
719 534 287 36 NICHOLSON,
1029 530 259 34 SATURDAY
1312 530 239 40 MORNING,
1575 532 223 32 OCTOBER
1821 535 51 34 24,
1897 535 88 29 1840.

101 634 84 22 NEW
202 632 172 22 ZEALAND
392 629 183 22 COMPANY.

46 687 95 29 Capital,
157 687 118 26 £100,000,
291 685 23 22 in
324 686 55 20 4000
388 683 80 23 Shares
479 683 25 22 of
514 682 45 23 £25
570 682 64 26 each,

272 712 31 22 all
314 711 51 28 paid
374 718 37 20 up.

129 767 131 23 Governor:
274 765 50 23 The
334 765 64 22 Earl
409 771 26 14 of
445 763 112 22 Durham.

93 802 91 26 Deputy
194 800 119 22 Governor
319 806 5 13 :
340 798 85 22 Joseph
440 798 82 25 Somes,
537 796 52 28 Esq.

281 831 114 23 Directors
404 838 5 14 :

105 861 59 22 Lord
176 861 71 25 Petre,

105 888 61 22 Hon.
178 886 91 23 Francis
279 885 90 27 Baring,
381 884 68 27 M.P.,

101 915 63 22 John
175 913 102 23 Ellorker
286 911 110 26 Boulcott,
413 911 59 27 Esq.,

102 942 62 22 John
175 941 99 21 William
286 938 91 27 Buckle,
388 938 60 27 Esq.,

105 967 87 23 Russell
202 967 77 26 Ellice,
291 966 59 27 Esq.,

103 995 78 21 James
190 993 82 23 Brodie
283 992 99 26 Gordon,
395 991 60 28 Esq.,

101 1022 99 21 Thomas
211 1019 66 23 Alers
288 1018 104 27 Hankey,
403 1018 62 28 Esq.,

103 1048 99 22 William
213 1047 60 21 Hutt
291 1046 60 27 Esq.,
363 1045 68 26 M.P.,

103 1076 94 21 Stewart
206 1072 164 29 Majoribanks,
382 1071 59 28 Esq.,

102 1103 37 21 Sir
148 1101 99 22 William
258 1099 73 22 Moles
333 1098 76 27 worth,
419 1098 70 27 Bart.,
500 1098 67 26 M.P.,

105 1128 130 23 Alexander
245 1126 80 27 Nairn,
337 1126 59 27 Esq.,

103 1155 63 23 John
176 1154 65 27 Pirie,
253 1153 61 28 Esq.,
327 1153 129 26 Alderman,

103 1183 36 21 Sir
150 1182 88 26 George
249 1180 100 26 Sinclair,
361 1179 67 27 Bart.,
441 1179 71 26 M.P.,

103 1209 62 22 John
177 1207 58 23 Abel
246 1207 80 22 Smith.
337 1207 60 28 Esq.,
409 1206 68 27 M.P.,

104 1236 60 22 Wm.
174 1235 137 26 Thompson,
324 1233 60 28 Esq.,
395 1233 130 26 Alderman,
536 1231 69 28 M.P.,

103 1264 37 21 Sir
151 1263 79 25 Henry
240 1261 79 26 Webb,
331 1260 68 27 Bart.,

105 1289 86 22 Arthur
199 1287 80 27 Willis,
291 1287 61 28 Esq.,

105 1317 88 26 George
204 1313 120 23 Frederick
336 1317 85 22 Young,
432 1313 55 27 Esq.

162 1350 130 25 Secretary:
308 1347 62 22 John
383 1346 81 28 Ward,
477 1346 51 28 Esq.

50 1411 91 50 THE
151 1410 61 22 main
221 1409 99 22 features
328 1408 25 21 of
359 1407 37 22 the
404 1412 84 23 system
496 1407 25 22 of
528 1406 112 23 coloniza-

125 1438 48 21 tion
184 1435 96 28 adopted
290 1435 30 28 by
330 1434 37 22 the
380 1435 122 27 Company,
519 1442 43 18 are,
564 1446 31 5 —
597 1435 41 26 Ist,

48 1466 38 21 the
98 1465 45 22 sale
154 1464 26 21 of
189 1463 73 26 lands,
276 1465 24 19 at
314 1469 28 15 an
357 1461 98 22 uniform
470 1461 44 22 and
528 1461 113 22 sufficient

49 1493 72 27 price;
140 1491 45 22 and
199 1489 76 28 2ndly,
293 1488 37 22 the
346 1488 153 27 employment
513 1488 24 22 of
550 1495 14 14 a
576 1488 64 26 large

49 1520 88 26 portion
148 1518 26 21 of
180 1517 37 22 the
227 1515 208 29 purchase-money,
439 1522 33 16 -as
483 1522 28 14 an
522 1515 117 26 Immigra-

49 1547 47 21 tion
108 1545 72 22 Fund.
210 1543 28 22 In
249 1543 62 21 these
321 1546 102 23 respects,
440 1541 39 23 tße
488 1541 118 28 principles
617 1541 26 22 of

49 1572 71 23 South
134 1571 114 23 Australia
263 1569 58 22 have
335 1569 57 21 been
408 1568 104 22 followed
524 1576 22 14 as
560 1568 81 28 nearly

47 1607 25 15 ts
91 1600 174 21 circumstances
282 1595 79 28 would,
381 1595 24 22 in
420 1595 37 22 the
475 1599 89 24 present
580 1602 59 21 case,

49 1626 90 28 permit.

75 1653 49 22 The
139 1651 72 28 grand
227 1651 74 26 object
316 1649 26 22 of
356 1649 38 21 the
409 1655 57 20 new,
480 1655 25 15 or
516 1649 123 27 improved,

48 1684 86 24 •ystem
145 1679 26 21 of
182 1679 36 20 the
230 1676 98 28 disposal
341 1675 27 23 of
384 1675 97 23 colonial
494 1675 70 27 lands,
580 1676 21 22 is
617 1679 24 18 to

48 1706 102 28 regulate
165 1705 37 22 the
218 1704 80 27 supply
314 1703 26 22 of
355 1710 51 14 new
420 1702 61 27 land,
497 1702 30 34 by
540 1702 38 22 the
593 1702 48 22 real

50 1737 70 18 wants
134 1732 26 22 of
173 1732 38 21 the
227 1731 118 26 Colonists,
361 1737 24 15 so
401 1729 47 22 that
463 1729 38 22 the
515 1729 53 21 land
582 1729 60 22 shall

50 1767 69 16 never
136 1760 29 21 be
184 1758 71 22 either
274 1756 189 29 superabundant,
486 1763 24 15 or
528 1755 112 28 deficient,

47 1788 75 22 either
138 1790 37 18 too
192 1785 77 26 cheap,
287 1792 26 14 or
331 1787 37 18 too
387 1783 59 22 dear.
486 1783 21 21 It
524 1782 40 23 has
582 1783 59 22 been

48 1814 79 23 shown
138 1813 49 22 that
196 1812 38 21 the
244 1812 44 21 due
301 1811 128 27 proportion
443 1811 102 21 between
560 1810 82 27 people

49 1841 47 22 and
103 1840 56 23 land
165 1847 51 19 may
221 1839 29 21 be
258 1837 127 27 constantly
392 1836 93 23 secured
491 1837 29 26 by
526 1837 116 21 abandon-

49 1868 40 27 ing
100 1868 37 21 the
148 1866 38 23 old
195 1869 84 24 system
291 1865 26 21 of
328 1872 94 19 grants,
434 1863 45 23 and
489 1863 113 28 requiring
612 1871 29 14 an

50 1895 100 22 uniform
160 1894 60 26 price
230 1899 40 21 per
279 1898 59 20 acre,
352 1891 35 21 for
397 1891 27 21 all
434 1898 51 14 new
495 1890 69 27 lands,
576 1890 66 22 with-

50 1926 41 18 out
101 1920 126 28 exception.
257 1919 25 21 If
293 1918 37 22 the
340 1918 60 27 price
411 1917 26 22 be
453 1921 41 18 not
507 1920 35 18 too
557 1917 50 26 low,
623 1917 19 21 it

49 1948 75 22 deters
134 1946 136 27 speculators
280 1944 63 25 from,
352 1944 126 26 obtaining.-
482 1943 162 26 JandjOritbva

50 1974 58 20 view
117 1976 23 17 to
150 1972 89 25 leaving
249 1970 58 21 their
315 1974 105 27 property
429 1969 23 21 in
465 1976 13 14 a
489 1969 72 21 desert
573 1972 67 23 state,

49 1999 47 22 and
112 1999 52 21 thus
176 1999 106 28 prevents
291 1996 109 27 injurious
410 1995 132 28 dispersion;
558 1995 17 21 it
585 1995 55 27 also,

51 2026 29 27 by
91 2025 137 27 compelling
235 2030 68 19 every
310 2023 104 21 labourer
421 2025 21 19 to
450 2021 62 22 work
519 2022 33 21 for
559 2029 81 19 wages,

51 2053 57 22 until
118 2052 30 21 he
157 2051 40 22 has
207 2049 68 23 saved
290 2049 38 21 the
338 2049 54 27 only
401 2056 80 14 means
490 2049 25 21 of
526 2048 117 34 obtaining

50 2079 62 27 land,
122 2079 88 21 insures
225 2084 13 14 a
253 2076 80 27 supply
348 2075 26 23 of
385 2075 79 23 labour
478 2075 34 22 for
526 2075 52 21 hire.
611 2075 29 26 If,

51 2114 29 14 on
91 2106 38 21 the
140 2105 63 22 other
213 2103 69 26 hand,
298 2103 37 21 the
345 2103 61 27 price
414 2102 28 22 be
452 2106 42 18 not
502 2106 35 18 too
547 2101 62 28 high,
624 2102 20 21 it

51 2133 88 22 neither
149 2131 100 23 confines
259 2129 38 22 the
308 2130 86 21 settlers
409 2129 77 21 within
501 2136 13 14 a
528 2136 64 20 space
608 2129 35 21 in-

51 2158 161 27 conveniently
227 2164 96 19 narrow,
339 2163 42 15 nor
396 2155 52 23 does
463 2156 19 22 it
497 2159 91 24 prevent
604 2155 38 22 the

51 2187 79 27 thrifty
145 2186 104 21 labourer
263 2183 59 22 from
335 2183 120 27 becoming
469 2190 14 14 a
495 2182 146 27 land-owner,

53 2214 57 21 after
119 2212 101 27 working
230 2218 63 14 some
303 2210 54 22 time
367 2210 35 21 for
413 2216 78 20 wages.

83 2241 20 21 A
120 2239 119 25 sufficient,
256 2237 42 22 but
316 2241 39 17 not
373 2243 62 15 more
456 2236 54 22 than
529 2235 113 22 sufficient

53 2267 60 27 price
124 2267 35 21 for
171 2265 29 22 all
213 2272 52 14 new
279 2264 61 27 land,
355 2263 20 22 is
390 2263 37 21 the
442 2263 62 22 main
519 2263 85 21 feature
620 2262 27 22 of

53 2294 38 21 the
110 2301 49 14 new
174 2295 83 24 system
272 2291 28 21 of
315 2290 157 22 colonization.
506 2290 21 22 It
541 2289 103 21 obviates

51 2328 68 23 every
131 2326 85 22 species
231 2318 26 22 of
270 2317 115 27 bondage;
404 2317 30 27 by
448 2316 119 28 providing
581 2323 63 15 cora-

51 2347 90 22 binable
152 2346 84 26 labour,
247 2345 19 21 it
274 2344 92 22 renders
374 2343 104 28 industry
486 2351 51 20 very
547 2343 97 27 produc-

53 2374 52 27 tive,
116 2374 46 21 and
169 2372 123 22 maintains
301 2371 54 21 both
364 2370 55 27 high
434 2378 80 20 wages,
530 2369 44 23 and
588 2369 55 27 high

52 2401 89 28 profits;
164 2401 18 21 it
196 2399 78 22 makes
293 2398 38 22 the
349 2397 80 27 colony
446 2404 24 15 as
488 2396 114 22 attractive
619 2404 25 14 as

53 2428 104 28 possible,
171 2426 56 22 both
242 2429 23 18 to
281 2425 121 27 capitalists
417 2423 46 23 a:id
477 2427 23 18 to
514 2423 114 22 labourers
637 2431 5 19 ;

52 2454 46 23 and
108 2459 41 17 not
158 2453 84 26 merely
252 2456 22 18 to
284 2451 70 27 these,
368 2451 41 22 but
418 2451 53 26 also,
482 2451 30 27 by
521 2450 124 25 bestowing

52 2489 29 15 on
97 2481 37 22 the
147 2481 88 26 colony,
251 2479 39 21 the
300 2479 73 21 better
388 2478 116 22 attributes
519 2477 25 21 of
561 2484 28 14 an
606 2476 39 22 old

51 2509 92 27 society,
155 2512 23 17 to
187 2507 62 21 those
258 2505 49 22 who
315 2505 56 21 have
379 2512 14 14 a
399 2504 91 22 distaste
498 2505 33 21 for
538 2503 59 22 what
603 2503 41 23 has

52 2535 126 22 heretofore
187 2534 58 21 been
256 2532 38 22 the
308 2531 112 28 primitive
430 2531 113 23 condition
555 2531 26 21 of
592 2538 52 14 new

53 2562 107 23 colonies.

79 2590 48 21 The
137 2591 64 25 great
209 2587 75 28 object
293 2585 27 22 of
330 2585 38 22 the
376 2585 60 28 price
445 2585 21 22 is
478 2588 23 18 to
515 2592 76 14 secure
606 2583 39 22 the

53 2620 59 18 most
120 2614 110 23 desirable
239 2613 142 28 proportions
390 2613 100 21 between
505 2611 77 28 people
598 2611 47 22 and

52 2642 55 23 land
114 2651 4 18 ;
134 2643 41 21 but
184 2641 37 22 the
232 2641 54 27 plan
296 2640 40 21 has
347 2639 37 21 the
391 2639 87 21 further
485 2639 68 21 result
560 2638 25 21 of
592 2645 54 21 pro-

53 2670 84 26 ducing
148 2677 12 14 a
169 2675 106 18 revenue,
293 2666 72 22 which
381 2665 43 22 will
439 2669 42 18 not
496 2665 51 28 only
562 2664 82 28 supply

53 2696 37 23 the
103 2696 105 28 requisite
223 2694 67 28 profit
305 2697 23 18 to
342 2693 38 22 the
395 2692 153 22 shareholders
563 2692 25 21 of
606 2691 38 22 the

53 2724 123 26 Company,
200 2722 42 21 but
265 2719 111 23 furnishes
399 2719 37 22 the
460 2726 76 15 means
555 2718 35 22 for
614 2725 30 15 an

54 2750 156 27 Immigration
221 2747 73 27 Fund,
296 2759 32 5 —
329 2754 12 14 a
347 2746 57 22 fund
413 2745 125 28 constantly
545 2745 100 28 applica-

53 2777 36 22 ble
107 2780 21 18 to
145 2776 38 22 the
198 2781 97 21 purpose
312 2773 26 21 of
350 2773 106 27 bringing
470 2773 78 21 labour
564 2775 23 18 to
605 2771 39 22 the

53 2804 81 22 colonv
134 2816 32 4 —
169 2802 47 23 that
230 2802 26 26 is,
274 2801 24 21 in
315 2799 93 27 causing
423 2799 38 22 the
478 2799 50 22 best
544 2806 57 14 sort
621 2798 27 22 of

53 2830 149 23 colonization
214 2832 23 17 to
247 2827 96 33 proceed
352 2830 23 18 at
387 2826 36 22 the
437 2828 96 25 greatest
545 2825 98 27 possible

53 2861 54 18 rate.
136 2856 56 23 And
198 2855 44 22 this
249 2862 20 14 is
276 2854 38 22 the
322 2853 83 22 second
414 2853 86 21 feature
510 2852 25 22 of
545 2851 38 22 the
593 2859 51 14 new

53 2888 92 24 system.
341 2890 16 13 **

79 2911 48 22 The
138 2909 155 28 employment
303 2907 26 22 of
343 2907 38 22 the
395 2906 209 28 purchase-money,
620 2911 26 15 or

54 2937 37 22 the
100 2936 115 29 principal*
220 2938 51 25 part
280 2934 27 22 of
316 2934 24 26 it,
350 2934 24 21 in
386 2933 126 28 conveying
521 2931 85 23 settlers
621 2935 23 17 to

54 2964 37 22 the
102 2964 87 27 colony,
199 2963 43 21 has
251 2961 38 22 the
299 2961 115 26 following
423 2960 83 22 effects.
535 2959 22 21 It
566 2957 79 23 makes

54 2990 37 23 the
107 2990 131 28 purchasers
253 2989 27 22 of
294 2987 54 22 land
363 2995 37 14 see
414 2986 93 29 plainly,
523 2985 48 22 that
585 2984 61 22 their

55 3025 82 20 money
147 3017 43 22 will
199 3017 29 21 be
237 3014 108 24 returned
354 3015 23 21 in
393 3013 36 23 the
442 3014 70 27 shape
525 3013 25 21 of
564 3012 82 22 labour

54 3044 46 22 and
108 3044 138 28 population.
276 3043 22 21 It
308 3041 72 27 tends,
395 3041 23 22 in
428 3041 53 26 fact,
497 3044 22 18 to
528 3039 67 22 lower
606 3038 38 22 the

55 3079 116 19 necessary
190 3069 109 24 standard
317 3069 26 21 of
358 3068 67 27 price,
441 3068 101 26 because,
561 3065 55 23 with
632 3073 14 14 a

54 3102 105 18 constant
166 3097 73 22 influx
250 3096 26 21 of
287 3095 79 24 people
376 3098 22 18 to
409 3091 36 25 the
456 3094 86 27 colony,
552 3093 37 21 the
601 3092 44 22 due

54 3126 128 26 proportion
189 3130 102 16 oetween
298 3128 78 22 people
385 3121 43 22 and
435 3121 54 22 land
497 3128 49 20 may
553 3120 29 22 be
589 3119 56 28 kept

56 3159 28 20 up
93 3152 29 30 by
133 3159 14 15 a
156 3152 67 21 lower
232 3150 69 26 price,
314 3149 54 21 than
377 3148 21 22 if
410 3148 62 22 there
483 3154 55 16 were
547 3154 29 15 no
587 3146 56 22 such

55 3178 149 28 immigration
211 3194 5 5 .
237 3176 22 23 It
268 3175 112 22 therefore
387 3174 129 22 diminishes
523 3173 36 23 the
566 3173 79 28 period

56 3204 80 29 during
145 3204 73 23 which
228 3204 38 21 the
274 3203 106 21 labourer
392 3204 61 19 must
465 3201 60 22 work
537 3201 36 21 for
585 3200 58 27 lure,

56 3232 44 21 and
108 3232 31 28 by
149 3232 38 21 the
199 3230 66 28 rapid
279 3236 102 21 progress
396 3227 72 23 which
483 3228 18 22 it
514 3227 92 28 imparts
621 3230 23 18 to

55 3258 38 22 the
101 3259 51 22 best
160 3262 46 18 sort
214 3258 27 22 of
252 3255 158 26 colonization,
424 3254 18 22 it
457 3254 100 28 explains
572 3257 23 18 to
605 3253 39 22 the

56 3285 116 27 labouring
181 3285 56 22 class
248 3284 26 21 of
280 3282 148 27 immigrants,
438 3281 51 21 that
497 3288 65 19 every
570 3288 44 14 one
622 3280 26 22 of

55 3311 62 23 them
129 3312 51 22 who
195 3312 19 21 ia
228 3309 139 24 industrious
384 3307 44 23 and
444 3307 86 27 thrifty,
546 3314 54 19 may
615 3307 29 21 be

54 3346 51 15 sure
114 3342 22 19 to
147 3339 92 22 become
251 3340 43 19 not
307 3335 85 27 merely
407 3342 28 14 an
451 3340 76 15 owner
540 3333 27 22 of
580 3333 63 26 land,

56 3364 40 23 but
112 3365 46 22 also
173 3365 24 22 in
216 3364 36 22 his
271 3367 60 22 turn,
352 3369 29 15 an
402 3361 115 28 employer
535 3360 26 21 of
578 3359 68 22 hired

54 3392 122 25 labourers,
187 3399 13 14 a
209 3394 84 19 master
303 3390 26 21 of
340 3391 106 19 servants.

84 3418 66 23 From
160 3418 61 22 these
232 3415 184 26 considerations,
430 3414 38 22 the
480 3414 114 26 Company
604 3413 42 21 has

56 3444 98 29 adopted
171 3444 38 23 the
225 3451 62 15 same
305 3446 82 25 system
404 3441 26 22 of
446 3439 113 29 disposing
574 3439 28 21 of
617 3439 29 21 its

57 3476 65 17 waste
135 3472 72 26 lands,
223 3479 24 14 as
263 3471 42 22 has
319 3468 91 27 already
423 3467 85 28 proved
522 3465 78 28 highly
612 3465 35 21 fa-

57 3498 105 23 vourable
176 3502 23 18 to
213 3498 38 21 the
266 3496 183 29 productiveness
464 3493 27 22 of
504 3493 104 26 industry
622 3498 23 15 in

56 3524 70 23 South
137 3524 121 23 Australia.
288 3524 29 21 In
327 3530 13 15 a
350 3530 55 15 new,
411 3521 89 26 colony,
514 3519 93 28 planted
621 3519 24 21 in

56 3558 14 14 a
78 3551 74 22 fertile
162 3552 44 21 and
221 3550 116 23 extensive
351 3548 112 27 territory,
479 3550 20 18 it
511 3553 19 15 is
543 3546 103 26 obvious,

56 3577 49 22 that
123 3578 39 22 the
177 3577 171 23 establishment
362 3575 27 23 of
404 3575 55 21 such
474 3580 15 15 a
502 3575 81 25 system
599 3578 20 15 is
634 3579 14 13 a

58 3608 80 18 matter
154 3605 26 21 of
197 3604 38 22 the
252 3604 91 27 deepest
361 3604 102 20 moment
479 3604 22 18 to
519 3599 36 21 the
571 3598 77 22 future

58 3631 87 22 welfare
157 3631 26 22 of
195 3631 93 27 society.
340 3629 67 22 From
421 3628 18 21 it
455 3627 38 21 the
507 3626 49 22 best
570 3624 78 22 effects

57 3664 51 24 may
117 3658 54 21 with
181 3657 131 22 confidence
321 3657 28 21 be
359 3653 137 28 anticipated
503 3660 4 14 :
524 3660 12 14 a
542 3654 106 20 constant

58 3678 44 27 W
110 3684 89 27 regular
207 3683 82 28 supply
300 3683 27 21 of
336 3690 51 14 new
395 3681 54 22 land
459 3681 25 21 in
498 3679 42 22 due
554 3684 94 21 propor-

54 3710 47 22 tion
111 3714 23 18 to
143 3711 39 22 the
201 3714 71 18 wints
281 3710 27 21 of
318 3717 13 14 a
339 3708 131 29 population
484 3707 124 24 increasing
619 3705 30 28 by

54 3736 71 22 births
135 3737 45 22 and
195 3737 151 26 immigration
352 3744 5 17 ;
377 3735 31 22 all
421 3734 39 22 the
475 3733 141 30 advantages^
626 3734 22 18 to

58 3763 69 22 which
138 3764 101 22 facilities
249 3763 26 22 of
286 3766 113 24 transport
406 3761 44 21 and
458 3759 190 23 communication

56 3796 38 15 are
104 3791 103 21 essential
214 3798 6 19 ;
237 3789 111 23 certainty
362 3787 26 23 of
397 3787 77 26 limits,
491 3785 44 23 and
549 3784 99 27 security

56 3817 26 20 of
93 3817 48 21 title
152 3820 22 18 to
184 3819 106 25 property
298 3816 24 21 in
337 3814 55 23 land
397 3822 5 19 ;
418 3813 38 24 the
466 3815 97 25 greatest
575 3811 73 21 facili-

56 3842 41 22 ties
107 3850 28 15 on
147 3843 116 28 acquiring
272 3842 38 22 the
322 3842 43 22 due
374 3840 104 28 quantity
484 3847 5 18 ;
505 3838 36 23 the
551 3841 99 24 greatest

56 3874 190 23 encouragement
258 3872 24 18 to
291 3867 150 28 immigration
450 3865 50 23 and
508 3865 140 26 settlement;

58 3895 45 23 and
115 3895 40 23 the
169 3898 59 20 most
240 3895 65 29 rapid
319 3900 103 26 pro^resi
435 3892 28 26 of
477 3892 38 23 the
529 3891 80 29 people
622 3891 26 23 in

57 3922 102 23 material
167 3922 98 23 comfort
271 3921 48 24 and
328 3920 67 24 social
403 3920 171 29 improvement.
587 3918 5 10 '

24 3948 255 23 —JJffliNicWkeTJ,
296 3947 61 24 April
368 3949 33 20 14.
413 3948 60 23 1840,

703 630 116 20 UNION
832 628 101 21 BANK
949 629 42 20 OF
1008 627 219 21 AUSTRALIA.

668 662 96 21 London
782 662 91 26 Offxce,
890 661 45 22 No.
950 662 36 24 33,
1004 661 50 21 Old
1072 660 184 22 Broad-street.

722 715 94 27 Capital,
827 715 122 26 £500,000;
970 713 52 29 paid
1030 721 38 20 up,
1084 713 119 26 £300,000.

900 768 62 22 Dim
971 772 42 18 tors
1020 775 5 13 :
1149 783 1 7 ,

724 795 88 28 George
823 795 47 22 Fife
881 795 86 26 Angas,
981 795 58 27 Esq.,

723 822 86 22 Robert
819 821 91 27 Brooks,
924 822 43 27 Esq
978 838 5 11 ,

723 849 77 21 James
810 849 60 21 John
881 849 125 26 Cumnvns,
1016 847 61 28 Esq..

723 875 85 22 Robert
819 875 122 27 Gardener,
952 875 14 22 i
973 883 40 19 sq.,
1026 873 150 27 Manchester,

723 902 62 22 John
797 902 66 26 Gore,
876 902 60 26 Esq.,

724 929 62 21 John
797 928 98 22 William
905 927 94 26 Buckle,
1011 927 61 28 Esq.,

723 955 119 27 Benjamin
855 954 24 22 E.
891 955 74 21 Lindo
982 955 58 26 Esq.,

724 981 92 23 Charles
827 981 95 22 Edward
930 981 110 26 Mangles,
1052 980 61 28 Esq.,

723 1008 144 27 Christopher
877 1008 103 27 Rawson,
993 1007 58 28 Esq.,
1065 1007 99 26 Halifax,

723 1034 99 23 Thomas
832 1034 77 27 Sands,
922 1035 43 27 Esq
977 1051 5 10 ,
994 1033 125 28 Liverpool,

724 1062 77 22 James
811 1061 69 28 Bogle
891 1061 79 22 Smith,
984 1061 57 27 Esq.,

724 1089 78 22 James
812 1088 96 22 Ruddell
917 1087 73 26 Todtl,
1000 1087 53 28 Esq.

669 1123 117 22 Trustees:
812 1123 95 21 George
928 1122 64 21 Cakk
1016 1121 75 27 Glyn,
1116 1122 59 26 Esq.,
1197 1121 61 21 John

707 1150 74 26 Gore,
793 1150 60 27 Esq.,
868 1148 46 23 and
924 1148 75 22 Javks
1010 1148 21 22 J.
1044 1149 117 25 Cummins,
1173 1148 50 28 Esq.

670 1183 114 22 Bankers:
809 1183 89 22 Messrs.
926 1183 34 21 Gl
979 1190 22 19 n,
1026 1182 130 27 Hallifax,
1176 1181 84 26 Mills,

917 1209 44 22 and
980 1209 35 22 20.

753 1245 117 26 Secretary
877 1252 5 13 :
899 1244 64 21 Saml
975 1251 20 14 :l
1006 1243 110 27 Jackson,
1128 1243 50 27 Esq.

708 1278 101 22 Colonial
820 1278 129 27 Inspector:
964 1277 23 22 J.
998 1278 24 21 C.
1034 1277 124 27 M'Laren,
1173 1276 52 28 E3q.

794 1332 68 21 New
880 1331 124 21 Zealand
1022 1331 116 21 Branch.

672 1365 67 22 Local
751 1365 125 23 Directors:
894 1365 57 21 Geo.
964 1365 22 21 S.
997 1365 85 25 Evans,
1097 1364 60 28 Esq.,
1170 1364 92 26 D.C.L.,

818 1392 44 22 and
873 1392 58 22 Geo.
945 1392 106 26 Hunter,
1065 1392 52 27 Esq.

672 1426 123 27 Manager:
812 1425 62 22 John
885 1426 84 25 Smith,
982 1425 58 27 Esq.,
1056 1425 46 22 late
1112 1425 26 21 of
1150 1424 37 21 the
1197 1425 66 21 Com-

721 1452 93 23 mercial
823 1452 63 22 Bank
898 1452 27 21 of
936 1451 111 28 England,
1060 1451 152 22 Manchester.

783 1486 112 22 Branches
906 1490 24 18 at
946 1485 97 28 Sydney,

948 1513 87 21 Hobart
1044 1512 77 27 Town,

948 1539 9 22 ]
969 1543 128 23 aunceston,
1109 1539 46 21 and

947 1566 10 22 I
967 1570 34 18 ort
1011 1566 80 28 Philip.

672 1602 53 22 Port
734 1601 131 27 Nicholson,
877 1600 80 23 March
968 1602 33 25 24,
1014 1602 62 20 1840.

673 1656 43 21 HP
721 1655 43 22 HE
782 1655 113 22 Directors
912 1654 28 22 of
955 1654 39 22 the
1011 1654 56 21 New
1084 1653 99 22 Zealand
1199 1652 65 23 Land

680 1675 29 29 X
748 1683 116 27 Company
877 1681 81 27 hereb}
980 1681 50 27 give
1047 1688 30 14 no
1082 1680 47 26 'ice,
1148 1680 47 21 that
1211 1680 53 27 they

672 1708 57 23 have
736 1716 114 15 EFFECTED
862 1716 27 14 AN
901 1715 173 15 ARRANGEMENT
1083 1708 52 21 With
1143 1707 37 21 the
1189 1706 74 22 Union

672 1736 64 21 Bank
752 1736 26 21 of
794 1734 120 27 Australia,
932 1734 44 23 No.
994 1736 33 25 38,
1042 1734 46 22 Old
1104 1734 159 25 Broad-street,

673 1762 102 28 London,
787 1763 34 21 for
830 1762 37 21 the
880 1761 170 22 establishment
1065 1761 25 22 of
1103 1768 14 14 a
1135 1760 129 22 BRANCH

672 1790 90 22 BANK
777 1790 34 21 IN
826 1788 71 23 NEW
912 1788 159 26 ZEALAND,
1087 1788 94 26 through
1193 1787 72 21 which

672 1816 38 22 the
718 1816 104 23 business
834 1816 26 21 of
872 1815 38 22 the
930 1815 56 22 New
1003 1814 101 23 Zealand
1118 1814 64 22 Land
1199 1814 66 21 Com-

672 1850 60 20 pany
742 1843 44 22 will
795 1843 28 21 be
834 1842 134 22 trarsacf-ed.
997 1842 47 21 The
1062 1842 113 21 Directors
1192 1840 73 22 there-

672 1870 46 21 fore
729 1869 144 22 recommend
882 1873 23 18 to
924 1868 110 23 Colonists
1051 1868 38 21 the
1109 1868 72 21 Union
1201 1867 64 22 Bink

673 1896 25 22 of
717 1896 115 23 Australia
849 1903 23 14 as
891 1903 29 14 an
947 1894 170 23 establishment
1139 1894 137 28 possessing,

673 1923 56 21 their
746 1923 71 21 entire
841 1922 137 22 confidence,
999 1922 45 20 and
1063 1921 49 21 able
1133 1924 22 17 to
1174 1920 95 25 provide
1275 1927 2 15 j

672 1948 127 26 effectually
815 1948 35 21 for
865 1948 38 21 the
917 1946 106 23 financial
1038 1950 71 17 wants
1126 1946 27 20 of
1164 1945 37 21 the
1219 1945 57 33 nVsi^

672 1974 134 22 settlement.

842 2000 34 27 By
886 1999 66 22 order
962 1999 27 21 of
999 1999 37 21 the
1046 1997 81 27 Board,

919 2032 85 22 JOHN
1020 2032 104 26 WARD,
1141 2032 124 26 Secretary,
1275 2028 2 26 i

673 2068 55 21 New
739 2067 101 22 Zealand
850 2066 64 23 Land
924 2066 136 27 Company's
1070 2065 79 27 Office,

700 2096 19 24 1,
731 2094 159 25 Adam-street,
903 2093 58 22 Add
965 2093 43 27 phi,
1020 2092 52 22 27th
1084 2092 66 27 Aug.,
1163 2093 60 21 1839.

809 2148 51 20 EX

675 2181 93 50 ONE
778 2185 38 18 ton
827 2181 88 26 biscuit,
927 2180 48 22 first
985 2179 45 22 and
1040 2179 83 21 second
1134 2179 91 27 quality.

755 2209 54 21 Two
820 2211 50 18 tons
879 2207 47 22 fine
938 2207 49 21 Van
998 2206 116 22 Dieman's
1128 2206 62 22 Land
1200 2206 65 21 flour.

755 2235 68 25 Forty
834 2235 54 25 bags
898 2241 74 19 sugar.

755 2262 89 22 Tweive
855 2261 65 22 hhd3.
930 2260 49 22 best
992 2260 95 22 London
1099 2259 80 22 double
1189 2259 77 22 brown

674 2292 67 20 stout.

757 2315 39 22 Six
806 2314 63 22 casks
880 2314 75 22 Bass's
963 2312 86 23 bottled
1059 2312 50 28 pale
1119 2312 43 22 ale.

757 2342 59 22 Four
826 2341 35 22 do.
872 2341 87 27 brandy
976 2340 112 27 (cognac.)

757 2368 60 22 Four
826 2368 35 22 do.
873 2368 84 27 Epsom
967 2367 60 21 salts.

757 2395 60 22 Four
825 2395 36 21 do.
872 2399 52 23 port
933 2394 65 22 wine.

757 2422 61 22 Four
827 2429 60 14 cases
896 2421 87 21 botiled
994 2423 66 19 stout.

759 2449 59 22 Four
828 2449 72 21 chests
910 2448 46 21 fine
964 2447 71 28 hyson
1048 2447 49 21 skin
1108 2451 43 18 tea.

756 2476 53 22 Two
820 2475 53 27 kegs
883 2475 97 26 powder,
992 2474 18 22 F
1020 2474 17 22 F
1049 2474 24 22 F.

759 2503 50 21 One
820 2502 49 22 bale
879 2502 67 26 slops.

758 2529 53 22 Two
822 2536 60 14 cases
892 2528 70 28 pipes.

757 2556 103 22 Tobacco
875 2554 156 28 (negrohead,)
1048 2554 65 22 small
1124 2554 37 27 fig.

759 2583 75 21 Claret
849 2583 40 25 (St.
900 2582 96 26 Julien.)

760 2609 90 23 Several
861 2608 53 22 coils
925 2615 60 15 rone.

950 2634 179 22 RIDDIFORD
1140 2634 44 22 and
1194 2634 47 21 CO.

704 2663 124 27 Britannia,
841 2663 48 22 Oct.
902 2663 34 25 15,
949 2663 60 21 I^4o-

677 2718 72 50 ON
765 2718 86 26 SALE,
865 2724 29 15 ex

759 2747 13 20 8
783 2752 61 14 cases
855 2747 49 24 port
914 2744 64 25 wine,
992 2743 54 21 each
1055 2744 14 20 3
1081 2743 49 21 doz.
1138 2742 88 22 bottles.

757 2773 16 20 4
782 2776 88 23 quarter
880 2771 65 21 casks
958 2771 64 21 ditto.
1027 2775 4 3 '

757 2800 14 20 2
781 2798 65 22 hhds.
858 2797 111 22 Schedam
979 2795 111 23 hollands.

757 2825 13 21 5
782 2825 55 21 ditto
848 2824 24 22 L.
884 2824 21 21 J.
917 2830 57 20 rum,
989 2825 24 19 10
1023 2830 39 20 per
1072 2825 59 19 cent.
1142 2829 21 15 o.
1174 2829 20 20 p.

757 2853 14 20 2
782 2851 56 21 ditto
848 2857 85 20 cognac
942 2849 87 27 brandy
1044 2849 105 26 (Julien.)

759 2879 10 20 1
782 2885 50 14 case
842 2877 86 21 bottled
943 2876 106 22 mustard.

760 2905 9 21 1
783 2904 56 21 ditto
848 2904 49 21 best
907 2903 87 22 Poland
1003 2903 82 21 starch.

759 2932 10 20 1
782 2930 55 22 ditto
849 2930 78 22 thumb
937 2929 52 22 blue
1001 2929 21 27 (i
1031 2929 44 26 oz.)
1088 2929 22 21 in
1122 2929 44 21 71b.
1176 2928 93 28 parcels.

759 2959 11 20 1
782 2957 65 22 dittto
856 2956 68 22 Bell's
933 2964 49 14 new
992 2960 78 23 palent
1078 2963 109 19 congreve
1195 2955 75 27 I'ghts.

841 2983 142 23 DANIELL
994 2983 44 21 and
1049 2982 187 22 RIDDIFORD.

704 3020 54 21 Port
767 3018 131 26 Nicholson,
911 3017 50 22 Oct.
973 3018 20 26 1,
1005 3018 62 20 1840.

678 3074 71 50 ON
766 3073 85 27 SALE,
863 3080 27 15 ex
1086 3072 19 21 &

761 3102 53 21 1000
824 3099 90 23 bushels
924 3098 79 26 maize,

757 3129 16 20 4
783 3131 71 18 crates
864 3133 104 15 common
980 3124 115 28 crockery,

758 3156 14 20 6
782 3154 49 22 doz.
841 3152 77 24 9-inch
929 3152 31 22 tin
971 3152 78 28 plates,

757 3182 29 21 24
795 3180 56 23 ditto
861 3181 30 21 tin
903 3179 82 27 dishes,

758 3210 15 20 2
782 3208 56 21 ditto
848 3206 114 28 shingling
971 3206 120 26 hammers,

758 3236 15 21 4
783 3234 56 23 ditto
848 3234 66 28 hasps
926 3232 45 23 and
980 3232 89 28 staples,

759 3263 26 20 19
796 3265 135 22 mattrasses,

759 3290 26 20 12
795 3287 84 23 barrels
888 3287 47 28 gin,

759 3317 14 20 3
783 3315 61 22 bales
855 3314 99 26 tobacco,

761 3342 95 22 Manilla
865 3341 78 27 cigars,

759 3369 106 27 Cayenne
877 3375 92 20 pepper.

761 3395 62 25 Also,
834 3403 14 14 a
856 3395 42 21 few
909 3394 65 23 casks
985 3394 26 21 of
1021 3392 102 28 superior
1132 3391 42 22 ale.

952 3425 180 24 RIDDIFORD
1142 3423 45 23 and
1196 3423 47 22 CO.

705 3455 54 22 Port
768 3454 130 27 Nicholson,
910 3454 51 22 Oct.
973 3455 19 26 1,
1004 3455 61 20 1840.

679 3508 94 49 JUST
786 3507 166 26 RECEIVED,
969 3507 46 22 and
1030 3507 35 21 for
1081 3505 50 22 Sale
1146 3507 24 18 at
1181 3502 89 23 Ander-

738 3535 61 21 son's
808 3535 81 26 Stores,
901 3533 124 26 Britannia,
1036 3538 24 16 at
1070 3540 54 19 very
1133 3531 42 22 low
1184 3530 73 27 prices
1263 3537 6 14 :

708 3568 49 22 One
766 3567 52 22 bale
828 3567 113 22 excellent
949 3566 111 22 blankets.

708 3595 49 21 One
776 3601 51 15 case
846 3594 71 27 prints
936 3593 45 22 and
996 3596 76 19 cotton
1085 3589 184 27 .handkerchiefs,

680 3620 96 28 adapted
785 3621 35 21 for
829 3621 74 21 native
914 3620 69 26 trade,
996 3627 55 24 very
1060 3618 78 27 cheap-

708 3648 49 21 One
768 3654 50 15 case
829 3647 130 27 containing
973 3643 58 25 duck
1041 3645 90 27 jackets
1147 3643 45 22 and
1205 3645 65 19 trow-

680 3681 52 19 sers,
745 3673 82 22 fustian
838 3673 55 22 ditto
903 3673 65 27 ditto,
979 3672 45 22 and
1034 3676 66 17 vests.

709 3700 20 21 A
740 3700 43 21 few
793 3699 63 22 casks
865 3700 45 21 fine
922 3700 37 21 old
968 3702 50 24 port
1028 3698 65 27 wine,
1103 3695 126 24 wholesale.

708 3727 21 22 A
738 3726 35 23 lot
782 3726 24 21 of
818 3726 102 27 splendid
929 3725 72 22 whale
1015 3725 37 20 oil.

710 3753 26 22 A.
750 3753 28 21 A.
789 3752 40 22 has
839 3752 45 22 also
894 3751 104 23 received
1007 3751 34 21 for
1050 3750 54 27 sale,
1115 3756 44 15 one
1167 3754 48 21 pan:
1224 3749 48 21 cart

681 3779 82 23 wheels
772 3778 46 23 and
827 3782 47 19 cart
882 3778 138 25 mountings.
1088 3802 4 6 _
1156 3800 6 6 4
1215 3775 45 32 .*'"';

709 3806 116 23 Groceries
849 3805 25 22 of
898 3812 68 19 every
988 3801 143 29 description,
1156 3801 116 26 mcluuing

681 3841 61 14 some
752 3839 53 20 very
815 3832 45 21 fine
869 3835 48 18 teas
932 3830 46 23 and
994 3829 102 26 candles;
1119 3827 45 23 and
1180 3835 14 15 a
1208 3832 63 23 great

680 3860 86 27 variety
776 3864 25 18 of
811 3858 64 23 other
884 3857 89 24 articles
983 3862 37 17 too
1034 3862 122 17 numerous
1169 3858 21 19 to
1206 3862 65 15 men-

708 3914 28 22 A.
747 3913 30 22 A.
787 3913 54 27 begs
849 3912 87 23 further
946 3914 23 20 to
978 3911 51 27 add,
1039 3910 52 23 that
1098 3909 30 24 he
1136 3909 42 24 ha»
1186 3916 15 17 a
1210 3907 60 30 daily

681 3940 79 25 supply
770 3940 27 20 of
806 3939 61 25 pork.
1105 3961 7 2 .
1212 3947 64 16 _.._^_

1290 626 69 48 O\
1371 626 85 26 SALE,
1466 630 22 17 at
1498 626 37 21 the
1546 626 72 21 Stores
1628 625 27 22 of
1666 624 37 23 the
1711 623 163 27 Undersigned,

1375 659 28 15 ex
1417 652 37 22 the
1831 647 46 25 and

1291 679 113 22 Elizabeth
1412 687 6 14 :
1424 692 24 4 —

1315 713 114 26 Blankets,
1440 714 52 21 10-4
1502 712 45 23 and
1556 713 57 21 11-4.

1316 739 87 22 Ladies'
1414 739 81 23 cloaks.

1275 779 2 15 i
1316 766 73 27 Flour,
1400 766 49 22 first
1457 766 92 28 quality.

1315 793 50 26 Tar,
1377 793 23 21 in
1410 793 90 21 barrels.

1316 820 80 21 Cotton
1407 819 178 22 handkerchiefs.

1316 847 20 21 A
1352 846 78 22 choice
1447 846 106 22 selection
1570 845 26 23 of
1612 844 106 29 pedestal,
1737 844 77 26 awing,
1832 842 46 22 and

1290 873 62 22 other
1361 873 79 27 lamps.

1317 900 53 21 Best
1378 899 129 28 negrohead
1516 899 99 23 tobacco.

1317 927 104 26 Superior
1430 927 57 21 Java
1497 926 61 27 ditto,

1317 953 96 22 Elliott's
1423 957 65 22 stout,
1497 953 23 21 in
1530 953 64 21 hhds.

1317 979 62 22 Ditto
1389 979 50 28 pale
1450 979 40 27 ale,
1502 979 62 22 ditto.

1317 1006 88 27 Sherry,
1417 1007 23 21 in
1452 1011 95 17 octaves.

1317 1033 119 22 Excellent
1446 1033 61 26 ditto,
1523 1033 23 21 in
1556 1031 76 23 bottle.

1282 1074 3 4 •
1317 1059 59 27 Port,
1387 1061 23 20 in
1422 1059 69 22 wood.

1317 1087 67 26 Rum,
1395 1087 51 21 best
1454 1087 108 21 Jamaica.

1317 1113 98 31 Brandy,
1426 1113 45 22 real
1482 1119 91 20 cognac.

1318 1141 53 26 Gin,
1384 1140 62 22 three
1456 1139 109 28 qualities.

1317 1167 51 26 Tea,
1390 1174 73 19 sugar,
1484 1166 48 27 salt,
1557 1172 60 21 soap,
1638 1164 80 26 starch,
1733 1164 61 26 blue,
1813 1162 66 23 black

1290 1200 88 21 pepper,
1391 1193 75 27 coffee,
1477 1193 98 26 vinegar,
1584 1192 86 27 raisins,
1678 1194 109 23 currants,
1795 1190 85 22 bottled

1291 1220 68 27 fruits,
1380 1220 91 27 pickles,
1492 1219 105 27 mustard,
1622 1218 111 28 saltpetre,
1755 1217 58 21 Cork
1831 1224 49 14 rose

1291 1247 79 27 butter,
1384 1247 86 26 cheese,
1482 1254 60 19 sago,
1553 1249 125 23 arrowroot,
1693 1244 90 27 treacle,
1794 1244 86 21 refined

1291 1282 71 19 sugar,
1375 1274 41 22 &c.
1428 1275 39 20 &c.
1479 1273 40 22 &c.

1317 1307 48 22 The
1376 1308 71 21 above
1457 1306 88 23 articles
1554 1306 44 21 will
1608 1306 28 21 be
1646 1305 50 22 sold
1705 1308 23 18 at
1734 1303 147 28 exceedingly

1290 1334 42 23 low
1342 1334 79 27 prices.
1450 1334 47 21 The
1509 1333 130 22 advertisers
1650 1331 74 22 would
1740 1331 73 27 prefer
1829 1331 52 21 sell-

1291 1363 39 25 ing
1338 1362 39 21 the
1386 1361 107 22 invoices.

1545 1385 82 23 JOHN
1638 1385 46 22 and
1695 1384 70 22 GEO.
1777 1383 101 22 WADE.

1294 1442 70 49 ON
1385 1442 86 26 SALE,
1493 1449 28 14 ex
1837 1437 45 22 and

1370 1469 64 22 other
1443 1469 44 21 late
1498 1468 91 22 arrivals
1596 1475 5 14 :

1319 1503 88 22 Ladies'
1417 1503 57 27 light
1483 1502 74 22 chintz
1568 1500 81 23 muslin
1661 1499 93 26 dresses,

1321 1530 147 27 Madagascar
1476 1532 65 23 mats,
1552 1528 33 22 for
1596 1527 129 28 carpettiug,
1737 1526 41 21 &c.

1321 1557 77 22 Porter
1408 1556 45 22 and
1462 1555 34 22 ale
1506 1556 23 20 in
1542 1554 69 27 wood,

1321 1584 73 22 Prime
1405 1587 59 17 stout
1472 1583 23 21 in
1506 1582 62 27 ditto,

1321 1611 80 27 Hyson
1412 1610 49 22 skin
1472 1613 42 22 tea,

1321 1637 120 22 Mauritius
1451 1643 72 20 sugar,

1321 1665 61 25 Rice,

1321 1691 109 22 Tobacco.

1548 1713 299 23 WAITTandTINLINE

1321 1752 125 25 Britannia,
1458 1750 50 22 Oct.
1521 1750 31 26 16,
1564 1750 61 20 1840.

1295 1806 155 50 HAND
1464 1805 25 21 T.
1507 1804 82 22 COOK,
1606 1803 58 22 have
1681 1802 103 22 received
1798 1802 30 27 by
1845 1801 38 22 the

1358 1845 10 9 •
1399 1833 45 21 late
1455 1832 92 21 arrivals
1557 1830 121 22 additional
1691 1829 76 27 goods,
1785 1829 44 21 and
1846 1835 37 15 are

1295 1861 95 22 enabled
1401 1865 21 16 to
1437 1860 54 20 offer
1509 1862 21 18 to
1547 1857 37 22 the
1603 1858 52 21 Port
1670 1856 123 22 Nicholson
1811 1855 73 28 public

1296 1887 36 23 the
1344 1887 69 22 undei
1418 1884 129 24 mentioned
1561 1884 94 26 articles,
1674 1884 68 26 being
1758 1882 29 22 all
1806 1882 25 22 of
1846 1882 38 21 the

1276 1913 68 31 'j^best
1353 1913 86 28 quality
1450 1912 45 22 and
1504 1912 76 21 lowest
1589 1910 96 28 possible
1695 1910 72 26 prices
1773 1917 5 14 :
1780 1921 31 5 —

1323 1954 85 25 Butter,
1419 1952 86 25 cheese,
1517 1951 62 26 floufj
1595 1951 44 21 rice
1660 1950 54 26 (real
1725 1950 89 26 Patna,)
1830 1953 54 23 teas,

1297 1980 120 26 chocolate,
1434 1985 73 19 cocoa,
1526 1977 76 27 coffee,
1618 1976 82 28 always
1715 1976 61 21 fresh
1790 1976 94 27 ground,

1279 1999 39 29 !in
1331 2013 44 20 any
1391 2005 101 27 quantity
1501 2013 4 18 ;
1526 2011 82 19 sugars,
1627 2003 66 21 moist
1709 2002 45 22 and
1771 2002 58 26 loaf;
1853 2006 32 18 to-

1279 2028 3 26 i
1296 2033 86 26 baccos,
1395 2031 131 26 Cavendish,
1538 2030 134 27 negrohead,
1682 2030 20 21 &
1709 2029 56 27 shag
1772 2037 5 19 ;
1792 2029 92 28 pickles,

1296 2067 88 17 sauces;
1401 2058 118 28 preserved
1528 2057 70 26 fvuits,
1613 2064 73 17 souns,
1705 2056 45 21 and
1768 2061 75 22 meats,
1862 2057 23 21 in

1296 2086 112 22 excellent
1418 2085 113 22 condition
1540 2092 5 17 ;
1561 2084 70 27 prime
1640 2083 85 22 bottled
1733 2083 99 22 mustard
1839 2083 47 22 and

1297 2120 63 20 curry
1379 2112 96 28 powder,
1492 2111 102 22 almonds
1611 2110 46 22 and
1672 2110 86 27 raVins,
1777 2114 108 23 currants,

1296 2141 77 26 spices,
1385 2138 79 27 starch,
1475 2138 60 27 blue,
1546 2138 78 27 paints,
1640 2136 86 24 linseed
1743 2136 36 27 oil,
1796 2140 90 24 turpen-

1296 2167 51 27 tine,
1359 2166 45 22 and
1415 2173 66 19 every
1491 2164 133 27 description
1639 2164 26 21 of
1679 2163 124 26 groceries;
1823 2164 63 21 boots

1296 2194 42 21 and
1349 2193 72 27 shoes,
1432 2199 59 19 men,
1504 2198 92 16 women,
1615 2190 45 22 and
1674 2190 119 22 childrens'
1802 2197 5 19 ;
1827 2190 59 22 duck

1297 2220 43 22 and
1357 2220 69 27 fancy
1443 2223 102 17 Irowsers
1553 2227 4 17 ;
1578 2221 93 23 regatta,
1698 2217 47 26 red,
1770 2216 44 22 and
1834 2217 52 22 blue

1297 2247 64 21 sh'rts
1371 2254 5 20 ;
1401 2246 79 21 lamb's
1500 2245 54 22 wool
1579 2244 55 21 ditto
1644 2252 6 18 ;
1680 2244 60 21 cloth
1766 2251 52 19 caps
1841 2244 45 21 and

1281 2273 2 28 j
1294 2274 93 27 jacket,
1412 2276 64 18 straw
1495 2272 56 26 hats,
1570 2271 76 27 pr'.nta,
1672 2270 100 22 checked
1791 2274 94 23 cottons,

1300 2300 90 22 Madras
1410 2299 158 27 neckerchie's,
1587 2297 70 22 welch
1673 2297 93 26 flannel,
1785 2305 100 19 canvass,

1298 2327 118 27 dungaree,
1428 2326 105 26 muskets,
1545 2332 63 20 guns,
1619 2324 89 28 powder
1718 2324 47 21 and
1774 2324 56 27 shot,
1841 2321 46 25 and

1298 2361 66 20 many
1375 2354 65 21 other
1450 2353 74 27 things
1534 2355 36 18 too
1580 2358 120 15 numerous
1709 2355 23 17 to
1744 2351 91 27 specify.

1325 2394 29 22 H.
1367 2394 45 21 and
1422 2394 26 21 T.
1458 2394 25 20 C.
1498 2393 56 21 have
1565 2392 46 21 also
1622 2399 27 14 on
1660 2391 62 22 hand
1731 2398 30 14 an
1773 2392 113 21 extensive

1298 2424 132 19 assortment
1455 2420 26 21 of
1504 2420 165 26 ironmongery,
1693 2418 106 27 crockery
1822 2425 64 19 ware,

1297 2448 57 26 glass
1364 2455 65 19 ware,
1445 2446 44 22 and
1500 2446 92 22 window
1601 2446 66 26 glass,
1683 2444 83 28 always
1775 2445 68 28 ready
1853 2446 35 21 for

1297 2475 131 27 inspection.

1326 2515 124 26 Britannia,
1461 2515 32 21 Ist
1504 2513 102 27 October,
1618 2514 60 21 1840.

1299 2569 152 49 NOTICE.
1453 2580 27 5 —
1480 2568 48 22 The
1537 2566 158 28 Undersigned
1704 2570 88 18 returns
1807 2567 81 21 thanks

1380 2600 23 17 to
1413 2595 38 22 the
1465 2595 75 27 public
1549 2594 34 22 for
1598 2594 37 22 the
1651 2597 93 24 support
1759 2593 30 22 he
1805 2593 40 22 has
1853 2601 37 14 re-

1298 2623 84 25 ceived,
1403 2622 45 22 and
1465 2622 112 21 intimates
1594 2620 47 22 that
1657 2620 84 27 having
1751 2620 139 22 determined

1298 2657 28 15 on
1336 2649 91 27 leaving
1435 2649 42 21 this
1486 2653 49 23 part
1542 2648 24 21 of
1573 2648 37 21 the
1622 2647 80 27 Colonj
1702 2655 5 7 r
1709 2663 4 11 ,
1726 2648 28 20 he
1761 2647 39 21 has
1807 2648 48 21 retii
1861 2647 29 22 ed

1298 2677 56 21 f.om
1364 2677 35 21 his
1409 2679 91 24 present
1507 2675 108 21 business.
1645 2674 37 21 He
1692 2678 100 22 requests
1802 2674 48 21 that
1859 2674 29 21 all

1299 2703 62 22 debts
1380 2703 44 21 due
1443 2706 22 18 to
1483 2702 47 21 him
1551 2709 23 13 or
1587 2702 38 20 the
1641 2701 50 21 firm
1709 2700 25 22 of
1764 2701 69 21 Durie
1844 2701 44 21 and

1408 2737 52 18 may
1471 2729 27 21 be
1508 2728 51 28 paid
1570 2736 24 14 as
1604 2735 53 14 soon
1669 2735 23 14 as
1705 2727 97 27 possible
1818 2731 22 18 to
1851 2728 37 21 the

1298 2756 163 27 Undersigned,
1483 2763 24 14 or
1526 2755 43 22 Mr.
1589 2754 61 22 John
1671 2754 78 26 Wade,
1770 2754 34 21 his
1813 2757 73 24 agent,

1299 2783 48 22 who
1365 2783 20 21 is
1404 2782 131 22 authorized
1554 2785 22 18 to
1596 2785 66 23 grant
1676 2781 95 27 receipts
1782 2781 33 21 for
1825 2780 62 23 such.

1298 2810 38 22 AH
1347 2814 106 18 accounts
1464 2813 22 17 to
1495 2809 28 21 be
1535 2808 112 22 tendered.

1542 2842 184 23 ARCHIBALD
1743 2841 130 22 MILLAR.

1325 2877 110 23 Premises
1460 2877 35 21 for
1521 2876 51 27 sale,
1600 2876 123 24 consisting
1742 2874 26 22 of
1784 2874 105 28 d^vel]ing

1298 2905 75 26 house,
1389 2911 64 18 oven,
1465 2903 40 22 &c.
1514 2911 5 18 ;
1531 2903 53 26 also,
1600 2902 130 27 Brickyard,
1749 2901 45 22 and
1810 2901 78 28 imple-

1299 2934 72 20 ments
1380 2929 122 28 belonging
1512 2933 22 18 to
1545 2929 60 21 such.

1507 2963 44 14 ONE
1566 2963 110 13 CONCERN.

1363 3011 97 22 ESSRS.
1484 3008 147 23 READING
1654 3008 69 22 AND
1748 3008 138 26 NEWELL,

1387 3039 158 22 Carpknters,
1569 3035 105 27 Joiners,
1697 3042 45 14 and
1763 3034 123 27 Builders,

1300 3066 41 27 beg
1349 3065 64 21 leave
1424 3068 22 18 to
1456 3063 82 22 inform
1549 3062 36 22 the
1596 3062 74 27 public
1677 3061 116 27 generally
1801 3061 26 22 of
1833 3061 54 22 Port

1299 3092 131 25 Nicholson,
1444 3090 48 22 that
1500 3090 84 26 having
1599 3088 66 22 made
1680 3091 169 24 arrangements
1864 3091 23 18 to

1299 3126 76 15 secure
1394 3125 13 14 a
1423 3119 104 20 constant
1541 3116 79 27 supply
1639 3115 26 21 of
1676 3115 87 27 timber,
1782 3114 52 28 they
1849 3121 37 15 are

1300 3153 47 14 now
1357 3145 69 27 ready
1435 3148 22 18 to
1467 3146 101 20 contract
1583 3142 35 22 for
1634 3142 37 22 the
1690 3142 97 21 erection
1804 3142 25 21 of
1842 3148 45 20 any

1300 3172 54 22 class
1364 3172 26 21 of
1396 3171 120 26 buildings,
1527 3169 43 22 and
1581 3172 56 19 trust
1646 3170 30 25 by
1685 3168 141 28 punctuality
1842 3168 45 21 and

1300 3199 42 22 and
1352 3198 108 28 dispatch,
1476 3201 22 18 to
1517 3196 66 22 merit
1601 3203 14 15 a
1632 3196 65 21 share
1716 3196 27 21 of
1756 3195 37 22 the
1812 3194 75 29 public

1299 3230 129 23 patronage.

1326 3258 124 26 Britannia,
1460 3260 56 19 next
1526 3257 54 21 door
1589 3260 23 18 to
1624 3256 43 21 Mr.
1676 3255 90 22 Allen's
1775 3255 70 21 Store.

1300 3307 34 47 J
1363 3305 133 23 NEWELL
1509 3305 54 25 begs
1573 3307 23 17 to
1606 3303 102 21 intimate
1718 3305 24 18 to
1752 3302 37 21 the
1800 3302 87 26 Gentry

1339 3344 10 10 •
1381 3333 26 21 of
1419 3332 52 22 Port
1480 3331 123 22 Nicohlson
1617 3330 48 21 that
1673 3329 29 21 he
1716 3329 21 21 is
1753 3335 51 15 now
1818 3328 69 27 ready

1300 3363 23 18 to
1331 3366 93 21 prepare
1432 3358 72 27 plans,
1520 3357 127 25 elevations,
1665 3355 45 22 and
1725 3354 162 32 specifications

1301 3387 29 21 of
1336 3392 45 21 any
1392 3385 57 22 class
1458 3385 26 21 of
1496 3384 72 27 public
1578 3391 25 14 or
1611 3383 86 28 private
1706 3381 120 27 buildings,
1841 3380 46 23 and

1300 3417 66 18 trusts
1374 3412 31 27 by
1413 3413 132 26 experience
1554 3415 23 17 at
1585 3410 66 22 home
1662 3408 45 22 and
1714 3409 24 21 in
1756 3408 37 22 the
1810 3408 78 26 neigh-

1291 3451 4 7 •
1300 3439 94 26 bouring
1404 3439 103 21 Colonies
1517 3445 23 14 as
1551 3444 12 15 a
1572 3436 105 28 practical
1687 3443 60 18 man,
1764 3434 44 22 and
1822 3441 13 15 a
1846 3434 42 22 full

1300 3465 129 26 knowledge
1447 3465 25 21 of
1490 3464 37 22 the
1547 3462 98 28 strength
1665 3462 44 22 and
1730 3461 118 27 durability
1865 3461 27 21 of

1301 3491 93 23 colonial
1404 3492 86 25 timber,
1502 3490 52 22 with
1564 3498 13 14 a
1586 3490 62 22 strict
1658 3488 79 28 regard
1747 3491 23 18 to
1779 3487 107 28 strength,

1299 3519 112 26 elegance,
1423 3517 126 27 durability,
1564 3516 45 22 and
1619 3523 109 19 economy
1737 3515 25 21 in
1771 3514 38 23 the
1818 3518 70 18 struc-

1293 3549 55 25 ture
1365 3544 27 22 of
1404 3544 120 26 buildings,
1540 3544 27 21 he
1582 3543 45 21 will
1642 3543 29 21 be
1688 3542 49 21 able
1755 3544 23 19 to
1794 3541 65 22 merit
1875 3548 14 15 a

1300 3572 63 22 share
1373 3571 26 21 of
1410 3571 38 22 the
1457 3570 75 28 public
1541 3573 128 25 patronage.

1525 3603 42 22 No.
1578 3604 20 25 1,
1610 3602 122 22 Britannia.

1502 3658 68 21 FOR
1585 3657 98 24 SALE,

1301 3684 138 56 HOUSE
1450 3684 47 25 door
1497 3684 24 25 3,
1532 3683 53 22 with
1594 3683 87 26 frames,
1693 3681 118 29 complete.

1408 3711 87 22 French
1505 3712 87 25 cottage
1601 3709 113 23 windows.

1407 3738 104 21 Two-cut
1520 3736 68 23 deals.

1377 3777 17 10 «■
1408 3764 101 22 Battens.

1408 3791 54 21 Port
1471 3789 123 23 Nicholson
1603 3789 88 21 boards.

1408 3817 63 22 Ditto
1481 3816 68 29 plank
1559 3815 45 23 and
1613 3815 118 26 scantling.

1326 3845 58 22 Now
1390 3847 24 18 at
1420 3843 86 26 Petoni,
1512 3843 42 21 but
1563 3842 44 22 will
1615 3843 28 21 be
1653 3841 49 23 sold
1711 3840 135 24 deliverable
1857 3848 29 15 on

1300 3872 37 25 the
1345 3871 73 23 beach
1427 3874 24 19 at
1464 3869 123 23 Britannia.

1472 3902 27 23 T.
1514 3902 34 24 M.
1563 3901 184 25 PARTRIDGE
1756 3901 46 24 and
1811 3901 46 24 CO.

1302 3937 15 21 A
1328 3933 58 25 Sept.
1398 3932 32 25 10,
1443 3931 60 21 1840,

1910 624 122 48 JAMES
2047 625 96 26 WATT,
2159 625 61 27 E*q.,
2234 626 84 27 having
2326 626 103 22 received
2440 626 59 27 posi-

1975 651 45 22 tive
2031 652 142 21 instructions
2184 652 56 22 from
2257 652 90 28 Sydney
2356 656 23 18 to
2389 652 60 22 close
2459 652 38 22 the

1910 678 157 26 consignment
2080 678 26 22 of
2122 678 72 28 Sheep
2209 678 46 23 and
2269 678 78 28 Cattle,
2366 685 28 16 ex
2437 679 61 22 Mid-

2025 704 41 22 has
2075 705 124 22 instructed
2217 721 3 4 ,

1949 737 111 21 Messrs.
2076 738 91 20 JOHN
2183 739 55 21 and
2253 738 76 22 GEO.
2346 739 107 21 WADS

2072 772 28 14 TO
2114 772 52 14 SELL
2183 772 29 14 BY
2227 772 106 19 AUCTION,

1911 797 182 22 POSITIVELY
2123 797 149 22 WITHOUT
2303 797 64 22 THE
2400 797 98 24 LEAST

2131 824 148 27 RESERVE,

1911 850 31 21 At
1951 849 34 23 his
1996 850 150 28 Stock-yards,
2158 855 23 18 at
2191 851 82 22 Evans'
2285 850 54 28 Bay,
2351 858 28 14 on
2387 850 109 28 Monday,

1911 877 95 21 October
2015 879 35 25 26,
2061 879 60 25 1840,
2131 881 23 18 at
2163 885 42 14 one
2214 877 85 22 o'clock
2306 877 115 27 precisely,
2429 878 70 21 about

1910 905 26 20 60
1945 903 58 22 head
2013 904 26 21 of
2055 904 77 26 Cattle,
2151 911 61 15 more
2230 911 24 14 or
2269 904 50 25 less,
2337 904 122 26 consisting
2476 904 26 21 of

1911 929 104 23 Bullocks
2025 930 45 22 and
2080 930 69 28 Cows,
2161 938 61 15 some
2233 930 52 22 with
2302 930 78 22 Calves
2394 930 30 28 by
2441 930 58 22 their

1911 956 64 22 sides.

1937 983 62 27 Also,
2018 983 67 22 about
2100 984 41 21 500
2157 983 93 22 Wether
2270 983 79 28 Sheep,
2373 983 25 22 fit
2413 983 35 22 for
2462 983 38 22 the

1910 1010 100 21 butcher.

1937 1036 47 23 The
1994 1037 70 22 whole
2075 1040 22 18 to
2106 1037 28 22 be
2145 1037 93 21 allotted
2247 1040 23 19 to
2280 1037 44 22 suit
2333 1037 138 27 purchasers.

2123 1071 82 19 TERMS,
2222 1071 64 14 CASH.

1937 1089 47 22 The
1992 1090 107 22 attention
2109 1091 26 20 of
2140 1090 129 27 gentlemen
2275 1090 118 27 intending
2403 1093 23 18 to
2436 1096 64 21 carry

1912 1124 27 14 on
1951 1117 139 26 agricultural
2102 1117 97 27 pursuits
2210 1117 19 21 is
2240 1117 144 31 particularly
2394 1117 72 21 called
2478 1121 21 17 to

1912 1143 36 22 the
1959 1144 70 21 above
2039 1143 53 26 sale,
2104 1151 24 14 as
2139 1143 36 22 the
2186 1143 71 22 whole
2269 1143 25 21 of
2310 1143 37 22 the
2358 1142 69 23 above
2439 1143 61 22 stock

1912 1177 56 14 were
1979 1170 96 22 selected
2084 1170 58 21 from
2158 1177 62 14 some
2236 1170 26 21 of
2281 1169 37 22 the
2333 1171 47 20 first
2395 1169 67 22 herds
2478 1170 23 21 in

1912 1197 96 27 Sydney,
2023 1197 30 27 by
2063 1204 91 20 persons
2164 1196 51 22 well
2230 1197 79 21 versed
2318 1197 22 21 in
2351 1196 38 22 the
2399 1200 70 18 wants
2480 1195 25 23 of

1912 1231 13 13 a
1935 1231 48 14 new
1994 1223 92 28 Colony.
2116 1223 47 22 The
2173 1223 102 21 bullocks
2286 1230 36 14 are
2333 1223 26 21 of
2368 1223 35 21 the
2412 1223 90 21 hardest

1914 1250 98 27 working
2025 1249 77 28 breed,
2120 1250 65 21 while
2203 1249 36 22 the
2258 1256 57 15 cows
2332 1256 56 14 were
2404 1249 98 22 selected

1913 1277 117 27 especially
2040 1277 36 21 for
2085 1277 38 21 the
2133 1277 70 26 dairy.

1938 1303 48 22 The
1998 1303 147 22 Auctioneers
2155 1302 79 28 pledge
2252 1302 132 22 themselves
2400 1302 48 22 that
2464 1301 38 23 the

1913 1330 44 22 sale
1965 1330 43 22 will
2016 1330 49 22 take
2074 1330 62 27 place
2142 1336 133 15 positively
2283 1336 105 14 without
2398 1336 106 16 keserve.

1975 1384 40 22 TO
2031 1385 38 20 BE
2084 1384 78 21 SOLD
2178 1384 40 21 BY
2235 1383 145 26 AUCTION,
2398 1383 40 21 BY

2103 1418 34 20 K.
2158 1418 153 23 TAYLOR,

1916 1452 71 49 ON
2010 1451 169 23 SATURDAY
2199 1451 83 24 (THIS
2301 1451 84 26 DAY,)
2405 1451 99 21 October

1992 1479 59 26 24th,
2072 1480 60 25 1840,
2152 1482 22 17 at
2194 1478 106 21 Barrett's
2320 1477 75 27 Hotel,
2418 1482 24 17 at
2459 1484 44 15 one

1915 1506 84 22 o'clock
2009 1506 114 27 precisely,

1942 1533 71 21 Three
2031 1537 71 17 crates
2120 1531 114 28 crockery,
2252 1531 23 22 in
2292 1531 43 22 lots
2351 1534 23 18 to
2391 1530 44 22 suit
2453 1538 52 21 pur-

1915 1560 95 22 chasers.

1942 1587 110 25 Tobacco,
2062 1586 51 26 rice,
2126 1592 72 20 sugar.

1944 1613 54 22 Port
2006 1612 65 27 wine,
2081 1612 23 22 in
2114 1612 71 21 wood.

1916 1640 54 21 And
1980 1640 33 21 for
2022 1639 38 22 the
2071 1639 82 21 benefit
2168 1638 28 21 of
2211 1637 73 23 whom
2300 1638 18 21 it
2332 1644 52 21 may
2400 1644 103 21 concern,

1942 1666 72 22 Three
2024 1666 68 21 boxes
2104 1666 97 26 wearing
2210 1665 97 27 apparel,
2318 1664 76 27 books,
2407 1665 40 21 &c.

1944 1694 49 21 One
2010 1692 49 22 bale
2076 1692 130 27 containing
2221 1691 69 22 about
2304 1692 28 21 50
2349 1691 70 21 dozen
2438 1690 66 22 white

1916 1720 69 22 calico
1995 1719 72 22 shirts.

2112 1753 74 14 TERMS
2203 1753 28 14 AT
2246 1752 62 15 SALE.

2147 1791 19 21 A
2187 1790 93 21 CARD.

2024 1825 76 21 MR.
2130 1823 268 24 MONTEITH,

2134 1858 62 21 (From
2203 1857 79 19 Petoni,)

2088 1884 245 27 SURGEON,

2142 1919 135 15 BRITANNIA.

2029 1953 210 33 "BARRETT'S
2255 1964 124 21 HOTEL.

1918 1993 52 48 R
1997 1991 143 23 BARRETT
2154 1992 54 24 begs
2222 1995 22 18 to
2256 1991 81 22 inform
2349 1991 38 22 the
2397 1991 111 22 Colonists

1974 2030 9 11 •
2015 2019 26 21 of
2053 2019 52 21 Port
2114 2018 132 26 Nicholson,
2256 2017 50 22 that
2313 2018 37 21 the
2358 2018 70 21 above
2438 2018 68 22 Hotel

1916 2048 19 20 is
1944 2053 49 15 now
2003 2053 65 20 open,
2079 2045 44 22 and
2135 2048 67 19 trusts
2217 2045 29 27 by
2264 2044 109 28 affording
2389 2052 68 20 every
2472 2052 37 14 ac-

1918 2072 165 22 commodation
2093 2075 23 19 to
2126 2071 35 22 his
2170 2076 83 22 guests,
2266 2075 22 18 to
2299 2071 66 22 merit
2376 2079 13 14 a
2405 2072 104 21 continu-

1917 2107 55 15 ance
1983 2100 25 21 of
2020 2099 37 22 the
2074 2103 120 24 patronage
2212 2098 90 28 already
2318 2098 113 22 bestowed
2448 2105 60 21 upon

1916 2126 55 22 him.

1944 2153 83 27 Wines,
2046 2152 80 28 spirits,
2143 2151 41 27 ale,
2202 2151 44 22 and
2264 2155 82 24 porter,
2364 2152 25 21 of
2405 2151 39 22 the
2460 2151 50 22 best

1918 2180 91 27 quality.

1945 2207 37 21 An
1993 2206 102 26 ordinary
2107 2205 58 27 daily
2176 2208 24 19 at
2210 2209 43 17 two
2268 2204 93 23 o'clock.
2391 2204 56 23 Cold
2464 2212 13 14 c
2486 2204 25 22 >I-

1916 2234 82 21 lations
2007 2233 81 27 always
2097 2232 77 28 ready.
2205 2232 66 21 Good
2280 2232 62 22 beds.

1991 2287 155 21 BROWN'S
2161 2286 139 21 EATING
2314 2286 124 24 HOUSE,

2100 2320 127 14 BRITANNIA
2242 2320 81 14 BEACH.

1919 2349 52 47 R
2005 2347 112 22 BROWN
2136 2346 145 27 respectfully
2299 2346 114 22 intimates
2432 2349 23 19 to
2474 2346 35 23 his

1975 2386 9 10 •
2017 2373 92 23 Friends
2119 2373 44 22 and
2173 2373 37 21 the
2222 2373 77 21 Public
2310 2373 25 21 of
2350 2373 52 21 Port
2415 2373 91 22 Nichol-

1919 2409 47 19 son,
1978 2401 47 22 that
2034 2401 28 21 he
2072 2401 39 21 has
2123 2399 86 28 opened
2227 2407 12 14 a
2255 2399 69 22 house
2340 2400 25 21 in
2382 2399 37 22 the
2437 2400 70 22 above

1918 2428 52 27 line,
1982 2428 43 22 and
2035 2431 66 18 trusts
2110 2427 30 27 by
2151 2426 112 23 moderate
2274 2425 92 28 charges
2375 2428 23 20 to
2412 2427 68 21 merit
2495 2434 14 15 a

1918 2455 64 22 share
1993 2455 26 22 of
2029 2454 57 22 their
2095 2453 56 22 kind
2159 2456 130 25 patronage.

1949 2482 35 22 An
1995 2481 104 27 ordinary
2108 2488 67 20 every
2192 2480 44 27 day
2252 2484 22 17 at
2290 2483 50 18 two.
2370 2479 56 22 Cold
2443 2479 67 23 colla-

1919 2509 59 22 tions
1988 2508 81 27 always
2079 2507 76 28 ready.
2186 2507 66 21 Good
2260 2506 61 22 beds.

1949 2535 94 22 Wanted
2055 2535 32 21 for
2097 2534 37 21 the
2145 2534 70 21 above
2226 2533 76 28 house,
2318 2540 29 15 an
2362 2533 149 28 experienced

1920 2562 92 22 COOK.
2040 2561 76 27 Apply
2126 2568 24 14 as
2158 2561 77 21 above.

1920 2616 175 49 WANTED
2120 2615 159 26 immediately,
2309 2622 29 14 an
2363 2615 149 27 experienced

2017 2642 83 23 COOK
2109 2650 5 17 ;
2135 2642 53 26 also,
2208 2649 13 14 a
2238 2641 134 22 WAITER.
2401 2641 77 28 Apply
2488 2645 25 18 at

1921 2670 36 22 the
1970 2670 99 22 Durham
2081 2669 74 22 Arms.

1947 2696 122 25 Britannia,
2082 2696 50 21 Oct.
2143 2696 33 25 21,
2189 2696 61 21 1840.

1919 2750 194 49 WORKING
2152 2749 160 22 BULLOCKS
2347 2749 67 22 AND
2449 2750 61 21 FAT

2015 2776 190 23 WETHERS.—
2205 2776 48 22 The
2268 2776 157 26 Undersigned
2433 2776 45 27 beg
2487 2781 22 17 to

1919 2804 73 28 notify
2012 2804 47 21 that
2076 2803 52 27 they
2145 2803 58 22 have
2222 2809 28 15 on
2270 2802 61 22 hand
2348 2806 42 18 two
2406 2802 104 32 splendid

1920 2831 107 27 Working
2046 2829 105 23 Bullocks
2161 2837 4 18 ;
2192 2830 54 25 also,
2266 2836 61 15 some
2350 2830 100 26 superior
2469 2829 42 22 Fat

1920 2858 108 25 Wethers,
2041 2858 47 26 just
2098 2856 93 26 arrived,
2207 2856 65 21 offers
2282 2856 34 21 for
2325 2855 74 22 which
2409 2856 53 28 they
2472 2863 38 15 are

1919 2884 69 26 ready
1998 2888 22 18 to
2029 2883 87 22 receive
2126 2886 24 19 at
2159 2882 59 23 their
2227 2884 72 20 Store.

2200 2909 127 22 KNIGHT
2337 2909 45 22 and
2391 2909 90 22 HAIR.

1947 2938 124 26 Britannia,
2083 2937 49 21 Oct.
2142 2938 20 23 8,
2175 2937 61 21 1840.

1947 2992 105 24 COWS,
2067 2990 186 24 BULLOCKS,
2270 2991 54 20 and
2339 2991 140 20 HORSES.

1920 3018 87 49 FOR
2021 3018 85 26 SALE,
2117 3016 84 23 several
2212 3016 71 23 Milch
2292 3017 68 26 Cows,
2370 3017 54 22 with
2430 3017 80 22 Calves

1992 3048 23 19 at
2024 3044 58 23 their
2091 3044 65 26 sides,
2171 3044 47 21 and
2227 3044 23 21 in
2261 3043 55 22 Calf.
2347 3044 61 26 Also,
2421 3051 13 14 a
2444 3051 66 15 num-

1918 3072 39 22 ber
1967 3071 26 22 of
2004 3071 108 27 Working
2123 3070 111 26 Bullocks,
2246 3070 46 22 and
2301 3077 13 14 a
2323 3070 42 22 few
2376 3070 91 23 Horses.

1945 3098 76 28 Apply
2032 3102 23 18 to
2066 3098 43 22 Mr.
2121 3097 72 27 Bligh,
2206 3097 124 22 Britannia.

1919 3152 87 49 FOR
2025 3151 84 25 SALE,
2131 3158 13 14 a
2162 3150 65 23 small
2245 3151 104 27 quantity
2366 3151 25 22 of
2408 3151 101 27 superior

1992 3179 77 22 SEED
2085 3177 121 22 WHEAT.
2236 3177 77 29 Apply
2329 3182 24 18 to
2371 3178 43 22 Mr.
2431 3180 78 20 James

1919 3206 68 26 Watt,
2000 3205 124 22 Britannia.

1919 3258 175 50 WANTED
2112 3262 23 18 to
2151 3258 118 28 purchase,
2284 3258 34 23 for
2335 3258 59 27 cash,
2410 3258 38 21 Oil
2462 3257 47 22 and

2017 3285 143 22 Whalebone.
2190 3285 77 27 Apply
2277 3289 23 18 to

2151 3312 128 22 WATERS
2290 3311 45 23 and
2345 3310 107 23 SMITH.

1947 3338 122 27 Britannia,
2081 3339 98 22 October
2187 3340 21 26 2,
2222 3340 59 20 1840.

1920 3393 91 48 THE
2029 3392 229 23 UNDERSIGNED
2278 3392 43 22 will
2344 3392 27 21 be
2391 3392 73 26 happy
2485 3394 22 19 to

1980 3420 65 21 make
2056 3427 13 14 a
2079 3419 76 22 liberal
2165 3420 102 21 advance
2278 3426 28 14 on
2315 3418 36 22 Oil
2361 3418 45 21 and
2417 3414 90 25 Whale-

1919 3447 65 25 bone,
1996 3446 122 27 consigned
2128 3450 22 17 to
2161 3446 59 22 their
2234 3446 92 27 Agents,
2345 3445 88 21 Messrs.
2446 3444 62 21 Mas-

1919 3480 40 15 son
1968 3472 44 23 and
2017 3472 111 26 Hoggins.
2132 3474 21 24 5,
2161 3472 232 26 Lime-streetsquare,
2404 3471 102 21 London.

2152 3499 126 22 WATERS
2289 3497 44 22 and
2344 3497 108 22 SMITH.

1947 3526 124 27 Britannia,
2083 3526 97 22 October
2188 3527 20 25 2,
2220 3526 61 21 1840.

2142 3579 139 22 NOTICE.

1921 3608 94 48 ANY
2033 3615 79 20 person
2131 3606 99 22 desirous
2246 3605 27 21 of
2290 3604 100 27 building
2406 3611 29 14 on
2453 3604 54 22 land

1999 3635 114 27 adjoining
2123 3633 37 21 the
2169 3636 68 22 town,
2255 3638 41 15 can
2307 3638 91 20 procure
2408 3631 54 22 land
2472 3631 35 22 for

1919 3661 38 22 the
1968 3668 94 21 purpose
2069 3661 46 21 free
2126 3659 26 22 of
2161 3662 58 23 rent,
2236 3658 29 27 by
2281 3657 106 28 applying
2396 3660 22 19 to
2429 3657 78 23 James

1920 3688 67 26 Watt,
2001 3689 51 25 Esq.

1947 3713 122 26 Britannia,
2080 3712 50 22 Oct.
2140 3713 20 25 8,
2172 3713 62 20 1840.

1919 3766 164 49 HAND
2102 3765 26 22 T.
2147 3765 85 22 COOK
2255 3765 44 26 beg
2321 3767 23 18 to
2366 3763 82 22 inform
2467 3763 49 31 the^

1982 3803 11 11 •
2012 3792 76 22 Public
2099 3791 48 22 that
2156 3791 54 27 they
2220 3791 57 21 have
2287 3790 86 28 opened
2388 3789 38 22 the
2435 3790 88 22 houaeV

1918 3819 69 28 lately
1996 3818 107 28 occupied
2112 3818 30 27 by
2152 3817 45 22 Mr.
2209 3817 102 22 Heather
2325 3824 24 14 as
2366 3824 13 14 a
2393 3816 71 26 Store,
2480 3816 28 24 ia

1919 3845 126 24 connexion
2053 3845 53 22 with
2113 3845 55 21 their
2177 3844 65 23 other
2249 3843 176 26 establishment,
2432 3840 84 31 wherV,

1918 3872 54 29 they
1980 3872 79 23 intend
2068 3875 22 18 to
2100 3878 64 20 carry
2173 3876 31 17 on
2219 3871 107 26 business,
2345 3869 45 23 and
2403 3869 57 28 hope
2471 3867 45 27 for'

1918 3907 14 15 a
1950 3898 153 24 continuation
2123 3898 26 21 of
2173 3897 39 22 the
2231 3897 54 23 kind
2303 3898 122 27 patronage
2451 3895 55 28 they

1904 3931 2 11 i
1918 3927 57 25 hftve
1987 3925 89 25 already
2085 3924 109 23 received.
