2550 3989
682 134 67 23 about
761 133 64 24 three
837 141 66 23 years
917 133 43 28 old,
974 133 59 23 until
1044 133 42 22 she
1098 131 71 24 could-
1174 138 93 24 procure

682 175 14 15 a
717 174 94 24 passage
824 171 23 19 to
861 166 57 24 New
931 166 109 27 Zealand,
1065 165 74 23 where
1160 166 17 22 it
1185 166 21 21 is
1219 164 49 24 said

682 199 37 24 the
729 200 75 23 father
816 199 26 23 of
851 199 38 23 the
901 198 60 24 child
971 206 52 15 now
1034 199 29 22 is.
1100 198 47 23 She
1164 205 43 16 was
1220 197 47 24 evi-

682 232 75 31 dently
780 232 120 30 labouring
923 232 72 22 under
1014 236 65 26 great
1102 231 130 30 depression
1246 230 24 23 of

682 266 82 30 spirits,
778 265 42 24 but
830 273 25 15 as
867 265 63 22 there
940 272 56 15 were
1006 272 28 15 no
1042 264 79 23 marks
1134 263 26 24 of
1169 263 98 23 violence

682 299 66 23 about
767 298 40 23 her
831 305 91 24 person,
947 305 27 15 no
995 297 65 23 other
1079 304 66 16 cause
1165 295 63 25 could
1239 296 28 23 he

681 331 105 31 assigned
808 331 38 23 for
864 330 41 23 her
922 330 67 24 death
1003 330 55 23 than
1070 329 139 28 suffocation,
1223 328 44 24 and

682 364 36 23 the
738 364 55 31 jury
816 363 108 24 returned
943 371 12 15 a
974 363 87 23 verdict
1080 362 151 31 accordingly.
1234 374 33 4 —

682 397 65 24 Ibid.

734 430 203 23 Australasian
973 429 152 24 Chronicle
1186 427 79 24 Way-

794 475 34 4 —
831 463 41 23 We
885 463 43 23 feel
940 463 88 22 sincere
1039 462 106 31 pleasure
1152 462 23 22 in
1181 461 86 30 having

682 500 21 19 to
721 496 79 23 record
820 496 38 23 the
876 496 71 23 above
966 500 74 22 event,
1062 494 71 23 which
1152 501 29 16 we
1204 499 62 18 must

680 529 80 23 inform
774 536 40 16 our
827 529 91 23 readers
930 529 19 22 is
961 528 39 23 the
1013 528 110 23 technical
1136 533 52 17 term
1202 528 25 22 of
1237 534 28 16 an

681 562 81 23 annual
775 562 60 23 feast
846 562 67 30 given
924 562 23 22 in
960 569 68 23 every
1040 561 137 31 respectable
1188 562 77 28 print-

682 595 37 30 ing
737 595 65 23 office
995 594 45 23 and
1060 594 71 22 which
1150 594 115 30 generally
1272 616 2 9 (

681 628 63 23 takes
763 628 64 31 place
847 635 28 16 on
894 627 38 24 the
951 628 147 30 anniversary
1118 627 25 23 of
1158 627 25 22 its
1204 632 60 18 esta-

680 661 130 23 blishment.
849 660 28 24 In
896 660 38 24 the
957 665 94 26 present
1074 667 57 21 case,
1156 660 107 27 however,
1272 659 2 23 I

680 694 85 23 several
777 695 175 22 circumstances
965 693 146 31 co-operated
1124 698 23 18 to
1155 693 63 30 delay
1226 692 37 23 the

680 727 35 23 the
739 727 136 23 celebration
900 726 26 23 of
949 734 42 15 our
1013 727 51 22 first
1086 726 115 30 birth-day
1230 725 35 23 till

681 760 111 30 Saturday
805 760 53 28 last,
871 759 38 23 the
931 760 56 23 12th
1007 759 73 31 Sept.,
1100 759 65 23 when
1181 764 23 18 to
1225 759 38 22 the

681 793 92 23 number
786 794 25 22 of
821 798 120 18 seventeen
954 800 104 24 persons,
1073 792 117 31 composed
1198 792 26 23 of
1234 792 31 23 all

680 826 100 31 engaged
792 827 22 22 in
829 827 37 22 the
877 826 134 32 production
1025 826 26 23 of
1065 825 37 24 the
1144 825 119 24 Australa-

679 861 47 22 sian
899 860 58 22 from
970 860 39 23 the
1020 859 73 23 editor
1105 864 22 18 to
1145 859 34 23 the
1199 859 63 30 prin-

680 893 51 23 ter's
743 893 67 28 devil,
825 898 35 18 sat
870 893 65 23 down
948 898 23 18 to
990 900 14 15 a
1021 893 136 22 substantial
1173 892 88 23 dinner.

682 926 25 22 In
726 926 37 22 the
783 934 80 15 course
882 926 25 22 of
930 926 36 23 the
985 927 97 29 evening
1100 926 85 22 several
1202 924 60 31 loyal

679 959 41 23 and
732 959 143 30 appropriate
888 964 70 18 toasts
976 966 59 16 were
1054 959 81 28 drank,
1160 962 103 27 amongst
1272 955 2 36 j

679 992 69 22 which
762 999 58 15 were

701 1024 35 23 the
748 1025 139 30 proprietors
896 1025 25 22 of
936 1025 38 23 the
985 1024 161 23 Australasian
1166 1024 95 24 Chroni-

679 1058 31 23 cle
712 1070 31 4 —
745 1065 41 16 our
798 1057 80 23 liberal
889 1057 155 31 employers,"'
1123 1057 70 31 Right
1201 1057 59 24 Rev.

679 1090 35 24 the
728 1090 106 24 Catholic
847 1090 62 24 Lord
922 1091 87 30 Bishop
1028 1091 43 23 and
1091 1091 38 23 the
1148 1091 77 30 clergy,
1241 1091 24 23 of

679 1123 32 24 his
872 1124 43 23 His
925 1124 139 30 Excellency
1073 1124 37 23 the

703 1157 35 23 the
751 1157 44 23 late
809 1157 119 23 Governor
941 1157 39 23 Sir
994 1156 100 24 Richard
1109 1157 96 28 Bourke,
1220 1157 41 23 the

679 1190 78 23 author
769 1190 24 23 of
809 1190 40 23 the
861 1190 92 23 Church
1166 1190 92 23 O'Con-

678 1223 51 28 nell,
743 1223 68 32 Esq.,
837 1223 35 24 M.
950 1223 90 23 besides
1060 1223 48 23 that
1132 1223 25 23 of
1174 1223 87 24 several

679 1256 135 23 individuals
829 1256 74 23 whose
915 1264 85 20 names,
1013 1256 36 23 for
1067 1257 85 23 certain
1169 1264 92 15 reasons

679 1290 121 23 connected
811 1290 54 22 with
879 1289 57 24 their
953 1290 112 30 modesty,
1084 1297 32 15 we
1135 1290 85 22 forbear
1240 1295 21 17 to

678 1324 106 22 mention.
822 1323 50 23 The
884 1323 111 31 principal
1007 1323 86 23 feature
1107 1323 24 22 of
1147 1323 34 22 the
1194 1331 67 14 eveu-

678 1357 36 30 ing
727 1364 45 15 was
785 1356 38 23 the
835 1356 117 30 cordiality
966 1356 43 23 and
1027 1356 85 30 perfect
1130 1356 55 31 good
1204 1356 56 23 feel-

677 1389 38 31 ing
727 1389 72 23 which
812 1389 88 24 existed
911 1390 102 22 between
1032 1389 38 22 the
1087 1389 112 31 employer
1218 1389 45 24 and

679 1422 34 23 the
738 1423 120 30 employed
866 1432 6 18 ;
898 1422 43 23 and
966 1430 32 14 we
1022 1422 65 23 could
1111 1427 39 18 not
1169 1422 28 23 be
1223 1423 39 22 but

678 1455 114 23 reminded
806 1456 25 23 of
847 1455 37 23 the
896 1456 81 23 stories
990 1455 73 23 which
1075 1463 32 16 we
1119 1455 53 23 have
1192 1455 71 24 heard

678 1489 82 23 related
769 1488 24 24 of
990 1502 31 3 —
1025 1488 137 24 Printer's
1169 1488 91 24 Devil.
1272 1505 2 6 ,

711 1521 72 24 Hint
795 1530 32 15 to
841 1529 146 16 intending
1007 1522 124 23 Bolters.
1136 1535 28 3 —
1167 1522 35 30 By
1225 1523 37 22 the

679 1563 49 15 new
741 1555 48 23 Bill
802 1555 35 23 for
851 1555 36 23 the
900 1556 73 22 better
985 1556 127 29 regulation
1125 1556 24 22 of
1162 1563 99 21 seamen,

678 1596 93 22 persons
783 1589 92 30 leaving
886 1588 38 23 the
936 1589 81 30 colony
1030 1589 46 22 will
1090 1589 29 22 be
1139 1588 88 31 obliged
1238 1592 23 19 to

678 1629 94 22 procure
784 1629 14 15 a
809 1622 85 22 license
907 1630 24 14 or
939 1622 122 22 certificate
1069 1621 57 23 from
1135 1622 34 22 the
1184 1621 77 24 Police
1272 1637 2 7 .

680 1655 134 29 Magistrate
827 1655 26 22 of
860 1655 39 22 the
918 1654 80 23 Water
1011 1655 78 22 Police
1109 1655 78 22 before-
1203 1655 58 22 their

679 1687 125 31 dfparture,
825 1688 73 22 which
910 1689 18 21 it
940 1688 19 22 is
971 1688 123 30 presumed
1112 1688 45 22 will
1174 1688 88 22 remind

679 1721 59 23 them
762 1721 24 23 of
808 1721 81 30 taking
911 1722 63 22 leave
987 1721 25 23 of
1021 1721 58 23 their
1091 1720 82 24 friends
1185 1721 76 23 before

679 1754 50 30 they
752 1762 37 22 go,
815 1762 25 15 as
863 1762 61 15 some
947 1754 104 31 person's
1069 1761 117 16 memories
1206 1754 55 23 have

679 1787 81 30 proved
773 1788 125 29 extremely
910 1787 144 23 treacherous
1062 1795 61 23 upon
1131 1789 53 21 such
1196 1794 65 16 occa-

679 1821 67 22 sions.
750 1832 34 4 —
785 1820 178 24 Australian.

711 1853 22 23 A
745 1853 59 23 Tax
818 1862 32 15 on
865 1853 133 24 Colonial
1011 1853 132 24 Traders.
1146 1866 31 3 —
1178 1853 35 30 By
1225 1853 36 23 the
1272 1851 2 8 '

679 1894 45 15 new
747 1886 80 23 Water
840 1886 78 24 Police
929 1886 56 28 Act,
1009 1895 13 14 a
1043 1887 55 30 duty
1111 1886 25 23 of
1146 1887 32 22 six
1190 1894 71 23 pence

678 1927 37 23 per
727 1925 39 17 ton
779 1920 41 22 has
832 1919 58 24 been
901 1924 40 26 put
954 1928 61 22 upon
1025 1928 67 22 every
1105 1920 70 22 vessel
1185 1924 76 18 enter-

679 1953 36 29 ing
735 1952 57 23 Port
811 1952 101 23 Jackson
920 1961 6 19 ;
946 1952 42 23 but
1007 1953 103 29 coasting
1121 1952 83 23 vessels
1219 1952 43 23 will
1272 1947 2 39 j

678 1985 51 28 o;i!y
740 1985 28 22 be
781 1984 105 30 require!
897 1989 22 17 to
931 1992 45 22 p^y
988 1985 37 21 the
1040 1985 53 28 duty
1107 1991 52 15 once
1173 1992 11 14 z
1197 1991 62 21 year.
1272 1987 1 16 :•

677 2029 31 3 —
712 2016 66 23 Ibid.

710 2048 50 23 The
773 2049 99 30 whaling
882 2048 63 24 trade
961 2048 41 24 has
1016 2049 75 27 fallen,
1105 2048 26 23 of
1145 2048 50 28 late,
1214 2053 22 18 to
1249 2056 14 15 a

678 2089 51 23 very
747 2082 43 22 low
811 2082 52 23 ebb.
900 2081 58 24 This
969 2082 42 23 has
1023 2082 93 30 mainly,
1141 2089 30 15 we
1183 2081 28 23 do
1224 2085 39 19 not

677 2114 75 28 doubt,
765 2114 58 24 been
837 2115 82 23 caused
935 2115 32 30 by
986 2115 37 23 the
1043 2114 109 31 difficulty
1171 2114 91 30 experi-

677 2148 67 23 enced
757 2148 29 30 by
800 2156 87 15 owners
899 2148 44 23 and
956 2153 95 18 masters
1061 2148 23 23 of
1095 2147 94 31 whaling
1199 2148 62 30 ships

677 2182 20 21 in
710 2182 124 30 procuring
851 2181 45 23 and
915 2181 138 31 controlling
1075 2189 97 15 seamen.
1210 2180 51 24 The

677 2213 77 24 Water
766 2214 80 23 Police
858 2213 45 25 Bill
916 2214 102 30 recently
1030 2214 94 23 enacted
1141 2214 51 27 will,
1213 2215 17 21 it
1242 2214 20 23 is

678 2252 18 18 to
720 2247 28 23 be
771 2247 81 31 hoped,
878 2255 25 15 so
921 2247 35 23 far
976 2248 55 22 offer
1043 2255 13 15 a
1068 2247 88 30 remedy
1169 2247 35 22 for
1217 2247 45 23 this

676 2285 56 19 state
757 2281 24 22 of
802 2281 85 30 things,
912 2288 24 15 as
958 2280 49 23 that
1020 2281 135 30 shipowners
1171 2288 50 22 may
1233 2280 28 23 be

675 2313 96 24 induced
794 2318 23 19 to
841 2313 67 24 make
931 2321 14 15 a
968 2318 41 18 stir
1028 2313 97 24 towards
1139 2314 98 30 reviving
1249 2321 14 15 a

675 2346 61 24 trade
750 2346 71 24 which
835 2354 45 16 was
888 2346 108 31 formerly
1006 2346 24 23 of
1040 2347 38 22 the
1086 2351 97 26 greatest
1192 2347 69 22 bene-

675 2380 24 23 fit
710 2384 23 19 to
746 2379 38 24 the
798 2379 95 31 Colony,
908 2379 73 23 which
994 2380 135 23 constitutes
1141 2387 26 15 an
1184 2379 77 23 excel-

675 2412 45 24 lent
732 2420 98 23 nursery
840 2413 35 23 for
887 2420 41 16 our
940 2420 101 21 seamen,
1061 2413 44 23 and
1119 2412 68 23 which
1208 2420 53 23 pro-

675 2446 66 23 duces
755 2454 25 15 so
793 2446 103 23 valuable
909 2454 12 15 a
934 2450 78 19 return
1025 2446 33 23 for
1071 2446 37 23 the
1122 2446 79 30 capital
1225 2446 36 22 in-

675 2479 84 23 vested.
762 2492 34 3 —
797 2479 68 24 Ibid.

2066 653 91 24 PORT
2177 653 154 24 PHILLIP.

1938 686 59 24 The
2016 686 110 24 Blacks.
2131 700 31 3 —
2163 687 153 31 Intelligence
2336 688 42 22 has
2395 687 98 24 reached

1907 719 135 23 Melbourne
2062 720 48 23 that
2128 719 38 24 the
2186 720 93 23 Broken
2298 720 72 23 River
2392 721 58 23 tribe
2468 721 27 23 of

1907 752 86 29 blacks,
2017 753 69 23 about
2111 757 37 19 ten
2171 752 56 31 days
2250 761 49 23 ago,
2324 753 107 23 attacked
2453 754 39 23 the

1905 786 83 23 station
1999 786 25 22 of
2041 786 45 23 Mr.
2101 785 99 31 Waugh,
2218 786 98 23 situated
2327 791 23 18 at
2363 787 37 22 the
2411 794 82 15 source

1906 819 23 22 of
1947 818 38 24 the
2003 818 121 24 Goulburn
2143 820 67 27 river,
2229 819 43 23 and
2285 819 57 23 after
2360 819 133 30 murdering

1906 856 42 18 two
1968 852 25 22 of
2007 851 39 23 the
2069 852 124 30 shepherds
2218 852 126 23 succeeded
2364 853 23 22 in
2411 851 82 32 taking

1905 892 62 22 away
1979 884 44 23 and
2042 886 92 29 routing
2156 886 75 26 3,000
2251 885 68 31 sheep
2327 894 6 19 ;
2359 890 43 18 two
2426 885 65 23 other

1905 917 125 31 shepherds
2042 925 58 16 were
2113 917 44 23 still
2170 919 104 29 missing.
2322 917 43 24 We
2377 918 57 23 have
2451 922 42 20 not

1905 950 70 24 heard
1987 950 60 23 what
2059 955 62 27 steps
2134 950 37 23 the
2190 951 156 23 Government
2361 951 42 23 has
2422 951 70 24 taken

1904 983 22 23 in
1938 983 39 23 the
1989 989 81 19 matter
2081 989 23 18 to
2117 983 66 31 bring
2194 983 39 24 the
2240 983 134 24 murderous
2380 983 111 24 wretches

1905 1022 21 18 to
1936 1017 93 31 justice.
2032 1029 32 4 —
2067 1016 120 25 Herald.
2220 1024 5 3 ■

1938 1049 58 24 The
2010 1050 109 24 Blacks.
2123 1063 31 4 —
2156 1049 99 25 Extract
2270 1050 27 24 of
2310 1058 14 16 a
2340 1050 66 24 letter
2425 1049 67 25 dated

1906 1082 83 24 Mount
2011 1083 87 28 Buller,
2123 1083 58 24 20th
2204 1083 67 28 June,
2302 1086 77 21 1840:
2382 1096 32 4 —

1905 1116 44 23 will
1960 1124 30 16 no
2002 1117 70 23 doubt
2090 1116 57 24 have
2166 1116 70 24 heard
2255 1117 25 23 of
2302 1116 39 24 the
2359 1116 91 24 murder
2469 1117 26 23 of

1905 1155 42 17 two
1959 1149 26 24 of
2001 1149 47 24 Mr.
2072 1149 99 31 Waugh'
2174 1157 11 14 s
2210 1157 51 16 men
2284 1150 30 30 by
2339 1149 37 23 the
2399 1149 91 24 blacks.

1905 1182 49 24 The
1967 1190 53 24 poor
2034 1182 84 24 fellows
2130 1182 41 24 left
2182 1191 14 15 a
2208 1183 55 22 rude
2281 1189 48 17 sort
2347 1183 26 22 of
2390 1182 100 31 journal,

1905 1216 71 23 which
1990 1217 18 22 is
2029 1223 48 16 now
2096 1217 22 22 in
2140 1223 38 23 my
2202 1216 138 30 possession,
2365 1215 45 24 and
2432 1215 61 24 from

1903 1249 60 23 what
1975 1250 19 22 is
2004 1249 63 23 there
2079 1248 107 24 recorded
2201 1249 9 23 I
2233 1253 58 19 trust
2309 1249 85 23 certain
2414 1248 25 24 of
2453 1248 40 24 the

1905 1282 121 23 Melbourn
2045 1282 94 23 Editors
2156 1282 47 23 will
2221 1282 27 23 be
2267 1289 61 16 more
2347 1282 102 23 cautious
2468 1281 25 24 in

1903 1317 113 30 asserting
2029 1316 47 22 that
2089 1316 38 22 the
2139 1316 91 22 settlers
2243 1323 37 15 are
2293 1315 37 23 the
2349 1322 141 23 aggressors.

1903 1348 28 23 In
1945 1349 45 22 this
2003 1348 140 31 melancholy
2156 1349 109 27 instance,
2279 1348 37 23 the
2335 1347 80 24 blacks
2434 1355 58 16 were

1903 1382 87 22 treated
2002 1382 88 30 kindly,
2103 1382 43 22 and
2168 1389 13 15 a
2200 1381 69 30 sheep
2288 1381 71 23 killed
2378 1381 36 23 for
2433 1380 59 24 their

1902 1422 41 15 use
1955 1415 72 22 which
2037 1415 54 30 they
2103 1414 90 23 refused
2205 1418 22 19 to
2239 1419 44 24 eat,
2300 1414 42 23 but
2360 1413 95 24 insisted
2467 1418 23 19 to

1903 1448 56 23 have
1972 1448 88 30 powder
2072 1448 45 23 aud
2129 1448 44 23 ball
2185 1448 68 30 given
2266 1448 62 22 them
2336 1456 5 18 ;
2357 1447 61 28 then,
2432 1447 58 23 after

1903 1480 97 32 stealing
2013 1489 13 14 a
2039 1486 66 26 quart
2116 1486 38 26 pot
2166 1481 58 23 from
2237 1480 38 23 the
2287 1480 134 27 watchman,
2435 1480 55 30 they

1903 1514 106 23 returned
2022 1514 43 23 and
2078 1514 69 23 killed
2166 1514 54 23 both
2239 1514 48 23 him
2307 1514 43 23 and
2368 1513 38 23 the
2424 1512 68 32 shep-

1903 1547 62 28 herd,
1980 1547 89 31 driving
2081 1554 61 23 away
2159 1547 70 23 about
2249 1549 48 21 500
2317 1546 69 31 sheep
2406 1554 86 23 among

1903 1580 38 23 the
1963 1581 130 23 mountains
2116 1581 33 22 for
2170 1588 12 15 a
2201 1580 70 28 feast;
2296 1579 44 24 and
2360 1587 24 16 so
2406 1579 85 24 caretul

1904 1621 58 15 were
1985 1613 54 31 they
2062 1615 24 22 in
2110 1613 131 31 concealing
2264 1613 37 23 the
2324 1612 67 24 white
2415 1613 74 23 men's

1903 1647 86 28 bodies,
2002 1648 57 22 after
2072 1647 63 23 three
2147 1646 63 31 days'
2229 1646 79 23 search
2319 1646 66 23 made
2398 1646 29 30 by
2439 1653 51 23 ray-

1904 1680 45 23 self
1965 1680 43 22 and
2020 1679 84 29 others,
2118 1687 31 16 we
2161 1679 58 24 have
2230 1680 58 22 been
2307 1679 83 23 unable
2410 1684 22 18 to
2444 1678 47 24 find

1904 1712 38 25 the
1954 1713 120 23 murdered
2087 1713 96 23 remains
2203 1713 26 23 of
2244 1720 40 15 our
2297 1712 71 23 fellow
2382 1717 109 25 country-

1903 1754 53 16 men
1966 1756 5 18 ;
1986 1746 40 24 but
2037 1754 43 15 one
2093 1746 25 23 of
2133 1746 59 23 their
2208 1745 51 23 hats
2277 1745 73 23 which
2370 1752 33 16 we
2422 1745 69 24 found

1904 1787 54 15 near
1970 1779 38 24 the
2020 1784 50 26 spot
2083 1778 93 25 covered
2189 1779 54 23 with
2259 1778 67 23 blood
2344 1778 44 23 and
2408 1778 83 23 human

1903 1812 50 23 hair
1966 1817 36 18 too
2013 1812 87 32 plainly
2112 1812 51 23 tells
2176 1812 39 23 the
2236 1811 61 23 work
2316 1811 26 24 of
2357 1811 68 23 death
2444 1811 48 23 that

1905 1845 40 23 has
1952 1846 58 23 been
2022 1845 150 31 perpetrated.
2193 1844 50 24 The
2251 1844 41 24 hut
2301 1852 44 15 was
2354 1843 136 29 ransacked,

1904 1878 44 23 and
1960 1886 68 23 every
2048 1879 64 30 thing
2131 1878 124 31 belonging
2274 1883 23 18 to
2315 1879 18 21 it
2352 1877 86 23 carried
2460 1877 34 24 off

1904 1917 81 25 except
1996 1919 28 16 an
2037 1912 49 23 iron
2100 1916 37 26 pot
2149 1911 45 23 and
2206 1911 37 23 the
2256 1911 56 22 wool
2332 1910 48 23 that
2399 1918 45 15 was
2465 1911 24 22 in

1903 1945 39 23 the
1957 1945 147 23 watchman's
2123 1949 114 19 mattress.
2280 1943 58 24 This
2355 1943 55 23 took
2429 1943 63 31 place

1904 1978 67 21 abont
1990 1978 38 21 the
2048 1978 61 22 22nd
2134 1978 25 22 of
2187 1977 64 30 May,
2276 1977 44 22 and
2344 1977 64 22 these
2424 1984 99 19 ,sam£_^_

1927 2017 56 23 poor
2005 2010 81 23 blacks
2130 2010 59 22 have
2206 2009 85 23 robbed
2310 2008 48 24 Mr.
2380 2009 113 30 Waugh's

1903 2042 58 23 head
1973 2043 82 22 station
2076 2043 62 22 twice
2156 2043 63 22 since
2239 2042 49 23 that
2306 2042 58 28 date,
2387 2043 106 31 carrying

1903 2083 63 22 away
1978 2083 67 23 every
2057 2076 66 30 thing
2133 2075 103 31 portable
2255 2075 42 23 and
2317 2075 83 23 useful.
2443 2075 48 25 Mr.

1904 2109 90 31 Waugh
2008 2109 40 23 has
2060 2109 45 23 lost
2117 2109 29 31 by
2159 2108 64 24 these
2240 2116 94 22 savages
2354 2108 57 24 little
2431 2109 62 23 short

1903 2142 26 23 of
1943 2143 96 27 £1200,
2053 2149 30 16 no
2095 2142 179 23 inconsiderable
2286 2150 49 15 sum
2349 2146 22 19 to
2383 2149 14 15 a
2415 2142 78 23 settler

1903 2176 22 23 in
1939 2175 63 24 these
2015 2176 73 28 times,
2102 2180 38 19 not
2151 2180 23 19 to
2187 2175 101 23 mention
2307 2175 37 23 the
2363 2175 130 23 difficulties

1903 2209 28 23 he
1943 2209 45 23 will
2001 2210 131 30 experience
2145 2210 23 22 in
2188 2209 88 30 getting
2294 2215 53 17 men
2366 2213 23 18 to
2406 2215 87 23 engage

1903 2243 22 22 in
1939 2243 36 22 his
1986 2244 86 21 service
2083 2243 34 22 for
2130 2243 35 22 his
2186 2249 47 15 new
2257 2243 92 26 station,
2373 2240 75 24 which
2472 2242 20 22 is

1902 2276 99 23 situated
2015 2284 28 15 on
2055 2283 43 16 one
2110 2276 24 22 of
2150 2274 39 24 the
2200 2274 110 24 branches
2324 2274 26 23 of
2365 2274 38 23 the
2417 2274 74 23 Goul-

1902 2309 59 23 burn
1974 2309 66 28 river,
2063 2316 55 16 near
2140 2308 38 23 the
2203 2307 84 24 Mount
2311 2307 80 23 Buller
2411 2307 26 23 of
2453 2307 38 23 Sir

1903 2342 30 23 T.
1959 2342 28 23 L.
2013 2342 111 23 Mitchell.
2162 2341 12 24 I
2187 2340 56 24 have
2257 2340 149 31 experienced
2422 2340 69 23 much

1903 2375 111 31 difficulty
2027 2376 22 22 in
2061 2375 99 30 keeping
2172 2382 41 15 our
2225 2381 52 15 men
2286 2383 6 18 ;
2307 2373 52 30 they
2373 2380 44 16 run
2429 2380 63 24 away

1902 2408 66 23 when
1980 2416 14 15 a
2005 2408 67 23 black
2086 2408 77 23 makes
2183 2407 35 23 his
2236 2413 153 24 appearance;
2415 2406 43 23 and
2479 2406 12 23 £

1902 2441 45 24 had
1960 2446 21 18 to
1994 2441 102 23 abandon
2110 2441 62 23 three
2190 2439 70 31 sheep
2280 2440 96 22 stations
2396 2447 28 15 on
2441 2439 51 24 that

1902 2479 106 23 account,
2021 2474 44 24 and
2078 2474 103 23 crowded
2198 2472 38 24 the
2257 2472 68 32 sheep
2345 2472 104 30 together
2468 2472 24 24 in

1902 2515 45 23 any
1959 2516 48 23 way
2020 2512 21 18 to
2055 2511 93 27 prevent
2160 2507 38 22 the
2210 2506 125 31 shepherds
2347 2506 90 29 leaving
2453 2505 40 24 the

1902 2542 86 22 service
2001 2540 132 31 altogether.
2172 2539 51 23 The
2234 2546 96 22 savages
2342 2538 66 23 made
2427 2539 66 23 three

1902 2578 104 27 separate
2029 2573 88 23 attacks
2140 2580 63 23 upon
2229 2572 90 31 myself,
2348 2572 42 22 but
2416 2572 9 22 I
2457 2579 36 15 am

1902 2606 75 32 happy
2003 2612 21 18 to
2053 2614 41 23 say
2123 2606 95 29 nothing
2248 2605 87 23 serious
2363 2604 128 32 happened.

1903 2640 87 31 Money
2008 2640 72 23 would
2100 2644 37 18 not
2155 2639 47 30 buy
2220 2646 37 15 me
2275 2639 100 21 services
2396 2638 33 22 for
2446 2638 46 23 this

1902 2674 92 25 station,
2007 2673 43 23 and
2065 2672 11 23 I
2088 2672 42 23 will
2143 2671 104 24 abandon
2266 2671 18 22 it
2302 2671 124 28 forthwith,
2447 2671 45 23 and

1902 2706 45 22 will
1956 2706 36 23 tell
1999 2714 42 22 you
2051 2706 39 22 the
2098 2709 45 19 rest
2152 2705 26 22 of
2182 2704 37 23 the
2225 2711 60 16 news
2294 2704 63 23 when
2367 2711 32 16 we

1937 2739 186 23 Government
2138 2737 107 24 Notice.
2248 2749 31 4 —
2281 2736 38 24 To
2339 2736 152 25 Mariners.

1901 2784 34 4 —
1936 2772 68 23 After
2023 2771 39 23 the
2084 2773 35 21 Ist
2137 2770 24 23 of
2184 2770 100 30 August,
2307 2772 71 26 1840,
2398 2778 15 15 a
2429 2770 62 31 plain

1902 2806 125 29 stationary
2039 2804 58 30 light
2109 2803 44 23 will
2165 2803 29 23 be
2206 2803 76 23 shewn
2295 2803 57 23 from
2370 2807 81 19 sunset
2469 2808 23 18 to

1902 2839 90 21 sunrise
2004 2838 56 22 from
2074 2845 14 15 a
2104 2836 130 31 lighthouse
2253 2835 90 24 erected
2360 2843 31 16 on
2402 2836 37 23 the
2451 2843 42 16 ex-

1902 2872 91 29 tremity
2003 2871 24 23 of
2033 2869 153 25 Gellibrand's
2196 2869 76 28 Point,
2278 2868 125 24 William's
2411 2868 80 30 Town,

1903 2904 119 23 Hobson's
2041 2904 57 30 Bay,
2117 2902 82 23 visible
2217 2903 43 22 five
2278 2902 93 30 leagues
2391 2902 23 23 in
2432 2902 61 23 clear

1902 2937 98 23 weather
2012 2937 57 23 from
2082 2944 42 22 any
2137 2936 47 22 safe
2197 2936 98 30 position
2314 2940 21 18 to
2355 2935 38 23 the
2412 2935 79 23 south-

1901 2970 68 23 ward.
2006 2970 40 23 All
2063 2974 97 19 masters
2180 2968 25 23 of
2228 2968 85 23 vessels
2332 2968 104 30 entering
2454 2967 39 25 the

1902 3008 50 26 port
1965 3011 37 15 are
2013 3002 120 31 requested
2140 3007 23 17 to
2172 3003 74 21 notice
2253 3001 37 23 the
2298 3001 116 30 following
2422 3001 71 23 bear-

1900 3037 53 29 ings
1971 3036 31 30 by
2022 3043 101 23 compass
2133 3043 5 15 :
2140 3047 35 4 —
2176 3034 69 23 From
2262 3034 38 23 the
2313 3034 32 23 N.
2357 3034 46 23 end
2414 3034 25 23 of
2453 3034 40 23 the

1902 3069 106 23 Western
2020 3067 103 25 Channel
2143 3067 38 23 the
2196 3067 126 30 anchorage
2334 3072 23 18 at
2369 3066 124 24 Wdliam's

1902 3102 71 23 Town
1985 3102 66 23 bears
2063 3101 32 23 N.
2111 3102 42 21 14°
2166 3100 31 23 E.
2234 3100 70 23 From
2317 3099 37 24 the
2369 3099 32 24 N.
2415 3099 44 24 end
2470 3100 25 23 of

1902 3135 26 23 of
1943 3134 120 31 Symonds'
2079 3133 111 27 Channel,
2208 3133 38 23 the
2258 3133 128 30 anchorage
2397 3137 23 19 at
2432 3133 61 23 Wil-

1900 3168 75 23 liam's
1989 3168 72 23 Town
2079 3167 66 23 bears
2161 3166 31 23 N.
2206 3168 27 22 6°
2247 3165 29 25 E.
2314 3166 70 23 From
2404 3166 37 23 the
2460 3166 32 24 N.

1901 3201 46 23 end
1958 3200 26 24 of
1998 3201 38 23 the
2053 3200 101 23 Pinnace
2175 3198 112 30 Channel,
2308 3199 37 23 the
2364 3199 129 30 anchorage

1901 3238 24 19 at
1943 3233 122 24 William's
2085 3232 70 23 Town
2176 3232 65 23 bears
2262 3228 29 27 tt.
2310 3235 27 20 5°
2354 3231 31 24 E.
2422 3231 71 24 From

1901 3268 39 22 the
1952 3266 31 24 N.
1998 3266 41 24 end
2053 3266 25 22 of
2093 3266 37 22 the
2141 3265 75 23 South
2224 3265 112 23 Channel*
2345 3265 39 23 the
2396 3265 96 23 anchor-

1901 3308 42 22 age
1956 3304 22 18 at
1990 3299 122 22 William's
2124 3298 74 23 Town
2210 3299 66 22 bears
2292 3299 28 22 N.
2330 3299 27 22 6°
2366 3297 38 24 W.
2441 3297 52 24 The

1901 3340 92 16 courses
2006 3331 111 24 indicated
2130 3331 45 24 will
2186 3332 52 30 give
2251 3331 84 24 vessels
2350 3339 13 15 a
2372 3330 44 24 fair
2427 3330 66 24 berth

1900 3365 59 23 from
1971 3365 39 23 the
2022 3364 64 24 shoal
2099 3364 32 24 off
2147 3364 155 24 Gellibrand's
2319 3363 77 24 Point.
2434 3363 59 23 Care

1900 3403 63 18 must
1972 3398 29 23 be
2013 3397 71 24 taken
2103 3398 57 23 after
2178 3398 109 30 bringing
2307 3396 37 23 the
2362 3395 130 33 lighthouse

1901 3436 22 18 to
1936 3431 53 23 bear
2002 3431 31 23 N.
2050 3432 45 23 67°
2114 3431 39 24 30'
2174 3430 38 24 W.
2232 3430 31 31 by
2281 3436 112 23 compass,
2412 3434 39 18 not
2469 3435 23 17 to

1900 3464 67 23 stand
1978 3464 49 22 into
2039 3464 46 23 less
2097 3463 53 24 than
2164 3464 51 22 four
2227 3462 85 24 fathom
2324 3466 68 19 water
2406 3469 28 15 on
2454 3461 38 23 the

1900 3502 96 18 western
2015 3496 75 29 shore,
2109 3495 42 24 and
2172 3496 47 23 also
2239 3500 22 18 to
2281 3495 73 30 guard
2372 3494 89 30 against
2479 3502 14 15 a

1899 3530 64 23 bank
1974 3529 74 23 which
2059 3529 43 23 lies
2114 3529 33 24 off
2163 3529 37 23 the
2213 3534 88 17 eastern
2309 3527 78 28 beach,
2397 3527 94 31 bearing

1900 3563 59 23 from
1970 3562 38 23 the
2020 3562 129 31 lighthouse
2161 3562 59 22 from
2233 3561 69 23 about
2319 3560 30 22 N.
2364 3561 44 21 22°
2421 3558 30 24 E.
2465 3563 25 19 to

1901 3595 31 23 N.
1953 3596 45 24 67°
2018 3595 29 24 E.
2072 3593 29 33 1|
2120 3595 62 22 mile.
2225 3593 68 24 After
2316 3592 114 30 rounding
2451 3591 39 25 the

1900 3628 65 31 light,
1979 3628 44 23 and
2035 3628 107 30 bringing
2153 3628 18 22 it
2182 3627 54 22 bear
2248 3626 69 23 about
2329 3624 25 23 S.
2417 3624 39 23 W.
2467 3627 23 26 1,

1900 3661 38 22 the
1956 3661 84 23 anchor
2058 3668 52 22 may
2128 3660 29 22 be
2178 3658 99 31 dropped
2295 3659 23 21 in
2336 3657 49 23 fouT
2404 3657 87 24 fathom

1900 3699 67 18 water
1987 3694 23 22 in
2028 3693 60 30 good
2106 3692 95 30 holding
2218 3690 89 32 ground
2325 3689 25 24 of
2372 3689 51 24 stiff
2437 3690 51 28 clay

1900 3726 44 23 and
1956 3726 62 23 mud.

2034 3756 111 32 (Signed)
2216 3756 28 23 C.
2258 3755 36 26 M,.
2309 3755 95 29 Lewis,

2238 3788 107 24 Harbour
2359 3788 98 23 Master.

1935 3823 62 24 N.B.
2001 3835 31 4 —
2034 3823 50 23 The
2098 3821 72 24 South
2182 3821 103 23 Channel
2298 3821 19 22 is
2329 3820 158 30 unnavigable,

1900 3858 29 22 its
1942 3857 66 22 north
2020 3856 44 22 end
2077 3856 67 29 being
2158 3853 60 24 filled
2237 3861 38 24 up,
2294 3853 86 30 having
2396 3854 41 22 but
2456 3852 32 34 2|

1900 3889 99 24 fathoms
2010 3889 25 23 of
2050 3893 67 19 water
2129 3892 25 19 at
2165 3886 126 29 half-flood,
2307 3886 44 24 and
2363 3885 125 31 extremely

1900 3929 96 16 narrcnv.
2457 3931 1 6 '
2476 3927 2 5 '

1393 1046 73 23 VAN
1484 1047 167 22 DIEMAN'S
1672 1046 100 23 LAND.

1320 1080 45 24 We
1376 1081 58 22 have
1448 1081 100 22 received
1561 1080 144 23 Launceston
1720 1080 46 22 and
1785 1079 92 23 Hobart

1290 1113 71 24 Town
1373 1121 82 24 papers
1468 1118 23 18 to
1511 1113 37 23 the
1569 1113 42 23 Bth
1630 1113 25 23 of
1671 1112 141 31 September,
1832 1112 45 23 and

1289 1147 90 31 subjoin
1390 1156 14 13 a
1416 1147 42 22 few
1471 1151 109 18 extracts.

1321 1187 40 24 On
1380 1187 85 30 Friday
1476 1187 45 23 last
1533 1195 13 14 a
1558 1186 64 31 large
1635 1187 101 30 quantity
1757 1186 25 23 of
1797 1187 79 30 spirits

1288 1220 43 24 and
1350 1221 92 23 tobacco
1467 1227 45 16 was
1536 1219 122 30 destroyed
1681 1224 19 19 at
1724 1220 38 23 the
1786 1219 90 24 bonded

1289 1254 137 27 warehouse,
1439 1258 39 18 not
1490 1253 85 30 having
1586 1252 98 24 realised
1694 1260 11 15 a
1717 1253 61 30 price
1796 1257 24 19 at
1838 1253 38 22 the

1288 1287 43 23 late
1345 1287 45 23 sale
1404 1286 114 23 sufficient
1536 1291 23 18 to
1573 1294 66 15 cover
1651 1286 37 23 the
1699 1286 54 30 duty
1773 1285 45 24 and
1836 1286 39 23 the

1289 1325 57 18 rent.
1393 1319 74 31 Many
1486 1319 24 23 of
1533 1319 37 23 the
1588 1319 90 23 articles
1689 1318 43 24 had
1745 1319 55 23 been
1813 1326 62 16 some

1288 1361 65 23 years
1366 1354 22 22 in
1400 1352 68 28 bond,
1486 1352 45 23 and
1550 1352 38 23 the
1607 1357 48 18 rent
1674 1351 40 24 due
1734 1359 59 24 upon
1814 1352 61 23 them

1290 1394 42 16 was
1345 1391 89 27 greater
1448 1385 53 23 than
1514 1385 36 23 the
1563 1385 66 23 value
1642 1385 24 22 of
1675 1385 34 23 the
1721 1385 71 30 goods
1801 1384 74 24 them-

1289 1420 80 23 selves.
1406 1418 51 24 The
1469 1418 53 30 only
1535 1418 132 23 alternative
1679 1418 21 23 in
1717 1418 55 23 such
1792 1426 14 15 a
1825 1425 50 16 case

1289 1453 25 28 is,
1328 1458 22 18 to
1364 1453 91 30 destroy
1463 1451 37 23 the
1508 1456 106 25 property
1623 1460 6 18 ;
1644 1451 101 27 because,
1758 1451 30 30 by
1796 1450 78 24 allow-

1275 1505 2 6 ,
1288 1486 39 31 iug
1338 1486 19 23 it
1369 1490 22 19 to
1405 1486 27 22 be
1445 1484 50 23 sold
1512 1484 35 23 for
1566 1484 59 24 le.ss^
1632 1485 52 22 than
1702 1484 38 23 the
1761 1483 62 31 duty,
1844 1491 28 16 an

1288 1519 76 31 injury
1376 1519 73 23 would
1461 1519 28 22 be
1501 1517 101 23 inflictel
1610 1524 29 16 on
1648 1517 36 23 the
1692 1517 129 28 merchant;
1837 1517 38 23 the

1289 1552 157 24 Governmaut
1458 1550 64 24 could
1536 1556 40 17 not
1588 1550 100 23 sacrifice
1698 1550 39 23 the
1749 1554 52 19 rent
1809 1550 66 23 with-

1289 1591 37 18 out
1340 1594 27 15 an
1378 1585 75 31 injury
1466 1589 22 18 to
1501 1583 37 23 the
1551 1591 105 19 revenue,
1677 1583 40 23 and
1737 1589 139 24 consequent

1275 1637 2 7 ,
1288 1619 106 31 injustice
1414 1622 23 19 to
1456 1618 39 23 the
1514 1617 85 31 public.
1646 1617 39 22 All
1703 1616 37 23 the
1759 1622 115 25 property,

1289 1652 119 27 therefore,
1434 1651 71 23 which
1528 1658 46 15 was
1603 1649 119 23 submitted
1745 1655 22 17 to
1799 1650 77 30 public

1289 1686 98 26 auction,
1401 1684 45 23 and
1458 1684 38 23 did
1514 1688 38 18 not
1569 1683 68 23 reach
1658 1691 13 14 a
1688 1683 59 29 price
1768 1683 67 30 equal
1853 1686 23 19 to

1288 1718 38 24 the
1343 1719 57 29 luty,
1415 1724 44 16 was
1472 1716 123 24 consumed
1607 1724 29 14 on
1651 1715 80 30 Friday
1739 1715 51 23 last.
1822 1715 53 23 The

1289 1752 65 23 value
1366 1751 24 22 of
1407 1751 37 23 the
1457 1751 76 30 spirits
1546 1756 45 16 was
1606 1756 52 22 vety
1679 1749 161 23 considerable.
1842 1761 35 4 —

1289 1784 174 24 Launceston
1478 1784 177 22 Advertiser.

1331 1818 58 23 The
1412 1817 151 23 Chartists.
1565 1828 35 4 —
1602 1815 74 28 Frost,
1691 1814 123 28 Williams,
1834 1815 44 23 and

1289 1851 77 28 Jones,
1387 1850 38 23 the
1444 1850 63 22 three
1526 1848 114 24 Chartists
1660 1848 46 23 who
1726 1848 89 23 arrived
1836 1855 41 24 per

1488 1889 36 16 are
1532 1886 23 19 at
1564 1882 58 23 Port
1630 1881 89 23 Authur
1726 1890 6 19 ;
1747 1880 37 24 the
1793 1881 84 23 former

1289 1918 19 22 is
1321 1916 120 31 employed
1452 1923 24 15 as
1489 1915 38 23 the
1539 1914 63 23 clerk
1615 1915 23 22 in
1649 1914 36 23 the
1696 1914 181 23 commandant's

1275 1947 2 23 i
1291 1951 78 27 office,,
1376 1949 39 23 the
1427 1954 43 17 two
1482 1949 65 22 latter
1561 1956 24 14 as
1599 1954 113 16 overseers
1724 1948 24 22 in
1767 1947 38 23 the
1826 1947 51 23 coal

1273 1987 7 16 >
1287 1989 49 16 55«r
1407 1982 44 18 ***<*
1474 1989 10 9 o
1487 1982 30 19 ii'
1517 1988 11 8 M
1529 1987 26 15 ?r*
1555 1989 6 6 >
1562 1981 23 28 ly
1607 1980 59 28 Hopp
1686 1979 37 21 the
1747 1978 99 23 Kxec>Ui
1849 1987 14 9 w
1865 1988 11 11 *»

1290 2013 44 22 will
1348 2012 100 31 speedily
1460 2011 130 23 ameliorate
1603 2011 37 22 the
1653 2011 111 23 condition
1778 2011 26 23 of
1812 2011 65 23 these

1290 2045 145 24 unfortunate
1448 2052 52 15 men
1507 2053 5 19 ;
1526 2043 122 31 especially
1660 2051 22 15 as
1701 2043 63 23 Lord
1785 2044 91 30 Broug-

1290 2078 51 24 ham
1355 2086 60 23 says,
1453 2077 57 23 their
1521 2077 71 30 being
1602 2076 86 31 subject
1695 2081 23 18 to
1727 2076 149 31 punishment

1291 2112 19 22 is
1426 2123 34 5 —
1462 2110 9 22 1
1479 2118 49 15 bid.

1325 2145 24 23 It
1359 2145 20 23 is
1392 2144 124 31 gratifying
1528 2147 22 20 to
1570 2144 93 23 observe
1681 2142 36 25 the
1736 2144 97 23 number
1853 2144 26 23 of

1290 2178 115 30 buildings
1415 2185 48 16 now
1472 2179 22 22 in
1502 2185 106 23 progress
1616 2178 23 21 in
1649 2177 41 22 this
1700 2182 59 18 town
1766 2186 6 19 ;
1786 2177 90 24 besides

1291 2211 80 29 which,
1391 2218 32 16 we
1442 2211 54 23 hear
1515 2210 50 23 that
1588 2210 92 28 several,
1699 2218 61 23 upon
1783 2218 14 15 a
1820 2218 56 23 very

1289 2244 61 30 large
1363 2244 67 27 scale,
1444 2252 37 15 are
1492 2243 152 24 commenced.
1685 2243 48 23 Mr.
1748 2243 94 24 Suisted
1855 2245 21 22 is

1291 2278 68 22 about
1381 2278 107 31 erecting,
1498 2285 14 14 a
1530 2276 151 24 commodious
1697 2276 69 28 hotel,
1787 2281 24 18 at
1834 2276 41 24 the

1291 2311 83 28 wharf;
1388 2311 96 22 another
1497 2309 59 24 hotel
1569 2311 20 22 is
1608 2311 23 21 in
1651 2310 181 30 contemplation,
1853 2314 23 19 to

1274 2344 42 34 jbe
1335 2344 59 23 built
1411 2344 31 30 by
1460 2352 14 15 a
1491 2351 110 23 company
1621 2342 25 23 of
1667 2342 156 24 shareholders
1832 2352 5 18 ;
1863 2351 13 15 a

1290 2384 52 23 very
1354 2377 63 30 large
1429 2377 110 30 building,
1553 2377 47 22 also
1613 2375 104 24 intended
1729 2377 33 22 for
1783 2384 28 15 an
1827 2377 47 28 inn,

1289 2410 19 22 is
1321 2411 22 22 in
1355 2418 80 15 course
1448 2410 26 23 of
1489 2415 99 17 erection
1600 2410 23 22 in
1637 2408 188 24 William-street.
1848 2409 27 23 In

1289 2443 99 24 addition
1401 2448 22 18 to
1437 2443 62 23 these
1512 2450 45 19 are,
1578 2441 38 25 the
1637 2442 89 30 Baptist
1747 2442 86 30 Chapel
1852 2443 23 23 in

1289 2476 157 28 York-street,
1466 2475 180 31 the.Wesieyan
1665 2474 99 24 Mission
1785 2474 89 29 House,

1289 2509 98 24 Messrs.
1404 2509 78 31 Henty
1502 2509 45 23 and
1566 2509 64 23 Co.'s
1643 2513 78 24 stores,
1741 2507 37 24 the
1799 2507 75 32 Royal

1289 2542 126 30 Exchange
1432 2543 99 23 Auction
1547 2542 69 26 Mart,
1631 2541 44 24 Mr.
1689 2541 70 24 Cox's
1773 2546 60 19 store
1852 2543 23 22 in

1289 2575 232 31 Wellington-street,
1535 2575 29 23 all
1578 2575 25 23 of
1619 2574 69 23 which
1702 2574 116 31 buildings
1837 2582 39 16 are

1289 2608 24 23 of
1322 2608 155 24 considerable
1485 2613 86 23 extent,
1583 2607 88 24 besides
1678 2606 105 32 dwelling
1792 2607 82 24 houses

1367 2650 122 16 numerous
1505 2646 23 19 to
1701 2640 28 23 In
1749 2641 46 22 this
1807 2648 65 16 man-

1289 2683 39 14 ner
1346 2676 88 30 private
1453 2674 127 32 enterprize
1602 2674 73 23 works
1699 2674 29 23 its
1751 2681 58 23 way,
1829 2674 45 23 and

1289 2707 146 25 Launceston
1439 2721 30 4 —
1469 2716 55 23 poor
1552 2707 116 30 neglected
1695 2706 146 24 Launceston
1845 2720 32 3 —

1288 2741 128 29 flourishes,
1428 2740 98 24 unaided
1536 2740 32 31 by
1582 2739 152 24 Government
1747 2740 125 23 assistance

1288 2774 43 22 and
1343 2774 72 31 solely
1427 2775 57 23 from
1496 2773 37 24 the
1543 2773 102 23 exertion
1654 2772 21 24 of
1684 2773 30 23 its
1723 2772 150 24 inhabitants.

1288 2819 34 4 —
1323 2807 67 24 Ibid.

1322 2841 103 23 Clerks
1438 2848 28 16 in
1479 2841 97 23 Public
1590 2840 103 23 Office.
1696 2851 33 4 —
1731 2838 47 24 His
1787 2838 87 24 Excel-

1288 2873 65 31 lency
1364 2874 24 23 in
1400 2874 36 23 his
1447 2875 86 22 minute
1546 2881 29 15 on
1588 2873 37 22 the
1638 2873 119 27 estimates,
1771 2871 74 24 stated
1853 2876 22 19 to

1288 2906 36 23 the
1338 2907 104 28 Council,
1454 2907 49 23 that
1515 2907 39 23 the
1566 2906 113 23 increased
1690 2904 149 31 expenditure
1851 2905 26 22 of

1288 2940 89 23 various
1390 2940 162 31 departments,
1565 2939 74 23 would
1651 2939 24 22 be
1687 2938 83 23 caused
1789 2938 29 30 by
1837 2937 38 24 the

1288 2974 143 29 progressive
1454 2974 101 22 increase
1573 2973 23 21 in
1620 2972 38 22 the
1677 2971 93 23 salaries
1790 2970 25 23 of
1837 2970 39 24 the

1288 3005 91 24 Clerks.
1416 3005 44 23 We
1472 3005 79 29 highly
1566 3012 97 23 approve
1679 3003 25 24 of
1726 3003 54 28 this,
1801 3003 73 23 which

1288 3046 45 15 was
1354 3038 80 24 indeed
1453 3046 14 15 a
1485 3038 134 29 suggestion
1637 3036 24 23 of
1681 3043 41 16 our
1743 3043 50 16 own
1812 3043 62 16 some

1288 3072 53 23 time
1357 3071 68 23 back.
1430 3083 33 4 —
1465 3071 110 23 Hobart
1587 3069 80 23 Town
1678 3069 177 23 Advertiser.

1321 3104 209 24 Pawnbrokers.
1533 3115 35 4 —
1569 3102 51 23 The
1640 3109 45 16 new
1710 3101 46 24 Act
1775 3102 99 30 imposes

1287 3144 62 17 some
1371 3145 56 22 very
1446 3136 101 30 salutary
1571 3135 138 23 restrictions
1731 3142 61 23 upon
1812 3135 62 23 these
1881 3126 2 22 '

1286 3175 89 26 gentry,
1394 3177 62 16 some
1476 3169 25 24 of
1523 3168 73 24 whom
1616 3175 37 16 are
1670 3172 39 19 not
1726 3168 68 23 much
1813 3175 61 16 more

1287 3202 80 24 honest
1380 3203 54 23 than
1449 3202 59 24 their
1526 3201 145 32 neighbours.
1708 3200 23 25 A
1748 3201 85 23 license
1852 3201 25 23 of

1286 3237 55 23 £20
1353 3236 23 23 in
1398 3236 90 23 Hobart
1507 3235 74 23 Town
1598 3234 44 23 and
1660 3234 153 28 Launceston,
1830 3234 44 23 and
1881 3238 2 34 j

1286 3269 36 23 £5
1336 3269 23 23 in
1371 3269 39 23 the
1428 3269 101 28 interior,
1548 3267 46 23 will
1613 3268 86 29 require
1717 3270 23 20 to
1757 3266 30 24 be
1805 3266 69 24 taken
1881 3276 2 13 i

1286 3306 40 19 out
1332 3310 5 15 :
1357 3302 45 23 and
1414 3302 45 23 this
1472 3309 41 15 can
1524 3301 55 30 only
1588 3300 30 23 be
1637 3300 101 23 obtained
1757 3299 30 30 by
1807 3299 67 23 certi-

1286 3334 66 24 ficate
1362 3334 26 23 of
1404 3334 37 24 the
1453 3334 82 24 bench.
1572 3333 50 23 The
1631 3340 62 16 name
1707 3332 24 23 of
1745 3332 40 23 the
1792 3339 80 23 pawn-

1286 3367 83 23 broker
1388 3368 20 22 is
1428 3367 47 24 also
1495 3365 104 32 required
1619 3370 22 18 to
1660 3365 26 23 be
1706 3368 40 28 put
1766 3372 53 16 over
1837 3365 37 23 his

1286 3400 62 28 door,
1361 3400 45 23 and
1417 3400 39 23 the
1475 3400 70 22 hours
1566 3398 26 24 of
1614 3398 77 30 taking
1709 3397 102 31 pledges,
1833 3405 40 16 are

1286 3433 126 23 restricted.
1449 3433 51 22 The
1511 3432 48 23 Act
1571 3431 44 23 will
1628 3438 60 16 come
1696 3431 46 23 into
1752 3431 121 30 operation

1286 3473 29 16 on
1328 3466 38 23 the
1383 3468 35 21 Ist
1429 3465 139 24 November.
1572 3477 30 3 —
1606 3464 63 23 Ibid.

1333 3498 90 24 Fence
1448 3499 140 22 Stealing.
1590 3509 35 4 —
1625 3497 23 23 A
1665 3497 97 30 practice
1782 3496 19 22 is
1820 3503 53 23 very

1286 3530 116 32 prevalent
1421 3532 23 22 in
1463 3531 37 22 the
1519 3530 112 23 outskirts
1650 3529 22 23 of
1695 3529 38 24 the
1756 3533 68 24 town,
1851 3529 25 22 of

1287 3563 97 31 stealing
1396 3563 75 24 fences
1480 3572 6 19 ;
1500 3563 45 23 and
1557 3571 14 15 a
1581 3567 61 19 most
1658 3563 110 30 injurious
1787 3561 86 23 offence

1288 3598 17 21 it
1315 3597 28 22 is.
1380 3596 33 23 At
1426 3596 37 23 the
1475 3596 157 23 Police-office
1645 3595 34 22 the
1691 3595 65 22 other
1767 3595 52 29 day,
1829 3598 43 19 two

1286 3628 102 24 children
1399 3628 126 28 confessed,
1540 3628 54 30 they
1613 3628 54 24 had.
1672 3628 58 22 been
1747 3626 125 24 instructed

1288 3653 100 38 by'Ufteit
1405 3661 101 23 mothers
1524 3665 24 18 to
1568 3661 56 22 steal
1642 3664 47 26 part
1709 3660 25 22 of
1755 3659 38 23 the
1812 3659 59 24 Rev.

1288 3694 46 23 Mr.
1349 3692 89 24 Lillie's
1451 3694 76 27 fence;
1542 3693 41 23 but
1593 3693 37 22 the
1643 3692 97 24 mothers
1758 3692 115 31 declaring

1287 3727 49 24 that
1352 3725 54 31 they
1425 3726 83 30 merely
1528 3725 90 24 desired
1641 3725 33 23 the
1706 3724 56 31 boys
1786 3729 23 18 to
1832 3729 39 26 get

1383 3758 64 24 wood
1482 3763 38 18 out
1533 3758 25 23 of
1574 3757 37 24 the
1623 3756 108 32 paddock,
1745 3757 54 29 they
1811 3764 60 16 were

1288 3790 135 31 discharged
1433 3791 55 23 with
1499 3798 13 16 a
1524 3790 57 28 hint,
1595 3790 51 23 that
1655 3791 22 22 in
1688 3790 76 23 future
1778 3797 63 15 cases
1851 3789 24 24 of

1286 3824 39 24 the
1333 3823 57 24 kind
1396 3824 74 23 would
1476 3824 28 22 be
1512 3823 129 29 differently
1648 3822 104 31 disposed
1759 3823 31 22 of.
1822 3822 50 23 The

1288 3857 100 25 Quarter
1408 3856 105 23 Sessions
1524 3855 75 23 would
1616 3856 48 30 give
1684 3857 14 23 7
1710 3855 73 30 years'
1797 3859 75 19 trans-

1284 3889 117 36 portation
1413 3888 36 24 for
1461 3889 37 22 the
1510 3887 96 24 offence.
1609 3901 33 4 —
1644 3888 65 23 Ibid.

1275 3941 3 10 ,
1289 3926 9 22 \
1322 3922 59 24 The
1401 3920 76 24 Main
1496 3920 86 24 Road.
1587 3933 32 5 —
1621 3920 46 24 The
1682 3920 88 31 Colony
1782 3920 19 23 is
1813 3920 61 30 forfy

792 2544 118 23 SOUTH
929 2544 212 23 AUSTRALIA.

706 2578 58 23 The
786 2578 63 23 New
876 2577 140 24 Hospital.
1021 2590 31 4 —
1054 2577 37 23 On
1117 2576 143 30 Wednesday

674 2610 50 29 last,
738 2612 38 22 the
790 2611 130 23 foundation
933 2617 66 17 stone
1012 2612 25 22 of
1053 2610 45 24 this
1105 2610 102 30 building
1216 2617 45 15 was

674 2644 44 23 laid
730 2645 30 31 by
776 2645 45 22 His
836 2645 138 29 Excellency
988 2643 51 24 Col.
1060 2643 96 28 Gawler,
1176 2651 30 15 on
1223 2643 38 23 the

674 2678 41 22 site
727 2678 122 31 originally
861 2677 96 24 marked
969 2682 38 18 out
1019 2677 30 30 by
1061 2676 38 24 the
1111 2676 41 24 late
1167 2676 94 24 Colonel

676 2710 77 31 Light,
773 2716 24 17 at
815 2711 38 23 the
874 2711 66 22 north
960 2715 49 18 east
1027 2710 42 23 end
1089 2710 26 22 of
1136 2709 35 24 the
1192 2715 67 18 town.

675 2744 49 23 The
736 2744 97 23 number
845 2744 48 23 who
908 2750 45 17 met
965 2749 23 18 to
998 2744 91 23 witness
1097 2742 38 24 the
1143 2750 118 23 ceremony

675 2785 43 15 was
731 2782 40 19 not
783 2777 71 31 large,
867 2778 74 30 owing
953 2782 24 18 to
990 2778 29 22 its
1032 2777 108 27 distance,
1159 2775 45 24 and
1223 2775 38 24 the

675 2810 113 24 unsettled
800 2815 58 19 state
870 2810 25 23 of
910 2810 38 23 the
961 2810 106 23 weather.
1094 2810 91 30 Among
1197 2809 64 23 those

673 2848 98 26 present,
785 2850 33 17 we
831 2843 108 24 observed
952 2843 38 23 (he
1008 2848 4 16 >
1020 2843 47 22 lon.
1083 2842 94 31 Captain
1187 2842 73 28 Sturt,

673 2876 119 23 Assistant
806 2876 185 28 Commissioner,
1006 2875 91 31 George
1114 2876 4 21 1
1126 2876 5 21 1
1136 2874 34 29 all,
1192 2874 68 32 Esq.,

674 2909 86 30 Acting
769 2909 103 23 Colonial
881 2909 128 30 Secretary,
1020 2907 76 31 Major
1105 2907 154 30 O'Halloran,

676 2942 177 23 Commissioner
865 2941 25 24 of
908 2942 84 28 Police,
1004 2940 39 25 the
1056 2940 117 25 Reverend
1188 2940 27 25 C.
1230 2941 29 24 B.

677 2975 106 28 Howard,
799 2974 102 24 Colonial
913 2974 122 31 Chaplain,
1049 2974 30 24 G.
1094 2974 27 24 S.
1134 2974 124 31 Kingston,

675 3007 66 32 Esq.,
766 3007 104 24 Colonial
890 3008 127 28 Architect,
1040 3007 77 24 David
1134 3007 126 28 McLaren,

675 3041 66 32 Esq.,
767 3041 112 30 Manager
903 3041 23 23 of
954 3041 38 23 the
1024 3041 73 23 South
1127 3040 132 24 Australian

675 3074 125 31 Company,
809 3074 23 23 J.
842 3074 31 23 G.
882 3073 65 24 Nash
957 3074 68 31 Esq.,
1035 3074 103 23 Colonial
1145 3074 114 30 Surgeon,

674 3107 42 24 Dr.
738 3107 131 28 Litchfield,
896 3107 118 32 Inspector
1026 3107 26 23 of
1069 3106 125 32 Hospitals,
1214 3106 45 24 and

673 3140 86 24 several
776 3140 85 23 others.
909 3140 39 23 On
968 3140 39 23 the
1025 3140 60 31 plate
1104 3139 114 31 deposited
1236 3140 24 23 in

674 3174 36 23 the
729 3178 66 19 stone
814 3181 45 15 was
879 3172 37 24 the
935 3173 118 30 following
1075 3173 133 30 inscription
1217 3181 6 14 :
1226 3185 34 4 —

697 3207 51 23 The
762 3207 131 23 foundation
905 3211 66 18 stone
983 3206 25 23 of
1029 3205 46 24 this
1093 3205 102 31 building
1214 3213 46 15 was

673 3240 43 23 laid
729 3241 30 30 by
774 3240 46 22 His
833 3239 140 30 Excellency
985 3238 52 24 Col.
1051 3238 89 31 George
1159 3238 99 28 Gawler,

674 3273 78 28 K.H.,
766 3280 31 15 on
809 3273 45 22 this
866 3273 43 31 day
927 3273 26 22 of
974 3272 55 30 July
1048 3271 38 24 the
1108 3271 59 28 15th,
1187 3273 69 26 1840,

673 3306 42 23 and
728 3307 26 23 of
769 3306 39 24 the
828 3306 59 23 third
905 3313 55 23 year
978 3305 26 23 of
1025 3305 36 23 the
1080 3304 61 31 reign
1161 3304 26 23 of
1210 3304 50 23 Her

673 3339 101 31 Majesty
794 3339 82 25 Queen
894 3339 112 24 Victoria.
1009 3351 33 4 —
1042 3337 124 29 Architect,
1187 3336 30 24 G.
1232 3337 26 23 S.

674 3372 125 31 Kingston,
814 3372 58 31 Esq.
874 3384 33 5 —
908 3371 103 29 Builder,
1027 3371 27 24 B.
1206 3369 51 23 The

673 3412 120 24 ceremony
816 3405 26 23 of
862 3405 79 31 laying
958 3405 38 23 the
1015 3409 65 18 stone
1098 3403 84 30 having
1200 3403 57 22 been

673 3438 132 27 concluded,
820 3437 46 24 His
879 3438 142 30 Excelleucy
1039 3436 81 31 briefly
1136 3435 121 23 addressed

673 3469 37 24 the
723 3475 135 26 spectators,
872 3471 135 30 expressing
1020 3470 34 23 his
1067 3469 149 30 gratification
1235 3471 24 19 at

673 3502 37 23 the
722 3508 194 18 commencement
934 3504 27 22 of
975 3511 25 15 so
1020 3502 59 31 good
1098 3509 13 15 a
1126 3500 69 28 work,
1214 3499 44 23 and

673 3534 35 23 his
720 3535 60 30 hope
793 3535 47 23 that
853 3537 17 21 it
882 3535 75 24 would
969 3535 28 23 be
1017 3534 93 31 warmly
1127 3532 130 31 supported.

673 3567 51 23 The
736 3568 44 23 site
792 3575 29 16 on
833 3568 71 23 which
918 3568 39 23 the
969 3568 104 29 building
1084 3568 21 21 is
1117 3566 66 23 about
1197 3565 61 33 to^be

673 3600 88 23 erected
773 3609 96 22 appears
880 3605 23 19 to
915 3600 58 24 have
986 3601 56 22 been
1054 3598 147 31 exceedingly
1208 3597 50 23 well

673 3632 92 29 chosen,
777 3633 76 30 being,
867 3641 25 15 as
903 3634 18 22 it
934 3633 54 27 is,Ni
1007 3633 73 29 rising
1097 3631 41 24 and
1157 3629 101 25 elevated

672 3670 51 26 spot
736 3666 78 23 within
832 3666 68 23 about
919 3671 38 18 ten
975 3665 106 24 minutes'
1098 3662 57 25 walk
1174 3662 27 23 of
1221 3662 38 23 the

673 3702 67 18 town.
771 3697 70 24 From
853 3698 38 23 the
901 3698 75 31 plans,
989 3697 55 23 with
1055 3705 14 15 a
1080 3696 59 31 sight
1151 3695 26 24 of
1186 3695 71 23 which

673 3737 31 15 we
717 3729 57 24 have
786 3730 58 23 been
856 3730 115 28 favoured,
984 3737 32 16 we
1029 3730 56 23 have
1098 3736 63 21 every
1177 3734 81 16 reason

672 3767 23 18 to
706 3770 100 23 suppose
818 3762 49 23 that
878 3763 18 23 it
907 3763 46 22 will
973 3762 28 23 be
1018 3762 55 23 both
1092 3769 14 14 a
1124 3759 134 24 substantial

672 3795 43 24 and
728 3802 29 15 an
770 3795 140 23 ornamental
922 3795 109 23 erection.
1075 3793 51 23 The
1141 3793 115 30 necessity

673 3827 73 23 which
757 3827 88 24 existed
860 3827 33 23 for
904 3835 29 15 an
945 3826 128 23 institution
1090 3826 25 23 of
1129 3824 49 27 this,
1194 3824 63 30 kind,

673 3861 52 28 will,
738 3868 33 15 we
783 3860 57 23 have
849 3860 58 22 little
919 3859 78 28 doubt,
1011 3858 27 24 be
1050 3858 59 30 fully
1120 3857 95 25 attested
1226 3857 32 33 by

672 3894 38 23 the
721 3897 97 27 support
828 3893 19 23 it
854 3892 46 24 will
906 3892 99 24 receive.
1006 3904 34 5 —
1042 3891 139 25 Southern
1190 3890 67 26 Aus-

672 3932 123 17 tralian.

174 2212 143 23 SYDNEY
334 2212 193 23 EXTRACTS.

92 2245 33 24 At
138 2245 37 24 the
195 2246 80 30 sitting
294 2246 24 23 of
334 2246 38 23 the
393 2245 139 31 Legislative
552 2245 95 24 Council

59 2286 28 16 on
101 2279 64 30 Sept.
183 2278 63 29 13th,
263 2279 45 23 His
319 2278 141 31 Excellency
472 2278 38 24 the
529 2278 118 24 Governor

56 2312 122 30 presented
199 2321 13 14 a
235 2312 41 23 bill
299 2312 33 23 for
357 2311 37 24 the
418 2312 174 23 establishment
624 2312 26 22 of

56 2346 81 22 circuit
149 2351 76 17 courts
238 2345 139 30 throughout
389 2345 37 23 the
440 2345 87 30 colony,
547 2344 45 24 and
609 2345 38 23 the

56 2379 157 30 appointment
226 2379 24 22 of
265 2379 100 22 resident
380 2378 84 31 judges
476 2383 23 18 at
512 2377 56 24 New
587 2378 60 23 Zea-

57 2411 53 23 land
122 2412 45 23 and
179 2412 57 23 Port
249 2412 85 31 Philip.
383 2411 57 23 This
453 2419 103 15 measure
573 2412 74 22 would

58 2450 38 17 not
108 2443 40 31 (he
161 2445 131 30 remarked)
306 2445 66 23 effect
383 2452 43 22 any
440 2445 118 22 alteration
571 2445 22 22 in
607 2445 39 23 the

56 2483 92 25 present
167 2483 87 25 system
273 2478 26 23 of
314 2477 138 31 conducting
470 2478 39 22 the
529 2483 76 17 courts
624 2478 26 23 of

56 2516 104 26 requests
179 2511 46 23 and
243 2516 91 26 quarter
354 2512 107 27 sessions,
484 2511 88 22 further
592 2511 55 23 than

57 2544 142 31 authorising
211 2544 38 23 the
261 2544 100 23 resident
369 2544 84 31 judges
465 2544 25 23 of
502 2544 57 23 Port
569 2544 77 31 Philip

56 2577 44 23 and
114 2577 57 24 New
190 2577 103 24 Zealand
312 2582 21 18 to
353 2577 88 31 preside
460 2585 53 15 over
534 2577 54 23 both
608 2577 38 24 the

57 2610 154 31 departments
224 2611 22 22 in
259 2610 58 23 their
330 2610 109 24 districts.
475 2610 56 31 Any
543 2611 103 23 material

58 2644 130 23 alterations
201 2643 74 23 which
287 2644 73 30 might
372 2644 27 23 be
411 2643 95 24 deemed
525 2651 121 23 necessary

57 2678 22 22 in
93 2676 64 24 those
169 2682 95 18 matters
277 2683 61 17 must
349 2677 28 23 be
389 2676 65 24 made
466 2677 39 23 the
517 2677 89 31 subject
624 2678 25 22 of

56 2718 14 15 a
80 2710 75 23 future
230 2710 45 23 and
286 2710 73 30 might
371 2710 26 23 be
411 2710 57 23 done
481 2710 31 30 by
519 2711 80 30 giving
606 2711 38 22 the

58 2744 144 29 magistrates
214 2744 23 22 in
249 2747 63 27 petty
324 2744 87 23 session
431 2751 13 14 a
463 2743 141 30 jurisdiction
624 2748 22 19 to

55 2776 38 23 the
105 2781 95 19 amount
211 2777 25 23 of
252 2777 46 23 £5.
345 2776 50 24 The.
413 2776 42 23 bill
466 2784 46 16 was
526 2777 52 23 then
592 2777 53 23 read

59 2817 13 15 a
84 2810 50 23 first
146 2810 62 28 time,
229 2810 44 22 and
293 2808 93 24 ordered
404 2814 22 18 to
445 2809 28 23 be
494 2809 97 30 printed,
602 2810 45 23 and

55 2842 102 31 undergo
176 2850 13 15 a
207 2842 85 24 second
315 2850 30 15 on
363 2842 48 23 that
429 2841 43 32 day
492 2842 118 31 fortnight.
613 2855 34 4 —

54 2876 203 23 Australasian
270 2874 158 25 Chronicle.

50 2928 5 3 .
87 2909 24 23 A
121 2909 224 23 Discriminating-
352 2908 93 23 Scent.
450 2921 31 4 —
483 2907 28 24 In
521 2908 36 24 the
566 2916 80 16 course

55 2942 25 23 of
95 2949 63 16 some
170 2943 158 22 conversation
341 2949 82 23 among
444 2941 38 23 the
500 2942 113 22 members
625 2942 24 23 of

56 2975 36 23 the
105 2975 127 30 legislative
245 2975 88 23 council
347 2982 28 15 on
386 2974 109 31 Tuesday
515 2974 49 28 last,
585 2982 60 23 upon

54 3008 38 23 the
110 3008 89 32 subject
218 3010 26 21 of
258 3008 140 26 distillation,
420 3008 38 22 the
475 3015 112 23 governor
609 3015 37 16 re-

50 3041 101 24 marked
162 3042 57 27 that,
232 3041 85 31 having
328 3041 57 23 been
403 3041 51 23 four
472 3048 66 23 years
557 3049 13 15 a
588 3041 58 23 resi-

56 3074 54 23 dent
121 3076 24 21 in
158 3074 37 23 the
207 3074 68 23 West
288 3074 85 28 Indies,
392 3074 28 24 he
439 3081 44 16 was
503 3074 95 23 enabled
616 3074 30 31 by

56 3114 78 16 means
147 3108 25 22 of
186 3108 37 22 his
236 3115 55 15 nose
303 3112 22 18 to
338 3108 40 22 tell
388 3111 75 27 pretty
475 3107 128 31 accurately
616 3115 31 16 on

55 3141 94 31 passing
160 3149 14 14 a
186 3141 112 29 distillery
310 3140 99 23 whether
420 3148 69 23 sugar
502 3148 44 15 was
559 3141 55 23 used
623 3141 23 23 in

56 3174 17 22 it
84 3173 34 23 for
130 3174 38 23 the
179 3181 99 23 purpose
292 3172 24 23 of
331 3173 131 23 distillation
482 3181 24 15 or
525 3179 40 17 not
574 3182 6 19 ;
602 3174 45 24 and

57 3206 55 29 that,
133 3215 29 15 on
181 3207 95 30 passing
287 3205 37 23 the
338 3205 74 23 works
424 3214 28 15 on
466 3206 37 23 the
516 3207 131 24 Paramatta

58 3240 59 28 road,
131 3240 29 23 he
171 3239 46 23 had
228 3238 152 24 encountered
390 3246 28 15 an
431 3240 91 22 effluvia
534 3247 25 15 as
577 3241 69 23 much

57 3272 46 23 like
113 3273 49 23 that
173 3271 139 32 proceeding
322 3271 57 23 from
392 3279 14 15 a
419 3271 65 23 West
497 3271 81 24 Indian
598 3273 47 23 dis-

57 3305 75 31 tillery
143 3311 29 18 as-p
180 3306 109 30 ossible.
327 3304 39 23 He
378 3311 44 16 was
442 3311 73 23 sorry,
533 3305 112 29 however,

57 3342 22 19 to
169 3339 51 23 that
238 3338 39 23 the
296 3337 88 23 officers
403 3336 26 23 of
451 3337 75 23 excise
545 3337 38 23 did
606 3344 41 18 not

55 3379 91 23 possess
159 3372 38 23 the
210 3379 62 16 same
284 3370 66 23 West
362 3369 83 24 Indian
456 3370 134 29 experience
602 3372 45 23 and

58 3404 122 31 quickness
193 3406 23 22 in
228 3405 39 22 the
279 3403 109 30 olfactory
400 3409 80 16 nerves
502 3410 24 14 as
545 3403 99 24 himself.

59 3449 33 5 —
95 3437 65 24 Ibid.

92 3470 126 24 Country
230 3470 129 24 Letters.
362 3482 32 3 —
395 3468 52 24 The
465 3475 52 16 sum
533 3468 26 23 of
574 3469 72 23 £150

57 3502 41 24 has
110 3503 57 24 been
179 3504 66 23 vote.l
258 3503 35 24 for
305 3502 38 23 the
360 3501 112 32 purchase
491 3501 24 23 of
529 3501 117 23 moveable

58 3540 93 27 stamps,
165 3537 23 22 in
207 3537 67 23 order
293 3535 48 24 that
365 3535 37 23 the
426 3534 64 23 dates
511 3534 25 22 of
550 3538 97 26 postage

58 3576 50 23 may
121 3569 27 23 be
157 3569 83 24 affixed
248 3577 60 24 upon
316 3568 30 23 all
355 3568 85 23 letters.
471 3566 58 23 This
538 3574 109 22 arrange-

57 3607 63 17 ment
132 3602 44 22 will
188 3603 29 22 be
229 3602 26 23 of
270 3601 102 24 material
383 3600 85 24 benefit
480 3604 23 18 to
512 3599 37 23 the
560 3599 86 30 public,

56 3642 33 20 as,
101 3635 23 22 in
139 3635 37 22 the
189 3642 67 16 evenc
268 3635 25 22 of
307 3635 72 29 delay,
393 3633 54 30 they
459 3631 84 25 will'Be
551 3631 96 24 enabled

55 3672 25 18 to
91 3671 60 19 trace
164 3668 18 22 it
193 3671 23 19 to
228 3667 38 23 the
278 3667 61 30 right
350 3673 88 21 source,
451 3664 72 24 which
536 3665 54 30 they
608 3671 39 16 are

56 3704 24 19 at
91 3705 93 25 present
195 3700 83 23 unable
291 3705 21 18 to
324 3700 37 23 do.
364 3711 31 5 —
397 3699 68 23 Ibid.

91 3732 124 26 Inquest.
219 3745 33 4 —
252 3732 39 23 An
310 3733 92 30 inquest
418 3731 43 24 has
483 3730 58 23 been
558 3729 55 24 held
624 3734 23 19 at

57 3765 86 23 Cook's
151 3765 169 31 public-house,
331 3763 240 32 Castlereagh-street,
585 3770 62 23 upon

58 3798 36 23 the
105 3798 59 31 body
177 3798 26 23 of
212 3805 13 16 a
237 3805 86 16 woman
337 3797 80 23 named
429 3796 123 24 Elizabeth
565 3795 80 26 Davis,

58 3830 49 23 who
120 3838 45 16 was
179 3831 70 23 found
261 3829 57 24 dead
331 3831 23 21 in
367 3838 12 14 a
391 3829 78 30 sitting
482 3834 93 25 posture
599 3828 22 22 in
634 3836 13 14 a

56 3871 65 16 room
134 3864 24 23 of
167 3863 42 23 her
219 3863 106 29 lodgings
334 3869 28 16 on
376 3861 144 30 Wednesday
530 3861 115 30 morning.

58 3895 25 23 It
94 3895 113 32 appeared
217 3895 50 23 that
278 3894 108 24 deceased
397 3893 46 23 had
454 3893 70 23 taken
539 3893 107 31 lodgings

58 3928 24 23 in
102 3927 149 31 Castlereagh
271 3930 69 21 street
361 3927 35 23 for
414 3925 90 26 herself
520 3925 44 25 and
577 3926 58 23 chili!
640 3943 4 6 .

543 50 101 30 THE
668 49 111 31 NEW
802 48 230 32 ZEALAND
1055 47 226 33 GAZETTE
1304 47 102 32 AND
1430 46 276 33 BRITANNIA
1725 46 290 33 SPECTATOR.

1909 137 64 23 years
1987 130 43 28 old,
2044 129 44 24 and
2099 130 38 23 the
2149 130 111 30 principal
2271 130 45 23 line
2336 131 26 23 of
2377 131 55 23 road
2450 131 40 23 be-

1910 167 68 19 tween
1992 162 37 24 the
2041 167 42 18 two
2096 162 93 31 capitals
2201 164 21 21 is
2230 167 39 18 not
2277 167 37 26 yet
2323 164 96 23 finished
2420 176 33 4 —
2453 172 38 20 no,

1910 203 38 15 nor
1961 197 61 29 quite
2042 195 98 24 formed!
2177 195 43 23 We
2242 195 85 30 readily
2350 197 70 23 admit
2441 197 50 23 that

1909 228 59 23 what
1978 229 21 22 is
2010 229 57 22 done
2079 229 19 22 is
2110 228 66 31 good,
2192 228 43 23 but
2253 228 50 23 how
2321 229 134 31 tantalizing
2473 230 19 23 it

1909 266 59 18 must
1979 261 29 23 be
2016 266 24 18 to
2052 261 71 23 travel
2135 269 13 15 a
2158 261 43 23 few
2214 261 73 28 miles,
2306 260 53 24 here
2371 262 44 22 and
2429 261 61 24 there

1909 301 25 16 on
1947 301 15 15 a
1972 294 59 30 good
2043 294 61 28 road,
2118 294 43 23 and
2173 293 54 24 then
2239 293 28 24 be
2280 294 125 31 compelled
2414 299 23 18 to
2450 294 41 23 fall

1908 327 45 22 into
1978 326 37 23 the
2039 326 35 23 old
2097 327 89 23 natural
2204 333 82 24 cut-up
2305 331 66 19 tract.
2408 327 23 23 It
2450 327 41 23 has

1908 359 95 23 occured
2013 365 24 18 to
2048 367 28 15 us
2089 359 56 28 that,
2157 359 20 23 if
2187 360 38 22 the
2238 366 73 17 elite
2325 360 25 22 of
2357 360 38 23 the
2408 365 83 25 county

1908 393 23 22 of
1952 392 113 23 Cornwall
2084 392 73 24 would
2167 393 52 29 give
2238 400 14 15 a
2270 394 114 29 quarterly
2403 393 46 23 ball
2466 397 23 19 to

1910 424 44 23 His
1977 424 149 32 Excellency,
2151 425 46 23 His
2215 425 73 30 Lady,
2312 425 45 23 and
2380 427 68 26 suite,
2471 426 19 23 it

1909 458 71 23 would
1992 458 157 29 considerably
2160 458 124 23 accelerate
2297 458 36 23 the
2347 458 109 30 finishing
2467 458 25 23 of

1907 490 36 24 the
1956 491 72 30 grand
2040 491 44 23 line
2096 491 27 23 of
2131 491 61 28 road,
2206 491 73 23 which
2292 498 31 16 we
2342 491 147 31 respectfully

1907 523 83 24 submit
2003 527 22 20 to
2038 524 58 23 their
2109 524 61 30 early
2182 524 174 28 consideration,
2379 531 50 16 now
2443 524 47 23 that

1908 555 35 24 the
1956 564 80 16 season
2049 557 24 23 of
2079 557 107 30 jaunting
2197 557 46 23 and
2253 557 94 30 visiting
2357 557 20 23 is
2389 557 101 30 drawing

1907 597 60 15 uear.
1972 601 33 5 —
2007 590 132 22 Colonial
2151 589 93 23 Times.

1331 129 151 24 Explosion
1492 136 31 17 or
1539 129 176 24 Gunpowder.
1717 141 33 5 —
1752 129 37 24 On
1799 130 82 23 Satur-

1295 162 45 30 day
1348 163 126 27 afternoon,
1488 162 38 23 the
1537 162 113 24 residents
1658 163 23 23 in
1691 162 188 31 Hindley-street,

1295 201 60 18 were
1366 196 102 23 alarmed
1478 195 34 32 by
1524 203 28 15 an
1563 195 120 32 explosion
1696 195 135 31 resembling
1843 196 38 23 the

1294 227 120 32 discharge
1427 229 25 22 of
1467 236 14 15 a
1492 228 72 30 heavy
1576 229 65 30 piece
1654 229 25 22 of
1694 228 126 24 ordiuance.
1851 228 29 23 In

1294 268 14 16 a
1330 261 43 23 few
1397 261 103 28 seconds,
1524 261 80 31 people
1628 268 57 16 were
1707 263 97 29 running
1822 261 57 23 from

1294 301 68 23 every
1373 293 110 24 direction
1496 299 22 18 to
1537 294 111 23 ascertain
1668 294 36 23 the
1721 301 74 21 cause,
1815 294 64 23 when

1294 327 18 21 it
1329 327 113 31 appeared
1467 327 37 23 the
1526 327 64 23 noise
1614 326 121 32 proceeded
1758 327 58 23 from
1841 327 38 23 the

1294 361 109 29 premises
1416 359 26 24 of
1465 359 47 24 Mr.
1535 360 169 27 Featherstone,
1722 359 155 31 storekeeper,

1293 394 103 29 opposite
1419 392 39 23 the
1481 392 157 24 Government
1660 392 98 24 Auction
1782 392 95 24 Rooms.

1294 425 23 23 It
1340 433 45 16 was
1406 425 70 24 found
1495 425 49 23 that
1562 425 40 23 the
1621 426 115 30 explosion
1758 425 44 24 had
1821 426 56 23 been

1294 458 88 24 caused-
1399 459 30 30 by
1449 459 96 30 ignition
1564 459 26 22 of
1617 458 84 23 several
1723 459 111 23 canisters
1857 459 24 22 of

1292 491 145 31 gunpowder,
1451 491 73 23 which
1536 491 44 23 had
1592 491 59 24 been
1663 492 23 22 in
1697 499 12 15 a
1719 491 57 31 yard
1794 491 85 23 behind

1293 524 36 23 the
1341 531 68 17 store.
1456 524 23 23 A
1491 532 76 23 young
1584 532 52 15 man
1656 525 22 22 in
1696 524 35 23 the
1749 524 88 31 employ
1856 526 25 21 of

1294 557 46 23 Mr.
1356 557 171 28 Featherstoue,
1542 564 45 16 was
1599 557 106 30 smoking
1715 565 14 15 a
1740 558 52 30 pipe
1804 558 23 22 in
1841 557 38 23 the

1293 590 62 31 yard,
1368 591 45 23 and
1425 590 72 23 either
1509 590 37 23 the
1557 590 55 31 pipe
1623 598 26 15 or
1660 597 59 16 some
1728 590 82 31 sparks
1820 590 57 23 from

1292 624 24 27 it,
1328 623 40 23 fell
1380 631 84 23 among
1475 623 39 23 the
1524 623 148 31 gunpowder,
1685 623 70 23 winch
1762 623 26 23 of
1797 630 80 16 course

1291 656 109 31 instantly
1423 656 120 31 exploded.
1591 655 51 24 The
1666 663 73 23 young
1757 663 54 16 man
1833 663 44 16 was

1291 696 53 24 very
1366 689 102 30 severely
1489 688 116 29 scorched,
1636 689 45 23 and
1702 696 44 16 was
1769 688 108 24 rendered

1291 729 71 16 worse
1373 722 30 30 by
1415 722 69 30 being
1496 722 99 30 plunged
1615 722 47 23 into
1682 729 12 15 a
1710 722 40 23 tub
1769 722 25 22 of
1809 726 68 19 water

1291 755 151 30 immediately
1455 755 29 30 by
1498 762 61 16 some
1572 762 82 24 person
1667 759 95 27 present.
1806 754 40 24 He
1858 755 19 22 is

1291 795 56 21 now,
1361 796 32 15 we
1406 788 145 28 understand,
1564 789 143 29 recovering;
1729 787 40 24 but
1780 787 42 24 has
1832 788 44 23 lost

1291 821 36 23 the
1339 821 62 31 sight
1413 821 27 23 ot
1454 828 43 16 one
1508 821 26 23 of
1548 821 37 23 his
1597 828 61 23 eyes.
1700 821 57 23 This
1769 821 72 30 ougltt
1855 826 22 18 to

1291 862 62 16 serve
1376 862 25 15 as
1432 862 13 15 a
1475 855 89 22 caution
1596 859 22 17 to
1650 853 154 31 storekeepers
1804 866 35 4 —
1841 853 36 23 the

1290 893 87 18 custom
1395 888 26 22 of
1437 888 90 29 leaving
1545 894 125 23 gunpower
1686 886 103 31 exposed,
1808 886 70 31 being

1290 926 35 18 too
1333 928 105 16 common
1446 921 22 22 in
1475 919 119 24 Adelaide.
1610 919 51 24 The
1669 920 102 30 quantity
1779 919 25 23 of
1814 927 62 23 pow-

1289 954 39 23 der
1347 954 73 23 which
1441 952 111 31 exploded
1572 960 45 16 was
1637 952 63 24 381b.
1704 964 32 5 —
1736 952 140 24 Adelaide

1291 987 160 23 Chronicle.

62 134 39 22 the
110 134 67 22 latter
185 138 52 24 part
254 134 26 23 of
298 134 38 22 the
352 136 65 23 toast,
433 133 29 21 he
480 132 75 22 would
572 134 40 19 not
631 136 23 17 at

63 161 48 22 that
121 161 57 22 hour
188 162 26 21 of
225 161 38 22 the
273 160 103 26 evening,
388 159 89 25 enlarge
487 166 60 20 upon
559 159 22 26 it,
593 158 61 22 how-

63 195 52 14 ever
124 189 68 21 much
203 188 28 21 he
241 187 73 27 might
324 187 42 21 feel
376 193 59 21 upon
447 184 38 23 the
496 185 94 27 subject.
616 185 37 22 He

63 215 85 21 trusted
166 214 111 26 however,
296 214 52 26 they
364 212 73 22 would
454 211 30 23 all
499 213 51 26 join
567 212 47 21 him
630 213 22 20 in

62 239 69 29 doing
141 241 89 22 honour
239 246 23 16 to
272 240 38 22 the
320 243 59 18 toast
390 239 104 27 (cheers.)

90 268 67 26 Song,
197 267 75 27 Safely
281 266 74 22 follow

91 294 43 21 Mr.
146 294 98 21 Guyton
257 293 72 22 called
339 300 60 19 upon
409 292 59 22 them
477 296 21 17 to
506 291 81 28 charge
596 291 58 22 their

58 320 92 27 glasses,
162 327 24 14 as
197 320 28 21 he
235 320 45 21 had
291 327 14 14 a
314 323 58 18 toast
382 324 22 17 to
415 326 92 20 propose
517 318 73 22 which
608 326 45 14 was

59 354 25 13 so
94 347 126 26 intimately
231 346 125 22 connected
371 345 52 22 with
440 345 141 26 themselves,
603 345 48 21 that

61 373 18 21 it
89 373 86 22 needed
185 373 41 22 but
242 377 23 18 to
281 373 29 22 be
326 371 137 27 mentioned,
484 375 21 17 to
524 375 59 18 meet
599 371 53 21 with

61 399 57 22 their
129 400 155 27 approbation.
324 399 21 21 It
355 406 44 15 was
409 399 49 21 that
473 398 26 22 of
511 397 37 22 the
587 398 66 21 Com-

60 427 93 21 mercial
163 426 44 21 and
218 426 144 27 Agricutural
378 426 107 21 Interests
494 424 26 22 of
531 423 57 23 New
597 423 56 23 Zea-

158 453 22 26 (3
191 455 66 20 times
266 454 21 25 3,
299 452 44 22 and
353 453 54 21 loud
417 451 96 26 cheers.)

87 479 47 22 The
146 480 134 26 Chairman,
292 479 23 21 in
326 479 78 27 giving
436 478 37 22 the
484 477 76 22 health
571 477 26 22 of
607 478 44 21 Mr.

182 506 48 21 said
240 506 48 21 that
298 505 53 28 they
361 512 57 15 were
435 505 29 21 all
483 511 72 15 aware
572 504 27 22 of
613 505 39 21 the

61 536 63 23 great
134 533 95 22 services
239 532 109 22 rendered
358 532 30 27 by
397 532 46 21 him
454 535 23 17 to
486 531 36 21 the
534 531 54 21 New
597 531 56 22 Zea-

61 559 52 22 land
124 560 116 27 Company
247 567 5 18 ;
269 559 46 21 and
332 559 27 21 he
378 558 46 27 (the
442 557 125 26 chairman)
586 558 65 22 could

61 590 40 17 not
111 586 89 27 neglect
209 586 44 22 this
263 585 144 28 opportunity
416 585 26 21 of
449 584 92 27 making
552 591 12 13 a
578 585 74 26 public

60 613 224 26 acknowledgement
293 613 35 21 for
338 612 54 22 such
402 612 101 21 services.
535 610 35 22 He
581 611 68 26 spoke

61 639 25 21 of
95 639 53 22 Jn'm
166 647 24 14 as
207 647 13 14 a
236 639 60 27 good
306 639 44 21 and
359 639 80 21 honest
449 644 59 16 man,
526 644 42 15 one
579 637 73 23 whose

60 665 118 23 character
187 666 46 21 and
244 666 73 22 whose
329 665 136 22 demeanour
480 663 53 28 they
551 671 56 14 were
622 672 30 14 no

60 696 112 24 strangers
191 696 30 23 to,
242 693 45 21 and
305 693 26 21 of
340 692 73 22 whom
431 691 53 27 they
501 690 70 27 ought
588 696 21 16 to
624 692 27 21 be

60 720 71 26 proud
141 719 29 22 of.
200 719 26 21 If
240 720 18 21 it
277 719 87 27 pleased
383 717 50 23 God
449 717 49 21 that
510 717 43 21 Mr.
566 718 86 22 Barrett

60 745 80 23 should
155 747 85 21 remain
258 749 102 23 amongst
379 745 66 24 them,
463 743 29 23 he
508 743 75 28 hoped
599 745 50 27 they

60 773 74 21 would
143 773 29 21 all
182 773 54 21 lend
247 781 12 13 a
270 773 91 26 helpittg
370 771 60 22 hand
442 775 22 17 to
475 770 66 22 cheer
551 771 44 21 and
611 779 40 14 en-

59 806 96 21 courage
164 799 48 22 him
221 800 24 20 in
256 799 37 21 the
304 798 149 27 undertaking
459 797 30 22 he
496 797 45 22 had
550 799 91 21 embark

59 826 28 22 ed
103 827 31 21 in.
251 825 77 22 health
345 825 26 21 of
386 825 42 21 Mr.
447 824 99 22 Richard
558 825 91 26 Barrett,

59 853 44 21 and
113 853 85 34 family,
210 852 46 22 and
266 853 124 27 prosperity
402 856 20 17 to
539 858 43 15 was
597 852 52 21 than

61 879 71 22 drank
142 879 53 22 with
206 879 53 22 loud
270 879 83 22 cheers.

88 906 39 22 Dr.
147 906 103 26 Taylor,
270 910 23 18 at
308 906 37 22 the
362 908 88 25 request
460 905 26 21 of
498 905 43 21 Mr.
553 905 96 26 Barrett,

58 933 106 22 returned
176 933 22 21 th
206 933 58 21 inks.

88 960 67 27 Song,
191 960 61 27 Rory
263 960 19 21 O
402 959 63 25 Capt.
476 959 31 21 Le
519 958 84 22 Grand.

85 986 49 22 The
145 987 125 21 Chairman
282 985 73 22 would
365 990 40 16 not
412 984 66 22 allow
487 985 36 21 the
531 989 55 17 next
593 988 58 18 toast

58 1016 24 18 to
104 1020 49 19 pass
172 1013 93 21 without
280 1013 106 26 bumpers
403 1011 57 22 from
479 1011 36 21 the
531 1018 118 20 company.

59 1039 37 22 He
107 1047 43 14 was
161 1039 60 28 quite
232 1046 51 14 sure
294 1039 48 21 that
352 1039 18 21 it
380 1037 72 22 would
463 1037 82 22 accord
553 1037 51 21 with
612 1037 36 22 the

58 1066 94 27 feelings
162 1066 26 21 of
202 1073 66 20 every
287 1072 53 15 man
359 1065 26 21 of
400 1065 120 26 gallantry.
548 1064 64 22 Need
621 1065 28 21 he

58 1093 100 21 mention
170 1093 48 21 that
232 1093 18 20 it
258 1100 46 14 was
343 1091 36 22 the
389 1091 77 22 health
483 1091 25 21 of
523 1090 36 22 the
575 1095 74 23 pretty

57 1119 79 27 maids,
148 1126 74 21 merry
232 1119 74 26 wives,
319 1119 44 21 and
372 1119 83 21 buxom
467 1117 89 22 widows
564 1118 25 21 of
597 1118 53 22 Port

232 1146 75 25 (Loud
318 1145 93 26 cheers.)

108 1173 64 26 Glee,
174 1186 28 4 —
203 1173 93 21 "here's
305 1180 14 14 a
328 1172 76 22 health
413 1175 22 18 to
446 1171 30 22 all
485 1171 60 28 good

87 1199 63 28 Capt.
169 1199 54 22 Hay
239 1207 57 19 gave
336 1199 37 21 the
391 1198 96 27 whaling
503 1198 45 21 and
564 1199 85 21 marine

58 1225 104 23 interests
172 1226 26 22 of
205 1226 56 22 New

87 1253 66 26 Song,
292 1253 63 21 other
446 1252 62 27 Capt.
519 1252 32 21 Le
562 1251 85 23 Grand.

88 1279 43 21 Mr.
150 1279 137 26 Riddii-ord,
305 1287 55 20 gave
572 1279 23 20 If
602 1279 48 21 that

58 1305 106 28 powerful
176 1307 82 26 engine
269 1314 44 14 was
331 1305 92 22 wielded
439 1306 24 20 in
480 1313 13 13 a
510 1312 80 24 proper
600 1313 49 19 way

59 1332 38 22 the
106 1337 98 22 greatest
213 1333 60 27 good
282 1333 73 21 would
366 1332 67 22 result
449 1333 55 20 from
516 1333 17 20 it
539 1340 5 17 ;
560 1331 46 23 and
621 1332 28 22 he

59 1359 96 27 thought
175 1359 48 21 that
242 1359 36 21 the
296 1367 59 19 press
373 1359 26 21 of
416 1359 52 21 Port
477 1358 123 22 Nicholson
612 1359 37 21 bid

58 1386 43 21 fair
111 1390 21 18 to
143 1386 55 21 rival
210 1386 48 22 that
268 1386 27 21 of
301 1386 37 22 the
355 1385 165 27 neighbouring
538 1385 109 22 Colonies.

60 1413 65 21 After
135 1420 13 14 a
158 1413 41 21 few
211 1413 63 21 other
284 1413 107 25 remarks,
409 1413 44 20 Mr.
465 1411 118 22 Riddiford
592 1419 56 20 gave

131 1439 62 22 Press
204 1440 26 21 of
244 1440 51 21 Port
462 1438 104 27 (cheers.)

87 1466 44 21 Mr.
149 1466 93 22 Revans
251 1466 106 22 returned
367 1465 89 26 thanks,
472 1465 44 21 and
526 1466 22 20 in
559 1473 13 14 a
589 1473 60 14 com-

59 1493 135 27 plimentary
210 1493 81 26 speech
308 1500 56 20 gave
381 1493 36 21 the
459 1492 151 27 Compositors
627 1493 26 21 of

59 1520 56 21 New
126 1519 107 22 Ze.tland.

90 1547 42 21 Mr.
153 1546 77 22 Yates
250 1545 173 28 acknowledged
443 1545 36 22 the
489 1545 57 22 kind
555 1553 95 15 manner

58 1581 26 14 in
95 1573 70 22 which
178 1573 43 21 Mr.
230 1573 89 22 Revans
327 1573 44 21 had
378 1573 57 21 been
444 1573 90 26 pleased
545 1577 20 17 to
576 1573 73 22 notice

60 1600 33 21 his
103 1600 146 26 endeavours,
261 1601 43 21 and
316 1600 16 21 it
350 1599 71 22 would
437 1600 28 21 be
481 1606 27 15 an
527 1599 122 23 additional

58 1626 147 22 inducement
216 1630 22 18 to
252 1627 73 26 make,
344 1627 21 21 if
383 1626 101 27 possible,
502 1626 44 21 still
562 1631 87 22 greater

59 1655 120 20 exertions.
216 1655 19 19 A
247 1653 145 26 compliment
400 1653 66 26 given
478 1660 24 14 so
513 1653 80 27 public,
606 1654 44 21 and

59 1680 45 21 and
115 1681 22 21 in
148 1680 54 22 such
214 1688 28 13 an
252 1680 142 27 unexpected
407 1687 103 19 manner,
528 1680 65 21 could
611 1685 40 17 not

60 1707 40 21 but
108 1707 28 21 be
147 1707 76 27 highly
235 1706 113 27 flattering
358 1711 21 17 to
390 1707 54 21 him.

87 1733 43 23 Mr.
148 1733 113 22 Bethune
277 1740 56 20 gave
374 1733 35 21 the
425 1733 120 27 croupiers,
557 1733 92 22 Messrs.

59 1760 61 22 John
132 1760 70 22 Wade
213 1761 45 21 and
426 1759 45 22 and
486 1759 62 22 these
564 1761 87 26 gentle-

59 1794 51 15 men
122 1787 77 27 briefly
211 1787 107 22 returned
328 1787 87 21 thanks.

86 1814 63 22 Then
158 1815 103 20 followed
273 1814 37 22 the
320 1813 86 23 healths
417 1813 25 21 of
524 1813 74 22 Evans
606 1815 45 21 and

61 1841 24 22 E.
103 1841 28 21 G.
147 1841 131 26 Wakefield,
401 1840 123 25 (Received
536 1841 50 21 with
597 1841 54 21 loud

59 1868 95 25 cheers.)

85 1894 48 22 The
144 1895 124 21 Chairman
280 1901 56 18 gave
425 1893 76 21 health
513 1893 26 21 of
550 1894 62 21 chief
625 1894 24 22 E.

61 1922 78 25 Pouni,
151 1921 44 21 and
207 1921 35 21 the
254 1921 92 21 Natives
358 1921 24 19 of
393 1920 55 22 Naw

89 1949 42 21 Mr.
146 1948 61 21 Hair
222 1954 56 19 gave
318 1947 36 21 ihe
365 1947 105 26 Captains
480 1947 26 20 of
519 1947 38 21 the
568 1947 82 21 vessels

59 1975 23 21 in
180 1975 106 23 (cheers.)

86 1999 90 21 Several
185 1999 64 21 other
260 2003 67 16 tu.ists
338 1998 109 25 followed,
468 1998 45 21 and
532 2001 35 19 the
584 2003 65 22 party

58 2024 69 22 broke
139 2032 29 19 up
178 2024 78 27 highly
271 2024 114 27 delighted
400 2024 53 21 with
470 2025 37 21 the
524 2025 125 26 unanimity

59 2051 26 21 of
96 2051 84 27 feeling
191 2051 72 21 which
275 2051 43 21 had
329 2051 56 21 been
396 2051 143 21 manifested.

86 2078 48 21 The
145 2078 81 21 dinner
237 2085 45 13 was
292 2077 45 21 laid
347 2082 39 16 out
400 2077 53 21 with
468 2081 64 23 great
549 2081 55 18 taste
619 2078 30 27 by

61 2104 104 22 Barrett's
176 2105 83 27 deputy
271 2104 75 26 (Thos.
360 2103 107 27 Elvidge,)
480 2104 46 21 and
534 2104 35 21 the
578 2104 71 22 whole

58 2136 168 22 arrangements
239 2138 56 14 were
306 2131 54 21 such
371 2138 22 14 as
404 2135 22 17 to
439 2130 77 22 reflect
534 2131 70 21 credit
619 2138 28 14 on

58 2158 38 22 the
106 2158 178 22 establishment.
