4180 5890
71 208 100 30 should
204 208 36 29 be
266 208 70 29 done
369 207 35 36 by
435 204 52 38 day
518 203 105 29 labour.

74 249 108 38 Special
195 259 61 19 care
270 247 97 29 should
381 241 35 33 be
429 242 83 31 taken
530 248 29 25 to
580 254 43 19 see

73 290 61 28 that
145 288 47 31 the
212 289 61 28 dam
299 286 61 29 wall
381 296 57 19 was
459 283 72 30 built
552 294 36 19 on
608 295 16 18 a

74 331 70 29 solid
166 328 170 31 foundation.
375 327 52 28 His
449 326 83 29 views
552 335 70 19 were

73 371 152 30 concurred
238 380 27 18 in
279 369 37 38 by
329 368 47 29 the
397 367 115 35 council,
532 367 54 28 and
606 377 16 18 a

73 412 101 36 special
188 414 63 24 vote
264 409 28 29 of
305 407 101 30 thanks
419 408 98 39 passed
528 411 29 25 to
578 407 45 29 Mr

74 452 65 28 Benl
150 452 44 28 fcr
205 450 43 28 his
258 449 94 29 efforts
365 450 28 27 in
407 449 47 28 the
469 451 107 25 matter.

278 500 140 21 ACCOUNTS.

107 530 58 30 The
202 532 143 37 following
386 533 129 26 accounts
549 539 71 17 were

69 572 100 38 passed
182 572 43 29 for
237 576 132 35 payment
379 570 72 30 t—J.
464 567 154 36 M'Kenzie,

68 612 39 31 £7
124 608 60 41 19s;
197 613 38 29 M.
247 612 184 35 M'Mullin,£l
449 611 50 34 8s;
519 608 100 30 Mount

70 654 116 29 Bengkr
219 654 82 34 Mail,
334 653 37 29 £2
408 652 46 28 10s
489 650 53 34 t>d;
573 648 44 29 W.

70 694 180 34 Richardson,
263 694 56 33 £2;
339 692 53 28 and
414 691 26 27 J.
463 689 27 28 J.
517 689 99 33 Smith,

68 735 40 27 £5
122 737 31 25 2s
165 746 9 23 ;
195 734 185 28 Government
393 729 127 33 Auditor,
532 729 56 27 10s.
623 729 1 40 i

255 777 180 25 RESIGNATION.

107 816 43 27 Cr.
166 814 111 29 Telford
291 810 151 32 foiwarded
465 809 41 28 his
529 807 95 42 resig-1

67 856 94 28 nation
194 865 30 18 as
258 850 212 41 representative
505 849 28 29 of
566 850 49 27 the
623 849 1 43 j

67 895 112 29 Central
202 894 94 33 Ward,
316 903 29 17 as
367 892 32 26 he
427 900 53 18 was
505 882 119 43 leaving!

66 936 47 26 the
127 934 117 28 district.
282 932 57 28 The
366 930 96 36 Mayor
487 928 59 29 said
568 928 46 27 the
623 928 1 38 ■

68 974 124 35 Council,
214 975 33 28 he
267 983 54 18 was
343 980 70 25 sure,
439 969 83 29 heard
550 968 64 29 with
623 965 1 44 j

66 1020 93 30 regret
170 1016 29 27 of
223 1015 35 28 Cr
280 1010 136 30 Telford's
437 1004 187 48 resignation,]

65 1066 31 16 as
110 1056 32 26 he
157 1064 55 19 was
232 1064 35 18 an
296 1049 139 38 energetic
459 1048 154 29 counciller.

68 1094 36 30 Cr
131 1094 104 28 Grover
259 1089 132 33 endorsed
419 1090 47 28 the
494 1088 120 38 Mayor's

65 1133 133 35 remarks,
209 1134 53 27 and
273 1129 136 40 regretted
421 1129 47 28 the
480 1128 133 36 necessity
623 1128 1 43 j

66 1174 86 27 which
169 1174 97 27 caused
282 1172 36 28 Cr
336 1169 134 28 Telford's
493 1168 120 37 resigna-
623 1168 1 37 j

64 1212 68 30 tion.
172 1214 26 26 A
226 1210 148 30 resolution
403 1214 28 22 to
455 1208 60 28 that
536 1207 78 28 effect
623 1207 1 35 i

66 1264 54 18 was
132 1252 107 40 passed,
253 1251 53 29 and
317 1250 46 28 the
374 1249 74 29 clerk
461 1247 153 30 instructed

65 1299 29 23 to
108 1296 64 24 take
183 1298 75 32 steps
272 1300 27 19 to
319 1291 38 27 fill
376 1291 45 26 the
437 1299 127 26 vacancy.

231 1339 98 21 UNPAID
362 1338 87 20 RATES.

102 1371 58 29 The
177 1372 84 27 Town
287 1369 82 29 Clerk
380 1378 55 19 was
463 1367 150 29 instructed

65 1416 29 27 to
112 1412 93 30 obtain
228 1411 71 39 legal
323 1410 103 34 advice,
450 1409 54 29 and
522 1412 29 25 to
570 1418 47 19 sue

65 1454 45 27 for
117 1453 35 27 all
162 1456 71 24 rates
242 1452 52 27 due
306 1460 64 18 over
383 1450 97 27 twelve
495 1449 120 27 months.

103 1492 65 29 This
186 1491 150 29 concluded
355 1491 46 27 the
425 1488 124 29 business
562 1487 53 28 and

65 1533 47 28 the
124 1532 121 35 meeting
257 1529 161 39 adjourned.

264 1627 146 42 Cricket.

119 1712 212 30 ROXBURGH
352 1721 24 19 v.
404 1711 152 29 HERIOT.

101 1795 58 28 The
171 1795 86 28 above
271 1798 86 25 teams
371 1792 99 39 played
483 1803 16 18 a
515 1795 98 26 return

63 1836 94 29 match
165 1847 33 17 on
209 1836 46 29 the
264 1835 67 29 local
341 1834 107 39 ground
457 1834 52 28 last
519 1833 78 29 Satur-

63 1877 63 37 day.
166 1877 57 28 The
256 1881 120 22 weataer
405 1885 55 17 was
500 1874 113 38 perfect,

62 1917 52 28 but
133 1927 34 18 on
181 1921 116 25 account
310 1916 28 28 of
352 1916 46 28 the
412 1914 126 40 previous
562 1914 49 28 drv

62 1958 121 29 weather
195 1957 47 30 the
256 1957 77 39 pitch
345 1966 56 19 was
420 1961 49 24 not
489 1955 28 28 in
541 1954 71 39 good

63 1998 90 28 order.
192 1998 33 27 In
235 1999 47 26 the
291 1998 59 27 first
359 1997 110 37 innings
477 1996 47 27 the
534 1996 79 26 home

61 2042 73 25 team
149 2037 78 29 made
241 2049 15 17 a
269 2047 65 28 very
348 2046 66 29 poor
424 2035 91 35 stand,
529 2035 84 38 being

62 2079 36 26 all
111 2084 48 22 out
172 2079 43 27 for
228 2079 35 26 38
286 2077 95 28 within
400 2087 34 16 an
454 2077 87 32 hour;
561 2076 52 27 but

61 2119 28 27 in
116 2119 46 28 the
185 2117 101 30 second
307 2117 64 38 they
392 2116 47 29 did
463 2116 148 28 somewhat

61 2160 101 32 better,
188 2159 119 37 running
330 2168 35 27 up
388 2168 16 16 a
425 2156 68 29 total
515 2157 30 27 of
566 2157 43 26 64.

59 2199 59 28 The
131 2198 109 28 visitors
255 2198 78 27 made
351 2198 35 27 46
409 2197 28 27 in
457 2196 72 28 their
551 2196 59 27 first

61 2239 120 37 innings,
195 2237 54 28 and
263 2238 78 27 when
363 2237 65 37 they
449 2240 73 23 went
546 2245 28 18 in
594 2246 15 17 a

61 2279 101 29 second
176 2278 65 28 time
254 2277 65 37 they
333 2276 106 28 wanted
454 2277 34 26 57
503 2280 29 23 to
547 2276 61 31 win,

61 2318 88 29 which
183 2317 66 37 they
284 2316 79 28 made
388 2316 37 37 by
451 2316 16 27 5
493 2314 115 35 o'clock,

61 2359 98 29 Heriot
172 2358 62 28 thus
244 2357 122 38 winning
375 2356 36 38 by
422 2356 53 29 five
487 2354 119 29 wickets.

61 2401 58 28 The
131 2399 113 37 fielding
258 2398 28 29 of
308 2397 46 29 the
368 2397 67 28 local
456 2401 71 24 team
553 2406 54 18 was

61 2446 48 23 not
122 2450 37 26 up
173 2444 27 23 to
218 2439 71 27 their
301 2437 78 28 usual
401 2437 81 33 form,
502 2436 104 27 several

61 2491 63 28 easy
150 2479 107 30 catches
288 2477 84 37 being
401 2476 108 29 missed.
534 2473 72 31 ''The

61 2520 119 30 visitors'
194 2519 113 37 fielding
321 2530 53 17 was
387 2518 56 28 also
454 2516 85 35 weak,
554 2516 50 28 but

61 2562 72 28 their
146 2560 117 37 bowling
277 2568 54 19 was
345 2568 63 28 very
421 2557 60 28 fair.
482 2559 6 14 J
521 2555 46 29 Mr
576 2555 28 29 J.

63 2601 133 31 Cormack
222 2599 121 38 umpired
370 2599 42 28 for
508 2596 97 29 Heriot

60 2649 73 23 team
146 2642 53 29 and
210 2641 43 28 Mr
267 2640 111 29 Folland
387 2640 41 28 for
441 2638 160 38 Roxburgh.

61 2682 155 40 Appended
228 2692 46 18 are
293 2681 45 28 the
352 2690 87 19 scores
452 2690 44 17 :

190 2733 188 22 RoXßl'BGH.—lst
387 2732 89 26 Innings.

112 2771 79 25 Dewar,
201 2770 13 20 b
223 2769 94 21 Malcolm
480 2783 13 6 ..
545 2767 12 19 0

111 2798 81 26 Younj:,
206 2798 12 19 b
228 2797 70 20 Foster
471 2808 22 7 ...
543 2794 14 23 9

114 2825 131 24 Winchester,
255 2831 37 13 run
299 2825 37 19 out
472 2830 32 15 ...*
532 2822 25 21 23

112 2852 87 20 Howell,
210 2851 12 20 b
232 2851 92 20 Malcolm
471 2863 22 6 ...
544 2849 13 18 0

111 2879 86 26 Burton,
207 2878 40 20 lbw
258 2878 12 19 b
279 2878 71 20 Foster
380 2879 22 19 ~Z
470 2893 22 5 ...
543 2876 14 20 0

110 2907 98 23 Ormond,
219 2905 13 21 b
243 2905 92 21 Malcolm
473 2920 21 6 ...
545 2903 14 20 0

110 2933 27 21 R.
149 2933 79 26 Elliott,
239 2933 13 19 b
261 2932 94 21 Malcolm
387 2936 5 9 '
472 2947 21 7 ...
545 2930 13 21 0

110 2961 90 26 Manuel,
209 2966 20 15 st
239 2959 75 26 Ottrey
473 2974 22 8 ...
546 2958 13 20 0

110 2989 121 24 Robertson,
241 2988 12 19 b
262 2987 70 21 Foster
474 3003 21 5 ...
547 2985 11 21 1

111 3015 76 26 Moyle,
202 3015 13 19 b
225 3015 69 19 Foster
474 3027 22 7 ...
547 3012 13 20 0

112 3042 63 24 Snell,
190 3044 36 18 not
239 3043 36 18 out
474 3056 22 6 ...
547 3039 13 20 0

163 3069 74 21 Extras
474 3082 49 12 •••<.
548 3067 12 20 5

213 3121 59 22 Total
475 3135 23 7 ...
536 3121 26 20 38

206 3166 88 17 HERIOT.
300 3161 53 21 —lst
376 3160 91 27 Innings.

115 3197 24 20 E.
149 3193 82 28 Ottrey,
237 3201 11 14 c
256 3195 66 26 Moyle
331 3195 13 20 b
352 3194 112 21 Robertson
475 3210 21 6 ...
548 3193 13 20 6

115 3222 102 26 Malcolm,
228 3224 13 17 b
250 3222 114 20 Robertson
478 3237 22 6 ...
551 3221 12 20 4

115 3250 82 24 Adams,
204 3250 14 20 b
230 3250 72 20 Elliott
477 3263 23 7 ...
552 3248 12 20 9

115 3278 62 26 Wall,
188 3278 12 20 b
210 3278 113 21 Robertson
479 3292 20 5 ...
552 3276 13 20 5

106 3306 57 25 Loyd
173 3306 13 20 b
193 3306 112 20 Robertson
479 3321 21 5 ...
540 3304 24 21 15

114 3333 22 21 S.
144 3333 81 25 Ottrey,
232 3339 10 14 c
249 3332 124 21 Wiucheatei
383 3331 12 21 b
402 3332 112 21 Robertson
549 3332 13 17 <•

114 3361 78 22 Foster,
203 3361 38 19 lbw
252 3359 13 20 b
274 3359 113 20 Robertson
477 3373 21 6 ...
549 3359 13 20 2

114 3388 24 20 0.
148 3387 65 26 Todd,
220 3394 10 14 c
239 3386 74 25 Young
322 3386 12 20 b
345 3386 71 20 Elliott
477 3403 19 5 ...
549 3386 13 19 0

114 3415 24 21 E.
147 3415 56 21 Edie.
210 3422 11 13 c
232 3414 127 20 Winchester
369 3414 13 19 b
390 3414 113 20 Robertson
552 3415 10 20 1

114 3443 24 20 G.
152 3443 57 26 Edie,
219 3449 11 13 c
236 3441 129 21 Winchester
375 3443 13 19 b
397 3441 71 21 Elliott
481 3458 19 5 ...
552 3443 12 19 0

115 3470 80 25 Felton,
206 3471 36 19 not
252 3471 37 19 out
475 3483 21 6 ...
547 3469 14 19 0

165 3497 74 20 Extras
478 3511 21 6 ...
552 3497 13 20 4

215 3551 59 21 Total
291 3552 7 9 •
480 3566 22 6 ...
541 3552 25 21 46

190 3589 198 20 Roxburgh.—2nd
400 3589 89 24 Inning*.

116 3621 28 22 R.
156 3620 79 25 Elliott,
247 3621 46 27 lbw,
301 3621 13 21 b
325 3621 69 22 Foster
479 3636 22 7 ...
553 3620 11 23 t

115 3650 81 26 Younsj,
206 3657 12 14 c
228 3650 23 22 G.
265 3650 49 21 Edie
323 3650 13 20 b
345 3650 71 21 Foster
480 3667 21 6 ...
554 3650 12 22 4

115 3678 136 24 Winchester,
264 3678 13 19 b
291 3678 92 21 Malcolm
480 3693 22 6 ...
541 3678 25 21 20

117 3705 87 25 Howe.l,
214 3705 13 20 b
237 3705 52 19 Wall
461 3703 37 23 '...
539 3705 24 20 10

115 3733 85 23 Barton,
211 3738 11 13 c
230 3732 39 19 and
281 3732 12 19 b
307 3731 52 20 Wall
481 3748 20 5 ...
554 3732 12 19 4

115 3758 98 27 Ormond,
223 3765 11 15 c
245 3759 69 21 Foster
323 3760 12 19 b
344 3758 95 22 Malcolm
476 3774 22 7 ...
538 3758 24 22 1.l

117 3787 80 24 Dewar,
208 3791 36 17 not
253 3789 36 18 out
477 3803 22 6 ...
550 3787 14 20 3

116 3814 91 26 Manual,
216 3815 40 20 cS.
267 3815 73 25 Ottrey
350 3814 13 20 b
373 3814 55 21 Wall
480 3830 21 6 ...
552 3815 15 19 0

115 3842 120 22 Robertson,
247 3842 13 19 b
272 3840 52 22 Wall
480 3855 23 8 ...
552 3838 50 23 0/•

116 3869 75 25 Moyle,
202 3876 37 12 run
249 3872 37 16 ont
481 3885 21 6 ...
554 3869 12 20 2

115 3896 64 24 Suell,
192 3896 12 20 b
216 3895 93 22 Malcolm
481 3913 21 6 ...
554 3898 13 18 0

169 3925 72 20 Extras
482 3939 22 7 ...
555 3924 11 22 7

216 3978 58 20 Total
481 3994 22 7 ...
543 3979 23 20 64

203 4017 159 22 Heriot.—2nd
388 4017 90 26 lonings.

115 4053 65 25 Todd,
190 4060 11 13 c
214 4051 144 22 Winchesterb
366 4052 137 21 Robertson...
555 4053 13 18 fi

116 4081 24 20 E.
152 4081 81 23 Ottrey,
245 4081 11 18 b
270 4080 111 19 Robertson
481 4094 14 5 ..
554 4081 13 17 0

117 4108 101 23 Malcolm,
229 4114 11 12 c
249 4106 38 21 and
298 4106 14 21 b
325 4106 72 21 Elliott
482 4122 20 6 ...
555 4107 13 19 6

118 4136 84 24 Adams,
213 4135 12 18 b
235 4134 114 21 Robertson
482 4151 21 5 ...
555 4134 13 19 0

116 4163 65 25 Loyd,
189 4163 13 19 b
212 4162 112 20 Rol>ertaou
479 4176 22 5 ...
540 4162 24 20 24

116 4189 64 25 Wall,
190 4189 13 19 b
213 4188 73 20 Elliott
482 4203 21 5 ...
544 4189 24 19 10

117 4217 26 20 G.
157 4215 56 24 Edie,
225 4221 35 15 not
266 4217 37 19 out
482 4230 21 6 ...
556 4215 12 21 6

150 4244 82 25 Ottrey,
244 4245 36 19 not
289 4245 37 19 out
482 4259 21 5 ...
555 4244 14 20 3

168 4271 74 21 Extras
484 4287 21 5 ...
555 4271 14 20 3

220 4324 56 19 Total
287 4324 32 19 for
327 4324 30 19 six
368 4324 81 19 wickets
482 4340 21 3 ...
543 4325 24 18 58

186 4405 175 41 Cromwell
388 4405 111 41 Notes.

159 4492 147 26 (OCCASIONAL
323 4491 204 26 CuBKE.SPO.VDE.VT.)

102 4532 51 26 The
192 4533 106 25 weather
320 4532 49 27 still
401 4534 129 25 continues
560 4532 53 35 dry,

69 4569 119 34 although
202 4579 13 16 a
230 4578 56 26 very
299 4569 78 36 heavy
399 4570 95 26 shower
515 4570 28 25 of
561 4571 52 25 rain

70 4606 41 28 fell
126 4616 30 18 on
176 4607 108 35 Sunday,
299 4607 42 27 but
354 4607 85 36 passed
459 4606 36 28 off
504 4607 109 37 quickly.

72 4645 46 26 We
129 4655 39 17 are
183 4645 136 34 beginning
334 4652 24 19 to
372 4645 44 27 feel
439 4656 12 16 a
471 4646 96 33 change
588 4647 25 25 in

70 4685 41 23 the
125 4684 112 32 morning
249 4683 48 25 and
319 4684 107 31 evening
445 4684 42 30 air,
501 4684 47 25 and
562 4684 19 25 it
594 4684 20 26 is

68 4722 108 31 Thought
192 4721 51 25 that
265 4721 86 25 winter
371 4721 49 25 will
439 4727 36 19 set
497 4721 25 25 in
547 4720 66 35 early

69 4757 63 25 here.

105 4796 33 24 At
151 4799 97 30 present
261 4804 36 17 we
311 4803 39 16 are
367 4793 119 36 suffering
499 4793 61 27 from
584 4804 29 16 an

67 4831 122 27 influenza
213 4832 241 34 epidemic—people
479 4841 31 15 on
542 4840 71 26 every

67 4870 52 26 side
131 4868 168 36 complaining
313 4869 27 25 of
349 4868 27 26 it.

103 4906 58 27 Last
199 4907 66 25 week
303 4906 40 26 the
376 4904 107 27 Vincent
516 4905 98 37 County

69 4945 183 27 Horticultural
266 4944 98 34 Society
379 4943 54 27 held
449 4943 62 27 their
524 4945 90 26 annual

68 4985 77 28 show,
182 4985 46 23 and
261 4982 157 31 considering
455 4983 41 24 the
533 4988 81 20 recent

69 5021 116 35 drought,
200 5019 48 28 and
264 5026 62 21 state
337 5018 27 28 of
370 5019 65 30 fruit,
449 5025 54 26 etc.,
526 5028 73 25 gener-

70 5059 55 32 ally,
139 5059 19 25 it
169 5068 43 16 can
226 5059 26 25 lie
265 5057 76 32 safely
355 5057 52 25 said
418 5056 53 26 that
486 5057 56 34 they
554 5058 60 24 have

68 5104 73 16 never
175 5095 55 26 held
267 5104 13 16 a
315 5094 84 26 better.
437 5093 52 26 Ttie
525 5095 89 24 entries

68 5131 37 28 for
117 5134 157 31 competition
289 5130 104 28 reached
407 5131 57 32 442,
484 5131 47 26 and
547 5141 67 16 came

68 5170 59 26 from
143 5171 29 25 all
188 5177 74 28 parts.
302 5171 40 24 Mr
356 5169 149 26 Warburton
526 5169 88 36 proved

69 5218 29 15 an
113 5209 175 32 indefatigable
301 5213 130 29 secretary,
446 5207 47 26 and
517 5207 97 26 worked

70 5245 59 25 hard
145 5252 23 18 to
182 5247 70 25 make
263 5247 18 25 it
293 5246 40 25 the
344 5253 96 17 success
451 5245 17 25 it
480 5253 56 17 was.
574 5245 42 25 Mr

71 5283 107 25 Houdeo
193 5283 103 27 assisted
315 5283 30 34 by
360 5282 41 26 Mr
414 5282 70 31 Dick,
499 5281 69 27 acted
590 5291 26 16 as

65 5320 79 35 judge
157 5321 36 25 for
206 5322 57 26 fruit
277 5320 47 27 and
340 5319 102 33 flowers,
456 5320 46 26 and
523 5320 93 26 Messrs

70 5356 23 26 J.
112 5357 70 26 Hoon
196 5359 46 26 and
257 5359 30 28 T.
315 5358 31 26 H.
379 5358 53 27 Bell
453 5358 97 35 judged
576 5358 40 25 the

72 5393 68 27 other
152 5396 114 32 exhibits,
280 5395 47 28 and
341 5405 63 25 gave
423 5395 99 33 general
545 5395 58 27 satis-

70 5433 99 25 faction.
204 5434 53 26 The
270 5434 40 27 list
325 5434 27 26 of
360 5434 106 26 exhibits
480 5435 47 25 and
540 5434 62 35 prize-

72 5470 105 25 winners
191 5479 39 17 are
240 5473 36 23 far
290 5478 39 18 too
350 5480 131 17 numerons
504 5479 23 17 to
549 5480 51 16 men-

73 5506 60 30 tion,
148 5506 44 25 but
205 5507 40 26 the
258 5508 88 34 special
357 5509 164 33 prize—most
535 5508 82 35 points

72 5541 69 27 made
152 5542 31 37 by
203 5552 47 29 any
272 5554 46 18 one
336 5545 207 28 exhibitor—was
562 5554 54 17 won

72 5580 31 36 by
117 5581 42 27 Mr
171 5581 123 28 Solomon.

107 5620 36 24 At
165 5620 40 24 the
231 5620 103 36 hospital
355 5630 29 16 od
411 5621 122 35 Saturday
564 5621 53 26 Mrs

74 5655 22 26 osCallagan,motherofMrso
100 5658 6 13 s
109 5655 317 35 Callagan,motherofMrs
436 5658 181 37 M'Laughton,

73 5694 56 26 died
148 5694 61 27 after
229 5705 13 16 a
266 5705 59 25 very
349 5696 69 26 short
442 5696 92 26 illness.
569 5697 49 25 She

73 5740 51 17 was
136 5740 32 17 on
192 5741 12 18 a
227 5733 56 26 visit
306 5739 23 20 to
355 5732 42 27 her
418 5733 129 36 daughter,
570 5734 47 27 and

73 5769 94 36 shortly
184 5769 62 30 after
258 5772 42 27 her
313 5770 88 28 arrival
416 5771 57 28 took
487 5771 33 28 ill.

641 201 1 38 l
688 206 38 23 Oti
739 201 129 37 Thursday
882 201 46 28 last
943 203 41 26 Mr
997 203 47 26 and
1065 201 54 28 Mrs
1140 201 43 27 Tal-

641 241 1 35 |
653 241 58 35 boys
736 250 62 17 were
820 241 41 25 the
885 241 143 29 receipients
1053 241 27 26 of
1100 250 14 16 a
1140 248 55 21 very

651 278 132 26 handsome
798 284 37 20 tea
848 277 47 27 and
909 277 75 27 coffee
1000 278 91 26 service
1103 276 92 37 (which

650 317 20 27 is
683 323 25 20 at
722 322 98 30 present
841 325 31 17 on
892 316 67 26 show
981 322 25 20 at
1027 316 42 27 Mr
1089 315 106 35 Hotop's

649 355 73 36 shop)
734 364 30 17 on
777 355 62 26 their
849 354 129 34 departure
992 353 60 28 from
1065 352 129 29 Cromwell

649 392 37 27 for
717 392 122 27 Dunedin.
875 392 54 26 The
953 391 165 35 presentation
1144 400 50 17 was

649 429 69 27 made
732 429 31 36 by
776 429 41 26 the
839 429 57 26 Rev.
922 430 43 25 Mr
989 429 127 32 Edwards,
1140 429 54 25 who

648 467 74 35 spoke
741 469 25 25 in
789 476 13 18 a
823 466 46 28 few
891 467 158 27 well-chosen
1072 465 79 27 words
1169 465 28 27 of

648 506 41 26 the
701 506 46 26 loss
759 504 128 28 Cromwell
901 515 47 17 was
958 506 141 33 sustaining
1110 504 30 35 by
1152 504 40 26 the

648 544 129 32 departure
788 542 28 26 of
826 542 41 26 Mr
877 542 47 25 and
935 542 53 25 Mrs
1001 542 114 34 Talboys.
1152 541 42 25 Mr

646 579 45 28 Tal
694 580 60 35 boys
766 579 107 31 suitably
888 578 134 35 responded
1036 579 47 26 and
1096 579 96 26 various

647 617 119 26 members
781 615 104 27 testified
900 616 62 26 their
983 616 163 35 appreciation
1170 615 27 26 of

646 655 41 25 Mr
709 654 47 26 and
780 654 53 26 Mrs
845 654 107 26 Talbovs
974 654 104 26 services
1100 653 93 33 during

647 692 63 25 their
734 697 53 19 stav
808 692 25 24 in
858 689 132 27 Cromwell
1035 691 38 25 On
1102 689 87 32 Friday

646 729 114 31 morning
774 727 46 26 last
832 727 69 35 quite
914 737 13 16 a
941 727 80 26 crowd
1037 736 62 17 were
1112 732 24 20 at
1150 725 41 27 the

644 765 72 26 coach
733 772 23 18 to
769 773 40 17 see
830 765 42 26 the
895 763 45 27 last
960 763 27 27 of
1004 763 41 27 Mr
1067 763 48 27 and
1138 763 54 26 Mrs

642 803 106 33 Talboys

677 840 102 33 Mining
791 840 20 24 is
824 838 50 27 still
888 848 26 16 as
927 838 63 35 busy
1001 849 25 15 as
1044 849 59 15 ever
1125 841 63 23 here.

643 878 50 25 The
703 876 96 26 electric
810 877 48 25 No.
881 877 10 24 1
905 876 92 33 dredge
1008 876 19 25 is
1041 876 52 26 srid
1117 883 24 18 to
1164 876 28 25 be

642 923 30 16 on
687 922 58 23 vpry
757 913 64 33 good
835 912 58 29 gold
903 913 55 34 just
972 921 55 16 now
1038 913 95 31 though
1151 912 40 25 the

644 950 94 31 ground
750 950 19 26 is
783 949 57 35 only
852 949 53 27 20ft
916 949 67 35 deep.
1021 950 53 26 The
1088 949 103 27 Electric

644 989 45 27 No.
701 989 16 26 2
740 989 19 25 is
781 987 94 35 rapidly
896 986 75 37 being
993 986 72 31 built,
1089 987 47 27 and
1159 986 30 26 all

644 1026 76 26 hands
734 1034 40 16 are
789 1025 60 33 busy
863 1030 101 30 putting
983 1024 41 25 the
1046 1025 52 25 iron
1124 1023 65 26 work

644 1063 113 33 together
769 1070 29 17 on
814 1061 49 26 her.
904 1061 8 26 I
930 1061 91 26 believe
1032 1062 18 26 it
1069 1063 19 25 is
1108 1060 32 28 all
1160 1070 30 17 on

644 1101 40 24 the
698 1099 96 32 ground
810 1108 62 17 now.

679 1137 48 26 The
755 1136 118 26 Bowman
905 1134 56 28 Flat
991 1135 133 35 Dredging
1148 1134 43 27 Co.

643 1183 39 17 are
707 1174 52 25 also
783 1174 150 33 proceeding
959 1172 54 26 well
1037 1174 57 25 with
1124 1172 68 26 there

644 1211 76 31 work,
734 1219 26 18 as
774 1220 46 16 one
833 1210 27 26 of
868 1210 40 26 the
923 1217 121 28 pontoons
1055 1209 50 28 will
1117 1209 30 27 be
1160 1218 30 17 on

642 1249 23 26 in
682 1249 68 26 three
761 1248 88 27 weeks.

680 1287 9 24 I
714 1287 92 24 believe
827 1287 41 23 the
891 1286 76 25 Clvde
994 1285 128 30 Dredging
1122 1284 2 31 1
1148 1284 44 26 Co.

920 1313 8 7 y

642 1332 40 18 are
696 1332 54 18 now
764 1330 41 19 out
818 1323 27 25 of
854 1322 67 33 debt-,
934 1332 26 17 as
974 1322 63 27 their
1051 1322 45 26 last
1108 1327 82 21 return

644 1369 49 16 was
704 1369 56 15 verv
776 1360 71 33 good,
863 1360 73 33 being
947 1360 61 25 87oz
1018 1359 80 25 3dwts
1110 1360 82 32 12grs.

679 1397 99 36 5/3/97.

708 1482 68 43 The
802 1482 119 42 Teviot
947 1481 179 44 Orchards.

671 1570 126 30 TALKS
817 1571 105 29 WITH
943 1570 75 29 TH«j
1039 1568 105 31 FRUIT-

826 1618 196 30 GROWERS.

698 1700 56 29 MR
774 1700 179 28 HOODIE'S
974 1697 165 30 GARDEN.

792 1778 100 23 (Special,
911 1776 133 25 Reporter.)

679 1811 193 38 Individually,
903 1811 46 28 the
980 1810 99 29 Teviot
1110 1810 67 29 fruit-

642 1863 119 28 growers
775 1856 73 25 must
870 1853 33 27 be
931 1851 58 29 said
1016 1855 27 25 to
1068 1851 34 29 be
1128 1851 65 28 both

641 1893 141 38 energetic
804 1892 54 29 and
880 1891 183 40 progressive,
1086 1902 30 18 as
1136 1891 43 28 wit-

641 1944 62 18 ness
729 1933 72 29 their
823 1933 143 38 steadings
989 1932 54 29 and
1067 1932 125 39 gardens.

641 1974 116 37 Though
790 1975 47 28 the
869 1974 128 37 industry
1034 1973 22 29 is
1088 1978 28 24 to
1147 1973 46 29 the

641 2014 126 37 majority
789 2015 29 27 of
839 2014 75 27 them
939 2014 50 27 but
1013 2023 35 18 an
1074 2013 118 38 adopted

639 2055 113 38 calling,
766 2054 187 29 nevertheless
980 2064 16 19 a
1020 2053 64 29 visit
1099 2058 27 25 to
1140 2064 52 26 any

640 2095 28 28 of
682 2095 46 28 the
744 2095 118 36 gardens
885 2095 28 27 in
940 2094 47 28 the
1012 2093 107 29 district
1138 2094 54 28 will

641 2145 92 26 prove,
746 2135 22 28 if
782 2135 78 37 proof
873 2135 34 28 be
920 2134 116 34 needed,
1060 2134 60 29 that
1142 2145 50 18 nur

640 2175 166 28 orchardists
818 2185 46 18 are
879 2178 47 24 not
948 2174 119 29 satisfied
1093 2178 28 25 to
1140 2174 50 39 jog

639 2215 83 38 along
747 2215 28 27 in
797 2225 35 18 an
856 2214 202 29 old-fashioned
1083 2225 30 18 or
1126 2225 48 18 con-

639 2255 134 28 servative
787 2265 122 24 manner,
924 2255 50 28 but
1000 2265 44 18 are
1069 2265 63 18 ever
1154 2264 34 19 on

638 2295 46 26 the
698 2294 63 27 look
776 2298 47 24 out
837 2295 43 28 for
893 2305 58 17 new
963 2295 53 26 and
1032 2295 157 36 up-to-date

639 2333 134 35 methods,
786 2334 55 28 and
861 2343 45 19 are
921 2334 81 37 ready
1015 2338 27 24 at
1056 2344 53 27 any
1124 2335 64 28 time

637 2377 27 26 to
677 2378 47 24 cut
737 2378 48 25 out
798 2374 55 29 and
866 2374 107 29 discard
985 2374 86 29 whole
1080 2374 92 39 planta-

637 2415 70 27 tions
721 2414 27 28 in
762 2415 97 27 favour
872 2415 29 28 of
912 2426 75 17 more
996 2416 102 35 prolific
1109 2417 63 26 bear-

634 2453 50 38 ing
702 2458 71 23 trees
787 2464 30 19 or
830 2454 126 29 varieties
967 2454 98 39 giving
1079 2455 66 28 fruit
1155 2455 29 28 of

634 2505 15 17 a
664 2495 90 28 better
766 2505 30 18 or
817 2505 74 19 more
916 2495 170 29 marketable
1109 2495 76 29 kind.

635 2534 38 29 So
686 2535 21 26 it
719 2535 23 27 is
755 2534 188 37 individually,
958 2536 50 27 but
1020 2545 29 18 as
1060 2545 16 18 a
1090 2536 84 28 collec-

633 2574 56 28 tive
704 2573 73 38 body
789 2573 13 30 I
812 2585 44 18 am
865 2575 97 35 afraid,
973 2575 70 28 from
1055 2575 116 28 informa-

634 2615 57 28 tion
710 2618 11 25 L
746 2614 69 29 have
841 2615 144 38 gathered,
1000 2616 64 34 they
1081 2626 44 18 are
1139 2620 48 24 not

632 2655 110 38 equally
755 2655 171 29 determined
940 2656 28 28 in
995 2656 72 28 their
1093 2657 93 29 efforts

635 2701 27 23 to
686 2695 103 29 extend
814 2696 72 28 their
899 2697 98 36 sphere
1011 2697 29 27 of
1053 2697 90 28 action
1156 2707 31 18 or

635 2740 28 25 to
675 2737 94 29 obtain
785 2736 61 39 just
870 2737 91 36 rights
982 2737 88 30 which
1096 2737 91 30 would

635 2777 75 38 place
723 2778 75 28 them
817 2787 36 18 on
879 2789 16 17 a
921 2778 90 28 better
1036 2778 108 36 footiug
1157 2789 30 17 as

634 2820 43 25 tar
689 2827 28 18 as
731 2817 175 38 competition
918 2818 66 28 with
994 2818 108 28 outside
1115 2828 54 18 mar-

635 2857 63 28 kets
717 2856 24 30 is
763 2857 162 29 concerned.
967 2857 144 29 Extended
1124 2857 50 28 rail-

635 2907 60 29 way
707 2897 104 39 facility
824 2897 22 28 is
860 2908 16 18 a
893 2897 184 30 desideratum
1090 2898 29 28 in
1133 2898 55 29 this

635 2937 169 36 connection,
823 2938 54 29 and
901 2938 47 29 the
969 2938 108 39 subject
1098 2947 89 21 comes

636 2982 159 35 uppermost
813 2977 29 30 in
862 2978 155 39 discussing
1030 2978 143 39 fruitgrow-

636 3019 50 37 ing
695 3018 87 37 topics
790 3019 66 29 with
865 3019 45 29 Mr
920 3019 118 29 Moodie.
1100 3019 88 28 There

637 3057 24 29 is
688 3064 46 22 not
757 3058 136 30 sufficient
917 3058 169 32 determined
1115 3069 55 19 com-

639 3097 123 28 bination
775 3102 127 33 amongst
923 3108 50 18 our
1155 3099 34 27 he

641 3147 71 28 says,
767 3147 31 19 or
822 3137 47 30 the
890 3137 119 40 railway,
1031 3138 107 29 instead
1160 3138 29 29 of

641 3178 84 37 being
737 3188 17 17 a
767 3182 98 24 matter
877 3179 29 28 of
919 3179 136 29 incessant
1069 3179 58 28 talk
1147 3179 43 27 for

641 3227 30 19 so
684 3217 75 40 long,
774 3218 88 29 would
876 3218 68 30 have
961 3219 69 29 been
1053 3229 35 18 an
1101 3218 89 29 actual

640 3258 56 29 fact
719 3258 66 39 long
810 3269 44 19 ere
1006 3258 180 39 Invercargill

641 3298 74 28 itself
727 3299 53 27 and
795 3299 46 29 the
855 3299 172 29 settlements
1042 3299 82 39 along
1143 3299 49 28 the

641 3338 134 39 proposed
789 3344 77 24 route
890 3339 89 29 would
992 3339 64 38 give
1069 3339 47 29 the
1130 3349 45 28 pro-

637 3379 58 38 ject
707 3379 29 28 of
748 3390 16 17 a
778 3379 110 38 railway
912 3384 28 24 to
954 3379 153 38 Roxburgh
1121 3379 71 29 their

642 3419 83 29 moral
738 3425 115 33 support
867 3420 22 28 if
903 3420 63 37 only
977 3431 16 17 a
1001 3419 102 29 central
1119 3430 54 18 com-

643 3460 92 28 mittee
746 3460 107 29 existed
862 3460 64 29 here
938 3462 51 35 (we
999 3460 85 38 being
1094 3459 96 38 chiefly

641 3499 168 37 interested),
824 3500 61 29 who
895 3500 88 29 would
997 3499 127 38 organise
1137 3500 54 28 and

642 3546 51 33 put
704 3540 29 28 in
745 3540 102 30 motion
861 3540 48 31 the
926 3541 87 29 forces
1028 3541 60 28 that
1102 3540 88 29 would

644 3581 61 26 best
717 3580 65 27 tend
796 3585 28 23 to
846 3586 122 31 promote
984 3580 46 27 the
1051 3580 92 37 object
1162 3580 29 27 in

644 3619 75 29 view.
758 3618 57 30 The
834 3625 77 24 route
932 3619 53 29 will
1008 3618 136 41 naturally
1159 3619 33 29 lie

643 3660 178 36 southwards,
834 3671 29 18 as
876 3661 22 27 it
911 3660 91 30 would
1014 3671 72 29 open
1097 3671 37 27 up
1145 3660 46 29 the

645 3702 59 26 best
722 3700 64 28 land
799 3700 27 28 iu
839 3700 59 28 that
911 3700 143 35 direction,
1067 3700 54 28 and
1133 3701 59 27 that

644 3744 75 25 route
734 3739 88 30 would
835 3739 65 37 also,
926 3751 30 17 as
980 3740 61 28 well
1063 3749 30 19 as
1107 3739 83 39 being

642 3781 49 28 the
699 3786 71 24 most
778 3780 173 39 practicable,
961 3781 62 29 best
1032 3781 55 29 suit
1096 3779 97 30 Teviot

642 3820 55 30 and
722 3821 185 38 surrounding
933 3820 131 35 districts,
1088 3831 29 17 as
1144 3831 49 17 our

643 3861 100 28 timber
764 3861 119 38 supplies
897 3870 76 19 come
997 3861 70 27 from
1091 3860 85 28 South-

643 3901 73 36 land,
742 3901 53 29 and
821 3908 54 22 two
899 3901 120 29 markets
1043 3900 90 30 would
1158 3901 34 29 be

644 3942 103 38 opened
768 3951 36 28 up
819 3942 44 27 for
874 3951 50 18 our
938 3942 237 37 supplies—lnver-

644 3981 95 39 cargill
752 3982 52 28 and
820 3981 137 29 Dunedin.

682 4021 80 29 From
776 4021 47 29 the
837 4021 108 39 subject
966 4021 30 29 of
1015 4021 46 28 the
1083 4021 109 38 railway

646 4072 38 18 we
698 4072 62 27 pass
778 4066 29 24 to
829 4072 33 16 an
886 4062 141 28 extension
1041 4061 29 28 of
1093 4062 45 27 the
1152 4062 27 27 in-

645 4101 96 38 dustry
754 4101 28 28 in
800 4101 114 29 another
926 4101 141 36 direction,
1083 4102 62 35 viz.,
1156 4102 35 38 by

646 4142 46 28 the
703 4142 208 28 establishment
923 4142 29 28 of
964 4153 17 17 a
999 4142 120 39 canning
1138 4142 53 28 and

645 4182 160 38 preserving
830 4191 32 18 or
882 4181 186 39 jam-making
1088 4182 104 37 factory

645 4223 27 27 in
705 4221 162 38 Roxburgh,
904 4222 54 29 and
999 4222 45 29 Mr
1085 4222 108 30 Moodie

646 4262 109 37 warmly
769 4262 159 29 commends
952 4262 46 30 the
1022 4262 170 39 suggestion.

644 4302 58 28 The
716 4302 69 35 idea,
799 4303 33 27 he
854 4313 70 26 says,
947 4302 22 28 is
990 4313 52 17 one
1056 4303 45 27 Mr
1114 4302 79 28 Lorie

644 4342 53 31 had
710 4347 29 26 at
752 4342 75 31 heart
844 4342 77 31 when
943 4342 33 32 he
989 4353 55 21 was
1064 4353 129 31 manager

644 4386 44 27 for
707 4386 47 26 the
775 4386 200 36 Fruitgrowers
1000 4386 58 34 Co.,
1079 4386 54 26 and
1159 4387 33 27 he

646 4424 56 38 (Mr
722 4424 119 37 Moodie)
867 4424 181 30 understands
1071 4424 77 30 there
1169 4425 22 29 is

632 4465 1 38 j
643 4474 29 19 at
691 4470 110 33 present
819 4476 16 17 a
855 4466 69 28 fund
942 4465 203 38 accumulating
1163 4466 27 27 in

632 4504 1 40 I
644 4505 46 30 the
705 4504 85 31 hands
801 4504 28 31 of
843 4505 46 30 the
903 4516 134 28 compauy
1060 4505 85 31 which
1169 4505 22 30 is

632 4546 1 38 |
642 4547 134 27 allocated
809 4547 44 27 for
884 4547 60 27 that
969 4556 126 28 purpose.
1134 4546 57 28 The

632 4586 1 43 I
643 4586 108 28 scheme
764 4586 57 35 has,
835 4586 135 36 however,
990 4586 54 28 lain
1064 4586 127 28 dormant

632 4626 1 36 j
644 4628 44 28 for
698 4637 74 19 some
785 4628 75 34 time,
876 4628 53 27 and
944 4628 33 28 he
990 4628 23 27 is
1034 4632 49 23 not
1104 4637 88 18 aware

632 4667 1 37 j
643 4667 73 28 what
752 4668 46 28 the
823 4668 134 28 intention
982 4667 22 28 is
1027 4673 28 21 at
1081 4671 110 33 present

632 4705 1 40 !
643 4707 156 38 respecting
819 4707 30 29 it.
889 4706 45 29 Mr
952 4706 109 29 Moodie
1081 4707 23 28 is
1127 4716 48 19 con-

632 4746 1 41 |
644 4747 97 27 vinced
754 4747 59 26 that
826 4756 16 16 a
853 4746 68 28 local
936 4746 106 37 factory
1053 4746 89 28 would
1157 4747 34 27 be

632 4785 1 39 :
644 4785 47 29 the
705 4795 92 18 means
811 4785 28 29 of
852 4785 97 38 saving
962 4786 146 38 profitably
1123 4797 15 17 a
1152 4786 39 29 lot

632 4825 1 37 |
644 4825 28 28 of
693 4826 66 26 fruit
783 4826 87 26 whicli
895 4831 28 21 at
943 4833 110 29 present
1072 4837 65 25 goes
1163 4833 28 22 to

632 4864 1 39 i
644 4869 91 30 waste,
750 4875 30 17 or
793 4865 87 28 which
891 4865 21 27 it
928 4864 65 28 does
1017 4870 47 23 not
1087 4875 51 28 pay
1163 4871 26 23 to

632 4904 1 37 |
643 4904 67 29 send
723 4915 84 26 away.

680 4945 44 29 Mr
750 4945 132 29 Moodie's
906 4944 112 30 orchard
1047 4944 23 29 is
1096 4957 15 16 a
1136 4946 53 28 fine

642 4985 151 38 plantation
806 4986 29 28 of
848 4990 79 29 trees,
941 4985 112 37 sloping
1067 4995 75 28 away
1163 4990 28 24 to

644 5026 45 28 the
703 5025 61 29 liiils
787 5037 34 17 oil
845 5025 108 38 Benger
978 5025 68 34 Flat,
1068 5025 54 29 and
1146 5026 45 28 the

642 5066 110 36 healthy
766 5075 167 28 appearance
949 5065 28 28 of
992 5066 46 26 the
1054 5070 70 23 trees
1138 5066 53 27 and

642 5106 98 28 almost
754 5105 66 29 total
830 5105 115 28 absence
960 5105 29 28 of
1000 5104 91 39 blight
1100 5105 29 28 of
1139 5115 52 28 any

643 5146 67 28 kind
723 5146 22 28 is
759 5151 28 23 at
795 5155 66 19 once
874 5145 182 29 noticableon
1066 5145 127 39 entering

643 5187 46 28 the
712 5187 114 37 garden.
865 5186 52 28 His
945 5185 118 38 position
1087 5185 28 28 ill
1137 5186 54 29 this

644 5231 105 33 respect
787 5237 22 17 is
847 5227 101 36 unique
981 5230 131 33 amongst
1145 5226 47 28 the

643 5277 128 26 growers,
785 5277 29 17 as
827 5266 34 28 he
874 5266 62 28 tells
957 5276 42 18 me
1020 5265 47 29 the
1088 5265 103 39 garden

646 5308 45 26 has
706 5307 68 28 been
797 5308 56 26 free
877 5307 71 27 from
974 5306 89 38 blight
1086 5306 29 27 of
1139 5316 51 27 any

646 5347 66 27 kind
728 5347 76 36 (with
818 5347 45 27 the
883 5346 145 38 exception
1052 5347 29 27 of
1102 5346 90 28 codlin

645 5388 86 33 moth)
743 5387 73 28 since
825 5387 34 28 he
868 5387 104 27 started
981 5386 211 38 fruitgrowing;

644 5428 54 28 and
712 5428 64 35 this,
789 5432 55 30 too,
863 5427 106 37 despite
982 5427 46 28 the
1051 5428 56 27 fact
1133 5427 60 27 that

645 5469 34 27 he
690 5468 48 28 has
753 5477 82 18 never
848 5477 70 26 gone
940 5466 28 27 in
987 5466 43 28 for
1051 5467 141 37 spraying.

645 5508 44 28 He
703 5507 118 34 intends,
835 5507 133 33 however,
983 5510 28 23 to
1024 5506 90 27 invest
1136 5505 28 27 in
1178 5516 15 16 a

645 5558 81 30 spray
740 5557 83 30 pump
844 5546 54 29 this
920 5555 72 30 year,
1014 5545 98 40 merely
1128 5556 29 18 as
1178 5555 16 19 a

645 5589 189 39 preventative
847 5597 131 19 measure.

691 5630 49 28 '.'lie
762 5628 116 30 orchard
903 5637 93 19 covers
1011 5627 77 40 eight
1110 5636 84 27 acres,

645 5670 76 30 three
734 5670 30 30 of
784 5669 88 29 which
882 5677 45 20 are
947 5678 16 18 a
980 5679 94 28 young
1089 5667 91 40 planta-

646 5712 67 34 tion,
734 5709 133 39 expected
886 5713 29 24 to
937 5708 35 28 be
994 5709 114 37 bearing
1129 5711 68 25 next

646 5761 73 28 year.
758 5750 131 39 Apricots
924 5748 55 30 and
1008 5748 117 40 peaches
1151 5758 45 19 are

1217 192 1 46 '
1423 208 105 30 grown,
1553 195 108 31 besides
1691 192 89 30 which

1227 241 76 29 there
1322 250 46 19 are
1390 240 58 28 also
1474 249 16 19 a
1517 236 116 30 number
1651 234 30 29 of
1703 233 76 38 plum

1225 285 81 26 trees.
1347 279 70 30 Like
1456 278 79 30 other
1567 283 129 32 growers,
1733 272 47 29 Mr

1227 322 108 29 Moodie
1348 331 54 18 was
1421 320 178 29 unfortunate
1618 313 108 40 enough
1748 316 30 26 to

1225 367 69 25 have
1306 374 34 18 an
1358 366 75 25 utter
1446 360 96 29 failure
1555 359 28 29 in
1606 357 42 29 his
1672 351 105 42 apricot

1224 413 65 28 crop
1314 403 55 29 this
1410 411 74 25 year,
1507 400 47 29 the
1584 398 84 29 frosts
1692 394 85 39 being

1223 443 129 39 primarly
1390 440 177 40 responsible,
1598 435 115 31 assisted
1738 435 38 37 by

1224 484 46 29 the
1283 494 120 29 ravages
1413 482 29 30 of
1450 482 46 29 the
1507 479 78 32 small
1595 477 84 31 birds.
1717 475 58 30 The

1223 526 115 36 peaches
1364 524 57 27 also
1448 532 69 18 were
1543 521 64 36 only
1627 530 16 17 a
1664 526 110 27 meagre

1223 575 73 27 crop,
1315 563 91 38 owing
1432 566 28 25 to
1484 562 47 28 the
1550 560 56 29 fact
1627 558 61 29 that
1708 556 66 38 they

1223 614 69 18 were
1315 608 46 24 too
1381 602 107 38 heavily
1509 599 97 30 loaded
1628 598 53 28 last
1699 607 73 28 year,

1222 643 54 29 and
1300 644 45 28 Mr
1369 643 108 29 Moodie
1500 642 22 29 is
1543 638 148 32 convinced
1713 637 60 29 that

1218 683 139 39 judicious
1370 682 121 39 pruning
1504 681 54 28 and
1571 679 131 37 thinning
1714 680 57 32 out,

1222 734 30 17 so
1268 723 60 28 that
1341 722 73 39 good
1427 730 116 29 average
1556 719 87 39 yields
1662 727 61 28 may
1737 716 34 29 be

1222 763 140 35 obtained,
1389 762 23 29 is
1446 762 47 28 the
1524 763 72 26 most
1627 756 144 42 profitable

1223 804 110 27 method
1346 809 28 23 to
1382 803 102 28 follow.
1522 802 39 28 To
1571 801 35 28 do
1615 800 54 28 this
1681 797 88 30 would

1222 843 141 30 doubtless
1377 843 63 29 take
1450 852 73 19 more
1532 842 65 28 time
1611 840 54 29 and
1674 839 96 29 labour

1221 885 65 26 than
1300 894 120 27 growers
1434 892 50 19 can
1498 882 60 28 well
1571 880 87 29 afford
1680 888 70 20 some-

1220 923 90 34 times,
1322 923 50 28 but
1385 923 47 27 the
1445 922 107 28 trouble
1575 920 54 28 and
1649 928 119 29 expense

1221 963 88 29 would
1324 964 33 29 be
1371 961 189 31 remunerated
1583 961 27 28 in
1629 960 47 30 the
1702 958 66 39 long

1220 1015 60 18 run.
1319 1005 45 28 Mr
1389 1003 109 28 Moodie
1522 1003 23 27 is
1571 1007 28 23 at
1624 1011 51 18 one
1700 1000 66 27 with

1219 1045 81 27 other
1311 1054 120 28 growers
1452 1054 29 17 as
1507 1047 28 24 to
1561 1042 46 28 the
1630 1039 136 38 necessity

1219 1085 42 28 for
1274 1085 139 38 spraying,
1426 1084 54 28 and
1493 1088 111 33 expects
1618 1086 28 24 to
1660 1090 43 20 see
1719 1080 47 28 the

1219 1125 65 28 time
1297 1125 27 27 in
1338 1125 46 28 the
1399 1134 65 24 ngar
1475 1124 91 27 future
1581 1123 78 27 when
1674 1121 22 27 it
1710 1119 56 27 will

1220 1165 33 28 be
1276 1165 78 28 made
1374 1164 182 37 compulsory.
1596 1164 43 28 He
1657 1161 22 28 is
1703 1170 48 18 con-

1220 1205 106 35 vinced,
1340 1205 70 28 from
1423 1205 73 27 what
1510 1204 33 28 he
1557 1204 48 28 has
1618 1211 73 24 seen,
1707 1199 59 28 that

1220 1245 34 30 all
1268 1246 53 29 bad
1335 1249 83 36 pests,
1429 1256 67 18 even
1511 1245 46 28 the
1570 1244 90 29 codlin
1682 1239 84 34 moth,

1220 1287 79 28 could
1314 1288 33 26 be
1360 1285 154 28 eradicated
1528 1285 21 26 if
1559 1285 132 37 spraying
1713 1289 54 18 was

1220 1336 71 28 gone
1305 1325 26 29 in
1345 1326 43 28 for
1401 1324 220 37 systematically.

1258 1365 35 28 Of
1317 1365 47 28 the
1393 1364 128 27 different
1544 1364 81 27 kinds
1649 1362 29 28 of
1702 1361 68 28 fruit

1222 1406 87 30 which
1326 1406 33 29 he
1373 1416 50 19 can
1437 1404 174 30 recommend
1632 1404 71 29 from
1729 1402 41 29 his

1221 1457 59 17 own
1304 1445 170 38 experience,
1501 1445 34 27 he
1561 1444 135 28 mentions
1722 1444 48 27 the

1222 1485 81 39 Early
1317 1485 59 29 Red
1390 1482 113 40 apricot,
1519 1482 87 29 which
1627 1484 22 27 is
1669 1495 15 16 a
1698 1482 72 38 good

1221 1527 107 35 carrier,
1343 1525 125 39 growing
1477 1524 92 36 showy
1583 1523 76 35 fruit,
1669 1527 86 25 attrac-

1222 1569 55 28 tive
1324 1566 114 38 looking
1488 1564 53 29 and
1592 1564 179 29 marketable.

1223 1609 103 29 Ollains
1340 1607 84 38 peach
1437 1610 106 34 aprwot
1563 1605 24 28 is
1609 1604 100 36 useful,
1723 1605 32 28 be-

1223 1659 79 20 cause
1315 1648 46 29 the
1375 1646 108 29 earliest
1493 1646 26 27 in
1531 1645 47 28 the
1588 1645 115 34 market,
1717 1645 54 28 and

1223 1690 45 28 the
1295 1687 144 30 Mansfield
1472 1686 54 28 and
1553 1685 149 39 Moorpark
1727 1695 45 18 are

1222 1730 56 29 also
1293 1728 73 40 good
1388 1726 135 31 varieties.
1562 1725 58 29 The
1640 1725 129 30 different

1223 1770 100 39 Royals
1337 1779 45 19 are
1396 1768 71 39 good
1479 1767 120 37 canning
1608 1778 29 17 or
1648 1776 108 29 preserv-

1222 1812 48 39 ing
1283 1810 128 39 apricots,
1434 1809 49 28 but
1507 1807 44 29 Mr
1575 1807 109 29 Moodie
1707 1806 65 29 does

1222 1857 48 25 not
1289 1862 62 18 care
1371 1851 44 28 for
1434 1850 73 28 them
1530 1848 42 29 for
1594 1848 47 29 the
1655 1847 115 29 market.

1223 1894 56 28 The
1316 1891 87 38 Royal
1441 1889 107 38 George
1592 1888 86 39 peach
1716 1887 55 28 and

1222 1934 133 29 Noblesse
1398 1941 46 19 are
1481 1929 72 39 good
1601 1929 169 28 mid-season

1221 1975 133 38 peaches;
1374 1973 54 28 and
1445 1971 102 38 Briggs
1571 1969 60 30 Red
1658 1969 65 37 May
1746 1969 23 28 is

1221 2016 46 28 the
1280 2016 61 28 best
1354 2014 75 37 early
1441 2012 95 39 peach,
1558 2010 94 28 Hale's
1674 2009 94 37 Early,

1221 2056 87 29 which
1330 2064 90 20 comes
1441 2054 27 27 in
1491 2063 16 17 a
1529 2051 138 37 fortnight
1690 2049 78 35 later,

1220 2097 83 36 being
1317 2095 56 29 also
1392 2105 15 17 a
1428 2091 126 40 splendid
1574 2090 95 39 peach.
1693 2089 76 38 „The

1220 2138 94 28 Rivers
1335 2136 23 28 is
1383 2146 16 17 a
1420 2133 71 39 good
1516 2132 73 37 early
1615 2129 94 40 peach,
1736 2129 28 29 of

1218 2176 125 39 splendid
1357 2176 111 33 flavour,
1492 2174 50 27 but
1561 2173 24 27 it
1606 2172 23 27 is
1646 2171 73 38 light
1740 2169 27 28 in

1219 2218 100 33 colour,
1339 2216 54 28 and
1413 2214 23 30 is
1460 2212 196 40 consequently
1678 2221 16 18 a
1713 2209 54 29 bad

1221 2258 107 27 carrier.

127 106 167 52 Friday,
320 103 146 43 March
482 102 55 46 12,
562 101 117 42 1897*

1693 92 197 43 MOUNT
1976 91 227 43 BENGER
2291 92 142 42 MAIL

1216 2335 513 191 ESPIADORANARI

1216 2576 91 57 OUR
1320 2581 104 24 Company
1439 2576 17 21 is
1477 2575 72 27 selling
1563 2575 65 22 direct
1641 2577 21 18 to
1677 2575 35 21 the
1723 2582 33 14 cus-

1291 2613 64 18 tomer
1381 2605 49 21 thus
1449 2603 109 27 procuring
1576 2604 31 20 for
1625 2603 35 20 the
1679 2603 60 21 latter
1756 2611 12 13 a

1214 2639 74 21 double
1314 2640 102 23 economy,
1442 2631 87 26 namely,
1551 2632 36 20 the
1608 2632 60 24 profit
1686 2631 22 20 of
1731 2631 37 21 the

1216 2666 106 21 wholesale
1331 2665 73 24 dealer,
1414 2659 39 24 and
1463 2658 36 21 the
1510 2666 55 13 nior-i
1574 2658 141 21 considerable
1729 2665 39 14 one

1214 2695 21 20 of
1244 2695 33 20 the
1286 2693 56 21 retail
1355 2692 73 23 dealer,
1437 2687 121 25 amounting
1569 2689 22 18 to
1599 2685 54 22 from
1660 2687 22 20 5s
1694 2688 21 19 to
1723 2686 43 22 £lO

1214 2729 54 20 upon
1282 2728 11 14 a
1303 2721 63 26 single
1376 2718 71 22 w*fch.
1475 2714 66 23 Retail
1550 2714 155 21 wa'ch-dealers
1722 2714 40 21 and

1214 2749 108 28 jewellers,
1331 2747 78 27 usually
1414 2745 70 24 selling
1490 2743 38 22 but
1534 2750 10 14 a
1550 2742 39 20 few
1597 2742 89 21 watches
1700 2741 66 27 daily,

1214 2785 33 13 are
1257 2777 68 21 forced
1334 2778 22 18 to
1366 2775 58 21 make
1432 2780 26 13 an
1465 2771 151 23 extraordinary
1628 2770 61 25 profit
1708 2776 56 20 upon

1215 2806 47 20 each
1273 2811 38 14 one
1328 2803 45 20 sold
1381 2803 21 20 in
1420 2801 59 21 order
1498 2801 22 18 to
1529 2798 73 25 defray
1613 2797 52 21 their
1681 2796 82 27 general

1216 2838 104 20 expenses.

1241 2865 38 21 We
1305 2863 141 21 manufacture
1474 2867 22 14 as
1521 2866 38 14 our
1590 2857 103 27 speciality
1718 2855 48 27 only

1214 2892 83 26 sterling
1314 2891 61 21 silver
1392 2897 23 14 or
1439 2888 47 28 gold
1508 2886 149 24 stem-winders
1681 2884 86 28 (keyless

1216 2919 104 26 watches).

1240 2954 44 22 The
1295 2953 79 28 keyless
1380 2952 124 22 mechanism
1518 2950 22 21 of
1554 2949 88 21 watches
1656 2947 17 22 is
1689 2954 39 14 one
1747 2947 21 21 of

1215 2984 34 20 the
1270 2985 52 19 most
1343 2981 113 25 important
1470 2979 40 21 and
1524 2978 67 22 useful
1607 2976 119 22 inventions
1745 2975 24 21 of

1215 3011 82 20 modern
1319 3008 68 21 times.
1414 3006 83 21 Instead
1512 3006 22 21 of
1553 3004 101 25 fumbling
1668 3004 21 19 in
1708 3003 61 20 one's

1215 3037 83 26 pockets
1307 3037 22 19 to
1341 3034 42 22 find
1397 3034 37 21 the
1447 3033 47 26 key,
1512 3032 64 21 which
1592 3032 59 20 when
1666 3029 66 22 found
1751 3029 17 21 is

1215 3067 54 19 most
1289 3063 75 26 always
1388 3060 56 23 filled
1463 3061 51 21 with
1527 3058 116 23 dust—-this
1657 3057 21 22 of
1698 3063 72 15 course

1216 3092 59 25 being
1283 3090 124 22 transferred
1422 3091 22 18 to
1453 3089 35 20 the
1498 3088 66 21 watch
1574 3093 54 14 -one
1639 3086 37 21 has
1693 3086 38 19 but
1748 3086 22 19 to

1216 3121 47 18 turn
1270 3124 12 14 a
1295 3116 88 21 knurled
1395 3116 73 21 button
1484 3115 60 20 fitted
1554 3116 22 18 to
1585 3113 36 21 the
1638 3112 91 32 pendant
1739 3112 31 24 (or

1218 3145 58 27 ring),
1287 3145 48 21 thus
1343 3143 89 27 winding
1439 3143 36 21 the
1484 3142 65 21 watch
1556 3141 40 22 and
1611 3139 115 28 regulatiug
1733 3139 36 20 the

1216 3173 65 22 hands
1290 3173 26 25 by
1326 3173 35 21 the
1371 3178 54 14 same
1439 3177 76 15 means.

1242 3207 43 20 Our
1294 3206 87 20 watches
1390 3211 34 14 are
1431 3204 128 25 everywhere
1567 3201 116 27 recognised
1703 3201 22 20 to
1745 3199 25 22 he

1219 3234 34 21 'he
1267 3234 45 21 best
1328 3232 20 22 in
1359 3231 35 22 the
1407 3230 87 27 market,
1505 3229 116 26 surpassing
1634 3228 27 22 all

1218 3262 35 21 the
1263 3260 97 28 precision
1375 3259 22 22 of
1406 3258 53 21 their
1468 3260 126 19 movements
1608 3264 22 14 as
1648 3256 46 21 well
1705 3263 21 14 as
1743 3255 27 28 by

1218 3290 54 20 their
1280 3295 95 19 accuracy
1385 3286 40 21 and
1434 3286 118 25 cheapness.

1243 3324 43 20 Our
1296 3323 85 26 factory,
1397 3321 54 20 since
1466 3320 27 21 its
1503 3319 121 21 foundation
1630 3318 20 21 in
1665 3318 56 26 1852,
1734 3317 37 21 has

1218 3350 94 27 acquired
1321 3359 11 11 h
1348 3348 123 22 world-wide
1486 3347 124 26 reputation,
1627 3345 39 21 and
1672 3345 97 21 obtained

1219 3379 35 20 the
1280 3377 80 22 highest
1380 3374 79 22 awards
1479 3374 52 21 from
1551 3373 27 22 all
1601 3373 35 21 the
1658 3373 113 25 important

1220 3404 133 23 Exhibitions.
1382 3402 33 22 No
1442 3403 65 20 witch
1534 3401 67 21 leaves
1629 3407 38 15 our
1691 3399 79 21 factorv

1220 3434 87 21 without
1328 3431 74 25 having
1420 3431 50 19 been
1487 3429 98 25 carefully
1594 3455 5 5 _
1606 3427 106 22 examined
1730 3427 40 21 aud

1220 3460 87 24 verified,
1324 3459 49 21 thm
1391 3458 58 25 being
1464 3457 60 25 ready
1543 3456 31 20 for
1593 3455 117 22 immediate
1720 3461 44 15 use.

1220 3489 53 20 Each
1282 3495 38 12 one
1327 3488 16 19 is
1353 3490 37 22 put
1396 3493 28 18 up
1434 3486 20 19 in
1462 3492 25 13 an
1496 3484 87 24 ellegant
1597 3482 103 21 silk-lined
1717 3488 52 19 case,

1218 3515 40 22 and
1267 3512 140 28 accompanied
1418 3512 24 26 by
1453 3519 11 13 a
1474 3512 101 25 warranty
1585 3509 32 22 for
1627 3509 58 21 three
1703 3516 65 20 years.

1243 3551 43 19 The
1301 3549 64 22 buyer
1378 3554 47 18 may
1440 3549 70 18 return
1529 3552 40 16 any
1585 3544 22 20 of
1621 3551 37 14 our
1678 3543 87 21 watches

1220 3577 75 19 withen
1303 3576 30 19 six
1343 3575 82 19 months
1434 3573 72 20 should
1520 3573 35 19 the
1572 3571 62 20 latter
1646 3572 36 19 not
1700 3570 68 21 afford

1220 3603 34 21 the
1264 3604 53 18 most
1326 3600 99 26 complete
1432 3599 134 20 satisfaction.

1246 3636 33 21 All
1296 3634 78 22 articles
1389 3633 44 22 sold
1449 3639 34 15 are
1497 3631 103 22 delivered
1610 3631 46 26 post
1668 3629 49 28 free,
1731 3628 39 22 and

1219 3669 78 17 custom
1313 3664 52 24 duty
1382 3662 46 25 paid
1446 3664 22 17 to
1484 3668 40 18 any
1543 3663 45 23 part
1606 3658 21 21 of
1646 3658 35 20 the
1700 3657 69 26 world,

1220 3691 48 20 thus
1279 3691 86 20 without
1374 3690 35 19 the
1424 3688 93 26 slightest
1529 3686 79 21 trouble
1626 3693 23 13 or
1665 3684 104 26 formality

1220 3723 21 14 to
1251 3718 35 19 the
1295 3717 93 20 receiver.

1247 3752 33 21 All
1290 3751 75 27 lepairs
1388 3749 73 26 during
1479 3749 36 21 the
1532 3748 12 21 3
1554 3753 57 21 yearn
1629 3745 21 21 of
1660 3747 108 25 guarantee

1220 3788 33 13 are
1277 3779 98 22 executed
1400 3777 141 27 gratuitously,
1568 3775 15 21 if
1601 3775 37 21 the
1662 3773 65 23 watch
1745 3773 23 22 be

1220 3806 112 21 forwarded
1341 3808 22 18 to
1372 3812 37 14 our
1420 3805 83 21 London
1511 3804 63 20 office.

1245 3843 42 20 The
1292 3841 103 26 following
1401 3848 33 14 are
1440 3840 47 21 cash
1494 3839 63 27 prices
1569 3838 87 21 without
1661 3837 107 21 discount:

1709 3877 15 21 £
1750 3881 18 17 3.

1270 3910 26 21 A.
1310 3907 149 27 Stem-winder,
1475 3906 83 25 sterling
1572 3905 67 26 silver,
1651 3904 42 22 hall

1319 3933 90 28 marked,
1426 3934 93 27 jewelled
1536 3935 21 19 in
1572 3934 13 19 6
1607 3933 84 25 actions,

1318 3964 74 26 crystal
1400 3963 58 26 glass,
1466 3970 12 13 a
1485 3965 70 20 strong
1561 3960 39 22 and
1608 3960 84 21 durable

1320 3990 65 21 watch
1420 4007 22 4 ...
1545 4005 5 5 .
1562 4004 5 6 .
1670 4003 22 7 ...
1745 3986 24 22 12

1250 4029 46 20 AA.
1312 4027 42 21 The
1363 4033 54 13 same
1426 4025 49 21 with
1485 4024 74 21 double
1574 4023 60 21 silver
1649 4029 44 15 case

1320 4054 104 25 (Hur.ter),
1433 4053 100 26 elegantly
1543 4051 98 26 engraved
1669 4066 22 6 ...
1744 4050 24 20 18

1269 4091 24 21 B.
1308 4090 53 21 Gold
1379 4088 145 26 stem-winder,
1546 4086 41 22 hall
1611 4086 81 21 marked

1319 4121 69 21 strong
1398 4117 77 27 Icyltss
1484 4117 73 25 action,
1567 4113 92 28 jewelled
1672 4113 19 22 in

1320 4147 23 19 IS
1360 4146 83 24 actions,
1463 4144 48 21 with
1532 4143 46 26 gold
1602 4149 23 14 or
1642 4141 49 22 steel

1320 4172 129 25 hand*,small
1456 4171 72 20 second
1536 4171 49 24 dial,
1592 4169 100 25 engraved

1320 4199 21 21 in
1348 4198 97 22 beautiful
1452 4198 160 27 design*,engine
1619 4195 74 22 turned

1318 4236 23 12 or
1350 4227 51 27 plain
1409 4226 151 27 polished,with
1568 4231 123 20 monogram,

1318 4256 82 23 initials,
1409 4262 60 19 arm*,
1480 4257 39 19 etc.
1545 4270 22 6 ...
1669 4267 22 7 ...
1719 4251 12 21 2
1757 4250 12 21 0

1252 4291 43 21 88.
1308 4291 42 20 The
1359 4297 54 14 same
1421 4298 21 11 as
1452 4291 23 24 B,
1484 4290 48 20 with
1541 4292 68 22 strong
1618 4287 74 22 double

1318 4317 46 27 gold
1374 4324 51 18 case,
1435 4324 24 13 an
1475 4316 101 21 excellent
1590 4316 39 20 aud
1646 4321 48 19 very

1320 4345 79 26 elegant
1409 4344 124 28 timekeeper
1553 4361 13 6 ..
1671 4357 22 7 ...
1719 4340 13 23 3
1745 4339 25 23 10

1269 4384 23 20 C.
1308 4383 63 24 Royal
1381 4382 145 24 chronograph,
1539 4382 23 19 IS
1570 4382 56 19 carat
1635 4380 54 24 srold,

1320 4412 51 17 most,
1381 4409 90 24 superior
1479 4408 78 26 keyless
1569 4409 123 21 movement,

1318 4436 22 21 of
1353 4436 35 21 the
1406 4439 52 18 most
1474 4436 92 20 accurate
1582 4433 97 22 workman-

1319 4464 53 25 ship,
1390 4464 40 20 and
1447 4470 38 13 one
1499 4463 21 19 of
1534 4462 35 20 the
1579 4462 44 19 best
1634 4467 48 14 wear-

1318 4491 94 25 resisting
1423 4490 86 21 watches
1546 4504 21 7 ...
1672 4503 22 6 ...
1721 4486 13 21 4
1758 4486 13 21 0

1248 4528 41 21 CC.
1303 4528 42 20 The
1355 4534 53 13 same
1419 4526 64 20 watch
1499 4525 48 21 with
1565 4524 74 21 double
1655 4523 40 21 and

1318 4557 57 17 extra
1385 4557 69 18 strong
1465 4560 51 17 c«se,
1527 4552 23 19 18
1567 4553 56 18 carat
1640 4550 53 25 gold,

1317 4580 119 26 artistically
1477 4578 108 27 engraved,
1621 4584 72 16 engine

1317 4607 75 23 turned
1409 4615 23 14 or
1449 4606 54 28 plain
1524 4604 98 28 polished,
1643 4604 50 22 with

1318 4643 134 19 monograms,
1464 4634 82 25 initials,
1557 4636 37 17 etc.
1671 4648 22 6 ...
1720 4632 13 21 6
1746 4631 25 21 10

1268 4672 26 20 D.
1311 4671 94 26 Imperial
1414 4669 93 21 calendar
1514 4669 146 23 chronometer,
1669 4668 24 20 18

1317 4700 56 18 carat
1390 4698 52 25 gold,
1464 4695 108 25 indicating
1593 4695 35 19 the
1645 4695 47 25 day,

1317 4725 36 20 the
1363 4726 62 23 week,
1437 4725 34 19 the
1483 4722 77 25 month,
1567 4721 40 21 and
1617 4722 47 20 date
1671 4721 23 21 of

1317 4752 80 24 month,
1415 4749 92 27 jewelled
1525 4749 20 20 in
1566 4749 22 19 18
1608 4749 83 23 actions,

1318 4779 50 21 with
1383 4779 26 20 all
1419 4778 35 20 the
1463 4777 61 21 latest
1533 4776 160 26 improvements

1317 4808 40 20 ami
1372 4806 121 25 inventions,
1504 4812 38 12 on?
1557 4804 21 20 of
1596 4803 35 21 the
1648 4804 45 20 best

1317 4835 39 20 and
1379 4836 53 18 most
1456 4832 127 25 magnificent
1606 4831 87 19 watches

1318 4860 161 22 manufactured,
1494 4859 50 19 such
1555 4865 21 13 as
1587 4864 33 13 are
1632 4864 61 13 never

1317 4889 44 20 sold
1372 4890 23 22 by
1406 4887 59 22 retail
1471 4886 77 21 dealers
1558 4885 32 21 for
1597 4885 39 20 less
1643 4885 50 20 than

1318 4916 40 21 £25
1708 4911 25 21 10
1758 4910 13 22 0

1245 4956 33 21 All
1287 4964 36 13 our
1331 4956 85 21 watches
1423 4963 33 12 are
1463 4952 153 23 manufactured
1623 4952 19 21 in
1649 4952 12 21 2
1668 4951 98 22 different

1218 4984 55 25 siz-!s,
1284 4983 54 25 htrge
1347 4984 39 19 and
1395 4982 57 21 smalt
1463 4982 40 24 (for
1513 4979 160 27 gentlemenaDd
1691 4979 79 26 ladies,)

1220 5011 84 21 without
1315 5004 109 27 difference
1432 5009 21 21 of
1465 5009 61 27 price.

1243 5046 39 21 Old
1293 5046 92 25 watches,
1396 5045 33 20 old
1439 5045 45 25 gold
1494 5044 39 20 and
1544 5043 60 21 silver
1614 5042 40 21 will
1664 5042 23 21 be
1701 5042 63 21 taken

1219 5074 20 18 in
1249 5076 96 21 payment
1354 5075 22 16 at
1392 5072 34 19 the
1445 5072 80 23 highest
1540 5071 65 23 value,
1618 5069 15 20 if
1652 5069 112 21 forwarded

1220 5100 24 25 by
1255 5106 46 19 pare
1308 5099 12 19 ;1
1331 5101 44 23 post
1385 5100 21 18 to
1416 5105 36 13 our
1462 5097 88 21 address.

1245 5133 136 21 Remittances
1397 5139 45 19 may
1461 5132 24 20 be
1506 5131 58 21 made
1582 5130 65 21 either
1662 5130 27 26 by
1699 5130 68 21 Postal

1219 5161 72 26 Order,
1300 5161 90 26 Cheque,
1403 5160 56 20 Bank
1471 5158 62 22 Notes
1543 5159 89 25 (postage
1653 5161 75 22 stamps
1738 5157 31 20 for

1219 5189 57 21 small
1291 5193 102 20 amounts)
1412 5187 21 21 of
1447 5193 39 19 any
1508 5189 92 23 country,
1616 5186 21 20 in
1658 5184 109 28 registeted

1220 5217 68 25 letter,

1245 5252 20 20 It
1287 5252 17 19 is
1322 5257 37 14 our
1376 5248 39 21 aim
1426 5250 22 18 to
1466 5248 44 26 give
1529 5248 35 20 the
1585 5248 78 19 utmost
1679 5246 87 27 possible

1219 5278 125 22 satisfaction
1363 5279 22 18 to
1402 5283 37 13 our
1454 5276 78 24 clients,
1550 5275 92 25 knowing
1660 5274 41 20 this
1711 5277 21 18 to
1742 5274 24 20 be

1219 5306 35 20 the
1261 5307 44 18 best
1314 5304 157 21 advertisement
1485 5303 31 20 for
1528 5309 38 14 our
1576 5302 100 25 products,
1687 5302 39 20 and
1735 5302 27 20 all

1220 5333 44 21 who
1272 5333 50 21 have
1341 5337 48 15 once
1408 5330 82 21 entered
1500 5331 44 20 into
1562 5329 90 20 busines*
1671 5328 96 22 relations

1221 5361 47 20 with
1275 5367 24 13 us
1305 5359 67 27 gladly
1383 5358 126 21 recommend
1519 5365 23 15 us
1553 5362 21 18 to
1584 5356 53 21 their
1644 5356 76 21 friends
1727 5356 40 22 and

1219 5389 161 26 acquaintances.

1244 5421 89 20 Address
1343 5419 31 21 for
1383 5418 71 21 letters
1463 5418 40 21 and
1514 5417 68 21 orders
1591 5425 5 14 :

1806 191 38 58 J
1848 236 12 14 #
1921 193 49 38 H.
2032 189 325 41 PEARSON,

1906 257 67 21 ROSS
1986 256 97 26 PLACE,
2097 254 167 28 LAWRENCE,

1850 301 262 35 CONTRACTOR,
2132 299 181 37 BUILDER,

2054 351 54 20 AND

1940 381 275 32 UNDERTAKER.

1804 457 144 32 Contracts
1961 455 84 30 taken
2056 454 44 30 for
2112 454 137 30 Builders'
2267 454 85 31 Work

1921 498 29 30 of
1962 508 82 28 every
2057 496 175 38 description.

1864 569 196 24 ESTIMATES
2091 567 193 23 PREPARED.

1837 630 26 30 A
1876 626 194 33 well-assorted
2097 625 86 29 Stock
2204 626 29 28 of
2253 625 82 30 Furni-

1801 675 60 25 ture
1874 671 100 37 always
1987 679 35 18 on
2034 666 83 30 hand.

1838 710 132 29 Funerals
1980 705 153 32 conducted
2147 705 27 28 in
2185 705 35 28 all
2233 709 76 35 parts
2322 706 30 29 of

1798 751 48 28 the
1872 750 123 29 District.
2035 747 104 29 Hearse
2166 746 133 38 provided
2328 747 23 28 if

1797 791 137 39 required.

2114 905 235 60 lyj-ALONE,

1881 1061 170 41 General
2089 1060 171 43 Grocer,

1822 1206 502 38 SCOTLAND-STREET,

1964 1355 222 30 ROXBURGH.

1949 1467 36 29 A.
2083 1461 269 36 HART,

1856 1523 256 33 ScOTLAND-STBEET,
2134 1520 163 34 ROXBURGH,

1812 1576 157 22 MERCHANT
1987 1574 113 26 TAILOR,
2115 1571 149 26 CLOTHIER,
2279 1571 61 21 AND

1887 1602 196 23 GENTLEMEN'S
2100 1599 164 22 OUTFITTER.

1836 1660 26 27 A
1895 1658 92 29 choice
2018 1655 129 30 selection
2175 1653 29 29 of
2229 1653 123 36 Tweeds,

1801 1698 141 38 Coatings,
1957 1700 108 34 Series,
2086 1696 48 28 &c.
2160 1693 79 36 (both
2262 1694 91 28 Home

1800 1739 54 29 and
1869 1738 132 36 Colonial)
2015 1736 101 37 always
2130 1745 34 19 on
2178 1734 84 29 hand.

1837 1781 26 28 A
1876 1779 92 30 varied
1983 1776 127 31 selection
2123 1775 29 29 of
2163 1774 189 37 Heady-made

1801 1820 91 29 Goods
1903 1819 53 29 and
1967 1817 80 39 Boys'
2057 1815 54 30 and
2123 1814 120 30 Youths*
2256 1814 80 30 Cloth-

1799 1861 50 38 ing
1873 1861 100 36 always
2006 1869 35 18 on
2069 1856 83 30 hand.
2208 1856 53 28 Phe
2287 1855 64 36 only

1799 1901 77 39 place
1890 1901 27 28 in
1931 1905 72 23 town
2018 1903 28 24 to
2060 1907 115 29 procure
2183 1895 96 35 stylish
2297 1895 52 28 and

1799 1941 158 40 up-to-date
1980 1940 80 35 Hats,
2075 1938 72 37 Ties,
2160 1937 54 29 and
2237 1936 97 30 Gentle-

1801 1983 87 28 men's
1902 1981 177 30 Underwear.

1806 2041 63 54 yy
1959 2039 44 31 T.
2072 2037 279 37 BOWDEN,

1876 2115 174 27 CARPENTER,
2076 2114 114 26 JOINER,
2218 2112 61 22 AND

1975 2153 206 26 UNDERTAKER,

1801 2209 97 26 Desires
1924 2212 25 20 to
1975 2205 75 27 thank
2077 2204 40 27 the
2150 2202 86 28 Public
2260 2203 24 26 of
2309 2202 40 27 the

1802 2246 103 27 District
1919 2245 37 27 for
1974 2250 54 29 past,
2047 2248 111 31 support,
2177 2241 48 26 and
2245 2240 60 36 bejrs
2325 2248 24 18 to

1799 2284 89 25 inform
1919 2282 65 25 them
2020 2284 53 23 that
2105 2281 28 24 he
2164 2279 42 26 has
2237 2278 112 27 resumed

1801 2320 119 27 Business
1933 2320 24 25 iu
1972 2317 149 28 Roxb'irwh.

1801 2408 134 26 Estimates
1946 2407 73 33 jriven
2031 2406 47 26 and
2090 2404 117 35 Building
2207 2403 2 37 1
2219 2403 131 27 Contracts

1902 2456 27 25 of
1945 2454 30 27 all
1996 2453 73 28 kinds
2086 2451 160 29 undertaken.

1838 2540 76 28 Plans
1927 2540 47 26 and
2190 2537 123 34 prepared.

1799 2608 215 54 HUGH
2088 2606 259 44 BRUCE,

1890 2676 199 31 BOARDING
2117 2675 140 36 HOUSE,

1827 2729 38 29 W
1867 2737 275 26 HITEHAVEN-STREET,
2164 2727 153 29 LAWRENCE

1862 2775 143 40 (Opposite
2019 2775 118 38 English
2150 2774 130 37 Church.)

1807 2865 81 23 FIRST
1906 2865 84 21 CLASS
2013 2863 245 23 ACCOMMODATION
2280 2864 55 20 FOR

1883 2893 59 21 THE
1955 2891 183 23 TRAVELLING
2153 2891 111 23 PUBLIC.

1846 2976 78 30 Good
1947 2975 129 38 Stabling
2100 2975 55 29 and
2173 2973 131 31 Paddock

1948 3015 253 30 Accommodation.

1883 3097 166 29 —Charges
2069 3096 198 29 Moderate.—

1961 3161 85 28 TEA.
2084 3159 65 29 This
2174 3159 88 29 brand
2289 3159 23 28 is
2333 3169 17 18 a

1877 3204 150 34 guarantee
2034 3199 29 29 of
2072 3199 91 39 purity
2171 3199 54 28 and
2234 3198 115 39 quality.

1798 3241 56 38 Try
1867 3241 47 28 the
1927 3241 31 28 2s
1970 3252 7 24 ;
1997 3239 46 30 'tis
2057 3240 100 38 superb
2169 3239 6 30 !

1917 3349 3 2 -

1808 3404 190 32 MILLEKS
2062 3404 96 30 FLAT
2214 3403 135 35 HOTEL,

1963 3528 121 23 MILLERS
2110 3527 77 23 FLAT.

1836 3793 31 29 P.
1890 3792 107 28 Laffey
2056 3814 30 7 ...
2145 3791 166 38 Proprietor.

1797 3932 193 29 PREVIOUS
2003 3941 32 19 to
2053 3929 295 35 S'L'OCK.TAKING,

1809 3991 185 41 TOHNS
2039 3991 31 38 &
2109 3989 221 43 M'CMBE,

1796 4076 130 22 GROCERS
1941 4075 62 21 AND
2020 4074 136 21 GENERAL
2170 4072 177 24 MERCHANTS,

1938 4125 157 28 MILLERS
2113 4124 99 30 FLAT.

1982 4186 68 28 Will
2071 4186 63 37 give
2156 4196 17 18 a

1797 4239 195 30 DISCOUNT
2031 4238 48 29 OF
2117 4237 89 29 TWO
2244 4235 83 31 SHIL-

1879 4280 115 29 LINGS
2014 4280 54 35 (2s)
2089 4278 42 28 IN
2151 4278 76 28 THE
2248 4279 20 27 £

2009 4328 13 6 ~
2059 4328 43 32 On

1898 4386 74 28 ALL
2004 4384 102 30 CASH
2139 4383 118 29 SALES

1930 4431 108 33 During
2052 4430 54 29 this
2120 4429 105 30 month.

1839 4512 51 30 We
1909 4512 69 29 have
1998 4523 16 18 a
2033 4511 76 37 large
2131 4509 79 30 stock
2231 4508 29 29 of
2283 4507 51 29 Gro-

1799 4554 95 34 ceries,
1921 4553 133 36 Drapery,
2086 4551 95 34 Boots,
2207 4549 125 28 Ironmon-

1799 4603 79 29 gery,
1893 4592 92 39 Fancy
1996 4591 102 36 Goods,
2114 4587 235 42 Paperhangings,

1801 4633 66 35 Oils,
1877 4633 59 35 &c.,
1945 4633 61 35 &c.,
2017 4633 88 28 which
2116 4636 73 25 must
2201 4631 33 28 be
2244 4626 105 32 cleared

1801 4673 22 28 if
1834 4673 130 38 possible.

1998 4749 154 23 AGENCtES:

1801 4786 175 33 Manchester
1989 4789 63 30 Fire
2065 4789 148 28 Insurance
2229 4785 47 30 Co.

1801 4830 156 28 Australian
1967 4830 108 28 Mutual
2083 4829 148 28 Provident
2240 4824 109 36 Society

2027 4908 65 24 AT
2152 4902 169 27 THIS!

1865 4986 102 25 BOOTS
1984 4990 36 20 tor
2035 4988 40 22 the
2093 4985 79 26 Great,

1892 5031 73 25 Boots
1985 5032 36 23 for
2043 5032 40 23 the
2098 5029 89 28 Small;

1863 5073 72 23 Boots
1950 5073 37 23 for
2006 5073 40 22 the
2064 5072 78 27 Short,

1893 5117 71 24 Boots
1982 5117 37 24 for
2036 5116 40 24 the
2094 5114 52 25 Tall
2162 5120 6 22 ;

1865 5162 71 24 Boota
1950 5162 36 24 for
2004 5162 41 23 the
2063 5160 95 30 YoUDg,

1890 5201 73 24 Baota
1981 5202 36 22 for
2033 5202 39 21 the
2090 5199 47 23 Old
2149 5205 5 21 ;

1891 5263 54 25 And
1963 5262 102 25 BOOTS
2081 5261 45 24 and
2144 5258 102 26 SHOES

2008 5318 35 24 for
2060 5316 30 24 all
2113 5324 13 16 a

1898 5381 42 38 H.
1989 5381 118 35 Bail
2121 5376 125 44 lie's,

1813 5456 113 30 Opposite
1940 5454 158 28 Commercial
2117 5452 81 31 Hotel,
2217 5450 130 30 Roxburgh

1244 5467 111 40 Morse
1380 5464 271 52 Manufacturing
1677 5463 69 52 Co,,

1346 5529 19 27 7,
1384 5529 57 21 RED
1460 5528 67 21 LION
1545 5528 93 22 COURT

1413 5570 100 26 London,
1534 5569 48 23 E.C.

1290 5638 86 22 Wanted
1401 5639 21 20 at
1445 5645 56 19 once,
1526 5638 20 21 in
1565 5645 59 20 every
1638 5638 89 28 locality,
1747 5645 25 15 an

1226 5668 116 26 intelligent
1361 5674 71 19 person
1453 5668 22 18 to
1488 5667 32 19 act
1534 5673 21 14 as
1581 5673 36 15 our
1638 5667 73 26 A-gent.
1737 5667 35 21 No

1224 5695 73 28 special
1327 5694 117 26 knowledge
1481 5693 100 26 required,
1612 5695 40 20 and
1686 5694 88 22 without

1225 5722 120 25 interfering
1364 5721 49 21 with
1431 5725 82 22 present
1535 5721 126 25 occupation.
1687 5721 87 27 Highest

1225 5750 65 27 salary
1310 5749 40 22 and
1370 5748 133 22 commission.
1530 5749 34 21 An
1582 5747 100 24 excellent
1702 5756 60 21 oppor-

1227 5777 70 27 tunity
1310 5777 32 22 for
1356 5784 12 14 a
1382 5776 80 27 capable
1471 5783 68 20 young
1548 5783 47 15 mau
1605 5784 22 14 or
1636 5776 55 28 lady.

1832 5572 129 25 tS'Come
1977 5571 48 26 and
2042 5571 91 26 inspect
2145 5568 41 26 the
2201 5567 79 26 Stock.

1802 5641 98 30 TVHE
1920 5645 122 37 greatest
2062 5643 110 37 experts
2192 5638 86 30 admit
2291 5636 59 31 that

1884 5683 87 30 Kozie
1983 5683 56 28 Tea
2056 5682 24 28 is
2103 5682 37 37 by
2162 5680 43 28 far
2223 5680 48 28 the
2289 5678 61 28 best

1802 5723 78 30 value
1889 5723 166 30 obtainable.
2074 5721 90 29 Johns
2173 5719 24 30 &
2204 5718 145 35 M'Combk,

1802 5765 118 38 Agents,
1933 5764 105 30 Millers
2051 5763 71 30 Flat.

2391 184 151 59 THE
2574 186 177 59 WHO
2775 186 53 60 &
2857 186 153 59 THE
3036 186 233 59 WHAT
3293 180 94 58 OF
3410 176 83 59 IT.

2384 270 149 29 GENTLE
2544 270 267 31 READER—THE
2819 270 245 31 ADVERTISER
3073 268 146 32 SPEAKS
3227 266 48 30 TO
3285 264 49 30 BE
3344 259 122 35 UNDER-

2483 311 120 30 STOOD
2613 324 7 24 ;
2653 313 179 30 MODESTY
2850 311 164 31 FORBIDS
3036 311 55 30 Mi!)
3111 310 48 30 TO
3180 308 74 31 SAY
3278 304 115 32 MORE.

2385 391 117 31 GOME
2528 391 170 32 Sensational
2723 395 135 38 Bargains
2883 393 117 37 offering
3020 392 71 29 until
3116 391 46 29 the
3184 390 54 29 end
3257 388 30 29 of
3307 387 47 29 the
3378 386 112 38 present

2457 433 109 29 Month.
2623 435 103 38 Kindly
2749 435 68 28 send
2839 444 36 19 on
2893 443 70 28 your
2983 433 102 35 orders,
3104 431 55 29 and
3172 431 38 28 let
3221 438 69 30 your
3303 425 188 41 expectations

2380 482 51 20 ran
2448 473 77 40 high.

2452 514 92 37 Every
2568 516 157 28 reasonable
2744 516 68 28 wish
2834 515 69 28 shall
2925 515 34 27 be
2980 512 232 38 gratified—each
3226 510 88 28 desire
3333 505 159 32 satisfied—

2379 563 82 28 every
2473 553 177 39 anticipation
2665 555 207 29 realised—and
2886 554 66 29 each
2965 553 71 39 hope
3050 552 57 29 find
3121 552 35 29 its
3170 550 156 30 fulfilment.

2452 594 57 28 The
2522 594 99 28 author
2634 595 143 38 faithfully
2789 595 96 28 abides
2898 595 38 38 by
2949 604 83 28 every
3046 593 127 39 promise.

2452 634 111 29 Patient
2576 635 147 29 reader—l
2736 637 69 27 have
2819 635 156 38 something
2989 644 73 19 more
3077 637 28 25 to
3125 642 47 27 say
3192 630 89 29 which
3293 638 63 29 may
3370 624 122 42 provoke

2378 683 16 18 a
2407 674 76 29 smile
2497 685 31 18 or
2541 684 81 19 cause
2636 685 16 18 a
2665 679 68 25 tear.
2773 675 65 28 Just
2852 675 100 28 wait—

2607 751 97 74 B.
2792 754 227 69 DIM
3024 746 261 87 ANT,

2522 859 101 30 CASH
2643 859 163 36 DRAPER,
2828 859 201 35 CLOTHIER,
3150 854 207 30 IMPORTER.

2754 911 71 28 Rosa
2846 911 96 34 Place,
2963 910 163 28 Lawrence.

2777 1014 262 65 Chas,
3095 1009 339 84 Stakes,

2566 1113 38 26 V
2887 1106 142 30 TAILOR
3057 1104 82 29 AND
3168 1102 80 29 HAT
3253 1102 78 30 PER.

2763 1188 41 21 AM
2817 1188 158 24 acknowledged
2990 1189 21 18 to
3025 1186 25 19 be
3063 1183 73 22 second
3149 1186 22 18 to
3184 1190 53 14 none
3250 1183 32 21 for

2761 1249 138 30 STYLE!

2909 1286 189 38 QUALITY!

3076 1323 313 31 WORKMANSHIP!

2899 1446 155 20 RESIDENTS
3079 1446 37 20 OF
3142 1443 186 22 ROXBURGH-

2725 1473 80 27 Kindly
2814 1473 112 21 remeaber
2941 1473 45 21 that
2996 1473 64 25 owing
3074 1475 21 18 to
3105 1479 34 19 my
3148 1472 97 21 immense
3255 1471 128 26 assortment,
3394 1470 35 21 the
3438 1470 60 22 Show

2773 1502 21 20 iu
2805 1501 34 21 the
2852 1501 102 20 Wiudows
2965 1501 16 19 is
2990 1500 48 26 only
3047 1506 12 13 a
3068 1506 48 18 very
3126 1499 59 20 small
3195 1501 45 23 part
3246 1498 21 21 of
3277 1505 32 19 my
3320 1498 127 21 Exhibition.

2775 1569 111 26 Intending
2895 1569 117 21 Customers
3022 1567 40 22 will
3072 1567 42 21 firffl
3122 1567 45 21 that
3177 1567 10 21 I
3196 1567 52 21 have
3258 1566 58 22 made
3323 1566 36 22 the
3365 1566 64 22 inside
3434 1566 21 21 of
3462 1573 34 20 my

2725 1598 158 21 Establishineuc
2902 1597 106 26 especially
3025 1595 117 26 attraciive,
3158 1595 40 21 and
3215 1595 102 24 earnestly
3332 1594 63 22 invite
3412 1601 41 20 you
3474 1596 21 19 to

2726 1628 82 17 saunter
2823 1625 87 24 through
2928 1625 35 19 the
2982 1624 79 20 various
3078 1623 144 26 Departments
3236 1622 40 21 and
3290 1622 82 27 Inspect
3381 1621 36 22 the
3426 1622 71 20 Latest

2726 1651 104 22 Fashions.

2762 1719 182 29 OPPOSITE
2966 1718 108 30 BANK
3097 1718 47 29 OP
3164 1717 91 30 NEW
3273 1717 189 37 ZEALAND,

3046 1759 161 29 Lawrence.

2382 1870 391 86 WOOL.

3107 1867 388 87 WOOL.

2529 2064 218 61 WOOL
2801 2064 279 58 SEASON
3133 2067 226 58 1896-7.

2380 2236 47 53 1Q
2434 2236 148 29 ALGETY
2602 2235 81 30 AND
2705 2235 195 37 COMPANY,
2920 2235 126 37 Limited,
3065 2236 56 39 beg
3141 2239 29 26 to
3189 2235 89 40 notify
3296 2234 200 40 Woolgrowers

2376 2314 56 28 and.
2444 2313 127 32 Farmers
2583 2313 61 29 that
2657 2313 65 38 they
2735 2314 55 28 will
2803 2313 64 29 hold
2881 2314 71 28 ther
2972 2312 104 30 Fourth
3091 2312 61 30 Sale
3166 2312 43 30 for
3221 2312 48 30 the
3281 2311 104 31 Season
3398 2322 35 20 on

2580 2392 104 30 Fourth
2705 2392 80 30 Sale:
2823 2391 221 36 THURSDAY,
3065 2393 72 27 25th
3157 2390 225 34 FEBRUARY..

2449 2522 46 28 All
2509 2522 85 39 Clips,
2608 2522 125 28 however
2745 2522 87 34 small,
2848 2522 52 27 will
2915 2522 33 27 be
2962 2521 94 28 shown
3070 2525 28 24 to
3120 2522 62 27 best
3201 2521 162 39 advantage.
3403 2522 90 37 Every

2376 2562 38 29 lot
2434 2562 99 29 valued
2554 2563 74 38 prior
2648 2566 28 24 to
2696 2563 66 34 sale,
2783 2561 55 29 and
2858 2571 105 19 owners
2982 2561 128 29 interests
3128 2561 69 38 fully
3211 2561 151 39 protected.
3414 2561 81 30 Wool

2378 2602 87 30 Packs
2477 2602 125 40 supplied
2615 2606 29 25 at
2656 2602 96 30 lowest
2765 2606 111 26 current
2889 2607 82 24 rates.

2449 2681 192 40 Specification
2655 2681 95 28 Forms
2763 2680 55 29 and
2832 2680 98 29 Labels
2944 2680 97 39 posted
3053 2691 36 18 on
3102 2680 174 39 application.

3137 2771 105 25 wf-.fJL
3306 2783 13 12 *
3332 2775 13 22 $

2688 2836 124 30 Address
2830 2846 70 28 your
2919 2836 214 38 Consignments
3151 2838 31 27 to

2725 3070 26 29 D
2789 3069 27 30 U
2853 3069 29 30 N
2918 3068 25 31 B
2980 3069 26 29 D
3044 3069 16 29 I
3097 3067 28 31 N
3144 3090 9 9 .

2570 3213 92 53 To
2726 3212 210 60 Sheep
2996 3213 271 51 Owaefs

2643 3690 36 28 IS
2705 3688 215 30 ANNUALLY
2945 3687 102 29 USED
3073 3683 105 32 UPON
3205 3683 25 30 A

2377 3767 349 66 QUARTER
2740 3782 37 25 «
2789 3782 58 23 ™
2861 3762 236 58 SHEEP
3112 3780 34 23 »
3157 3779 60 22 ™»
3229 3757 264 58 WORLD

3001 3852 9 2 -
3199 3837 2 17 •
3220 3844 5 10 *
3236 3837 3 17 *

2413 3883 59 31 ITS
2492 3883 234 31 BENEFICIAL
2747 3880 167 33 EFFECTS
2933 3879 80 30 AND
3031 3877 166 32 LASTING
3219 3871 235 35 PROPERTIES

2775 3934 128 30 ALONE
2928 3932 111 29 MAKE
3065 3932 38 28 IT

2377 3996 153 57 TEIE
2569 3992 392 60 CHEAPEST
2993 3989 95 59 OF
3121 3988 148 59 ALL
3304 3984 189 59 DIPS.

2377 4098 243 34 KS-Pkocurable
2647 4105 71 20 fbom

2861 4134 103 30 JOHN
2987 4131 218 37 THOMPSON,
3229 4131 156 34 Lawrence,

2784 4185 65 30 And
2869 4186 72 29 from
2962 4185 36 29 all
3022 4184 85 30 Stock
3127 4183 55 30 and
3206 4182 108 30 Station
3335 4181 120 38 Agents.

2423 4267 174 42 Murray,
2624 4265 174 36 Roberts
2829 4264 80 35 and
2940 4263 88 42 Co.,
3060 4268 80 30 Chief
3164 4269 108 36 Agents
3292 4266 44 29 for
3358 4264 100 37 Otago.

2647 4716 93 42 mm

2647 4741 93 54 Hii

2901 4993 50 26 fj'tw
2963 4991 70 28 RXpfp
3040 4997 20 19 +.'

2822 5020 111 23 «!■■■■.■li'Aß"*
2936 5014 4 30 ,
2940 5024 17 16 -S-
3023 5014 109 30 E^KSBijir>!
3133 5014 3 30 ;
3139 5014 10 23 ?

2492 5115 156 57 NEW
2703 5118 249 58 RAPID
2997 5118 388 60 BICYCLES.

2380 5218 60 57 ST.
2455 5217 113 22 GEORGE
2583 5217 204 23 ENGINEERING
2799 5219 52 26 CO.,
2865 5220 101 27 Limited,
2981 5230 34 13 are
3024 5222 36 21 the
3069 5222 80 21 Makers
3158 5221 22 21 of
3189 5221 35 21 the
3232 5220 49 27 only
3291 5220 80 27 Bicycle
3380 5220 112 27 possessing

2441 5245 21 21 in
2472 5245 68 26 happy
2549 5245 137 21 combination
2697 5247 36 19 the
2743 5246 113 26 perfection
2865 5247 22 21 of
2893 5249 58 21 those
2957 5249 95 26 qualities
3058 5254 53 17 most
3117 5249 84 21 coveted
3206 5248 27 27 by
3241 5247 132 28 experienced
3382 5248 110 27 Cyclists—

2547 5278 200 30 STABILITY
2765 5280 5 28 !
2849 5280 121 31 SPEED
2985 5283 5 28 !
3068 5281 241 32 DURABILITY
3324 5282 6 28 !

2426 5318 48 22 This
2484 5318 41 21 fact
2533 5318 36 21 has
2579 5318 81 21 become
2669 5319 102 26 generally
2782 5320 114 26 recognised
2907 5321 20 21 in
2937 5322 104 28 Tuapeka,
3051 5323 40 21 and
3101 5323 21 21 in
3131 5329 138 20 consequence
3284 5322 11 21 I
3309 5328 33 15 am
3356 5321 55 27 daily
3420 5321 71 26 selling

2376 5346 57 21 these
2442 5346 103 21 Machines
2556 5349 22 18 to
2588 5347 86 25 Cyclists
2685 5347 44 20 who
2738 5348 52 20 have
2799 5348 50 21 been
2859 5349 144 27 disappointed
3012 5351 27 25 by
3048 5351 60 21 other
3117 5350 76 26 makes,
3204 5350 40 21 and
3256 5349 44 21 who
3309 5356 33 14 are
3347 5349 54 26 glad,
3411 5348 81 28 indeed,

2375 5374 32 20 for
2416 5381 32 14 me
2458 5377 21 17 to
2488 5374 59 20 make
2556 5374 57 20 them
2620 5381 24 13 an
2655 5374 109 21 allowance
2773 5374 31 21 for
2815 5376 54 19 their
2879 5376 105 22 discarded
2996 5381 82 18 mounts

2376 5413 54 36 As
2442 5413 93 37 Part
2546 5413 192 46 Payment
2747 5412 64 38 for
2822 5425 23 25 a
2858 5414 286 47 Machinethey
3154 5427 77 25 can
3246 5416 167 45 Depend
3427 5425 65 26 on.

2431 5499 64 21 Those
2506 5499 44 21 who
2559 5506 33 14 are
2602 5501 36 19 not
2651 5499 21 21 in
2681 5507 12 13 a
2702 5500 88 26 position
2799 5501 23 19 to
2831 5501 99 25 purchase
2940 5508 38 14 one
2987 5503 23 19 of
3018 5503 57 20 these
3084 5502 53 21 ideal
3145 5501 68 21 steeds
3222 5508 37 14 can
3269 5501 70 20 obtain
3349 5500 53 20 from
3413 5508 32 13 me

2496 5526 69 30 New
2586 5536 55 21 and
2667 5528 198 30 Second-hand
2892 5529 130 30 Bicycles
3044 5530 30 29 of
3095 5539 83 28 every
3199 5528 178 40 description.

2591 5587 686 89 CHARLES~STOKES,

2532 5682 215 29 MERCHANT
2779 5682 150 36 TAILOR,
2955 5682 70 29 Ross
3057 5682 97 36 Place,
3179 5681 160 29 Lawrence.

2779 5734 94 39 Agent
2898 5734 44 30 for
2966 5733 140 39 Tuapeka.

2428 5774 121 26 Catalogues
2564 5782 26 14 oh
2604 5774 140 26 Application.
2806 5773 2 27 ■
2832 5785 54 5 ■■—
3023 5773 66 22 When
3101 5773 100 27 Ordering
3213 5773 92 23 Mentien
3320 5773 41 22 this
3375 5773 72 27 Paper.

3528 183 334 52 Commercial
3906 186 164 38 hotel,

3715 239 166 22 ROXBURGH.

3593 329 36 29 H.
3650 329 37 31 H.
3707 330 107 37 Heron,
3834 329 166 41 Proprietor.

3560 431 57 29 One
3629 431 30 30 of
3670 433 46 28 the
3728 433 63 30 best
3802 433 101 30 known
3921 433 54 30 and
3995 435 74 26 moat

3521 471 178 31 comfortable
3719 473 150 31 Hostelries
3890 475 29 29 in
3939 475 48 29 the
4007 473 40 40 Up-

3521 516 116 33 country
3650 513 137 29 Districts.

3560 562 78 31 Cobb
3651 564 55 29 and
3719 563 74 30 Co.'s
3805 564 85 38 Royal
3910 565 67 30 Mail
4000 564 68 29 Line

3523 602 28 31 of
3574 602 120 31 Coaches
3706 605 120 39 running
3845 605 122 30 between
3991 605 59 29 Law-

3524 654 80 18 rence
3627 644 55 28 and
3703 644 182 36 Queenstown
3906 646 88 29 arrive
4012 645 55 29 and

3524 683 97 39 depart
3634 683 83 38 daily.

3526 775 117 39 Liquors
3655 774 29 31 of
3696 774 47 31 the
3756 776 61 30 best
3824 776 100 31 brands
3933 778 63 38 only
4005 777 68 39 kept

3737 816 28 28 in
3778 817 88 30 stock.

3528 918 123 40 Buggies
3663 918 55 29 and
3733 918 100 30 Saddle
3841 919 101 31 Horses
3950 930 36 18 on
3995 918 77 31 Hire.

3529 993 278 56 RAILWAY
3880 995 193 37 HOTEL,

3619 1061 67 23 ROSS
3704 1061 96 27 PLACE,
3821 1061 164 23 LAWRENCE.

3528 1129 108 38 John
3664 1128 149 46 Laffey,
3843 1129 230 46 Proprietor

3603 1187 79 38 (Late
3695 1187 29 30 of
3736 1186 143 31 Havelock
3892 1187 104 39 Hotel.)

3563 1270 61 28 J.L.
3639 1270 69 37 begs
3728 1272 28 25 to
3768 1269 124 28 intimate
3906 1269 60 27 that
3978 1270 34 27 he
4025 1270 50 28 has

3527 1309 153 38 purchased
3710 1308 48 29 the
3788 1309 86 29 above
3900 1308 175 29 well-known

3528 1348 140 37 Hostelry,
3676 1348 54 28 and
3746 1348 92 38 hopes,
3848 1348 36 37 by
3893 1348 78 27 strict
3984 1352 75 23 atten-

3528 1388 58 31 tion
3598 1392 28 26 to
3640 1388 47 30 the
3695 1387 117 32 comfort
3820 1388 29 30 of
3861 1387 151 31 Travellers
4020 1387 55 31 and

3528 1430 47 28 the
3587 1429 93 37 public
3693 1428 148 38 generally,
3854 1432 28 25 to
3897 1432 71 25 meet
3981 1428 66 28 with
4060 1439 15 17 a

3528 1469 52 29 fair
3593 1469 79 29 share
3683 1468 30 30 of
3725 1472 158 35 patronage.

3565 1509 58 29 The
3647 1508 120 39 Railway
3788 1509 24 29 is
3833 1519 52 19 one
3897 1508 30 29 of
3939 1508 47 29 the
3999 1508 60 29 best-

3527 1549 147 40 appointed
3685 1548 99 31 Hotels
3791 1548 107 31 outside
3906 1548 30 30 of
3946 1548 129 30 Dunedin

3528 1590 96 30 Under
3635 1590 86 30 J.L.'s
3735 1593 200 36 management,
3944 1590 47 28 the
4001 1600 54 19 com-

3527 1631 56 29 fort
3594 1630 30 30 of
3631 1634 112 34 patrons
3752 1630 53 29 will
3816 1631 34 28 be
3861 1630 77 29 made
3948 1640 16 18 a
3974 1630 101 38 special

3527 1670 114 36 feature,
3653 1670 55 30 and
3720 1680 36 20 no
3767 1670 82 30 effort
3859 1670 54 31 will
3928 1670 33 29 be
3975 1669 98 39 spared

3527 1715 29 25 to
3568 1711 65 39 give
3643 1720 84 28 every
3739 1710 178 30 satisfaction.

3528 1783 58 30 The
3597 1784 62 29 best
3671 1783 103 30 brands
3786 1784 29 29 of
3834 1783 105 37 Wines,
3963 1783 111 40 Spirits,

3563 1824 56 30 and
3633 1824 65 31 Ales
3709 1824 101 40 always
3828 1824 67 41 kept
3906 1824 29 30 in
3947 1825 88 29 stock.

3530 1897 127 40 Simpson
3668 1896 55 30 and
3737 1897 95 30 Hart's
3845 1898 65 30 Ales
3923 1897 100 41 always
4036 1907 37 21 on

3773 1938 67 40 Tap.

3528 2011 156 30 First-class
3695 2011 127 40 Stabling
3834 2009 241 32 Accommodation

3533 2075 279 56 MASONIC
3857 2077 206 38 HOTEL

3621 2136 67 21 ROSS
3701 2136 95 25 PLACE,
3810 2135 166 22 LAWRENCE.

3527 2202 33 32 R.
3580 2202 111 31 WEBB
3894 2203 178 30 Proprietor.

3562 2284 58 29 The
3848 2284 100 28 affords
3970 2284 37 28 all
4026 2284 47 28 the

3526 2323 130 29 comforts
3667 2324 30 30 of
3707 2335 18 18 a
3737 2324 87 35 home,
3834 2323 56 30 and
3902 2323 24 30 is
3939 2322 130 40 provided

3526 2364 65 30 with
3605 2364 46 30 the
3671 2375 66 29 very
3756 2364 62 31 best
3831 2364 241 30 Accommodation

3525 2405 43 28 for
3593 2406 159 28 Travellers.
3791 2405 155 28 First-class
3977 2405 94 27 Table.

3526 2444 67 30 Best
3612 2444 95 30 Wines
3728 2444 54 30 and
3803 2444 99 40 Spirits
3923 2443 102 40 always
4043 2444 30 28 in

3525 2484 89 29 stock.

3645 2551 131 23 CHARGES
3793 2550 158 23 MODERATE.

3560 2606 59 30 The
3642 2606 156 40 Proprietor
3823 2607 98 29 wishes
3946 2610 29 27 to
3997 2607 75 29 draw

3526 2644 107 42 Special
3656 2648 135 29 attention
3814 2651 29 26 to
3870 2648 46 28 the
3943 2647 18 29 S
3965 2648 107 38 cabling

3525 2688 243 29 Accommodation
3786 2688 140 38 provided,
3939 2688 90 29 which
4047 2688 24 28 is

3526 2728 152 35 unlimited,
3690 2728 55 29 and
3756 2728 30 29 of
3798 2730 46 27 the
3857 2728 61 29 best
3930 2728 79 29 kind.

3532 2790 45 56 y
3592 2790 229 30 ICTOKIA
3827 2816 5 13 ;
3893 2789 98 31 HOT
4003 2794 25 26 ft
4040 2790 33 34 L,

3614 2855 72 23 PEEL
3697 2857 109 26 STREET,
3821 2854 167 25 LAWRENCE.

3549 2948 169 38 Ronald
3741 2945 311 47 Montgomery,

3715 3004 178 31 Proprietor.

3526 3097 59 32 One
3606 3097 30 31 of
3655 3097 48 30 the
3721 3100 72 27 most
3816 3097 179 31 comfortable
4014 3097 59 31 and

3549 3138 228 32 beat-conducted
3791 3138 152 30 Hostelries
3951 3148 36 21 on
3998 3139 47 29 the

3670 3177 90 38 Otago
3773 3177 158 30 Goldfields.

3622 3269 58 22 HOT
3699 3268 63 22 AND
3781 3268 73 22 COLD
3871 3268 99 22 BATHS.

3549 3337 109 31 Sample
3676 3337 95 29 Rooms
3790 3345 51 20 for
3859 3336 180 32 Travellers.

3523 3418 165 39 Passengers
3694 3416 85 30 called
3787 3417 44 29 for
3838 3417 46 29 the
3892 3417 75 40 early
3973 3417 96 30 Train.

3528 3565 54 58 D
3636 3561 52 63 M
3688 3561 53 63 1
3770 3561 20 24 T
3819 3561 127 24 OHE
3977 3561 20 25 L
4027 3563 20 23 L

3583 3705 69 27 the
3695 3704 156 26 popular
3885 3702 120 31 HOU4U,

3701 3766 193 28 LAWRENCE.

3537 3851 11 16 g
3560 3850 50 16 now
3626 3839 104 33 opening
3746 3847 30 22 up
3795 3838 39 24 hu
3855 3835 62 26 First
3940 3837 126 31 Shipment

3539 3886 25 25 of
3579 3883 140 28 SUM.VIBR
3734 3881 167 30 DRIPBRY,
3918 3881 132 26 consistiup

3537 3932 25 23 of
3569 3931 29 24 all
3609 3932 38 23 the
3656 3931 67 23 latest
3734 3926 116 26 novelties
3858 3932 35 18 tor
3904 3928 39 22 the
3951 3927 96 29 oomiug

3603 3975 89 22 season,
3710 3965 46 26 and
3770 3967 76 31 prices
3859 3969 22 19 to
3900 3966 84 23 match-

3640 4006 97 25 Millinei
3744 4012 14 22 y
3772 4012 15 17 a
3809 4003 135 31 Speciality.

3555 4146 106 31 49*N.8.
3713 4144 75 25 Visits
3822 4144 89 24 Millers
3936 4142 43 25 Fla
4028 4143 33 24 ni

3525 4183 127 34 Roxburgh
3662 4189 72 24 every
3749 4182 35 25 six
3801 4182 85 25 weeks.

3661 4355 316 66 SEEDSMEN

3553 4525 128 23 ROYAL

3539 4560 157 22 WARRANT
3951 4557 49 20 THE
4010 4551 91 30 Queen.

3539 4599 68 28 ANOBY
3617 4598 86 28 SPECIAL
3709 4586 399 41 WARRAKTTOHMDIEPRINCEQFWALES.

3580 5661 151 31 TOTHILL,
3751 5660 138 26 WATSON
3913 5663 18 22 k
3952 5660 60 31 CO.,

3603 5760 87 30 Agents
3704 5758 37 28 for
3754 5759 75 31 Otago
3844 5759 47 25 and
3903 5759 141 28 Southland.
