4180 5890
241 208 100 42 Kelso
370 207 113 41 Notes.

226 292 61 25 (Own
301 288 203 26 Correspondent.)

127 321 100 39 Owing
259 326 28 22 to
325 318 47 28 the
410 316 147 30 continued
588 316 50 37 dry

90 363 119 28 weather
223 361 46 29 the
283 370 78 27 crops
384 357 104 31 around
510 357 65 28 here
594 366 45 19 are

91 403 79 27 much
183 401 103 38 lighter
297 400 66 26 than
377 400 65 36 they
452 398 69 27 have
531 398 69 26 been
610 397 27 25 in

90 443 101 30 former
203 452 87 29 years,
302 439 54 29 and
371 448 74 20 some
458 438 62 28 idea
541 437 29 29 of
591 435 46 29 the

90 485 72 33 yield
185 483 88 35 might
298 482 34 28 be
358 480 128 29 obtained
506 478 71 30 from
591 477 47 29 the

90 526 56 28 fact
158 524 60 28 that
231 523 153 28 harvestess
403 530 45 19 are
472 519 85 37 doing
569 518 66 28 both

90 564 129 37 stooking
232 562 52 29 and
298 561 113 37 forking
424 560 44 28 for
488 560 49 27 the
560 558 75 28 small

88 615 59 19 sum
173 604 28 29 of
229 605 29 27 Is
284 612 48 29 per
353 610 70 19 acre.
465 598 105 31 Should
589 598 46 29 the

88 646 119 29 weather
218 645 127 28 continue
358 653 30 18 as
401 642 22 29 it
435 642 48 28 has
503 641 69 28 been
592 640 43 28 for

89 696 72 19 some
175 686 65 28 time
254 688 70 35 past,
338 683 62 28 feed
421 682 44 28 for
484 682 82 37 sheep
580 680 53 28 will

87 728 33 28 be
144 735 99 26 scarce,
263 735 29 19 as
318 723 67 30 both
410 722 47 30 the
482 732 78 30 grass
579 720 54 29 and

88 768 106 36 turnips
237 777 45 17 are
325 765 132 36 suffering
502 762 130 36 severely.

88 807 154 38 Threshing
261 805 153 38 operations
433 804 68 28 have
523 802 110 38 already

87 847 182 34 commenced,
293 845 53 29 and
372 845 14 28 I
419 844 113 38 daresay
558 843 28 28 in
619 853 15 17 a

88 888 101 28 week's
203 888 65 28 time
280 887 46 28 the
347 885 67 28 whir
438 885 30 28 of
491 885 48 28 the
563 883 72 28 mills

90 930 54 28 will
157 930 34 28 be
204 928 83 29 heard
300 928 28 28 in
341 927 35 29 all
391 927 156 29 directions.

127 970 57 28 The
215 969 101 37 fishing
347 977 95 19 season
484 967 84 37 being
598 967 38 34 in,

90 1010 110 38 anglers
214 1019 49 18 can
278 1009 33 27 be
326 1017 63 19 seen
402 1011 29 25 at
444 1007 98 28 almost
555 1016 81 27 every

91 1055 62 25 turn
167 1050 30 29 of
208 1049 48 30 the
268 1049 81 36 river,
356 1048 91 29 where
459 1057 73 20 some
546 1046 75 40 splen-

91 1092 48 29 did
151 1091 52 29 fish
216 1102 29 18 as
259 1090 59 30 well
332 1101 28 17 as
374 1093 76 36 sport
472 1099 50 19 can
541 1089 35 28 be
589 1088 32 28 ob-

91 1132 102 36 tained,
207 1141 29 20 as
248 1131 23 30 it
295 1130 66 32 does
386 1133 49 27 not
459 1129 108 41 require
592 1129 45 29 the

93 1173 152 38 proverbial
270 1176 112 24 amount
404 1172 30 28 of
455 1172 124 37 patience
591 1170 47 28 the

93 1212 93 39 angler
209 1212 24 28 is
262 1210 136 40 supposed
419 1214 30 24 to
473 1219 108 30 possess
609 1212 29 24 to

94 1263 93 19 secure
200 1264 15 17 a
227 1252 53 30 fair
294 1251 96 30 basket
403 1250 30 30 of
445 1250 47 30 the
511 1249 127 40 speckled

92 1293 132 29 beauties.

132 1334 26 28 A
182 1343 65 29 very
269 1333 124 39 pleasant
416 1341 144 28 ceremony
585 1339 55 20 was

95 1374 154 30 celebrated
262 1374 64 28 here
346 1383 35 19 on
403 1373 47 28 the
472 1372 128 37 morning
612 1371 29 29 of

94 1414 48 30 the
155 1414 50 29 3rd
217 1414 75 36 inst.,
304 1413 78 29 when
401 1412 46 29 Mr
459 1412 31 29 T.
503 1412 72 29 Moir
586 1410 52 30 and

96 1456 68 29 Miss
177 1454 40 30 M.
233 1454 130 30 Clouston
373 1463 70 20 were
450 1452 94 40 joined
554 1452 27 29 in
595 1452 46 29 the

96 1496 65 38 holy
174 1495 88 29 bonds
280 1495 30 29 of
321 1494 122 30 wedlock
464 1494 35 38 by
512 1493 48 29 the
571 1494 67 28 Kev.

95 1536 46 28 Mr
171 1536 86 34 Kidd,
288 1535 28 28 in
360 1534 47 28 the
445 1543 129 29 presence
610 1534 30 26 of

95 1585 145 20 numerous
262 1574 105 30 friends
378 1574 53 28 and
445 1573 184 29 well-wishers

95 1617 57 29 The
165 1616 110 35 church,
288 1616 28 27 in
330 1614 86 29 which
436 1614 47 29 the
496 1624 141 27 ceremony

93 1658 66 28 took
172 1657 85 39 place,
270 1656 53 28 had
344 1655 68 29 been
434 1654 88 37 nicely
545 1654 76 28 decor-

94 1698 61 29 ated
170 1698 64 28 with
248 1697 105 29 floweis
372 1694 54 30 and
447 1695 75 29 ferns
535 1694 44 29 for
591 1694 46 28 the

94 1738 132 30 occasion.
265 1738 58 27 The
335 1737 98 38 spread
458 1734 131 40 provided
608 1734 26 28 in

93 1780 45 28 Mr
159 1779 138 28 Dunnetts
318 1777 184 37 dining-room
528 1786 54 17 was
602 1785 31 17 an

92 1820 134 38 exquisite
238 1829 60 24 one,
312 1818 53 29 end
379 1818 71 27 after
468 1818 85 36 being
565 1816 70 27 done

92 1859 87 39 ample
184 1859 100 39 justice
294 1863 29 24 to
331 1857 146 39 thecouple
485 1855 148 40 proceeded

92 1904 28 24 to
142 1900 46 27 the
211 1899 110 33 station,
334 1898 122 27 escorted
470 1898 37 36 by
527 1897 75 37 quite
621 1906 13 16 a

90 1939 117 30 number
218 1938 30 29 of
259 1938 113 35 friends,
387 1938 88 28 where
496 1938 65 37 they
579 1946 38 19 em-

92 1980 113 34 barked,
227 1979 71 28 amid
325 1979 118 28 showers
464 1978 31 28 of
516 1978 63 33 rice,
605 1988 29 16 en

90 2024 75 26 route
177 2021 43 28 for
232 2020 46 29 the
292 2019 97 30 Lakes.

128 2061 40 28 On
189 2061 47 29 the
260 2061 132 37 evenings
412 2061 29 28 of
460 2061 46 28 the
520 2059 49 30 3rd
583 2058 53 28 and

91 2101 48 29 4th
152 2101 64 30 inst.
242 2100 69 30 Miss
336 2100 66 39 May
427 2100 131 36 Malvino,
571 2098 65 30 with

90 2142 49 28 her
169 2141 100 38 unique
299 2152 144 26 company,
480 2139 98 40 played
608 2139 28 28 in

90 2180 148 30 Dunnett's
264 2180 64 29 Hall
353 2181 94 28 before
483 2179 78 30 small
586 2179 50 28 but

90 2221 181 40 appreciative
283 2221 155 30 audiences.
475 2221 58 28 The
545 2223 76 27 enter-

90 2263 132 30 tainment
234 2262 131 41 provided
386 2273 54 19 was
462 2273 65 28 very
552 2260 83 41 good,

90 2303 52 29 and
157 2303 88 29 would
258 2313 36 19 no
306 2303 88 29 doubt
406 2303 69 29 have
490 2306 58 25 met
568 2301 67 28 with

90 2343 91 29 better
193 2346 149 36 patronage
354 2342 54 30 had
418 2346 50 26 not
480 2342 47 30 the
539 2341 96 40 people

90 2384 28 29 in
142 2383 48 30 the
214 2383 186 40 surrounding
429 2383 108 30 district
564 2382 70 30 been

89 2424 71 40 busy
172 2423 65 30 with
249 2423 71 30 their
332 2434 89 30 crops.

204 2506 314 51 Correspondence.

91 2595 179 25 DISORDERLY
283 2596 134 23 CONDUCT
434 2597 37 22 AT
488 2594 151 25 CONCERTS.

267 2630 32 17 TO
310 2630 45 17 TBI
369 2630 87 17 EDITO*.

117 2653 151 27 Sib,Permit
276 2660 32 15 in*
318 2653 88 26 through
414 2653 36 22 the
458 2652 92 23 column*
558 2651 22 22 of
589 2657 51 21 year

94 2681 93 21 valuable
193 2686 62 22 paper
262 2683 22 19 to
288 2681 55 21 draw
349 2681 103 21 attention
458 2683 22 19 to
485 2681 57 21 what
547 2681 18 21 i*
570 2680 69 20 becom

94 2709 34 25 ing
133 2715 25 14 an
168 2708 119 21 intolerable
292 2709 96 20 nuisatice
394 2710 21 19 to
422 2709 81 20 concert
510 2714 57 19 goer*
575 2707 20 21 in
602 2712 38 15 oar

94 2735 130 22 Athenaeum.
252 2735 10 22 I
272 2735 54 21 refer
334 2737 22 19 to
365 2735 36 22 the
418 2734 106 27 un*eemly
541 2733 65 23 noise*
619 2732 23 22 of

94 2762 41 23 late
150 2763 95 26 indulged
262 2763 21 22 in
297 2763 75 25 during
389 2762 176 22 entertainment*.
591 2761 50 22 La*t

95 2791 106 26 Thursday
210 2790 59 28 night
277 2791 11 22 I
297 2790 99 22 attended
412 2790 37 22 the
467 2790 79 28 cycling
559 2790 83 22 concert

95 2818 40 21 and
146 2818 48 21 took
203 2825 12 14 a
224 2820 43 19 seat
275 2818 64 21 about
348 2817 36 22 the
393 2819 69 20 centre
470 2819 22 19 of
501 2817 35 21 the
545 2817 50 27 hall,
601 2816 40 22 and

95 2845 78 26 though
182 2845 12 21 I
203 2852 40 13 was
252 2853 71 14 nearer
332 2845 35 20 the
375 2847 56 22 atage
442 2845 50 21 than
501 2845 36 20 the
546 2845 96 26 majority

95 2872 23 22 of
127 2872 35 22 the
170 2872 96 22 audience
282 2873 12 22 I
311 2872 35 22 did
362 2874 37 19 not
412 2871 50 22 hear
473 2879 56 14 more
539 2871 49 22 tLan
598 2871 44 22 half

97 2900 37 23 the
151 2900 166 27 entertainment,
335 2907 23 14 ao
375 2902 56 24 great
442 2907 40 14 wa*
490 2899 36 22 the
534 2905 75 21 uproar
620 2899 23 21 at

97 2935 60 20 every
180 2934 68 20 panne.
288 2928 61 22 From
370 2927 37 22 the
428 2927 50 22 time
499 2926 47 23 that
566 2926 34 23 Hr
619 2926 23 23 J.

101 2956 19 21 M
126 2955 85 22 'Donald
221 2956 73 27 played
304 2956 36 21 the
353 2955 62 22 violin
431 2955 42 21 solo
482 2955 53 22 until
542 2955 37 22 the
596 2954 47 26 end,

101 2984 11 21 I
120 2991 48 19 may
186 2989 34 20 nay
235 2983 46 21 that
290 2984 10 20 I
310 2984 86 26 scarcely
405 2982 63 22 heard
477 2989 56 15 more
541 2982 50 22 tban
600 2982 44 21 half

101 3020 12 14 a
118 3012 63 22 dnea
191 3011 63 21 word*
263 3011 20 23 in
408 3010 53 23 from
466 3010 37 23 the
507 3012 63 26 stage.
595 3010 50 22 Thi*

101 3046 74 19 uproar
184 3045 40 14 was
231 3041 37 19 not
277 3039 73 21 canted
359 3038 28 28 by
530 3038 10 22 I
546 3044 45 20 may
600 3041 43 23 eat,

100 3066 112 22 conducted
222 3066 121 20 themselves
362 3066 45 20 well
425 3065 46 21 that
483 3065 122 26 nightbnt
617 3060 28 30 by

102 3100 82 20 perrons
193 3093 45 20 who
247 3093 39 20 had
295 3100 67 18 grown
372 3095 23 18 to
403 3092 35 21 the
455 3099 37 17 age
505 3092 22 22 of
536 3092 108 26 manhood,

101 3120 40 21 and
151 3120 62 24 ought
223 3122 22 18 to
262 3120 52 20 hare
332 3120 73 20 known
424 3119 73 21 better.
524 3119 34 21 No
575 3125 70 14 sooner

101 3147 39 22 had
150 3155 10 13 a
171 3148 65 22 singer
245 3147 83 21 finished
339 3154 24 14 an
374 3147 48 21 item
433 3146 47 22 than
487 3146 17 21 it
514 3153 39 14 was
562 3154 11 13 a
581 3146 62 24 signal

101 3176 33 20 for
142 3182 9 13 a
162 3175 107 26 deafening
277 3174 95 21 eutburst
381 3174 21 21 of
410 3174 35 22 the
457 3176 54 19 most
518 3173 127 23 abominable

100 3209 72 14 now*.
200 3203 19 19 Tt
238 3209 40 13 was
295 3205 37 17 not.
353 3202 86 23 genuine
461 3201 102 26 applause,
585 3208 22 13 aa
628 3201 17 20 it

100 3229 93 21 included
203 3228 75 27 yellin?
285 3228 38 20 and
330 3227 110 26 whittling,
449 3227 48 21 with
503 3234 26 14 an
535 3227 109 22 occasional

100 3264 60 16 gToan
170 3256 60 26 from,
240 3259 22 17 to
271 3262 33 20 my
314 3262 44 14 own
368 3255 126 26 knowledge,
508 3262 55 14 some
577 3262 68 20 young

99 3283 77 21 fellows
187 3283 74 21 behind
271 3290 32 14 me
321 3283 46 21 who
384 3283 78 21 seemed
482 3285 22 18 to
522 3282 51 22 hare
591 3283 54 21 their

97 3311 61 21 heads
168 3311 90 21 between
269 3311 54 21 their
335 3310 68 22 knees.
431 3310 11 22 I
459 3309 73 23 should
546 3309 98 26 certainly

97 3339 51 21 have
167 3339 61 20 naked
247 3337 36 23 the
297 3337 103 22 constable
411 3339 22 19 to
442 3344 81 15 remove
537 3338 46 22 that
592 3338 51 27 pair,

97 3367 47 26 only
154 3366 11 21 T
180 3366 34 21 did
230 3369 35 18 not
285 3366 47 20 wish
351 3368 22 18 to
391 3365 81 21 fnrther
489 3366 102 26 interrupt
609 3365 35 21 the

97 3394 137 25 proceedings.
261 3393 21 21 If
292 3393 40 20 thi
341 3394 43 18 sort,
392 3393 22 20 of
428 3393 58 21 thine
501 3393 17 20 ia
534 3393 109 24 permitted

97 3422 21 19 to
128 3428 24 14 po
161 3427 25 14 on
196 3427 37 14 our
242 3422 90 19 concerts
347 3419 39 21 will
404 3426 48 14 soon
471 3419 51 21 have
536 3419 81 22 become
632 3426 11 14 a

97 3448 58 25 thing
163 3448 22 21 of
194 3448 36 21 the
240 3450 52 23 past.
319 3447 49 21 Just
377 3447 87 26 imagine
473 3453 11 14 a
493 3447 47 26 lady
550 3448 59 26 ging
621 3448 22 19 to

96 3476 36 20 the
142 3483 27 13 no
178 3475 57 20 small
246 3474 80 21 trouble
335 3474 22 21 of
374 3474 116 26 rehearsing
507 3474 40 21 and
564 3474 79 26 coming

96 3509 25 14 on
132 3502 45 21 that
194 3504 55 24 stage
268 3503 21 20 to
306 3501 43 26 sing
367 3509 22 13 or
402 3504 40 21 act,
461 3501 40 21 and
519 3501 48 22 then
586 3504 22 19 to
618 3501 25 22 be

95 3530 129 24 interrupted
237 3532 22 18 at
271 3537 60 19 every
341 3530 38 20 few
389 3530 50 20 lines
448 3537 5 16 ;
466 3529 39 20 and
523 3537 27 12 no
568 3532 75 19 matter

95 3557 45 20 how
158 3557 36 20 she
212 3563 47 15 mav
278 3556 51 21 have
344 3556 104 26 acquitted
466 3556 83 25 herself,
567 3558 22 18 to
609 3557 34 23 get

97 3583 65 27 yelled
181 3584 39 21 and
240 3582 92 23 whistled
352 3585 22 19 at
391 3589 25 14 on
428 3582 80 27 leaving
527 3582 35 21 the
579 3584 63 24 stage.

98 3612 46 21 And
156 3611 54 22 what
219 3612 63 20 about
291 3610 36 21 the
337 3611 96 21 audience
448 3610 45 21 who
511 3610 52 21 have
581 3613 21 18 to
617 3610 26 21 sit

97 3639 39 20 snd
146 3638 59 21 listen
215 3641 22 18 to
244 3638 53 21 this!
324 3638 39 25 Sir,
374 3638 17 20 it
400 3638 16 20 is
422 3645 26 13 no
457 3640 66 18 secret
532 3638 45 20 that
586 3638 57 20 there

96 3673 34 12 are
140 3672 60 18 many
210 3665 63 21 ladies
281 3666 21 19 in
313 3664 35 21 the
367 3667 54 18 town
439 3664 44 21 who
501 3664 52 21 have
568 3664 64 21 discon-

99 3692 69 22 tinued
179 3692 58 27 going
247 3694 22 19 to
285 3694 92 19 concerts
391 3692 19 21 in
428 3690 36 23 the
480 3691 122 22 Athenrum
619 3697 24 14 on

100 3722 86 19 account
194 3720 21 21 of
221 3720 35 21 the
265 3727 75 19 uproar
349 3719 46 22 that
400 3719 17 22 is
422 3719 89 22 inflicted
518 3726 54 20 upon
581 3719 64 22 them.

99 3748 45 20 One
153 3754 67 20 young
229 3747 83 27 hopeful
323 3747 66 20 whom
408 3747 7 20 I
431 3747 49 20 took
494 3746 35 22 the
538 3747 74 25 liberty
625 3747 21 20 of

99 3775 156 26 reprimanding,
271 3774 57 22 aaid:
367 3774 41 21 I've
423 3774 45 27 paid
485 3781 35 19 my
536 3781 73 15 monev
624 3776 23 18 to

99 3809 56 14 come
165 3802 20 20 in
194 3802 39 20 snd
244 3803 10 19 T
271 3808 87 20 suppose
374 3801 11 21 I
404 3808 36 14 can
458 3801 27 20 do
502 3801 55 21 what
566 3801 10 21 1

98 3829 44 20 The
151 3835 71 14 sooner
231 3829 57 19 these
299 3834 68 20 young
378 3834 54 20 men,
441 3828 18 20 if
468 3828 10 20 I
487 3834 48 20 may
544 3828 38 20 call
590 3828 55 21 them

99 3855 28 25 by
144 3855 47 23 that
207 3862 66 18 name,
283 3862 33 16 are
326 3854 155 24 disillusionised
492 3854 36 24 the
536 3854 67 24 better
615 3855 33 23 for

97 3885 28 22 all
136 3885 81 27 parties.
246 3885 44 21 The
300 3884 122 22 Athenaeum
432 3891 41 14 was
482 3884 53 22 built
544 3884 27 27 by
580 3884 68 27 public

99 3919 72 18 money
182 3913 33 19 for
224 3912 69 25 public
302 3911 114 20 edification
425 3911 40 20 and
480 3911 166 24 entertainment,

99 3939 39 20 and
148 3939 38 20 not
194 3938 32 21 for
236 3938 35 20 the
289 3944 116 19 annoyance
422 3937 21 21 of
460 3937 36 21 the
515 3937 74 25 public,
607 3938 40 21 and

99 3965 42 23 this
155 3965 73 22 should
241 3964 25 23 be
283 3964 138 23 remembered
434 3963 27 28 by
479 3964 71 28 people
565 3965 45 23 who
622 3972 25 21 go

102 3995 68 20 there.
199 3994 43 21 You
251 3993 59 25 bate,
321 3993 39 26 Sir,
370 3993 89 21 referred
476 4000 12 14 a
503 3993 38 21 few
558 3993 60 22 time*
626 3994 20 21 in

103 4029 51 16 vour
164 4021 80 27 journal
255 4024 21 18 to
290 4021 42 21 this
344 4020 97 26 disorder,
461 4020 37 21 but
513 4027 26 14 no
553 4021 93 26 practical

112 4052 46 23 teps
179 4055 53 15 seem
256 4050 22 19 to
299 4048 52 21 have
373 4048 49 21 been
446 4047 68 23 taken.
539 4042 43 28 Tie
599 4049 46 26 only

101 4077 81 26 remedy
194 4076 11 21 I
214 4083 37 14 can
261 4077 81 25 suggest
351 4075 17 21 is
377 4075 47 21 that
433 4077 81 19 concert
522 4076 123 21 committees

102 4104 73 22 should
184 4104 84 26 depute,
286 4110 42 19 say,
341 4104 42 20 two
401 4102 22 22 of
439 4102 54 23 their
509 4103 98 22 members
624 4106 21 19 to

101 4134 59 19 assist
170 4132 36 21 the
215 4131 102 22 constable
334 4131 21 22 in
373 4130 100 27 watching
489 4130 32 23 for
534 4131 111 29 disorderly

102 4159 101 21 member*
220 4165 73 19 among
311 4158 36 21 the
363 4158 112 26 audience;
487 4159 40 20 and
540 4159 18 20 if
573 4160 69 26 found,

101 4186 50 26 they
161 4186 73 21 should
244 4186 25 21 be
278 4184 119 27 summarily
414 4185 76 27 ejected
508 4186 40 21 and
565 4187 78 21 refused

100 4214 124 21 admittance
233 4215 24 19 to
266 4213 36 21 the
316 4212 43 21 hall
377 4219 26 14 on
421 4212 70 22 future
499 4213 107 23 occasion*.
632 4215 11 21 I

99 4241 38 21 thii
146 4241 13 21 k
170 4240 45 21 that
226 4247 39 20 any
274 4240 117 22 committee
406 4240 70 26 taking
485 4240 94 27 practical
588 4244 54 23 steps

99 4270 21 19 to
139 4271 44 23 stay
205 4275 23 13 or
249 4268 60 21 assist
327 4268 21 20 in
365 4267 80 27 staying
463 4267 88 22 disorder
568 4270 21 19 at
605 4276 38 14 our

97 4298 91 17 concerts
212 4294 65 21 wouM
296 4294 52 21 have
370 4294 35 20 the
431 4294 74 21 thanks
522 4294 40 22 snd
579 4295 62 21 moral

99 4324 83 24 support
193 4322 21 21 of
223 4322 27 20 all
264 4321 35 22 the
315 4321 122 28 respectable
454 4322 98 22 members
569 4323 22 21 of
604 4330 38 16 our

99 4349 170 28 community.l
278 4356 41 20 am,
328 4352 47 24 etc.,

335 4378 129 22 Athznjeok
476 4378 140 23 Subscriber.

154 4444 129 22 CYCLISTS
295 4443 40 22 ON
346 4444 57 21 THE
417 4444 167 23 FOOTPATHS.

268 4473 39 24 (To
319 4478 42 15 thk
375 4473 98 24 Editor.)

121 4500 45 27 ?ir,
168 4500 48 21 In
226 4507 50 20 your
285 4500 51 21 issue
345 4500 22 21 of
379 4500 47 21 26th
440 4500 103 27 February
552 4500 12 22 I
573 4501 65 22 notice

98 4536 12 14 a
119 4529 61 20 letter
197 4528 25 26 by
375 4535 26 14 on
420 4528 35 21 the
472 4528 63 21 above
552 4529 85 27 subject.

98 4558 29 19 As
145 4563 10 12 a
176 4555 87 20 believer
280 4555 21 20 in
318 4555 95 26 fair-play
437 4558 23 18 to
475 4556 28 20 all
520 4556 117 25 concerned,

96 4583 12 20 I
117 4584 52 19 trust
178 4588 40 17 yon
228 4581 40 21 will
277 4582 58 20 allow
353 4587 32 15 roe
400 4587 58 19 space
475 4584 22 19 to
509 4582 60 21 make
577 4589 11 12 a
597 4582 40 21 few

95 4617 17 15 tf
117 4610 67 21 marks
193 4616 25 15 on
228 4608 35 23 the
268 4608 59 23 other
333 4608 41 23 side
379 4609 21 22 of
407 4609 35 22 the
449 4609 101 29 qaeation.
576 4610 61 22 From

97 4638 36 21 the
149 4645 42 19 way
200 4638 20 20 in
230 4637 65 22 which
333 4637 78 22 Visitor
447 4638 67 21 writes
522 4645 39 14 one
570 4638 67 21 would

93 4664 101 26 naturally
204 4664 59 22 think
272 4664 36 22 the
325 4665 80 25 cyclists
423 4664 48 21 took
487 4665 110 26 possession
615 4666 22 19 of

96 4693 35 21 the
140 4692 60 26 paths
210 4692 39 21 and
265 4692 26 27 aty
301 4692 124 26 pedestrians
434 4692 38 21 had
482 4694 22 19 to
513 4692 72 21 shuffle
593 4692 44 21 into

95 4720 36 21 tb
140 4720 74 20 middle
230 4719 23 21 of
266 4719 35 21 the
310 4721 80 19 streets.
416 4718 48 22 This
473 4719 17 21 is
499 4721 34 19 too
541 4719 96 25 absurdly

96 4747 109 21 ridiculous
214 4748 22 19 to
245 4746 27 21 all
280 4746 51 21 local
341 4746 98 21 residents
445 4748 22 19 to
474 4746 38 21 call
521 4746 32 21 for
559 4748 67 19 contra-

94 4775 76 21 diction
180 4782 5 16 ;
198 4774 20 22 in
228 4774 47 27 fact,
285 4781 52 13 were
350 4774 16 20 it
380 4775 35 19 not
430 4774 32 20 for
479 4773 36 21 the
528 4779 109 15 erroneous

93 4802 118 29 impression
230 4801 49 22 such
297 4802 165 20 mis-statements
479 4801 68 21 create
563 4801 22 21 in
602 4800 35 21 the

95 4831 66 19 ntinds
179 4829 21 20 of
217 4830 58 19 those
292 4831 37 17 not
347 4828 119 26 acquainted
483 4827 51 21 with
547 4827 36 20 the
592 4829 45 18 true

94 4857 59 24 facts,
165 4855 8 20 I
188 4855 66 21 would
263 4857 37 18 not
308 4854 91 20 consider
412 4854 17 20 it
444 4853 65 20 worth
518 4854 119 24 answering.

94 4882 104 27 Although
209 4888 51 14 vour
268 4881 157 26 correspondent
439 4880 69 21 makes
516 4886 12 14 a
537 4880 100 25 rambling

96 4910 71 25 charge
177 4909 21 21 of
206 4909 78 20 furious
293 4908 66 26 riding
367 4914 25 14 on
402 4907 36 21 the
447 4906 105 26 footpaths
560 4907 78 25 against

98 4937 26 20 all
135 4937 86 23 cvclists,
231 4935 26 20 be
267 4935 47 20 does
323 4937 37 17 not
373 4941 50 13 even
433 4936 61 24 quote
503 4940 38 13 one
549 4933 90 20 instance

119 4963 66 19 where
206 4962 58 20 there
289 4961 66 24 might
380 4960 52 20 have
458 4960 50 20 been
530 4966 12 13 a
562 4960 77 19 serious

233 4988 58 22 Now,
302 4988 39 25 Sir,
350 4987 30 21 let
394 4993 24 14 us
432 4986 50 21 have
500 4986 34 21 the
550 4986 57 20 truth
617 4986 22 20 of

94 5017 36 21 the
141 5018 85 18 matter:
254 5015 20 21 Is
283 5015 18 20 it
309 5016 37 19 not
355 5021 11 14 a
375 5014 41 21 fact
425 5021 37 14 our
471 5013 97 27 principal
578 5013 60 27 paths

93 5052 34 12 are
136 5044 126 24 widevery
272 5041 50 21 wide
338 5041 31 20 for
382 5048 13 13 a
408 5042 86 24 country
509 5042 67 21 town;
592 5040 45 20 that

89 5078 40 15 tou
140 5070 74 21 seldom
225 5076 22 14 or
256 5075 61 15 never
326 5075 32 13 see
367 5074 55 14 more
431 5067 49 21 than
495 5068 41 20 two
545 5073 24 14 or
578 5066 57 21 three

91 5099 71 26 people
172 5097 86 25 walking
267 5095 79 21 abreast
363 5102 26 14 on
408 5095 64 25 them,
484 5094 39 21 and
537 5094 98 26 certainly

87 5133 62 14 never
158 5132 45 19 pass
213 5130 54 14 more
277 5123 49 20 than
333 5130 38 13 one
381 5122 71 26 cyclist
459 5123 21 19 at
490 5128 11 13 a
510 5121 63 25 time;
588 5121 47 20 that

90 5153 58 21 th-re
163 5152 36 20 has
215 5156 60 14 never
292 5151 35 24 yet
345 5149 49 21 been
414 5155 25 14 an
454 5148 91 20 accident
561 5148 74 20 caused

87 5179 88 27 through
193 5177 85 23 careless
293 5177 66 26 riding
374 5183 26 14 on
409 5175 58 23 them
477 5182 5 19 ;
494 5175 41 21 and
553 5174 46 22 that
612 5177 22 19 at

90 5208 36 21 the
135 5211 81 24 present
225 5207 95 26 juncture
329 5204 58 21 there
396 5205 17 20 is
422 5204 52 21 from
484 5203 33 21 6in
526 5205 22 19 to
558 5203 44 21 12in
613 5202 22 22 of

89 5236 49 21 dust
147 5242 26 13 on
188 5234 35 21 the
232 5233 57 21 reads
296 5233 9 21 ?
332 5231 62 22 What
403 5232 10 20 I
432 5231 66 22 would
515 5231 41 21 like
567 5233 22 19 to
597 5230 37 21 ask

88 5264 25 26 is,
127 5262 75 21 Would
213 5261 17 21 it
239 5261 24 21 be
272 5260 115 22 reasonable
403 5259 65 22 under
484 5258 49 22 such
550 5259 72 21 circum-

89 5294 80 18 stances
178 5293 22 17 to
211 5289 35 20 ask
255 5289 36 20 the
298 5289 40 19 few
348 5287 63 21 riders
421 5287 44 20 who
474 5286 114 21 sometimes
599 5292 35 14 use

90 5319 36 21 the
136 5317 59 26 paths
205 5316 47 25 (and
262 5315 46 21 who
316 5322 34 13 are
359 5314 119 27 principally
493 5313 105 26 composed
613 5313 21 21 of

89 5346 137 21 businessmen
242 5343 63 24 living
319 5342 57 21 short
393 5342 100 20 distances
510 5344 37 17 out
563 5340 22 21 of
600 5340 35 20 the

89 5372 63 26 town)
163 5374 22 18 to
194 5377 59 14 move
261 5370 30 20 off
300 5369 55 20 them
366 5369 43 20 ino
424 5368 34 20 the
468 5374 33 14 sea
510 5368 21 20 of
539 5367 48 20 dusc
595 5367 39 19 and

89 5400 75 29 plough
182 5397 90 25 through
289 5396 53 22 that.
368 5395 80 27 Surely,
465 5395 20 21 in
498 5394 28 21 all
543 5400 91 15 common

90 5436 58 15 sense
157 5428 59 21 there
225 5427 16 20 is
250 5433 56 14 room
319 5424 79 26 enough
412 5424 31 21 for
453 5422 48 22 both
512 5422 123 25 pedestrians

90 5457 39 20 and
140 5456 80 20 cvclists
230 5461 26 14 on
267 5460 38 14 our
314 5452 116 27 paths--we
439 5453 54 19 must
506 5450 27 21 all
543 5450 44 25 give
595 5449 40 21 and

89 5484 47 22 take
146 5491 11 13 a
166 5482 55 22 little
230 5482 21 20 in
265 5480 42 22 this
322 5479 62 22 world
398 5478 16 21 if
429 5485 29 14 we
475 5478 49 21 wish
541 5479 22 19 to
577 5476 59 22 make

91 5512 36 21 the
137 5512 44 20 best
190 5509 23 22 of
221 5510 30 25 it;
265 5508 41 21 aDd
315 5508 25 21 all
348 5506 55 28 right
411 5506 95 26 thinking
515 5504 71 28 people
596 5504 41 21 will

91 5546 59 18 agree
159 5539 47 21 that
214 5544 38 14 onr
265 5535 90 27 borough
373 5533 120 22 councillors
510 5533 56 20 show
583 5532 54 20 their

91 5567 51 26 good
152 5573 57 13 fense
219 5565 20 21 in
255 5565 36 20 not
307 5563 80 26 passing
400 5569 40 16 any
453 5561 21 20 of
487 5560 36 21 the
537 5560 99 24 arbitrary

91 5595 85 23 by-laws
195 5592 65 22 which
279 5591 88 26 disgrace
384 5589 36 21 the
442 5589 77 20 statute
538 5586 61 21 hooks
616 5586 21 21 of

91 5628 55 14 some
155 5621 22 21 of
185 5628 38 13 our
229 5618 147 27 neighbouring
384 5616 96 22 councils.
506 5615 22 20 Ti
533 5615 68 20 ustinc
608 5620 29 13 we

91 5656 47 20 may
146 5649 47 26 long
200 5648 24 20 be
233 5645 79 23 blessed
322 5645 48 21 with
381 5644 50 22 such
440 5642 103 22 wisecivic
552 5641 78 21 fathers

87 5678 34 21 I
131 5685 41 18 am,
182 5679 48 24 etc.,
493 5671 120 21 RESIDENT.

1593 98 194 48 MOUNT
1877 102 228 44 SEMG.EB
2191 103 151 42 MAIL.

3450 98 164 49 Friday,
3637 99 145 38 March
3805 98 189 44 12,1897.

118 5745 48 21 You
176 5744 51 20 have
236 5742 71 21 ruiDed
315 5748 52 21 your
375 5740 132 22 constitution
518 5737 121 26 sufficiently

93 5773 26 21 bv
131 5771 96 26 drinking
239 5770 83 21 inferior
337 5773 40 17 tea.
403 5767 85 23 Recruit
502 5766 26 24 by
544 5764 95 27 drinking

91 5801 46 24 only
147 5799 64 22 Ko*ie
220 5800 40 20 tea.
286 5797 21 21 It
316 5797 16 21 is
338 5803 51 21 pure
394 5795 40 22 and
441 5794 110 22 reliable,-
558 5793 66 20 Advt.

908 226 80 29 BUY

671 282 177 54 MILLS,
870 282 130 43 DICK,
1027 281 36 36 8L
1089 279 129 38 CO.'S

909 341 69 30 1897

685 394 190 29 ALMANAC
896 402 53 19 and
972 390 227 29 DIRECTORY.

847 440 85 35 Price,
948 439 29 28 Is
992 437 44 29 Gd.

666 522 90 38 Every
782 522 123 33 Farmer,
931 519 106 34 Miner,

909 566 53 28 and
990 566 133 27 Business
1148 562 68 28 Man

738 621 105 31 Should
870 621 119 29 Procure
1011 630 16 18 a
1054 618 85 38 Copy.

691 700 57 31 Can
775 701 36 28 be
835 700 54 29 liad
915 699 71 28 from
1013 698 46 28 the
1084 695 85 30 under-

840 740 157 30 mentioned

1221 785 1 12 i

698 802 117 28 Mackay
830 801 94 34 Bros.,
938 799 154 38 Roxburgh

699 842 26 30 J.
739 841 81 31 Noon
823 851 44 26 an,
882 840 107 30 Ettrick

700 883 90 29 Johns
804 891 56 20 and
873 881 146 36 M'Combe,
1033 879 103 29 Millers
1150 877 62 29 Flat
1221 877 1 47 j

700 925 28 29 J.
743 924 33 29 R.
792 923 92 36 Kemp,
898 922 68 30 Bald
980 921 57 30 Hill
1051 920 62 30 Flat

702 964 32 29 L.
749 966 88 33 Ryan,
851 964 72 34 Jnr.,
936 961 158 31 Alexandra
1108 959 87 30 South

703 1005 32 28 B.
748 1004 123 34 Naylor,
887 1003 86 38 Clyde

668 1091 40 54 F
792 1089 45 37 A.
913 1087 302 43 MILLER,

666 1167 133 25 BUILDER,
813 1166 106 21 JOINER
932 1165 62 20 AND
1013 1162 202 25 UNDERTAKER,

759 1215 72 29 Ross
851 1214 97 35 Place,
968 1213 163 29 Lawrence.

670 1314 121 31 PLANS
803 1313 80 30 AND
898 1309 315 32 SPECIFICATIONS

807 1368 26 27 A
854 1365 220 30 SPECIALLY.

668 1460 151 38 Quantities
834 1458 136 41 Prepared
992 1457 55 29 and
1067 1456 148 30 Estimates

694 1502 86 29 Given
793 1501 44 28 for
848 1500 35 28 all
897 1500 100 28 classes
1009 1498 30 30 of
1051 1496 135 30 Builders'

897 1539 98 28 Work.

824 1624 33 38 J.
943 1624 36 37 B
1022 1623 34 37 L
1102 1622 29 38 O
1169 1622 46 41 Y,

691 1691 197 23 WHITEHAVEN
901 1689 111 27 STREET,
1026 1688 167 22 LAWRENCE.

668 1779 125 29 BOARD
818 1778 81 29 AND
927 1776 218 30 RESIDENCE
1166 1776 49 30 AT

708 1830 256 28 REASONABLE
983 1829 187 29 CHAttGES.

774 1917 94 28 Mials
889 1926 31 19 at
939 1924 50 21 all
1007 1917 106 28 Hours.

684 2009 57 29 The
755 2010 62 27 be>t
832 2008 243 29 Accommodation
1097 2008 43 29 for
1153 2008 47 29 the

803 2048 159 38 Travelling
976 2048 106 29 Public.

665 2136 104 30 GOOD
783 2134 200 30 STABLING.
1024 2133 96 30 OATS
1138 2133 82 30 AND

776 2174 129 30 CHAFF
924 2173 52 30 ON
1000 2173 106 29 SALE.

666 2251 56 59 JJ
734 2250 99 32 ERB
847 2249 62 31 ER
922 2248 22 31 T
992 2248 101 31 AND
1141 2248 75 38 CO.,

854 2316 167 23 LAWRENCE.

819 2408 153 30 Importers
990 2416 69 21 or

665 2464 199 38 Ironmongery

751 2509 190 40 Agricultural
964 2508 181 39 Implements

924 2555 190 37 Agricultural
1134 2554 86 30 heeds

840 2612 214 31 GROCERIES

685 2671 98 32 TEAS
893 2672 98 29 TEAS
1104 2670 98 30 TEAS

670 2718 127 40 (Ceylon)
886 2718 123 37 (Indian)
1098 2717 121 37 (China.)

668 2805 94 52 W,
832 2805 59 66 J.
953 2804 266 61 Martin,

670 2886 283 31 WATCHMAKER
972 2885 24 31 &
1010 2885 210 31 JEWELLER

761 2938 71 31 Ross
850 2939 98 36 Placi,
967 2938 163 30 Lawbince.

673 3032 141 36 Watches,
833 3031 100 30 Clocks
952 3031 54 29 and
1027 3031 146 38 Jewellery
1192 3031 29 29 of

717 3071 36 29 all
765 3071 181 39 descriptions
959 3071 68 39 kept
1039 3071 29 29 in
1081 3071 96 29 Stock.

664 3116 1 49 |
691 3122 69 30 Nice
773 3122 137 30 Selection
922 3122 30 30 of
969 3122 81 36 Gem,
1061 3121 143 40 Wedding

803 3166 55 26 and
872 3163 109 40 Keeper
993 3163 98 38 Rings.

673 3243 18 21 A
705 3241 106 23 CHOICE
830 3241 181 23 ASSORTMENT
1031 3242 35 21 OP
1085 3241 136 22 ARTICLES

692 3274 139 23 SUITABLE
841 3275 55 22 FOR
907 3275 139 22 WEDDING
1056 3274 148 23 PRESENTS.

728 3343 154 39 Spectacles
896 3347 28 25 to
938 3343 61 29 Suit
1011 3343 36 29 all
1062 3342 104 40 Sights.

691 3423 104 30 Watch
826 3432 54 20 and
912 3422 89 30 Clock
1037 3422 116 30 Repairs
1185 3433 15 19 a

870 3467 156 26 {Specialty.

670 3555 115 38 Repairs
797 3565 31 18 or
840 3554 99 29 Orders
955 3556 71 28 from
1040 3555 47 29 the
1100 3560 116 34 country

720 3596 37 38 by
779 3599 61 35 post
861 3595 53 29 will
936 3596 104 30 receive
1061 3603 112 33 prompt

871 3637 142 28 attention.

679 3714 55 30 AT
738 3714 78 30 ANY
837 3714 95 30 Ladies
953 3716 134 38 complain
1101 3716 60 29 that
1175 3717 46 29 the

773 3755 55 31 Tea
840 3755 64 39 they
917 3756 68 30 have
993 3756 70 30 been
1077 3757 83 39 using
1172 3757 49 29 has

677 3796 108 29 neither
793 3797 126 38 strength
929 3807 50 18 nor
986 3797 113 29 flavour.
1120 3798 27 28 If
1157 3798 64 37 they

677 3840 44 35 try
736 3835 86 31 Kozie
833 3835 56 31 Tea
900 3835 65 42 they
976 3836 54 30 will
1044 3837 34 30 be
1091 3837 131 31 satisfied.

676 3878 91 29 Johns
784 3878 23 29 k
826 3878 147 37 M'Combk,
986 3880 117 37 Agents,
1118 3879 104 30 Millers

676 3918 70 29 Flat.

732 4031 121 26 MESSRS
881 4031 86 27 KIDD
996 4033 69 24 AND
1089 4033 66 29 <X).,

772 4088 107 34 Surgical
898 4090 45 24 and
964 4090 147 26 Mechanical

889 4123 108 25 Dentists

860 4167 45 31 (By
933 4167 91 30 exam.)

672 4336 98 71 MK
797 4337 138 30 COOMBS,
961 4339 54 24 who
1037 4337 43 26 has
1104 4338 46 25 had
1176 4345 39 20 ten

776 4385 68 23 years
861 4379 132 30 experience
1014 4377 54 25 with
1087 4377 38 25 Mr
1149 4379 24 23 8.

669 4412 78 30 Myers
772 4418 55 22 may
854 4410 28 23 be
908 4411 126 23 consulted
1063 4417 21 16 at
1115 4410 100 26 Hemns

667 4442 156 26 Commercial
835 4442 82 28 Hotel,
934 4442 137 31 Koxburth,
1084 4442 56 26 Fab.
1154 4445 51 24 19ih
1208 4463 5 11 v

666 4476 47 25 and
729 4476 24 25 in
767 4475 77 25 future
855 4483 70 23 every
936 4475 78 24 fourth
1024 4475 93 33 Friday.

698 4527 30 20 As
751 4531 33 15 we
812 4522 80 25 intend
917 4522 94 29 visiting
1043 4523 47 23 this
1120 4523 92 26 district

665 4556 107 28 monthly
783 4557 17 21 it
812 4557 44 20 will
875 4562 55 15 save
949 4555 100 29 patients
1060 4557 41 22 the
1111 4564 101 20 expense

665 4587 24 24 of
703 4588 71 30 going
786 4593 24 17 to
823 4586 78 26 Town,
929 4586 46 23 anil
991 4594 26 16 as
1034 4595 34 16 we
1085 4593 113 24 guarante

665 4621 30 24 all
707 4621 63 24 work
786 4619 103 32 patients
902 4627 51 23 may
974 4621 47 29 rely
1043 4628 32 16 on
1091 4622 89 30 getting

664 4652 127 26 first-clas
803 4652 89 25 article.

694 4699 74 24 Teeth
791 4697 121 25 eitracted
943 4697 47 24 and
1021 4697 108 30 replaced
1158 4700 53 22 witb

666 4734 133 27 temporary
810 4729 110 24 artificial
930 4737 58 15 ones
1002 4730 83 24 within
1097 4733 28 21 48
1139 4730 73 25 hours

696 4778 106 26 Painless
812 4777 142 25 txtarctions
967 4777 57 25 with
1034 4777 97 26 Nitrous
1140 4779 74 26 Oxide

664 4812 49 23 Gas
728 4812 117 23 Coeoaine
861 4811 72 24 Ether
950 4819 25 15 or
989 4811 161 24 Chloroform.

679 4854 116 31 Stopping
803 4853 56 24 with
869 4853 63 24 Gold
941 4852 125 30 Amalgam
1077 4861 27 16 or
1112 4850 100 28 Cement

695 4899 81 30 Single
786 4898 77 24 Tooth
877 4898 47 24 10s.
942 4899 53 23 Seta
1007 4897 94 32 equally
1116 4899 80 23 moder-

665 4937 56 17 ate..
769 4932 183 26 Arrangements
969 4929 45 24 will
1028 4930 29 23 be
1073 4931 68 22 made
1158 4932 54 22 witb

666 4962 65 23 those
751 4961 52 23 who
819 4967 87 18 cannot
933 4969 45 22 pay
1003 4961 43 23 full
1070 4967 97 19 amount
1190 4967 23 19 at

666 5001 64 17 once.
774 4993 73 25 Teetb
868 4994 69 24 made
962 4994 31 30 by
1020 4993 69 25 other
1112 4995 101 24 dentists

666 5027 99 30 proving
775 5026 182 30 unsatisfactory
965 5033 52 23 may
1028 5026 29 25 be
1066 5028 146 30 remodeled

665 5063 24 19 at
699 5059 68 23 small
776 5063 61 20 coat.

713 5108 177 24 Extractions
892 5109 26 23 2s
933 5107 40 26 6d.
1004 5107 107 26 Gas7s
1125 5108 43 24 6d

680 5287 110 25 FANCY
815 5286 111 26 GOODS
943 5286 71 24 AND
1033 5286 164 26 DRAPERY.

669 5394 103 55 FJ.
808 5393 135 25 WATRRB
969 5394 90 24 desires
1084 5399 25 20 to
1134 5394 74 29 noiify

711 5446 6 6 .
747 5430 53 24 ttat
814 5429 42 24 she
869 5428 70 30 keeps
950 5428 23 24 in
983 5429 66 23 stock
1066 5428 85 24 Ladies
1163 5435 44 17 ana

663 5461 113 25 Children
786 5470 11 16 s
814 5461 196 31 Underclothing,
1026 5461 47 25 and
1085 5462 30 22 all
1136 5461 73 25 kinds

664 5496 23 23 ef
702 5496 114 30 Drapery.

694 5538 78 32 Fancy
786 5538 80 25 Goods
878 5547 14 15 a
906 5538 136 31 Specialty.

699 5582 132 24 Christmas
840 5581 29 31 an
883 5581 14 31 3
911 5581 43 31 Sew
968 5581 63 25 Year
1044 5585 134 27 presents

787 5635 13 14 a
816 5632 64 24 great
894 5626 87 29 variety
992 5632 24 17 to
1028 5626 61 23 hand
1093 5651 6 7 <

788 5660 132 24 liiDection
932 5659 94 25 Invitrd

691 5694 112 28 Pointing
817 5693 44 23 and
874 5700 34 17 a<-t
951 5692 134 25 eedlework
1098 5693 85 27 taught

757 5728 111 20 bummer
882 5726 80 23 'ioot's
979 5733 51 15 now
1044 5734 30 14 on
1091 5725 61 24 hand

668 5781 266 26 AddressOrmond's
944 5780 115 32 Building
1070 5780 142 31 Roxburgh.

1268 789 435 88 SPRING

1773 1343 80 32 AND

1872 1830 494 89 SUMMER

1603 2348 409 91 GOODS

1255 3370 1107 280 A.&T.

1251 4248 1103 376 Inglis,

1555 5158 52 57 D
1630 5158 53 59 U
1711 5160 41 55 N
1776 5157 44 56 E
1843 5155 52 57 D
1920 5155 129 59 IN.

2398 1474 191 57 Chas.
2603 1477 94 47 Be
2737 1474 208 64 g&Co.

2400 1562 138 32 CTOCK
2564 1564 36 29 all
2623 1564 47 28 the
2695 1562 113 37 leading
2832 1561 115 40 English

2472 1606 55 29 and
2541 1605 119 30 German
2674 1604 97 30 Makes
2785 1604 30 28 of
2832 1603 96 29 Pianos
2940 1614 6 18 :

2448 1669 174 23 BRINSMEAD.
2643 1668 137 25 POLLVRD,
2800 1667 98 26 SAME?,

2590 1696 168 22 EAVESTOFF.

2397 1736 204 25 SCHWECHTEN,
2611 1735 70 26 LIPP,
2692 1735 73 20 fiORS
2774 1734 16 21 k
2801 1733 148 26 KALLMAN,

2524 1774 166 25 GERHABDT,
2706 1774 124 21 HANSEN.

2396 1809 0 21 I

2436 1856 121 39 Chas.
2580 1855 110 48 Begg
2713 1854 83 39 and
2818 1854 98 38 Co.'s

2399 1926 233 32 EXHIBITION
2661 1925 133 32 MODEL
2826 1924 123 39 t'IANO,

2601 1978 154 30 3BNOT.

2398 2058 122 32 STORY
2544 2058 26 31 &
2596 2058 163 31 CLARK'S
2788 2056 161 37 ORGANS,

2495 2110 177 31 KIMBALL
2691 2109 163 36 ORGANS,

2397 2164 82 30 From
2488 2164 57 30 2O
2554 2168 28 24 to
2592 2161 78 33 50..
2689 2163 81 29 From
2780 2163 56 28 2O
2845 2166 29 24 to
2883 2161 66 29 SO.

2398 2244 146 33 BESSON
2571 2244 25 31 &
2626 2243 180 33 BOOSKVS
2828 2241 121 33 BRASS

2533 2285 285 31 INSTRUMENTS.

2399 2366 98 31 Violin
2512 2367 66 29 Bow
2596 2367 153 29 Repairing
2762 2375 16 19 a
2792 2365 155 30 Specialty.

2437 2418 102 36 Violin,
2554 2418 66 29 Bow
2633 2417 53 29 and
2703 2417 100 30 Case...
2846 2415 66 40 30/-

2434 2460 184 34 Accordeons,
2632 2459 71 29 from
2775 2483 29 3 ...
2865 2457 46 38 7/6

2466 2538 110 31 CHAS.
2597 2537 101 29 BEGG
2721 2537 80 29 AND
2822 2537 57 31 CO.

2398 2587 81 30 Have
2498 2587 47 30 the
2568 2587 104 38 largest
2693 2584 56 29 and
2770 2589 73 25 most
2855 2585 92 31 varied

2398 2628 79 30 stock
2489 2628 29 29 of
2531 2627 91 30 Music
2631 2626 27 29 in
2670 2625 47 30 the
2726 2624 114 43 Colony.
2879 2627 68 31 New

2494 2668 160 39 Shipments
2668 2665 187 42 Fortnightly.

2582 2717 71 30 New
2673 2717 96 32 Songs.

2436 2760 82 30 Morn
2549 2759 30 30 of
2617 2759 331 31 SorrowsSnowflakes

2401 2801 170 29 FairGate
2583 2800 30 29 of
2631 2800 154 30 LifeFor
2803 2801 48 30 the
2873 2801 60 29 Chil-

2401 2841 91 30 dren's
2506 2840 179 30 SakeWilt
2698 2841 76 29 Thou
2787 2841 36 29 be
2837 2841 111 29 Mine

2403 2881 135 30 Sunshine
2569 2881 192 30 AboveShe
2794 2881 100 38 Stoops
2919 2884 29 27 to

2401 2921 207 41 ConquerNo
2630 2921 43 30 for
2694 2932 35 19 an
2750 2921 197 31 AnswerNo

2399 2963 89 30 Man's
2502 2963 85 29 Land.

2528 3015 99 30 Violin
2646 3024 55 20 and
2720 3014 97 31 Piano.

2433 3055 130 30 Andante
2584 3058 29 25 et
2636 3055 117 28 Scherzo
2775 3053 172 39 Capriccioso

2399 3094 112 37 (David)
2590 3094 100 28 Bach's
2731 3096 42 26 Ist
2812 3093 135 29 Concerto

2399 3134 109 37 (Alard)
2512 3134 125 29 Three
2672 3133 94 29 Pieces
2792 3133 155 38 Classiques

2399 3175 49 36 (Ra
2451 3175 57 37 ggh
2511 3175 22 27 in
2538 3179 28 22 nt
2570 3175 19 33 i)
2592 3173 89 29 Les
2688 3174 104 28 Echoes
2797 3172 147 37 (Leonard)

2396 3213 172 30 Mazurka
2606 3213 33 30 de
2684 3213 118 30 Conceit
2848 3212 100 36 (Ovide

2397 3254 103 36 Musin)
2503 3254 175 29 Romance
2713 3253 124 38 (Jansen)
2841 3253 106 29 Sou-

2397 3295 79 29 venir
2488 3295 35 28 de
2536 3295 102 38 Haydn
2655 3295 9 36 (
2691 3294 124 38 eonard).

2441 3377 121 39 Chae.
2585 3377 110 48 Begg
2721 3377 83 38 and
2827 3376 75 42 Co.,

2416 3436 32 30 21
2490 3436 118 30 Princes
2644 3436 113 36 Street,
2792 3436 138 34 Dunedin,

2397 3486 115 42 Having
2535 3499 16 19 a
2576 3488 76 30 Most
2678 3488 128 30 Efficient
2829 3486 71 31 Staff
2919 3486 30 30 of

2399 3528 160 36 Workmen,
2568 3539 50 19 can
2631 3530 100 37 Kepair
2740 3529 54 27 and
2810 3532 75 24 Tune
2896 3537 53 28 any

2519 3568 117 30 Musical
2655 3568 172 30 Instrument

2451 3619 51 29 AT
2528 3620 210 29 MODERATE
2759 3618 132 30 RATES.

2406 3693 166 53 JOHN
2646 3693 303 36 THOMPSON,

2520 3745 256 30 AUCTIONEER
2792 3767 5 12 ,

2442 3795 81 22 LAND
2536 3795 62 21 AND
2611 3794 111 26 ESTATE,
2735 3794 85 25 LOAN,
2835 3794 59 20 AND

2392 3833 175 32 GENERAL
2580 3831 223 30 COMMISSION
2816 3831 130 29 AGENT>

2486 3885 71 29 Ross
2577 3885 98 33 Place,
2695 3883 163 30 Lawrence.

2571 3965 95 38 Agent
2680 3964 43 29 for
2735 3963 47 30 the

2394 4006 129 30 Norwich
2533 4006 94 29 Union
2643 4005 149 28 Insurance
2806 4005 49 29 Co.

2394 4047 139 30 Standard
2545 4047 61 29 Fire
2615 4046 54 28 and
2681 4045 106 29 Murine
2796 4045 150 29 Insurance

2467 4087 49 31 Co-

2394 4128 158 29 Australian
2574 4127 106 29 Mutual
2703 4125 149 29 Provident
2872 4125 73 36 (Life

2467 4168 164 33 Assurance)
2650 4165 109 38 Society

2394 4208 137 29 Standard
2559 4206 118 38 Fidelity
2709 4205 51 28 and
2788 4205 155 28 Guarantee

2467 4248 118 37 Society.

2429 4328 47 30 All
2488 4327 125 31 business
2625 4325 152 31 connected
2799 4326 66 29 with
2883 4326 40 38 Ap-

2392 4368 143 40 plications
2556 4368 43 28 for
2622 4367 193 37 Assignments
2836 4378 31 17 or
2886 4366 38 29 Ex-

2392 4409 106 38 change
2512 4408 29 29 of
2556 4407 188 38 Agricultural
2758 4406 109 35 Leases,
2882 4408 39 37 Ap-

2392 4449 143 38 plications
2544 4449 86 27 under
2640 4446 132 29 Deferred
2782 4446 158 37 Payments,

2391 4489 108 40 Mining
2514 4489 99 29 Leases
2624 4497 31 19 or
2666 4486 109 36 Claims,
2786 4485 154 40 Up-lifting

2390 4530 30 30 of
2441 4530 98 29 Crown
2559 4529 110 33 Grants,
2683 4527 59 35 &c.,
2755 4527 111 37 quickly
2886 4527 52 28 and
2948 4527 1 37 !

2392 4569 114 38 cheaply
2519 4567 164 31 transacted.

2388 4644 95 43 Loan
2507 4644 262 43 Negotiated.
2793 4644 119 43 Money

2389 4739 41 54 F
2434 4781 10 12 #
2527 4739 34 39 J.
2641 4736 297 43 WILLIAMS,

2412 4810 201 22 HAIRDRESSER
2632 4810 62 21 AND
2712 4809 199 25 TOBACCONIST,

2583 4849 164 29 Lawrence.

2424 4922 150 29 LADIES'
2606 4920 294 31 HAIRCOMBINGS

2468 4974 110 29 MADE
2598 4973 92 29 INTO
2709 4971 144 30 PLAITS.

2387 5046 101 29 Orders
2497 5047 37 37 by
2542 5050 64 34 post
2614 5044 138 41 promptly
2759 5043 130 30 attended
2900 5047 36 26 to.

2386 5164 207 56 yiCTORIA
2609 5163 145 31 LIVERY
2768 5160 166 31 STABLES

2470 5232 71 23 PEEL
2554 5233 110 25 STREET,
2679 5229 165 24 LAWRENCE.

2383 5300 35 43 T.
2446 5300 121 52 Dwyer
2611 5311 8 31 :
2666 5311 8 31 :
2730 5295 200 55 Proprietor.

2418 5385 60 32 The
2489 5397 68 29 very
2569 5386 61 30 best
2644 5385 130 38 Stabling
2790 5379 140 44 provided,

2383 5428 67 30 with
2462 5438 16 19 a
2491 5428 101 29 Groom
2606 5428 99 38 always
2719 5428 28 27 in
2760 5425 170 30 attendance.

2383 5521 27 29 A
2432 5519 158 29 Handsome
2615 5519 55 29 and
2697 5513 234 43 Well-appointed

2482 5580 154 36 Hearse
2659 5591 53 25 on
2740 5579 101 36 Hire.

2425 5672 157 31 First-class
2615 5673 94 39 Single
2742 5672 54 30 and
2829 5669 107 32 Double

2390 5714 139 38 Buggies;
2550 5713 66 33 also,
2630 5713 99 28 Ladies
2731 5712 7 13 5
2752 5712 54 29 and
2827 5710 95 29 Gentle-

2389 5753 87 29 men's
2489 5752 101 30 Saddle
2603 5752 113 30 Horses.

2496 1002 120 25 FIRST.
2824 999 157 28 SECOND.
3190 1000 130 30 THIRL).
3522 1002 163 30 FOURTH.
3884 1004 122 29 FIFTH.

2427 1038 91 30 DOTS
2550 1038 67 28 with
2655 1038 56 28 this
2751 1038 41 29 On
2807 1039 54 29 this
2883 1039 93 29 Brand
2996 1039 64 39 only
3099 1039 73 40 Only
3193 1042 46 28 the
3262 1052 65 29 very
3352 1043 61 30 best
3452 1042 134 38 Farmers,
3641 1044 111 37 Miners,
3791 1045 57 30 The
3857 1045 136 30 Standard
4001 1045 91 30 Brand

2427 1080 63 30 rand
2499 1090 35 18 on
2544 1080 47 28 the
2599 1079 61 28 heel
2667 1090 45 17 are
2752 1081 46 27 the
2829 1091 66 28 very
2932 1082 63 28 best
3034 1080 28 28 of
3100 1081 29 29 of
3140 1082 141 30 Materials
3292 1094 45 18 arc
3346 1084 65 28 used
3450 1084 53 29 and
3516 1085 35 28 all
3566 1085 61 28 who
3640 1090 72 23 want,
3724 1091 29 23 to
3793 1087 82 28 Boots
3888 1086 53 28 and
3954 1086 84 30 Shoes
4046 1096 46 19 are

2427 1119 174 31 laranteedto
2609 1119 45 30 Fit
2659 1120 55 29 and
2754 1120 152 31 Workmen
2935 1131 45 20 are
3006 1131 56 21 eui-
3101 1121 27 30 in
3165 1123 54 30 tiis
3260 1124 91 29 Brand
3385 1124 28 30 of
3450 1124 70 40 keep
3540 1126 72 29 their
3624 1125 56 31 feet
3693 1126 58 40 dry,
3789 1127 99 30 known
3909 1127 68 30 from
3999 1127 91 30 Auck-

2472 1160 86 29 Wear
2570 1160 70 29 well.
2732 1160 4 42 j
2854 1162 109 37 ployed.
3081 1160 4 42 |
3128 1163 84 29 Boots
3225 1164 54 28 and
3295 1165 94 28 Shoes.
3483 1170 45 32 try
3541 1167 55 27 this
3615 1167 91 28 Brand
3791 1168 63 27 land
3868 1172 28 23 to
3909 1168 46 27 the
3969 1168 74 27 Bluff
4050 1168 42 27 for

3824 1207 115 31 sterling'
3949 1207 111 35 qualitv.

2436 1240 75 30 ALL
2531 1239 118 30 BOOTS
2671 1240 168 30 BEARI.NG
2901 1241 206 29 STANDARD
3167 1242 52 30 ON
3247 1244 6 12 f
3255 1245 6 25 l
3272 1244 53 28 HK
3346 1245 101 28 HEEL
3478 1246 75 27 ARE
3578 1246 318 31 MANUFACTURED
3918 1248 39 28 IN
3979 1248 76 28 THK

2714 1280 250 30 CELEBRATED
3015 1282 206 29 STANDARD
3274 1284 131 28 BRAND
3426 1285 96 28 BOOT
3543 1286 173 31 FACTORY
3737 1287 48 28 BY

3521 1002 164 30 FOURTH.

3452 1043 134 37 Farmers,
3641 1044 111 37 Miners,

3450 1085 53 28 and
3516 1085 35 28 all
3566 1085 61 28 who
3640 1090 71 23 want
3725 1091 28 23 to

3450 1124 70 40 keep
3539 1125 73 30 their
3624 1125 56 31 feet
3693 1126 58 40 dry,

3484 1171 44 31 try
3541 1167 55 27 this
3615 1167 91 27 Brand

2447 1413 177 21 WHOLESALE
2650 1412 86 21 OVLY.

2677 1344 369 65 SARGOOD,
3092 1345 130 56 SON
3262 1348 44 52 &
3347 1348 244 62 EWEN,

3045 1471 378 57 BICYCLES.
3658 1472 376 59 BICYCLED

3290 1571 77 30 THE
3405 1570 142 32 LATEST
3584 1572 80 30 AND
3703 1572 102 30 BE>T.

2991 1654 19 28 1
3022 1653 202 29 NTENDING
3243 1653 165 29 Purchasers
3428 1653 97 29 should
3546 1665 43 18 see
3612 1665 50 18 our
3684 1654 83 28 Stock
3792 1654 93 29 before
3899 1656 126 40 ordering
4038 1668 58 18 new

3059 1698 110 24 mounts
3182 1695 43 27 for
3238 1694 46 28 the
3297 1694 111 38 coming
3421 1705 102 18 sason.
3565 1694 51 30 We
3629 1705 45 17 are
3690 1694 63 29 Sole
3768 1697 107 35 Agents
3897 1696 27 26 in
3948 1696 65 30 New
4035 1698 48 28 Zea-

2988 1733 64 30 land
3066 1735 43 27 for
3121 1734 47 28 the
3182 1734 150 39 following,
3347 1734 108 30 viz.:

3100 1774 134 30 Sterling
3248 1774 87 30 Cyci.k
3349 1774 58 35 Co.,
3422 1774 119 37 Chicago

3100 1814 69 28 Nkw
3184 1815 99 28 Havkn
3298 1814 58 35 Co.,
3370 1815 179 29 Connecticut
3605 1825 14 18 >
3666 1814 107 29 Twelve
3788 1814 121 30 Months'
3922 1815 160 32 Guarantee.

3100 1854 97 30 Rcdge
3211 1854 107 30 Wedge
3332 1856 57 34 Co.,
3403 1855 128 38 England
3599 1846 15 43 )

3064 1894 158 35 Roadsters,
3252 1894 102 37 weight
3384 1894 70 28 from
3482 1895 65 27 231b
3574 1898 28 25 to
3628 1894 85 35 261b;
3746 1894 108 35 L'ncers,
3885 1896 77 35 191b;
3981 1897 52 29 and
4062 1898 41 28 for

2991 1934 144 39 Strength,
3139 1934 78 35 Style
3229 1934 55 29 and
3296 1934 94 30 Finish
3405 1934 76 29 excel
3494 1935 136 38 anything
3644 1940 47 33 yet
3703 1934 161 30 introduced
3879 1940 27 24 to
3921 1937 53 28 this
3988 1941 114 26 countrv

2989 1986 31 17 or
3033 1986 53 22 any
3107 1976 88 28 other.
3237 1974 57 30 Call
3317 1979 29 23 at
3365 1985 49 18 our
3438 1974 163 29 Warehouse
3623 1974 53 28 and
3698 1974 103 39 inspect
3822 1976 71 28 them
3920 1987 30 18 or
3971 1977 66 30 send
4061 1979 41 29 for

2989 2016 153 37 catalogue.
3182 2016 72 38 Only
3267 2016 48 28 the
3329 2015 111 38 highest
3454 2016 83 33 grade
3552 2015 136 29 machines
3703 2015 66 38 kept,
3783 2016 25 27 in
3824 2017 85 28 stock.

3079 2069 308 61 Morrow,
3455 2068 259 51 Basset!
3781 2068 50 52 &
3892 2070 123 60 Co.,

3239 2143 180 30 DUNfcDIN
3457 2152 54 19 and
3549 2143 309 35 CHRISTCHUROH,

3037 2184 150 40 Importers
3201 2184 29 29 of
3242 2183 35 30 all
3292 2183 82 31 kinds
3387 2184 29 29 of
3430 2183 185 38 Agricultural
3631 2183 176 38 Implements
3820 2184 53 29 and
3890 2185 162 39 Machinery.

3163 2267 63 29 Sole
3239 2270 109 35 Agents
3361 2267 45 28 for
3418 2266 170 29 M'tormick
3604 2266 117 38 Reapers
3734 2267 52 28 and
3802 2267 121 29 Binders.

3007 2307 57 29 The
3085 2306 153 30 Southland
3259 2307 135 29 Farmers'
3412 2306 165 39 Implement
3596 2305 150 40 Company,
3763 2307 182 38 Jnvercargill,
3960 2307 58 36 &c.,
4032 2307 49 31 See.

3105 2348 57 28 The
3176 2347 124 29 Colonial
3314 2347 152 29 Combined
3481 2346 82 29 Drills
3577 2357 45 18 are
3636 2347 45 28 the
3696 2347 59 28 best
3768 2347 27 27 in
3810 2347 45 28 the
3869 2347 112 30 market.

3291 2399 58 29 Gci
3354 2408 85 20 rants
3443 2409 13 19 is
3474 2407 73 21 with
3570 2399 73 28 Kach
3664 2399 138 29 Machine.

3034 2484 388 59 COSSENS
3488 2484 171 56 AND
3727 2484 325 68 BLACK,

3109 2572 233 38 ENGINEERS,
3360 2571 285 37 BLACKSMITHS,
3665 2572 274 31 MILLWRIGHTS
3959 2573 24 30 &

3391 2613 311 38 IRONFOUNDERS,

3259 2666 361 27 CRAWFORD-STREET,
3658 2663 171 25 DUttEDIli.

3299 2733 379 31 MANUFACTURERS
3710 2733 86 30 OF

2987 2776 140 40 Pumping
3140 2775 54 30 and
3214 2774 137 39 Winding
3370 2774 169 39 Machinery,
3564 2773 229 31 HYDRAULIC
3815 2775 144 30 MINING
3979 2775 124 31 PLANT

3056 2816 155 39 (including
3224 2814 153 39 Hydraulic
3389 2813 121 38 Giants),
3525 2815 89 29 Sluice
3628 2814 109 36 Valves,
3751 2815 128 29 Elevator
3896 2815 137 40 Castings,

3288 2854 66 30 Iron
3368 2854 54 29 and
3437 2853 75 31 Steel
3526 2854 138 40 Fluming,
3678 2853 59 38 Ac.,
3751 2854 49 30 &c.

3096 2907 155 32 DREDGE
3276 2905 216 38 TUMBLERS,
3512 2906 184 37 BUCKETS,
3716 2904 126 39 LINKS,
3862 2907 61 36 &c.,
3942 2907 48 31 &c.

2986 2950 207 35 Waterwheels,
3203 2947 145 36 Turbines,
3361 2946 83 30 Brick
3457 2946 55 30 and
3525 2946 85 30 Drain
3625 2947 68 39 Pipe
3707 2947 116 39 Making
3834 2948 54 28 and
3899 2948 89 30 Wood
4000 2949 80 29 Work-

3068 2992 48 38 ing
3131 2989 169 39 Machinery.
3340 2987 89 31 Horse
3443 2988 118 37 Powers,
3575 2987 192 36 Chaffcutters,
3781 2986 102 42 Turnip
3902 2988 123 40 Pulpers,

3233 3029 54 29 and
3300 3029 36 29 all
3349 3029 82 28 kinds
3443 3029 30 27 of
3484 3029 159 37 Machinery
3656 3029 54 27 and
3723 3029 129 37 Gearing.

3102 3111 19 20 A
3147 3109 79 20 YRY
3252 3109 95 20 LARGE
3372 3107 89 21 STOCK
3485 3107 37 20 OF
3548 3106 142 21 PATTERNS
3714 3106 35 20 TO
3774 3105 102 22 SELECT
3902 3105 86 23 FROM.

2986 3176 213 32 ESTIMATES
3220 3175 131 29 GIVEN.
3519 3173 353 30 CORRESPONDENCE
3893 3173 209 31 SOLICITED.

3005 3258 114 39 Repairs
3133 3257 53 29 and
3201 3267 81 28 every
3296 3255 166 39 description
3476 3254 30 30 of
3519 3254 188 39 Engineering
3719 3253 53 30 and
3791 3253 191 30 Blacksmith's
3995 3253 88 31 Work

3388 3295 142 39 Promptly
3551 3294 148 30 Executed.

3031 3386 50 41 Ki
3187 3386 103 36 GROWN
3319 3387 37 35 ON
3387 3387 61 35 THE
3479 3387 88 35 HILLS
3594 3387 36 35 OF
3659 3387 102 35 SUNNY
3789 3387 123 37 CEYLON,

3368 3476 156 49 DRIN
3538 3476 102 50 KO

3386 3600 55 147 E

3706 3441 35 43 1

3968 3633 25 18 V
4045 3633 51 18 3

3387 3772 108 40 PURE
3518 3772 191 38 BLENDED

3326 3833 89 40 HILL
3436 3832 157 42 CROWN
3605 3832 164 42 CEYLON

3099 3932 63 38 THE
3176 3932 89 38 MOST
3275 3932 160 38 DELICIOUS
3448 3932 23 38 &
3485 3932 195 38 ECONOMICAL
3693 3931 61 39 TEA
3769 3934 28 36 IN
3811 3932 64 38 THE
3887 3932 111 38 WORLD.

2986 4022 128 69 W,
3160 4017 364 74 Scoular
3568 4017 68 71 &
3913 4043 183 30 d^edin.

3416 4124 90 30 Local
3527 4123 144 30 Agents

3020 4179 35 29 D.
3073 4178 195 36 CORMACK,
3289 4177 172 40 Roxburgh;
3481 4177 124 30 JOHNS
3624 4177 24 30 &
3668 4175 180 38 M'COMBE,
3868 4177 104 30 Millers
3991 4177 70 29 Flat.

2983 4276 477 73 MMMmwm
3513 4290 49 52 &
3610 4275 480 84 Chalmers,

3179 4407 256 57 COACH
3494 4406 405 67 BUILDERS,

3212 4506 329 36 WHEELWRIGHTS,
3581 4505 283 39 BLACKSMITHS,

3510 4576 55 20 AND

3062 4633 298 31 AGRICULTURAL
3399 4631 227 30 IMPLEMENT
3664 4631 348 37 MANUFACTURERS,

3335 4706 72 29 Ross
3445 4706 98 35 Place,
3581 4705 160 30 Lawrence.

3014 4802 74 29 ALL
3127 4801 121 29 KINDS
3287 4801 47 29 OF
3371 4798 145 30 MINING
3554 4797 233 31 MACHINERY
3826 4800 107 28 MADE
3972 4799 82 29 AND

3438 4849 201 31 REPAIRED.

3428 4944 111 27 Agents
3557 4951 48 20 for

2979 5011 226 39 Massey-Harris
3226 5010 118 39 Reapers
3366 5010 54 28 and
3446 5010 126 34 Binders,
3593 5009 175 36 Cultivators,
3795 5010 135 35 Scufflers,
3958 5009 129 38 Ploughs,

3436 5049 89 30 Horse
3538 5050 98 35 Rakes,

3278 5102 122 28 Peerless
3420 5101 53 35 Oil,
3494 5102 103 27 Binder
3614 5101 102 36 Twine,
3736 5101 48 29 &c.

3032 5184 47 29 All
3108 5183 87 30 Work
3226 5181 148 30 Entrusted
3397 5184 28 27 to
3451 5180 41 31 Us
3518 5181 54 29 will
3596 5180 116 31 Receive
3738 5181 113 38 Prompt
3875 5180 153 29 Attention.

3299 5261 129 22 CHARGES
3454 5261 133 22 STRICTLY
3613 5262 152 21 MODERATE

3040 5333 160 24 OBKtt
3227 5332 20 23 T
3374 5331 22 24 K
3428 5333 22 23 A
3478 5330 21 25 Y

3004 5398 122 26 General
3151 5397 104 25 Pr/pee
3273 5404 49 18 and
3334 5397 129 25 Clothieb

3078 5449 61 24 Rosa
3160 5448 70 25 Place
3252 5449 132 24 Lawrence.

3022 5561 57 24 New
3099 5559 45 24 and
3161 5558 159 24 Fa%hionable
3342 5558 105 29 Drapery

2993 5599 76 31 Large
3081 5598 63 25 stock
3164 5597 75 24 Vltn's
3251 5599 45 22 and
3311 5600 60 27 h-oya

3023 5639 84 25 Ladies
3122 5638 47 25 abd
3318 5637 127 33 requisite*.

2994 5698 74 23 Viii
3097 5698 130 27 Roxburgh
3272 5696 44 23 uiid
3352 5702 89 17 surroiu
3453 5693 46 32 oius

2965 5730 101 23 districts
3079 5729 106 29 niontbly

3690 5348 82 28 TEA.
3810 5348 26 26 A
3848 5347 174 38 stimulating
4031 5348 55 28 and

3624 5387 153 39 sustaining
3790 5396 52 30 cup
3854 5386 28 30 in
3895 5397 120 20 summer
4031 5388 54 30 and

3536 5430 103 29 winter.
3678 5428 35 28 D.
3729 5428 140 34 Cormack,
3883 5428 105 37 Agent,
4011 5428 56 30 Rox-

3535 5470 98 37 burgh.

3537 5595 81 21 Printed
3633 5595 39 21 and
3688 5595 110 21 Published
3817 5600 25 21 by
3865 5595 102 22 William
3983 5597 105 21 Pannkll

3591 5627 125 22 Matthews
3725 5628 32 21 for
3767 5628 35 21 the
3810 5629 132 27 proprietors,
3953 5629 81 22 Dukne
4043 5636 46 16 and

3591 5665 134 28 Matthews,
3746 5667 21 21 at
3789 5665 54 23 their
3996 5667 93 28 Printing

3592 5700 70 22 fifl'CH,
3682 5701 176 25 Scotland-Btreet.,
3877 5701 119 25 Koxlurgh,
4015 5703 67 24 Otugu

3588 5735 49 22 Mew
3648 5735 198 28 ZealandFriday,
3852 5735 69 22 March
3932 5736 9 20 1
3962 5735 20 27 2,
3991 5736 54 23 IH7.
