3392 4382
335 397 2987 38 THE

335 435 1195 45 OXFORD
1729 435 1593 45 OBSERVER

335 480 1493 45 CIRCULATING
1964 480 1358 45 THROUGHOUT

335 525 933 45 NORTH
1455 525 1867 45 CANTERBURY

1919 642 88 31 1889.

1166 812 109 31 EAST
1320 811 183 37 OXFORD,
1548 811 246 38 SATURDAY,
1837 813 238 34 DECEMBER
2121 818 38 30 11
2204 818 90 31 1897.

52 832 143 29 Volumn
224 828 56 32 IX.
322 825 101 31 NEW
448 822 153 33 SERIES.

2923 825 142 31 Price—
3067 825 86 31 ONE
3175 826 150 30 PENNY.

2479 962 209 59 JOHN
2745 964 85 76 JH.
2894 964 295 68 600KE,

2479 1058 117 47 THE
2629 1059 273 51 PEOPLE'S
2931 1062 446 91 CHEHIS!^^

2391 1156 137 41 178]
2571 1157 229 34 Cashel

2434 1296 292 44 CHUIS
2744 1300 106 41 TO
2866 1300 127 63 130J
3011 1303 212 43 EOH.

2369 1463 103 30 Allow
2493 1474 49 20 me
2564 1469 33 26 to
2620 1465 115 32 submit
2756 1469 33 28 to
2803 1478 80 29 your
2897 1470 225 30 consideration
3138 1470 54 32 the
3206 1470 161 42 following

2286 1511 203 52 Specialties,
2512 1516 54 29 alh
2576 1517 37 35 of
2630 1517 103 31 which
2754 1518 96 40 being
2870 1530 53 30 my
2938 1531 68 20 own
3022 1523 241 40 compounding,
3279 1524 18 30 I
3312 1533 56 21 can

2725 1570 118 39 having
2857 1572 207 41 successfully
3093 1573 77 30 used
3201 1573 85 31 them
3315 1573 48 31 for

2312 1673 23 29 **j
2347 1675 52 30 -**
2421 1673 13 20 I
2449 1680 35 15 am
2499 1676 146 26 exceedingly
2659 1677 124 21 successful
2797 1677 25 21 m
2837 1684 38 21 my
2884 1679 110 21 remedies
3003 1679 36 21 for
3055 1679 65 22 these
3130 1681 141 26 complaints,
3284 1682 60 22 have
3351 1689 19 14 -a

2396 1712 64 26 large
2470 1713 96 20 number
2580 1714 24 19 of
2616 1715 160 21 testimonials.

2290 1756 86 28 NEW
2394 1758 153 27 REMEDY
2565 1759 71 27 FOR
2654 1760 105 27 LIVER
2770 1761 238 28 COMPLAINTS
3018 1764 58 26 «©§9
3088 1764 234 27 INDIGESTION
3332 1775 36 16 :-

2424 1794 56 21 This
2489 1795 42 22 has
2541 1796 58 21 been
2608 1797 52 21 well
2669 1798 76 21 tested
2754 1798 45 22 and
2809 1800 86 27 proved
2904 1800 83 29 highly
2996 1803 151 26 satisfactory.

2288 1839 167 29 GOLDEN
2479 1843 124 27 CROSS
2625 1846 239 27 NEURALGIA
2882 1849 183 27 MIXTURE
3080 1857 26 17 :-

2398 1886 37 27 By
2444 1887 74 21 which
2531 1888 40 21 the
2580 1890 55 25 pain
2644 1890 21 21 is
2675 1891 75 25 cured,
2761 1898 52 14 ease
2822 1892 114 25 obtained,
2952 1893 31 27 by
2991 1901 15 13 a
3015 1894 43 21 few
3068 1894 71 20 doses.

2287 1933 173 28 Bronchitis
2471 1936 60 25 and
2542 1935 129 27 Asthma
2682 1946 5 17 :
2690 1952 33 4 —

2400 1978 113 22 Relieved
2528 1980 46 21 and
2587 1981 92 26 rapidly
2693 1982 70 21 cured
2775 1982 33 26 by
2821 1989 39 20 my
2874 1982 87 21 Acacia
2975 1989 110 15 mixture.

2288 2021 223 27 CHILDREN'S
2527 2023 204 30 WHOOPING
2746 2027 166 26 COUGH-

2399 2060 45 20 For
2453 2060 72 21 which
2543 2061 13 20 I
2565 2061 58 21 have
2636 2062 41 21 the
2691 2064 52 20 best
2756 2064 99 21 mixture
2868 2065 25 20 m
2907 2066 169 26 Christchurch,
3091 2067 62 26 gives
3163 2067 84 27 speedy
3259 2069 72 20 relief.

2248 2104 2 17 1
2290 2107 199 28 DIARRHCEA
2505 2109 75 27 AND
2607 2111 227 28 DYSENTERY
2888 2114 28 26 m
2936 2116 117 25 Infants
3070 2116 57 26 and
3143 2118 108 26 Adults
3261 2131 27 5 -

2422 2147 13 20 I
2449 2153 42 15 can
2505 2147 53 27 give
2572 2154 15 14 a
2600 2148 48 21 safe
2662 2149 47 21 and
2722 2150 84 27 speedy
2820 2158 52 15 cure
2886 2152 32 27 by
2933 2159 14 15 a
2961 2154 44 21 few
3020 2154 70 21 doses.

2276 2191 90 29 ..Sore
2384 2192 101 26 Heads
2502 2195 26 23 &
2546 2196 106 30 Legs-

2397 2229 75 21 Cured
2481 2230 31 26 by
2522 2236 30 15 an
2561 2232 120 25 agreeable
2690 2233 46 21 and
2743 2233 107 27 pleasant
2864 2236 146 27 application,
3024 2239 48 21 also
3082 2240 96 22 relieves
3187 2243 63 26 pain,

2291 2276 190 28 Influenza-

2396 2316 74 21 Cured
2477 2317 37 19 for
2523 2319 30 18 2s.
2568 2319 36 19 6d.
2615 2320 123 20 Hundreds
2752 2327 42 15 can
2808 2323 82 26 testify
2904 2325 25 19 to
2951 2326 41 20 the
3003 2327 59 25 good
3073 2328 90 27 quality
3172 2329 26 22 of
3205 2330 49 22 this
3263 2331 105 23 mixture.

2290 2368 189 33 Superlative
2503 2372 130 27 Mixture
2644 2374 47 27 for
2708 2375 60 28 Bad
2779 2376 126 35 Coughs
2915 2391 29 3 —

2399 2409 85 27 Brings
2498 2416 64 22 away
2575 2412 101 27 phlegm,
2691 2414 73 27 allays
2777 2415 134 27 irritations,
2926 2418 46 20 and
2989 2419 93 27 quickly
3097 2427 72 15 cures.

2293 2451 116 26 Eureka
2417 2464 29 3 —

2399 2490 21 21 A
2434 2497 52 14 sure
2500 2497 54 16 cure
2568 2492 35 21 for
2616 2493 33 21 all
2662 2493 68 23 kinds
2744 2495 24 21 of
2782 2495 51 21 skin
2847 2495 123 23 irritation.

2291 2532 182 24 CHILDJBEN'S
2488 2537 148 21 TASTLESS
2650 2538 158 21 TEETHING
2821 2540 144 22 POWDERS
2970 2554 29 3 —

2400 2587 48 21 The
2465 2587 53 21 best
2531 2587 26 21 m
2570 2589 149 27 Canterbury,
2734 2596 14 14 a
2761 2590 56 21 trial
2830 2591 47 20 will
2895 2598 69 20 prove
2978 2593 27 20 it.
3025 2593 84 27 highly
3123 2596 170 21 recommended
3305 2596 32 28 by-

2439 2624 97 23 medical
2550 2633 59 15 men.

2418 2695 613 38 CONSULTATIONS
3051 2701 204 36 IHREJE.

2307 2767 287 27 PRESCRIPTIONS
2610 2770 213 26 CAREFULLY
2839 2773 75 24 AND
2934 2774 211 25 CORRECTLY
3152 2776 216 26 DISPENSED,

2587 2937 125 45 Just
2743 2938 321 46 Purchased

2293 3031 31 29 A
2345 3029 268 33 WHOLESALE
2636 3033 126 30 WARE
2767 3033 140 31 HOUSE
2912 3033 112 31 MANS
3047 3036 161 30 ENTIRE
3234 3037 138 32 STOCK

2790 3099 39 22 OF

2298 3149 309 86 Black
2648 3152 82 83 &
2775 3152 296 114 Navy
3115 3155 254 85 Blue

2513 3299 175 31 DOUBLE
2716 3299 151 31 WIDTH
2888 3300 82 31 ALL
2992 3302 122 32 WOOL

2297 3373 455 88 DRESS
2820 3373 552 88 SERGES

2324 3533 239 44 Reduced
2573 3536 141 41 'from
2747 3534 64 42 2s.
2843 3536 54 40 to
2926 3533 52 43 Is
3011 3534 71 42 6d.
3102 3546 92 42 per
3206 3537 136 53 yard.

2710 3623 244 42 ALSO

2470 3696 87 47 750
2583 3694 206 47 YARDS
2813 3694 75 46 OF
2912 3694 286 47 GENUINE

2320 3777 251 106 ROUGH
2650 3779 269 102 BROWN
3008 3779 338 102 HOLLAND

2620 3941 101 54 6d.
2758 3957 113 53 per
2895 3943 163 67 yard

2296 4037 63 29 this
2371 4037 26 29 is
2413 4037 51 30 the
2479 4036 84 40 good
2577 4036 48 29 old
2642 4035 91 31 make
2749 4035 34 31 of
2794 4036 106 30 brown
2917 4037 136 38 holland,
3077 4035 14 29 I
3107 4034 78 32 have
3200 4034 173 41 purchased

2400 4088 41 30 all
2456 4087 35 31 of
2502 4087 61 31 this
2578 4088 171 40 particular
2763 4087 62 31 line
2840 4092 32 26 at
2888 4090 122 39 present
3025 4088 33 30 m
3074 4087 52 30 the
3140 4087 131 31 market.

2317 4217 72 34 R*
2425 4217 79 33 K.
2542 4216 315 42 PARISH:,
2922 4215 155 33 East
3099 4214 255 34 Oxford.

1666 942 2 53 \
1710 955 177 46 JOHN
1919 958 269 48 INGKAM.

1696 1057 496 36 AUCTIONEER,

1682 1253 162 40 LICENSED
1876 1253 85 38 LAND
1985 1253 137 39 BROKER,
2146 1253 72 39 VAL-

1683 1305 122 45 UATOR,
1839 1304 139 45 ESTATE,
2019 1305 199 45 INSURANCE,

1680 1357 25 39 &
1721 1357 150 39 GENERAL
1882 1356 213 39 COMMISSION
2102 1356 116 39 AGENT-

1714 1411 78 30 Agent
1802 1411 41 27 for
1854 1410 38 23 the
1914 1410 121 24 National
2057 1410 132 23 Insurance

1894 1452 121 31 Company

1832 1488 31 28 of
1868 1487 61 23 New
1952 1486 120 23 Zealand.

1705 1518 175 31 OXFORD
1896 1518 26 31 &
1948 1517 253 32 SHEFFIELD.

1681 1693 154 30 Fortnightly
1856 1693 106 24 Auction
1984 1693 72 24 Sales
2072 1692 57 25 held
2150 1693 26 23 m
2188 1692 38 24 the

1682 1726 98 24 Market
1802 1726 90 28 Yards,
1919 1726 104 30 Oxford,
2049 1733 69 22 every
2140 1726 85 23 second

1684 1759 135 30 Thursday.
1854 1759 112 28 Monthly
1987 1758 72 24 Sales
2070 1758 57 25 held
2141 1762 25 20 at
2187 1758 37 24 the

1682 1791 100 24 Market
1813 1792 90 26 Yards,
1933 1790 125 32 Sheffield.
2072 1810 3 3 .
2127 1791 100 24 Privvte

1683 1824 104 25 Auction
1801 1824 71 25 Sales
1883 1824 151 24 undertaken
2057 1825 25 23 m
2106 1832 48 22 any
2164 1827 64 28 part

1683 1858 31 27 of
1720 1857 36 24 the
1767 1862 98 26 country
1868 1876 6 6 .
1909 1858 121 32 Property
2039 1857 93 31 Bought
2157 1857 61 26 Sold

1684 1898 28 16 or
1722 1891 52 29 Let,
1794 1892 50 23 and
1857 1891 143 24 Valuations
2017 1891 119 30 carefully
2148 1893 77 21 made.

1684 1925 72 23 Land
1767 1925 94 33 Bought
1871 1925 76 24 under
1964 1924 40 24 the
2028 1925 119 30 Transfer
2169 1924 57 28 Act,

1686 1958 136 31 Transfers,
1835 1958 96 28 Leases,
1945 1958 49 23 and
2019 1958 72 23 deeds
2108 1959 30 28 of
2150 1958 76 24 Mort-

1682 1998 75 24 gages
1767 1992 84 23 drawn
1870 1999 40 24 up.
1945 1991 89 30 Money
2053 1991 104 24 invested
2176 1991 51 23 and

1686 2023 108 25 obtained
1807 2030 41 25 for
1867 2024 89 24 Clients
1968 2032 30 15 on
2020 2024 134 30 Mortgage.
2183 2024 43 24 In-

1714 2065 99 16 surance
1823 2057 93 31 effected
1928 2065 30 15 on
1969 2057 133 30 Buildings
2114 2058 31 29 of
2152 2064 47 22 any

1755 2090 144 31 description
1910 2090 50 22 and
1976 2090 62 21 their
2044 2093 115 19 contents.

1718 2500 48 21 The
1775 2499 116 27 following
1900 2499 72 22 farms
1981 2506 39 15 are
2038 2499 36 22 for
2083 2500 48 21 sale
2140 2500 31 26 by
2180 2499 51 27 pri-

1690 2540 53 20 vate
1752 2540 84 25 treaty.
1868 2539 62 24 1,000
1947 2545 62 14 acres
2019 2539 26 20 at
2060 2539 106 20 Sheffield
2176 2539 55 19 with

1666 2568 13 29 H
1690 2577 63 26 large
1762 2577 115 25 Dwelling
1886 2576 46 20 and
1940 2582 120 20 necessary
2074 2577 69 19 Farm
2153 2575 78 21 Build-

1717 2620 26 21 gs
1753 2615 32 20 all
1794 2613 81 22 fenced
1885 2613 46 21 and
1941 2613 151 22 subdivided.

1719 2713 42 19 3CO
1779 2718 63 14 acres
1861 2713 57 18 with
1931 2713 58 26 geod
2006 2712 118 27 buildings
2135 2711 46 19 and
2199 2711 33 19 all

1691 2750 82 21 fenced
1792 2750 46 20 and
1858 2749 140 21 subdivided.
2039 2748 40 22 378
2097 2756 62 14 acres
2173 2747 59 28 good

1666 2785 3 18 )
1691 2788 150 26 agricultural
1854 2787 71 21 Land.

1666 2869 4 19 )

1718 2906 41 22 796
1769 2913 62 14 acres
1841 2906 59 27 good
1913 2906 95 26 grazing
2016 2906 57 20 land
2091 2905 82 22 fenced
2182 2905 47 20 and

1691 2944 143 21 subdivided.

1719 3061 27 20 60
1756 3066 62 15 acres
1828 3059 56 21 with
1894 3059 64 28 large
1968 3060 120 27 Dwelling.

1666 3138 2 18 )

1666 3407 4 19 )

1666 3487 4 20 f

1666 3629 3 16 7
1722 3635 3 1 ■

1666 3693 2 9 ■
1715 3671 171 46 JOHN
1936 3670 256 45 INGRAM

1666 3764 4 46 ]
1790 3769 308 38 OXFORD-

1666 3839 5 20 -1
1724 3908 37 11 „
2093 3882 34 24 -■-
2195 3864 34 36 '■

1762 3948 173 12 ****'
2199 3961 2 1 -
2211 3959 5 7 c
2227 3952 1 3 '
2235 3958 2 2 '

1726 3977 38 3 __
1799 3977 1 2 .
2159 3974 7 3 -
2190 3976 28 26 -£.

1694 4030 158 31 WATGH
1915 4024 70 39 ~<r
2043 4030 27 31 &
2097 4028 138 33 CLOCK

1667 4213 4 5 •
1736 4218 7 10 <
1792 4196 336 37 PITTED

1666 4258 5 13 a
1946 4255 25 20 a*

1666 4285 6 20 1
1738 4299 130 32 Parish'
1872 4310 14 18 s
1889 4327 7 16 }
1931 4298 103 37 East.
2046 4296 144 46 Oxford,
2241 4304 1 30 j

1139 949 241 21 EXTRAORDINAY
1407 949 220 21 OPPORTUNITY.

1111 977 82 20 FROM
1204 976 61 20 THE
1273 976 117 20 FACTOR
1394 976 18 20 ST
1421 976 110 20 DIREd
1540 975 38 21 TO
1589 976 62 20 THE

1301 1001 145 21 CUSTOME.
1456 1018 6 4 .
1656 1001 2 14 i

1127 1036 3 40 I-
1143 1029 38 21 DR
1191 1029 111 25 Company
1325 1028 20 20 is
1359 1029 76 25 selling
1456 1029 66 20 direct
1567 1029 23 20 to
1619 1030 37 20 the

1155 1056 115 23 customer,
1285 1055 52 20 thus
1349 1056 115 25 procuriug
1474 1056 35 20 for
1520 1055 37 21 the
1566 1055 66 21 latter
1643 1062 13 14 a

1113 1083 77 23 double
1210 1088 110 19 economy,
1340 1082 93 25 namely,
1454 1083 37 20 the
1505 1082 66 27 profit
1581 1083 23 20 of
1618 1083 38 20 the

1113 1109 114 24 wholesale
1237 1108 76 25 dealer,
1333 1108 43 21 and
1386 1108 37 20 the
1439 1115 60 15 more
1508 1109 149 21 considerable

1113 1136 73 24 onetof
1195 1136 38 21 the
1243 1135 62 21 retail
1316 1135 77 25 dealer,
1418 1136 129 25 amounting
1558 1136 23 20 to
1600 1136 56 21 from

1113 1166 31 19 ss.
1172 1170 13 13 o
1193 1164 46 20 £\0
1249 1168 57 20 upon
1317 1168 12 14 a
1340 1162 70 27 single
1416 1163 77 20 watch.
1508 1162 73 21 Retail
1588 1163 68 20 watch

1113 1185 84 28 dea'era
1207 1190 44 21 and
1269 1189 112 26 jewellers,
1392 1190 85 25 usually
1492 1189 79 26 selling
1590 1189 39 21 but
1644 1196 13 14 a

1113 1219 40 20 few
1166 1217 92 20 watches
1268 1215 65 26 daily,
1349 1222 37 15 are
1404 1217 71 19 forced
1494 1217 24 20 to
1541 1216 63 21 make
1628 1222 28 15 an

1113 1244 166 24 extraordinary
1293 1243 64 24 profit
1367 1248 59 19 upon
1445 1244 53 18 each
1512 1248 41 14 one
1566 1243 49 19 sold
1633 1243 23 19 m

1113 1270 65 22 order
1187 1272 24 18 to
1221 1269 76 26 defray
1306 1274 111 20 expences.

1141 1297 43 20 We
1202 1295 160 22 manufacture
1369 1301 26 14 as
1406 1300 43 15 our
1463 1295 121 28 speciality
1602 1296 55 27 only

1114 1323 98 26 sterling
1225 1323 69 21 silver
1303 1329 26 13 or
1347 1322 54 26 gold
1410 1322 156 22 stemwinders
1595 1323 62 27 (key-

1115 1352 33 20 lss
1161 1350 100 21 watches.
1656 1359 2 9 <

1143 1377 47 20 The
1200 1377 85 27 keyless
1301 1376 137 21 mechanism
1447 1377 23 19 of
1484 1377 95 21 watches
1586 1377 20 20 is
1615 1383 42 15 one

1115 1405 23 21 of
1152 1403 38 22 the
1199 1404 57 21 most
1266 1404 108 26 importar
1380 1405 8 19 t
1399 1403 43 21 and
1453 1403 71 21 useful
1533 1404 124 21 inventions

1117 1433 22 20 of
1155 1431 90 21 modern
1266 1431 74 22 times,
1368 1430 87 20 instead
1469 1430 24 20 of
1506 1430 113 27 fumbling
1635 1430 22 21 m

1117 1459 61 20 one's
1187 1458 92 26 pockets
1294 1458 23 19 to
1327 1457 46 20 find
1389 1457 41 20 the
1446 1457 49 25 key,
1511 1457 70 20 which
1595 1457 62 21 when

1117 1485 69 21 found
1200 1485 19 20 is
1233 1484 58 21 most
1305 1484 83 26 always
1397 1484 62 20 rilled
1469 1484 54 20 with
1533 1483 76 22 dust—
1613 1484 44 21 this

1118 1513 21 20 of
1149 1518 78 17 course
1235 1511 69 26 being
1319 1510 131 21 transferred
1463 1511 25 20 to
1502 1511 41 20 the
1557 1511 73 20 watch
1632 1522 25 3 —

1117 1547 43 14 one
1171 1540 40 21 has
1221 1538 42 21 but
1271 1538 25 21 to
1306 1537 56 21 turn
1371 1543 12 14 a
1394 1537 96 21 knurled
1500 1537 83 22 button
1591 1537 66 22 fitted

1116 1568 25 18 to
1150 1568 41 19 the
1204 1565 103 27 pendant
1324 1565 33 24 (or
1366 1564 67 27 ring),
1444 1564 54 20 thus
1507 1565 103 26 -winding
1619 1565 38 19 the

1117 1594 73 21 watch
1209 1592 46 21 and
1284 1591 131 27 regulating
1433 1591 40 21 the
1491 1591 72 21 hands
1576 1591 31 26 by
1618 1591 39 22 the

1118 1627 62 14 same
1190 1624 84 17 means.

1145 1648 48 20 Our
1202 1646 98 21 watches
1319 1653 38 14 are
1367 1647 143 26 everywhere
1527 1645 130 27 recognised

1118 1675 25 21 to
1152 1675 29 21 be
1199 1674 41 21 the
1254 1674 51 21 best
1320 1674 26 21 m
1364 1674 42 21 the
1416 1674 96 23 market,
1526 1672 131 28 surpassing

1119 1702 32 21 all
1161 1702 77 21 others
1248 1701 31 26 by
1298 1702 40 20 the
1348 1702 113 26 precision
1471 1701 25 21 of
1513 1700 63 21 their
1585 1706 72 15 move-

1119 1730 74 21 ments
1213 1735 25 14 as
1257 1728 52 21 well
1318 1735 25 14 as
1361 1729 32 26 by
1411 1729 62 21 their
1487 1733 109 21 accuracy
1614 1728 43 21 and

1120 1757 131 26 cheapness.

1147 1784 47 18 Our
1203 1784 95 24 factory,
1311 1782 61 19 since
1381 1783 30 18 its
1418 1782 137 19 foundation
1564 1782 25 17 m
1599 1782 58 22 1852,

1120 1811 41 20 has
1172 1810 95 27 aquired
1277 1816 14 14 a
1301 1810 141 20 world-wide
1453 1808 142 27 reputation,
1611 1805 46 24 and

1119 1837 109 21 obtained
1237 1836 40 21 the
1287 1836 94 26 highest
1390 1836 89 20 awards
1497 1836 60 19 from
1570 1835 33 20 all
1620 1835 37 20 the

1119 1865 128 26 important
1261 1864 152 21 Exhibitions.
1443 1864 34 20 No
1491 1863 76 21 watch
1585 1863 72 20 leaves

1120 1898 42 15 our
1174 1892 90 25 factory
1277 1892 97 20 without
1390 1891 86 26 having
1484 1891 58 20 been
1552 1890 105 26 carefully

1120 1919 120 21 examined
1254 1918 45 20 and
1316 1918 100 25 verified,
1431 1918 55 21 thus
1504 1918 70 26 being
1592 1917 65 27 ready

1120 1947 37 21 for
1166 1946 132 22 immediate
1309 1952 45 14 use.
1383 1947 64 20 Each
1457 1952 42 14 one
1508 1945 21 20 is
1543 1945 44 27 put
1595 1952 32 19 up
1638 1945 19 20 m

1121 1981 30 14 an
1160 1975 93 26 elegant
1262 1973 122 21 silk-lined
1393 1979 57 19 case,
1468 1972 45 21 and
1527 1979 130 19 accompan-

1121 2002 38 20 ied
1168 2002 30 26 by
1209 2008 14 14 a
1232 2001 114 26 warranty
1355 2000 35 21 for
1400 2001 65 20 three
1475 2007 71 19 years.

1148 2029 49 21 The
1202 2029 74 26 buyer
1284 2034 52 19 may
1343 2028 77 20 return
1431 2034 44 19 any
1483 2028 22 20 of
1515 2034 42 14 <mr
1566 2027 91 20 watches

1123 2056 80 21 within
1213 2056 35 20 six
1267 2055 90 20 months
1373 2055 81 20 should
1473 2055 41 20 the
1533 2055 72 20 latter
1623 2055 34 19 not

1123 2083 72 20 afford
1204 2083 49 19 him
1261 2083 41 19 the
1312 2083 60 19 most
1381 2082 111 25 complete
1499 2081 150 21 satisfaction.

1150 2109 39 21 All
1198 2108 93 22 articles
1302 2108 50 20 sold
1371 2114 38 14 are
1420 2108 113 20 delivered
1548 2108 52 25 post
1608 2107 49 24 free,

1122 2137 46 20 and
1178 2137 103 19 Customs
1296 2135 57 26 duty
1362 2135 56 26 paid
1433 2136 25 19 to
1467 2142 46 19 any
1528 2135 54 26 part
1592 2135 24 19 of
1625 2134 32 20 the

1122 2163 77 24 world,
1215 2163 55 20 thus
1280 2162 97 20 without
1396 2162 41 20 the
1447 2162 108 26 slightest
1574 2161 83 21 trouble

1123 2198 26 13 or
1157 2189 118 25 formality
1284 2190 24 20 to
1318 2189 41 20 the
1368 2189 107 21 receiver.

1150 2217 39 19 All
1202 2216 88 26 repairs
1310 2215 84 26 during
1412 2215 41 21 the
1472 2215 67 20 three
1557 2221 66 19 years
1642 2214 15 20 ol

1124 2245 125 25 guarantee
1268 2248 39 15 are
1327 2243 111 20 executed
1453 2241 181 28 gratuitously,
1649 2241 8 20 ii

1124 2272 40 20 the
1183 2270 75 21 watch
1280 2270 28 20 be
1326 2269 126 21 forwarded
1469 2270 25 20 to
1513 2275 42 14 our
1573 2269 84 20 London

1124 2299 68 20 office.

1124 2326 48 18 The
1195 2325 119 24 following
1333 2330 38 13 are
1395 2323 55 19 cash
1472 2324 75 25 prices
1567 2323 90 19 without

1125 2353 112 20 discount.

1601 2377 20 20 £
1649 2383 8 14 s

1153 2408 26 20 A.
1191 2405 163 25 Stem-winder,
1362 2405 98 26 sterling
1464 2405 76 24 silver,
1547 2403 50 21 hall

1207 2433 101 24 marked,
1321 2433 105 26 jewelled
1434 2432 26 20 m
1468 2433 14 19 6
1491 2432 96 23 actions,

1207 2460 85 25 crystal
1299 2459 63 26 glass
1372 2466 14 14 a
1395 2460 80 25 strong
1482 2459 46 21 and
1533 2458 52 21 dur-

1207 2487 52 21 able
1273 2486 75 21 watch
1642 2487 15 19 Ii

1127 2516 54 21 A.A.
1192 2515 48 21 The
1261 2521 61 15 same
1340 2515 58 21 with
1426 2514 83 21 double
1530 2513 70 22 silver

1211 2549 50 14 casa
1275 2543 122 26 (Hunter),
1417 2542 116 26 elegantly
1550 2547 37 14 en-

1195 2570 87 27 graved
1640 2569 17 20 IS

1165 2597 88 22 B.Gold
1263 2596 161 25 stem-winder,
1435 2596 48 21 hall
1497 2594 100 25 marked,

1210 2626 79 24 strong
1299 2624 89 26 keyless
1396 2624 81 24 action,
1488 2622 103 28 jewelled

1208 2653 25 19 m
1239 2653 25 19 13
1269 2652 93 24 actions,
1372 2652 55 21 with
1435 2651 55 27 gold
1499 2657 25 14 or
1532 2649 56 22 steel

1209 2679 82 24 hands,
1305 2678 66 21 small
1386 2679 82 20 second
1487 2678 53 23 dial,
1550 2682 38 15 en-

1211 2706 86 24 graved
1310 2706 25 18 m
1353 2706 115 19 beautiful
1488 2705 98 24 desig*ns,

1208 2732 83 27 engine
1301 2732 83 20 turned
1393 2739 26 13 or
1427 2732 63 27 plain
1500 2730 90 28 polish-

1209 2760 35 25 ed,
1268 2760 56 20 with
1343 2765 137 21 monogram,
1503 2758 84 23 initial,

1209 2793 59 14 arms
1279 2786 29 20 &c
1601 2785 13 18 2
1655 2785 2 18 (

1127 2812 54 21 8.8.
1201 2813 46 20 The
1266 2818 60 16 same
1355 2819 24 15 as
1395 2813 26 25 B,
1443 2814 53 20 with
1513 2814 74 24 strong

1209 2840 77 21 double
1295 2840 50 26 gold
1360 2847 55 18 case,
1435 2848 30 13 an
1481 2840 104 21 excellent

1210 2868 43 20 and
1264 2873 49 20 very
1322 2868 84 25 elegant
1418 2868 134 26 timekeeper.
1564 2883 23 5 ...
1599 2868 13 19 3
1643 2868 14 20 1(

1154 2894 24 20 C.
1189 2894 69 21 Roxal
1265 2893 156 28 chronograph,
1437 2896 24 19 18
1472 2896 58 19 carat
1535 2895 51 26 gold

1209 2923 58 19 most
1292 2921 99 27 superior
1411 2922 82 25 keyless
1516 2928 69 13 move-

1210 2949 67 24 ment,
1302 2949 21 19 of
1347 2948 38 20 the
1407 2950 59 20 most
1485 2950 101 19 accurate

1210 2975 168 26 workmanship,
1399 2976 43 21 and
1460 2982 40 14 one
1511 2977 22 19 of
1551 2975 37 21 the

1209 3002 47 19 best
1268 3003 166 23 wear-resisting
1445 3003 91 19 watches
1548 3017 23 4 ...
1600 3004 14 17 4

1128 3026 48 22 C.C.
1188 3027 44 20 The
1247 3035 59 13 same
1317 3028 69 20 waleh
1398 3028 51 20 with
1460 3028 76 20 double
1543 3028 44 20 and

1211 3056 59 20 extra
1281 3057 76 23 fcttong
1367 3062 53 18 case,
1432 3057 97 20 IS-carat
1536 3055 50 27 gold

1209 3082 134 27 artistically
1359 3083 110 26 engraved,
1495 3083 92 25 engine-

1209 3111 78 19 turned
1298 3115 24 15 or
1341 3110 59 24 plain
1415 3110 103 25 polished;
1534 3110 53 20 with

1210 3142 147 20 monograms,
1371 3137 89 23 initials,
1472 3137 35 19 &c.
1548 3152 22 4 ...
1601 3137 12 20 6
1642 3138 15 19 1(

1155 3165 26 19 D.
1204 3163 104 25 Imperial
1318 3163 101 19 calendar
1428 3164 156 22 chronometer,

1212 3191 95 19 18-ca.rat
1331 3189 55 25 gold,
1410 3189 121 26 indicating
1550 3189 37 21 the

1210 3217 48 25 daj',
1270 3217 35 19 the
1315 3216 66 23 week,
1393 3216 35 20 the
1439 3217 83 24 monlb,
1540 3217 45 19 and

1209 3243 49 21 date
1277 3242 22 20 of
1309 3242 85 24 mouth,
1404 3242 98 26 jewelled
1516 3243 23 20 m
1550 3243 35 20 18-

1211 3269 92 24 --actions,
1322 3269 51 20 with
1383 3269 31 20 all
1425 3269 36 20 the
1470 3269 66 20 latest
1545 3269 42 20 im-

1211 3297 146 26 provements
1381 3297 46 19 and
1449 3297 137 23 inventions,

1211 3330 42 15 one
1263 3323 24 21 of
1296 3324 40 20 the
1346 3323 51 21 best
1406 3323 47 21 and
1458 3325 57 20 most
1525 3331 62 20 mag-
1616 3341 3 2 .

1211 3351 94 21 nificent
1308 3351 99 20 watches
1414 3352 173 20 manufactiu-ed

1211 3379 55 20 such
1277 3384 24 14 as
1317 3384 39 14 are
1366 3384 69 14 never
1445 3379 49 19 sold
1513 3379 30 26 by
1553 3386 34 13 re-

1211 3406 43 20 tail
1264 3406 87 20 dealers
1360 3405 37 20 for
1406 3406 44 19 less
1460 3406 57 20 than
1526 3407 47 19 .£25
1602 3408 26 18 10
1656 3407 1 19 (

1156 3434 39 20 All
1204 3439 41 15 our
1254 3433 98 19 watches
1362 3438 38 14 are
1409 3432 172 20 manufactured
1590 3433 24 19 m
1625 3434 32 19 tw<

1129 3461 106 20 different
1244 3460 63 23 size.?,
1321 3459 64 26 large
1395 3459 45 20 and
1449 3459 68 20 small
1528 3459 45 26 (for
1583 3460 74 25 gentle

1130 3494 51 14 men
1200 3487 47 21 and
1269 3486 91 25 ladies,)
1384 3487 97 20 without
1505 3487 121 21 difference
1646 3490 11 18 oJ

1129 3515 68 27 price.

1157 3543 45 19 Old
1211 3541 105 22 watches,
1331 3541 38 18 old
1378 3541 55 24 gold
1442 3541 45 18 and
1505 3541 70 19 silver
1585 3541 46 19 will
1640 3541 17 20 b(

1130 3570 69 19 taken
1207 3569 25 19 m
1241 3568 109 25 payment
1360 3569 25 17 at
1393 3567 41 20 the
1444 3567 93 26 highest
1550 3568 75 20 value:
1650 3569 7 19 il

1132 3594 124 22 forwarded
1266 3595 31 24 by
1306 3594 77 25 parcel
1392 3594 53 25 post
1454 3595 24 19 to
1489 3600 42 14 our
1540 3595 100 20 address.

1158 3622 155 21 Remittances
1334 3627 52 20 may
1409 3621 28 21 be
1461 3621 65 21 made
1546 3621 74 21 either
1639 3622 18 27 bj

1132 3650 78 21 Postal
1219 3649 79 24 Order,
1309 3648 98 26 Cheque,
1417 3648 67 21 Bank
1493 3649 66 21 notes
1565 3649 92 27 (postag(

1131 3680 86 23 stamps
1226 3676 37 20 for
1273 3675 67 20 small
1346 3675 121 28 amounts,)
1484 3676 24 20 of
1517 3682 45 20 any
1567 3678 90 25 country

1131 3706 24 19 m
1164 3702 126 28 registered
1298 3703 68 20 letter.

1158 3732 23 20 It
1191 3733 20 18 is
1221 3736 40 15 our
1270 3730 47 20 aim
1326 3730 24 19 to
1361 3729 46 26 give
1417 3730 40 20 the
1474 3730 88 21 utmost
1570 3731 87 25 possible

1132 3757 141 22 satisfaction
1282 3757 25 20 to
1318 3762 39 14 our
1474 3757 106 26 knowing
1588 3757 48 20 this
1645 3759 12 19 t(

1131 3787 28 20 be
1169 3784 40 23 the
1219 3784 52 22 best
1280 3782 170 22 anveitisement
1459 3783 35 21 for
1508 3790 42 15 our
1559 3784 98 26 products

1132 3814 46 19 and
1186 3813 33 20 all
1227 3811 50 21 who
1286 3809 59 22 hav*e
1358 3816 55 14 once
1427 3810 95 21 entered
1540 3810 49 21 into
1604 3812 53 20 busi-

1132 3845 51 16 ness
1193 3839 109 22 relations
1312 3837 56 20 with
1388 3844 26 13 us
1432 3838 76 26 gladly
1527 3844 130 15 reeomtnenc

1133 3875 27 14 us
1169 3870 24 19 to
1204 3866 59 21 their
1272 3864 87 21 friends
1369 3864 46 21 and
1424 3865 181 26 acquaintances.

1188 3893 100 22 Address
1298 3892 35 24 (or
1343 3891 81 20 letters
1432 3892 45 19 and
1486 3892 74 20 orders
1568 3906 5 6 .
1606 3904 10 4 ••

1147 3920 98 21 MORSE
1255 3917 261 22 MANUFACTURING
1526 3918 131 21 COMPANY

1297 3945 20 24 7,
1330 3944 29 21 ed
1368 3943 57 21 Lion
1435 3943 76 26 Court,

1380 3971 92 22 London
1481 3972 52 22 E.C.

1160 4172 56 25 IggT
1218 4170 108 25 Wanted,
1340 4171 26 20 at
1375 4175 63 21 once,
1452 4171 25 20 m
1487 4176 68 21 every
1573 4170 84 27 lDcalitj

1134 4204 29 15 an
1172 4197 124 24 intelligent
1313 4202 65 21 pereo
1386 4203 7 14 i
1409 4199 23 19 to
1442 4199 36 19 act
1497 4203 24 15 as
1538 4202 41 16 otr
1595 4199 62 26 Argent

1133 4225 36 20 No
1179 4223 83 28 special
1271 4223 128 26 knowledge
1408 4225 107 26 rtquiiel,
1524 4224 43 21 and
1578 4224 79 21 withou

1133 4251 126 26 interfering
1282 4251 55 22 with
1360 4254 86 24 present
1467 4251 135 27 occupation.
1638 4252 19 19 Ai

1134 4278 111 23 excellent
1261 4279 135 27 occupation
1414 4278 37 22 for
1459 4285 15 16 a
1492 4279 93 27 capable
1595 4285 62 20 younj

1134 4313 54 14 man
1197 4312 24 15 or
1230 4305 61 28 lady.

656 966 68 45 H.
751 963 224 45 LAMIN
995 963 45 41 G

706 1064 249 45 Saddler

778 1150 107 33 and

579 1205 260 50 haehess
878 1200 205 50 mmm,

721 1280 69 25 Near
808 1277 142 33 Saleyarda.

666 1352 338 46 OXFORD.

570 1441 114 31 Orders
700 1439 62 30 and
790 1438 120 39 repairs
945 1435 151 41 promptly

570 1483 58 30 and
643 1481 106 40 neatly
762 1479 151 32 executed
939 1481 33 26 at
996 1477 100 30 lowest

790 1528 92 23 rates.

664 1601 144 33 HOESE
832 1599 169 33 COVERS

590 1686 89 32 made
694 1690 33 26 to
742 1685 91 31 order
848 1684 62 30 and
934 1681 150 41 repaired.

612 1759 21 20 A
643 1758 63 20 stock
716 1757 22 20 of
746 1757 68 20 horse
824 1755 123 21 medicines
957 1759 29 15 on
995 1752 69 25 hand,

638 1810 164 22 SOLOMON'S
827 1806 149 23 SOLUTION
1002 1805 36 22 <fee.

572 1945 54 45 G.
647 1940 73 46 W.
743 1939 42 46 J.
806 1935 290 50 PARSONS

593 2043 315 47 MONUMENTAL
923 2039 165 45 MASON.

654 2114 60 26 Begs
724 2113 25 20 to
759 2117 116 16 announce
884 2110 54 22 that
947 2109 30 21 he
986 2109 42 20 has

604 2168 147 28 removed
758 2170 32 22 to
800 2166 40 25 56
850 2166 60 24 and
918 2164 41 25 58
971 2161 107 26 MAN-

663 2225 189 28 CHESTER
863 2222 156 27 STREET

691 2294 124 33 (Opposite
835 2292 64 25 Scot.
912 2289 81 33 Bros.)

575 2363 79 30 Every
677 2361 142 30 description
842 2360 26 29 of
889 2356 158 25 monumental
1064 2362 32 16 am

590 2422 89 26 marble
693 2422 63 23 work
769 2420 102 25 excuted
890 2423 25 19 at
928 2419 78 22 lowest
1025 2420 71 20 rates.

710 2486 129 32 Telephone
859 2485 48 29 No.
923 2483 56 24 682.

711 2563 93 30 Oxford
815 2562 78 32 Agent

767 2627 31 24 R.
816 2626 36 24 E.
870 2622 143 27 PARISH.

647 2778 52 44 G.
760 2774 289 48 SMITH,

587 2876 106 45 ZINC,
720 2876 87 45 TIN,
834 2874 94 39 AND
959 2871 137 40 SHEET

658 2958 135 39 STEEL
809 2955 219 40 WORKER.

596 3040 81 40 HIGH
696 3038 138 40 STREET.
855 3036 82 39 EAST
953 3035 138 38 OXFORD.

572 3133 46 23 All
628 3131 82 24 Kinds
722 3132 31 29 of
758 3131 91 31 Pumps
860 3129 79 24 Fixed
948 3128 51 23 and
1009 3128 87 30 Repair

682 3195 28 23 ed
722 3196 28 22 at
762 3193 35 24 the
810 3193 100 24 shortest
922 3192 82 27 notice,

603 3322 71 46 W.
707 3323 66 45 H.
806 3320 283 47 ALFORD.

627 3464 35 37 if
676 3468 38 32 la
725 3454 23 45 I
760 3454 293 46 vfiiYllllkflil>
1059 3476 13 39 j

576 3544 150 21 WORKING
735 3541 173 24 JEWELLER,
924 3541 145 19 OPTICIAN
1080 3540 16 18 &<

646 3603 173 32 I&suLn.
854 3599 220 40 street,

595 3776 150 39 Jewellry
760 3776 33 29 of
808 3784 93 30 every
916 3772 180 40 description

617 3838 88 31 made
721 3841 31 27 to
768 3837 100 35 order,
892 3833 117 32 altered
1025 3835 61 29 and

774 3894 150 41 repaired.

751 3950 56 5 —
809 3949 28 6 —
837 3942 47 18 ♦-

584 3981 103 49 Pipes
701 3977 171 40 mounted
884 3976 212 49 andrepaire

584 4048 60 39 Old
660 4046 81 40 Gold
756 4045 70 40 and
842 4045 110 39 silver
966 4043 130 51 bought

668 4117 136 33 Spectacles
821 4120 21 19 to
861 4116 46 23 suit
925 4114 37 24 all
979 4113 76 33 sights

583 4198 78 30 Agent
663 4197 47 29 for
720 4195 101 23 Adam's
830 4195 60 23 Star
907 4193 69 30 Cycle
992 4192 104 30 Compam

647 4249 75 33 W.
751 4248 51 33 H.
833 4245 226 34 ALFORD

743 4303 78 27 East
836 4301 129 29 Oxford.

143 52 22 35 15

80 88 85 37 mH'B

80 125 39 21 vi
142 122 22 13 *

80 149 39 21 O
141 149 21 21 Q

67 209 8 1 ..
89 191 24 19 T
122 190 50 21 .„«-
216 191 21 19 «

77 268 41 22 O
141 269 20 19 hi
180 260 20 26 S3
215 270 21 17 o

76 440 83 28 w8
177 449 20 14 «
213 444 22 24 W

76 510 40 14 Sri,
138 489 21 26 *
212 484 23 32 S

75 587 39 26 1-1
135 594 22 23 go

73 642 39 28 W
134 638 22 35 I

72 671 41 21 w
135 663 21 17 3

146 1394 270 50 NOTICE.

45 1498 117 46 JOB
177 1492 349 50 PRINTING.

33 1584 115 47 JOB
176 1579 367 51 PRINTING!

78 1661 171 36 OXFORD
282 1657 224 36 OBSERVER

104 1737 162 40 Machine
302 1732 173 49 Printing

197 1780 177 40 WORKS.

70 1830 95 25 MAIN
181 1827 146 28 STREET,
357 1822 148 28 OXFORD.

128 1896 88 24 FINE
232 1891 182 27 PRINTING.

44 1936 43 41 In
100 1947 72 38 any
186 1933 153 49 Variety
355 1941 36 29 or
410 1928 113 50 Style.

82 1982 215 52 H*mori*l
350 1978 149 50 ftottte.

23 2077 38 38 m
76 2087 82 27 new
173 2075 69 39 and
258 2072 122 40 chaste
401 2070 154 49 designs.

172 2129 52 38 ss.
252 2136 61 41 per
337 2124 72 39 doz.

107 2173 204 42 Statement
330 2169 127 46 Heads,

108 2233 78 40 Ball
199 2232 256 49 Programmes,

108 2281 150 41 Posters,
283 2275 197 45 Handbills,

110 2335 189 45 Billheads,
325 2333 162 48 Cheques,

108 2394 123 40 Letter
247 2392 69 40 and
330 2391 87 40 Note
432 2389 125 47 Heads,

111 2450 182 44 Circulars,
320 2448 134 44 Menus,

62 2509 219 49 Catalogues,
308 2506 56 39 &c.
383 2505 57 39 &c.
467 2504 60 40 &c*

68 2569 78 30 New
162 2567 94 39 slyles
270 2567 32 28 m
317 2565 130 38 visiting
461 2565 61 29 and

164 2624 139 30 business
325 2622 99 30 cards.

26 2683 72 38 The
111 2681 137 39 newest
275 2680 114 47 styles
404 2679 38 38 m
456 2679 106 48 types

104 2736 70 41 and
200 2734 280 41 ORNAMENTS.

226 3652 189 61 %i&ptf§

121 3771 82 48 mi
242 3768 241 51 EmmMLi

117 3925 187 48 IlasMiis
325 3922 169 49 WmUn

69 4042 122 50 From
209 4044 54 46 Is.
285 4054 72 48 pv
390 4041 146 49 fymu

268 4119 42 22 AT

123 4207 358 45 PARISH'S

15 4315 5 9 '
50 4308 513 36 EABTOXFORD
