3530 4580
45 178 23 41 f
83 190 128 39 quently
230 188 53 31 the
303 197 77 28 case,
404 188 90 30 when
510 197 19 20 a
543 197 77 30 very

45 219 12 44 \
82 231 102 30 useful
198 238 139 22 measure
361 229 27 30 is
403 228 162 40 promoted
587 231 33 27 to

82 270 115 33 benefit
229 271 87 30 those
352 270 71 30 who
463 269 94 30 stand
588 269 30 30 m

81 318 135 35 greatest
244 312 86 35 need,
354 322 83 20 some
469 310 72 30 vain
557 311 61 29 and

80 355 151 28 talkative
242 353 179 37 wind-bags
432 355 97 26 waste
543 352 76 29 time

79 396 62 30 and
155 395 111 31 reduce
281 393 54 31 the
359 391 204 42 proceedings
584 397 33 26 to

79 437 134 38 futility.
229 435 81 32 Such
323 445 70 20 men
402 445 52 19 are
466 444 19 19 a
497 433 119 40 plague.

82 479 67 31 The
160 480 153 29 incessant
328 477 150 38 clangour
493 476 32 30 of
537 476 81 30 their

81 525 131 35 tongues
226 520 28 30 is
269 520 60 28 due
339 521 31 26 to
385 518 53 30 the
449 517 168 39 emptiness

81 562 33 29 of
128 562 81 30 their
223 560 105 35 heads,
344 569 39 20 on
398 560 54 28 the
467 558 150 39 principle

79 603 71 30 that
163 612 19 20 v
197 602 111 30 hollow
322 600 113 31 vessell
450 599 103 31 makes
564 599 53 31 the

79 649 81 25 most
175 644 94 30 noise.
305 643 32 29 If
351 643 75 38 they
442 644 113 28 cannot
567 651 49 20 see

78 683 122 41 beyond
228 684 81 31 their
332 693 98 27 noses,
454 682 76 39 they
558 691 57 29 say

78 726 70 30 that
163 726 42 30 all
235 725 51 30 the
314 727 66 28 rest
405 725 26 30 is
444 723 89 41 risky
555 724 61 29 and

471 764 145 38 ''crude",

82 851 135 39 thought
583 851 33 28 to

80 892 125 34 thrift,''
250 891 61 29 and
340 900 168 20 numerous
529 889 87 30 other

80 932 128 39 phrases
238 943 34 19 so
303 934 156 36 pregnant
494 941 40 19 on
562 931 54 29 the

80 973 61 40 lips
164 974 32 30 of
218 974 53 30 the
288 972 211 31 conservative
514 982 102 20 mem-

79 1013 79 31 bers.
203 1015 82 30 Such
299 1015 109 38 people
423 1014 95 30 suffer
528 1014 88 39 sadly

82 1055 78 31 from
177 1066 18 19 a
209 1056 71 30 lack
294 1054 34 32 of
339 1055 213 39 imagination.

123 1096 32 30 If
176 1097 75 29 such
265 1097 95 29 views
386 1096 61 30 had
459 1094 157 40 prevailed

81 1137 32 30 m
129 1138 52 29 the
198 1137 105 35 world,
315 1147 46 19 we
376 1136 111 30 should
500 1136 63 30 still
579 1136 37 30 be

81 1178 31 29 m
129 1188 18 19 a
162 1178 155 30 condition
343 1177 33 29 of
390 1177 85 39 early
489 1177 126 29 barbar-

80 1218 66 31 ism.
202 1218 56 32 We
283 1218 111 31 shonld
422 1228 95 21 never
538 1217 78 30 have

79 1258 62 33 had
170 1272 19 19 a
217 1260 111 36 Moses,
351 1270 18 19 a
391 1260 102 41 Jesus,
516 1269 19 20 a
550 1258 65 31 Mo-

80 1299 119 41 hamed,
224 1312 18 20 a
263 1301 171 37 Cromwell,
456 1312 19 19 a
499 1301 117 40 patriot

80 1344 32 29 m
123 1354 61 29 any
200 1347 132 36 country
354 1354 18 19 a
386 1343 104 30 leader
511 1343 33 30 of
555 1353 61 28 any

80 1384 118 29 forlorn
227 1385 88 39 hope,
352 1395 18 18 a
403 1387 128 37 martyr,
554 1394 62 27 any

80 1434 58 20 one
155 1426 68 29 who
240 1426 55 28 has
317 1426 159 28 sacrificed
492 1425 46 28 his
563 1424 53 29 life

79 1465 50 31 for
151 1477 38 19 an
212 1467 71 29 idea
304 1466 100 30 which
431 1467 66 36 has,
529 1476 33 20 so
583 1469 33 27 to

81 1508 106 39 speak,
210 1512 48 26 set
289 1508 53 30 the
357 1507 98 31 world
480 1518 39 19 on
551 1507 65 36 fire,

81 1549 61 29 and
179 1549 157 31 advanced
370 1548 55 32 the
461 1559 92 20 cause
585 1549 31 29 of

81 1590 165 40 humanity
303 1591 62 29 and
421 1590 193 31 civilization.

82 1630 98 31 What
229 1641 47 21 we
316 1632 103 39 object
468 1637 31 25 to
562 1632 54 28 the

294 1673 57 29 and
391 1672 137 40 egotists,
564 1672 52 30 the

83 1713 220 30 Conservative
325 1714 186 29 nonentities
547 1714 69 27 who

81 1753 108 31 blazon
220 1754 85 31 forth
327 1754 133 40 epithets
482 1754 33 30 of
536 1763 80 30 envy

81 1795 124 40 agaixist
239 1796 53 30 the
327 1795 135 40 people's
498 1795 117 31 leaders

80 1835 132 33 because
235 1837 73 40 they
343 1841 113 27 cannot
490 1837 125 30 achieve

80 1879 54 30 the
149 1880 136 36 glorious
300 1879 114 30 results
433 1879 100 29 which
549 1888 64 20 sur-

78 1920 102 29 round
204 1920 50 29 the
268 1919 107 30 efforts
396 1919 33 30 of
448 1929 19 20 a
482 1918 131 31 Seddon.

123 1960 97 31 These
246 1971 52 19 are
330 1960 53 30 the
418 1971 71 19 men
525 1959 89 31 ''who

80 2001 62 31 like
166 2006 33 26 to
214 2003 75 29 hear
311 2002 184 30 themselves

82 2043 65 30 The
162 2044 107 39 people
291 2044 75 28 with
388 2047 107 36 parrot
508 2044 106 28 brains

80 2086 139 39 Uttering
243 2084 53 30 the
313 2088 162 26 worn-out
497 2094 117 30 penny-

79 2126 32 29 in
144 2126 53 30 the
227 2126 60 30 slot
311 2126 136 40 phrases,
470 2126 146 39 meaning

80 2168 143 38 nothing.
269 2166 58 31 We
342 2168 39 29 do
412 2170 66 27 not-
489 2168 47 29 for
558 2177 57 20 one

78 2213 136 24 moment
236 2207 136 39 disguise
391 2208 54 29 the
456 2207 66 29 fact
535 2207 79 36 that,

79 2248 30 29 m
126 2249 54 29 the
196 2252 124 36 present
336 2251 79 27 state
430 2249 33 29 of
478 2248 137 40 political

78 2293 108 27 unrest
207 2290 26 29 it
254 2290 134 30 behoves
409 2300 43 28 us,
485 2300 33 19 as
546 2293 70 26 true

78 2328 190 39 Democrats,
291 2335 32 26 to
339 2331 96 40 speak
463 2333 55 28 out
539 2330 77 31 with

80 2382 40 21 no
163 2373 162 30 uncertain
369 2372 109 31 sound.
552 2371 64 31 The

80 2415 109 40 people
204 2417 83 27 must
301 2420 35 24 be
351 2413 113 40 taught
478 2418 32 26 to
524 2413 92 31 know

80 2457 53 29 the
155 2460 69 25 true
257 2456 117 29 banner
395 2456 33 29 of
459 2465 156 29 progress,

82 2496 97 29 which
210 2495 80 30 shall
322 2505 71 20 ever
415 2495 117 30 remain
564 2505 41 19 un

79 2538 114 35 furled,
215 2543 31 25 to
262 2537 92 31 enlist
375 2537 53 31 the
453 2537 163 30 assistance

80 2580 32 28 of
134 2584 52 25 tne
222 2579 78 29 New
335 2578 137 30 Zealand
508 2578 106 40 youth,

80 2623 69 28 who
172 2631 51 19 are
249 2620 166 38 travelling
436 2620 127 30 onward
584 2622 32 26 to

79 2664 74 29 take
189 2662 53 29 the
264 2661 86 40 place
372 2661 33 30 of
440 2660 87 31 those
549 2660 67 31 who

79 2704 86 29 leave
181 2704 53 29 the
249 2713 98 20 scene.

81 2863 95 24 Father
288 2862 37 24 for
345 2869 48 24 you
414 2865 42 28 get
468 2861 62 25 such
541 2869 14 15 a
574 2861 43 30 pig

114 2938 51 24 Son
279 2938 106 26 Fadder,
403 2945 50 23 you
465 2936 92 31 always
569 2936 48 24 tolt

80 2985 39 18 me
132 2981 37 21 ter
181 2980 41 28 get
233 2977 43 25 der
288 2980 67 22 most
365 2978 39 24 for
416 2978 69 24 mine

113 3058 54 23 The
190 3056 123 25 Butler
315 3056 64 25 "lt's
402 3056 66 25 tirin'
494 3056 43 25 the
562 3064 54 22 way

80 3098 71 24 we're
165 3095 103 29 treated,
287 3096 76 32 Katy.
409 3098 38 23 An
461 3104 31 15 ox
504 3095 113 25 could'nt

80 3137 66 24 draw
174 3135 68 24 these
264 3134 50 25 last
343 3135 80 31 cigais
452 3135 42 24 the
523 3137 94 22 master

113 3213 54 24 The
180 3211 102 25 Maid
381 3211 49 25 and
448 3210 58 26 look
529 3211 26 25 at
567 3217 48 20 me,

82 3253 79 25 Shure
185 3252 63 24 Oi'm
278 3251 118 25 asbamed
416 3254 26 23 to
465 3259 31 24 go
514 3259 36 17 .on
574 3251 43 24 the

169 3291 48 25 wid
229 3291 44 25 the
296 3291 48 25 last
356 3291 37 25 lot
405 3293 22 22 o'
440 3291 54 25 face
516 3290 101 32 powder

82 3333 42 24 the
136 3333 93 24 missus
242 3336 43 27 got

163 3471 160 26 ADDRESS
341 3471 37 26 IN
398 3472 124 25 REPLY.

106 3591 95 29 Speech
218 3590 123 24 delivered
360 3590 32 30 by
410 3591 40 24 Mr
468 3591 122 26 Meredith

79 3661 108 24 M-H.R.
200 3661 27 22 m
240 3661 42 23 the
300 3661 86 24 House
407 3662 27 23 of
451 3663 163 29 Eepresenta-

180 3717 62 24 tives
260 3717 45 25 Gth
318 3717 105 25 October
442 3720 72 22 1897.

114 3784 39 24 No
166 3783 76 24 doubt
255 3783 41 25 the
309 3788 99 26 present
415 3785 201 31 Agent-General

81 3824 49 24 and
140 3822 112 32 previous
260 3823 213 31 Agent-Generals
482 3824 63 26 have
553 3825 63 25 done

81 3873 15 14 a
108 3864 62 31 good
183 3862 51 25 deal
246 3862 26 25 m
285 3862 152 33 advertising
456 3864 42 25 the
519 3865 96 32 colony,

81 3901 46 23 but
139 3901 43 22 the
202 3901 63 22 total
284 3901 27 23 of
320 3902 33 23 all
365 3901 58 31 they
441 3902 42 23 did
503 3904 113 23 summed

81 3946 34 24 up
139 3939 81 24 would
242 3941 45 22 not
306 3940 80 31 equal,
404 3941 28 23 m
451 3948 43 25 my
506 3942 109 30 opinion,

82 3981 42 23 the
136 3981 101 22 ameunt
256 3979 26 25 of
292 3980 63 32 good
368 3981 64 24 done
442 3981 34 33 by
496 3981 43 26 the
558 3982 57 25 Pre-

82 4021 63 23 mier
157 4020 91 31 during
261 4021 39 24 his
309 4021 59 25 visit
380 4023 26 24 to
418 4022 43 25 the
474 4022 47 25 Old
535 4023 80 25 Coun-

81 4060 47 30 try.
182 4058 47 29 Sir,
258 4059 68 25 vyhen
355 4068 47 17 one
430 4061 86 25 thinks
542 4062 38 25 for
602 4070 14 17 a

82 4101 118 28 moment,
214 4099 61 25 after
286 4100 103 32 reading
400 4101 43 26 the
455 4102 161 32 descriptions

81 4138 75 29 given
176 4137 30 30 by
218 4137 42 24 the
280 4137 107 32 English
409 4148 159 23 newspapers
591 4142 25 23 of

81 4177 44 24 the
137 4176 157 31 magnificent
310 4177 130 34 gathering
450 4180 27 25 m
500 4181 114 30 London,

80 4217 21 25 it
114 4224 50 18 waa
176 4224 14 17 a
210 4225 49 17 mai
264 4218 93 25 vellous
368 4219 178 27 celebration
552 4231 63 15 mar-

80 4256 94 24 vellous
192 4255 26 24 m
241 4256 33 24 its
294 4258 152 30 conception,
465 4261 149 25 marvellous

80 4296 27 24 m
121 4295 42 25 the
175 4295 106 25 number
292 4297 27 24 of
339 4298 41 25 the
392 4300 86 31 people
497 4301 115 26 collected

81 4336 120 30 together,
212 4337 147 25 maryelloua
371 4340 26 22 m
410 4340 43 24 the
462 4348 150 24 representa-

80 4373 49 25 tive
142 4373 125 26 character
279 4375 27 24 of
320 4376 70 26 these
401 4379 95 29 people.
533 4379 79 26 There

79 4417 64 18 were
169 4411 118 31 gathered
317 4413 68 26 there
408 4419 204 26 representatives

77 4450 65 24 from
155 4457 71 25 every
248 4452 98 30 portion
366 4453 27 25 of
413 4456 42 24 the
477 4456 135 32 Empire

77 4487 44 26 the
144 4486 93 27 United
265 4489 134 34 Kingdom,
423 4493 187 33 dependencies,

649 185 49 24 and
710 185 115 31 colonies,
844 186 59 29 and,
916 186 97 30 indeed,
1025 188 65 25 from
1102 188 34 25 all
1146 188 40 25 the

648 225 111 26 civilised
771 225 82 29 world,
872 227 26 24 to
915 226 32 25 do
958 226 107 33 homage
1076 228 50 24 and
1138 236 48 17 res-

647 267 56 31 pect
728 267 27 24 to
775 265 44 26 the
844 268 109 30 greatest
976 266 57 33 lady
1051 268 57 24 who
1131 274 55 18 ever

647 304 110 25 adorned
767 311 16 18 a
795 304 96 25 throne.
926 304 14 25 1
958 304 55 25 find
1031 313 34 18 no
1083 305 103 32 parallel

648 346 25 22 to
686 343 50 26 this
748 344 134 32 gathering
892 345 28 24 m
932 344 105 33 history.
1072 346 57 25 Ido
1140 346 45 24 not

647 381 73 24 think
732 388 49 25 any
793 381 155 25 honourable
957 382 111 25 member
1078 390 44 17 can
1131 382 53 25 find

645 421 26 23 m
684 420 99 24 Roman
795 428 28 17 or
833 420 108 24 Grecian
954 421 93 31 history
1057 429 14 16 a
1082 421 103 31 parallel

647 465 24 20 to
683 460 20 25 it
712 471 6 19 ;
748 460 52 25 and
828 460 43 26 the
898 460 58 32 only
980 461 134 32 gathering
1141 469 42 24 ap-

645 501 138 31 proaching
802 510 15 15 a
828 501 106 31 parallel
945 501 22 24 is
986 501 56 25 that
1053 501 130 25 contained

645 541 27 24 m
682 541 44 24 the
735 541 68 24 third
815 541 103 31 chapter
931 541 27 24 of
968 541 100 30 Daniel,
1081 541 51 24 and
1141 541 43 24 the

646 579 90 25 second
748 587 76 20 verse,

797 618 228 25 Nebuchadnezzar
1054 618 42 26 the
1116 618 67 31 King

645 659 56 23 sent
713 660 25 22 to
750 658 88 30 gather
850 659 112 29 together
974 658 42 24 the
1025 659 102 30 princes,
1139 658 44 23 the

644 705 140 23 governors,
795 698 50 24 and
856 698 43 24 the
908 698 120 30 captains,
1037 698 43 24 the
1086 698 95 29 judges,

645 737 44 25 the
712 739 145 27 treasurers,
885 738 42 25 the
951 737 157 30 counsellors,
1139 737 42 25 the

645 776 105 30 sheriffs,
769 777 48 24 and
830 776 34 26 all
883 776 43 25 the
938 776 78 25 rulers
1036 776 27 25 of
1072 776 43 24 the
1126 783 55 23 pro-

646 818 88 28 vinces,
753 821 26 21 to
790 826 71 16 come
870 819 24 23 to
907 817 41 30 jhe
958 816 140 25 dedication
1109 816 26 25 of
1142 816 40 24 the

644 856 82 32 image
738 856 81 26 which
832 855 225 26 Nebuchadnezzar
1077 855 51 25 had
1146 857 36 23 set

677 934 74 28 That,
771 934 48 28 Sir,
838 942 49 17 was
900 942 15 17 a
927 933 111 26 national
1051 932 131 33 gathering

645 983 31 17 no
687 974 85 30 doubt,
791 983 32 17 on
836 983 15 16 a
868 983 59 24 very
946 974 68 32 large
1037 974 66 26 scale
1113 982 5 22 ;
1138 974 44 25 but

644 1014 122 32 Babylon,
784 1014 62 25 with
869 1013 32 24 all
924 1014 46 23 her
993 1013 186 32 dependencies,

644 1063 50 17 was
706 1062 58 24 very
777 1053 74 26 small
869 1053 88 24 indeed
971 1053 129 31 compared
1121 1052 60 25 with

645 1094 42 24 the
699 1092 96 25 British
807 1091 107 31 Empire
927 1100 5 21 ;
952 1091 50 24 and
1014 1092 44 23 the
1080 1091 100 31 gather-

644 1133 51 31 ing,
714 1130 97 32 though
823 1138 15 16 a
849 1130 193 31 representative
1054 1138 54 20 one,
1131 1137 50 17 was

644 1169 179 31 insignificant,
842 1167 50 25 and
903 1167 186 31 incomparable
1101 1169 26 23 to
1139 1167 43 25 the

643 1207 134 33 gathering
788 1205 110 32 recently
910 1204 59 26 held
981 1205 26 25 m
1018 1205 114 26 London.
1168 1205 13 25 I

644 1247 96 25 arrived
751 1247 28 23 m
804 1247 39 23 the
855 1245 88 31 colony
965 1245 28 23 m
1007 1246 63 24 1863
1082 1254 6 21 ;
1115 1244 66 25 lam

644 1288 45 22 not
701 1294 14 16 a
726 1285 152 24 new-chum.
898 1307 2 1 .
913 1284 15 23 I
939 1284 65 23 have
1021 1284 97 24 noticed
1139 1282 42 25 the

644 1325 136 27 wonderful
804 1324 98 33 growth
928 1323 51 25 and
998 1323 137 32 expansion
1158 1322 26 25 of

645 1366 51 24 this
708 1365 97 30 colony,
824 1362 48 25 and
894 1362 14 24 I
932 1362 78 24 desire
1033 1364 26 22 to
1079 1361 102 31 compli-

645 1404 70 24 ment
727 1402 44 25 the
793 1401 68 30 early
885 1400 96 25 settlers
1017 1400 41 23 the
1080 1400 102 30 pilgrim

645 1444 93 24 fathers
750 1442 54 25 who
817 1441 97 25 arrived
925 1440 25 24 m
963 1439 43 25 the
1018 1439 89 32 colony
1116 1439 66 31 prior

646 1487 25 22 to
683 1491 42 24 my
737 1482 91 26 arrival
862 1489 32 18 on
908 1481 42 24 the
962 1479 74 26 noble
1045 1479 67 26 work
1123 1479 58 32 they

644 1523 62 24 have
718 1522 63 24 done
793 1520 50 25 and
854 1528 43 16 are
908 1519 77 30 doing
996 1521 25 22 at
1031 1519 41 24 the
1082 1520 100 29 present

645 1564 69 24 time.
749 1562 32 24 In
795 1562 72 28 1837,
886 1561 42 24 the
939 1568 58 24 year
1008 1559 46 25 her
1074 1559 107 31 Majesty

646 1602 42 25 the
705 1608 79 25 quern
805 1599 122 25 ascended
947 1599 43 24 the
1009 1598 97 29 throne,
1130 1598 52 24 thifi

645 1643 105 29 country
762 1647 50 18 was
824 1640 25 23 m
862 1639 43 24 the
914 1638 80 24 hands
1004 1638 27 25 of
1040 1638 43 25 the
1091 1637 90 25 Native

645 1681 150 33 population,
814 1679 56 25 who
891 1686 62 17 were
976 1682 26 21 to
1025 1679 26 24 to
1075 1686 15 16 a
1112 1679 70 31 great

644 1721 83 22 extent
751 1719 133 23 barbarous
902 1717 49 22 and
974 1716 147 23 uncivilised
1154 1717 27 21 m

646 1759 65 25 1840
724 1766 33 17 we
776 1757 52 26 had
839 1757 42 25 the
904 1757 81 30 treaty
1002 1755 26 26 of
1045 1755 135 32 Waitangi,

644 1798 50 25 and
706 1798 26 24 m
744 1797 42 25 the
798 1804 68 17 same
876 1803 59 24 year
946 1794 42 25 thd
1000 1794 145 25 settlement
1157 1794 26 24 of

644 1837 160 31 Wellington,
823 1834 102 28 Nelson,
955 1833 50 25 and
1029 1833 134 25 Auckland
1174 1841 5 22 ;

642 1878 32 22 In
687 1878 64 22 1848
764 1876 43 24 the
819 1876 143 22 settlement
973 1874 26 24 of
1011 1875 79 30 Otago
1101 1882 5 20 ;
1131 1874 50 23 and

643 1917 26 25 m
683 1917 64 24 1850
760 1917 42 24 the
814 1914 144 26 settlement
978 1914 26 23 of
1025 1914 156 31 Canterbury

677 1954 73 26 when
757 1954 44 25 the
807 1953 97 32 pilgrim
911 1952 94 25 fathers
1013 1952 50 25 and
1070 1952 111 24 mothers

643 1995 94 25 arrived
749 1997 25 23 to
786 1992 121 27 establish
925 1992 149 26 themselves
1084 1992 27 25 m
1130 1992 51 25 this

643 2035 112 29 country,
774 2032 50 25 and
847 2032 41 31 lay
906 2031 42 25 the
960 2031 149 25 foundation
1120 2030 28 25 of
1168 2039 13 15 a

643 2076 70 30 great
725 2074 113 28 country,
857 2071 50 25 and
930 2073 27 23 to
969 2070 80 26 afford
1071 2079 15 16 a
1109 2072 72 23 home

644 2114 36 26 for
691 2122 74 23 many
777 2113 64 25 from
853 2112 43 25 the
915 2111 48 25 Old
985 2111 119 32 Country,
1123 2110 58 29 and,

642 2153 96 29 indeed,
757 2152 64 24 from
833 2151 72 25 other
916 2150 124 25 countries
1052 2158 28 17 as
1092 2150 56 25 well

643 2191 74 24 when
729 2199 35 14 we
776 2197 116 23 compare
916 2188 42 23 the
971 2190 64 21 state
1047 2188 27 23 of
1095 2188 86 30 things

643 2238 63 22 now,
725 2230 61 24 with
798 2237 46 17 our
860 2229 145 31 population
1018 2229 27 23 of
1063 2229 117 28 750,000,

643 2269 59 25 with
727 2269 108 28 132,000
856 2267 110 25 scholars
990 2267 131 31 attending
1138 2276 44 16 our

644 2308 107 29 schools,
777 2307 61 26 with
858 2308 99 31 exports
979 2307 73 31 equal
1071 2309 27 23 to
1118 2307 62 31 10,

645 2350 117 28 000,000,
785 2348 60 25 with
871 2355 46 18 our
939 2347 95 31 private
1057 2347 92 26 wealth

645 2390 52 24 vide
721 2387 152 30 Year-book,
899 2388 97 24 1895
998 2387 27 26 0f
1045 2388 137 29 152,918,

645 2431 57 29 021,
721 2430 61 25 with
795 2437 14 16 a
820 2429 85 31 public
917 2428 91 25 wealth
1025 2428 28 25 of
1062 2429 119 29 45,000,

644 2472 51 23 000
724 2478 14 16 a
761 2470 63 24 total
847 2469 28 24 m
903 2468 81 25 round
1011 2468 119 25 numbers
1160 2468 24 24 of

645 2509 188 29 200,000,000
844 2517 5 15 :
869 2507 98 31 against
985 2506 48 26 this
1046 2516 36 16 we
1094 2507 62 25 have
1168 2515 15 16 a

645 2549 84 33 public
737 2549 58 25 debt
803 2548 27 26 of
854 2548 193 30 75,,000,000,
1077 2555 28 18 so
1130 2549 54 24 that

645 2589 38 24 for
695 2596 72 23 every
786 2587 160 24 half-crowns
965 2594 36 16 we
1022 2594 52 17 owe
1094 2588 26 22 to
1141 2586 43 24 the

645 2625 84 33 public
751 2625 107 25 creditor
880 2632 37 17 we
936 2624 65 24 have
1025 2624 68 31 eight
1118 2624 65 24 half-

645 2674 96 18 crowns
753 2668 27 23 to
793 2667 65 23 meet
869 2664 44 25 the
925 2665 142 31 obligation.

662 2796 73 24 END
756 2796 44 24 OF
819 2794 71 25 THE
917 2793 128 25 WORLD
1065 2792 102 26 FORE-

863 2849 101 25 TOLD.

678 2921 54 26 The
755 2923 109 30 greatest
884 2921 141 30 imposters,
1051 2919 64 25 fools
1134 2919 50 24 and

644 2971 90 25 rogues
745 2963 125 33 produced
881 2963 28 24 m
921 2962 51 25 this
991 2962 49 25 and
1053 2969 73 23 every
1139 2969 45 23 age

645 3016 41 18 are
699 3008 72 26 those
794 3006 57 26 who
871 3007 77 25 waste
967 3006 64 24 their
1052 3005 61 25 time
1134 3004 50 26 and

645 3053 92 24 talents
759 3052 27 24 m
805 3051 67 25 their
894 3051 60 24 vain
978 3050 154 25 endeavours
1156 3051 27 23 to

644 3105 74 24 prove
731 3096 42 25 the
785 3095 150 25 fulfilments
948 3093 26 26 of
985 3093 42 26 the
1039 3093 144 33 prophesies

644 3142 27 24 of
680 3140 44 26 the
746 3140 101 25 ancient
867 3138 95 26 Jewish
983 3138 125 32 prophets,
1133 3138 51 25 and

645 3185 41 25 the
697 3185 109 30 greatest
817 3184 63 24 farce
892 3183 27 24 m
932 3183 49 24 this
993 3184 101 29 century
1106 3182 22 24 is
1139 3182 44 24 the

644 3227 151 33 vapourings
812 3227 26 25 of
857 3225 44 26 the
923 3225 73 32 pious
1019 3224 107 26 lunatics
1146 3224 37 25 in-

645 3272 102 32 cluding
775 3271 37 25 Dr
837 3270 74 25 Miles
935 3270 83 25 Grant
1042 3270 52 24 who
1117 3269 66 25 from

645 3317 58 24 time
715 3318 26 22 to
754 3316 59 23 time
836 3314 93 32 predict
952 3313 44 24 the
1021 3313 49 25 end
1092 3312 27 25 of
1141 3312 42 25 the

645 3358 75 26 world
741 3358 50 25 and
814 3357 60 25 base
894 3357 66 25 their
973 3356 165 25 calculations
1150 3363 33 17 on

645 3403 42 25 the
707 3401 214 33 prognostication
940 3400 27 25 of
984 3408 14 16 a
1021 3401 37 24 lot
1077 3399 27 26 of
1124 3399 59 25 mad

647 3445 104 24 Hebrew
764 3444 95 25 writers
878 3443 56 25 who
958 3450 62 17 were
1031 3443 115 30 ignorant
1158 3443 26 24 of

644 3488 103 33 geology
758 3488 49 24 and
819 3489 146 29 astronomy
986 3486 49 25 and
1047 3493 28 18 as
1087 3485 96 33 worthy

644 3533 27 25 of
681 3533 42 25 the
734 3532 56 26 title
810 3531 27 26 of
854 3531 121 32 prophets
996 3538 28 17 as
1044 3530 35 25 Te
1102 3530 81 24 Kooki

644 3585 27 16 or
682 3584 47 24 any
749 3577 72 23 other
840 3575 80 24 Maori
940 3575 100 23 fanatic.
1077 3574 46 25 We
1145 3581 38 17 re-

644 3620 68 31 print
730 3620 41 25 the
783 3618 126 32 following
928 3618 64 25 from
1005 3625 32 18 an
1056 3617 128 33 exchange

678 3708 32 24 At
739 3715 32 16 an
801 3706 125 24 adventist
949 3706 109 30 meeting
1083 3706 26 24 at
1136 3705 48 24 Old

646 3750 113 27 Orchard
773 3749 103 34 (Maine)
889 3749 37 25 Dr
938 3749 72 25 Miles
1029 3749 89 30 Grant,
1137 3756 46 17 one

644 3795 26 24 of
691 3795 44 24 the
763 3794 56 25 best
843 3794 91 23 known
968 3792 215 31 preachers

645 3840 33 22 m
718 3838 60 24 the
812 3836 283 29 denomination,
1142 3836 41 24 de-

644 3882 83 25 clared
738 3881 68 24 amid
829 3882 69 30 great
917 3880 151 24 excitement
1088 3887 31 17 on
1140 3880 44 24 the

644 3927 56 29 part
712 3923 27 26 of
748 3923 39 25 his
799 3923 99 24 hearers
910 3922 55 25 that
989 3922 43 24 the
1044 3922 48 24 end
1105 3922 27 25 of
1142 3922 42 24 the

644 3969 78 26 world
733 3976 52 18 was
796 3975 68 18 near.
884 3967 41 24 He
937 3965 54 26 said
1001 3974 5 17 :

645 4016 25 22 to
683 4014 41 24 the
737 4012 80 29 Bible,
835 4012 44 24 the
891 4012 75 29 2,300
977 4019 71 23 years
1061 4010 64 25 after
1142 4011 41 24 the

644 4058 66 31 daily
722 4056 109 26 sacrifice
843 4055 88 25 ceased
950 4056 27 23 at
989 4054 43 25 the
1053 4054 93 32 temple
1159 4055 25 24 of

644 4102 150 28 Jerusalem,
812 4099 81 26 ended
904 4099 27 25 m
945 4100 73 24 1896.
1055 4099 54 25 The
1121 4099 61 25 time

644 4146 21 23 is
677 4153 61 16 near
749 4146 27 22 at
794 4144 68 23 hand
881 4143 72 24 when
966 4142 42 23 the
1029 4142 80 24 Turks
1131 4142 52 24 will

644 4188 30 25 be
686 4187 85 25 driven
783 4188 44 23 out
839 4186 26 24 of
876 4186 108 31 Europe.
1011 4186 94 23 Unless
1114 4186 69 23 these

643 4231 150 33 predictions
817 4238 42 18 are
879 4229 101 26 verified
1000 4229 51 25 this
1069 4238 59 23 year
1146 4238 37 17 we

644 4278 65 23 must
729 4283 70 18 cease
817 4274 136 32 preaching
973 4273 76 31 along
1074 4273 43 25 the
1140 4274 40 25 old

643 4320 72 26 lines.
750 4318 57 26 Ido
818 4320 46 23 not
875 4317 95 26 believe
982 4316 44 26 the
1048 4316 70 25 Turk
1130 4317 51 26 will

643 4363 42 25 kill
706 4370 49 24 any
777 4369 42 18 mo
821 4370 10 7 v
832 4370 13 16 c
869 4361 151 25 Christsnns.
1068 4361 41 24 He
1131 4361 51 23 will

641 4407 73 24 retire
726 4409 26 22 to
764 4405 126 25 Palestine
897 4409 4 7 '
913 4403 56 26 and'
985 4404 62 31 light
1054 4409 6 11 '
1069 4404 44 24 the
1133 4403 48 26 last

641 4453 70 32 great
722 4451 79 25 battle
813 4452 25 23 of
850 4450 43 25 the
904 4448 105 34 prophet
1020 4449 100 32 against
1138 4449 43 24 the

1251 198 45 25 ON
1315 198 131 26 SEEING
1464 198 92 25 SOME
1569 197 90 26 BOYS
1677 197 43 26 AT

1430 251 99 26 PLAY.

1247 338 14 26 I
1273 346 50 18 was
1335 339 105 32 passing
1451 346 15 16 a
1477 337 85 26 school
1573 345 47 17 one
1637 337 48 32 day

1280 381 57 25 And
1348 388 50 18 saw
1410 387 65 18 some
1486 379 61 30 boys
1559 380 26 24 at
1597 379 64 28 drill,

1247 425 58 24 And
1315 425 106 31 hearing
1432 424 44 23 the
1487 422 160 25 Drillmaster
1660 429 43 23 say

1280 467 97 26 "Don't
1388 467 44 26 fail
1443 467 55 25 that
1510 464 108 34 position
1629 466 27 24 to

1245 534 26 24 It
1282 532 40 25 led
1334 541 41 17 me
1386 534 27 24 to
1425 532 74 26 think
1511 539 33 17 on
1556 531 44 24 the
1611 531 63 31 past,

1280 576 85 25 When
1376 576 14 24 I
1402 584 49 16 was
1463 583 14 17 a
1488 574 80 26 blithe
1580 574 86 25 school
1677 573 56 31 boy,

1212 620 82 26 When
1305 620 114 31 learning
1428 627 50 17 was
1491 617 133 31 treasured,
1637 619 27 23 to
1675 616 57 30 last,

1279 663 53 23 The
1344 663 105 29 sterling
1461 661 106 24 without
1578 661 44 23 the
1633 661 75 30 alloy.

1211 727 130 27 When'the
1346 727 71 25 mind
1424 734 48 18 was
1479 726 43 26 the
1531 725 119 27 standard
1656 725 27 25 of
1689 731 61 19 man

1277 772 71 25 With
1360 772 34 24 all
1405 772 34 25 its
1451 771 173 31 embellishing
1640 770 108 27 charms,

1210 817 51 25 Not
1273 825 14 16 a
1299 825 68 16 mere
1378 816 64 24 flash
1453 816 27 24 m
1492 814 43 25 the
1546 822 60 24 pan,

1277 860 22 25 A
1311 868 80 24 vague
1402 858 199 33 understanding
1613 859 24 25 of
1649 866 74 18 aims.

1210 926 53 25 The
1275 926 59 24 cant
1346 926 27 24 of
1383 925 50 25 this
1446 932 45 25 age
1503 920 50 28 had
1565 924 44 24 not
1621 925 63 27 root,

1244 970 78 30 Then,
1358 969 122 31 honestly,
1491 967 138 33 friendship
1637 967 95 26 sincere
1742 974 6 23 ;

1210 1014 70 28 Now,
1317 1013 90 32 simpiy
1418 1014 26 24 tc
1456 1013 69 24 learn
1538 1012 57 24 how
1607 1013 26 24 to
1645 1012 72 25 shoot

1244 1056 76 25 God's
1332 1056 112 32 image
1449 1055 35 25 all
1495 1055 79 32 ought
1586 1056 26 24 to
1624 1062 90 18 revere.

1212 1124 77 24 Strict
1298 1122 88 32 justice
1399 1124 86 23 enacts
1497 1122 46 24 not
1555 1123 26 23 to
1593 1120 66 32 fight

1244 1167 31 22 In
1286 1166 140 31 protecting
1437 1173 62 24 your
1510 1172 89 24 person
1611 1173 28 15 or
1651 1164 53 27 self,

1212 1209 80 26 When
1304 1216 15 18 a
1330 1209 110 25 nations
1451 1207 28 25 m
1491 1207 95 32 danger
1599 1206 40 26 'tis
1652 1205 68 32 right
1731 1206 6 24 1

1244 1253 57 24 And
1311 1261 84 23 wrong
1401 1252 72 25 when
1481 1251 99 32 applied
1588 1252 26 23 to
1621 1249 127 34 yourself!!

1211 1319 36 26 To
1259 1326 14 18 a
1283 1318 70 32 jewel
1364 1326 36 18 we
1411 1318 68 25 liken
1490 1317 48 25 fair
1548 1317 66 32 play,

1244 1364 40 24 No
1295 1362 95 32 change
1402 1369 47 18 can
1460 1361 68 33 right
1540 1369 55 17 ever
1612 1361 103 29 borrow,

1211 1406 65 24 That
1288 1406 83 24 which
1383 1406 22 24 is
1414 1405 92 31 justice
1518 1407 27 22 to
1556 1404 49 31 day

1244 1449 121 26 Remains
1374 1449 75 25 much
1461 1448 44 25 the
1516 1454 69 19 same
1596 1448 39 25 for
1646 1449 36 23 to-

1568 1498 116 18 morrow.

1210 1560 25 25 If
1245 1559 79 31 value,
1343 1561 45 24 not
1400 1559 75 32 fancy
1488 1558 44 25 the
1543 1557 78 26 whim

1245 1604 68 31 Why
1325 1611 45 17 use
1381 1604 43 24 the
1435 1602 68 25 drill-
1505 1602 73 25 wand
1590 1603 26 24 at
1628 1601 33 25 all
1671 1603 11 23 ?

1211 1648 70 24 More
1294 1648 82 24 useful
1388 1648 25 24 to
1425 1646 71 25 learn
1508 1646 71 24 them
1591 1647 27 22 to
1630 1645 70 25 swim

1244 1691 36 25 To
1293 1691 75 26 assist
1381 1692 25 23 at
1418 1689 153 32 humanity's
1583 1689 57 25 call.

1211 1756 52 25 The
1275 1756 108 32 position
1395 1755 25 25 of
1431 1755 44 25 life
1486 1755 59 24 dear
1555 1755 27 24 to
1593 1761 49 22 me,

1244 1801 26 24 Is
1282 1800 108 25 freedom
1402 1799 56 26 that
1470 1799 35 26 all
1516 1806 59 24 may
1592 1797 74 33 enjoy
1677 1806 5 22 ;

1210 1845 79 25 Don't
1301 1844 45 25 fail
1358 1844 56 25 that
1425 1843 108 33 position
1545 1844 26 24 to
1583 1850 48 22 see,

1244 1888 86 24 You'll
1341 1888 70 24 learn
1419 1888 21 24 it
1449 1886 105 26 without
1566 1886 64 30 drill,
1644 1893 39 24 my
1693 1885 56 32 boy.

1210 1954 121 31 Through
1343 1953 52 30 life,
1414 1953 32 25 do
1456 1952 64 33 good
1532 1951 74 26 while
1616 1959 49 25 you
1677 1959 54 21 can,

1243 1998 25 25 It
1280 1998 108 32 requires
1400 2005 34 18 no
1446 1996 201 26 drill-measured
1664 1996 53 26 rule
1726 2003 6 22 ;

1211 2043 22 24 A
1244 2043 63 31 good
1319 2044 48 23 and
1379 2042 140 31 intelligent
1530 2048 59 17 man

1244 2086 26 24 Is
1283 2086 114 32 superior
1409 2087 26 23 to
1446 2085 109 29 fashion,
1574 2092 28 17 or
1613 2084 59 25 fool.

1409 2147 122 26 HENRY
1550 2146 141 26 CLARKE

1210 2192 153 31 Addington.

1210 2323 158 57 LOCAL
1400 2323 95 57 and
1527 2323 222 57 GENERAL

1245 2429 101 26 Oxfobd
1366 2429 100 26 Spokts.
1503 2429 78 24 There
1600 2429 21 25 is
1640 2436 58 18 now
1717 2436 33 17 on

1211 2473 62 25 view
1291 2474 26 23 at
1334 2474 42 23 Mr
1393 2472 41 25 W.
1452 2472 35 25 H.
1507 2472 107 25 Alford's
1633 2472 116 31 (Watch-

1211 2516 97 32 maker)
1338 2516 69 31 shop,
1437 2515 101 29 Oxford,
1566 2522 15 17 a
1608 2523 58 23 very
1694 2514 56 25 nice

1212 2559 73 25 silver
1306 2559 61 32 Cup,
1386 2559 131 32 presented
1533 2558 33 33 by
1586 2558 53 26 him
1651 2559 38 25 for
1707 2559 43 25 the

1212 2603 92 24 winner
1333 2603 26 24 of
1382 2604 44 23 the
1452 2603 67 24 most
1543 2603 83 31 points
1652 2603 27 24 m
1707 2603 43 24 the

1213 2646 104 32 Cycling
1336 2648 87 23 events
1442 2650 26 21 at
1486 2646 43 25 the
1550 2646 92 25 Oxford
1664 2646 86 32 Sports

1213 2698 31 17 on
1262 2690 137 25 December
1416 2690 63 25 29th
1497 2690 75 25 1897.

1247 2731 101 26 Oxford
1367 2731 102 26 Sports.
1505 2731 21 24 A
1539 2731 112 31 meeting
1661 2731 28 24 of
1707 2732 43 25 the

1212 2774 93 25 Oxford
1318 2774 87 32 Sports
1418 2774 150 25 Committee
1580 2781 51 18 was
1653 2774 57 26 held
1719 2782 31 17 on

1213 2817 109 33 Monday
1344 2819 60 28 last,
1423 2817 35 25 all
1480 2818 44 24 the
1544 2816 125 26 members
1688 2825 62 18 were

1212 2864 107 29 present.
1377 2862 75 25 Final
1474 2864 191 29 arrangements
1689 2870 61 16 were

1212 2906 72 25 made
1295 2906 25 23 m
1333 2905 146 26 connection
1491 2905 62 24 with
1565 2905 44 24 the
1621 2905 129 25 excursion

1212 2950 66 23 train
1290 2950 65 23 from
1368 2948 188 24 Christchurch.
1575 2948 70 24 After
1652 2948 98 24 routine

1212 2992 114 25 business
1346 2998 51 19 was
1417 2991 64 25 done
1504 2991 41 25 the
1567 2992 111 31 meeting
1700 2998 50 18 was

1212 3037 138 30 adjourned
1362 3036 38 25 for
1412 3043 15 17 a
1438 3035 131 32 fortnight.

1244 3088 180 24 Influenza.
1430 3087 61 25 Now
1510 3087 51 25 ibis
1590 3087 120 31 epidemic
1729 3087 22 25 is

1211 3132 130 32 becoming
1351 3131 129 32 prevalent
1488 3139 37 16 we
1538 3131 113 32 strongly
1659 3138 91 17 recom-

1211 3175 73 25 mend
1296 3174 43 26 the
1350 3175 50 24 free
1412 3183 45 16 use
1468 3174 28 25 of
1507 3174 125 32 Platypus
1640 3174 87 25 Brand
1736 3182 14 17 o

1211 3217 154 34 Eucalyptus
1380 3216 124 26 Globulus
1533 3216 113 30 Extract,
1675 3217 75 25 taken

1212 3270 66 24 upon
1302 3269 74 24 sugar
1404 3269 28 17 or
1451 3261 27 25 m
1502 3259 71 27 milk.
1609 3259 54 27 The
1686 3260 65 26 most

1211 3306 115 32 pleasant
1337 3313 54 23 way
1403 3306 25 23 to
1437 3305 57 24 tako
1506 3304 157 32 Eucalyptus
1685 3305 21 24 is
1725 3305 26 23 m

1211 3350 43 24 the
1286 3349 117 31 Platypus
1432 3348 87 25 Brand
1546 3348 28 25 of
1597 3348 154 31 Eucalyptus

1211 3382 115 32 Jujubes.
1363 3382 69 31 They
1444 3390 42 16 are
1497 3382 26 24 m
1539 3381 63 25 such
1614 3390 16 16 a
1640 3381 111 32 portable

1211 3423 71 26 form,
1295 3423 115 29 pleasant
1422 3424 25 22 to
1459 3423 74 26 taste,
1552 3421 50 24 and
1619 3421 132 30 antiseptic

1211 3460 140 25 stimulant.

1244 3509 86 25 Local
1364 3508 137 25 Option.
1502 3508 40 24 Wl
1554 3509 27 24 at
1618 3508 23 25 is
1675 3508 76 25 Local

1213 3553 111 32 Option?
1343 3552 75 31 Why,
1448 3551 113 25 whether
1589 3560 49 22 you
1666 3560 32 22 go
1726 3553 25 23 to

1213 3596 178 26 Christchurch
1411 3595 48 24 and
1484 3603 49 24 pay
1545 3596 54 23 30s.
1620 3595 38 25 for
1669 3603 16 16 a
1702 3595 49 24 suit

1212 3641 27 25 of
1270 3640 106 32 Kaiapoi
1410 3639 90 25 Tweed
1534 3647 29 17 or
1589 3641 42 30 get
1653 3647 47 17 one
1725 3640 26 24 at

1212 3683 119 27 Parish's,
1353 3683 64 25 East
1441 3682 101 28 Oxford,
1561 3682 37 25 for
1621 3683 54 24 21s.

1246 3727 31 24 R.
1295 3726 33 25 H.
1340 3726 90 25 Parish
1441 3727 23 24 is
1475 3734 56 17 now
1544 3726 105 32 making
1670 3726 80 25 Men's

1215 3772 70 24 Suits
1297 3772 26 23 to
1335 3770 72 25 order
1418 3770 65 25 from
1496 3770 38 24 2
1547 3771 53 23 los.

1229 3881 251 27 LANDLORDISM
1498 3880 37 24 IN
1552 3880 180 26 HUNGARY.

1439 3966 86 32 Single

1246 4019 120 31 Hungary
1379 4018 22 24 is
1413 4017 44 25 the
1483 4016 118 26 Paradise
1622 4018 26 25 o
1667 4018 83 25 Land-

1213 4057 108 26 lordism.
1356 4057 47 23 231
1417 4063 104 24 person
1515 4063 23 24 3
1533 4063 56 17 own
1601 4056 77 26 about
1695 4056 55 26 four

1212 4096 97 26 million
1321 4104 69 17 acres
1401 4103 6 21 ;
1427 4096 75 29 5,195
1515 4103 56 18 own
1596 4096 85 25 fifteen
1693 4096 56 25 mil-

1211 4137 54 24 lion
1286 4144 6 21 ;
1329 4136 91 29 13,748
1449 4144 55 16 own
1529 4144 74 16 seven
1642 4136 107 25 million.

1212 4177 81 24 These
1307 4176 90 28 19,174:
1409 4183 56 17 own
1476 4183 71 17 more
1559 4175 59 25 land
1632 4175 62 25 than
1706 4175 44 26 the

1213 4217 102 25 balance
1326 4216 28 25 of
1363 4215 43 27 the
1417 4216 97 32 people.
1551 4216 134 30 1,440,000
1693 4224 56 25 pea-

1211 4259 70 23 sants
1292 4257 32 25 do
1335 4261 44 21 not
1391 4264 53 18 own
1457 4264 70 17 more
1542 4257 57 23 than
1613 4257 53 25 five'
1681 4264 69 18 acres

1211 4304 33 17 on
1256 4303 32 17 an
1301 4303 112 24 average,
1432 4295 51 24 and
1495 4295 25 24 m
1533 4294 124 33 Hungary
1668 4296 43 24 ten
1724 4297 25 23 to

1211 4336 91 28 twenty
1314 4341 69 18 acres
1395 4341 42 17 are
1448 4332 94 26 needed
1554 4337 26 21 to
1600 4334 123 24 maintain
1734 4341 15 18 a

1210 4374 97 30 family.

1244 4413 80 25 Taxes
1333 4421 42 16 are
1384 4412 89 32 heavy,
1486 4413 142 30 mortgages
1638 4412 109 24 increase

1210 4454 25 25 It
1245 4454 22 24 is
1279 4461 33 17 no
1324 4454 101 24 wonder
1446 4454 56 23 that
1526 4452 78 25 under
1627 4452 63 25 such
1702 4452 45 25 cir-

1210 4496 158 24 cumstances
1380 4492 141 27 discontent
1544 4492 114 26 becomes
1680 4499 67 22 more

1781 185 159 31 pronounced
1951 184 65 26 from
2027 193 58 24 year
2105 187 26 24 to
2150 193 65 24 year,
2228 186 51 24 and
2291 193 28 17 so

1783 231 31 16 we
1823 230 70 17 come
1905 224 26 23 to
1943 231 41 17 see
1995 224 42 24 the
2055 223 183 32 extraordinary
2251 231 67 24 spec-

1782 261 64 24 tacle
1858 260 27 25 of
1894 262 48 24 two
1955 261 110 25 socialist
2087 263 105 29 peasant
2203 270 113 24 congres-

1781 308 47 17 ses.
1864 299 54 25 One
1936 299 59 26 took
2017 299 71 32 place
2113 299 63 25 from
2205 300 112 32 January

1780 340 57 24 31st
1849 340 26 23 to
1887 337 127 33 February
2027 338 50 24 2nd
2096 339 26 23 at
2146 338 161 26 Buda-Pesth

1780 378 55 22 The
1847 377 71 23 other
1931 378 46 22 two
1988 377 82 23 weeks
2089 377 63 23 later
2162 378 27 22 at
2201 377 113 32 Czelged.

1780 414 53 24 The
1845 416 67 22 most
1922 414 139 31 important
2076 414 26 24 of
2111 413 43 25 the
2166 414 149 26 resolutions

1779 455 22 25 is
1813 454 106 26 number
1942 454 70 33 eight
2032 455 28 25 of
2080 454 43 26 the
2143 455 92 25 second
2257 463 57 18 con-

1780 504 69 23 gress

1963 536 43 24 the
2018 536 55 24 ruin
2085 536 28 25 of
2132 538 105 29 peasant
2259 545 55 24 pro-

1778 577 105 30 prietors
1900 576 22 25 is
1941 576 173 30 unavoidable,
2132 577 43 25 the
2198 585 116 24 congress

1779 625 53 17 sees
1846 616 43 25 the
1901 616 59 32 only
1983 616 120 25 salvation
2115 616 28 25 of
2159 619 117 29 peasants
2287 618 27 24 m

1778 658 41 24 the
1831 657 62 23 aims
1905 657 28 23 of
1943 656 75 24 social
2030 656 146 31 democracy
2199 658 50 22 and
2260 658 28 22 m
2299 666 15 14 a

1778 697 64 30 fight
1865 697 38 24 fcr
1927 696 126 25 economic
2075 696 119 31 equality,
2221 697 94 25 earned

1778 737 116 31 through,
1919 736 118 26 shoulder
2058 738 27 23 to
2108 736 123 30 shoulder,
2255 738 59 25 with

1778 776 42 24 the
1832 776 113 31 working
2089 775 71 25 After
2181 776 51 24 this
2257 778 58 31 they

1778 814 104 32 adopted
1906 814 44 25 the
1972 813 134 33 principles
2126 814 27 25 of
2172 814 42 25 the
2241 816 73 24 social

1778 854 148 26 democratic
1946 862 115 24 congress
2085 854 28 25 of
2134 856 74 28 1890,
2227 856 62 25 with
2300 865 15 17 a

1779 893 91 31 special
1882 895 77 23 stress
1970 901 67 23 upon
2051 894 49 24 The
2108 894 207 25 Nationalisation

1777 932 30 29 of
1814 931 37 24 the
1868 931 79 24 Land.

1811 969 55 24 One
1889 968 26 24 of
1936 969 44 24 the
2003 968 116 32 speakers
2143 969 51 24 said
2205 978 6 15 :

1778 1009 120 25 elements
1910 1009 27 25 of
1946 1009 42 24 life
2023 1009 45 29 air,
2081 1011 84 24 water,
2187 1012 41 23 the
2250 1011 65 32 light

1778 1049 27 25 of
1815 1049 43 24 the
1871 1056 46 17 sun
1929 1057 41 16 are
1983 1057 115 16 common
2109 1052 116 30 property
2234 1059 5 21 ;
2258 1051 57 31 why

1778 1091 45 23 not
1845 1089 44 25 the
1908 1091 66 23 most
1993 1090 137 30 important
2152 1090 27 24 of
2200 1090 42 30 all,
2272 1091 43 24 the

1778 1127 71 25 earth
1858 1128 12 22 ?
1889 1127 82 25 When
1982 1135 46 17 our
2039 1129 127 23 ancestors
2177 1128 58 24 took
2258 1136 56 24 pos-

1778 1166 95 23 session
1886 1166 27 22 of
1922 1166 51 23 this
1992 1166 61 23 land
2065 1173 15 15 a
2100 1166 121 23 thousand
2245 1174 70 25 years

1778 1214 54 23 ago,
1851 1204 71 26 there
1934 1213 61 18 were
2020 1205 60 32 only
2101 1204 51 26 free
2178 1205 50 26 and
2244 1207 71 32 equal

1778 1245 136 25 comrades.
1950 1245 46 25 We
2024 1247 70 23 must
2117 1253 70 17 come
2211 1247 24 24 to
2264 1247 51 25 thi3

1778 1286 82 31 again,
1879 1286 50 24 and
1941 1286 44 24 the
1995 1286 56 24 first
2063 1289 54 28 step
2128 1286 23 24 is
2163 1286 43 25 the
2218 1287 96 25 obtain-

1778 1325 43 31 ing
1832 1324 28 25 of
1869 1324 126 26 universal
2007 1324 113 33 suffrage.
2155 1325 53 25 The
2227 1326 88 32 priests

1778 1366 51 24 oall
1840 1373 30 17 us
1882 1365 108 25 enemies
2002 1364 27 25 of
2039 1364 110 32 religion,
2162 1366 152 26 revolution-

1779 1403 72 25 aries
1861 1402 50 25 and
1922 1402 115 26 dividers.
2055 1402 52 26 But
2119 1410 48 18 was
2176 1406 45 23 not
2231 1404 85 26 Christ

1779 1440 103 25 himself
1900 1448 15 17 a
1937 1440 189 32 revolutionary.
2161 1441 57 25 And
2236 1442 80 26 where

1779 1488 42 17 are
1833 1479 41 25 the
1886 1479 109 25 dividers
2005 1480 12 23 ?
2035 1479 39 25 On
2087 1480 43 24 the
2141 1482 116 31 contrary
2279 1489 37 18 we

1780 1521 66 24 want
1858 1521 24 23 to
1894 1520 74 23 throw
1991 1521 105 29 together
2119 1520 43 24 the
2184 1521 62 24 land
2280 1530 35 17 we

1778 1562 67 23 want
1865 1562 26 23 to
1913 1559 73 26 make
2014 1560 21 25 it
2053 1568 115 17 common
2190 1563 124 31 property.

1780 1599 53 25 The
1846 1599 108 26 dividers
1966 1608 42 17 are
2031 1602 27 23 to
2075 1600 31 25 be
2125 1601 77 24 found
2224 1609 93 25 among

1780 1640 43 25 the
1835 1647 59 17 men
1917 1640 27 23 m
1966 1647 88 23 power,
2073 1640 39 25 for
2122 1641 60 31 they
2204 1641 64 25 have
2280 1642 35 25 di-

1779 1679 72 26 vided
1869 1686 92 24 among
1983 1678 151 25 themselves
2154 1679 40 24 the
2211 1679 61 26 land
2292 1681 27 24 of

1813 1757 54 25 The
1896 1757 157 25 enthusiasm
2082 1757 59 25 with
2169 1757 80 26 which
2274 1758 43 26 the

1779 1804 96 16 masses
1886 1795 80 26 follow
1988 1795 72 26 these
2079 1795 129 33 teachings
2227 1797 90 25 recalls

1779 1835 56 27 that
1847 1836 26 25 of
1884 1836 43 25 the
1939 1836 55 25 first
2007 1835 147 27 Christians.

1813 1877 37 23 On
1871 1877 159 31 questioning
2049 1877 70 23 these
2139 1879 104 29 peasant
2260 1886 55 23 pro-

1778 1915 114 32 prietors,
1902 1914 44 24 the
1957 1916 110 29 reporter
2079 1914 27 25 of
2114 1916 68 24 Neve
2195 1916 55 24 Ziet
2261 1916 54 24 uni-

1778 1952 107 32 versally
1897 1952 117 26 obtained
2026 1952 43 26 the
2078 1960 100 23 answer,
2270 1962 45 21 we,

1778 1994 20 25 if
1809 2002 35 18 we
1856 1994 68 25 slave
1935 2001 59 24 very
2004 1992 64 26 hard
2087 2001 48 17 can
2147 2001 27 17 as
2185 1998 42 27 yet
2244 1994 73 25 make

1778 2041 16 17 a
1804 2033 86 31 living,
1908 2032 47 25 but
1966 2032 101 31 already
2077 2040 46 16 our
2134 2032 113 26 children
2265 2033 51 25 will

1778 2071 31 25 be
1820 2070 169 33 proletarians.
2025 2070 54 25 The
2090 2070 60 32 only
2161 2070 155 26 inheritance

1778 2117 37 18 we
1827 2116 47 18 can
1896 2108 67 26 leave
1981 2108 69 25 them
2063 2109 21 24 is
2103 2110 26 23 to
2140 2108 67 25 work
2226 2110 27 24 at
2273 2110 44 25 the

1778 2149 145 26 realisation
1935 2149 25 25 of
1973 2149 74 25 social

1812 2187 78 24 What
1902 2195 15 15 a
1927 2187 83 24 lesson
2021 2187 39 23 for
2067 2195 47 15 our
2122 2187 93 23 classes
2227 2189 5 22 !
2246 2188 69 29 They

1778 2227 65 31 fight
1860 2225 60 26 land
1939 2225 214 30 nationalisation,
2177 2226 72 25 tooth
2267 2227 49 24 and

1778 2268 60 28 nail,
1865 2267 61 24 with
1945 2274 28 17 or
1992 2267 104 23 without
2119 2267 196 30 compensation,

1778 2307 98 33 though
1886 2308 21 25 it
1918 2308 23 25 is
1952 2307 43 26 the
2007 2308 59 31 only
2077 2307 74 31 thing
2167 2307 83 26 which
2269 2316 46 17 can

1779 2356 57 18 save
1847 2348 72 25 them
1930 2349 65 24 from
2007 2347 179 26 communism.

1846 3310 142 25 REVIEW
2008 3310 44 24 OF
2078 3309 163 26 REVIEWS.

1814 3402 47 25 We
1887 3402 65 25 have
1974 3402 111 25 received
2113 3402 43 25 the
2180 3402 138 26 November

1780 3446 26 24 of
1817 3445 43 25 the
2002 3446 25 23 of
2188 3446 49 24 and
2256 3446 21 24 it
2297 3447 21 23 is

1780 3488 136 32 extremely
1927 3489 157 32 interesting.
2110 3489 47 24 We
2169 3489 95 31 reprint
2276 3489 42 26 the

1779 3533 127 30 following
1919 3533 84 25 article
2014 3540 6 17 :

1814 3575 53 24 The
1879 3575 123 25 obstinate
2013 3575 50 24 and
2080 3575 140 25 disastadus
2233 3577 84 31 engin-

1781 3618 84 32 eering
1887 3618 76 25 strike
1975 3619 26 24 m
2023 3618 77 25 Great
2124 3618 98 25 Britain
2234 3619 83 25 makes

1781 3662 106 30 English
1900 3663 136 23 statesmen
2045 3662 50 23 and
2101 3662 149 31 journalists
2259 3664 58 31 long

1781 3706 37 24 for
1831 3713 69 17 some
1911 3706 102 31 quicker
2032 3706 51 24 and
2100 3706 106 29 cheaper
2219 3708 98 24 method

1780 3748 26 26 of
1815 3748 103 32 settling
1940 3748 89 26 labour
2052 3748 113 33 disputes
2188 3749 63 26 than
2275 3751 41 24 the

1780 3791 117 31 brutality
1909 3791 28 26 of
1946 3800 15 16 a
1974 3792 77 25 strike
2061 3800 6 21 ;
2086 3792 49 24 and
2158 3792 63 25 keen
2241 3793 75 25 inter-

1780 3836 38 23 est
1837 3835 22 24 is
1870 3834 45 25 felt
1926 3835 27 24 m
1973 3835 43 24 the
2039 3835 100 24 various
2159 3836 158 25 conciliation

1780 3878 61 24 laws
1852 3878 26 23 m
1890 3877 65 25 force
1976 3878 27 24 m
2024 3878 68 24 these
2112 3878 115 26 colonies.
2264 3880 53 24 The

2011 3920 155 26 interviewed
2187 3921 43 25 the
2250 3922 66 25 Hon.

1781 3963 38 26 W.
1832 3963 30 25 P.
1874 3963 102 30 Reeves,
1996 3963 41 25 the
2057 3964 204 32 Agent-General
2280 3966 37 25 for

1779 4007 61 25 New
1852 4007 119 29 Zealand,
1995 4016 33 16 on
2052 4007 44 26 the
2109 4008 96 32 subject
2227 4010 26 23 of
2274 4010 42 25 the

1778 4050 61 26 New
1852 4050 112 25 Zealand
1975 4051 55 29 Act,
2040 4052 50 24 and
2102 4051 42 25 Mr
2152 4052 94 26 Reeves
2255 4061 61 24 gave

1778 4103 16 17 a
1805 4103 59 24 very
1876 4094 122 26 excellent
2020 4097 106 24 account
2137 4095 26 26 of
2185 4097 41 25 the
2238 4097 77 25 work-

1778 4138 44 30 ing
1833 4138 25 24 of
1869 4137 56 26 that
1936 4146 120 17 measure.
2103 4139 87 24 Under
2201 4142 44 22 the
2257 4141 59 24 New

1779 4180 111 26 Zealand
1909 4181 47 25 Act
1975 4181 70 25 there
2066 4181 24 26 is
2109 4190 16 17 a
2148 4181 168 27 Conciliation

1778 4224 81 26 Board
1881 4224 38 26 for
1939 4225 60 25 each
2020 4225 105 31 district,
2144 4228 129 30 composed
2292 4228 25 25 of

1777 4268 125 32 delegates
1925 4269 173 32 representing
2121 4269 61 25 both
2206 4270 108 27 workers

1777 4312 51 25 and
1839 4311 148 34 employers,
2011 4312 63 25 with
2096 4320 33 17 an
2146 4312 170 33 independent

1777 4357 140 22 chairman.
1951 4357 83 22 There
2055 4356 23 23 is
2100 4357 53 23 also
2176 4364 15 15 a
2214 4360 101 29 general

1777 4400 163 26 Conciliation
1965 4400 84 30 Oourfc,
2067 4401 133 31 composed
2222 4403 28 24 of
2269 4411 46 17 one

1777 4443 112 26 member
1912 4443 142 25 Dominated
2076 4443 33 34 by
2121 4447 5 3 '
2132 4444 43 26 the
2198 4445 116 35 Amalga-

1777 4487 83 27 mated
1871 4487 94 26 Trades
1985 4487 107 39 JHupiis,
2110 4496 47 19 one
2169 4491 146 27 nominated

2347 197 32 32 by
2401 205 31 17 an
2444 198 169 31 organisation
2631 200 28 25 of
2679 200 42 26 the
2733 200 147 33 employers,

2345 240 51 24 and
2407 248 15 16 a
2445 240 81 32 Judge
2537 242 29 24 of
2586 242 43 26 the
2653 243 122 32 Supreme
2795 244 85 25 Court.

2345 283 40 25 An
2397 284 87 31 appeal
2495 284 46 26 lies
2553 285 61 25 from
2627 287 43 24 the
2681 287 96 25 district
2790 286 90 26 boards

2344 329 26 22 to
2382 327 43 25 the
2437 327 77 25 Court
2526 329 28 24 of
2560 329 170 31 Conciliation,
2743 330 80 25 which
2832 339 47 17 can

2344 370 72 23 make
2427 371 34 22 its
2472 372 84 22 award
2567 380 28 16 as
2613 381 16 15 a
2639 374 238 29 recommendation,

2343 420 29 16 or
2383 421 27 16 as
2422 421 15 16 a
2446 414 157 33 compulsory
2615 415 80 30 order,
2720 416 50 24 and
2781 425 47 16 can
2839 417 39 25 in-

2343 456 53 26 flict
2408 464 15 18 a
2444 458 101 33 penalty
2568 466 33 18 on
2613 459 80 25 either
2704 459 53 26 side
2778 463 47 23 not
2836 469 40 17 ex-

2343 501 102 30 ceeding
2456 501 80 25 500.

2387 641 69 25 THE
2476 642 174 26 WEATHER
2672 645 71 25 AND
2760 645 72 25 THE

2548 697 119 25 CROPS.

2377 780 53 25 Our
2442 781 199 33 Correspondent
2661 785 101 32 writing
2781 786 27 23 at
2820 787 14 23 6
2848 787 31 23 30

2342 833 33 16 on
2393 825 131 33 Thursday
2544 829 118 30 morning
2685 837 55 24 says
2816 830 63 24 have

2342 868 51 26 had
2404 878 14 15 a
2428 870 64 31 good
2503 870 56 26 look
2570 872 81 24 round
2663 872 43 24 the
2717 872 105 26 District
2830 873 49 25 and

2343 913 79 32 really
2432 913 15 23 I
2464 913 32 24 do
2516 916 46 22 not
2583 914 52 24 like
2654 916 25 23 to
2702 916 81 28 croak,
2802 917 44 23 but
2865 917 14 22 I

2343 955 120 33 sincerely
2474 959 81 29 regret
2575 957 14 24 I
2608 960 92 23 cannot
2720 959 70 24 write
2810 966 69 17 more

2343 999 124 33 hopefully
2479 1000 26 24 of
2514 1000 43 26 the
2577 1003 125 30 prospects
2712 1002 27 24 of
2756 1002 44 25 the
2811 1011 67 17 com-

2342 1043 44 30 ing
2397 1042 100 26 harvest
2507 1051 6 21 ;
2532 1052 15 16 a
2570 1044 55 25 thin
2645 1045 56 24 rain
2719 1046 159 24 commenced

2343 1087 26 23 to
2380 1086 45 24 fall
2436 1089 26 21 at
2475 1087 14 23 3
2503 1087 93 25 o'clock
2607 1095 60 17 a.m.
2680 1088 50 24 and
2747 1089 131 24 continues

2343 1136 34 24 up
2389 1130 26 23 to
2427 1129 43 24 the
2482 1130 59 24 time
2561 1131 28 24 of
2597 1131 108 31 writing,
2723 1131 46 24 but
2780 1131 14 24 I
2804 1131 75 33 fancy

2343 1171 44 26 the
2406 1172 151 26 indications
2569 1173 106 31 (though
2695 1174 15 25 I
2721 1174 63 31 hope
2802 1174 15 25 I
2836 1181 41 19 am

2343 1215 95 33 wrong)
2450 1222 43 17 are
2503 1223 68 17 more
2582 1216 50 25 like
2644 1217 43 25 the
2703 1225 139 24 precursors
2853 1218 27 24 of

2343 1259 105 26 another
2467 1260 45 25 hot
2531 1261 72 28 wind,
2624 1261 62 25 than
2698 1269 14 17 a
2730 1261 148 26 continuous

2460 1303 77 27 What
2549 1312 34 17 we
2595 1304 64 26 have
2669 1306 67 24 most
2756 1307 26 22 to
2793 1305 53 25 fear
2856 1306 22 25 is

2343 1347 44 25 the
2398 1349 67 23 want
2488 1348 25 25 oi
2532 1349 116 24 moisture
2668 1350 25 23 m
2712 1349 43 25 the
2775 1349 102 31 subsoil,

2343 1390 51 24 and
2415 1391 29 23 m
2465 1391 44 23 the
2530 1391 104 24 absence
2657 1392 27 23 of
2704 1400 15 15 a
2742 1392 137 25 bounteous

2343 1434 136 32 downpour
2490 1434 27 24 of
2526 1434 64 29 rain,
2609 1434 43 26 the
2663 1434 101 26 outlook
2780 1435 52 25 will
2848 1435 32 26 be

2343 1486 16 17 a
2369 1486 60 24 very
2439 1479 99 31 gloomy
2550 1486 56 17 one.

2378 1522 78 24 There
2478 1530 42 16 are
2540 1530 68 18 some
2627 1531 61 24 very
2709 1523 48 25 fair
2777 1524 102 32 looking

2343 1574 71 24 crops
2425 1565 75 33 along
2519 1566 44 25 the
2575 1567 61 31 edge
2647 1567 27 24 of
2683 1567 43 25 the
2743 1566 67 32 bust,
2834 1567 45 25 but

2343 1609 43 25 the
2398 1610 132 30 aggregate
2542 1610 48 25 will
2601 1612 45 23 not
2657 1612 106 23 amount
2774 1612 26 23 to
2811 1618 68 18 more

2343 1652 62 24 than
2427 1652 49 24 500
2499 1659 77 22 acres,
2597 1652 51 25 and
2659 1653 73 31 again
2749 1653 70 25 there
2830 1654 23 24 is
2864 1661 15 17 a

2343 1695 84 26 streak
2437 1695 27 25 of
2479 1695 61 25 land
2559 1696 112 31 running
2689 1696 65 25 from
2765 1696 44 25 the
2828 1697 52 25 foot

2343 1737 28 25 of
2380 1737 69 25 View
2461 1736 55 26 Hill
2528 1739 26 23 to
2566 1737 71 25 West
2648 1737 121 33 Eyreton,
2782 1739 99 31 leaving

2343 1788 70 19 some
2434 1789 61 24 very
2516 1782 57 25 nice
2595 1781 101 33 looking
2719 1789 78 25 crops,
2830 1782 50 26 and

2343 1824 98 26 besides
2469 1824 43 26 the
2541 1825 74 25 white
2643 1833 70 24 crops
2736 1825 70 25 there
2837 1834 42 17 are

2343 1870 95 22 several
2448 1868 68 31 largo
2528 1869 125 30 paddocks
2665 1869 27 24 of
2701 1876 60 23 rape
2778 1869 102 31 looking

2343 1911 157 32 remarkably
2528 1912 111 31 healthy.
2707 1913 52 24 But
2780 1913 100 24 further

2345 1955 81 26 South
2446 1955 111 26 between
2577 1955 44 26 the
2643 1956 109 25 manuka
2775 1958 105 31 country

2343 2000 51 25 and
2405 2000 42 25 the
2460 2000 82 25 streak
2553 2000 27 26 of
2596 2000 48 26 fair
2654 2000 61 25 land
2735 2000 54 33 just
2811 2009 68 17 men-

2343 2044 92 30 tioned,
2452 2044 21 24 it
2490 2043 23 25 is
2532 2044 74 26 heart
2625 2044 145 31 depressing
2789 2043 53 32 just
2853 2046 27 24 to

2342 2087 53 25 ride
2406 2094 58 19 over
2474 2087 30 25 it.
2539 2087 72 26 Even
2623 2087 44 26 the
2677 2087 62 25 hoof
2750 2087 94 26 sounds
2855 2087 26 26 of

2342 2139 62 24 your
2420 2130 71 26 horse
2512 2139 80 18 warns
2615 2139 47 25 you
2685 2131 57 26 that
2764 2139 48 24 you
2837 2139 42 18 are

2343 2174 167 32 approaching
2533 2183 15 17 a
2559 2175 61 25 semi
2640 2176 90 24 barren
2749 2174 61 25 land
2829 2176 50 24 and

2343 2217 44 26 the
2398 2224 60 25 poor
2468 2216 81 26 lambs
2561 2217 57 25 look
2637 2224 34 25 up
2683 2216 157 33 appealingly
2851 2225 29 18 as

2342 2259 22 25 if
2373 2259 60 32 they
2444 2261 115 30 expected
2578 2269 15 16 a
2604 2260 59 25 visit
2682 2259 65 26 from
2759 2268 16 17 a
2792 2259 87 26 Chari-

2343 2303 66 26 table
2429 2303 47 25 Aid
2500 2303 129 33 Secretary
2647 2311 28 18 or
2697 2311 34 18 an
2754 2304 48 25 Old
2827 2304 52 32 Age

2342 2347 111 25 Pension
2465 2346 202 26 Commissioner.

2375 2390 73 26 Even
2460 2390 41 26 the
2514 2398 90 25 swamp
2623 2390 74 26 lands
2715 2390 65 26 from
2799 2390 81 27 which

2342 2435 74 24 much
2436 2442 52 17 was
2507 2435 116 32 expected
2634 2442 31 17 on
2677 2437 106 23 account
2795 2435 28 25 of
2836 2436 44 25 the

2341 2478 147 24 favourable
2515 2478 129 24 condition
2666 2478 27 23 m
2717 2478 81 24 which
2821 2479 59 31 they

2341 2528 62 17 were
2414 2521 73 23 tilled
2498 2521 64 24 have
2573 2523 46 22 not
2630 2522 103 30 escaped
2743 2521 45 24 the
2798 2521 82 24 bane-

2341 2564 37 25 ful
2391 2564 72 26 effect
2475 2564 28 26 of
2512 2564 44 26 the
2568 2565 43 25 hot
2623 2565 45 32 dry
2680 2564 88 30 winds,
2792 2565 49 25 and
2852 2573 28 17 as

2341 2607 144 25 mentioned
2496 2607 85 31 above,
2601 2608 43 25 the
2656 2607 106 26 absence
2773 2607 28 26 of
2805 2609 75 24 mois-

2341 2652 56 24 ture
2408 2651 27 24 m
2446 2651 44 25 the
2512 2651 94 26 subsoil
2623 2652 23 25 is
2656 2659 58 18 now
2731 2651 76 32 being
2825 2652 54 28 felt,

2341 2694 115 26 however
2468 2694 14 25 I
2502 2694 32 26 do
2545 2696 45 24 not
2601 2696 68 24 want
2691 2697 27 24 to
2729 2695 83 29 croak,
2836 2696 44 24 bnt

2341 2738 20 24 it
2371 2738 23 24 is
2416 2738 94 24 useless
2531 2738 141 31 discussing
2689 2738 44 25 the
2753 2738 52 25 fact
2824 2738 56 25 that

2340 2780 86 26 unless
2438 2780 77 25 much
2527 2781 56 24 rain
2595 2781 58 25 falls
2664 2780 51 25 and
2726 2781 56 24 that
2794 2781 85 31 quick-

2340 2825 34 32 ly,
2393 2824 42 25 the
2448 2831 182 26 consequences
2642 2824 53 25 will
2714 2825 29 24 be
2754 2831 59 25 very
2825 2825 53 25 dis-

2341 2870 122 21 asterous.

2375 2910 54 25 The
2440 2910 66 32 price
2517 2910 28 26 of
2554 2911 73 31 grain
2638 2910 50 25 will
2710 2910 127 26 doubtless
2849 2911 31 25 be

2341 2954 70 32 good,
2430 2954 51 23 and
2492 2954 43 24 the
2548 2962 58 16 men
2617 2955 53 22 who
2681 2954 79 23 raises
2772 2961 63 17 even
2847 2962 31 16 ac

2342 3005 102 23 average
2456 3004 68 24 crop,
2541 2995 53 27 will
2606 2996 62 26 hare
2681 2996 64 32 good
2757 3005 74 18 cause
2842 2997 40 26 for

2343 3040 185 24 thankfulnoss.

2377 3084 34 25 Of
2432 3091 85 18 course
2541 3084 69 25 stock
2628 3084 65 25 sales
2712 3091 42 18 are
2773 3084 53 25 dull
2849 3093 33 17 on

2344 3129 106 24 accoutit
2477 3127 27 25 of
2529 3128 41 25 the
2593 3129 159 31 uncertainty
2771 3128 27 25 of
2818 3129 64 31 good

2345 3172 89 32 supply
2454 3172 50 25 and
2526 3174 26 23 to
2571 3172 75 25 make
2658 3172 84 32 things
2762 3180 72 19 move
2846 3182 36 17 we

2345 3216 75 26 w*nfc,
2439 3214 54 25 rain
2506 3215 5 24 !
2529 3215 55 25 rain
2597 3216 4 24 !
2615 3216 5 24 !
2639 3216 52 24 rain
2703 3216 5 24 !
2721 3216 5 24 !
2739 3216 5 24 !

2386 4045 121 31 NEWS
2523 4046 52 30 OF
2592 4046 88 30 THE
2703 4046 134 31 WEEK.

2379 4136 54 25 The
2445 4136 111 26 German
2568 4137 176 26 Government!
2758 4143 139 33 sentrtwqX

2344 4178 106 25 cruisers
2462 4180 26 24 to
2500 4179 87 33 Hayti,
2606 4181 27 24 m
2645 4181 42 25 the
2705 4181 72 26 West
2789 4180 95 32 Indies',

2344 4224 26 23 to
2388 4222 108 26 demand
2514 4225 141 32 reparation
2679 4226 38 25 for
2739 4226 42 26 the
2800 4223 95 37 illegal:

2342 4266 193 32 imprisonment
2546 4270 27 24 of
2585 4269 67 25 Herr
2662 4270 106 31 Luders,
2783 4279 15 17 a
2819 4271 64 26 Ger-

2342 4318 59 18 man
2414 4311 105 32 subject.

2377 4355 21 22 A
2410 4355 45 24 hot
2467 4355 89 25 debate
2579 4359 21 21 is
2623 4358 149 32 proceeding
2793 4359 28 23 m
2841 4360 42 23 the

2344 4397 108 26 German
2465 4398 151 33 Eeichestag
2627 4409 34 17 on
2673 4402 41 24 the
2735 4402 51 24 Bill
2798 4402 38 25 for
2848 4404 36 23 in-

2342 4442 109 32 creasing
2474 4442 44 26 the
2539 4444 118 33 strength
2668 4445 28 25 of
2718 4445 44 25 the
2775 4445 110 27 German

2343 4493 74 26 navy.

2904 191 2 23 I
2949 186 26 26 It
2986 187 22 25 is
3019 186 108 26 believed
3139 188 57 24 that
3208 188 126 33 Germany
3346 190 50 24 will
3408 199 42 17 en-

2914 229 108 26 deavour
3033 232 26 24 to
3069 238 85 18 secure
3165 239 15 17 a
3191 231 67 26 lease
3269 232 28 25 of
3305 232 60 25 Port
3375 233 73 26 Kiao-

2913 273 74 26 chau.

2947 311 54 26 The
3029 313 144 26 threatened
3198 314 77 25 strike
3297 315 29 24 of
3347 315 102 32 railway

2913 363 58 17 men
2982 356 26 25 m
3020 357 100 25 Ireland
3131 357 47 25 has
3191 357 61 25 been
3264 358 155 25 abandoned.

2945 398 53 25 The
3010 398 78 27 ballot
3099 409 93 24 among
3211 400 43 26 the
3278 400 97 26 British
3395 405 51 21 cot-

2911 445 43 21 ton
2966 444 137 29 operatives
3116 445 110 25 resulted
3237 445 25 25 m
3287 447 92 30 13,196
3402 446 42 25 de-

2910 486 97 32 claring
3018 487 96 31 against
3125 489 44 24 the
3180 491 127 24 reduction
3319 491 27 24 of
3355 499 90 23 wages.

2944 529 54 24 The
3010 531 151 31 earthquake
3182 534 128 30 yesterday
3328 534 118 33 morning

2910 579 51 16 was
2972 572 108 32 severely
3092 573 45 26 felt
3154 576 27 23 at
3203 575 150 32 Wanganui,
3378 577 66 25 Wel-

2909 614 106 32 lington,
3041 616 92 26 Nelson
3154 618 50 25 and
3226 619 141 26 Blenheim.
3412 621 33 26 At

2912 658 139 29 Wanganui
3078 661 167 25 considerable
3267 664 105 30 damage
3394 673 51 16 was

2911 699 75 25 done.

2946 743 53 25 The
3021 747 107 24 severest
3146 747 77 27 shock
3245 751 28 23 of
3292 751 152 32 earthquake

2912 786 67 25 since
2993 788 62 24 1855
3067 797 50 17 was
3140 793 157 30 experienced
3319 797 26 22 at
3368 795 77 26 Wan-

2912 830 75 30 ganui
3000 838 32 17 on
3045 831 128 35 Thursday
3185 837 123 31 morning.

2944 959 54 24 The
3010 960 51 25 OIS.
3072 962 55 31 Age
3146 964 121 26 Pensions
3288 966 51 26 Bill
3358 970 88 29 passed

2910 998 109 34 through
3031 1000 31 26 its
3074 1001 61 26 final
3147 1006 83 30 stages
3250 1006 27 24 m
3296 1007 43 25 the
3358 1009 87 26 House

2909 1039 28 24 of
2946 1039 215 32 Eepresentatives
3173 1052 33 17 on
3228 1045 121 34 Saturday
3361 1056 84 18 morn-

2909 1076 45 32 ing
2965 1077 33 32 by
3010 1078 41 24 the
3062 1079 151 27 substantial
3235 1084 117 33 majority
3370 1087 27 24 of
3405 1087 40 25 fif-

2909 1119 66 28 teen,
2994 1118 48 24 and
3062 1119 19 24 it
3092 1127 56 18 now
3160 1124 109 24 remains
3292 1126 24 23 to
3338 1127 29 23 be
3387 1134 59 19 seen

2909 1154 56 24 how
2984 1155 38 24 far
3042 1157 41 22 the
3100 1157 153 32 Legislative
3273 1162 106 25 Council
3398 1166 49 24 will

2910 1193 59 26 dare
2989 1197 26 22 to
3033 1203 32 24 go
3076 1198 28 23 m
3120 1200 118 32 resisting
3255 1202 44 24 the
3317 1205 129 30 proposals

2910 1233 27 24 of
2946 1233 41 25 the
3004 1235 105 31 popular
3128 1237 132 28 Chamber.
3295 1242 33 24 At
3347 1249 99 25 present

2909 1270 21 25 it
2941 1272 69 26 looks
3022 1281 28 17 as
3061 1273 22 25 if
3093 1275 41 25 the
3153 1277 52 26 Bill
3217 1280 80 25 would
3316 1282 73 24 reach
3402 1283 44 27 the

2912 1308 98 28 Statute
3038 1312 71 26 Book
3144 1315 106 28 without
3278 1326 50 26 any
3350 1320 95 28 serious

2910 1350 152 28 mutilation.
3104 1353 24 25 It
3152 1357 81 25 would
3256 1359 30 25 be
3309 1360 89 26 absurd
3419 1364 27 24 to

2911 1390 106 23 contend
3029 1391 56 23 that
3095 1392 33 24 its
3146 1395 121 32 principle
3279 1397 51 24 iiad
3347 1401 46 22 not
3408 1408 38 15 re-

2911 1426 82 25 ceived
3016 1428 43 25 the
3081 1433 129 28 approvals
3222 1434 26 24 of
3269 1435 44 25 the
3334 1436 111 34 electors,

2912 1466 49 24 and
2983 1467 21 25 it
3016 1469 81 25 would
3120 1471 105 29 difficult
3237 1477 25 23 to
3286 1477 114 26 conceive
3421 1480 26 25 of

2911 1512 50 24 any
2972 1506 71 25 other
3053 1511 98 27 ground
3170 1520 32 16 on
3215 1513 79 25 which
3307 1515 42 25 the
3364 1516 81 25 Coun-

2911 1542 33 25 cil
2966 1544 71 25 could
3067 1546 69 32 delay
3159 1549 42 26 the
3222 1559 103 26 passage
3348 1554 27 25 of
3401 1555 44 26 the

2911 1588 120 21 measure.
3067 1585 46 25 We
3123 1594 42 18 are
3176 1589 59 32 glad
3247 1592 26 22 to
3284 1599 39 17 see
3336 1593 54 25 that
3402 1593 43 27 the

2912 1623 121 26 members
3044 1625 27 24 of
3089 1627 43 24 the
3152 1628 58 25 Left
3229 1630 75 33 Wing
3324 1640 63 17 were
3398 1642 47 16 un-

2912 1661 111 26 animous
3034 1663 27 24 hi
3084 1664 65 25 their
3161 1670 100 28 support
3281 1669 27 24 of
3324 1670 43 24 the
3379 1672 68 25 third

2911 1701 108 32 reading,
3055 1703 50 25 and
3125 1705 55 26 that
3198 1707 70 26 there
3281 1718 59 16 were
3360 1719 33 15 no
3405 1712 40 23 de-

2911 1740 103 26 fections
3025 1741 65 26 from
3103 1744 40 25 the
3155 1744 99 27 Liberal
3266 1747 84 33 Party.
3379 1750 66 26 Mes-

2913 1789 37 18 srs
2962 1781 93 27 Carson
3067 1784 50 25 and
3141 1785 128 28 Crowther
3292 1796 70 19 came
3384 1790 62 27 from

2912 1820 43 25 the
2968 1820 145 33 Opposition
3132 1824 52 26 side
3207 1827 27 24 of
3252 1827 43 25 the
3316 1828 86 26 House
3419 1832 28 25 to

2912 1867 101 25 support
3024 1862 43 25 the
3079 1871 122 23 measure,
3220 1866 45 25 but
3288 1868 40 24 Mr
3351 1869 94 31 Moore,

2912 1897 42 25 the
2966 1898 110 26 Member
3087 1901 39 24 for
3149 1901 113 34 Kaiapoi,
3279 1905 124 31 preferred
3421 1910 26 24 to

2912 1935 69 26 leave
3002 1938 41 24 the
3067 1938 124 27 Chamber
3203 1941 70 26 when
3296 1943 31 25 he
3340 1952 46 17 was
3409 1953 38 17 re-

2912 1974 86 32 quired
3018 1977 26 24 to
3055 1976 73 26 make
3140 1988 13 14 a
3172 1979 85 26 choice
3277 1981 110 27 between
3405 1983 42 27 his

2911 2016 62 32 duty
2984 2018 26 23 to
3033 2016 40 26 his
3084 2020 167 26 constituents
3263 2022 50 24 and
3335 2023 39 25 his
3386 2025 61 24 obli-

2911 2057 85 32 gation
3008 2059 25 23 to
3043 2058 41 26 his
3100 2062 80 29 party.

3002 2137 68 25 OLD
3087 2138 70 26 AGE
3176 2140 168 27 PENSIONS.

2946 2203 40 22 On
3007 2204 77 31 going
3106 2206 26 23 to
3152 2206 72 25 Press
3248 2215 32 17 we
3300 2207 67 25 learn
3391 2208 55 27 that

2913 2244 70 27 there
2995 2245 22 26 is
3029 2253 74 24 grave
3115 2255 87 18 reason
3226 2251 26 23 to
3262 2250 52 24 fear
3333 2251 55 25 that
3407 2252 39 25 the

2913 2289 49 25 Old
2981 2290 57 32 Age
3057 2290 109 26 Pension
3185 2292 59 31 Bill,
3263 2293 63 26 after
3348 2295 35 25 all
3406 2295 40 27 the

2912 2333 60 25 time
2981 2333 51 25 and
3043 2334 45 25 toil
3099 2335 124 26 bestowed
3233 2345 68 24 upon
3318 2338 28 29 it,
3358 2338 22 25 is
3392 2338 54 26 des-

2912 2376 69 25 tined
2992 2378 26 24 to
3030 2377 29 26 be
3070 2377 106 33 rejected
3186 2379 34 31 by
3231 2380 44 26 the
3296 2380 150 33 Legislative

2914 2420 114 26 Council.
3063 2421 51 25 The
3138 2422 175 28 Conservative
3332 2425 114 32 journals

2913 2471 42 17 are
2981 2465 88 32 urging
3091 2465 43 25 the
3157 2466 85 32 Upper
3269 2467 121 26 Chamber
3418 2472 26 23 to

2913 2505 80 26 throw
3004 2508 43 23 out
3059 2507 42 24 the
3113 2515 119 25 measure,
3251 2509 49 24 and
3316 2509 44 26 the
3373 2519 69 18 mem

2913 2548 55 27 bers
2980 2549 27 26 of
3016 2549 56 27 that
3092 2551 63 33 body
3167 2560 42 18 are
3228 2554 68 31 quite
3306 2554 95 33 willing
3420 2558 26 25 to

2913 2596 86 29 accept
3010 2594 67 25 their
3087 2595 94 26 advice.

2912 2732 172 25 RELIGION
3102 2733 70 25 THE
3189 2734 256 26 DEMORALISE.

2946 2835 53 24 But
3011 2841 35 17 we
3073 2835 63 24 need
3157 2836 46 23 not
3225 2842 33 25 go
3278 2836 27 24 to
3327 2835 121 33 far-away

2913 2873 93 25 Russia
3029 2876 26 22 to
3066 2874 54 23 find
3138 2874 132 25 outbreaks
3283 2875 28 24 of
3331 2876 49 24 this
3391 2876 56 24 reli-

2914 2911 71 31 gious
2997 2911 122 25 madness.
3154 2912 49 25 Out
3214 2913 28 23 m
3260 2913 127 25 Nebraska
3407 2914 41 26 the

2914 2957 49 15 rev.
2976 2949 101 23 Reuben
3090 2949 107 24 Blockin
3208 2950 82 32 began
3302 2953 109 29 recently
3423 2956 26 19 to

2914 2989 93 31 preach
3034 2989 43 25 the
3106 2989 109 25 doctrine
3241 2991 55 24 that
3318 2991 43 24 the
3382 2991 67 26 Lord

2915 3029 69 25 loved
2996 3030 118 32 one-eyed
3126 3038 66 17 men.
3226 3030 41 25 He
3279 3031 77 25 found
3373 3033 76 30 scrip-

2914 3069 56 24 ture
2983 3070 24 23 to
3020 3069 61 24 back
3092 3068 54 25 him
3159 3077 33 23 up
3203 3069 26 24 m
3241 3069 40 24 his
3292 3069 69 25 faith.
3397 3070 52 26 The

2915 3109 193 31 twenty-second
3120 3117 69 17 verse
3201 3109 28 25 of
3236 3109 43 25 the
3296 3109 68 26 sixth
3375 3111 74 31 chap-

2914 3153 38 22 ter
2971 3150 27 24 of
3018 3149 122 26 Matthew
3164 3158 56 24 says
3230 3158 6 15 :
3319 3151 130 30 therefore,

2902 3190 140 30 iilline-eye
3064 3190 31 23 be
3115 3189 89 31 single,
3222 3190 45 30 thy
3288 3191 78 23 whole
3388 3191 63 30 body

2916 3229 66 26 shall
2994 3228 29 27 be
3041 3227 46 26 full
3106 3227 27 27 of
3276 3228 40 25 Mr
3336 3228 115 27 Blockim

2917 3270 129 30 interprets
3058 3267 43 25 the
3119 3268 131 31 scriptures
3265 3267 117 33 literally.
3412 3268 39 26 He

2916 3307 118 31 pondered
3065 3314 58 16 over
3144 3306 52 25 this
3223 3314 103 24 passage
3348 3315 15 15 a
3388 3307 63 31 good

2916 3345 80 24 while.
3032 3344 71 24 Tben
3123 3344 33 24 he
3173 3344 111 25 knocked
3303 3346 45 23 out
3368 3353 47 16 one
3426 3345 25 25 of

2915 3383 40 24 his
2968 3389 64 18 eves.
3067 3382 54 24 The
3142 3382 72 25 other
3238 3382 22 25 is
3279 3390 58 17 now
3359 3390 29 17 so
3412 3384 38 24 in-

2915 3421 90 24 fiamed
3018 3420 56 24 that
3085 3420 32 24 he
3129 3420 21 25 id
3164 3421 145 24 threatened
3320 3421 60 24 with
3389 3422 62 25 total

2916 3459 132 26 blindness.

2949 3498 50 25 But
3011 3497 51 26 this
3074 3497 42 25 did
3126 3501 45 22 not
3183 3497 76 26 shake
3270 3498 44 24 the
3333 3496 118 33 preacher

2915 3540 26 23 m
2953 3539 37 24 his
3004 3539 74 24 work.
3103 3538 40 25 He
3154 3538 134 25 continued
3298 3537 153 34 instructing

2915 3579 39 24 his
2966 3578 63 25 flock
3040 3578 56 24 that
3108 3578 39 24 his
3157 3577 190 32 interpretation
3359 3579 26 22 of
3392 3577 59 33 holy

2915 3618 54 23 writ
2980 3618 21 23 is
3011 3617 42 24 the
3065 3617 92 24 correct
3167 3623 55 17 one.
3257 3615 76 32 Many
3345 3615 28 25 of
3382 3615 69 26 them

2915 3658 108 24 believed
3036 3657 60 29 him,
3112 3657 51 24 and
3174 3656 80 31 began
3266 3655 124 31 knocking
3406 3658 44 23 out

2915 3696 64 25 their
2996 3704 65 23 eyes,
3088 3694 48 25 and
3164 3703 56 17 now
3248 3702 15 16 a
3282 3692 169 28 considerable

2915 3735 97 31 portion
3024 3734 27 25 of
3060 3734 41 24 the
3113 3733 177 32 congregation
3300 3733 24 25 is
3341 3734 28 23 m
3385 3732 65 26 vari-

2915 3782 44 16 ous
2971 3775 84 29 stages
3067 3772 26 25 of
3103 3772 138 24 blindness.

2948 3812 102 23 Instead
3061 3811 26 25 of
3106 3812 63 23 their
3181 3810 131 32 sufferings
3335 3810 116 32 bringing

2915 3850 81 24 others
3008 3851 25 22 to
3045 3849 66 24 their
3122 3856 92 24 senses,
3233 3849 43 25 the
3296 3849 111 31 example
3429 3848 22 27 is

2915 3890 131 30 spreading
3074 3889 50 25 like
3152 3897 16 17 a
3196 3890 141 30 contagion,
3378 3888 73 32 until,

2915 3935 91 23 among
3018 3927 51 24 this
3079 3927 134 31 particular
3224 3928 61 29 sect,
3298 3926 44 25 the
3355 3933 96 25 possee-

2915 3969 54 25 sion
2982 3969 26 24 of
3015 3976 15 17 a
3038 3968 47 25 full
3092 3968 132 26 allowance
3235 3969 27 24 of
3272 3975 57 25 eyes
3336 3967 22 25 is
3368 3967 83 32 begin-

2902 4023 7 11 r
2915 4009 63 31 ning
2990 4010 26 23 to
3028 4007 58 26 take
3099 4007 41 26 the
3152 4007 64 25 form
3227 4007 28 25 of
3263 4015 32 16 an
3307 4007 110 31 impiety.

3051 4048 47 31 (To
3116 4048 29 25 be
3162 4047 155 32 continued.)

3115 4231 51 26 th's
3373 4228 81 26 Econ

2917 4258 252 51 o&^ji^li^^^Pto
3181 4269 122 26 excellent
3325 4275 78 24 paper
3422 4267 32 34 by

2917 4316 29 25 P.
2959 4297 484 61 F}HP^^^S^^^3ividaal
3444 4325 20 15 v

2917 4361 49 23 ism
2992 4360 26 23 m
3036 4359 22 24 E
3079 4350 324 47 uoa>^^^^^^^^^^ff'
3406 4362 12 14 c
3430 4353 28 24 '

2919 4447 120 31 teaching
3049 4446 51 25 and
3111 4445 116 24 pointing
3231 4436 251 51 qto^^^B^^.'^

2922 4491 94 26 detects
3028 4491 27 26 of
3068 4491 41 26 the
3119 4491 101 32 present
3232 4477 250 58 sjstei)SW|%g

1164 44 177 33 OXFOED
1386 45 235 32 OBSERVER
1665 44 242 37 SATURDAY,
1929 44 236 32 DECEMBER
2222 46 38 29 11
2307 45 90 32 1897.

1825 2560 56 37 Do
1889 2562 73 35 /?of
1963 2559 53 39 Jbe
2020 2560 223 44 persuaded
2241 2544 64 65 fo\

1820 2608 148 36 ovyany
1974 2597 331 45 offiefm/fo/ronsk

2290 2936 3 31 I

1823 2964 464 40 CYW/VofilAW#rHS

1821 3003 467 49 TfieyarspufieaiH/wftofesom

1886 3043 60 36 Me
1947 3043 86 36 fast
2030 3054 121 35 money
2151 3045 80 37 and

1856 3087 200 38 ejper/ence
2074 3090 69 28 can
2159 3080 75 38 iv*

1821 3117 144 38 lamest
1964 3117 320 40 sa/einAusfmfesia.

1817 3174 16 16 a
1862 3154 83 36 Sold
1964 3161 40 29 by
2016 3161 59 30 all
2085 3161 149 30 grocers
2275 3159 18 48 \
