3530 4580
49 172 61 24 tion.
146 171 38 22 He
198 177 55 23 says
264 177 6 14 :
346 168 21 24 is
381 168 58 24 trite
452 170 26 21 to
488 167 98 24 remark-

49 215 55 25 that
118 214 39 24 the
171 213 103 25 failures
286 212 25 24 o?
324 211 86 25 school
428 219 42 16 are
482 210 43 24 the
534 219 51 15 suc-

49 266 81 17 cesses
143 257 26 24 of
179 256 49 24 life.
264 255 62 25 This
337 255 21 24 is
372 254 127 33 generally
512 255 76 23 taken

51 304 26 24 to
90 311 14 16 a
117 302 163 32 compliment
293 302 24 23 to
329 300 43 25 life
384 308 5 22 ;
414 300 20 24 it
458 307 79 17 seems
562 302 26 22 to

50 355 41 17 me
104 349 26 23 to
143 348 29 24 be
185 346 82 25 rather
280 353 14 16 a
308 352 108 16 sarcasm
436 351 32 17 on
482 343 104 25 schools.

50 391 93 31 Nearly
156 391 33 24 all
202 391 61 30 boys
271 389 65 25 have
357 397 14 17 a
384 390 62 23 taste
458 388 38 23 for
508 396 79 16 some-

50 436 81 31 thing.
168 435 51 25 Our
231 433 106 26 mistake
349 434 44 23 has
405 433 63 24 le:-n
481 434 26 22 to
524 431 65 26 force

50 481 70 22 them
134 482 22 20 to
169 479 70 23 learn
252 478 56 23 that
320 478 38 24 for
367 476 83 25 which
460 476 59 30 they
527 476 62 24 have

50 528 35 18 no
97 526 15 20 fc
123 529 46 17 s:e.
205 520 63 25 Half
278 520 42 24 the
343 520 92 31 misery
459 519 26 25 of
506 519 41 25 life
567 520 22 23 is

51 565 92 25 caused
155 566 28 30 by
196 565 43 24 the
259 565 51 24 fact
322 565 56 24 that
393 565 4 13 :
397 572 58 23 rery
466 563 54 25 few'
532 571 58 24 peo-

50 610 37 31 ple
99 610 63 23 have
176 609 135 24 succeeded
330 609 25 23 m
368 608 98 31 finding
487 608 42 23 the
542 607 47 24 cil-

50 654 55 31 ling
118 656 25 22 to
155 654 80 24 which
247 653 59 32 they
319 661 42 17 are
381 652 122 31 naturally
516 651 73 31 adap-

51 699 52 24 ted.
139 699 68 30 They
226 698 64 23 have
303 699 45 22 not
360 697 92 24 chosen
464 695 65 23 their
541 695 48 23 cal-

52 743 54 31 ling
116 751 5 19 ;
141 742 58 31 they
212 742 63 23 have
295 748 75 17 never
383 739 60 24 been
456 739 26 24 m
495 748 12 14 a
525 738 64 31 posi-

52 787 54 23 tion
119 790 25 20 to
157 787 95 26 choose,
271 786 19 22 it
303 784 45 25 has
360 784 62 23 been
433 782 83 25 forced
525 791 65 21 upon

52 829 71 25 them
136 829 30 30 by
179 829 43 24 the
235 828 111 24 accident
358 827 25 25 of
392 826 197 25 circunntmces.

54 873 61 24 Kow
140 872 130 24 education
299 871 50 24 will
371 878 75 17 never
475 869 30 25 be
528 870 25 23 m
578 878 10 14 n

54 916 156 31 satisfactory
236 918 62 22 state
311 915 38 24 till
371 923 45 16 our
429 914 97 24 schools
550 922 41 15 are

54 960 74 31 reallj
154 960 42 24 the
210 960 109 28 training
340 957 109 32 grounds
473 956 37 25 for
532 956 41 25 life
584 964 6 20 ;

55 1002 65 24 until
133 1003 65 24 thtir
211 1002 80 29 object
303 1002 19 23 is
336 1002 42 23 the
390 1000 135 29 discovery,
543 1000 48 23 and

55 1047 45 22 not
114 1045 42 24 the
169 1045 142 30 repression,
331 1043 26 25 of
366 1042 137 24 individual
515 1043 76 23 tastes

55 1089 50 22 and
117 1089 99 22 talents.

91 1185 53 24 The
174 1184 99 24 French
303 1183 113 24 Minister
442 1182 24 23 of
496 1181 96 24 Marino

56 1225 92 24 Affaias
160 1225 44 24 has
224 1224 49 24 had
287 1226 25 21 to
324 1231 48 23 pay
385 1230 31 16 an
430 1221 90 25 official
533 1221 58 24 visit

56 1267 26 20 to
103 1263 121 24 Boubaix.
260 1263 24 22 It
304 1262 21 23 is
339 1261 68 23 usual
428 1268 30 16 on
471 1259 61 24 such
553 1266 38 16 oc-

56 1300 97 25 casions
166 1303 25 21 to
204 1299 46 25 call
263 1299 42 24 the
318 1306 94 24 mayor,
433 1298 42 23 but
499 1304 26 16 as
549 1296 43 24 the

56 1341 76 23 Hotel
153 1341 28 23 do
195 1339 63 25 Ville
272 1338 26 25 of
315 1338 50 24 this
378 1340 66 22 town
455 1337 22 23 is
490 1336 102 31 entirely

56 1380 27 23 m
109 1378 138 25 Socialistic
265 1376 81 24 hands
369 1376 42 24 the
432 1374 161 31 compliment

57 1427 50 16 was
120 1418 127 28 withheld,
266 1417 56 27 and,
342 1417 18 23 it
381 1423 55 23 may
454 1414 30 24 be
504 1414 87 26 added,

54 1458 42 22 the
110 1457 104 23 admiral
226 1458 42 29 got
278 1454 148 31 thoroughly
435 1453 56 24 well
500 1452 91 25 hooted

56 1498 39 22 for
124 1496 39 24 his
186 1496 161 28 discourtesy.
399 1494 31 23 In
449 1492 144 30 everything

57 1538 53 22 that
122 1543 117 16 concerns
253 1534 131 24 Socialism
397 1532 50 24 and
468 1531 125 25 Socialirts

56 1577 70 23 there
134 1576 22 24 is
167 1572 141 34 practically
321 1571 58 26 civil
391 1580 51 17 war
453 1571 26 24 m
489 1570 103 25 France.

57 1640 31 4 —
93 1627 106 24 Clarion.

92 1735 21 23 A
125 1736 107 23 warrant
244 1733 45 24 has
312 1733 62 25 been
395 1732 80 25 issued
496 1732 27 23 m
544 1732 48 23 Ko-

59 1778 98 23 chester
176 1776 71 31 (New
269 1774 78 33 York)
369 1774 49 23 last
437 1772 97 29 month,
557 1773 37 23 for

58 1816 41 25 the
112 1818 77 22 arrest
201 1814 27 25 of
238 1814 42 25 the
293 1814 60 23 Rev.
376 1813 68 24 John
465 1812 35 24 M.
526 1812 56 24 Fitz

58 1854 91 33 gerald,
163 1863 14 16 a
191 1853 112 26 Catholic
315 1852 85 30 priest,
415 1849 105 32 charged
533 1849 60 26 with

58 1895 132 31 swindling
201 1894 47 24 and
270 1893 130 24 extortion.
451 1891 143 31 Fitzgerald

56 1934 22 23 is
91 1933 97 29 already
202 1932 76 23 under
289 1931 138 23 conviction
440 1929 27 24 of
482 1929 111 31 burning

57 1978 16 19 &
84 1972 159 25 schoolhouse
255 1975 25 20 at
294 1969 135 26 Charlotte.

89 2052 70 23 Look
171 2051 80 24 where
262 2058 50 23 you
330 2049 58 33 wijl,
402 2049 49 23 and
474 2047 43 25 the
539 2047 54 25 hol-

57 2091 47 24 low
116 2089 73 25 sham
199 2089 47 25 and
258 2087 114 31 mo:kery
385 2087 25 25 of
419 2086 106 31 rerigion
535 2093 57 24 may

58 2131 31 24 be
101 2138 66 17 seen.

92 2218 43 23 An
148 2216 118 27 Imperial
285 2216 75 24 ukase
371 2215 47 24 has
430 2216 63 23 been
503 2213 90 29 issued,

58 2258 160 29 announcing
230 2256 43 25 the
285 2256 147 31 completion
444 2255 27 24 of
482 2254 44 25 ihe
538 2254 56 25 task

58 2298 26 23 of
94 2298 100 30 placing
205 2296 43 25 the
261 2303 117 23 currency
391 2294 27 25 of
428 2294 90 25 Russia
530 2302 32 15 on
580 2301 15 16 a

60 2338 57 31 gold
130 2337 74 24 basis.

90 2420 40 22 An
136 2419 123 30 Airusing
268 2418 107 23 incident
383 2424 85 17 occur
470 2417 28 22 ad
502 2416 25 23 m
537 2423 56 16 con-

55 2462 100 24 nection
168 2461 58 25 with
240 2461 40 23 Mr
300 2460 163 24 Buchanan's
482 2459 113 31 banquet

57 2507 71 23 when
148 2514 14 16 a
186 2504 179 25 conscientious
388 2503 146 31 doorkeeper
558 2510 35 17 re-

57 2550 71 25 fused
149 2550 151 25 admittance
320 2552 25 21 to
365 2547 39 25 Mr
428 2546 101 26 Scosbie
552 2547 43 24 Me

56 2594 103 29 Kenzie,
174 2594 105 24 M.H.R.
304 2593 55 24 who
379 2591 98 25 arrived
499 2599 32 16 on
551 2590 44 25 the

55 2646 71 17 scene
138 2638 123 24 unarmed
273 2637 59 24 with
345 2646 13 14 a
378 2636 76 25 ticket
466 2636 27 24 of
504 2635 89 24 admis-

55 2685 63 21 sion.
155 2682 40 23 Mr
204 2681 135 23 McKenzie
352 2681 20 22 is
385 2679 97 30 alleged
498 2680 25 22 to
531 2679 64 22 have

54 2725 54 24 s^id
118 2733 5 15 :
145 2728 5 11 '
162 2724 78 25 Don't
251 2731 48 24 you
313 2724 74 23 know
399 2722 57 24 who
467 2722 14 23 I
493 2728 40 17 am
545 2722 12 22 ?
581 2721 14 22 I

54 2777 42 16 am
109 2769 41 23 Mr
164 2768 101 25 Sccrbie
277 2766 148 28 McKenzie,
446 2765 48 24 and
506 2765 14 24 I
531 2765 64 24 have

53 2820 68 17 come
134 2815 25 22 to
172 2811 75 33 speak
259 2812 26 24 at
298 2810 50 26 this
541 2808 54 24 The

52 2856 171 32 doorkeepar's
235 2855 70 31 reply
317 2862 50 17 was
390 2852 97 32 shortly
499 2860 28 17 as
547 2852 48 24 fol-

51 2899 61 24 lows
125 2908 6 14 :
194 2899 71 23 don't
287 2898 72 23 know
370 2905 50 23 you
443 2897 65 23 from
522 2904 15 15 a
548 2896 45 23 bar

53 2942 27 24 of

22 2976 1 12 i

86 3024 89 26 Prison
181 3023 149 32 Missionary
332 3037 32 4 —
435 3029 60 24 poor
501 3021 92 30 fellow,

53 3067 67 24 what
133 3073 41 17 are
188 3072 49 24 you
250 3064 59 25 here
387 3065 12 22 ?

86 3105 118 25 Prisoner
205 3118 32 4 —
239 3103 67 25 -'For
318 3105 44 23 not
379 3102 95 32 having
497 3102 97 31 enough

52 3144 110 31 political
174 3143 124 24 influence
310 3144 26 23 to
348 3145 41 29 get
402 3149 40 17 me

87 3229 54 24 The
153 3229 105 24 election
270 3228 38 25 for
320 3229 122 24 members
454 3227 28 25 of
499 3226 100 25 Partial

54 3270 71 23 ment
145 3269 46 23 has
202 3276 70 16 come
284 3270 26 23 to
322 3276 16 17 a
357 3268 64 25 close
432 3268 27 23 m
472 3267 120 24 Holland.

56 3309 51 23 Out
118 3309 27 23 of
156 3310 47 22 100
216 3311 64 21 seats
293 3307 43 25 the
355 3308 115 24 Radicals
491 3307 103 24 secured

55 3349 15 22 4
89 3347 50 24 and
152 3348 42 24 the
207 3348 129 24 Socialists
348 3349 24 22 4.
407 3347 72 28 This,
496 3354 37 17 we
553 3348 39 23 be-

54 3385 64 25 lieve
129 3385 22 24 is
170 3393 15 16 a
204 3387 58 30 gain
282 3385 26 24 of
325 3385 56 24 four
400 3386 65 23 seats
487 3384 39 24 for
549 3384 44 24 the

56 3427 75 24 latter
132 3441 31 3 —
165 3425 110 26 Clarion.

91 3526 31 25 In
135 3535 45 16 our
202 3528 58 23 next
272 3526 66 25 issue
350 3535 33 16 we
407 3526 63 25 shall
492 3526 100 32 publish

58 3578 31 17 an
103 3570 84 25 article
326 3570 50 25 and
504 3570 32 32 by
547 3579 46 17 our

55 3611 91 32 special
158 3612 192 32 correspondent
361 3612 50 25 and
423 3620 33 17 an
466 3612 126 26 interview

56 3656 24 24 m
93 3655 80 26 which
185 3665 83 23 young
279 3656 59 26 New
361 3656 111 25 Zealand
493 3656 21 25 is
534 3665 59 24 very

56 3700 76 24 much
145 3702 25 23 to
183 3701 43 24 the
237 3702 61 24 fore.

88 3743 146 32 Magistrate
246 3752 5 16 :
353 3745 44 25 the
407 3745 114 32 prisoner
533 3745 60 25 offer

54 3788 51 25 any
116 3783 60 24 resis
180 3782 74 25 caned

88 3821 89 25 Officer
187 3830 6 16 :
309 3824 34 24 £5
355 3832 44 22 yer

87 3901 55 26 The
153 3902 173 25 half-hearted
337 3902 156 34 religiousity
504 3904 27 25 of

53 3942 100 32 ter-day
181 3941 167 34 Christianity
377 3950 59 25 may
464 3943 91 26 choose
566 3946 26 24 to

51 3981 87 31 ignore
151 3980 42 25 the
213 3980 59 29 fact,
294 3980 46 25 but
359 3980 21 25 it
398 3981 106 24 remains
526 3990 66 17 none

52 4019 44 25 the
115 4019 50 24 les3
188 4020 56 23 true
265 4019 55 24 that
341 4019 33 25 he
385 4019 57 26 who
454 4020 94 25 refuses
567 4022 26 24 to

22 4079 7 6 ,
52 4060 87 28 accept
150 4057 45 25 the
214 4057 176 33 Demonology
402 4058 28 24 of
437 4058 43 25 the
491 4060 102 30 gospels

51 4097 91 33 rejects
163 4098 41 25 the
228 4098 137 26 revelation
388 4098 28 25 of
433 4106 16 17 a
473 4099 120 31 Spiritual
600 4111 2 14 i

52 4138 78 25 world
143 4138 72 25 made
226 4138 26 24 m
265 4137 79 31 them,
362 4147 26 16 as
401 4139 77 24 much
490 4147 28 16 as
529 4140 21 24 if
560 4140 33 25 he

51 4177 90 24 denied
153 4177 43 24 the
208 4177 124 22 existence
344 4176 29 25 of
390 4178 63 23 such
475 4186 15 15 a
501 4186 91 24 person

51 4226 27 17 as
90 4217 71 26 Jesus
171 4216 28 27 of
207 4215 126 26 Nazareth
343 4224 7 22 ;
368 4217 50 25 and
430 4217 171 37 deservea^fl

50 4255 74 26 much
136 4263 27 18 as
174 4263 98 24 anyone
291 4262 45 18 cao
360 4255 41 30 do,

48 4295 106 27 marked
308 4295 32 33 by
352 4286 249 51 qu^mßßHM|

651 174 52 24 The
717 175 128 25 -''German
999 177 22 24 is
1044 177 64 26 hard
1132 182 26 22 to

617 216 57 25 beat
685 225 28 17 as
725 226 15 17 a
752 218 102 32 healthy
878 219 120 26 stimulus
1010 221 27 24 to
1063 221 94 27 Sooial-

616 261 57 29 ism,
684 262 50 23 and
746 262 43 25 the
797 261 59 26 folio
858 262 47 25 win
909 271 15 17 «r
933 263 67 25 table
1010 265 82 25 shows
1103 266 55 25 how

618 304 42 25 the
1000 307 63 27 have
1087 310 72 25 acted

697 393 115 24 Socialist
825 395 56 22 vote
893 394 27 24 m
942 394 137 33 Germany.

652 436 74 25 Year.
869 437 72 25 Vote.
1001 461 4 4 .
1044 439 113 26 Elected.

620 481 189 23 1871.....;......
854 482 116 26 123,655.
993 484 77 20 i..:;
1070 486 2 2 -
1106 484 16 21 2

652 525 75 23 1874.
744 542 70 6 ....
822 527 150 28 ...351^952.
978 543 81 6 ........
1108 527 16 22 9
1150 544 3 4 .

653 567 74 26 1877.
733 586 18 9 .»
853 568 208 28 493,288.........
1094 570 30 22 12
1146 559 5 6 %
1152 558 10 35 'i

654 612 110 23 1878....
854 610 118 31 437,289-.
988 625 39 10 ...
1054 629 5 5 .
1091 608 45 27 **0--
1157 624 3 3 •

654 655 62 24 1881
853 655 106 28 498,961
1093 656 29 23 11

654 699 64 23 1884:
855 699 107 28 549,990
1094 700 30 22 14

654 742 65 25 1887
856 742 107 28 863,128
1094 742 31 23 18

698 893 139 38 CYCLING
863 892 30 38 IN
920 892 158 42 ENGLAND.

654 987 37 23 An
705 987 110 29 example
836 987 46 22 lias
903 988 61 22 been
988 987 71 23 made
1082 988 26 22 of
1127 996 31 14 an

621 1027 109 24 offender
741 1027 56 23 who
809 1027 54 23 who
876 1028 70 22 stuck
970 1027 40 23 his
1025 1027 66 23 knife
1102 1028 56 22 into

621 1068 75 29 tyres.
699 1066 26 24 of
746 1073 14 17 a
783 1065 94 31 bicycle
901 1068 35 22 at-
951 1066 101 24 Cardiff.
1105 1066 54 24 The

621 1105 141 30 sportsman
781 1103 46 24 has
840 1104 60 23 been
915 1104 68 24 fined
996 1105 52 23 80s.
1062 1104 38 24 for
1120 1104 40 24 his

619 1142 66 31 joke.
730 1143 25 23 It
784 1142 20 23 is
829 1150 13 15 a
866 1141 154 25 remarkable
1042 1150 71 17 sense
1136 1142 25 25 of

623 1183 104 23 homour
746 1183 56 23 that
823 1190 53 15 sees
889 1190 47 23 any
957 1182 45 24 fun
1025 1183 26 23 m
1064 1183 97 31 cutting

623 1224 132 29 strangers'
780 1223 64 29 tyres
868 1224 26 22 to
920 1222 88 32 pieces,
1028 1230 27 16 or
1066 1223 94 31 setting

623 1265 83 19 stones
719 1268 82 17 across
814 1261 42 23 the
874 1261 67 27 road,
960 1269 26 14 or
1006 1261 94 29 sowing
1123 1261 37 23 tin

622 1299 77 24 tacks.
735 1299 51 24 The
799 1298 109 25 offender
932 1299 94 24 seldom
1050 1300 72 23 waits
1134 1302 25 21 to

623 1347 39 16 see
674 1339 43 25 the
729 1339 69 25 effect
812 1339 25 23 ef
858 1339 40 24 his
910 1339 90 30 action,
1023 1339 48 24 and
1085 1341 74 23 what-

623 1386 54 15 ever
688 1379 114 30 pleasure
814 1377 31 23 he
858 1377 95 25 derives
965 1379 68 23 must
1054 1377 30 25 be
1096 1377 63 25 from

623 1416 39 23 his
685 1415 166 32 imagination
874 1416 27 23 of
924 1416 43 24 the
990 1423 59 24 rage
1073 1417 27 23 of
1121 1417 39 23 his

623 1456 106 24 victims.
764 1456 21 24 A
797 1457 118 30 practical
921 1457 58 30 joke
992 1457 26 24 of
1026 1457 79 24 which
1113 1465 47 22 you

624 1503 40 17 see
691 1496 108 30 nothing
821 1496 83 30 might
926 1497 53 30 just
1003 1504 27 16 as
1054 1496 56 24 well
1130 1498 30 23 be

623 1534 87 30 played
731 1534 31 30 by
775 1534 133 30 somebody
927 1534 50 24 else
1000 1534 38 24 for
1061 1535 33 23 all
1118 1536 43 23 the

623 1574 158 24 amusement
793 1581 49 22 you
853 1575 41 28 get
906 1579 44 19 out
962 1573 28 25 of
998 1573 28 25 ic.

656 1639 24 24 It
693 1639 20 24 is
737 1647 33 16 an
794 1639 42 24 old
860 1639 71 30 trick,
948 1647 70 16 more
1044 1647 116 18 common

623 1682 62 21 than
704 1679 97 29 honest,
821 1680 25 23 to
867 1678 85 26 obtain
973 1679 116 33 shipping
1112 1680 48 25 dis-

623 1722 87 23 counts
727 1720 51 25 and
789 1721 45 23 not
846 1720 61 24 send
919 1720 44 25 the
984 1720 76 32 goods
1073 1729 27 17 so
1119 1721 42 25 ob-

624 1760 84 25 tained
720 1762 44 23 out
785 1760 27 24 of
823 1760 43 24 the
879 1762 113 30 country.
1037 1762 22 23 A
1071 1769 55 17 case
1138 1762 23 23 of

624 1800 49 25 this
686 1802 51 23 sort
748 1800 47 25 has
820 1800 61 24 been
896 1799 105 33 brought
1023 1801 82 25 before
1117 1802 44 24 the

623 1844 90 27 courts,
744 1844 80 21 where
847 1849 14 14 a
885 1840 57 25 firm
967 1841 103 24 ordered
1093 1849 68 18 some

623 1879 105 31 bicycles
741 1887 32 18 on
799 1879 118 31 shipping
940 1881 86 26 terms,
1046 1879 45 25 but
1120 1881 41 24 did

624 1920 41 21 not
678 1920 85 28 export
776 1918 78 27 them,
869 1919 50 22 and
931 1918 43 23 the
986 1918 67 30 cycle
1061 1919 100 23 makers

623 1955 160 30 successfully
795 1955 63 25 sued
869 1954 37 26 for
919 1956 41 24 the
973 1955 135 26 difference
1121 1956 40 25 be-

623 1996 79 22 tween
725 1993 65 25 their
802 1994 116 31 ordinary
942 1997 78 21 terms
1044 1994 50 24 and
1117 1995 44 25 the

623 2032 91 31 special
726 2032 114 31 shipping
852 2032 115 25 disconnt
976 2033 54 24 that
1042 2033 49 24 had
1100 2035 61 24 been

623 2071 111 23 allowed.

1213 47 173 35 OXFORD
1411 51 225 34 OBSfcHVEB
1674 52 241 36 SATURDAY,
1953 47 239 34 DECEMBER
2220 43 52 35 11,
2305 38 89 31 1897.

2952 4314 105 26 Printed
3064 4314 50 25 and
3123 4314 130 34 published
3261 4315 33 33 by
3305 4316 71 25 Axel
3386 4316 107 27 Eklxtkd.

2985 4356 40 27 for
3035 4357 88 26 Lauba
3137 4357 79 29 Anns.
3220 4358 103 31 Pabish,
3342 4362 27 22 at
3385 4360 45 28 her
3446 4361 47 25 Re-

2987 4402 110 31 gistered
3107 4402 117 33 Printing
3236 4403 77 27 Office
3332 4403 69 33 High
3413 4406 80 27 Street

2971 4453 6 6 -
2989 4444 64 32 $sst
3065 4445 94 26 Oxford
3168 4452 4 7 '
3180 4445 169 35 Canterbury:

2952 4491 183 48 JJtet&m
3152 4496 145 35 pzopxix*
3317 4490 55 41 il,',
3384 4501 64 30 1837

3011 169 425 45 EUCALYPTUS
3481 149 27 32 J

3136 246 79 3 —
3215 240 12 14 *
3227 245 76 4 —
3303 245 3 3 .

3013 268 59 19 THE
3088 268 73 19 BEST
3175 267 88 20 HOME
3280 266 151 21 KEWEDIES

3065 306 36 14 are
3116 299 36 21 the
3162 299 134 26 preparation
3307 299 29 21 of
3340 299 35 19 the
3495 302 5 3 '

2950 335 170 23 TASMANIAN
3139 337 186 19 EUCALYPTUS
3340 336 47 20 OIL
3402 337 77 19 COMP

2978 375 136 25 Universally
3124 373 105 21 admitted
3238 373 36 21 the
3283 373 78 24 BEST,
3373 373 115 24 PUREST

2950 412 41 21 and
3002 413 56 18 most
3069 411 93 20 effective
3173 410 134 26 Eucalypti^
3324 410 113 25 ,Globulus
3451 409 37 22 Oil

2950 444 32 19 for
3003 442 170 25 INFLUENZA,
3194 442 92 26 Coughs,
3307 442 63 20 Colds
3396 442 42 20 and
3457 435 30 27 nil

2949 475 64 20 Chest
3030 475 43 20 and
3082 475 62 24 Lung
3161 474 113 20 affections
3288 473 76 26 speedy
3375 475 59 19 relief
3444 473 44 21 and

2949 503 55 28 <£ure
3022 507 33 19 for
3249 506 122 24 Neuralgia,
3387 506 100 26 Sprains-

2950 533 69 21 Burns
3040 534 34 19 &c.

2950 566 11 21 <j
2970 567 137 24 .Ejicalvptus
3126 566 104 20 Globu'.us
3249 566 92 20 Extract
3350 567 90 24 sprayed
3455 566 31 19 in-

2950 598 59 20 haled
3027 598 42 21 nnd
3084 599 65 20 taken
3158 598 117 25 internally
3293 598 33 19 for
3342 598 35 19 the
3396 598 88 25 'Jhroat,

2949 631 97 26 Catarrh,
3063 631 60 24 Hay,
3149 630 102 25 Typhoid
3269 630 43 20 and
3327 630 83 20 Scarlet
3420 631 73 19 Feve^

2951 662 126 21 MEASLES
3088 663 37 20 the
3131 664 54 19 most
3196 662 135 25 satisfactory
3342 664 144 24 preventative

2948 694 43 20 and
3005 694 60 21 Cure.
3094 695 55 20 Send
3164 694 50 21 Post
3230 694 55 21 Card
3296 696 21 19 to
3329 694 42 21 the.
3375 694 62 21 Office
3451 695 34 20 for
3503 709 4 3 •

2949 725 95 21 Circular
3057 726 120 25 describing
3196 727 121 19 treatment.
3346 726 140 26 Eucalyptus,

2949 758 110 22 Ointment
3070 760 35 20 the
3116 760 69 24 Magic
3194 760 80 20 Healer
3288 760 21 19 of
3324 760 69 22 Sores,
3407 761 72 19 Burns

2951 791 100 24 Wounds,
3068 792 59 20 Boils
3146 793 44 21 &c,
3214 792 135 24 Enoalyplns
3369 791 57 25 Soap
3443 792 41 20 Fra

2949 822 61 23 grant
3021 822 41 21 find
3073 822 124 25 refreshing.
3222 822 132 25 Eucalyptus
3365 814 143 33 Jujujjcs.or^

2950 853 99 20 Pastilles
3060 854 33 19 for
3103 854 35 20 the
3165 854 80 21 Throat
3255 853 43 21 and
3309 853 62 21 Voice
3389 861 26 12 an
3432 854 54 20 anti-

2949 884 66 25 septic
3025 885 42 20 and
3078 885 119 21 stimulant,
3315 892 21 17 v

2950 918 124 26 Veterinary
3091 920 35 19 Oil
3136 920 43 19 and
3190 920 111 19 Ointment
3310 920 33 19 for
3354 920 36 19 the
3400 920 86 20 stables.
3505 936 3 2 .

2976 953 30 18 Be
3015 958 49 14 sure
3074 959 42 18 you
3126 953 108 20 Purchase
3249 953 39 20 the
3298 953 105 24 Platypus
3420 953 68 20 brand
3496 971 6 3 .

2950 984 49 25 only
3010 985 22 19 of
3039 984 29 20 all
3078 985 113 24 Chemists,
3197 985 88 20 Grocers
3292 984 43 20 arid
3342 984 146 26 Storekeepers

2950 1014 42 20 and
3006 1016 23 19 at
3044 1014 35 21 the
3091 1015 63 21 Office
3164 1016 12 20 9
3186 1015 116 21 Cathedral
3310 1021 76 18 square
3396 1015 92 21 beLween

2952 1040 97 27 Morten's
3064 1047 112 26 Buildings
3185 1049 41 19 and
3238 1048 36 20 the
3284 1048 51 19 Post
3345 1046 70 22 Office.
3436 1057 3 3 •
3460 1044 10 16 '•

3116 1082 87 20 Oxford
3214 1082 78 26 Agent

3004 1117 26 21 R.
3041 1118 29 20 H.
3085 1118 121 26 PARISH;
3227 1119 78 20 EAST
3319 1116 120 23 OXFORD

3031 1157 141 26 Eucalyptus
3182 1151 137 35 Oii^i^T.'per
3328 1157 78 20 bottle.

3141 1332 164 22 SOLICITOR.

3001 1381 125 21 Cathedral
3136 1381 94 26 Square,
3246 1383 191 22 CmasTca.ußCH.

2951 1414 49 19 Nos.
3015 1414 14 19 5
3046 1414 43 19 and
3098 1415 33 23 10,
3150 1414 146 29 Fivstl-JFloov,
3310 1414 99 20 Morten's
3417 1416 67 19 Bnild
3484 1431 16 11 r

3089 1442 53 24 ings,
3166 1442 48 19 need
3224 1442 51 19 Post
3286 1442 68 25 Office.

2993 1516 187 55 Money
3209 1518 54 43 to
3301 1517 142 44 Lend

2952 1588 30 14 on
2992 1581 33 21 all
3032 1581 58 21 kind
3100 1581 24 21 of
3135 1581 113 28 Security,
3256 1583 26 21 at
3302 1582 56 21 Low
3373 1583 77 24 Rates
3455 1591 3 7 ;
3469 1583 24 22 of

2980 1626 107 21 Interest.
3117 1626 89 26 Special
3219 1628 79 19 Terms
3309 1626 34 21 for
3352 1627 110 21 Farmers.

2958 1771 24 50 q
3012 1767 479 54 fSfIAMIHBIffOMPAHY

2958 1802 105 46 VFilYl
3243 1802 58 47 iv

3153 1856 139 22 LIMITED.

2983 1915 272 26 CHRISTCHUECH
3275 1915 185 24 BREWERY.

3185 1975 63 20 THE

3102 2014 228 35 ALES

3085 2059 131 21 BREWED
3227 2059 40 20 BY
3281 2058 73 21 THIS

3042 2095 363 39 company

3138 2155 84 20 FROM
3234 2155 64 21 THE

2953 2198 537 51 ewncttTVtfi'vrgtiQtß.

3065 2260 45 21 Are
3120 2260 176 26 acknowledged
3305 2261 25 19 to
3339 2260 29 20 be

2950 2300 148 20 SUPERIOR
3107 2300 36 20 IN
3154 2300 137 22 QUALITY
3302 2300 38 20 TO
3344 2300 67 23 .ANY
3419 2301 18 19 P
3459 2301 31 20 0-

3018 2340 101 20 DUCED
3133 2340 36 20 IN
3183 2341 74 19 NEW
3271 2341 175 35 ZEALAND^
3474 2357 23 14 .u
3498 2357 10 4 _

2977 2377 110 27 Supplied
3091 2378 25 20 to
3120 2378 82 20 Hotels
3208 2378 47 20 and
3262 2374 94 24 Private
3362 2378 129 21 Custornerfc

2950 2406 23 18 m
2983 2404 143 27 Hogsheads,
3137 2406 100 24 Barrels,
3248 2406 142 22 Kilderkins,
3401 2406 44 20 and
3457 2407 33 18 10-

2950 2432 89 24 --gallons
3049 2432 63 25 Kegs
3122 2432 61 24 only.

2951 2482 118 42 FALE
3092 2482 91 42 ALE
3208 2484 95 40 AND
3333 2484 158 42 EXTRA

3145 2534 135 44 STOUT

3034 2587 93 22 Bottled
3150 2588 25 19 m
3184 2588 85 25 Quarts
3279 2588 48 21 and
3335 2588 71 21 Pints.

3058 2886 216 29 Established
3299 2884 81 30 1862

3004 2949 125 29 FLOUR,
3142 2950 56 25 best
3208 2949 82 26 brand
3300 2948 62 34 only
3373 2948 68 33 kept.

2958 3003 145 31 SHARPS,
3139 3003 213 30 OATMEAL,
3387 3002 108 27 BRAN

3049 3057 296 31 CHICKENWHEAT,
3363 3058 43 26 &o.

2963 3114 39 20 AT
3042 3114 134 21 LOWEST
3204 3113 146 22 CURRENT
3383 3112 98 20 RATES

2952 3598 252 45 JOSEPH
3247 3598 242 46 LOUGH.

3096 3675 248 27 UNDERTAKER.

3064 3719 111 31 EAST
3199 3719 189 32 OXFORD.

2984 3770 104 32 Having
3095 3770 53 33 just
3156 3770 127 33 imported
3289 3771 66 25 from
3362 3771 128 33 England,

2950 3820 56 18 new
3024 3813 122 31 Designs,
3181 3821 55 18 new
3265 3813 153 33 Trimmings
3441 3814 49 25 and

2951 3855 89 30 Robes,
3053 3856 23 25 is
3083 3855 120 31 prepared
3215 3857 26 24 to
3250 3857 108 25 conduct
3366 3857 124 25 Funerals

2951 3893 98 33 Adults,
3068 3897 27 23 at
3107 3895 48 25 £5.
3169 3895 50 26 and
3230 3896 126 32 upwards,
3378 3896 113 32 polished

2950 3938 82 30 coffin,
3056 3938 50 26 and
3136 3938 196 28 silvermounted
3355 3940 136 28 Furniture

2951 3983 78 25 From
3041 3983 47 25 £8.
3107 3983 132 32 according
3251 3985 26 24 to
3300 3984 117 32 Designs.
3451 3984 40 26 No

2951 4027 71 24 extra
3032 4027 90 32 charge
3133 4026 40 26 for
3185 4027 98 27 Hearse
3305 4036 30 17 or
3352 4036 66 24 open
3434 4027 57 27 Car-

2950 4069 77 33 riage.

2984 4112 32 26 N.
3046 4113 31 25 B.
3107 4113 94 27 Coffins
3224 4114 59 33 kept
3305 4115 28 25 m
3362 4115 74 35 stocky
3455 4115 37 25 for

2951 4159 93 31 urgent
3060 4166 79 18 cases.

2943 4194 21 30 v.
3060 4194 7 7 -
3111 4188 1 1 ■
3207 4231 2 1 _
3265 4189 127 42 >■'.-■'
3445 4191 8 29 •'

2475 168 52 44 F.
2561 168 48 46 B.
2632 169 189 56 LANE.

2491 247 90 40 (Late
2595 249 39 31 E.
2654 249 161 40 Butcher.)

2387 304 248 42 Watchmaker,
2665 309 184 37 Jewellek,
2866 309 37 31 &c

2386 356 122 31 Importer
2541 359 27 23 of
2608 358 106 26 Musical
2750 360 153 24 Instrument

2616 402 37 26 St.
2684 403 134 31 Eangiora.

2386 476 97 31 Special
2495 479 70 24 value
2588 479 27 24 m
2639 480 80 24 Extra
2742 481 86 30 strong
2841 480 62 25 GaseN

2386 518 84 33 highly
2478 520 109 26 fiiiislied
2601 522 109 31 Englisli
2717 516 91 31 'Lever
2818 522 85 26 Watcb

2386 570 31 16 es.
2464 564 191 26 Manufactured
2672 568 26 22 to
2722 573 53 24 nay--
2785 567 87 26 ,orclei*>
2886 566 17 25 fo

2386 603 51 25 best
2450 603 104 26 London
2566 605 114 25 'makers.
2715 606 157 30 Unequalled
2882 607 21 24 fo

2386 647 119 24 excellent
2520 648 177 32 Timekeeping
2712 649 50 24 and
2774 648 129 34 durability'

2416 690 28 24 F.
2463 690 31 25 B.
2507 691 101 28 LANE.
2613 692 142 31 -personally
2778 693 71 24 visits
2870 694 33 23 Ox

2386 732 50 25 ford
2456 734 125 31 monthly,
2606 735 115 32 carrying
2741 744 14 16 a
2778 735 68 33 large
2870 745 33 16 an<

2386 776 81 26 choice
2503 777 69 25 stock
2601 777 27 25 of
2660 778 127 29 Watches,
2816 779 87 26 Chains

2386 819 131 28 Brooches,
2527 819 87 31 Rings,
2627 820 85 29 Studs,
2731 821 127 25 Pendants
2872 824 31 23 etc

2386 862 139 31 Spectacles
2547 862 123 33 (Pebbles,
2688 864 169 26 Pantoscop&c
2869 874 34 15 an<

2386 905 105 33 Crystal)
2505 906 96 28 Clocks,
2621 907 107 32 (Marble
2749 908 50 23 and
2819 908 84 29 Wood,

2482 949 157 25 Accordeons
2651 950 50 24 and
2713 950 107 25 Violins.

2415 1011 82 25 Exact
2509 1012 57 24 dato
2580 1012 26 24 of
2616 1013 61 24 each
2689 1013 59 24 visit
2771 1013 22 24 is
2805 1014 98 24 notified

2531 1056 28 23 m

2386 1099 112 24 Repaibs.
2500 1114 31 2 —
2534 1099 44 28 All.
2586 1101 95 29 repairs
2698 1108 42 16 are
2757 1102 120 23 executed
2888 1101 15 32 b;

2386 1143 88 30 myself
2495 1151 28 16 or
2540 1143 79 24 under
2635 1152 43 23 my
2699 1144 204 32 superintended

2386 1193 24 16 so
2433 1186 56 24 that
2508 1189 103 28 patrons
2623 1196 45 15 can
2693 1189 52 30 rely
2768 1197 32 15 on
2823 1189 80 31 gettin

2386 1229 152 25 satisfaction
2548 1231 26 23 at
2587 1230 42 24 the
2641 1238 59 24 very
2710 1231 87 25 lowest
2806 1232 97 31 charges

2416 1272 105 31 Repairs
2533 1281 27 15 or
2569 1273 84 24 orders
2663 1282 58 22 may
2733 1274 29 23 be
2771 1275 45 23 left
2828 1277 26 21 at
2856 1289 32 3 —

2386 1320 23 23 J.
2427 1320 135 29 Weeber's,
2599 1321 64 24 East
2688 1322 100 24 Oxford,

2386 1365 23 22 at
2432 1363 40 25 W.
2497 1364 36 24 M.
2559 1364 36 27 C,
2621 1364 64 26 East
2710 1365 101 25 Oxford.

2386 1405 20 25 J.
2425 1405 100 31 Brown,
2538 1407 161 30 Bootmaker,
2726 1407 70 25 West
2821 1408 82 25 Oxforc

2386 1449 36 24 W.
2436 1450 24 24 J.
2475 1449 119 26 Crothers
2604 1451 19 23 &
2636 1451 45 24 Co.
2689 1469 6 6 .
2718 1451 69 24 Oust.

2416 1492 50 24 and
2482 1492 53 25 will
2541 1492 30 25 be
2583 1494 127 31 promptly
2722 1494 119 24 attended
2853 1496 35 23 to.

2386 1542 51 29 All
2449 1543 101 29 Work
2562 1544 78 29 clone
2652 1555 41 18 on
2707 1544 54 29 the
2773 1544 130 30 Premise

2507 1594 62 30 and
2585 1595 200 38 guaranteed.

2406 1756 118 42 HELP
2541 1757 83 41 FOR
2642 1758 86 41 THE
2750 1758 150 41 WEAK.

2386 1865 177 26 TTERVOUS
2584 1866 71 24 AND
2673 1865 230 25 DEBILITATE!

2386 1892 30 31 ±\
2441 1899 65 28 who,
2519 1898 110 32 through
2640 1899 60 32 folly
2719 1899 50 24 and
2780 1899 123 31 ignoranct

2386 1931 61 23 have
2459 1931 81 24 trifled
2552 1939 68 23 away
2632 1932 63 23 their
2705 1932 87 30 vigour
2811 1932 27 23 of
2847 1932 56 30 bodj

2386 1964 77 28 mind,
2475 1965 51 23 and
2536 1965 136 27 manhood,
2686 1965 100 29 causing
2803 1964 100 24 exhaust

2386 1995 42 33 ing
2444 1996 84 25 drains
2540 2005 67 23 upon
2618 1998 44 23 the
2684 1997 128 24 fountains
2833 1997 26 25 of
2869 1997 34 24 life

2386 2030 62 25 Loss
2456 2030 26 24 of
2491 2030 102 32 Energy
2602 2030 49 25 and
2661 2032 127 30 Strength,
2801 2030 102 33 Timidit;

2386 2063 163 25 Bashfulness
2583 2064 28 24 m
2647 2064 106 31 Society,
2777 2063 126 25 Headache

2386 2095 135 31 Backache,
2540 2096 179 29 Nervousness,
2743 2096 135 25 Weakness
2896 2105 7 16 c

2386 2128 121 33 Memory,
2518 2129 112 25 Restless
2640 2129 81 32 Sleep,
2731 2129 116 30 Dreams,
2856 2129 47 26 Los

2386 2162 75 25 Flesh
2474 2162 50 25 and
2536 2162 68 26 Vital
2623 2162 92 30 Powev,
2740 2162 137 33 Eruptions
2888 2171 15 17 oi

2386 2195 42 23 the
2437 2196 63 23 Face
2512 2196 50 23 and
2573 2196 79 31 Body,
2665 2197 76 23 Want
2764 2197 28 22 of
2801 2196 102 31 Develop

2386 2229 77 27 ment,
2483 2227 117 26 Varicose
2615 2228 84 28 Veins,
2722 2228 144 31 Incapacity
2883 2228 20 25 fo

2386 2259 110 26 business
2508 2269 28 16 or
2546 2261 121 30 pleasure,
2680 2261 105 31 Urinary
2794 2261 109 25 Diseases

2386 2293 49 24 and
2453 2293 34 24 all
2510 2293 44 25 the
2576 2293 85 26 effects
2683 2294 100 31 leading
2805 2298 25 21 to
2853 2295 50 31 eari;

2386 2326 82 31 decay,
2493 2326 106 31 perhaps
2621 2327 183 31 Consumption
2828 2335 27 17 or
2878 2327 25 24 In

2386 2359 90 31 sanity,
2489 2367 47 16 can
2561 2360 29 23 be
2602 2360 115 25 obtained
2728 2360 31 31 by
2780 2360 123 25 consultin

2386 2392 137 31 personally
2541 2400 27 17 or
2577 2392 31 31 by
2620 2394 64 30 post,
2721 2393 90 23 FREE
2823 2393 80 24 PROP

2386 2424 176 29 KOTMANN,
2593 2426 203 27 M.E..E.M.G.,
2849 2427 54 22 Cain

2386 2453 94 34 bridge'
2484 2458 110 28 Terrace,
2618 2458 111 30 opposite
2753 2458 116 24 Colombo
2883 2458 20 25 Si

2386 2489 100 32 Bridge,
2515 2489 190 26 Christchnrch,
2767 2490 54 24 The
2863 2491 40 24 onl

2386 2522 227 26 Electrobotanical
2641 2524 97 31 Expert
2771 2524 132 24 advertisin

2386 2555 54 25 who
2452 2556 51 25 will
2515 2558 136 30 guarantee
2668 2566 16 16 a
2701 2557 125 31 thorough
2855 2565 48 16 cure

2387 2589 57 25 Sole
2459 2591 136 30 proprieior
2623 2591 51 23 and
2689 2593 116 29 patentee
2833 2591 27 24 of
2877 2590 26 25 th

2386 2623 58 31 only
2466 2623 150 32 guaranteed
2639 2623 109 26 Electric
2771 2623 71 26 Belts
2873 2632 30 16 an

2386 2656 71 25 other
2468 2657 91 31 special
2582 2658 125 24 electrical
2730 2657 143 31 appliances
2895 2657 8 24 i:

2386 2689 41 23 the
2436 2690 116 23 colonies.
2587 2689 99 25 Ladies'
2699 2691 96 22 French
2807 2690 96 23 herbace

2386 2729 42 17 ous
2440 2722 59 30 pills
2519 2722 38 25 for
2585 2722 178 32 irregularities
2785 2722 65 25 from
2873 2731 30 16 an

2386 2762 80 23 cause,
2492 2757 42 23 10s
2557 2755 95 30 posted.
2687 2755 145 32 Pamphlets
2861 2755 42 25 free

2386 2788 170 25 Testimonial:
2558 2803 33 3 —
2592 2788 99 32 Napier,
2701 2788 98 32 August
2806 2788 45 26 7th
2857 2790 46 23 189

2386 2820 65 26 Prof.
2462 2821 133 26 Notmann.
2597 2836 34 4 —
2631 2822 67 25 Dear
2708 2821 47 30 Sir,
2759 2836 29 4 —
2792 2822 14 24 I
2814 2823 89 24 receive

2386 2862 58 24 your
2450 2854 75 25 letter
2533 2856 50 24 last
2594 2855 76 29 week,
2689 2855 50 25 and
2750 2855 14 24 I
2780 2863 42 16 am
2831 2854 72 26 thani

2386 2887 36 23 ful
2444 2891 26 21 to
2493 2888 54 24 find
2569 2896 49 23 you
2630 2896 42 17 are
2683 2889 104 23 anxious
2804 2890 27 24 to
2852 2888 51 24 knoi

2386 2919 42 24 the
2440 2920 107 25 benefits
2564 2921 14 23 I
2589 2921 64 25 have
2665 2921 99 24 derived
2783 2921 61 23 from
2862 2928 41 24 you

2386 2953 141 25 treatment.
2564 2953 49 30 Sir,
2641 2954 20 24 it
2689 2953 68 32 gives
2785 2961 40 17 me
2854 2961 49 24 grea

2386 2985 112 32 pleasure
2510 2988 27 24 to
2548 2987 93 25 inform
2651 2995 50 24 you
2709 2987 57 26 that
2775 2994 15 17 a
2801 2987 102 31 complet

2386 3018 49 25 and
2446 3020 94 31 perfect
2552 3028 57 17 cure
2620 3020 47 26 has
2686 3020 63 25 been
2771 3020 104 25 effected,
2897 3028 6 16 c

2386 3051 42 25 the
2440 3053 118 25 maladies
2569 3053 14 24 I
2601 3053 160 31 complained
2780 3053 25 25 of
2816 3055 26 23 to
2865 3061 38 23 yot

2386 3084 13 25 I
2410 3093 41 17 am
2464 3086 116 33 enjoying
2590 3086 63 31 good
2670 3086 94 29 health,
2776 3086 49 24 and
2837 3094 42 17 am
2887 3094 16 17 re

2386 3119 82 24 stored
2488 3121 26 23 to
2534 3120 86 31 manly
2642 3120 96 32 vigour.
2773 3119 59 25 P.S.
2834 3133 33 5 —
2867 3119 36 24 An

2386 3151 101 26 sufferer
2496 3152 111 26 desirous
2614 3152 28 24 of
2646 3152 211 31 communicating
2862 3152 41 24 wit

2386 3190 39 18 me
2433 3191 50 25 you
2494 3192 43 17 are
2548 3186 27 23 at
2591 3183 90 34 liberty
2703 3187 27 22 to
2750 3185 56 31 give
2826 3192 42 24 my
2881 3184 22 25 ad

2386 3217 75 31 dress,
2473 3217 38 26 for
2521 3218 14 24 I
2552 3217 48 26 like
2611 3225 61 24 your
2688 3218 119 31 practical
2820 3218 83 25 metho

2386 3249 24 26 of
2421 3251 145 25 treatment.
2568 3266 31 4 —
2601 3251 30 25 T.
2646 3251 28 26 C.
2689 3252 116 25 SiwcpsoN.

2386 3404 43 47 S.
2441 3406 57 45 B.
2513 3406 246 56 Seymour
2767 3405 44 44 &
2822 3403 81 46 Soi

2584 3488 139 28 DENTIST,

2423 3531 42 23 215
2480 3530 106 22 Colombo
2601 3530 82 25 Street,
2707 3527 169 24 Christchurch.

2450 3573 47 21 and
2512 3572 100 21 Burnett
2625 3572 76 21 Street
2715 3571 140 21 Ashburton.

2554 3642 180 21 CHARGES:—

2451 3683 94 27 Filling,
2560 3683 25 21 ss
2592 3691 8 17 ;
2634 3683 135 21 Extraction
2778 3683 25 20 2s
2817 3681 37 23 6d.

2408 3758 99 22 Nitrous
2517 3759 61 21 Oxid
2587 3759 47 21 Gas
2645 3758 171 22 Administered
2820 3759 38 21 for
2863 3757 40 22 Pai

2386 3799 42 21 less
2437 3799 135 22 Extraction
2581 3799 25 21 of
2614 3800 82 24 Teeth.
2730 3801 46 21 Fee
2784 3800 37 20 for
2830 3799 73 21 Admii

2386 3837 101 20 stration
2498 3838 33 19 ss.

2386 3949 48 45 J.
2456 3949 49 46 T.
2522 3951 247 45 Bb,own&
2791 3954 102 42 Son

2397 4043 139 26 TIMBER
2549 4045 21 23 &
2583 4044 92 26 COAL
2691 4045 191 25 LERCHANT

2547 4109 202 28 IMPORTERS

2386 4190 29 30 of
2425 4190 166 30 TIMBER
2612 4192 63 29 and
2700 4192 41 29 all
2769 4191 96 31 kinds
2890 4201 13 21 o

2400 4272 223 34 BUILDING
2642 4274 260 35 MATERIALS.

2588 4342 119 33 Corner

2404 4415 97 34 Tuam
2515 4417 70 36 and:
2594 4416 150 34 Colombo
2770 4417 131 35 Streets.

2465 4479 399 56 christchurch;,^
2870 4481 5 14 5

1281 183 116 89 ft.
1494 185 135 87 H.
1697 180 516 92 PAEISH

1474 333 198 61 EAST
1720 318 325 76 OXFORD

1221 473 6 8 ,
1248 471 12 3 -
1285 471 3 3 •
1312 460 4 2 '
1336 477 2 1 .
1531 464 114 11 ..WMirw
1655 466 245 12 tit>'i(ir--iii'-t|ii-<iii'->utM|ir
1909 468 24 9 vi'
1942 468 29 9 >«>•
1982 467 18 9 m
2032 471 2 2 ■
2086 463 4 2 '
2148 460 10 11 *-
2192 457 3 5 '

1371 680 338 45 ENOEMOUS
1771 682 390 46 BEDUCTIONS

1465 1092 329 85 worth
1885 1085 164 94 30s
2059 1158 18 19 o

1193 1412 806 87 Trousers&Vest
2036 1415 162 84 10s
2227 1414 114 85 6d

1191 1562 223 33 Christchurcli
1436 1564 125 31 Houses
1591 1565 154 31 advertise
1768 1577 19 19 a
1809 1565 101 40 single
1941 1571 143 36 garment
2113 1570 33 27 at
2182 1567 159 30 wholesale

1237 1615 76 31 Cost
1366 1616 56 30 sell
1438 1626 18 19 a
1471 1617 102 39 single
1603 1621 146 36 garment
1765 1622 32 25 at
1812 1617 100 32 LESS
1929 1619 73 29 than
2019 1618 175 31 Wholesale
2210 1618 78 31 Cost

1194 1698 536 88 American
1876 1699 465 85 Leathers

1192 1857 123 81 Is.
1373 1882 182 84 per
1597 1854 162 113 yd.
1805 1853 313 88 worth
2158 1857 102 84 Is
2288 1854 53 89 7

1190 2005 224 33 Christchurch
1428 2007 112 32 houses
1556 2008 155 32 advertise
1731 2019 19 19 a
1772 2009 101 40 single
1888 2012 143 37 garment
2047 2012 33 28 at
2094 2009 162 30 wholesale
2271 2009 70 40 price

1331 2059 16 30 I
1359 2060 57 30 sell
1430 2070 20 19 a
1465 2061 106 39 Single
1587 2061 77 40 yard
1679 2064 34 26 at
1727 2060 103 30 LESS
1847 2061 76 30 than
1937 2061 176 31 Wholesale
2129 2061 85 31 Cost.

1194 2197 233 85 This
1466 2197 272 87 beats
1776 2200 171 85 the
1992 2198 349 88 travel-

1420 2332 223 109 ling
1693 2334 446 111 Drapers.

1197 2492 9 11 ,
1217 2494 20 8 ,„„
1635 2482 323 16 l\\\\\\\\\\\\\\\\\\\V

1191 2524 81 44 rpHE
1290 2525 116 32 question
1416 2525 23 25 is
1450 2525 100 25 natural
1550 2541 35 4 —
1610 2525 67 33 Why
1689 2527 61 24 send
1764 2529 27 23 to
1803 2527 179 26 Christcburch
2002 2530 39 25 for
2058 2539 63 24 your
2138 2532 110 32 Drapery
2257 2533 12 23 ?
2304 2532 37 23 Thi

1197 2553 20 29 1
1255 2558 103 33 drapery
1370 2558 53 25 sold
1432 2558 26 25 m
1467 2559 57 25 that
1536 2559 51 33 city
1598 2567 73 25 every
1683 2569 47 16 one
1741 2560 95 31 knows,
1849 2561 22 26 is
1883 2564 45 23 not
1939 2564 72 24 made
2024 2564 76 30 there,
2120 2565 46 25 but
2177 2565 130 32 imported.
2340 2565 2 24 '.

1192 2593 84 30 mport
1287 2592 67 25 from
1364 2592 45 25 the
1421 2592 53 24 best
1486 2593 110 31 English
1607 2593 51 25 and
1676 2593 89 26 Scotch
1777 2594 102 26 houses.
1926 2596 72 25 lam
2010 2598 106 25 enabled
2127 2600 26 24 to
2165 2600 124 30 purchase
2307 2599 34 24 lov

1191 2625 51 24 and
1251 2625 47 25 sell
1309 2627 26 24 at
1345 2633 14 17 a
1370 2626 54 24 rate
1436 2625 26 24 of
1472 2626 74 31 profit
1559 2626 54 32 (my
1624 2634 120 23 expenses
1756 2626 73 33 being
1841 2628 82 33 small)
1936 2630 56 25 that
2004 2632 83 24 would
2098 2632 31 26 be
2147 2632 146 26 considered
2313 2632 28 25 ab

1192 2658 59 25 surd
1262 2658 32 32 by
1310 2666 48 25 any
1379 2658 180 26 Christchurch
1582 2659 202 26 establishment.
1837 2661 44 32 My
1902 2662 78 25 Stock
1999 2663 21 25 is
2039 2664 44 25 the
2103 2665 95 33 largest
2215 2666 51 25 and
2288 2673 53 18 mos

1190 2692 86 23 varied
1295 2692 57 24 that
1362 2692 46 23 has
1419 2699 57 16 ever
1486 2694 64 21 been
1561 2692 88 23 shown
1659 2692 29 24 m
1698 2693 44 24 the
1754 2694 104 29 district,
1872 2696 49 22 and
1933 2696 38 23 for
1982 2697 93 32 quality
2095 2699 49 24 and
2164 2698 72 25 value
2253 2701 60 29 puts
2329 2700 12 23 h

1190 2725 32 23 he
1233 2724 79 24 shade
1328 2725 77 31 goods
1416 2725 93 24 offered
1520 2725 33 31 by
1564 2725 105 31 visiting
1681 2726 116 24 hawkers
1811 2727 61 24 from
1884 2728 45 24 the
1947 2729 184 27 Christchurch
2142 2739 46 25 rag
2200 2733 88 24 marts.

1223 2777 94 26 Dress
1329 2778 166 33 Materials,
1508 2778 88 26 Plain
1608 2779 60 25 and
1678 2779 105 32 Fancy
1794 2780 80 24 from

1223 2834 28 26 A
1268 2833 110 32 Strong
1394 2835 89 26 Stout
1498 2835 134 26 Durable
1650 2834 128 33 Kaiapoi
1794 2835 115 26 Tweed
1924 2837 53 33 2/6
1989 2844 55 25 per
2055 2840 77 30 yard

1824 2879 109 27 Makes
1945 2882 157 26 first-class
2119 2884 92 31 Boys'
2229 2885 92 27 Suits.

1224 2930 58 26 Art
1298 2930 140 33 Muslins,
1458 2929 157 35 Cretones,
1634 2930 80 28 Lace
1732 2931 139 28 Curtains
1890 2932 54 27 &c.

1224 2996 26 30 A
1268 2995 110 26 Choice
1396 2993 168 27 Collection
1582 2995 35 25 of
1630 2994 122 33 Gloves,
1780 2996 77 31 Ties,
1887 2997 131 33 Aprons,
2048 2999 167 29 Insertions
2233 3003 54 25 &c.

1430 3068 448 16 »♦♦♦♦♦♦♦♦♦♦♦♦♦♦♦♦♦♦♦♦♦♦♦♦♦♦♦♦♦««
1884 3071 127 15 ♦>♦>>»»♦»

1225 3120 103 27 Prints
1339 3121 80 25 from
1430 3120 54 25 4d.
1496 3126 55 26 per
1562 3121 86 31 yard.
1660 3120 141 32 Muslins,
1814 3120 140 32 Selesias,
1968 3120 127 32 Calicos,
2110 3121 55 26 &c.

1812 3163 88 26 With
1916 3164 89 24 other
2022 3163 196 27 Manchester
2234 3166 87 32 lines.

1224 3215 89 32 Hats,
1331 3214 104 32 Fancy
1451 3215 61 25 and
1528 3214 108 32 Sailor,
1654 3215 32 25 m
1702 3214 106 27 White
1825 3216 61 24 and
1904 3214 116 27 Colors.

1771 3259 127 25 Newest
1914 3259 125 32 Shapes.
2073 3259 98 31 Large
2187 3261 133 35 Variety,

1188 3310 184 31 ■■Ktwers,
1390 3309 155 31 Feathers,
1564 3308 150 32 Ribbons,
1732 3309 107 32 Laces,
1857 3310 76 31 Jets,
1952 3309 56 25 &c.

1696 3349 88 25 With
1801 3351 42 23 all
1858 3350 187 24 necessaries
2062 3350 48 24 for
2126 3350 193 33 Trimmings,

1342 3397 141 31 Frillings
1501 3398 77 32 3yds
1590 3398 47 25 for
1648 3397 36 33 1/-
1702 3398 104 26 worth
1816 3397 51 32 9d,
1885 3403 55 26 per
1951 3397 85 32 yard,

1759 3441 185 33 Umbrellas,
1963 3442 153 33 Parasols,
2135 3444 184 35 Sunshades,

1188 3470 79 67 ■
1509 3493 245 45 DOUBLE
1815 3494 216 44 WIDTH

1188 3654 358 87 ■Dress
1621 3656 399 88 Tweeds
2130 3660 102 88 Is

1188 3763 79 113 I
1491 3791 332 86 worth
1894 3794 136 85 2s.

1188 3915 543 100 ■Costume
1795 3915 288 91 Cloth
2163 3924 126 85 Is.

1424 4041 319 89 worth
1785 4045 103 84 Is
1951 4044 161 89 6d.

1188 4299 133 40 English
1336 4299 129 41 Witney
1473 4297 151 32 Blankets
1639 4300 34 27 to
1690 4298 36 30 be
1740 4296 69 32 sold
1822 4303 34 25 at
1867 4299 59 30 less
1934 4299 77 29 than
2026 4298 182 34 Melbourne
2222 4302 119 33 Whole-

1188 4351 63 31 sale
1272 4352 88 40 price
1362 4368 41 5 —
1403 4350 123 33 Double
1542 4350 69 32 Bed
1628 4349 70 32 Size
1721 4350 65 30 12s.
1811 4349 50 31 6d.
1914 4350 99 31 worth
2033 4352 66 31 16s.
2138 4353 51 30 6d.
2210 4363 58 32 per
2281 4356 60 41 paii

1355 4393 133 41 cheaper
1501 4393 79 31 than
1594 4390 227 33 Christchurch
1835 4391 113 33 houses
1964 4392 63 31 will
2043 4394 57 31 sell
2115 4394 96 33 them.

1231 4482 73 32 Tt.
1356 4483 78 31 M.
1484 4481 298 35 PARISH
1860 4484 157 33 JBcust
2050 4484 268 40 Oxford,

645 3318 536 110 wa^Hhhlhbh

622 3715 65 24 haa
687 3690 494 65 HI^BH^BHI^^B

623 3781 50 24 ted.
690 3772 491 48 jHHH^H^^H|H^^H^9|

622 4124 336 224 B^y%|JiPTICE
971 4125 55 26 that
1038 4125 44 26 the
1094 4126 67 25 Race

772 4150 148 43 $jtea|ss|l-be
931 4159 86 25 lucked
1034 4159 65 25 from
1111 4160 51 24 this

772 4185 87 46 übp^'
876 4190 60 26 time
955 4191 42 24 the
1015 4198 58 24 crop
1094 4191 21 25 is
1134 4192 27 24 m

772 4216 91 37 l^and
874 4222 21 25 if
912 4231 47 24 any
972 4231 47 17 one
1030 4223 22 25 is
1070 4224 91 32 caught

795 4263 28 18 or
834 4255 118 32 breaking
964 4263 49 24 any
1035 4256 73 32 thing
1118 4257 42 25 be-

773 4288 43 27 the
826 4288 148 30 LBASEE,
993 4289 59 32 they
1063 4290 49 26 will
1132 4290 29 25 be

772 4322 134 32 according
917 4324 26 23 to
955 4322 86 26 LAW.

755 4387 113 28 JAMES
887 4387 147 26 WRIGHT

887 4447 105 28 Farmer

855 4501 77 25 West
951 4501 103 25 Oxford.

644 2226 28 30 A
693 2226 172 34 RECENT
891 2227 250 31 DISCOVERY.

625 2311 40 77 A
692 2313 81 26 most
801 2310 180 37 efficacious,
1020 2311 142 39 pleasing

686 2352 60 28 ai?d
762 2351 157 39 palatable

709 2408 138 40 COUGH
869 2408 208 40 MIXTURE

661 2470 461 56 MASOOTTE

741 2551 21 24 A
783 2550 93 25 certain
894 2551 100 32 remedy
1011 2550 37 25 for

626 2589 107 31 SORE
757 2589 204 37 THROATS,

687 2639 236 31 WHOOPING
944 2639 157 37 COUGH,

894 2685 268 31 BRONCHITIS

623 2760 74 30 And
712 2761 41 29 all
768 2759 162 31 affections
943 2760 35 29 of
989 2760 52 30 the
1055 2761 108 29 throat

624 2801 62 31 and
700 2801 102 40 lungs.

748 2874 71 25 Price
837 2876 35 22 Is.
891 2883 43 22 per
950 2874 87 26 bottle.

788 2955 97 17 OXFORD
902 2956 90 15 AGENT.

689 2988 59 46 R.
769 2988 66 44 H.
849 2985 241 49 PARISH

624 3067 142 35 Wholesale
783 3070 96 32 Agents
899 3070 174 26 McINTYRE
1087 3072 18 24 k
1118 3071 44 25 Co.

703 3128 5 31 |
752 3127 15 23 9
785 3123 135 26 Cathedral
933 3124 102 32 Square.
