4240 5840
1874 4927 148 59 Mount
2052 4927 178 59 Benger
2260 4927 148 59 Mail.

1967 5043 93 20 JUST
2083 5043 70 20 AND
2176 5043 93 20 FEAR

1924 5107 118 24 FRIDAY,
2057 5106 159 21 NOVEMBER
2229 5105 32 26 20,
2279 5105 54 21 1896.

1864 5188 40 28 As
1939 5184 117 30 election
2090 5182 54 39 day
2169 5181 177 39 approaches,
2371 5179 46 29 the

1864 5226 127 39 question
2005 5224 31 28 of
2055 5223 61 28 who
2139 5223 22 27 is
2183 5227 28 23 to
2234 5221 34 27 be
2290 5221 49 26 the
2387 5219 30 27 fit

1862 5266 55 30 and
1940 5273 101 31 proper
2053 5272 101 29 person
2202 5265 29 24 to
2250 5259 106 28 receive
2370 5258 47 27 the

1860 5309 134 34 storages
2008 5304 29 29 of
2050 5303 47 28 the
2107 5302 114 29 electors
2232 5299 30 29 of
2274 5297 140 39 Tuapeka,

1860 5345 56 29 and
1933 5349 28 24 to
1972 5345 142 36 represent
2124 5341 75 28 them
2209 5339 29 28 in
2248 5337 167 28 Parliament

1862 5386 44 28 for
1944 5384 48 29 the
2018 5385 67 26 next
2109 5380 78 29 three
2210 5386 88 32 years,
2323 5385 92 28 grows

1862 5425 74 38 daily
1957 5433 75 19 more
2053 5424 181 26 momentous.
2273 5419 27 25 A
2321 5415 94 28 choice

1862 5466 22 28 is
1897 5463 102 30 offered
2013 5463 27 28 in
2053 5461 47 28 the
2113 5468 113 30 persons
2236 5456 30 28 of
2279 5454 46 29 the
2339 5453 74 29 Hon.

1869 5505 42 29 VV.
1922 5505 27 27 J.
1962 5503 39 29 M.
2013 5500 127 31 Larnach
2153 5499 57 35 (the
2220 5494 98 37 sitting
2328 5502 64 18 mem-

1864 5546 57 37 ber)
1944 5543 54 29 and
2012 5542 46 29 Mr
2071 5539 31 32 C.
2118 5538 31 31 C.
2163 5536 129 33 Rawlius,
2305 5532 67 29 each
2386 5531 29 29 of

1864 5586 89 27 whom
1974 5584 96 27 affects
2092 5581 47 28 the
2167 5576 125 40 opinions
2314 5572 30 29 of
2365 5581 32 28 op-

1861 5625 88 38 posite
1963 5623 72 28 sides
2053 5620 30 29 of
2095 5619 47 28 the
2156 5618 102 31 House,
2271 5611 108 37 though
2391 5611 24 44 jt

1861 5667 74 26 must
1958 5664 34 31 be
2009 5661 58 28 said
2081 5659 47 28 the
2141 5656 146 29 difference
2295 5652 33 31 in
2341 5650 72 29 their

1859 5703 153 40 respective
2044 5698 145 42 platforms
2213 5695 24 32 is
2262 5701 75 21 more
2361 5699 33 31 ap-

2436 185 99 37 parent
2554 181 69 30 than
2645 178 66 30 real.
2752 177 54 29 For
2829 176 46 28 the
2890 175 90 29 benefi

2438 223 28 30 of
2476 226 94 27 voters
2580 221 61 28 who
2651 220 72 28 have
2732 221 48 25 not
2793 216 55 29 had
2862 227 16 17 a
2892 215 102 29 chance

2438 263 29 29 of
2486 260 171 39 identifying
2682 259 48 28 the
2752 256 136 39 opiuions,
2915 265 31 19 or
2965 254 30 29 of

2438 303 86 37 being
2556 310 90 19 aware
2678 298 30 29 of
2740 298 48 27 the
2820 296 95 28 claims
2940 294 56 28 and

2440 340 201 41 qualifications
2664 338 29 29 of
2710 337 48 29 the
2772 335 170 34 candidates,
2956 343 40 18 we

2439 381 57 29 will
2523 383 74 26 state
2631 378 76 29 them
2736 376 98 35 briefly
2864 374 55 28 and
2942 373 55 28 will

2435 422 83 29 leave
2526 420 51 29 the
2590 418 74 29 issue
2685 420 29 26 to
2737 416 47 28 the
2797 414 126 34 electors,
2936 412 62 29 who

2441 461 56 28 will
2510 458 143 30 doubtless
2670 456 91 38 judge
2773 454 74 28 their
2860 453 95 28 merits
2968 462 31 17 or

2443 499 130 32 demerits
2587 497 71 31 from
2672 496 48 30 the
2736 491 153 33 individual
2903 489 80 32 stand-

2439 543 82 37 point
2533 538 178 38 irrespective
2732 536 29 29 of
2782 534 133 30 dictation
2924 532 74 29 from

2443 589 78 31 press
2529 588 32 19 or
2570 576 142 41 platform.
2752 574 40 28 To
2805 574 46 27 Mr
2865 570 135 34 Larnach,

2444 631 29 20 as
2498 619 49 30 the
2571 619 115 38 present
2710 611 227 44 representative,
2959 620 42 19 we

2444 661 65 40 give
2521 659 80 39 pride
2614 658 34 30 of
2653 656 94 40 place;
2756 655 55 29 and
2825 656 74 27 must
2912 656 29 25 at
2954 651 47 29 the

2444 703 93 28 outset
2549 707 144 21 announce
2709 696 57 28 him
2789 706 30 18 as
2839 705 16 17 a
2878 693 106 28 Govern-

2444 743 78 28 ment
2540 737 157 36 candidate,
2710 735 108 40 though
2831 735 26 28 in
2873 743 35 18 no
2923 739 79 22 sense

2444 793 16 18 a
2481 780 127 41 partizan
2624 778 124 31 follower
2770 776 29 30 of
2821 775 48 30 the
2890 772 111 30 SefMon

2444 822 132 38 Ministry
2585 832 7 25 ;
2605 819 29 30 in
2655 818 68 36 fact,
2737 818 35 28 he
2784 826 63 28 may
2869 815 34 27 be
2924 811 77 40 aptly

2444 861 132 32 decribed
2596 870 30 19 as
2639 870 17 19 a
2669 851 331 38 Conservative-Liberal.

2446 902 106 31 He-has
2565 900 48 31 the
2627 899 122 41 prestige
2763 897 29 30 of
2805 896 86 37 being
2905 903 35 20 an
2954 900 32 21 ex-

2446 941 146 41 perienced
2606 934 4 48 .
2618 937 241 43 parliamentarian
2885 934 55 28 and
2967 943 35 18 an

2445 982 179 31 ex-Minister
2637 980 29 29 of
2683 978 101 35 Mines,
2797 977 54 28 and
2865 972 137 41 impartial

2441 1022 97 29 •critics
2558 1021 65 38 give
2642 1018 70 30 him-
2723 1018 87 29 credit
2832 1017 44 27 for
2899 1014 105 35 having

2446 1061 86 28 filled'
2539 1061 64 28 that
2627 1056 132 40 portfolio
2782 1056 66 28 with
2872 1052 131 38 masterly

2445 1100 107 37 ability,
2585 1097 44 29 his
2663 1096 87 29 broad
2781 1094 168 36 knowledge
2976 1091 29 29 of

2445 1139 114 39 raining'
2566 1140 117 27 matters
2695 1136 87 39 being
2797 1144 48 20 un<
2852 1127 110 46 quaked
2975 1131 28 30 in

2445 1180 48 29 the
2511 1181 116 36 present
2648 1176 106 30 House.
2795 1176 53 28 His
2871 1183 114 20 commer-

2445 1220 52 28 cial
2509 1218 57 29 and
2578 1216 114 39 general
2704 1216 126 38 capacity
2840 1215 50 27 has
2901 1213 102 37 always

2444 1260 72 30 been
2538 1258 206 38 -conspicuous,
2782 1265 30 19 as
2850 1254 50 28 has
2933 1252 70 28 been

2434 1293 2 47 ■
2444 1298 107 42 proved
2552 1310 5 11 l
2562 1296 113 40 freyond
2690 1296 125 40 question
2831 1293 173 39 throughout

2446 1341 44 29 his
2526 1336 123 40 political
2672 1345 116 25 'career,
2826 1333 56 30 and
2930 1342 75 19 more

2446 1376 124 39 recently
2602 1376 29 28 in
2665 1375 164 27 connection
2864 1371 68 29 with
2956 1370 48 29 the

2446 1418 127 38 banking
2587 1414 167 41 legislation,
2766 1413 55 30 and
2835 1413 35 30 he
2881 1411 23 32 is
2916 1420 70 21 more-

2446 1470 75 25 over,
2543 1468 16 18 a
2579 1455 95 31 sound*
2681 1454 99 39 logical
2795 1455 113 28 thinker
2921 1451 53 29 and
2989 1462 16 17 a

2434 1501 84 29 ♦■keen
2531 1497 125 29 debater,
2755 1494 126 29 Larnach
2894 1493 50 28 has
2955 1494 50 25 not

2446 1550 30 19 as
2490 1541 48 28 vet
2551 1534 149 32 addressed
2714 1533 43 29 his
2778 1534 185 28 constituents
2974 1529 29 28 in

2448 1580 77 30 these
2556 1578 87 38 parts,
2678 1575 52 29 but
2763 1584 42 19 we
2837 1584 62 28 may
2930 1581 57 19 sum-

2446 1619 99 30 marise
2565 1615 43 29 his
2631 1614 97 30 efforts
2751 1617 28 26 at
2801 1614 75 28 what
2893 1622 62 27 may
2970 1612 35 27 be

2446 1656 107 32 termed
2575 1655 71 29 local
2667 1653 218 39 representation
2903 1651 103 38 during

2446 1698 43 29 his
2514 1700 72 26 term
2610 1693 32 31 of
2665 1695 87 29 office.
2791 1693 29 29 It
2857 1693 24 29 is
2912 1691 93 39 owing

2446 1737 111 40 greatly
2579 1738 30 27 to
2629 1735 43 29 his
2686 1732 186 38 influence,-in
2893 1735 113 27 concert

2447 1777 69 29 with
2536 1776 49 29 the
2606 1774 133 39 IJuapeka
2754 1773 111 37 County
2879 1770 126 37 Council,

2446 1817 63 28 that
2520 1815 48 29 the
2580 1815 122 28 erection
2726 1813 30 29 of
2772 1824 17 16 a
2800 1813 101 37 bridge
2913 1822 93 17 across

2447 1856 48 30 the
2508 1854 188 31 Clutha;Tiver
2718 1856 29 26 at
2770 1851 108 30 Millers
2899 1849 63 30 Flat
2982 1850 24 29 is

2446 1906 68 20 soon
2535 1898 30 27 to
2587 1895 35 29 be
2645 1905 36 18 an
2701 1891 205 40 accomplished
2938 1891 58 28 fact

2448 1937 45 29 He
2514 1936 59 29 also
2589 1934 116 30 worked
2715 1933 72 29 with
2800 1931 206 30 characteristic

2446 1987 105 29 energy
2564 1979 29 26 to
2606 1978 50 37 get
2668 1986 17 17 a
2704 1977 64 26 vote
2791 1972 44 29 for
2857 1971 48 30 the
2926 1970 59 29 Law-

2445 2015 253 38 rence-Roxburgh
2725 2013 113 37 railway
2859 2011 144 28 extension

2450 2056 120 40 (though
2581 2056 64 29 tfeat
2656 2064 65 29 may
2733 2053 37 30 be
2783 2051 163 31 considered
2967 2051 38 39 by

2447 2107 83 29 many
2548 2107 20 18 »
2589 2094 195 41 questionable
2809 2092 114 37 benefit)
2949 2092 54 28 and

2446 2141 30 27 to
2510 2136 172 39 accomplish
2732 2135 50 29 the
2833 2143 101 27 survey
2975 2132 30 30 of

2446 2178 49 28 the
2519 2174 272 38 Heriot-Roxburgh
2820 2173 65 35 line,
2914 2172 89 28 which

2446 2217 51 29 has
2516 2216 60 41 just
2599 2217 71 29 been
2692 2212 166 41 completed.
2899 2212 42 39 By
2961 2212 42 29 his

2446 2259 94 29 efforts
2574 2259 48 28 the
2654 2256 68 29 local
2754 2259 102 34 county
2879 2252 125 31 councils

2447 2299 69 29 have
2524 2299 72 28 been
2605 2296 106 39 largely
2718 2294 156 31 subsidised
2884 2293 119 30 towards

2447 2339 48 29 the
2519 2337 204 30 maintainance
2738 2336 32 29 of
2804 2334 73 29 main
2912 2333 91 37 roads,

2446 2379 86 29 about
2544 2378 49 29 the
2606 2377 139 37 necessity
2758 2376 44 29 for
2821 2374 91 29 which
2926 2373 77 30 there

2447 2429 51 19 can
2516 2419 36 28 be
2573 2429 38 19 no
2634 2416 137 39 question,
2794 2414 56 30 and
2869 2414 30 29 in
2924 2413 80 30 other

2448 2459 89 27 minor
2568 2460 116 26 matters
2712 2456 35 28 he
2779 2456 50 27 has
2862 2454 70 38 kept
2955 2453 48 29 the

2448 2499 95 29 claims
2556 2498 29 30 of
2598 2498 47 29 the
2658 2496 148 29 electorate
2824 2495 62 29 well
2907 2493 97 31 before

2448 2539 177 29 Parliament.
2665 2536 46 30 On
2723 2537 49 29 the
2792 2535 98 36 whole,
2911 2535 76 30 there-

2448 2579 70 35 fore,
2530 2580 24 27 it
2572 2579 24 27 is
2617 2580 50 26 not
2686 2577 143 36 assuming
2853 2579 47 25 too
2920 2575 84 28 much

2448 2621 30 26 to
2511 2628 49 27 say
2580 2617 72 34 that,
2678 2626 31 19 as
2742 2626 51 19 our
2831 2616 157 36 representa-

2449 2658 66 36 tive,
2543 2657 46 29 Mr
2616 2655 128 30 Larnach
2766 2655 49 28 has
2839 2655 73 28 been
2934 2653 71 30 both

2450 2697 141 41 energetic
2599 2696 54 31 and
2663 2695 161 32 successful.
2864 2694 46 30 Mr
2922 2693 61 30 Raw-

2450 2740 52 28 lins
2523 2739 113 28 favours
2658 2738 48 29 the
2732 2735 165 41 Opposition
2922 2738 83 35 party

2449 2780 30 28 in
2509 2779 38 28 all
2571 2777 73 30 their
2676 2777 93 36 views,
2785 2777 52 28 but
2857 2775 67 29 does
2954 2778 51 25 not

2448 2829 80 20 avow
2560 2817 86 39 fealty
2680 2820 30 27 to
2729 2827 55 28 any
2809 2815 103 30 leader.
2951 2814 53 30 His

2450 2859 121 39 political
2582 2857 162 39 experience
2761 2857 23 28 is
2797 2866 68 28 very
2886 2854 117 35 limited,

2453 2900 52 29 but
2537 2899 62 28 that
2632 2898 36 29 he
2688 2897 50 30 has
2756 2907 16 18 a
2792 2899 80 35 great
2895 2895 61 28 deal
2975 2894 29 29 of

2452 2939 85 38 pluck
2546 2938 56 29 and
2609 2946 197 29 perseverance
2815 2936 23 27 is
2850 2934 153 29 evidenced

2451 2979 39 36 by
2504 2977 47 28 the
2563 2977 57 28 fact
2632 2977 28 28 of
2671 2977 43 27 his
2726 2975 190 33 candidature,
2926 2984 31 17 as
2975 2977 29 24 at

2451 3017 54 30 last
2518 3016 113 40 general
2650 3015 127 34 election,
2797 3014 34 29 he
2845 3022 144 20 unsuccess-

2453 3057 71 38 fully
2552 3055 146 30 contested
2730 3055 48 29 the
2803 3057 60 25 seat
2895 3054 111 38 against

2453 3097 47 29 the
2513 3096 56 29 late
2582 3095 47 29 Mr
2650 3095 88 37 Pyke,
2759 3094 68 28 with
2851 3096 55 26 two
2928 3093 79 28 other

2453 3135 161 32 candidates
2627 3135 28 29 in
2669 3135 47 29 the
2730 3134 73 29 field.
2843 3134 40 28 As
2901 3143 34 18 an
2956 3142 34 19 un-

2452 3176 72 30 tried
2538 3186 64 19 man
2612 3175 23 29 it
2647 3175 23 28 is
2681 3174 150 30 somewhat
2844 3172 117 30 difficult
2977 3176 30 25 to

2452 3226 93 31 guage
2557 3215 48 30 the
2618 3218 98 27 extent
2729 3214 29 30 of
2770 3214 43 28 his
2834 3212 173 40 prospective

2452 3257 165 35 usefulness,
2631 3256 52 29 but
2695 3266 52 19 one
2761 3254 82 39 thing
2856 3254 23 29 is
2893 3254 114 36 certain,

2451 3298 36 29 he
2507 3295 210 32 should—from
2740 3295 47 30 the
2803 3298 97 25 nature
2919 3294 29 29 of
2965 3294 42 29 his

2451 3337 145 30 avocation
2625 3336 55 29 and
2709 3335 49 29 the
2778 3337 115 26 amount
2912 3334 30 28 of
2964 3334 43 28 his

2452 3374 223 41 experience—if
2702 3373 141 34 returned,
2876 3382 85 28 prove
2992 3383 15 18 a

2452 3429 69 27 very
2533 3415 115 41 capable
2667 3414 217 40 representative
2905 3413 30 30 of
2959 3412 47 31 the

2454 3457 109 38 mining
2572 3456 183 37 cotnmuuity,
2772 3455 92 28 whose
2886 3454 106 38 require-

2453 3501 92 26 ments
2578 3496 37 29 he
2645 3494 143 31 doubtless
2814 3494 91 29 would
2936 3494 35 28 be
2992 3504 15 18 a

2454 3537 140 39 thorough
2621 3539 142 37 exponent
2784 3535 38 30 of.
2864 3534 45 29 He
2942 3535 24 28 is
2992 3544 15 18 a

2455 3579 87 30 fluent
2550 3577 127 39 speaker,
2687 3576 144 39 possessed
2841 3576 29 29 of
2882 3586 17 18 a
2912 3574 95 40 highly

2455 3618 136 31 retentive
2628 3628 134 27 memory,
2796 3616 54 29 and
2881 3616 80 29 takes
2992 3625 15 19 a

2455 3657 130 42 practical
2618 3666 221 21 common-sense
2870 3665 84 29 grasp
2979 3654 28 30 of

2455 3700 47 29 the
2517 3698 113 37 leading
2653 3697 145 39 questions
2818 3697 30 28 of
2867 3697 49 28 the
2928 3696 79 29 hour.

2455 3739 45 30 He
2509 3739 33 35 is,
2553 3737 118 34 besides,
2683 3748 16 17 a
2796 3747 62 18 mau
2883 3735 106 39 employ-

2453 3779 51 38 ing
2523 3789 16 18 a
2559 3777 74 39 good
2655 3777 61 28 deal
2737 3777 29 28 of
2792 3776 96 29 labour
2907 3775 29 28 in
2957 3776 48 28 the

2453 3817 97 32 Island
2563 3817 90 30 Block
2661 3816 67 39 gold
2749 3816 83 36 mine,
2851 3815 55 30 and
2928 3825 64 20 caus-

2453 3859 51 38 ing
2516 3859 48 29 the
2576 3858 204 29 disbursement
2794 3857 29 28 of
2835 3857 77 38 large
2931 3864 76 21 sums

2454 3899 29 28 of
2505 3908 100 28 money
2624 3897 29 28 in
2676 3897 46 28 the
2744 3896 132 29 southern
2898 3896 109 39 portion

2453 3939 30 29 of
2514 3938 49 29 the
2584 3937 158 35 electorate,
2763 3936 55 29 and
2839 3937 78 28 these
2935 3936 71 29 facts

2453 3979 56 28 will
2519 3977 143 30 doubtless
2684 3977 136 29 influence
2839 3977 47 28 the
2907 3977 100 37 voting

2453 4019 29 28 in
2495 4019 43 28 his
2551 4017 80 29 favor
2639 4017 152 29 somewhat
2810 4021 29 24 at
2858 4017 61 28 that
2941 4016 65 29 end.

2455 4057 129 37 Further,
2595 4057 23 29 it
2631 4067 62 29 may
2707 4057 35 30 be
2756 4057 58 29 said
2826 4057 30 30 of
2870 4056 44 30 Mr
2927 4056 60 29 Raw-

2455 4100 63 34 lins,
2530 4099 62 28 that
2605 4098 22 28 if
2641 4098 33 28 he
2688 4101 63 35 gets
2763 4097 59 29 into
2839 4097 168 28 Parliament

2453 4138 35 29 he
2525 4137 54 29 will
2615 4137 143 28 doubtless
2786 4137 81 28 make
2896 4135 111 29 himself

2453 4177 94 30 heard.
2587 4177 74 28 Both
2685 4176 160 29 candidates
2868 4186 46 18 are
2942 4185 49 27 sup-

2453 4222 108 34 porters
2587 4216 30 29 of
2638 4216 49 29 the
2712 4219 113 36 present
2852 4218 103 36 system
2979 4214 28 28 of

2452 4257 147 30 education
2622 4256 56 29 and
2698 4254 309 33 anti-Prohibitionists,

2453 4298 56 29 and
2518 4297 138 39 speaking
2669 4296 151 37 generally,
2833 4296 79 27 there
2924 4294 23 28 is
2971 4303 36 19 no

2453 4347 66 29 very
2533 4336 103 29 radical
2649 4335 147 30 difference
2809 4335 126 28 between
2958 4333 49 29 the

2452 4378 111 39 politics
2576 4377 30 29 of
2615 4377 48 29 the
2676 4380 54 25 two
2750 4385 73 25 men,
2837 4374 62 30 that
2921 4373 32 36 is,
2977 4384 30 18 so

2453 4418 43 29 far
2514 4428 30 19 as
2558 4417 47 29 the
2617 4416 110 40 politics
2738 4415 30 29 of
2780 4414 46 30 Mr
2848 4414 122 28 Rawlins
2970 4430 37 4 —

2451 4470 35 17 an
2500 4458 111 29 untried
2619 4466 153 19 man—can
2783 4456 35 28 be
2827 4454 179 29 understood.

2451 4498 79 37 They
2551 4496 60 38 join
2636 4496 82 33 issue,
2738 4495 136 33 however,
2900 4503 36 17 on
2959 4494 47 26 the

2451 4536 127 39 question
2600 4535 125 28 whether
2745 4534 48 27 the
2815 4535 113 35 present
2951 4531 37 27 Go-

2451 4576 147 29 vernment
2606 4574 24 28 is
2639 4583 32 19 or
2679 4573 23 27 is
2712 4575 50 25 not
2772 4575 29 25 to
2808 4570 89 30 retain
2907 4569 79 28 office
3001 4579 5 17 :

2453 4614 45 28 Mr
2511 4612 127 28 Larnach
2660 4611 156 37 upholding
2838 4620 16 17 a
2878 4610 112 27 continu-

2453 4661 69 21 ance
2530 4651 29 30 of
2567 4660 93 30 power
2667 4653 30 26 to
2705 4649 47 29 the
2762 4648 111 30 Seddon
2883 4647 106 29 Govern-

2453 4696 87 33 ment,
2552 4691 82 30 while
2657 4690 46 29 Mr
2725 4689 121 29 Rawlins
2869 4687 99 29 wishes
2977 4690 29 25 to

2454 4744 45 18 see
2519 4733 77 29 them
2628 4734 52 35 put
2697 4733 59 26 out.
2796 4729 28 29 It
2848 4729 23 28 is
2893 4738 36 18 on
2951 4726 56 29 this

2454 4772 121 40 ground,
2588 4770 154 34 doubtless,
2756 4769 61 28 that
2830 4768 48 28 the
2890 4766 116 29 election

2453 4813 56 29 will
2523 4812 35 30 be
2570 4811 109 38 fought,
2692 4809 54 30 and
2760 4819 30 19 as
2800 4818 41 19 we
2855 4808 69 28 have
2937 4806 68 34 said,

2454 4863 41 19 we
2507 4863 47 19 are
2568 4854 113 27 content
2695 4854 30 25 to
2739 4849 76 29 leave
2828 4848 47 29 the
2888 4847 73 29 issue
2977 4850 29 25 to

2453 4893 35 29 be
2502 4891 127 36 decided,
2643 4900 30 19 as
2686 4890 23 29 it
2729 4887 142 38 assuredly
2888 4886 54 29 will
2961 4886 45 35 be,

2452 4946 37 18 on
2519 4934 37 28 its
2578 4931 97 30 merits
2697 4934 29 25 at
2751 4930 47 29 the
2819 4928 93 29 ballot.
2952 4926 53 29 We

2453 4976 72 26 trust
2538 4973 61 27 that
2611 4971 47 28 the
2669 4970 117 27 election
2809 4968 54 27 will
2883 4968 35 25 be
2940 4975 48 18 con-

2451 5012 89 30 tested
2552 5010 68 30 with
2633 5019 34 19 an
2687 5009 118 28 absence
2825 5006 30 29 of
2878 5004 124 40 personal

2451 5054 117 34 animus,
2578 5051 55 29 and
2646 5050 68 29 with
2726 5049 62 29 that
2806 5047 73 39 good
2900 5045 89 29 fellow-

2451 5093 62 38 ship
2535 5093 62 28 that
2619 5089 99 30 should
2742 5086 181 31 characterise
2956 5085 47 27 the

2450 5133 120 27 conduct
2584 5130 29 29 of
2621 5130 46 28 old
2689 5128 145 33 residents,
2858 5124 144 38 especially

2450 5173 28 28 in
2502 5183 17 17 a
2543 5170 109 37 miniqg
2678 5167 116 36 district,
2820 5166 89 28 where
2934 5163 51 29 bon-

2449 5212 119 27 hommie
2586 5211 102 35 always
2701 5207 215 39 predominates.
2958 5204 45 29 Mr

2448 5251 120 28 Rawlins
2578 5249 51 28 has
2643 5247 80 32 made
2732 5258 17 17 a
2761 5249 72 25 most
2845 5242 142 31 commend
2996 5242 4 37 •

2446 5290 64 29 able
2522 5292 70 26 start
2613 5288 29 27 in
2663 5287 62 28 that
2744 5289 118 34 respect,
2883 5284 54 28 and
2961 5292 40 18 we

2446 5330 71 27 have
2531 5338 35 18 no
2580 5327 87 28 doubt
2682 5326 68 27 both
2764 5325 160 27 candidates
2946 5322 53 27 will

2446 5367 35 29 be
2514 5365 129 30 actuated
2669 5365 37 34 by
2729 5364 47 28 the
2799 5373 75 19 same
2897 5361 103 38 feeling

2445 5406 181 36 throughout.

2467 5489 49 21 Oub
2525 5487 48 21 Moa
2576 5484 3 28 ;
2581 5487 48 21 Flat
2638 5486 174 26 correspondent's
2821 5485 61 21 letter
2892 5484 39 21 and
2938 5484 59 21 other

2442 5522 119 26 interesting
2567 5521 83 25 reading
2660 5519 75 23 matter
2742 5519 138 27 unavoidably
2885 5519 49 20 held
2939 5526 56 13 over.

2467 5563 25 21 It
2501 5562 17 21 is
2525 5560 68 23 stated
2602 5559 47 26 th&t
2659 5559 35 20 the
2701 5559 39 20 4th
2748 5559 21 20 of
2775 5559 113 20 December
2899 5559 35 20 has
2944 5558 14 21 b
2970 5564 26 15 en

2441 5598 55 21 fixed
2504 5604 23 14 as
2535 5596 37 21 the
2577 5596 49 20 date
2634 5594 21 20 of
2665 5594 36 20 the
2710 5593 82 25 general
2801 5593 43 21 elec
2847 5593 3 26 ;
2855 5593 48 20 ions.

2465 5636 41 23 JSIb
2516 5635 19 21 D
2554 5633 123 25 Mitchell,
2687 5631 81 25 draper,
2781 5630 21 21 of
2820 5630 110 25 Lawrence,
2946 5630 17 20 is
2975 5631 21 19 at

2442 5669 83 28 present
2546 5665 110 27 travelling
2677 5665 22 19 ii
2721 5663 35 21 the
2781 5663 79 21 Mi'lers
2885 5664 47 19 Flat
2956 5662 40 20 and

2443 5699 113 29 Roxburgh
2565 5698 97 26 districts,
2675 5695 71 28 taking
2755 5694 76 23 orders.

3037 174 43 21 ;Ex
3090 175 108 21 Detective
3208 174 4 25 '
3219 176 66 23 Kirby
3304 176 37 21 has
3361 176 51 21 been
3428 178 109 20 sentencad
3558 178 23 20 to

3020 208 61 21 three
3095 215 58 20 years
3162 209 60 26 penal
3231 209 111 22 servitule.

3048 247 47 21 The
3102 247 87 26 opening
3196 247 21 21 of
3226 247 36 21 the
3271 247 52 21 local
3333 247 67 22 tennis
3410 250 58 19 conrt
3479 249 41 21 will
3532 249 48 21 take

3024 279 57 26 place
3090 287 25 14 on
3126 280 35 21 the
3172 280 49 21 30th
3233 281 48 20 inst.
3291 281 39 25 ;St.
3342 281 101 20 Andrews
3454 281 61 26 Day),
3525 282 59 20 when

3024 318 12 14 a
3047 312 60 21 series
3116 312 22 20 of
3146 319 68 19 games
3225 313 41 20 will
3276 313 25 20 be
3312 313 74 26 played
3400 313 27 26 by
3442 313 101 21 members
3560 313 21 21 of

3025 346 36 21 the
3075 346 55 22 club.

3052 385 47 21 The
3117 385 51 22 time
3186 386 31 20 for
3235 386 101 26 receiving
3355 386 137 21 nominatisns
3502 385 32 21 for
3544 386 37 21 the

3027 419 113 27 Roxburgh
3151 421 113 26 mayoralty
3275 421 40 21 will
3325 421 51 21 have
3393 423 22 19 to
3433 421 24 21 be
3468 421 111 24 extended,

3026 461 22 14 as
3062 461 27 15 no
3105 456 137 21 nominations
3259 464 52 13 were
3328 458 93 20 received
3438 464 25 13 on
3480 457 13 20 S
3500 457 84 25 iturday

3027 486 45 26 last,
3083 487 37 21 the
3129 487 39 26 day
3179 488 109 27 appointed
3299 488 31 21 for
3339 489 101 26 receiving
3450 489 66 21 them.

3054 527 48 23 The
3116 528 75 22 annual
3207 529 139 21 examination
3365 529 21 21 of
3401 529 35 22 the
3453 529 50 22 Coal
3520 529 66 22 Creek

3029 562 74 19 School
3113 562 50 19 took
3173 562 56 24 place
3238 569 26 12 on
3277 561 137 26 Wednesday,
3427 563 33 19 Mr
3466 560 119 26 Fitzgerald

3029 594 61 27 beieg
3100 593 35 23 the
3144 595 111 21 examiner.
3287 596 33 20 Mr
3335 595 86 24 Turner,
3431 595 37 21 the
3477 596 83 26 master,
3570 596 17 20 is

3029 630 56 22 to-be
3096 630 155 28 congratulated
3268 638 26 14 on
3309 630 37 22 the
3359 631 72 27 result,
3447 639 21 13 as
3484 630 48 28 only
3546 632 41 20 two

3029 666 92 21 children
3132 666 62 21 failed
3204 667 21 20 in
3234 667 36 20 the
3281 666 66 21 whole
3356 666 75 22 school.

3056 705 32 22 To
3098 710 94 17 morrow
3215 705 118 26 (Saturday)
3360 706 60 25 night
3451 706 32 20 Mr
3514 706 23 20 C.
3563 706 24 20 C.

3030 739 91 23 Rawlins
3132 739 42 21 will
3182 739 83 21 address
3274 739 36 21 the
3320 740 84 20 electors
3414 739 21 21 of
3444 739 112 27 Roxburgh
3564 739 20 21 in

3031 776 35 21 the
3078 775 125 22 Athenaeum
3215 774 58 27 Hall,
3280 774 40 21 and
3331 773 123 26 onMonday
3461 774 59 26 night
3530 774 57 26 (23rd

3030 811 57 26 inst.)
3097 811 37 21 the
3146 811 54 20 Hon.
3212 809 32 23 W.
3255 810 21 20 J.
3288 810 30 20 M.
3328 809 91 21 Larnach
3427 809 41 20 will
3476 809 25 21 be
3508 809 80 26 pleased

3033 847 21 19 to
3065 846 55 19 meet
3130 844 36 21 the
3175 843 87 22 electors
3270 844 22 19 at
3301 843 36 20 the
3346 849 55 14 same
3412 842 61 27 place.

3057 884 47 21 The
3114 882 227 26 Dunstan-Wakatipu
3355 882 65 20 Court
3435 882 153 26 appointments

3031 921 32 21 for
3078 919 36 22 the
3134 917 73 23 month
3224 917 23 21 of
3262 917 112 22 December
3391 924 35 14 are
3443 924 21 14 as
3482 917 106 23 follow:

3032 955 139 25 Queenstown
3193 958 27 14 on
3241 951 37 21 the
3309 952 38 24 Ist.,
3379 951 71 19 Arrow
3452 952 54 19 town
3536 950 51 27 2nd,

3032 985 110 22 Cromwell
3153 985 38 21 3rd
3205 984 40 21 and
3261 983 43 23 4th,
3323 983 66 26 Clyde
3407 983 44 27 7th,
3471 983 118 22 Alexandra

3032 1021 36 21 Bth
3078 1020 40 22 and
3128 1020 44 25 9th,
3182 1019 41 21 and
3235 1018 112 27 Roxburgh
3358 1018 47 21 11th
3414 1018 40 21 and
3466 1018 54 24 12th,

3058 1060 116 21 Shearing
3181 1058 19 21 is
3210 1063 46 16 now
3266 1057 81 27 general
3352 1058 93 25 amongst
3451 1056 36 22 the
3494 1057 94 27 farmers,

3032 1094 40 21 and
3087 1101 22 14 so
3123 1094 32 20 far
3171 1093 36 20 the
3222 1092 91 21 weather
3321 1092 37 20 has
3368 1091 50 21 been
3429 1093 70 25 pretty
3508 1092 69 20 favour-

3033 1129 52 22 able.
3113 1130 19 20 A
3142 1129 53 21 start
3205 1127 16 21 is
3231 1129 23 19 to
3262 1127 26 21 be
3298 1126 60 22 made
3363 1127 22 21 at
3391 1126 37 22 the
3433 1126 73 22 Teviot
3512 1126 76 21 station

3031 1166 23 19 to
3063 1164 48 27 day,
3121 1164 40 21 and
3170 1164 23 21 at
3201 1162 77 23 Mount
3289 1162 78 27 Benger
3382 1169 25 14 on
3422 1161 35 22 the
3473 1162 40 21 2nd
3530 1168 58 20 prox.

3034 1199 159 26 AtOrmaglade
3208 1198 76 21 station
3296 1204 12 14 a
3320 1198 174 20 commencement
3511 1196 41 20 will
3565 1196 25 20 be

3033 1233 59 22 made
3101 1239 27 15 on
3138 1233 36 21 the
3184 1232 36 22 Bth
3230 1232 119 21 December.

3060 1274 18 20 A
3089 1277 53 17 fair
3157 1271 87 22 number
3253 1271 22 22 of
3283 1271 100 22 members
3393 1270 65 21 rolled
3471 1276 28 20 up
3515 1270 22 20 at
3555 1268 36 21 the

3031 1308 78 23 cricket
3119 1307 88 29 practice
3214 1306 108 28 yesterday
3327 1305 116 22 afternoon.
3535 1310 53 14 were

3032 1343 74 21 chosen
3117 1343 27 24 by
3153 1343 75 19 Messrs
3241 1341 130 20 Winchester
3386 1341 40 19 and
3441 1340 27 20 G.
3484 1338 104 21 Ormond.

3032 1377 39 20 and
3081 1383 11 13 a
3103 1374 52 27 good
3164 1381 58 19 game
3232 1373 96 21 resulted.
3358 1374 43 20 The
3415 1378 65 15 scores
3496 1369 58 22 were'
3567 1371 25 20 45

3032 1409 39 23 and
3079 1409 34 28 30,
3123 1406 141 30 respectively.
3294 1406 43 22 The
3346 1406 89 27 bowling
3444 1406 17 21 is
3471 1403 118 29 improving

3032 1444 147 26 considerably,
3188 1450 22 14 as
3219 1443 75 20 almost
3304 1442 27 21 all
3342 1449 52 13 were
3402 1441 88 29 bowled.

3061 1484 26 22 IN
3096 1483 34 22 hiß
3137 1482 72 27 speech
3221 1483 22 20 at
3248 1481 51 22 Coal
3308 1481 65 22 Creek
3435 1479 57 27 ri'ky
3499 1478 92 27 evening,

3025 1512 2 29 '
3033 1516 35 22 Jfr
3074 1515 8 12 r
3085 1515 92 22 i&vflins
3201 1514 86 27 ({noted,
3311 1520 23 15 as
3355 1519 26 15 an
3405 1513 92 20 instance
3515 1512 22 21 of
3556 1512 36 20 the

3034 1551 90 22 richness
3145 1550 22 21 of
3185 1549 36 22 the
3239 1550 88 25 country
3351 1548 21 21 in
3394 1547 37 22 the
3449 1547 79 22 Millers
3546 1546 47 22 Flat

3034 1586 88 25 district,
3137 1585 47 21 that
3193 1592 26 14 on
3233 1584 36 22 the
3285 1583 97 23 forenoon
3402 1583 21 22 of
3442 1583 35 21 the
3495 1582 96 27 previous

3033 1620 40 26 day
3083 1626 38 15 one
3130 1618 22 22 of
3161 1618 32 21 his
3202 1625 46 14 men
3258 1618 41 21 had
3309 1618 70 21 struck
3385 1616 150 28 exceptionally
3544 1615 44 22 rich

3035 1654 65 27 wash,
3110 1653 37 22 the
3156 1655 71 20 return
3238 1653 59 26 being
3306 1653 9 21 1
3395 1654 21 20 to
3425 1652 36 22 the
3470 1651 78 23 shovel.

3063 1693 33 21 At
3106 1700 12 14 a
3127 1692 90 26 meeting
3226 1692 21 21 of
3256 1692 36 21 the
3307 1691 120 23 committee
3437 1690 22 22 of
3468 1690 36 22 the
3513 1689 80 28 cycling

3023 1728 64 22 •-club
3106 1728 41 22 last
3165 1728 92 26 evening,
3274 1728 20 21 it
3311 1734 41 14 was
3369 1724 93 24 resolved
3480 1728 21 20 to
3520 1724 50 24 hold
3579 1733 12 14 a

3147 1763 51 22 Toad
3210 1770 47 14 rarce
3271 1764 23 19 to
3299 1763 52 21 Coal
3361 1763 65 21 Creek
3436 1762 40 21 and
3486 1762 58 26 back,
3555 1761 36 21 the

3039 1799 32 20 Ist
3082 1798 55 26 prize
3154 1797 60 26 being
3226 1797 10 21 1
3252 1797 74 26 guinea
3343 1797 40 21 and
3401 1803 12 14 a
3429 1797 44 26 pair
3487 1795 22 22 of
3523 1795 68 26 racing

3038 1830 71 26 pedals
3119 1830 116 26 (presented
3244 1830 27 26 by
3286 1830 33 21 Mr
3328 1830 27 21 R.
3365 1829 73 26 Scott),
3448 1829 40 20 and
3501 1829 36 20 the
3551 1828 40 21 2nd

3035 1869 12 15 a
3060 1863 46 27 pair
3111 1863 22 21 of
3141 1862 69 28 pedals
3216 1862 116 28 (presented
3337 1862 27 27 by
3372 1862 33 22 Mr
3411 1862 26 22 D.
3445 1861 76 27 Elder).
3548 1860 43 22 The

3036 1905 49 15 race
3095 1897 59 23 takes
3163 1898 58 28 place
3230 1898 51 22 next
3286 1897 114 27 Thursday,
3407 1904 24 15 en
3435 1896 46 22 tries
3486 1895 33 23 for
3526 1896 66 21 which

3037 1933 48 27 (one
3095 1934 92 27 shilling)
3196 1934 53 21 close
3260 1940 25 15 on
3295 1933 93 26 Tuesday
3398 1932 85 25 evening
3494 1933 21 20 at
3525 1931 19 23 7.

3061 1973 50 23 The
3123 1973 98 26 Tuapeka
3239 1972 104 27 Licensing
3358 1971 123 22 Committee
3490 1970 41 21 will
3541 1969 49 21 hold

3036 2007 56 21 their
3101 2006 106 27 quarterly
3216 2006 90 25 meeting
3315 2006 22 20 at
3346 2005 35 20 the
3390 2004 52 21 local
3451 2003 137 26 Courthouse,

3033 2048 26 14 on
3081 2039 138 27 Wednesday,
3238 2039 40 21 2nd
3296 2038 118 24 December,
3424 2038 23 20 at
3459 2044 62 14 noon.
3548 2036 44 22 The

3034 2074 96 21 business
3139 2073 64 27 likely
3214 2074 22 21 to
3248 2073 79 21 receive
3344 2072 102 21 attention
3465 2071 41 21 will
3526 2070 25 22 be
3565 2077 26 14 an

3034 2109 127 27 application
3172 2109 54 21 from
3239 2109 27 21 G.
3280 2108 30 21 W.
3321 2108 91 26 Spooner
3421 2108 22 20 to
3453 2106 88 22 transfer
3557 2105 36 21 the

3034 2146 75 21 license
3121 2145 23 21 of
3156 2145 37 21 the
3201 2144 51 22 Port
3269 2143 70 27 Philip
3360 2142 70 27 Hotel-,
3450 2142 72 26 Clyde,
3539 2141 53 22 from

3033 2180 85 21 himself
3128 2181 23 18 to
3160 2179 56 22 Wm.
3228 2178 61 21 Allen
3299 2185 6 18 ;
3320 2178 43 20 als«
3371 2184 26 13 an
3407 2176 123 27 application
3538 2176 53 20 from

3034 2213 42 21 Mrs
3087 2213 28 21 H.
3129 2212 29 22 H,
3170 2212 70 22 Heron
3250 2212 32 21 for
3290 2211 106 26 authority
3412 2211 23 20 to
3448 2216 58 20 carry
3515 2216 26 14 on
3551 2209 38 21 the

3033 2249 74 22 license
3125 2248 22 22 of
3168 2248 36 22 the
3226 2247 135 23 Commercial
3379 2245 70 29 Hotel,
3471 2244 120 28 Roxburgh,

3032 2284 55 22 until
3097 2284 36 21 the
3142 2286 51 19 next
3202 2284 76 21 annual
3291 2284 96 26 meeting.

3059 2324 48 20 The
3125 2325 72 19 return
3215 2323 22 20 of
3252 2323 110 20 Ministers'
3372 2321 109 26 travelling
3495 2327 99 20 expenses

3033 2358 76 27 during
3124 2358 36 21 the
3173 2364 49 21 year
3236 2357 66 21 ended
3316 2356 47 22 31st
3373 2356 77 27 March,
3461 2356 57 25 1896,
3528 2354 66 21 which

3034 2392 37 20 has
3081 2391 44 26 just
3136 2391 50 21 been
3197 2390 76 27 issued,
3283 2390 67 21 shows
3358 2390 37 21 the
3403 2390 95 20 amounts
3508 2390 21 20 to
3539 2388 25 21 be
3571 2395 22 13 as

3034 2425 71 21 follow
3114 2426 98 21 :—Hons.
3226 2426 26 21 R.
3267 2425 24 21 J.
3305 2425 90 26 Seddon,
3407 2424 54 22 £440
3469 2424 35 20 10s
3516 2423 26 21 8d
3551 2430 6 18 ;
3570 2422 23 22 J.

3034 2460 27 22 G.
3073 2460 71 25 Ward,
3157 2460 55 21 £l2B
3225 2460 22 21 4s
3261 2459 40 26 9d;
3311 2459 33 21 Sir
3360 2459 23 21 P.
3400 2459 26 21 A.
3443 2457 100 26 Buckley,
3554 2456 41 23 £97

3034 2495 49 26 13s;
3098 2495 33 22 W.
3146 2494 24 22 P.
3184 2495 87 26 Reeves,
3287 2493 43 23 £63
3346 2493 24 22 5s
3383 2493 40 24 3d;
3437 2493 23 21 J.
3477 2491 117 26 M'Kenzie,

3036 2530 54 22 £264
3109 2531 35 21 15s
3161 2530 40 26 6d;
3214 2531 28 21 A.
3261 2530 21 22 J.
3301 2529 99 27 Cadman,
3421 2527 43 24 £BB
3481 2528 23 21 0s
3518 2527 39 26 Id;
3572 2526 21 23 J.

3035 2566 86 25 Carroll,
3132 2565 43 21 £6O
3183 2566 35 20 lis
3226 2565 40 21 lid
3274 2573 6 18 ;
3295 2565 33 20 W.
3336 2564 135 25 Hall-Jones,
3487 2563 28 21 £1
3523 2563 23 21 9s
3555 2563 39 24 6d;

3034 2599 24 21 T,
3079 2599 124 25 Thompson,
3221 2597 43 27 £5;
3281 2598 36 21 W.
3336 2597 24 22 C.
3375 2596 93 26 Walker,
3493 2595 43 25 £4;
3560 2595 35 22 W.

3034 2633 151 26 Montgomery,
3196 2632 30 22 £3
3234 2632 107 25 9s—total,
3349 2630 119 28 £1,15619s
3476 2631 33 21 Bd.

3062 2669 38 22 Mr
3109 2669 35 22 W,
3154 2669 93 22 George
3256 2669 53 21 tried
3324 2669 22 21 to
3355 2669 40 27 put
3404 2675 29 21 up
3442 2675 12 15 a
3463 2667 71 23 record
3543 2667 53 22 from

3036 2703 113 28 Roxburgh
3160 2705 22 21 to
3196 2704 79 21 Millers
3290 2703 47 22 Flat
3353 2702 110 28 yesterday
3477 2702 119 22 afternoon.

3035 2738 43 21 The
3088 2738 56 26 prize
3153 2738 17 20 is
3179 2745 12 13 a
3198 2744 49 20 cup,
3258 2738 22 20 to
3288 2737 27 21 be
3324 2737 110 26 presented
3443 2738 22 18 at
3477 2735 36 22 the
3522 2735 40 21 end
3575 2735 23 21 of

3035 2772 37 21 the
3082 2779 72 15 season
3165 2773 21 20 to
3195 2771 37 23 the
3241 2771 55 22 rider
3304 2771 85 27 making
3396 2771 37 21 the
3447 2770 76 21 fastest
3537 2770 58 21 time,

3031 2806 82 26 George
3123 2812 40 14 was
3173 2805 70 21 rather
3252 2804 143 27 unfortunate,
3411 2803 32 21 for
3457 2803 59 21 when
3529 2802 66 22 about

3029 2846 16 14 a
3054 2840 48 20 mile
3112 2839 53 21 from
3176 2838 80 21 Millers
3266 2837 47 21 Flat
3319 2838 27 20 he
3351 2845 36 12 ran
3395 2844 28 19 up
3432 2836 79 22 asrainst
3520 2843 12 14 a
3543 2835 48 22 rock

3033 2871 61 22 while
3105 2871 83 26 looking
3196 2870 51 21 back
3257 2871 22 20 to
3287 2869 63 27 speak
3367 2870 22 20 to
3406 2875 57 15 some
3476 2875 46 15 one.
3551 2867 41 22 His

3033 2907 56 21 front
3099 2907 45 25 tyre
3153 2912 41 14 was
3212 2904 115 27 punctured
3346 2904 20 21 in
3384 2904 60 20 three
3462 2902 67 27 places
3549 2902 42 21 and

3032 2941 50 22 both
3090 2941 49 20 rims
3146 2947 52 14 were
3203 2938 106 26 damaged.
3337 2938 33 21 He
3379 2937 87 22 effected
3471 2938 118 25 temporary

3033 2973 78 26 repairs
3120 2972 40 20 and
3169 2978 56 14 came
3234 2972 60 20 home
3303 2971 20 20 in
3330 2970 37 21 the
3373 2970 43 21 cool
3424 2970 22 20 of
3452 2969 35 21 the
3494 2969 95 25 evening.

3036 3008 31 22 He
3084 3007 18 22 is
3116 3006 89 22 satisfied
3222 3005 47 22 that
3287 3005 26 21 he
3330 3004 61 22 could
3407 3004 51 21 have
3476 3003 53 21 done
3549 3003 36 21 the

3034 3043 129 26 twenty-two
3171 3041 58 21 miles
3237 3041 22 21 in
3268 3041 64 20 about
3340 3047 25 13 an
3375 3039 53 21 hour
3437 3038 41 22 and
3487 3045 12 14 a
3508 3038 52 21 half.

3061 3083 50 19 OCR
3118 3081 114 21 Beaumont
3236 3078 159 27 correspondent
3401 3076 185 23 writer—Several

3036 3114 57 21 loads
3106 3114 22 20 of
3137 3114 58 26 pipes
3210 3112 52 21 have
3276 3111 80 21 arrived
3374 3111 32 21 for
3421 3111 36 20 the
3477 3109 78 27 syphon
3567 3109 21 21 in

3034 3149 38 21 the
3081 3149 53 21 head
3144 3155 44 15 race
3196 3147 22 21 of
3223 3147 36 21 the
3268 3146 51 22 local
3330 3145 143 27 Co-operative
3479 3145 51 25 Co.;
3545 3144 41 21 and

3036 3184 36 21 the
3082 3184 76 25 sawiog
3170 3183 22 20 of
3205 3182 36 21 the
3256 3182 75 21 timber
3346 3181 31 20 for
3394 3181 35 20 the
3448 3181 84 24 fluming
3549 3179 41 25 (for

3039 3219 65 21 which
3127 3218 74 21 Messrs
3222 3217 25 21 R.
3273 3217 66 26 Tyson
3358 3215 40 21 and
3415 3216 60 26 party
3492 3221 34 14 are
3553 3213 36 21 the

3039 3253 133 26 contractors)
3182 3254 16 20 is
3208 3252 45 21 well
3268 3252 97 26 forward,
3384 3259 22 13 so
3420 3250 47 21 that
3484 3250 41 21 this
3539 3248 48 26 long

3036 3289 75 22 looked
3120 3289 33 22 for
3162 3288 78 26 mining
3251 3288 87 21 venture
3352 3286 42 21 will
3409 3293 48 14 soon
3474 3285 23 21 be
3512 3286 38 25 put
3566 3285 23 20 to

3038 3325 38 22 the
3087 3325 47 21 test.
3160 3323 45 21 The
3214 3324 54 19 most
3276 3321 134 26 experienced
3421 3321 75 20 miners
3508 3319 21 21 of
3538 3319 51 21 Blue

3036 3358 54 24 Spur
3108 3356 54 20 fame
3183 3355 41 20 and
3241 3355 37 20 the
3297 3354 110 21 successful
3425 3353 75 20 miners
3516 3352 21 20 in
3555 3351 36 21 the

3036 3391 80 23 district
3123 3397 35 15 are
3169 3389 78 28 largely
3265 3387 119 27 interested,
3403 3387 40 21 and
3459 3394 34 14 are
3511 3393 25 14 on
3555 3385 36 22 the

3036 3428 131 25 directorate,
3182 3426 84 25 holding
3278 3425 54 26 large
3337 3423 141 26 contributing
3482 3423 110 25 interests;

3037 3461 147 27 consequently
3194 3460 18 21 it
3222 3461 16 20 is
3248 3460 61 26 being
3320 3459 73 21 looked
3407 3458 89 21 forward
3510 3459 22 19 to
3545 3464 22 14 as
3580 3464 11 14 a

3036 3497 33 27 big
3078 3497 66 26 thing,

3062 3537 20 21 A
3092 3540 57 18 TERT
3165 3541 80 15 narrow
3254 3540 69 21 escape
3334 3533 51 21 from
3395 3540 12 14 a
3415 3532 77 22 serious
3501 3530 92 23 accident

3034 3571 98 23 occurred
3150 3572 22 20 to
3188 3570 34 21 Mr
3236 3569 57 22 Wrii.
3311 3570 77 24 Peters,
3405 3574 95 20 manager
3511 3567 33 21 for
3557 3566 36 21 the

3036 3607 113 26 Roxburgh
3164 3604 157 29 Amalgamated
3330 3605 45 24 Co.,
3385 3611 21 13 as
3421 3603 27 22 he
3464 3610 40 14 was
3513 3602 80 27 driving

3036 3644 22 20 t»
3069 3642 107 21 Lawrence
3189 3648 39 14 one
3237 3641 39 26 day
3285 3640 41 20 last
3335 3640 56 20 week
3401 3639 51 20 with
3461 3639 43 20 Mrs
3513 3638 78 20 Peters.

3035 3676 69 22 When
3121 3682 49 15 near
3181 3674 36 21 the
3228 3674 93 26 Bellamy
3337 3673 77 21 station
3431 3671 118 22 homestead
3566 3671 27 21 he

3036 3718 41 14 was
3085 3711 61 27 going
3159 3709 67 22 round
3234 3716 13 14 a
3255 3709 62 26 sharp
3327 3709 47 20 turn
3381 3707 40 21 and
3428 3713 56 15 came
3491 3706 101 26 suddenly

3035 3753 56 20 upon
3100 3753 12 14 a
3118 3745 89 22 traction
3214 3744 80 26 engine.
3320 3743 43 20 The
3372 3742 73 26 engine
3455 3748 39 13 was
3504 3741 88 25 blowing

3034 3782 32 22 off
3073 3783 66 20 steam
3149 3782 23 19 at
3188 3779 36 22 the
3239 3779 58 24 time,
3311 3777 38 23 but
3367 3777 36 22 the
3417 3777 68 21 driver
3502 3777 23 21 at
3542 3780 49 16 once

3033 3817 69 23 closed
3124 3816 36 22 the
3181 3814 60 22 valve
3262 3813 41 22 and
3324 3812 104 29 promptly
3457 3811 70 27 pulled
3551 3817 35 21 up.

3036 3851 191 27 Notwithstanding
3248 3850 50 27 this,
3320 3849 102 26 however,
3447 3848 33 20 Mr
3510 3846 78 22 Peters'

3034 3888 60 21 horse
3103 3887 50 21 took
3163 3886 65 26 fright
3236 3885 41 21 and
3285 3883 77 22 backed
3380 3890 49 14 over
3445 3889 27 14 an
3490 3881 84 21 embank-

3036 3923 65 26 ment,
3111 3921 40 22 and
3161 3927 41 15 was
3219 3920 49 27 only
3285 3918 83 28 quieted
3382 3918 21 21 in
3413 3918 50 21 time
3473 3918 22 19 to
3504 3916 89 27 prevent

3036 3957 77 22 serious
3131 3956 85 25 damage
3238 3954 60 27 being
3314 3953 60 21 done.
3401 3950 136 26 Fortunately
3555 3949 36 21 the

3036 3990 111 26 occupants
3156 3988 22 21 of
3187 3988 36 20 the
3231 3988 68 25 buggy
3309 3992 52 15 were
3375 3984 116 27 uninjured,
3502 3982 40 22 and
3552 3982 37 21 the

3036 4029 47 23 trap
3093 4024 56 21 itself
3159 4022 85 27 escaped
3254 4022 48 20 with
3312 4021 63 26 slight
3384 4020 91 24 damage.

3066 4064 17 22 A
3094 4066 189 19 CORRESPONDENT
3292 4061 22 20 at
3323 4058 116 23 Horseshoe
3445 4056 56 22 Bend
3513 4056 85 22 informs

3039 4100 25 13 ns
3074 4092 47 21 that
3130 4097 38 15 one
3178 4096 86 17 evening
3274 4088 44 21 last
3335 4088 57 20 week
3410 4093 12 13 a
3440 4085 54 21 little
3508 4084 90 21 incident

3040 4118 97 21 occurred
3146 4118 59 19 there
3215 4115 70 20 which
3293 4116 16 18 is
3315 4115 36 19 the
3359 4114 69 19 theme
3435 4113 22 18 of
3462 4111 136 21 considerable

3041 4145 131 21 excitement.
3200 4142 19 21 A
3232 4142 68 20 miner
3309 4140 46 21 who
3364 4139 36 21 has
3410 4146 12 12 a
3438 4138 30 20 bit
3483 4137 22 20 of
3518 4137 79 25 ground

3040 4171 70 22 fenced
3123 4171 20 21 in
3154 4177 40 14 was
3203 4168 98 27 pestered
3311 4167 49 21 with
3379 4173 10 14 a
3405 4165 59 21 horse
3473 4164 66 21 which
3549 4163 49 21 took

3040 4206 29 18 up
3078 4199 28 20 its
3114 4198 94 26 quarters
3217 4197 21 19 in
3256 4195 37 20 the
3305 4193 93 22 enclosed
3408 4191 86 27 ground,
3505 4190 60 21 much
3576 4193 22 17 to

3040 4226 36 21 the
3099 4229 118 20 annoyance
3240 4222 22 21 of
3283 4221 37 21 the
3337 4219 101 22 aforesaid
3455 4218 73 21 miner.
3556 4217 42 21 The

3040 4252 61 22 other
3108 4250 86 23 evening
3205 4250 26 21 he
3248 4250 44 20 met
3301 4248 36 21 the
3346 4247 136 23 horsfowner,
3493 4245 74 26 whom,
3581 4244 18 21 it

3041 4281 16 19 is
3074 4278 88 27 alleged,
3182 4277 28 21 he
3232 4275 123 22 threatened
3372 4276 23 19 to
3411 4273 60 22 shoot
3488 4272 68 22 unless
3572 4271 26 22 he

3041 4306 75 21 betook
3135 4305 14 21 h
3158 4304 61 21 mself
3235 4303 41 21 and
3295 4302 60 21 horse
3374 4308 64 19 away.
3466 4299 56 26 High
3532 4299 66 21 words

3040 4332 104 26 followed,
3159 4331 49 25 and,
3227 4332 22 19 to
3265 4331 36 20 cut
3318 4335 12 14 a
3346 4329 47 25 long
3408 4330 57 24 story
3480 4326 65 26 short,
3561 4325 36 21 the

3040 4367 70 15 owner
3117 4360 24 21 of
3149 4359 37 21 the
3196 4358 60 21 horse
3266 4356 49 21 took
3325 4357 22 20 to
3355 4356 33 21 his
3396 4355 65 26 heels,
3475 4360 21 15 as
3515 4353 26 22 he
3556 4359 41 15 was

3040 4388 66 21 afraid
3116 4388 37 21 the
3161 4386 119 21 landowner
3289 4384 69 21 would
3377 4385 85 19 execute
3478 4382 31 20 his
3520 4380 75 26 threat,

3040 4422 21 15 as
3070 4415 27 21 he
3112 4414 40 21 had
3162 4414 22 20 at
3203 4412 37 21 the
3257 4411 51 20 time
3326 4410 116 25 something
3458 4409 20 20 in
3495 4409 32 20 his
3541 4407 54 22 band

3041 4442 66 23 which
3126 4442 49 20 bore
3196 4447 11 14 a
3231 4437 137 24 resemblance
3387 4439 22 20 to
3426 4444 12 14 a
3457 4436 70 26 Queen
3548 4435 49 22 Bess

3040 4471 90 20 musket.
3157 4468 44 21 The
3210 4468 77 19 matter
3303 4466 17 19 is
3338 4472 44 13 now
3395 4466 19 19 in
3431 4464 37 21 the
3476 4464 66 20 hands
3551 4464 21 19 of
3585 4470 12 13 a

3040 4496 45 19 well
3095 4496 74 19 known
3180 4494 83 24 lawyer,
3278 4492 40 19 and
3338 4491 70 20 unless
3426 4491 35 19 the
3478 4490 118 19 landowner

3038 4523 71 20 makes
3131 4520 115 26 reparation
3270 4525 25 14 an
3319 4518 67 21 action
3415 4516 32 22 for
3472 4514 123 23 substantial

3037 4549 95 25 damages
3141 4547 41 20 will
3196 4547 117 20 eventuate.

3180 4605 127 46 Mining
3341 4604 113 39 Notes.

3060 4688 44 22 The
3114 4688 81 21 returns
3205 4692 20 14 id
3236 4685 36 20 the
3281 4684 104 25 following
3394 4683 70 20 claims
3479 4689 25 13 on
3521 4683 58 20 Satur-

3036 4716 47 27 day,
3093 4715 33 21 for
3135 4714 36 21 the
3189 4712 96 27 previous
3303 4711 63 26 week,
3382 4716 52 14 were
3448 4717 21 13 as
3486 4709 80 21 follow:
3576 4720 13 3 -

3036 4742 82 22 Ettrick
3137 4740 88 25 Dredge,
3235 4739 50 20 630z
3293 4745 5 17 ;
3308 4738 79 20 Golden
3402 4737 105 25 Treasury
3518 4735 61 26 27£oz
3586 4735 4 30 •

3036 4769 82 21 Golden
3134 4768 48 20 Pun
3192 4766 91 24 Sluicing
3293 4764 46 25 Co.,
3350 4763 60 27 18.ioe
3427 4763 32 20 for
3478 4761 41 21 five
3533 4762 57 25 day?,

3062 4795 43 22 The
3122 4794 119 26 Molyneux,
3258 4790 67 22 which
3343 4797 44 14 rose
3401 4797 12 13 a
3431 4789 55 21 little
3504 4789 86 21 towards

3036 4824 36 20 the
3088 4822 40 21 end
3144 4821 21 21 of
3180 4820 40 21 last
3237 4818 63 26 week,
3316 4817 84 22 receded
3416 4817 63 20 about
3488 4824 10 13 a
3509 4816 44 21 foot
3568 4822 22 14 or

3036 4857 55 15 more
3109 4857 24 14 on
3145 4849 59 21 Monr
3209 4854 24 20 ty
3244 4846 39 21 and
3292 4845 101 26 Tuesday,
3409 4844 39 21 and
3464 4844 17 21 is
3496 4850 45 14 now
3551 4843 38 21 low

3035 4877 79 26 enough
3124 4877 32 20 for
3165 4875 98 25 dredging

3060 4904 43 22 The
3114 4901 113 27 Roxbuigh
3237 4900 75 26 dredge
3320 4898 37 22 has
3365 4898 52 21 been
3424 4897 86 26 shifting
3517 4904 28 19 up
3552 4897 36 20 the

3034 4933 54 21 river
3098 4930 135 22 towards.the
3248 4935 66 19 gorge,
3332 4927 36 22 the
3385 4926 44 21 first
3445 4926 55 25 stage
3516 4925 21 21 of
3551 4924 37 21 her

3034 4958 97 22 intended
3139 4959 88 25 journey
3233 4957 23 18 to
3263 4956 94 24 prospect
3362 4954 50 20 Bain
3420 4953 41 20 and
3469 4953 45 20 Co's
3519 4952 65 21 claim.

3236 5019 143 23 TUAPEKA.

3168 5050 62 26 (Own
3243 5046 203 26 Correspondent.)

3061 5079 22 19 Jt
3091 5079 17 19 is
3117 5078 94 24 reported
3222 5076 44 19 lhat
3278 5076 73 19 Messrs
3360 5074 60 20 Kitto
3430 5073 39 20 and
3479 5074 68 24 party,
3562 5072 22 19 of

3035 5107 83 19 Munros
3133 5104 70 24 Gullv,
3218 5109 35 14 are
3269 5109 45 13 now
3326 5108 26 13 on
3372 5107 11 13 a
3396 5099 93 27 splendid
3507 5106 38 13 run
3563 5098 21 20 of

3034 5132 54 26 gold.
3115 5131 62 20 Their
3185 5130 40 20 last
3236 5128 53 20 wash
3299 5134 28 18 up
3337 5134 40 13 whs
3394 5133 25 13 an
3434 5125 148 26 exceptionally

3034 5158 51 27 g,.<d
3096 5165 45 18 one,
3152 5156 93 24 enaHing
3255 5154 36 21 the
3304 5156 61 25 party
3382 5154 21 19 to
3418 5152 52 26 wipe
3485 5152 29 20 off
3529 5151 54 20 their

3034 5187 103 24 moitgage
3150 5188 21 17 of
3188 5182 75 28 £I,OOO
3280 5189 25 13 on
3324 5181 35 21 the
3377 5180 69 21 North
3462 5178 23 22 of
3501 5178 81 22 lieland

3034 5213 66 25 clfini,
3113 5211 63 21 which
3187 5211 49 22 they
3246 5209 92 25 acquired
3349 5215 11 12 a
3372 5208 39 20 few
3421 5206 82 21 months
3512 5213 44 18 a^o.

3058 5239 44 21 The
3111 5236 141 22 Consolidated
3263 5236 44 24 Co.,
3319 5234 50 21 Blue
3378 5234 61 25 Spur,
3448 5239 34 14 are
3493 5232 89 25 working

3034 5272 56 21 away
3112 5263 94 27 steadily.
3241 5262 43 21 The
3307 5261 59 20 value
3387 5260 22 19 of
3429 5260 52 25 sciip
3500 5260 19 19 in
3540 5259 42 20 this

3032 5299 98 20 company
3148 5292 36 20 has
3199 5290 42 21 still
3257 5296 25 13 an
3293 5288 83 27 upward
3386 5287 107 23 tendency.
3521 5286 58 21 Local

3032 5319 139 21 sbaieboldeis
3181 5325 34 12 are
3230 5315 116 26 indisposed
3361 5317 21 17 to
3399 5316 46 23 part
3461 5314 49 19 with
3527 5313 54 20 their

3027 5348 59 24 scrip.

3056 5373 42 21 The
3108 5370 79 23 Golden
3198 5369 48 21 Rise
3256 5368 44 26 Co.,
3315 5366 153 22 Wetherstones
3482 5366 53 26 Flat,
3546 5372 34 14 are

3032 5401 40 20 paid
3091 5401 22 19 to
3131 5399 25 20 be
3174 5396 44 21 well
3241 5395 89 21 satisfied
3352 5394 49 21 with
3418 5394 55 20 their
3491 5396 81 18 returns

3032 5428 58 20 Since
3102 5426 36 20 the
3149 5427 58 23 party
3217 5422 79 21 erected
3307 5422 54 20 their
3375 5428 44 13 new
3436 5420 46 26 pipe
3492 5420 40 20 line
3540 5420 40 20 and

3032 5457 35 22 got
3076 5452 61 26 fairly
3147 5453 22 18 to
3180 5450 61 20 work,
3253 5449 49 25 they
3316 5448 52 21 have
3385 5448 49 20 been
3445 5447 80 25 making
3540 5446 39 21 full

3033 5481 29 20 tin
3070 5487 18 15 e,
3100 5479 86 22 running
3196 5476 57 21 three
3262 5475 60 20 shifts
3332 5474 61 26 daily.

3055 5503 43 24 The
3107 5504 95 27 Tuapeka
3213 5502 102 25 Dredging
3324 5502 36 20 Co.
3372 5501 50 20 have
3431 5502 22 19 at
3462 5500 69 25 length
3545 5502 35 24 got

3029 5541 12 13 a
3051 5534 39 20 fair
3100 5534 58 18 start.
3184 5530 57 26 They
3251 5535 34 14 are
3295 5528 45 21 well
3354 5528 89 20 satisfied
3461 5523 48 24 with
3526 5528 54 19 their

3024 5562 109 26 prospects.

3055 5589 74 19 Aiessi3
3145 5584 109 22 M'Ket'z'e
3269 5582 39 21 and
3323 5584 66 25 party,
3408 5582 44 21 who
3468 5582 110 24 purchased
3589 5582 1 32 j

3032 5615 32 20 Mr
3073 5614 22 20 J.
3105 5613 26 20 K.
3143 5611 79 25 Perry's
3238 5610 74 24 dredge
3329 5611 22 18 at
3366 5608 123 21 Waitahuna
3498 5608 39 20 ami
3548 5610 31 18 set
3589 5608 1 29 j

3032 5642 44 20 into
3086 5640 37 21 the
3208 5636 64 21 which
3288 5636 25 20 he
3328 5635 127 26 abandoned,
3470 5641 34 14 aie
3518 5634 61 23 doins;

3032 5666 156 24 uncommonly
3205 5664 51 24 well,
3283 5663 50 20 Last
3351 5662 55 20 week
3421 5662 53 20 thtir
3488 5662 46 25 gold
3549 5669 19 13 re-

3033 5696 46 21 turn
3091 5700 39 16 was
3140 5692 72 26 13-ioz;
3222 5690 35 22 the
3267 5690 56 21 week
3332 5689 94 28 previous
3436 5689 47 22 18oz
3589 5685 1 33 J

3613 175 121 43 Teviot
3756 175 67 42 and
3848 176 193 45 Alexandra
4057 180 88 43 Fruit-

3767 231 166 49 growers'
3960 231 57 43 Co.

3639 312 34 20 An
3680 311 153 26 extraordinary
3839 313 80 25 general
3929 314 88 26 meeting
4026 315 21 21 Of
4057 316 35 21 the
4102 316 64 23 above

3614 345 100 19 company
3724 344 40 14 was
3770 338 49 21 held
3828 339 21 20 in
3859 339 35 21 the
3903 339 123 23 Atbenseum
4033 349 25 14 on
4064 344 103 26 Saturday

3615 365 85 24 evening
3710 365 41 24 (Mr
3760 365 29 20 M.
3800 365 106 26 Campbell
3923 368 124 26 presiding);
4062 371 60 20 when
4130 372 37 19 the

3614 391 143 26 appointment
3771 391 22 21 of
3807 392 33 20 Mr
3850 393 54 21 Wm.
3920 394 64 25 Piyor
4000 402 21 14 as
4037 403 95 21 manager
4145 399 21 20 of

3616 418 35 22 the
3661 425 99 20 company
3772 426 38 13 was
3821 420 116 22 confirmed.

3843 452 101 18 MINUTES.

3642 471 43 21 The
3699 473 89 19 minutes
3801 473 22 20 of
3832 474 36 20 the
3883 474 39 20 last
3938 476 79 25 general
4026 478 91 26 meeting
4125 478 40 21 and

3617 499 41 20 two
3668 499 73 27 special
3751 499 99 28 meetings
3860 508 51 14 were
3921 502 115 24 confirmed.

3791 532 203 21 CORRESPONDENCE.

3645 554 57 20 From
3717 554 23 20 T.
3751 554 25 20 E.
3791 555 73 25 Shiels,
3880 557 85 24 offering
3979 560 21 17 to
4018 558 48 21 hold
4082 560 50 19 sales
4145 560 23 20 of

3616 586 40 19 any
3675 579 52 20 fruit
3748 581 108 23 consigned
3873 583 22 17 to
3917 582 41 20 him
3977 583 20 20 in
4014 584 35 19 the
4068 588 61 17 event
4146 586 21 20 of

3617 613 86 20 growers
3713 608 36 20 ojt
3759 606 60 28 being
3824 607 44 22 *ble
3876 610 21 20 to
3904 609 78 26 dispose
3988 610 22 21 of
4014 617 55 16 same
4077 612 88 28 through

3617 635 54 21 tbeif
3680 636 235 25 manager.—Received.

3642 662 61 21 From
3713 662 33 21 Mr
3756 662 54 27 Bull,
3821 663 104 23 president
3939 664 96 23 Dunedin
4047 667 118 21 Fruiterers'

3619 689 132 23 Association,
3763 690 77 26 stating
3848 690 37 21 the
3898 691 57 21 trade
3969 692 40 21 had
4029 701 25 13 no
4069 694 101 26 objection

3618 717 22 19 to
3651 717 31 19 Mr
3690 717 79 26 Piyor's
3778 718 143 25 appointment
3927 725 21 14 as
3955 725 93 20 manager
4054 720 35 24 (he
4096 722 75 25 having

3617 743 75 21 retired
3703 743 51 22 from
3764 744 36 21 the
3809 744 59 21 retail
3878 744 106 30 business),
3991 747 39 22 and
4040 747 83 29 wishing
4130 749 34 21 the

3617 777 99 20 company
3726 779 5 11 <
3737 779 48 19 very
3795 779 83 16 success.

3723 799 33 20 W.
3777 800 68 25 Pryor,
3864 801 72 27 asking
3953 801 31 22 for
4001 802 132 22 instructions
4147 805 21 19 to

3619 826 70 22 enable
3706 826 43 21 him
3768 828 22 19 to
3803 829 35 24 get
3853 829 112 25 possession
3974 828 21 22 of
4004 829 36 21 the
4051 831 116 26 company's

3619 854 92 21 books.—
3711 852 4 26 :
3715 861 33 14 mr
3767 852 82 24 Moodie
3866 856 71 21 moved
3955 856 40 22 and
4017 857 33 21 Mr
4068 857 99 21 Bloxham

3619 881 113 22 nfconded:
3781 882 54 21 That
3852 882 36 22 the
3904 885 101 26 secretary
4023 885 57 20 write
4098 886 22 19 to
4137 885 34 20 Mr

3619 909 64 28 Pryor
3691 908 92 28 advising
3796 910 42 21 him
3849 911 9 21 t
3865 918 5 11 >
3879 910 56 22 leave
3945 911 35 21 the
3988 913 137 20 Tnatterxwer
4136 912 33 21 till

3620 937 32 21 Mr
3662 936 75 22 Lorie's
3746 939 71 19 return
3828 939 22 19 to

3644 964 60 20 From
3730 963 53 23 Wm.
3805 964 61 26 Bloy,
3887 965 114 26 Lawrence,
4016 966 76 26 stating
4113 967 53 25 that,

3619 991 106 26 according
3743 991 22 21 to
3786 991 139 28 instructions,
3948 992 26 22 he
3991 992 40 22 had
4052 995 37 19 not
4106 993 63 22 taken

3619 1018 90 26 delivery
3730 1018 22 21 of
3773 1016 53 24 fruit
3847 1026 54 14 cases
3917 1022 22 18 at
3964 1019 108 22 Lawrence
4089 1021 83 24 mlway

3619 1045 217 23 stations—Received.

3645 1073 62 21 From
3725 1072 33 21 Mr
3767 1073 61 25 Kerr,
3839 1073 76 20 station
3929 1074 74 20 master
4020 1075 22 19 at
4059 1073 114 28 Lawrence,

3620 1099 93 26 advising
3730 1099 36 21 the
3783 1105 99 21 company
3898 1099 47 21 that
3963 1101 79 24 storage
4062 1099 66 23 would
4147 1101 24 21 be

3620 1127 86 28 charged
3716 1133 27 14 on
3752 1126 50 22 fruit
3812 1134 56 14 cases
3876 1126 56 27 lying
3939 1127 58 21 there
4002 1127 67 22 unless
4075 1129 94 21 removed

3621 1153 280 27 immediately.—Received.

3646 1181 60 22 From
3725 1181 138 25 Department
3881 1181 20 19 <rf
3920 1181 136 24 Agriculture,
4073 1183 100 24 eHclosing

3621 1209 86 19 circular
3716 1207 39 20 and
3762 1207 80 23 sample
3857 1207 23 19 of
3896 1207 56 19 Heeds
3963 1205 80 26 '(forage
4061 1207 65 25 plant)
4141 1206 31 22 ?ot

3622 1233 193 26 trial.—Keceived}
3831 1232 35 22 the
3876 1234 100 25 secretary
3984 1233 39 21 and
4038 1233 33 21 Mr
4085 1233 85 22 Watson

3621 1263 22 20 to
3652 1263 42 20 test
3703 1261 34 21 the

3742 1292 82 17 TAKING
3840 1292 56 16 BACK
3910 1292 64 16 FRt'IT
3984 1292 76 16 CASES.

3648 1318 32 20 Mr
3696 1315 85 23 Pennell
3794 1315 71 21 moved
3882 1314 38 21 and
3940 1315 32 20 Mr
3985 1314 60 22 Toms
4060 1315 111 22 seconded-:

3645 1345 55 19 That
3709 1343 35 20 the
3755 1343 76 18 motion
3842 1348 25 13 on
3878 1341 35 20 the
3921 1341 63 21 boolcs
3993 1341 95 27 charging
4098 1342 28 21 3d
4138 1342 33 22 for

3622 1376 55 14 cases
3682 1369 41 21 and
3732 1367 91 25 refusing
3828 1369 21 18 to
3855 1367 48 19 take
3909 1373 54 13 same
3968 1367 50 20 back
4023 1368 134 21 beTescinded

3623 1396 36 22 the
3676 1396 101 25 secretary
3795 1396 21 19 to
3835 1393 75 21 inform
3927 1392 59 22 retail
4002 1392 108 23 fruiterers
4127 1395 46 21 that

3623 1432 86 19 growers
3727 1430 35 15 are
3785 1421 76 27 willing
3880 1422 21 20 to
3919 1419 47 24 take
3984 1421 54 23 their
4056 1429 45 15 own
4121 1429 53 16 cases

3760 1482 68 17 CLAIM
3843 1481 43 18 FOR
3899 1481 64 17 FRUIT
3975 1482 71 16 CASES.

3652 1507 19 20 A
3687 1508 61 20 letter
3758 1512 40 13 was
3808 1505 49 20 read
3866 1504 52 20 from
3937 1505 73 19 Mewrs
4137 1505 40 19 and

3624 1534 139 24 Woodbouse,
3774 1531 83 26 making
3865 1538 13 13 a
3886 1531 59 20 claim
3959 1537 26 13 on
3998 1530 70 21 behalf
4080 1531 21 19 of
4115 1531 59 25 Capt.

3624 1561 64 25 Laing
3697 1561 32 22 for
3739 1560 52 22 fruit
3800 1566 55 14 cases
3864 1557 95 26 supplied
3965 1557 27 22 bv
3998 1557 42 21 him
4047 1559 21 19 to
4077 1558 31 20 Mr
4117 1558 59 21 Lorie

3623 1589 33 22 for
3668 1589 36 22 the
3713 1586 167 28 company.-Mr
3895 1586 64 26 Pryor
3974 1585 42 21 also
4031 1586 62 20 wrote
4103 1585 71 24 asking

3623 1617 32 21 for
3663 1624 69 18 power
3741 1617 23 20 to
3773 1616 33 19 act
3815 1614 20 21 in
3845 1614 42 20 this
3893 1614 83 21 matter.
3982 1612 42 21 —lt
4034 1619 39 14 was
4083 1612 90 22 resolved

3622 1651 26 14 on
3658 1644 37 21 the
3705 1643 76 22 motion
3791 1642 22 21 of
3825 1640 32 21 Mr
3867 1640 108 26 Bloxham,
3984 1639 98 22 seconded
4100 1640 27 27 by
4143 1640 32 21 Mr

3623 1672 95 20 Moodie:
3730 1671 16 9 **
3754 1670 55 21 That
3816 1668 77 26 having
3901 1666 92 23 received
4005 1667 167 26 correspondence

3622 1705 23 15 re
3654 1699 72 27 charge
3740 1698 32 22 for
3783 1703 62 19 cases,
3856 1695 41 22 this
3907 1699 100 23 company
4017 1693 112 22 authorises
4141 1693 31 22 Mr

3622 1726 65 27 Pryor
3706 1726 61 27 (their
3784 1722 103 28 manager)
3904 1724 21 21 to
3943 1722 48 23 take
4009 1720 53 28 legal
4077 1722 69 23 advice
4159 1720 15 23 it

3733 1779 121 23 company's
3867 1779 203 20 representative.

3651 1808 32 20 Mr
3692 1807 85 22 Pennell
3787 1807 73 21 moved
3869 1805 39 21 and
3915 1805 33 20 Mr
3955 1803 101 22 Williams
4061 1804 98 20 seconded
4166 1809 8 16 5

3646 1834 54 21 That
3712 1835 32 20 Mr
3755 1833 101 21 Bloxham
3867 1836 23 17 be
3899 1830 111 28 appointed
4017 1828 37 22 the

3622 1861 162 28 representative
3793 1861 22 21 to
3823 1858 96 24 Dunedin
3929 1858 33 22 for
3967 1855 36 24 tlie
4010 1856 53 23 fruit
4073 1863 68 15 season
4152 1863 25 15 ot

3623 1896 55 15 same
3687 1891 63 20 terms
3760 1896 21 14 as
3790 1887 122 26 heretofore,
3925 1887 75 20 Messrs
4018 1885 78 26 Harris,
4107 1885 67 27 Tom%

3622 1917 41 21 and
3674 1917 81 21 Manuel
3765 1919 23 19 to
3796 1915 70 22 decide
3876 1915 50 21 time
3941 1914 59 21 when
4014 1913 162 27 representative

3623 1945 52 20 shall
3684 1944 56 22 leave
3749 1944 32 21 for

3858 1974 89 17 LABELS.

3652 1997 23 22 It
3690 2006 41 13 was
3746 1997 92 22 resolved
3850 1997 48 21 that
3911 1996 21 21 in
3950 1996 71 20 future
4037 1993 29 22 all
4084 1994 64 21 labels
4157 2001 20 14 as

3626 2025 82 26 printed
3734 2025 24 21 be
3780 2024 108 22 addressed
3932 2023 103 23 Manager,

3626 2053 79 21 instead
3715 2052 22 21 of
3745 2052 83 27 putting
3843 2052 37 21 the
3897 2049 112 28 manager's
4026 2056 60 14 name
4100 2056 27 14 on
4143 2044 34 26 the

3624 2080 61 22 label.

3786 2111 108 18 ■CLASBING
3907 2111 27 16 OF
3947 2108 72 19 FPUIT.

3648 2134 46 23 The
3711 2135 101 22 recretarv
3830 2141 41 14 was
3888 2133 114 22 instructed
4020 2133 22 21 to
4057 2130 70 22 obtain
4143 2129 34 23 106

3625 2163 67 24 copies
3701 2162 21 21 of
3732 2162 35 21 the
3776 2162 54 21 rules
3836 2161 35 21 for
4006 2160 25 20 of
4127 2159 49 20 with

3624 2189 119 21 alterations
3753 2195 21 14 as
3783 2187 71 27 agreed
3864 2195 62 19 upon.

3735 2220 110 17 MANAGER
3857 2219 29 17 TO
3900 2219 84 16 SUPPLY
3995 2216 73 18 CASES.

3651 2243 21 22 It
3690 2251 40 15 wag
3753 2242 97 28 resolved,
3869 2250 25 15 on
3917 2242 34 22 the
3969 2241 77 22 motion
4064 2240 22 22 of

3624 2272 99 21 Bennetts
3737 2272 39 21 and
3791 2272 79 26 Harris,
3880 2271 47 21 that
3942 2270 27 21 all
3984 2276 87 20 growers
4089 2270 89 24 wanting

3626 2306 56 15 cases
3692 2299 49 22 send
3749 2299 54 21 their
3813 2298 180 22 communications
3999 2298 22 20 to
4031 2297 36 20 the
4077 2303 102 19 manager-.

3843 2330 119 16 ACCOUNTS.

3650 2354 102 20 Accounts
3767 2352 52 21 from
3836 2352 75 21 Messrs
3928 2352 27 21 M.
3967 2350 107 25 Campbell
4084 2350 39 21 and
4134 2350 43 22 Jos.

3625 2380 100 21 Tamblvn
3737 2380 124 26 (delegates),
3872 2380 31 20 for
3917 2379 29 21 £2
3962 2378 33 21 12s
4012 2378 26 23 6d
4054 2377 56 26 each,
4127 2383 51 18 were

3625 2407 72 27 passed
3706 2407 32 21 for
3747 2408 104 26 payment.

3744 2486 165 54 Tuapeka
3933 2486 98 43 Notes-

3763 2562 63 25 (Own
3839 2560 206 25 Correspondent.)

3650 2595 46 21 The
3708 2595 124 21 excitement
3840 2594 106 26 attending
3953 2594 36 21 the
3995 2594 95 21 triennial
4103 2595 74 25 county

3629 2622 98 22 elections
3741 2623 17 20 is
3778 2622 106 26 gradually
3899 2621 61 27 dying
3975 2623 44 19 out.
4048 2620 30 22 As
4091 2628 40 14 was
4147 2627 22 15 ex-

3629 2649 81 26 pected,
3718 2649 37 21 the
3768 2649 52 25 fight
3833 2649 32 20 for
3882 2648 37 21 the
3933 2648 91 26 Waipori
4042 2649 43 19 «eat
4103 2649 22 19 at
4143 2648 36 20 the

3628 2675 81 23 council
3719 2676 56 22 table
3784 2675 74 23 turned
3870 2676 37 20 out
3916 2675 21 21 to
3946 2674 24 22 be
3978 2682 11 13 a
3993 2676 71 26 pretty
4075 2675 105 27 desperate

3629 2705 68 24 affair,
3708 2704 76 27 ending
3793 2704 21 21 in
3824 2704 33 21 Mr
3866 2703 92 22 Cotton's
3970 2703 58 21 favor
4042 2703 26 26 by
4077 2710 38 14 one
4124 2705 54 20 votes

3629 2732 67 21 There
3706 2732 16 21 is
3732 2731 44 21 talk
3785 2731 22 21 of
3817 2731 66 21 action
3893 2730 60 25 being
3962 2731 61 20 taken
4033 2732 21 18 to
4068 2732 61 23 upset
4143 2731 36 20 the

3630 2758 86 22 election
3727 2765 26 15 on
3762 2757 36 23 the
3812 2757 78 26 ground
3904 2759 21 20 of
3939 2757 75 21 certain
4031 2757 146 25 irregularities

3632 2787 45 20 —to
3687 2786 43 23 wit,
3741 2785 76 22 several
3826 2785 75 27 parties
3910 2785 71 26 voting
3990 2792 24 14 on
4025 2785 81 21 miner's
4122 2785 55 23 right

3630 2813 151 27 qualifications
3795 2813 46 21 who
3856 2812 40 22 had
3911 2813 37 20 not
3961 2812 99 27 complied
4075 2812 50 21 with
4143 2812 36 21 the

3629 2841 47 21 law.
3704 2840 39 21 It's
3749 2846 51 19 very
3809 2839 103 24 doubtful,
3926 2840 101 22 however,
4042 2839 92 21 whether
4142 2839 35 20 the

3629 2867 130 26 petitioners,
3786 2862 17 26 if
3823 2867 49 26 they
3893 2865 71 27 appeal
3984 2867 22 19 to
4019 2865 35 21 the
4068 2866 47 25 Jaw,
4134 2865 43 22 will

3629 2893 91 22 succeed.
3748 2894 42 21 The
3809 2894 78 21 contest
3908 2893 31 20 for
3957 2893 92 20 Gabriels
4066 2893 71 25 riding,
4147 2893 4 25 t
4153 2899 23 17 a£

3630 2921 45 19 well
3688 2926 21 14 as
3725 2921 31 20 for
3770 2921 72 20 darks
3856 2919 73 25 riding,
3946 2919 73 20 turned
4035 2921 36 18 out
4086 2921 21 17 to
4122 2919 24 19 be
4163 2926 11 12 a

3628 2954 48 17 very
3683 2946 75 21 hollow
3763 2947 67 21 affair.
3856 2945 24 21 In
3887 2945 99 25 Gabriels,
4018 2946 79 20 Honest
4103 2945 54 21 John

3629 2973 72 20 hadn't
3716 2973 37 20 the
3764 2973 61 25 ghost
3838 2972 22 20 of
3873 2978 12 13 a
3900 2971 55 21 show
3969 2972 78 20 aaainst
4063 2971 33 21 Mr
4110 2972 21 20 J.
4147 2972 28 20 K.

3629 2999 101 26 Simpson,
3741 3000 46 20 who
3796 2998 80 22 worked
3886 2997 49 21 hard
3950 2998 40 20 and
4004 2998 35 21 did
4053 2998 32 20 his
4099 2999 78 21 utmost

3628 3029 22 19 to
3669 3026 39 22 win
3727 3027 35 21 the
3778 3029 56 23 seat;
3847 3026 39 21 and
3901 3026 19 20 in
3935 3025 72 21 Clarks
4022 3025 66 26 riding
4099 3025 77 25 victory

3626 3054 59 25 again
3703 3055 67 20 rested
3791 3054 50 21 with
3860 3053 34 20 M'
3907 3052 127 26 Livingston,
4051 3046 45 27 who
4111 3052 65 26 wiped

3625 3083 39 19 cut
3680 3081 34 20 Mr
3733 3081 71 21 Fraser
3825 3079 151 25 unmercifully.
4003 3079 33 21 Mr
4057 3079 21 22 P.
4096 3080 78 28 Heniy,

3624 3109 98 24 contrary
3733 3109 22 19 to
3763 3108 79 26 general
3851 3113 63 18 expee
3917 3108 5 13 f
3925 3106 72 23 ations,
4010 3113 40 13 was
4066 3106 74 21 unable
4150 3108 21 20 to

3626 3135 48 22 hold
3684 3135 32 21 his
3727 3142 45 15 own
3779 3135 78 23 aaainst
3869 3133 33 21 Mr
3910 3133 53 21 Wm.
3976 3133 97 26 Osborne,
4082 3133 45 21 who
4136 3133 38 21 had

3625 3171 11 12 a
3647 3162 96 27 majority
3749 3164 23 20 of
3785 3163 24 21 22
3819 3164 56 19 votes
3889 3161 57 21 when
3961 3161 36 20 the
4010 3161 96 21 numbers
4120 3163 55 17 went

3625 3197 36 18 up.
3689 3189 33 20 Mr
3731 3190 79 21 Bennet
3828 3195 55 15 came
3899 3188 19 20 in
3934 3194 9 13 a
3960 3188 153 25 comparitively
4127 3194 46 19 easy

3627 3218 77 20 winner
3725 3216 33 21 for
3781 3216 115 21 Beaumont
3918 3214 72 25 riding,
4010 3214 103 25 defeating
4139 3214 33 21 Mr

3624 3245 24 22 C.
3659 3245 23 22 C.
3694 3243 89 22 Rawlins
3793 3244 26 26 by
3835 3243 24 21 12
3873 3243 64 20 vote?.
3964 3241 43 22 The
4022 3241 63 21 latter
4097 3248 74 15 swears

3624 3272 25 21 he
3657 3270 42 23 will
3706 3270 52 23 have
3765 3272 31 21 his
3803 3277 86 20 revenge
3896 3269 26 27 by
3928 3269 103 25 defeating
4040 3269 31 21 Mr
4078 3269 93 21 Larnach

3624 3300 32 21 for
3668 3299 113 26 Tuapeka's
3791 3299 44 20 seat
3846 3298 20 21 in
3878 3297 35 21 the
3927 3297 70 21 House
4007 3297 21 20 of

3623 3328 60 21 tives.
3713 3328 30 19 As
3752 3326 36 21 the
3796 3326 14 11 f<
3819 3325 94 25 knowing
3925 3324 55 20 one's
4013 3324 111 25 predicted.
4141 3323 31 20 Mr

3624 3354 51 20 Edie
3685 3354 56 22 again
3750 3353 58 20 takes
3815 3352 34 20 his
3857 3353 44 18 seat
3910 3352 20 18 at
3941 3350 35 20 the
3990 3350 78 20 couneil
4083 3350 55 20 table
4152 3357 22 13 as

3624 3380 36 21 the
3670 3380 90 21 member
3769 3378 32 22 for
3810 3378 69 21 James
3889 3377 52 21 ridin
3947 3384 15 13 *.
3989 3377 33 20 Mr
4034 3377 65 20 Kerso
4115 3375 59 22 made

3623 3415 12 14 a
3644 3408 50 26 geod
3709 3408 57 26 fight,
3781 3406 40 23 but
3836 3406 18 22 it
3868 3412 40 15 was
3922 3406 37 21 not
3975 3405 22 21 to
4010 3404 38 22 be:
4064 3404 35 22 the
4117 3404 59 22 Fates

3624 3436 39 21 had
3674 3436 84 21 decreed
3767 3434 114 22 otherwise.

3649 3463 45 20 One
3710 3463 22 20 of
3741 3463 36 20 the
3792 3462 90 20 features
3896 3459 22 21 of
3932 3459 35 21 the
3982 3459 82 25 County
4081 3459 94 20 elections

3624 3496 40 14 was
3673 3489 35 21 the
3717 3489 117 26 prominent
3842 3488 47 25 part
3898 3486 36 21 the
3943 3487 61 19 wives
4010 3486 22 20 of
4042 3492 54 14 some
4104 3485 22 20 of
4137 3485 35 21 the

3623 3516 117 22 candidates
3749 3515 112 26 displayed.
3887 3514 27 22 In
3923 3520 56 15 more
3988 3513 49 21 than
4046 3520 38 13 one
4093 3513 79 21 contest

3623 3545 36 20 the
3670 3544 90 26 winning
3769 3543 107 22 candidate
3885 3541 37 22 has
3931 3544 22 18 to
3967 3541 64 21 thank
4042 3541 31 21 his
4082 3541 47 21 wife
4143 3536 32 25 for

3624 3572 36 21 the
3670 3578 77 15 success
3756 3571 107 25 attending
3873 3571 36 19 her
3918 3569 72 21 efforts
3998 3576 22 12 as
4032 3575 12 13 a
4056 3575 112 15 canvasser.

3623 3600 11 20 I
3643 3602 74 19 cannot
3727 3606 35 20 gay
3771 3598 47 21 that
3826 3598 11 21 I
3850 3604 88 20 approve
3951 3596 23 21 of
3988 3596 35 20 the
4038 3595 133 24 innovation.;

3623 3627 33 21 for
3679 3628 11 20 I
3713 3626 61 21 think
3792 3626 17 21 it
3826 3626 17 20 is
3860 3625 64 20 about
3941 3624 50 21 time
4009 3623 35 21 the
4061 3624 75 24 system
4153 3623 21 21 of

3623 3652 236 28 canvar-ing—whether
3873 3651 32 21 for
3919 3651 50 21 locnl
3985 3650 95 22 elections
4095 3656 23 14 or
4132 3649 35 21 the

3624 3682 80 26 genera'
3726 3681 52 21 elect
3779 3681 5 11 :
3786 3687 26 14 on
3849 3678 75 22 should
3940 3679 25 20 be
3990 3677 64 24 wiped
4079 3678 44 20 out.
4144 3677 27 24 fit

3624 3709 82 25 should,
3727 3708 80 26 indeed,
3830 3707 26 20 be
3880 3706 59 20 made
3962 3712 10 13 a
4000 3704 60 27 penal
4087 3704 84 25 Qffence,

3624 3736 108 25 rendering
3741 3735 35 20 the
3783 3740 106 15 canvasser
3897 3732 67 26 liable,
3973 3739 25 13 on
4011 3731 121 25 conviction,
4147 3733 23 18 to

3624 3769 13 14 a
3660 3764 52 19 term
3741 3762 22 21 of
3785 3760 162 26 imprisonment.
3974 3759 57 20 More
4057 3758 49 20 than
4137 3764 38 14 one

3625 3790 108 21 candidate
3744 3796 40 13 was
3793 3788 77 26 grossly
3879 3785 94 22 deceived
3984 3785 88 26 through
4078 3785 96 24 listening

3626 3819 22 20 to
3657 3817 32 22 his
3702 3818 56 20 touts
3773 3815 39 22 and
3828 3821 115 16 canvassers
3958 3812 103 28 reporting
4077 3812 46 21 that
4139 3812 35 21 So*

3626 3845 41 21 and
3676 3845 27 21 So
3723 3851 41 14 was
3786 3844 59 26 going
3861 3844 22 19 to
3898 3842 48 21 vote
3958 3841 32 20 for
4004 3840 43 21 him
4056 3848 6 17 ;
4079 3840 95 23 whereas,

3626 3873 27 20 So
3661 3872 76 20 and-So
3756 3878 63 13 never
3833 3877 50 18 gave
3899 3877 12 12 a
3926 3868 87 26 promise
4031 3875 36 13 nor
4084 3867 39 20 had
4137 3873 38 19 any

3626 3898 102 22 intention
3753 3898 126 20 whatsoever
3899 3895 22 21 of
3940 3895 71 25 voting
4032 3894 20 21 in
4074 3893 35 22 the
4131 3900 44 16 wo-V

3626 3925 110 23 indicated.
3762 3925 41 21 For
3810 3924 96 23 instance,
3922 3929 38 14 one
3972 3920 158 25 candidate-had
4148 3927 26 14 an

3626 3953 94 21 absolute
3729 3953 96 26 majority
3834 3952 22 21 of
3865 3951 69 21 fifteen
3944 3951 56 19 votes
4010 3949 35 20 the
4053 3950 39 24 day
4107 3948 68 20 before

3628 3981 36 21 the
3674 3979 136 24 election,and
3823 3979 57 20 when
3890 3978 35 21 the
3934 3977 96 21 numbers
4041 3983 51 14 were
4101 3977 37 25 put
4148 3982 27 18 up

3628 4008 26 20 he
3663 4007 64 21 found
3737 4007 46 20 that
3790 4006 36 20 the
3835 4006 60 20 other
3903 4011 47 14 man
3960 4003 76 27 topped
4045 4003 36 20 the
4091 4002 40 24 poll
4146 4002 27 26 by

3627 4034 70 26 nearly
3708 4034 58 20 three
3775 4033 60 21 times
3844 4032 78 21 fifteen.
3948 4030 66 23 There
4023 4037 40 14 was
4071 4029 103 26 evidently

3628 4061 115 26 something
3752 4066 69 20 wrong
3828 4058 134 22 somewhere!

3653 4090 22 20 It
3691 4089 17 21 is
3720 4096 45 14 now
3779 4081 89 27 evident,
3873 4087 48 21 that
3936 4086 74 23 Messrs
4027 4084 91 22 Larnaeh
4134 4084 39 21 and

3628 4116 90 20 Rawlins
3727 4115 42 19 will
3778 4115 25 18 be
3816 4115 36 19 the
3866 4113 49 25 only
3927 4113 116 21 candidates
4052 4112 19 19 in
4082 4112 34 19 the
4127 4111 47 20 field

3628 4142 33 20 for
3674 4142 36 20 the
3723 4140 96 26 Tuapeka
3835 4141 44 19 seat
3896 4141 22 18 at
3932 4138 35 21 the
3984 4137 79 26 general
4082 4136 92 22 election.

3628 4169 43 21 The
3680 4168 62 21 latter
3751 4167 37 21 has
3797 4174 45 14 now
3851 4166 50 21 been
3911 4173 30 14 on.
3946 4165 36 22 the
3989 4166 69 24 stump
4064 4164 32 21 for
4106 4163 69 27 nearly

3628 4202 12 14 a
3657 4195 108 24 fortnight,
3784 4193 117 23 addressing
3918 4192 99 24 meetings
4031 4190 87 26 nightly,
4135 4191 40 22 and

3627 4223 36 20 has
3672 4220 112 26 invariably
3798 4219 105 27 heen,well
3913 4218 96 24 received.
4038 4216 133 23 MrLa'rnaeh

3628 4256 40 14 was
3685 4251 22 19 to
3732 4248 52 21 have
3807 4246 78 27 opened
3909 4246 35 21 fire
3967 4246 22 19 at
4007 4244 103 21 Poolburn
4136 4244 39 21 last

3627 4276 101 26 Saturday
3737 4275 93 25 evening.
3857 4274 22 20 It
3888 4273 39 21 will
3939 4272 47 21 take
3996 4272 33 21 Mr
4042 4271 90 21 Larnach
4147 4271 28 20 all

3627 4303 32 21 his
3680 4304 50 20 time
3756 4303 21 19 to
3798 4302 35 25 get
3853 4300 88 25 through
3958 4300 35 19 the
4009 4298 108 20 electorate
4130 4298 44 25 ,ai)d

3628 4331 97 26 speaking
3734 4330 22 20 at
3764 4329 27 20 all
3801 4328 35 21 the
3846 4329 85 20 centres,
3939 4326 17 21 if
3964 4326 36 20 the
4016 4325 85 20 e'ection
4117 4325 58 20 takes

3632 4358 57 28 place
3697 4357 21 22 in
3727 4357 37 21 the
3772 4357 44 21 first
3824 4354 55 22 week
3889 4354 22 21 of
3920 4352 139 23 next.month.

3650 4385 168 22 Themovfment
3830 4383 20 21 in
3860 4382 58 21 favor
3929 4379 32 28 of,
3965 4381 35 21 the
4015 4379 155 22 establishment

3625 4413 22 21 of
3663 4420 12 14 a
3699 4411 89 27 foundry
3802 4411 20 20 in
3843 4409 108 21 Lawrence
3972 4408 17 20 is
4010 4407 70 26 taking
4096 4413 33 15 on.
4156 4407 19 20 A

3626 4441 55 27 large
3687 4439 86 23 number
3779 4438 22 22 of
3806 4438 69 22 shares
3880 4436 52 22 have
3943 4435 80 27 already
4030 4434 50 21 been
4090 4434 82 28 applied

3626 4470 39 24 lor,
3683 4468 41 20 and
3741 4467 17 20 it
3777 4467 17 20 is
3812 4464 123 22 understood
3956 4463 58 21 there
4038 4462 40 20 will
4098 4463 25 19 be
4147 4469 26 13 no

3626 4494 101 24 difficulty
3736 4494 20 19 in
3767 4493 102 24 disfosing
3881 4491 22 19 of
3915 4491 35 19 the
3964 4489 88 20 balance.
4080 4489 21 19 It
4115 4489 17 19 is
4147 4494 26 17 op

3627 4521 36 21 the
3673 4520 57 21 cards
3736 4519 46 22 that
3791 4519 33 21 Mr
3838 4519 19 21 R
3880 4516 89 25 Newell,
3975 4516 18 25 (a
4008 4515 83 23 brother
4104 4514 22 22 of
4139 4514 36 22 the

3628 4548 87 25 popular
3738 4547 78 21 medico
3838 4547 21 19 in
3883 4545 72 26 charge
3977 4544 22 21 of
4021 4544 36 20 the
4078 4543 97 26 Tuapeka

3628 4574 103 25 Hospital)
3741 4574 17 20 is
3767 4574 22 18 to
3798 4573 77 21 receive
3883 4572 35 20 the
3927 4571 85 26 position
4021 4571 22 19 of
4049 4576 95 18 manager
4152 4569 22 19 of

3626 4601 37 19 the
3673 4600 88 25 foundry
3770 4606 21 13 as
3801 4606 48 13 soon
3858 4605 22 13 as
3894 4598 17 20 it
3922 4599 17 19 is
3950 4604 26 14 an
3989 4596 121 21 eslablished
4125 4595 48 21 fact.

3626 4627 33 19 Mr
3668 4626 86 22 Newell,
3765 4625 45 21 who
3819 4632 66 13 comts
3892 4625 53 19 from
3951 4625 75 19 Messrs
4034 4623 22 21 J.
4066 4622 109 20 Anderson

3625 4653 39 20 and
3686 4652 55 22 Co.'i
3758 4652 89 25 foundry
3860 4651 21 21 in
3899 4649 153 26 Christchurcb,
4068 4649 57 21 bears
4139 4648 36 21 the

3625 4679 116 26 reputation
3762 4679 22 20 of
3803 4679 59 25 being
3875 4686 12 13 a
3900 4684 50 21 very
3964 4677 70 21 skilful
4049 4674 125 24 meohanical

3625 4707 102 24 engineer,
3748 4706 40 19 and
3809 4712 98 19 possesses
3927 4712 61 18 many
4007 4704 95 26 qualities
4130 4703 45 23 that

3625 4733 112 22 eminently
3748 4732 24 20 fit
3782 4732 42 19 him
3835 4732 31 18 for
3875 4732 36 19 the
3920 4732 87 22 position
4017 4732 20 18 in
4047 4731 101 24 question.

3649 4758 43 20 The
3721 4754 51 24 ilev.
3797 4757 24 20 L.
3849 4757 28 20 M.
3907 4756 55 25 I*itt,
3988 4756 36 20 the
4042 4755 45 20 well
4098 4755 75 20 known

3625 4783 126 23 Prohibition
3761 4783 96 24 lecturer,
3873 4782 73 25 speaks
3960 4782 48 20 here
4023 4788 27 14 on
4067 4781 107 28 Thursday

3624 4811 92 26 evening.
3744 4810 33 20 He
3792 4810 17 20 is
3826 4816 47 13 sure
3883 4811 21 18 to
3918 4808 26 20 be
3957 4808 81 26 greeted
4054 4808 28 26 by
4096 4815 12 13 ft
4123 4815 51 20 very

3623 4839 53 24 large
3693 4837 105 21 audifnce.
3824 4836 43 20 The
3892 4842 42 14 rev.
3956 4835 116 26 gentleman
4091 4835 41 21 will
4147 4835 26 21 do

3623 4866 31 20 his
3664 4866 79 19 utmost
3750 4865 21 19 to
3778 4863 76 26 prevail
3863 4870 54 19 upon
3926 4862 35 20 the
3967 4863 86 19 electors
4058 4863 22 19 to
4108 4862 64 22 strike

3623 4893 37 20 out
3670 4891 35 21 the
3716 4892 35 24 top
3830 4889 57 21 when
3901 4889 70 26 voting
3984 4889 21 20 at
4024 4888 35 21 the
4077 4888 96 27 licensing

3622 4919 49 29 poll,
3697 4917 64 23 which
3777 4918 16 20 is
3803 4917 62 21 taken
3882 4923 26 16 on
3924 4917 36 23 the
3977 4922 55 16 same
4043 4915 39 28 day
4097 4922 21 15 as
4136 4915 36 28 th.o

3616 4947 81 25 general
3706 4945 92 21 election.

2039 98 111 40 GEE.

3408 83 182 45 Tfi'day,
3604 85 244 39 Uovember
3864 83 74 44 *2O,
3956 84 124 40 TB9o.

123 192 194 40 TUESDAY,
337 197 46 29 Ist
401 196 221 37 DECEMBER,

261 237 38 27 At
313 241 50 24 two
375 237 100 28 o'clock.

94 311 225 54 JABEZ
389 306 275 37 BURTON!

172 359 47 27 has
231 359 110 27 received
359 360 164 26 instructions
537 358 61 27 from
613 357 41 27 the

87 408 5 13 :
97 402 144 37 Roxburgh
264 401 96 38 Jockey
375 401 65 29 Club
452 401 49 29 and
516 399 138 37 Roxburgh

99 449 113 26 Athletic
222 449 91 34 Sports
327 447 64 28 Club
405 452 24 22 to
451 446 43 28 sell
518 446 137 34 Privileges

100 501 27 18 in
140 492 148 28 connection
301 491 60 29 with
375 491 64 28 their
461 489 98 31 Annual
574 489 64 26 Meet-

99 540 59 34 ings
172 548 26 18 as
210 538 113 28 above—

172 580 188 27 -I—Luncheon
396 578 49 26 and
481 576 175 27 Refreshment

240 616 95 30 Booths

222 660 72 28 Fruit
307 660 77 27 Stalls

116 726 225 37 THURSDAY,
353 727 54 29 3bd
426 724 220 35 DECEMBER,

233 769 36 28 At
281 776 47 19 one
341 766 93 29 o'clock
448 766 81 36 sharp.

154 846 187 30 TUAPEKA
364 844 123 30 STOCK
506 841 107 30 FAIR.

90 897 7 11 7
105 893 66 21 Fjbbt
184 896 47 18 add
240 893 73 21 Thied
323 891 132 21 Tecbsdats
464 893 24 17 in
497 893 58 16 each
568 887 89 21 Month.

102 960 180 57 JOHN
363 952 296 34 THOMPSON

177 999 52 28 will
254 997 57 30 held
324 997 51 28 'bis
389 1006 7 8 *
401 1001 61 22 next
485 994 57 27 Sale
566 997 27 23 at
616 992 42 27 the

97 1036 126 36 Tuapeka
236 1036 56 27 Sale
309 1034 92 31 Yards,
415 1032 141 31 Lawrence,
570 1039 31 18 on
616 1028 41 28 the

88 1098 5 5 .
103 1073 78 27 above
193 1073 57 27 date
258 1079 25 21 at
295 1080 49 18 one
356 1070 91 28 o'clock
461 1069 82 34 sharp.

130 1147 106 28 'Parties
261 1145 112 33 desiring
396 1149 26 21 to
532 1139 75 29 Stock
629 1148 28 18 or

280 1187 26 21 at
318 1180 78 27 above
410 1179 56 27 Sale
482 1176 129 37 requested
631 1182 25 20 to

87 1237 6 6 v
103 1219 62 26 send
182 1218 147 35 particulars
351 1222 26 19 to
395 1215 43 26 the
459 1214 153 27 Auctioneer
630 1220 26 17 as

85 1277 5 4 .
101 1255 69 35 early
182 1263 26 18 as
221 1252 114 37 possible.

101 1312 261 33 APPLICATION
375 1307 282 34 FORSLICENSED

284 1350 186 31 HOLDING.

271 1425 124 28 District:
414 1422 83 36 Otago
510 1420 112 31 Mininjr.

215 1463 66 28 Da'e
292 1473 6 16 :
313 1462 61 27 ftftb
384 1459 151 31 November,
546 1457 74 29 1896.

135 1502 36 26 To
184 1502 42 26 the
242 1500 107 27 Warden
364 1503 25 22 at
402 1496 149 35 Roxburgh.

87 1538 109 28 -•TX7E
226 1536 92 36 hereby
343 1535 75 34 apply
436 1534 38 27 for
503 1530 155 29 a'Licensed

120 1580 12 13 *
146 1580 10 13 *
193 1575 114 34 Holding
316 1573 36 28 for
362 1563 168 42 Goldmining
539 1577 119 29 purposes

101 1613 81 28 under
194 1613 43 27 the
248 1612 140 36 provisions
410 1609 28 27 of
481 1608 54 28 The
555 1608 104 33 Mining

101 1653 62 30 Act,
302 1648 28 28 of
347 1647 43 28 the
414 1646 72 28 lands
511 1643 148 29 hereinafter

101 1687 137 32 described,
247 1686 82 28 which
339 1686 63 27 have
415 1684 61 28 been
487 1682 59 37 duly
557 1680 102 28 marked

87 1727 41 27 'in
142 1724 149 30 accordance
304 1723 62 29 with
380 1722 41 29 the
442 1721 100 35 mining
562 1718 84 38 regula-

87 1780 5 5 •
101 1765 74 25 tions.

307 1797 95 29 JOHN
428 1794 149 30 GUNTON

310 1832 149 31 GEORGE
474 1829 149 30 GUNTON

103 1876 51 36 (By
164 1874 64 28 their
238 1873 123 34 Solicitor,
373 1872 95 28 David
479 1865 181 37 Finlayson.)

141 1946 95 27 Names
250 1945 47 26 and
311 1943 127 28 addresses
450 1942 26 26 in
490 1939 44 28 full
548 1938 29 27 of
582 1937 65 36 appli-

106 1982 176 28 cants—John
296 1982 104 26 Gunton
414 1978 47 30 and
476 1977 99 34 George
589 1975 54 27 Gun-

104 2026 54 25 ton,
168 2020 28 26 of
203 2018 143 28 Horseshoe
356 2017 79 30 Bend,
442 2012 219 31 miners—l7ol7,

91 2057 140 35 'B/10/96;
251 2055 93 32 17618,
356 2053 116 38 8/10/96.

141 2094 71 36 Style
224 2093 83 27 under
316 2092 82 27 which
412 2093 20 24 it
453 2091 21 26 is
498 2086 117 30 intended
638 2091 24 21 to

107 2132 107 27 conduct
225 2131 42 27 the
277 2128 253 29 business—Gunton
543 2123 119 29 Brothers

140 2169 114 33 Locality
268 2168 81 25 where
360 2166 43 27 the
412 2165 59 27 land
482 2162 97 36 applied
593 2161 36 26 for
642 2162 20 25 is

104 2203 289 28 situated—South-east
414 2202 24 26 of
462 2199 47 28 and
532 2197 130 37 adjoining

106 2243 100 27 Section
220 2241 41 33 16,
273 2240 79 29 Block
361 2239 75 34 XII.,
445 2237 101 37 Benger
556 2235 104 29 district.

140 2279 96 28 Extent
250 2280 23 25 of
287 2279 57 27 land
356 2277 98 36 applied
468 2276 86 27 for—6
568 2282 75 18 acres.

139 2318 113 25 Amount
266 2315 127 35 of-capital
407 2312 120 38 proposed
540 2316 33 22 to
579 2310 29 27 be
621 2311 26 25 in-

90 2353 4 32 •
100 2353 230 32 vested—<£l,ooo.

135 2390 128 35 Proposed
277 2389 72 27 mode
370 2389 28 25 of
417 2387 117 34 working
547 2385 41 26 the
601 2383 57 28 land

85 2426 3 38 .
97 2427 181 37 —Hydraulic
292 2426 115 32 sluicing.

135 2464 73 27 Term
222 2464 37 26 for
273 2462 81 28 which
367 2462 91 27 license
471 2461 21 25 is
510 2458 151 37 required—

99 2502 31 26 -21
152 2511 81 26 years.

135 2538 110 29 General
257 2535 216 35 remarks—Pegs
486 2532 101 29 marked
601 2532 34 28 G.

135 2576 84 27 Dated
233 2580 26 22 at
274 2573 139 36 Roxburgh
427 2572 50 26 this
499 2570 62 27 10th
574 2570 49 35 day
636 2568 25 26 of

88 2612 162 34 -November,
271 2610 76 28 1896.

137 2681 53 30 The
203 2681 77 30 above
293 2679 151 39 application
457 2676 49 30 and
520 2685 49 27 any
582 2674 66 38 objec-

104 2722 64 26 tions
182 2721 51 26 will
255 2720 30 26 be
310 2718 75 27 heard
410 2723 25 22 at
460 2717 42 26 the
527 2713 134 29 Warden's

91 2757 88 28 •Office
191 2763 26 22 at
230 2756 140 36 Roxburgh
384 2764 33 18 on
434 2752 61 29 11th
515 2750 144 33 December,

104 2794 67 28 1896
173 2816 6 6 -

141 2834 59 33 Any
214 2841 90 26 person
317 2831 112 33 desiring
445 2834 28 21 to
485 2826 83 37 object
580 2830 25 23 to
619 2824 42 28 th«

107 2870 66 26 issue
184 2868 30 27 of
222 2878 15 17 a
248 2867 93 28 license
350 2867 37 26 for
397 2866 42 27 the
447 2864 60 28 land
518 2862 97 37 applied
624 2862 38 26 for

107 2911 77 26 must,
204 2907 65 34 prior
294 2911 24 21 to
341 2904 41 27 the
404 2903 112 32 hearing,
535 2907 70 21 enter
623 2899 39 27 his

107 2943 138 34 objections
270 2948 26 20 at
320 2942 42 26 tLe
386 2939 133 27 Warden's
543 2938 76 27 Office
638 2942 26 21 at

96 2998 6 8 t
107 2979 148 31 ßcxburph.

161 3013 211 29 FREDERICK
389 3012 171 31 JEFFERY,

307 3050 75 26 Clerk
396 3050 130 26 Warden's
540 3049 87 25 Court.

147 3087 122 27 Received
284 3093 25 20 at
322 3087 132 26 Warden's
466 3085 75 28 Office
555 3088 26 23 at
593 3084 51 25 Rox-

113 3125 81 35 burgh
219 3134 31 17 on
278 3124 59 27 10th
363 3123 148 33 November,
537 3120 75 35 1896,
636 3124 26 22 at

109 3163 33 26 10
155 3172 56 18 a.m.

106 3222 85 36 JO
208 3222 63 27 OK
323 3224 28 24 -A
387 3223 12 24 r
459 3220 171 26 THIS!

170 3301 104 26 BQOTB
290 3306 37 21 tor
341 3303 41 24 the
399 3301 81 28 Grfat,

186 3346 87 24 .JJaots
293 3346 37 23 for
351 3347 42 23 the
406 3346 90 28 Small;

170 3387 71 25 Boots
257 3387 37 24 for
313 3387 40 24 the
372 3386 78 31 Short,

200 3433 128 26 Boots.for
345 3434 41 23 Ihe
404 3433 53 24 Tall
473 3441 5 20 ;

159 3491 7 7 •
172 3478 123 24 Brota'for
313 3478 41 24 the
372 3477 97 30 Young,

200 3518 74 25 Boots
292 3517 36 25 for
343 3517 40 25 the
401 3516 65 30 Old;

202 3582 56 24 And
275 3581 102 24 BOOTS
393 3580 46 25 am*
457 3579 104 26 SHOES

321 3638 37 23 for
373 3636 30 24 all
427 3640 24 21 at

203 3701 58 36 fH.
306 3698 259 44 Bah.'Lire's,

108 3763 129 31 /Oppotite
252 3760 158 26 Commercial
429 3760 83 31 Hotel,
532 3759 132 31 Roxburgh

139 3846 132 27 SSTCome
287 3845 48 26 and
352 3846 93 29 inspect
455 3845 42 25 the
513 3845 80 24 Stock.

401 3920 262 43 BBUCE,

201 3989 200 30 BOARDING
429 3989 141 37 HOUSE,

131 4030 325 36 'Whitehaven-stbeet,
478 4029 155 30 Lawrence

174 4069 143 42 (Opposite
330 4070 119 41 English
462 4069 132 39 Church.)

109 4156 5 14 i
120 4150 80 21 FIRST
217 4150 85 21 CLASS
323 4149 249 23 ACCOMMODATION
586 4149 63 22 'FOR

195 4177 57 21 THE
259 4177 191 22 .TRAVELLING
465 4177 111 22 PUBLIC.

140 4245 92 32 ,G«od
255 4244 131 40 Stabling
409 4245 55 30 and
483 4243 131 32 Paddock

255 4285 255 30 Accommodation.

192 4365 166 31 —Charges
376 4366 201 30 Moderate.—

104 4431 70 51 C.
222 4428 437 62 Townahead,

144 4505 268 37 MORNINGTON,
431 4504 191 32 DUNEDIN.

243 4584 56 22 FOR
323 4584 200 26 RHEUMATISM,

93 4623 4 31 ,
106 4623 283 29 TOWNSHEND'S
426 4623 235 29 RHEUMATIC

288 4661 194 31 LINIMENT

107 4715 21 26 is
141 4722 13 19 a
167 4722 58 18 cure
238 4713 36 27 for
287 4713 81 28 which
382 4713 30 26 he
432 4713 44 27 has
495 4716 42 25 the
558 4713 103 35 highest

165 4749 173 32 testimonials,
351 4749 47 27 and
414 4749 79 27 which
501 4750 50 27 lias
563 4755 45 22 not

285 4784 61 28 been
359 4784 115 29 excelled.

171 4856 77 29 THE
267 4855 185 29 PARAGON
473 4855 124 30 SALVE

107 4908 21 26 is
140 4915 56 19 now
210 4916 14 17 a
241 4904 162 29 well-known
423 4904 107 37 specific,
549 4905 49 29 and
617 4905 44 29 has

175 4944 92 34 proved
281 4953 30 17 an
332 4943 111 27 absolute
462 4951 75 18 cure
555 4944 38 26 for

109 4980 96 30 Ulcers,
226 4979 91 27 Burns.
337 4979 95 30 Scalds,
452 4979 71 33 Open
535 4979 125 30 Wounds,

165 5014 124 29 Poisoned
302 5014 75 28 Flesh
392 5014 49 27 and
455 5014 32 27 all
500 5014 73 28 kinds
586 5014 27 27 of

346 5052 80 27 Sores.

236 5128 294 30 TESTIMONIALS.

134 5185 17 20 A
173 5181 98 23 Resident
293 5180 21 22 of
334 5180 31 22 St.
384 5179 91 22 Bathans
622 5180 39 22 We

110 5210 114 27 purchased
234 5217 12 12 a
255 5209 40 19 box
309 5208 22 20 of
339 5214 52 18 your
400 5208 115 24 OiDtment,
525 5208 39 19 and
574 5208 17 19 it
600 5209 61 19 cured

100 5233 3 30 '
110 5245 26 14 an
146 5244 51 19 open
207 5242 43 14 sore
257 5235 53 21 from
317 5234 65 20 which
388 5241 35 16 my
429 5233 68 21 father
504 5240 38 14 was
551 5235 109 24 suffering;

110 5266 20 20 in
140 5265 49 20 fact,
201 5263 16 21 it
230 5269 40 13 was
283 5262 37 20 the
332 5261 45 21 best
387 5261 107 20 Ointment
511 5268 30 13 we
549 5261 52 20 have
615 5268 46 14 ever

109 5292 49 21 had.
186 5291 21 21 If
215 5295 40 22 you
272 5290 51 20 have
337 5296 40 19 any
393 5295 55 14 more
463 5289 107 20 Ointment
586 5289 40 21 like
636 5289 23 26 it,

106 5320 68 26 please
183 5318 50 20 send

135 5355 93 24 WritiDg
238 5355 52 19 from
305 5353 36 20 the
355 5353 69 21 North
434 5353 50 19 East
494 5353 81 25 Valley,
585 5361 11 12 a
607 5354 55 26 Lady

220 5381 62 25 Bring
292 5387 32 14 me
334 5387 11 14 a
355 5379 74 27 supply
438 5379 23 21 of
466 5386 52 18 your
525 5379 106 22 Ointment
637 5388 24 14 on

113 5417 53 19 your
181 5411 50 19 next
245 5409 56 25 visit,
317 5414 22 14 as
354 5414 30 14 we
401 5407 93 21 consider
508 5407 16 20 it
534 5407 129 23 invaluable.'

144 5469 99 26 Dozens
265 5467 28 27 of
314 5467 72 27 other
405 5465 174 27 Testimonials
602 5466 61 27 have

109 5505 51 28 also
174 5505 60 27 been
248 5505 111 26 received
381 5503 32 36 by
436 5502 42 27 the
497 5502 166 36 undersigned

106 5543 69 38 quite
187 5541 155 29 unsolicited.

227 5616 66 27 Send
306 5624 64 27 your
382 5614 92 27 Orders
487 5617 62 23 to—

165 5665 31 30 C.
254 5663 354 36 TOWNSHEND,

204 5715 205 27 MORNINGTON,
423 5713 144 25 DUNEDIN.

681 196 215 32 ROXBURGH
926 190 169 35 CYCLING
1124 185 109 34 CLUB-

701 279 18 23 A
755 272 194 31 HANDICAP
972 270 101 28 ROAD
1098 265 94 30 RACE
1210 267 25 23 to

773 312 61 27 Coal
843 310 78 29 Creek
931 308 48 29 and
988 306 63 29 back
1061 315 32 18 on
1102 301 111 30 THURS-

685 350 82 32 DAY,
781 349 73 28 26th
870 346 90 29 INST.
996 345 100 27 Entries
1108 341 50 37 (Is)
1172 338 65 29 close

685 397 30 17 on
729 386 124 32 Tuesday,
868 390 25 22 at
906 385 14 26 7
933 392 58 24 p.m.

828 414 9 8 *
866 423 33 29 B.
919 421 36 30 V.
976 417 151 35 REILLY,

1066 458 66 26 Hon.
1150 454 54 28 Sec.

676 516 1 45 i
724 527 175 30 BOROUGH
924 525 45 29 OF
991 516 214 37 ROXBURGH.

757 602 250 24 extraordinary
1031 596 146 24 vacancy.

692 669 155 41 ■\TOTTCE
869 669 27 27 Is
915 667 99 34 Hereby
1029 666 81 27 Given
1121 663 57 27 that
1199 660 41 27 the

775 707 162 27 Nomination
951 709 25 22 of
988 702 151 29 Candidates
1148 700 38 26 for
1197 697 43 27 the

689 745 68 28 office
769 745 24 26 of
807 745 90 34 Mayor
910 743 28 28 of
946 742 43 27 the
1005 738 117 36 Borough
1135 736 27 28 of
1174 736 49 26 Rox-

689 783 81 33 burgh
786 781 49 26 will
858 781 29 26 be
908 778 110 29 received
1028 778 9 10 Y
1039 777 36 30 bv
1096 784 40 18 me
1159 783 34 20 up
1215 778 25 21 to

687 829 66 18 noon
765 828 31 18 on
807 816 205 33 SATURDAY,
1023 816 72 26 28th
1104 809 114 31 NOVEM-

689 856 80 32 BER,
808 855 74 32 1696,
919 859 25 22 at
973 853 43 27 the
1045 849 195 31 Council-room,

689 893 150 28 Athenaeum
852 891 143 34 Buildings.

724 930 24 27 If
760 938 139 26 necessary,
913 937 14 18 a
941 927 55 28 Poll
1010 926 51 28 will
1073 926 30 28 be
1117 924 73 28 taken
1210 931 31 19 on

688 967 43 27 the
744 966 44 27 7th
802 964 146 33 December,
963 964 74 28 1896.

845 1012 116 29 JABEZ
981 1010 157 32 BURTON,

953 1050 147 31 Returning
1112 1047 96 28 Officer.

755 1109 144 31 COUNTY
925 1109 45 28 OF
988 1106 184 30 TUAPEKA.

741 1188 154 20 ORDINARY
922 1185 147 24 VACANCY,
1096 1184 92 20 JAMES

908 1211 113 21 RIDING.

678 1277 35 54 1
732 1274 158 29 NORMAN
905 1270 198 31 LAURENCE
1113 1268 129 29 M'KEN-

765 1312 67 31 ZIE,
1004 1308 90 29 Officer
1107 1307 38 28 for
1156 1306 88 29 James

687 1350 103 32 Ridmg,
804 1347 118 36 Tuapeka
936 1347 109 31 County,
1059 1345 141 27 substitute*
1206 1344 38 26 for

686 1386 68 27 John
764 1384 95 36 Joseph
874 1382 104 33 Woods,
988 1382 62 34 duly
1063 1380 134 45 appointed
1210 1379 33 37 by

687 1424 50 27 him
753 1434 26 17 as
792 1423 70 33 such,
881 1422 81 27 under
973 1420 100 28 Section
1086 1418 26 30 *7
1126 1418 28 28 of

687 1461 155 32 Regulation
874 1460 27 26 of
922 1458 75 28 Local
1025 1457 128 27 Elections
1184 1456 58 31 Act,

799 1498 32 26 do
856 1497 91 35 hereby
971 1496 59 34 give
1055 1494 84 32 public
1161 1494 83 27 notice

687 1536 56 27 that
752 1541 25 21 at
786 1543 14 19 a
812 1534 54 28 Poll
878 1534 74 27 taken
963 1538 25 21 at
999 1533 41 26 the
1051 1531 191 30 Schoolhouses,

677 1571 153 34 'Dunrobin,
867 1570 152 32 Crobkston,
1064 1569 89 27 Heriot
1194 1568 48 27 and

680 1610 115 33 TSttrick,
809 1619 32 18 on
854 1610 43 27 the
911 1604 61 32 lltfi
985 1608 49 35 day
1047 1607 29 27 of
1094 1605 150 30 November,

690 1648 75 34 1896,
784 1648 38 27 for
840 1647 43 27 the
904 1652 86 22 return
1011 1644 29 28 of
1058 1653 47 18 one
1127 1642 117 39 qualified

689 1695 88 26 person
801 1692 27 19 to
849 1693 69 18 serve
943 1692 26 18 as
995 1681 144 29 Councillor
1159 1681 28 26 of
1203 1680 42 27 the

689 1722 105 30 Council
809 1721 24 29 of
847 1721 41 28 the
901 1721 102 35 County
1025 1719 25 28 of
1070 1718 119 37 Tuapeka
1207 1717 38 28 for

689 1761 87 28 James
790 1759 106 33 Riding,
910 1759 42 26 the
965 1757 130 32 following
1107 1756 107 27 number
1221 1756 28 26 of

690 1803 70 22 votes
773 1806 51 18 was
836 1795 112 28 received
958 1794 32 37 by
1000 1794 61 27 each
1071 1792 174 28 Candidate—

688 1834 107 37 namely,

715 1879 107 32 'EDIE,
835 1877 96 29 JOHN
1162 1874 49 27 109

725 1916 130 33 KERSE,
869 1912 169 30 CHARLES
1094 1934 27 6 ...
1178 1912 32 26 83

693 1963 57 27 And
763 1963 40 26 the
814 1961 103 28 number
928 1959 27 27 of
962 1958 129 27 vacancies
1101 1962 26 21 to
1138 1956 29 26 be
1177 1956 67 27 filled

690 2006 46 21 not
748 1999 137 31 exceeding
898 2006 53 21 one,
967 1996 48 27 and
1037 1994 43 27 the
1101 1993 52 27 sa'd
1174 1992 70 27 John

694 2037 61 27 Edie
768 2036 95 35 having
875 2032 110 29 received
1000 2031 44 27 tbe
1056 2030 101 35 highest
1171 2038 54 18 num-

677 2065 1 37 i
692 2075 43 26 ber
748 2074 26 26 of
783 2079 75 23 votes,
874 2072 10 26 I
907 2070 50 32 did,
971 2068 130 31 therefore,
1115 2067 59 26 then
1194 2065 48 28 and

692 2112 77 32 there,
783 2110 47 27 and
843 2109 33 28 do
898 2107 90 35 hereby
1010 2105 96 27 declare
1127 2106 42 25 the
1191 2103 51 27 said

690 2149 68 28 John
782 2148 63 27 Edie
864 2152 28 21 to
910 2145 29 27 be
961 2144 60 34 duly
1043 2141 93 29 elected
1150 2147 31 21 to
1198 2141 46 27 the

691 2186 68 26 office
769 2185 28 26 of
807 2182 143 28 Councillor
962 2182 28 25 of
997 2180 41 26 the
1047 2178 103 28 Council
1165 2178 28 26 of
1196 2178 48 25 the

690 2222 101 33 County
805 2220 28 27 of
841 2219 119 36 Tuapeka
973 2217 37 27 for
1021 2215 87 28 James
1122 2215 103 33 Riding.

725 2259 81 28 Dated
820 2265 25 21 at
859 2256 131 29 Dunrobin
1004 2255 50 28 this
1073 2253 59 28 11th
1153 2252 47 38 day
1219 2251 29 28 of

690 2297 149 29 November,
857 2296 75 27 1896.

689 2342 158 31 NORMAN
861 2340 198 30 LAURENCE
1069 2337 175 29 M*TCENZIE

737 2387 146 36 Returning
895 2385 96 31 Officer,
1005 2384 86 27 James
1106 2382 101 35 Riding,

894 2422 118 35 Tuapeka
1031 2420 108 34 County.

689 2484 135 30 NOTICE
832 2483 49 28 OF
894 2480 198 31 INTENTION
1106 2479 44 28 TO
1163 2478 61 29 CON-

759 2520 139 31 STRUCT
921 2517 253 30 WATER-RACE.

860 2590 124 27 District:
1002 2589 83 33 Otago
1098 2588 109 32 Mining.

830 2627 66 28 Date
906 2638 7 17 :
931 2626 58 28 31st
1001 2625 119 30 October,
1136 2624 73 28 1896.

723 2665 38 28 To
774 2665 42 28 the
828 2664 112 28 Warden
951 2669 26 21 at
990 2661 149 37 Roxburgh.

802 2710 93 37 hereby
908 2711 57 35 give
978 2710 82 27 notice
1072 2708 55 28 that
1148 2716 37 18 we
1205 2707 26 27 in-

796 2748 60 28 tend
875 2754 25 21 to
918 2751 128 24 construct
1065 2755 13 18 a
1100 2750 145 22 water-race

689 2791 26 23 to
725 2785 81 28 divert
818 2785 48 28 and
877 2793 47 19 use
938 2789 76 23 water
1026 2783 38 27 for
1076 2783 98 32 mining
1186 2790 44 28 pur-

689 2832 80 24 poses,
791 2822 176 31 commencing
985 2825 26 23 at
1030 2829 14 19 a
1063 2820 71 34 point
1154 2820 26 26 in
1205 2819 42 27 the

687 2861 94 27 Teviot
793 2859 97 28 Stream
904 2858 77 28 about
1037 2857 71 28 miles
1118 2856 79 27 below
1205 2855 42 28 the

692 2897 141 35 Roxburgh
858 2894 194 37 Amalgamated
1077 2894 104 34 Mining
1198 2892 49 27 and

693 2935 114 31 Sluicing
817 2933 151 35 Company's
981 2932 65 30 dam,
1060 2930 48 28 and
1123 2931 112 26 terminat-

692 2972 47 32 ing
750 2976 26 20 at
860 2970 97 25 Station
971 2969 34 30 Y,
1018 2968 100 25 Millers
1122 2966 2 38 1
1131 2966 63 26 Flat.

727 3006 51 27 The
800 3005 87 31 length
911 3005 29 26 uf
948 3004 59 26 such
1022 3012 55 17 race
1090 3003 22 25 is
1124 3001 34 26 25
1170 3001 77 27 Tniles

691 3053 27 16 or
732 3042 166 33 thereabouts,
917 3041 48 26 and
985 3041 32 25 its
1030 3038 117 28 intended
1162 3048 85 16 couree

690 3081 21 25 is
724 3079 122 34 westerly.

725 3116 53 27 The
791 3125 72 17 mean
877 3114 76 35 depth
966 3113 27 27 of
1012 3113 59 27 such
1096 3121 54 18 race
1169 3112 21 26 is
1209 3111 36 26 3ft

692 3153 49 28 and
755 3154 42 27 the
811 3151 186 29 mean'breadth
1013 3150 85 32 is'6ft,
1120 3149 48 28 and
1188 3150 19 26 it
1226 3149 20 27 is

692 3191 120 36 proposed
823 3196 24 21 to
856 3189 124 28 divert*so
990 3189 172 27 Government
1172 3186 75 27 heads

692 3238 28 18 or
732 3228 32 28 all
777 3237 72 27 spare
861 3233 85 22 water.

728 3266 60 27 Cost
802 3266 26 27 of
836 3265 168 28 construction
1015 3262 143 34 —£6,000.

727 3304 71 28 Time
827 3302 115 38 required
971 3302 38 28 for
1032 3300 215 29 construction.—

692 3341 99 27 Twelve
804 3340 107 27 months.

728 3376 125 29 Numbers
866 3376 47 27 and
927 3377 70 26 dates
1009 3375 26 27 of
1046 3375 99 27 miners'
1155 3373 84 33 rights

693 3415 234 33 -14587,14588,
939 3412 288 36 14589,14590,14591
1241 3421 7 25 ;

692 3454 32 26 all
738 3453 73 27 dated
825 3452 97 36 5/9/96.

866 3501 24 21 P.
904 3500 112 21 LAFFEY

866 3528 81 22 ROBT.
962 3527 186 22 RICHARDSON

868 3556 34 22 W.
917 3556 110 21 WAUGH

864 3583 150 22 RODERICK
1028 3583 23 22 M
1054 3582 125 22 DONALD

866 3612 24 21 P.
904 3612 24 21 C.
947 3611 105 27 GRANT,

1055 3638 156 36 Applicants.

729 3711 57 35 Any
800 3718 86 27 person
901 3710 127 36 objecting
1042 3714 26 21 to
1075 3709 43 26 the
1129 3708 118 35 granting

696 3746 28 28 of
734 3748 49 26 this
796 3746 149 36 application
966 3751 67 22 roust
1054 3745 74 36 lodge
1148 3745 38 26 his
1207 3744 27 26 ob-

691 3784 93 35 jection
815 3785 25 26 in
871 3784 102 35 writing
997 3789 24 20 at
1050 3782 42 27 the
1116 3781 131 27 Warden's

696 3821 75 29 Office
801 3826 25 24 at
856 3821 141 36 Roxburgh
1023 3820 87 27 within
1135 3819 111 28 fourteen

695 3860 65 27 clear
772 3863 61 30 days
845 3859 62 27 from
922 3859 41 27 the
976 3859 57 26 date
1044 3857 90 28 hereof.

731 3895 115 36 Hearing
858 3902 26 20 at
897 3901 41 21 ten
957 3895 92 28 o'clock
1070 3904 33 18 on
1125 3894 42 28 the
1187 3894 59 28 11th

697 3932 145 32 December,
854 3932 77 29 1896.

762 3978 212 29 FREDERICK
992 3977 173 34 JEFFERY,

953 4017 105 35 Mining

727 4053 132 29 Warden's
871 4053 84 35 Office,

793 4092 116 37 5/11/96,
922 4098 26 21 at
962 4092 75 28 11.50
1049 4101 57 19 am.

691 4152 142 30 NOTICE
865 4152 48 29 OF
947 4152 217 29 INTENTION
1198 4151 49 30 TO

710 4192 227 30 CONSTRUCT
960 4192 268 36 WATER-RACE,

938 4264 123 30 District:
1083 4264 127 28 Dunstan.

892 4303 83 28 Date:
1059 4301 151 28 Navember.

722 4340 38 28 To
772 4341 42 26 the
828 4341 110 28 Warden
951 4344 26 23 at
991 4339 150 35 Roxburgh.

689 4380 26 53 I
731 4378 150 29 HEREBY
896 4379 58 35 give
966 4377 83 28 notice
1062 4377 55 28 that
1131 4376 12 28 I
1157 4375 88 29 intend

753 4421 25 22 to
790 4421 129 22 construct
928 4424 13 19 a
957 4414 156 29 Water-race
1126 4420 27 22 to
1164 4414 83 27 divert

690 4454 49 28 and
764 4464 43 17 use
832 4460 77 22 water
932 4454 37 26 for
994 4454 100 33 mining
1117 4462 128 26 purposes,

690 4492 176 33 commencing
876 4497 26 19 at
915 4499 14 17 a
941 4490 71 32 point
1023 4490 26 25 in
1063 4490 89 25 Teviot
1163 4489 81 26 Creek

690 4534 50 20 two
750 4527 86 28 chains
845 4527 79 28 above
934 4527 42 27 the
988 4525 63 28 head
1061 4525 28 28 of
1097 4526 41 28 the
1148 4524 96 30 United

693 4563 121 28 Hercules
838 4569 154 26 water-race,
1018 4563 89 27 thence
1134 4563 110 35 through

690 4606 56 30 part
771 4600 27 28 of
818 4602 90 26 Teviot
932 4600 93 28 station
1049 4599 120 33 freehold,
1195 4599 49 27 and

691 4638 165 35 terminating
879 4643 25 21 at
930 4637 42 26 the
1000 4635 97 28 United
1122 4635 122 28 Hercules

690 4680 154 22 water-race.

724 4711 55 27 The
791 4710 88 37 length
892 4711 28 28 of
929 4711 61 28 such
1000 4719 56 20 race
1066 4710 21 27 is
1097 4716 50 21 two
1160 4710 86 28 chains

690 4757 28 17 or
732 4748 166 33 thereabouts,
911 4749 49 27 and
973 4750 33 26 its
1028 4747 118 28 intended
1158 4756 87 19 course

690 4785 21 26 is
723 4788 53 23 east
788 4784 48 27 and
851 4790 69 22 west.

725 4821 54 28 The
791 4830 73 18 mean
877 4822 76 35 depth
967 4823 28 27 of
1012 4821 61 29 such
1098 4830 55 19 race
1176 4822 21 27 is
1210 4821 36 28 2ft

690 4859 46 26 6in
750 4857 48 28 and
812 4858 42 27 the
875 4868 71 18 mean
967 4859 104 28 breadth
1094 4859 21 26 is
1135 4859 39 27 sft
1193 4859 52 33 6in,

693 4894 49 28 and
762 4895 20 26 it
802 4895 21 27 is
844 4897 119 36 proposed
985 4902 26 22 to
1031 4896 82 28 divert
1136 4900 93 34 twenty-

692 4941 75 17 seven
791 4931 171 31 Government
990 4934 77 28 heads
1096 4933 29 28 of
1145 4935 99 36 surplus

692 4974 82 20 water.

726 5003 60 27 Cost
798 5003 28 28 of
841 5006 297 31 construction.—£lso.

725 5041 69 28 Time
824 5045 112 35 required
968 5045 37 28 for
1038 5047 205 28 construction—

691 5078 98 27 Twelve
802 5081 106 27 months.

728 5115 110 28 Number
851 5118 47 27 and
911 5119 57 27 date
981 5120 28 26 of
1019 5121 99 27 miner's
1131 5122 112 31 right.—

693 5152 81 27 17649
785 5162 7 26 ;
814 5153 110 35 11/2/96.

856 5191 24 28 J.
901 5193 27 28 F.
950 5193 189 35 KITCHING,

1064 5233 145 36 Applicant.

728 5303 57 35 Any
798 5313 86 25 person
899 5305 126 36 objecting
1036 5313 24 19 to
1069 5306 42 28 the
1122 5309 121 34 granting

694 5338 28 25 of
731 5339 48 25 this
792 5343 146 31 application
954 5349 65 20 must
1029 5343 73 35 lodge
1113 5345 38 26 his
1161 5345 68 34 objec-

695 5374 49 27 tion
759 5376 23 25 in
798 5378 100 35 writing
911 5386 25 19 at
958 5379 40 27 tbe
1020 5379 134 29 Warden's
1167 5381 77 28 Office

694 5414 26 23 at
735 5412 135 37 Roxburgh
884 5416 84 26 within
983 5418 111 26 fourteen
1108 5418 64 28 clear
1181 5419 62 36 days

677 5446 2 32 :
695 5446 60 27 from
771 5449 40 26 the
824 5451 54 26 date
892 5452 87 26 hereof.

730 5484 113 36 Hearing
861 5494 23 18 at
909 5489 30 25 10
955 5489 91 28 o'clock
1068 5499 31 18 on
1120 5491 41 28 the
1182 5492 60 27 11th

696 5521 139 33 December,
851 5524 70 27 18QG.

753 5569 219 33 FREDERICK
985 5574 179 38 JEFFERY,

828 5609 103 37 Mining
941 5613 138 35 Registrar,
1094 5615 148 36 Roxburgh.

732 5655 119 27 Received
877 5665 23 18 at
926 5659 129 29 Warden's
1085 5663 84 35 Office,
1194 5665 51 26 2nl

680 5691 2 42 |
696 5691 147 36 November,
858 5694 72 35 1806,
945 5703 24 21 at
983 5707 72 20 noon.
1155 5691 3 42 '

1331 192 183 33 GENERAL
1552 197 203 33 ELECTION.

1283 294 36 21 TO
1345 294 57 21 THE
1428 295 143 22 ELECTORS
1597 298 37 20 OF
1660 299 144 21 TUAPEKA.

1281 392 151 38 CHAS.
1484 393 45 38 C.
1582 394 227 38 RAWLINS

1299 512 178 33 ADDRESS
1496 513 79 32 THE
1596 515 198 31 ELECTORS

1432 576 42 18 -as
1487 566 162 28 follows:

1270 631 163 37 Roxburgh,
1453 635 30 26 at
1502 632 48 29 the
1572 632 168 30 Athenaeum
1762 633 65 29 Hall

1343 684 260 36 —SATURDAY,
1618 686 14 27 2
1641 686 43 27 Ist
1700 684 90 31 NOV.

1321 748 201 40 AlTMeetings
1535 752 29 26 at
1578 749 16 29 8
1608 759 67 29 p.m.
1690 748 92 41 sfcarp.

1312 850 130 31 Between
1455 849 48 30 the
1519 851 65 28 13th
1607 850 53 29 and
1685 851 64 28 21-st
1772 851 38 30 No-

1274 891 113 30 vember
1399 890 195 31 Mr'Rawlins
1616 891 53 28 will
1691 891 65 30 visit
1775 891 52 30 and

1275 931 124 30 Address
1409 931 143 39 Meetings
1562 932 87 29 atilie
1660 931 99 39 Upper
1767 932 61 29 End

1275 971 30 30 of
1317 971 47 29 the
1378 971 164 29 Electorate.

1425 1044 38 30 '•N
1482 1046 67 29 0*T
1559 1046 9 17 r
1568 1046 15 29 I
1604 1046 75 29 CE.

1291 1125 36 22 TO
1354 1124 59 23 TKE
1438 1125 143 22 ELECTORS
1608 1125 36 22 GfF
1670 1125 145 23 TUAPEKA.

1452 1204 84 28 AND
1545 1203 249 36 GENTLEMAN,
1794 1220 37 7 —

1361 1241 39 27 At
1422 1242 47 27 the
1491 1243 97 26 wishes
1601 1243 31 28 of
1642 1253 23 18 a'
1672 1253 70 27 very
1755 1243 77 38 large

1274 1279 120 29 number
1418 1280 30 28 6f
1472 1280 48 29 the
1545 1280 137 34 Electors,
1715 1281 14 28 I
1762 1282 70 27 have

1271 1319 175 29 'determined
1458 1323 29 26 to
1495 1319 334 31 seekßE-ELECTION

1273 1362 29 25 at
1316 1369 70 27 your
1398 1359 90 29 hands
1498 1364 33 24 to
1540 1360 130 28 continue
1683 1359 132 38 to:Repre-

1274 1401 62 27 sert
1350 1397 49 31 the
1418 1399 135 30 Interests
1575 1399 29 30 df
1623 1409 70 29 your
1713 1398 117 31 District

1272 1439 29 29 in
1315 1440 47 29 the
1371 1450 61 19 new
1447 1440 176 36 Parliament,
1637 1440 150 38 believing,
1799 1451 29 18 as

1272 1479 14 30 I
1305 1479 45 35 do,
1365 1480 61 29 that
1439 1480 15 29 I
1476 1481 70 29 have
1567 1480 28 29 in
1616 1480 47 29 the
1671 1504 12 12 r
1684 1483 66 34 past
1756 1481 74 28 done

1272 1530 45 26 my
1331 1519 70 38 duty
1413 1520 120 29 towards
1546 1531 64 26 you.

1309 1571 15 29 I
1337 1571 72 40 hope
1421 1572 28 29 in
1463 1583 17 18 a
1492 1572 53 29 few
1559 1572 68 37 days
1641 1574 27 27 to
1682 1572 77 29 Meet
1772 1582 55 28 you

1271 1611 29 29 in
1322 1622 71 28 your
1406 1613 104 29 several
1533 1613 142 29 localities.
1714 1612 115 30 Notices

1273 1651 29 30 of
1334 1663 47 26 my
1413 1658 172 25 movements
1613 1651 55 30 will
1702 1653 34 29 be
1761 1653 69 38 duly

1272 1691 167 31 advertised.

1375 1745 267 39 'Yours'faithfully,

1475 1795 87 30 W/J.
1576 1796 40 29 M.
1632 1795 197 30 LARNACH.

1312 1846 58 30 The
1384 1846 97 39 Camp,
1494 1847 50 29 9th
1558 1847 83 36 Nov.,
1656 1848 80 29 1896.

1310 1921 186 30 TUAPEKA
1534 1922 258 30 ELECTORATE.

1321 2023 104 36 HON.
1459 2025 79 35 TVIR
1584 2025 201 35 LARNBCfI

1519 2083 69 28 Will

1289 2146 181 29 ADDRESS
1503 2146 81 28 THE
1615 2145 197 30 ELECTORS

1454 2197 39 28 As
1506 2197 110 30 under;
1616 2212 35 6 —

1268 2261 194 37 Sarnscleugh
1475 2260 249 36 —iSchoolhouse,
1751 2260 59 29 FRI-

1347 2300 90 36 DAY,
1453 2301 81 29 20TH.

1272 2351 282 31 Alexandra—Town
1585 2351 75 37 Hall,
1688 2351 117 30 SATUR-

1346 2392 91 36 DAY,
1454 2392 75 29 21st.

1272 2444 363 38 Roxburgh—Athenaeum
1644 2443 75 36 Hall,
1729 2443 75 29 MON-

1346 2483 91 37 DAY,
1457 2484 82 29 23rd.

1272 2535 148 30 Lawrence
1420 2534 123 30 —Town
1576 2535 75 36 Hall,
1682 2533 123 32 THURS-

1347 2575 90 35 DAY,
1450 2575 55 28 3rd
1519 2575 164 28 December.

1347 2677 40 31 At
1399 2677 16 31 8
1430 2676 108 32 o'clock
1551 2676 67 32 each
1631 2676 129 39 evening.

1273 2752 163 57 Q.RAND
1456 2752 181 30 POPULAR
1652 2750 178 32 CONCERT

1374 2805 89 29 Under
1476 2805 41 27 the
1530 2804 112 35 auspices
1656 2801 28 30 of
1694 2803 41 28 the

1275 2853 216 30 ROXBURGH
1522 2853 170 30 CRICKET
1721 2852 112 36 CLUB,

1421 2905 65 28 Will
1500 2905 29 28 be
1542 2905 57 28 held
1612 2906 25 26 in
1651 2906 42 27 the

1321 2956 170 25 Athenjsum
1507 2955 94 31 Hall,
1621 2955 167 28 Roxburgh,

1348 3000 147 28 FRIDAY.
1522 3001 73 26 27th
1622 2999 209 27 NOVEMBER.

1432 3077 244 27 PROGRAMME.

1495 3121 76 28 Part
1592 3121 22 26 T.

1413 3160 61 26 Men
1506 3160 27 25 of
1556 3158 122 28 'Harlrch
1693 3156 139 28 ''—School

1493 3196 127 27 Children.

1410 3233 91 27 Gentle
1542 3233 92 27 Words
1661 3233 100 27 —Miss
1801 3231 32 28 A.

1501 3271 112 28 Michell.

1276 3309 105 33 Song:—
1382 3311 17 14 u
1412 3309 50 34 Big
1477 3309 52 27 Ben
1555 3309 79 26 —Mr
1648 3307 99 29 Dunne.

1273 3346 134 32 Quartette
1409 3347 124 25 —ice
1547 3346 95 33 Young
1661 3344 104 35 Maiden
1782 3344 18 35 6

1346 3382 91 28 Misses
1456 3380 30 30 L.
1505 3382 111 30 H<swell,
1632 3382 29 27 A.
1677 3380 97 34 Baillie,
1795 3380 39 27 M.

1345 3421 102 27 Waters
1460 3421 48 27 and
1523 3421 32 28 N.
1571 3420 141 28 M'Kenzie.

1408 3459 50 26 She
1471 3467 65 19 wore
1548 3468 14 17 a
1577 3458 93 27 wreath
1684 3457 28 27 of
1731 3457 80 26 Roses

1450 3497 100 26 —Miss
1564 3497 101 27 Dunne.

1276 3534 105 38 Song—
1384 3535 25 16 ,r
1409 3535 48 36 My
1808 3530 26 29 J.

1495 3572 129 28 Bennetts.

1410 3611 83 27 Annie
1524 3609 91 29 Laurie
1643 3610 128 26 —Misses
1801 3608 31 26 A.

1378 3648 137 28 M'Kenzie
1529 3647 48 29 and
1593 3648 30 27 A.
1639 3647 96 28 Baillie.

1411 3686 54 28 Ben
1479 3685 60 28 Bolt
1675 3683 104 28 Manuel

1409 3724 51 26 Out
1471 3732 32 18 on
1515 3722 42 27 the
1567 3723 70 35 Deep
1638 3724 6 10 I
1647 3721 6 12 '
1654 3721 79 27 —Mr
1745 3720 89 28 Gillies

1410 3760 86 27 When
1522 3760 42 26 the
1594 3758 129 28 Swallows
1750 3758 68 26 home-

1379 3797 66 28 ward
1458 3797 35 36 fly
1517 3797 91 27 —Mrs
1622 3796 107 27 Waters.

1276 3837 105 34 Quintet
1446 3835 87 28 Tara's
1805 3831 28 28 E.

1347 3873 122 32 Ormond,
1480 3874 39 25 M.
1529 3873 131 33 Kitching,
1670 3872 37 25 M.
1718 3870 117 31 Hiscock,

1347 3913 36 26 M.
1397 3911 102 27 Waters
1512 3910 48 27 and
1580 3909 29 27 M
1632 3908 98 28 Baillie.

1491 3949 78 26 Braes
1599 3947 29 27 of
1802 3960 32 6 —

1347 3988 65 26 Miss
1423 3986 96 28 Elliott.

1275 4025 73 34 Song
1360 4023 211 36 (selected)—Mr
1590 4021 105 35 Kinvig.

1277 4062 80 28 Piano
1372 4061 194 28 Duet—Misses
1580 4059 122 29 Omiond.

1374 4138 112 28 Interval
1505 4138 30 27 of
1548 4137 54 28 Ten
1622 4137 121 27 Minutes.

1485 4212 79 28 Part
1590 4211 35 27 11.

1293 4257 228 33 CHRISTY
1559 4256 259 31 MINSTREL

1385 4296 345 32 ENTERTAINMENT.

1274 4346 130 28 Johnston
1426 4367 27 7 ...
1477 4345 42 27 Mr
1531 4345 44 26 W.
1590 4343 124 28 Kinaston

1277 4384 82 28 Bones
1424 4402 27 10 .<.
1473 4381 223 29 MessrsCormack
1704 4381 50 28 and
1762 4381 72 38 Boyd

1274 4421 96 29 Tatnbo
1425 4443 28 8 ...
1475 4421 95 28 Messrs
1581 4417 99 31 Howell
1689 4418 49 28 and
1748 4419 87 37 Moyle

1273 4461 84 28 Circle
1421 4482 30 6 ...
1472 4460 96 26 Messrs
1576 4458 26 27 J.
1612 4457 110 33 George,
1733 4456 100 34 Dunne,

1511 4493 150 31 A.Manuel,
1666 4492 25 26 J.
1701 4493 131 32 Bennetts,

1512 4535 44 27 W.
1592 4534 33 26 A.
1667 4529 92 37 Reilly,
1801 4531 24 27 D

1515 4570 150 33 Robertson,
1679 4566 33 27 R.
1724 4567 81 28 Scott.

1484 4649 77 28 Part
1580 4647 52 28 111.

1296 4697 320 38 SIDE-SPLITTING,
1647 4696 145 32 BUTTON-

1380 4739 199 29 BURSTING
1599 4738 136 34 FARCE,

1299 4789 58 22 THE
1366 4789 75 22 BALL
1450 4788 26 23 IS
1486 4789 92 22 GOING
1660 4793 29 18 OB
1724 4786 111 23 TALENT

1387 4854 72 28 Cast
1479 4863 33 19 of
1531 4854 199 29 Characters:

1273 4899 141 29 Theatrical
1425 4900 156 38 Manager...
1609 4899 44 28 Mr
1661 4899 42 28 W.
1712 4898 122 36 A.Reilly

1274 4938 120 36 Call-boy
1415 4960 27 7 ...
1554 4960 27 7 ...
1609 4938 69 28 MJ.
1692 4939 30 26 A.
1738 4937 73 36 Boyd

1367 4985 79 27 Other
1458 4991 69 31 parts
1541 4991 25 22 to
1579 4986 30 27 be
1621 4985 68 28 filled
1703 4985 33 36 by

1272 5031 94 28 Messrs
1382 5030 107 36 Howell,
1505 5031 94 38 Moyle,
1614 5030 131 35 Cormack,
1763 5030 67 28 Hart

1456 5071 49 26 and
1520 5071 32 26 R.
1567 5070 79 27 Scott.

1274 5144 158 27 Admission

1552 5143 74 28 ONE
1644 5141 187 28 SHILLING.

1330 5213 87 28 Dance
1431 5220 24 21 to
1468 5214 176 27 follow—One
1658 5213 118 34 Shilling.

1467 5285 34 30 B.
1515 5285 37 30 V.
1567 5283 154 37 REILLY,

1642 5324 75 28 Hon.
1734 5323 61 28 Sec.

1274 5433 56 52 A/£
1351 5435 25 28 R
1436 5434 197 29 FINLA
1651 5432 113 30 YSO
1784 5431 49 37 N,

1357 5485 162 30 BARRISTER
1533 5486 64 20 AND
1610 5483 157 25 SOLICITOR,

1470 5524 165 36 Lawrence,

1274 5581 68 29 Will
1367 5581 96 29 attend
1490 5582 57 28 the-
1560 5581 154 38 Roxburgh
1738 5580 94 29 Court.

1274 5670 102 39 Money
1387 5673 28 27 to
1424 5670 78 31 Lend
1511 5680 35 20 on
1556 5670 137 30 Freehold
1704 5668 127 39 Security

1889 265 91 30 NEW
2013 265 181 34 SEASON'S
2227 257 142 37 GOODS!

2023 527 224 36 ROXBURGH.

1858 671 70 29 Now
1956 671 133 41 Showing
2109 682 16 18 a
2148 666 133 42 Splendid
2302 665 97 29 Assort-

2075 724 78 28 ment
2171 720 30 30 of

1893 793 113 37 'New
2037 792 168 39 Goods'!

2202 869 168 39 Goods'l

2022 961 5 11 '
2037 955 160 40 Consisting
2217 953 30 29 of

1995 1021 27 28 in
2056 1020 112 29 Newest
2201 1016 128 28 Patterns
2361 1013 55 29 and

1922 1074 7 17 ?
1933 1071 235 39 Colourmgsr-flt
2180 1068 37 28 5d
2230 1065 129 40 peryard

1861 1135 53 30 Lot
1923 1134 29 30 of
1962 1138 13 22 I
1983 1134 52 39 epli
2037 1145 17 29 j
2058 1145 12 19 r
2072 1131 66 39 s/$i
2141 1142 15 18 n
2159 1130 108 40 gViams,
2277 1127 139 35 Satteens,

1934 1187 75 29 Cord
2137 1182 53 29 and
2219 1176 3 42 :
2232 1180 124 38 CrepCßS
2387 1176 29 30 in

1926 1237 121 29 'Newest
2061 1220 116 48 Cyßurs
2189 1230 55 31 and
2257 1230 121 38 Designs

1861 1298 139 30 Beautiful
2033 1298 39 30 lot
2088 1277 45 52 Jff
2154 1295 113 38 'Fancy,

1935 1350 55 27 and
1998 1348 243 38 FiguretfMuslins
2249 1346 45 28 for
2302 1345 115 28 Blouses

1920 1416 40 5 —
1960 1406 9 15 L
1971 1400 71 29 from
2186 1396 67 42 yard

1860 1462 134 41 Splendid
2008 1463 40 28 lot
2061 1463 30 28 of
2104 1462 105 39 Spring
2219 1460 198 30 anid'Summer

1924 1514 82 29 iHats
2100 1546 22 5 _

1897 1631 91 30 NbW
2008 1630 173 37 »GLOVES,
2211 1627 169 31 RIBBONS

2043 1754 194 31 VEILINGS.

1860 1906 202 31 TRIMMING
2077 1902 111 33 SILKS
2201 1900 82 31 AND
2296 1897 120 32 GIMPS

2001 1964 34 28 In
2048 1961 2 31 '
2057 1963 69 29 New
2135 1961 148 29 'Patterns.

1976 2124 75 31 tsice
2072 2126 176 29 Assortment
2267 2121 29 30 of

1910 2189 58 28 NE
1982 2189 35 28 W
2056 2185 77 32 ATM
2145 2186 58 29 BE
2215 2183 165 36 ELLAS,

1963 2240 71 30 from
2049 2240 32 29 4s
2096 2238 53 31 Ud
2164 2241 28 27 to
2207 2237 49 30 10s
2270 2236 46 31 6d.

1858 2387 119 29 MEN'S
2020 2384 205 36 CLOTHING,
2270 2382 147 36 SHIRTS,

1964 2437 133 36 PANTS,
2125 2435 183 37 SCARVES,

2019 2488 158 37 BRACES,
2197 2488 61 38 &c.,

1891 2561 40 29 At
1954 2561 93 28 Prices
2070 2564 28 25 to
2118 2560 65 38 defy
2201 2559 190 39 competition.

1862 2755 84 57 W.
1971 2758 60 54 T.
2067 2755 355 67 TALBOYS,

2182 2848 108 30 RGH.

2027 3012 45 31 T.
2140 3009 283 36 BOWDEN,

1938 3087 183 25 CARPENTER,
2147 3085 115 25 JOINER,
2289 3084 62 22 AND

2039 3123 209 28 UNDERTAKER,

1863 3177 101 26 Desires
1990 3182 25 19 to
2042 3174 77 27 thank
2146 3175 42 26 the
2220 3173 88 28 Public
2333 3173 24 27 of
2382 3173 41 26 the

1865 3213 104 27 District
1985 3213 38 26 for
2042 3219 55 30 past,
2117 3217 113 31 support,
2249 3210 49 28 and
2317 3210 63 36 begs
2398 3215 25 21 to

1853 3251 99 27 inform
1985 3250 66 26 them
2089 3252 53 25 that
2174 3249 30 27 he
2234 3248 45 28 has
2309 3246 114 30 resumed

1865 3288 122 28 Business
2001 3289 24 25 in
2041 3286 150 37 Roxburgh.

1858 3373 141 27 •Estimates
2011 3373 75 35 given
2098 3372 47 27 and
2156 3372 123 36 Building
2289 3371 133 28 Contracts

1966 3423 28 27 of
2009 3422 32 27 all
2062 3422 73 27 kinds
2152 3420 164 29 undertaken.

1901 3507 77 28 Plans
1991 3506 48 28 and
2058 3506 188 37 Specifications
2259 3505 126 38 prepared.

1866 3577 292 61 HAMILTON
2219 3578 38 38 &
2322 3577 101 45 CO.,

1933 3649 177 38 TAILORS,
2131 3649 228 37 CLOTHIERS,

2118 3711 55 19 AND

1877 3753 273 29 GENTLEMEN'S
2172 3751 240 31 OUTFITTERS

1997 3805 101 29 Mount
2107 3804 110 40 Benger
2326 3804 96 39 Office)

1957 3869 203 35 ScOTLAND-ST.,
2174 3868 163 30 RoXBUKGH.

1902 3969 92 39 Style,
2014 3967 56 38 Fit,
2091 3968 54 28 and
2171 3967 217 40 Workmanship

2053 4008 184 30 Guaranteed.

1972 4061 150 31 Overcoats
2139 4064 29 26 to
2181 4060 136 30 Measure.

1904 4164 271 31 MODERATE
2207 4164 186 31 PRICES.

1865 4270 24 30 A
1909 4269 95 30 choice
2021 4268 41 31 lot
2081 4268 29 30 of
2131 4268 124 39 Samples
2268 4269 30 29 of
2309 4268 114 31 Tweeds

2011 4320 103 38 always
2127 4320 27 28 in
2173 4320 98 29 Stock.

1884 4384 139 32 MOUNT
2045 4383 155 30 BENGER
2225 4383 178 31 MEDICAL

2011 4423 266 32 ASSOCIATION.

1863 4508 100 55 THE
1995 4506 104 29 Annual
2125 4506 107 28 General
2257 4506 117 37 Meeting
2397 4506 25 28 of

1948 4545 128 27 Members
2106 4544 29 26 of
2168 4544 41 26 the
2239 4544 182 26 above-named

1865 4583 158 29 Association
2064 4580 50 28 will
2153 4579 32 28 bfr
2225 4580 56 27 held
2324 4580 25 27 in
2381 4580 41 26 the

1863 4621 153 26 Athemeum
2056 4617 60 27 Hall
2164 4626 32 18 on
2241 4616 181 32 TUESDAY,

1861 4659 75 27 24th
1952 4652 210 35 NOVEMBER,
2178 4652 72 34 1896,
2262 4658 25 22 at
2300 4651 16 29 8
2328 4661 58 28 p.m.

1899 4708 122 26 Business
2022 4704 71 26 —To
2114 4702 114 28 consider
2253 4702 42 28 the
2314 4701 108 37 position

1865 4744 29 27 of
1903 4745 42 25 the
1960 4742 157 28 Association
2131 4741 47 26 and
2201 4741 83 26 future
2306 4740 117 35 working

1863 4781 28 28 of
1901 4781 42 26 the
1955 4788 75 19 same.

2069 4815 29 29 L.
2119 4814 31 29 E.
2171 4814 145 33 HAINES,

2241 4852 144 25 Chairman.

3642 5025 118 31 Certainly
3777 5024 41 26 the
3845 5024 53 25 best
3911 5024 115 25 medicine
4042 5023 86 26 known
4146 5024 20 25 is

3613 5068 90 24 Sander
3713 5068 18 22 &
3745 5066 61 23 Sons
3828 5064 129 30 Euca'ypti
3967 5064 110 26 Extract.
4110 5065 55 24 Tost

3613 5109 29 23 its
3654 5106 131 29 eminently
3798 5104 113 30 powerful
3926 5103 81 24 effects
4024 5104 23 23 in
4064 5104 98 29 coughs,

3612 5147 71 32 colds,
3690 5146 127 26 inflnenjsa;
3829 5144 38 23 'he
3877 5143 72 23 relief
3957 5143 20 23 is
3989 5144 164 24 instataneous

3613 5188 27 24 In
3649 5187 91 24 serious
3751 5193 65 16 cases
3826 5184 45 24 !nd
3885 5183 118 25 accidents
4017 5186 25 21 of
4050 5185 29 24 »11
4091 5185 71 25 kinds

3612 5227 27 24 be
3648 5227 57 30 they
3717 5224 105 30 wounds,
3832 5224 80 30 bump,
3926 5224 129 31 sealdings,
4068 5225 94 29 sprains

3612 5265 16 25 it
3642 5265 19 24 is
3678 5264 39 24 the
3727 5263 73 25 safest
3824 5262 108 31 remedy-
3938 5269 46 16 -no
3998 5262 109 30 swelling
4140 5264 22 23 in

3613 5304 179 25 inflammation,
3827 5301 59 25 Like
3898 5302 133 31 surprising
4046 5303 82 24 effects
4141 5304 22 23 in

3611 5352 80 22 croup,
3723 5342 120 30 diptheria
3880 5341 130 24 bronchitis
4028 5341 136 27 inflamma>

3611 5384 48 25 tion
3671 5384 23 23 of
3706 5383 40 23 the
3760 5381 75 31 lungs,
3848 5379 120 32 swellings
3983 5386 47 22 etc;
4042 5381 120 25 diarrhoea

3611 5424 120 28 dvsentry,
3748 5421 112 29 diseases
3873 5420 28 23 of
3911 5421 101 30 kidneys
4026 5421 46 23 and
4100 5422 51 23 urin-

3612 5471 40 21 ary
3664 5468 96 23 organs.
3794 5459 27 25 In
3835 5467 41 16 use
3889 5464 24 20 at
3931 5461 31 22 all
3976 5460 117 31 hospitals
4115 5462 47 23 end

3612 5501 101 29 medical
3725 5501 82 23 clinics
3820 5500 31 27 a|l
3863 5507 55 16 over
3930 5500 40 24 the
3983 5500 78 30 globe,
4079 5506 84 24 patron

3610 5540 49 24 ised
3673 5540 30 29 by
3717 5539 36 23 his
3772 5537 105 32 Majesty
3906 5538 40 24 the
3962 5536 65 32 King
4056 5538 23 24 of
4103 5539 62 31 Italy

3610 5579 108 26 crowned
3738 5579 55 24 with
3805 5579 79 23 medal
3897 5578 47 24 and
3960 5578 106 29 diploma
4078 5584 23 19 at
4124 5580 40 24 the

3614 5616 176 26 International
3805 5616 143 24 Exhib'tion
3967 5621 23 18 at
4012 5618 154 22 Amsterdam

3613 5651 68 23 Trust
3698 5650 22 23 in
3739 5649 42 24 the
3800 5649 123 30 approved
3939 5652 35 20 art
3986 5649 36 24 de
4042 5648 125 32 i>r.(3itjeci

3610 5682 32 26 all
3654 5682 88 25 others,
