4240 5840
272 195 159 29 LONDON.

75 258 74 26 [Fbom
162 265 46 17 the
221 261 103 19 Evening
341 260 79 20 Star's
432 260 202 20 Correspondent.

159 315 271 24 ANGLO-COLONIAL
444 314 107 24 NOTES.

361 375 106 27 London,
479 374 97 24 October
587 374 19 23 3.

222 419 46 14 THE
284 417 204 16 AGENT-GENERAL.

104 442 48 23 The
167 441 183 26 Agent-General
367 440 83 22 visited
470 439 92 25 Bristol,
583 438 40 23 Car-

75 472 48 28 diff,
146 471 129 27 Nantwich,
296 470 45 22 and
361 468 119 30 Liverpool
501 469 81 28 during
601 468 35 22 his

75 502 58 23 brief
148 501 99 29 holiday,
265 500 128 29 combining
410 507 13 15 a
440 499 86 23 certain
543 501 94 20 amount

75 533 24 22 of
113 533 100 22 business
230 531 57 22 with
305 530 39 23 the
360 530 103 29 pleasure
483 531 53 27 part
554 529 23 22 of
597 529 39 21 the

76 566 58 19 tour.
165 563 34 21 At
213 561 86 23 Bristol
314 561 28 21 he
360 560 44 22 had
421 567 14 15 a
452 559 83 29 special
551 558 72 23 confer-

75 600 53 15 ence
145 592 56 22 with
218 591 38 22 the
273 590 75 22 Docks
364 589 143 27 Committee,
524 589 73 22 whom
609 588 27 22 he

75 621 126 24 instructed
211 628 25 16 so
246 619 130 31 eloquently
393 619 23 23 in
435 619 85 23 virtues
539 618 23 23 of
579 625 57 22 your

75 654 75 22 frozen
160 654 90 21 mutton
261 651 51 23 that
322 651 55 29 they
387 650 81 29 agreed
487 652 23 20 to
528 653 59 18 meet
597 649 39 22 the

76 683 57 22 New
157 682 97 22 Zealand
279 681 154 22 Government
456 680 45 21 and
530 680 107 28 shipping

77 712 126 30 companies
220 711 24 23 in
261 717 68 23 every
346 717 58 22 way,
423 709 44 23 and
485 713 23 19 to
527 708 110 30 cordially

75 749 123 23 encourage
208 742 31 23 its
249 741 72 23 direct
328 740 154 30 importation.
507 739 38 23 Mr
551 739 86 23 Reeves

76 774 47 22 also
142 772 64 23 made
225 771 55 24 such
299 771 127 29 superficial
443 770 153 23 examination
613 777 24 15 as

77 804 55 22 time
151 802 74 22 would
244 802 85 29 permit
348 802 23 22 of
390 802 40 22 the
449 800 146 30 possibilities
614 800 24 22 of

77 832 87 24 Cardiff
185 832 45 22 and
261 831 127 30 Liverpool,
420 830 98 29 busying
548 830 90 22 himself

77 861 80 31 chiefly
167 863 24 22 in
201 862 121 30 preparing
333 861 40 23 the
382 861 88 30 ground
480 861 35 22 for
522 860 37 22 Mr
566 860 69 29 Gray,

77 894 39 22 the
126 893 154 23 Government
289 895 87 27 expert,
388 891 52 23 who
451 891 46 22 will
508 891 55 22 visit
574 891 63 22 these

76 924 65 24 cities
150 931 28 15 on
190 931 27 15 an
228 924 125 28 important
362 922 92 23 mission
465 924 55 21 next
530 920 70 24 week.

105 955 47 21 The
167 953 183 30 Agent-General
369 953 94 22 informs
480 960 35 14 me
531 952 53 22 that
599 951 38 23 the

77 987 123 20 statement
211 984 22 23 in
251 985 6 10 1
265 983 48 24 The
323 982 88 24 Times'
429 981 108 30 (referred
555 985 24 19 to
593 981 46 23 last

77 1016 63 28 mail)
150 1015 120 30 regarding
280 1014 40 24 the
330 1014 87 23 council
428 1015 22 22 ot
466 1013 87 30 foreign
568 1012 56 23 bond-

77 1046 90 21 holders
178 1046 83 27 having
272 1045 101 21 resolved
384 1047 24 19 to
418 1047 95 26 support
531 1044 39 21 the
580 1042 57 23 New

78 1075 124 29 Plymouth
228 1073 152 24 bondholders
404 1073 31 30 by
460 1072 80 30 taking
564 1072 74 22 active

77 1108 62 27 steps
149 1105 90 31 against
249 1105 38 22 the
298 1105 97 29 colony's
406 1103 72 24 credit
484 1104 19 21 is
510 1101 128 30 absolutely

78 1139 89 21 untrue.
199 1136 63 29 They
273 1136 57 23 have
339 1143 25 15 so
378 1134 35 24 far
430 1134 57 23 done
504 1133 96 30 nothing
614 1136 25 20 at

77 1167 38 26 all,
127 1167 44 21 and
183 1167 19 21 it
216 1167 19 21 is
251 1167 64 28 quite
333 1166 116 21 uncertain
466 1164 103 22 whether
583 1164 55 27 they

77 1196 47 22 will
134 1203 26 14 or
169 1195 47 22 will
226 1200 40 17 not
276 1195 29 22 do
320 1195 117 28 anything.
476 1193 47 22 The
540 1192 97 22 mistake

77 1225 97 22 delivers
196 1226 6 10 '
211 1224 47 22 The
282 1224 89 22 Times'
395 1224 49 21 into
469 1222 36 22 Mr
531 1221 104 22 Reeves's

76 1254 80 29 bands,
168 1261 24 17 as
202 1254 64 23 when
277 1254 20 23 it
312 1253 57 24 suits
386 1259 57 24 your
453 1250 183 32 Agent-General

77 1286 39 22 the
126 1286 75 22 editor
211 1285 46 22 will
268 1285 56 21 have
340 1287 24 19 to
381 1283 89 29 explain
489 1283 50 21 how
553 1284 54 20 such
623 1288 13 15 a

76 1316 85 22 serious
171 1322 62 15 error
242 1315 23 21 in
276 1321 13 15 a
298 1316 85 20 matter
392 1314 23 21 of
430 1312 70 29 easily
516 1311 108 22 ascertain-

77 1345 50 23 able
138 1346 47 22 fact
195 1348 64 26 crept
268 1345 49 22 into
327 1343 39 23 the
376 1342 90 30 leading
480 1341 96 28 column,
592 1339 44 24 and

77 1379 25 20 to
112 1376 62 23 show
184 1376 52 22 that
250 1374 39 24 the
299 1374 77 23 writer
386 1380 46 16 was
441 1375 41 20 not
492 1371 99 30 inspired
606 1371 31 29 by

79 1406 123 24 interested
212 1413 98 23 persons.

106 1437 28 23 In
145 1438 40 22 the
201 1437 109 22 intervals
319 1435 23 23 of
357 1442 60 16 more
433 1435 84 22 serious
534 1432 102 24 business

79 1467 38 23 Mr
132 1467 86 22 Reeves
229 1467 39 22 has
278 1466 56 22 been
348 1465 126 28 answering
491 1472 13 14 a
520 1463 79 29 couple
614 1462 23 22 of

79 1498 91 23 articles
186 1498 24 22 in
226 1497 40 23 the
282 1495 57 25 New
357 1494 63 25 York
439 1496 6 10 '
454 1493 98 25 Nation'
568 1493 69 23 about

79 1528 57 23 New
160 1527 105 28 Zealand,
286 1527 74 23 which
383 1533 38 15 are
445 1524 82 24 stuffed
552 1524 42 23 full
614 1523 23 23 of

79 1559 102 27 amazing
191 1557 148 23 inaccuracies
350 1556 42 23 and
405 1555 152 23 fabrications.
590 1553 47 23 The

78 1592 60 19 most
148 1589 124 29 important
281 1587 58 22 refer
349 1590 24 19 to
383 1594 30 14 an
428 1586 124 28 imaginery
562 1584 63 23 condi-

80 1619 48 21 tion
138 1618 24 22 of
196 1618 112 29 populism
339 1616 127 28 (American
477 1616 35 22 for
518 1614 120 27 socialism)

79 1649 24 23 in
113 1649 40 23 the
169 1649 88 29 colony,
268 1647 45 24 and
331 1654 83 23 appear
424 1649 24 21 to
465 1646 28 23 be
508 1644 80 31 chiefly
601 1644 25 23 de-

79 1679 64 23 rived
163 1679 58 23 from
240 1687 29 14 an
289 1678 139 29 astonishing
448 1676 78 24 article
551 1677 23 21 in
599 1675 40 23 the

80 1711 7 10 '
96 1709 78 22 Revue
192 1709 38 22 des
247 1708 65 23 Deux
331 1707 107 23 Mondes'
453 1707 22 22 of
495 1707 45 21 last
550 1706 85 21 month.

79 1738 97 24 Therein
196 1739 20 23 it
239 1745 70 16 seems
333 1738 40 22 the
392 1737 86 23 French
502 1736 77 23 writer
599 1735 40 22 has

79 1769 76 23 mixed
166 1776 30 19 up
206 1777 13 15 a
235 1769 95 23 number
346 1769 24 21 of
388 1774 61 16 more
460 1774 24 16 or
494 1767 44 22 less
555 1768 84 20 untrue

79 1800 60 23 facts
164 1797 70 26 about
249 1800 40 23 the
308 1799 72 24 South
399 1797 132 24 Australian
555 1797 84 30 village

79 1831 149 26 settlements,
246 1830 45 22 and
301 1828 98 30 dumped
416 1830 61 21 them
497 1835 28 14 on
541 1832 24 17 to
581 1827 58 22 New

80 1860 103 22 Zealand.
215 1860 59 21 How
290 1860 27 21 he
334 1863 40 24 got
389 1859 49 21 into
453 1858 54 22 such
524 1865 13 14 a
553 1864 58 14 mess
627 1856 11 21 I

80 1893 82 19 cannot
172 1889 103 30 imagine.
307 1888 53 24 Still
378 1888 43 22 less
431 1895 41 15 can
487 1886 11 23 I
509 1886 130 30 conjecture

80 1921 50 22 how
140 1920 39 23 the
192 1921 5 11 '
206 1919 99 24 Nation'
324 1919 45 22 will
380 1922 39 26 get
435 1921 41 20 out
491 1917 24 23 of
534 1917 25 24 it.
592 1916 47 24 The

79 1951 88 29 subject
176 1950 115 30 generally
301 1949 82 23 affords
394 1949 37 22 Mr
442 1948 104 23 Reeves's
556 1950 41 20 not
607 1948 22 21 in-

80 1980 152 24 considerable
247 1987 87 22 powers
348 1979 23 23 of
390 1980 70 22 satire
476 1978 45 23 and
536 1978 103 23 sardonic

80 2011 80 23 banter
170 2011 73 28 ample
253 2017 71 22 scope.

171 2040 147 23 AUCKLAND'S
333 2044 111 18 ELECTRIC
459 2044 84 17 TRAMS.

107 2072 38 22 Mr
154 2072 28 22 A.
194 2071 25 23 T.
232 2070 105 28 Stewart,
348 2070 65 28 C.E.,
425 2070 50 23 who
490 2076 62 16 came
567 2068 72 23 Home

79 2110 60 15 some
150 2102 89 22 months
249 2109 41 22 ago
305 2105 24 19 to
339 2108 94 22 arrange
444 2100 56 22 with
515 2100 84 22 Messrs
610 2100 27 22 A.

79 2133 45 22 and
134 2132 28 22 D.
174 2132 91 22 Parrish
275 2132 35 22 for
316 2131 39 23 the
365 2131 140 23 installation
515 2129 24 23 of
548 2129 91 23 electric

80 2166 121 25 tramways
218 2162 23 23 in
257 2161 128 28 Auckland,
404 2160 70 24 sailed
490 2160 35 23 for
535 2159 104 23 America

79 2193 45 23 last
135 2192 121 29 Saturday,
268 2192 44 23 and
323 2192 46 23 will
386 2194 78 21 return
475 2193 25 20 to
510 2190 39 23 the
559 2189 80 29 colony

79 2223 31 30 by
121 2223 39 23 the
171 2226 95 20 steamer
276 2223 105 30 carrying
391 2222 46 23 this
447 2221 87 30 epitle.
565 2220 29 24 So
604 2220 35 22 far

79 2262 25 14 as
114 2254 12 22 I
137 2253 139 23 understand
286 2253 39 23 the
335 2253 115 22 condition
461 2252 23 22 of
500 2251 83 27 affairs,
600 2251 39 21 the

79 2284 130 22 difficulties
233 2284 101 21 between
365 2283 39 22 the
435 2281 120 23 Auckland
586 2280 53 29 City

79 2314 94 22 Council
189 2314 44 21 and
252 2314 38 21 the
307 2313 100 22 eminent
416 2312 91 22 electric
524 2311 115 29 engineers

79 2350 38 16 are
134 2350 51 16 now
195 2350 24 15 so
236 2343 77 29 nearly
324 2342 108 30 arranged
450 2342 51 22 that
517 2348 28 14 no
561 2347 65 22 appre-

79 2374 106 22 hensions
195 2382 29 14 on
234 2373 39 23 the
283 2373 65 30 point
355 2373 56 22 need
418 2372 28 23 be
453 2371 48 24 felt.
520 2371 117 26 Whether,

78 2405 112 27 however,
209 2404 38 23 the
265 2404 92 23 Estates
374 2403 115 30 Company
500 2402 46 23 will
562 2406 78 24 accept

78 2435 85 23 Messrs
173 2435 111 23 Parrish's
294 2437 69 20 terms
381 2434 18 22 is
409 2441 13 15 a
433 2433 105 23 different
548 2435 89 20 matter.

79 2465 64 28 They
153 2465 58 22 have
227 2465 133 28 practically
371 2463 80 30 agreed
469 2465 24 21 to
504 2463 38 22 the
552 2469 49 15 sum
617 2462 23 22 in

76 2495 111 28 purchase
198 2502 81 21 money
289 2494 80 22 named
380 2494 30 28 by
421 2493 38 23 the
469 2499 118 22 company,
598 2491 42 23 but

77 2524 47 23 will
143 2524 54 28 only
213 2531 45 23 pay
274 2531 31 23 up
321 2524 23 23 in
361 2523 142 27 debentures,
522 2526 40 19 not
582 2521 55 22 hard

77 2555 60 22 cash.
178 2555 116 22 Parrishes
314 2562 38 15 are
371 2559 26 18 at
416 2557 91 26 present
521 2552 119 29 installing

77 2585 92 23 electric
193 2588 60 20 tram
277 2589 97 26 systems
399 2585 21 22 in
446 2584 88 22 Mexico
564 2583 73 29 (city),

77 2615 91 29 Lisbon,
189 2616 45 22 and
254 2615 56 24 Port
329 2615 125 23 Elizabeth.
495 2614 62 30 They
582 2613 57 23 have

76 2646 84 23 offered
181 2646 122 23 Auckland
324 2646 38 23 the
381 2653 61 15 same
463 2648 69 20 terms
551 2652 24 15 as
599 2646 40 20 the

77 2676 69 22 latter
156 2676 115 29 accepted.

104 2705 88 30 During
209 2705 36 23 his
260 2705 53 30 long
330 2705 92 30 holiday
438 2705 23 23 in
478 2703 107 25 Scotland
600 2702 38 23 Mr

76 2735 99 24 Stewart
185 2735 143 31 worshipped
339 2735 129 31 religiously
479 2738 24 20 at
513 2735 39 22 the
562 2734 75 23 shrine

75 2767 24 22 of
115 2766 87 23 Robbie
218 2767 81 27 Burns,
312 2768 120 28 attending
449 2766 39 23 the
505 2765 132 30 jubilations

76 2798 22 21 in
110 2797 69 23 honor
191 2797 21 23 of
223 2798 52 22 that
286 2797 53 22 hero
350 2801 24 19 at
392 2797 120 26 Dumfries,
525 2796 55 29 Ayr,
592 2794 45 23 and

77 2827 101 23 Dunoon.
210 2827 36 22 He
256 2830 90 20 returns
357 2827 83 22 soaked
451 2827 22 22 in
484 2826 73 22 Burns
568 2825 58 23 tradi-

77 2858 67 27 tions,
155 2857 74 23 Burns
239 2858 177 26 reminiscences,
426 2856 44 23 and
481 2856 74 23 Burns
562 2855 65 23 litera-

77 2890 58 25 ture,
147 2887 45 23 and
201 2895 29 15 no
240 2888 72 22 doubt
322 2887 66 23 could
398 2888 51 29 give
460 2894 27 15 an
504 2886 133 28 interesting

76 2917 86 23 lecture
172 2920 68 20 anent
250 2918 30 22 all
291 2918 28 22 he
328 2917 41 23 has
379 2925 51 15 seen
441 2917 45 23 and
497 2916 74 23 heard.
603 2916 34 22 On

77 2947 35 24 his
128 2955 50 22 way
195 2947 72 24 South
285 2948 65 29 again
372 2947 38 24 Mr
433 2947 105 27 Stewart,
557 2949 25 21 at
599 2946 38 23 the

77 2981 90 24 request
198 2978 23 21 of
250 2978 37 21 the
312 2977 120 21 Auckland
457 2977 53 27 City
534 2976 101 25 Council,

76 3006 117 22 examined
214 3008 38 20 the
272 3006 153 21 installations
444 3004 24 22 of
491 3004 47 29 city
562 3004 73 21 refuse

75 3037 138 22 destructors
232 3038 25 20 at
286 3035 158 30 Nottingham,
470 3034 162 29 Birmingham,

73 3067 46 21 and
142 3066 140 28 Edinburgh.
327 3065 48 21 The
406 3065 156 27 Brummagem
592 3070 42 14 one

73 3095 78 24 struck
162 3095 47 22 him
218 3102 25 15 as
254 3095 38 22 the
301 3094 58 27 best,
372 3093 44 23 and
434 3093 27 23 he
477 3093 41 23 has
528 3092 106 31 reported

73 3125 116 29 favorably
200 3125 99 22 thereon.
330 3124 28 22 In
365 3124 39 23 the
411 3123 108 23 intervals
527 3123 23 22 of
557 3123 76 29 public

73 3155 100 23 business
183 3154 43 23 and
237 3154 140 23 intellectual
392 3153 45 22 and
454 3152 102 23 ie3thetic
573 3152 48 30 plea-

73 3193 49 16 sure
133 3185 38 24 Mr
180 3184 98 26 Stewart
288 3184 82 24 turned
390 3184 35 24 his
433 3184 115 24 attention
559 3185 24 22 to
593 3183 39 23 the

74 3217 56 24 New
140 3217 97 22 Zealand
246 3217 85 29 mining
338 3215 45 24 and
397 3216 127 30 promotion
532 3214 100 23 markets

73 3248 23 22 in
107 3247 97 23 London.
237 3247 35 22 He
283 3247 39 22 has
333 3246 81 30 picked
425 3253 31 23 up
466 3245 107 23 wrinkles
581 3252 38 15 con-

72 3278 92 29 cerning
181 3277 63 27 both,
263 3277 44 22 and
327 3277 46 22 will
390 3276 110 30 probably
520 3276 82 22 devote
618 3282 13 15 a

73 3309 59 28 large
142 3309 89 28 portion
241 3308 23 22 of
273 3308 35 22 his
319 3308 54 22 time
383 3307 23 23 in
421 3307 77 22 future
509 3309 24 20 to
543 3306 87 29 mining

73 3341 99 20 matters.

193 3374 118 18 PERSONAL
325 3373 49 18 AND
388 3373 117 18 GENERAL.

102 3399 34 23 On
152 3398 142 30 Wednesday
314 3399 62 22 week
397 3398 36 22 Mr
453 3397 88 24 Justice
561 3397 68 27 Cave,

73 3429 81 29 sitting
170 3436 24 15 as
211 3436 12 15 a
233 3429 103 22 vacation
352 3428 74 30 judge,
439 3428 44 22 had
494 3431 24 19 to
528 3427 102 23 consider

73 3467 28 14 an
112 3459 137 29 application
259 3458 65 23 made
336 3466 28 14 on
381 3458 75 22 behalf
473 3458 23 22 of
516 3458 39 22 the
573 3457 57 22 New

73 3488 98 23 Zealand
190 3488 103 23 Midland
313 3488 102 28 Railway
432 3488 121 29 Company.
592 3486 38 23 Mr

74 3519 109 29 Waggett
200 3518 70 23 asked
294 3518 39 23 the
352 3518 164 23 authorisation
540 3518 23 22 of
587 3517 43 22 His

75 3549 110 28 Lordship
204 3552 23 19 to
247 3549 39 22 the
302 3552 97 19 trustees
416 3549 125 28 advancing
557 3555 13 14 a
580 3554 49 16 sum

73 3581 40 19 not
123 3578 119 30 exceeding
253 3579 101 27 IO,OOO,
367 3580 23 21 to
400 3578 28 22 be
439 3578 71 22 raised
522 3581 25 18 at
557 3585 12 14 a
580 3580 49 19 rate

73 3610 40 21 not
122 3608 120 30 exceeding
253 3609 12 23 7
276 3616 39 22 per
324 3611 69 26 cent.,
404 3608 35 23 for
449 3608 39 23 the
500 3615 95 23 purpose
606 3607 23 22 of

73 3639 97 30 meeting
179 3639 86 23 certain
272 3639 107 23 demands
386 3639 23 23 of
420 3639 39 23 the
466 3638 56 24 New
531 3638 98 23 Zealand

73 3669 158 28 Government,
243 3670 57 27 who,
312 3669 71 23 under
400 3678 13 13 a
430 3669 128 22 concession
573 3668 55 29 they

73 3699 44 22 had
136 3699 102 29 granted,
259 3700 44 22 had
322 3699 92 23 entered
437 3700 49 22 into
503 3699 125 29 possession

73 3729 23 22 of
128 3732 39 19 the
191 3730 91 28 railway
306 3730 43 22 and
374 3736 58 16 were
456 3729 103 29 working
590 3728 38 23 the

72 3759 52 22 line.
168 3759 62 30 They
261 3766 58 16 were
348 3759 104 28 entitled,
484 3766 24 16 as
539 3759 89 29 against

73 3789 39 23 the
135 3796 116 24 company,
272 3793 24 20 to
320 3790 38 23 the
382 3789 119 24 difference
526 3789 101 23 between

73 3820 39 22 the
121 3821 147 28 expenditure
277 3820 44 23 and
332 3822 108 28 receipts;
453 3820 45 23 and
508 3820 23 22 in
541 3819 89 23 default

74 3850 23 21 of
107 3850 39 22 the
156 3851 127 28 company's
293 3853 107 26 payment
410 3850 23 22 of
447 3858 13 14 a
476 3850 93 21 balance
585 3849 44 22 due

73 3879 56 22 from
139 3879 61 23 them
211 3881 22 21 in
253 3880 45 22 this
315 3882 88 27 respect
420 3880 39 22 the
475 3879 155 23 Government

73 3909 44 23 had
127 3909 66 31 given
203 3910 73 23 notice
286 3909 22 24 of
319 3910 125 29 forfeiture,
463 3909 73 24 which
554 3908 75 25 would

73 3940 53 23 take
145 3940 66 24 effect
229 3949 28 15 on
281 3941 96 24 October
398 3942 33 27 13,
452 3941 75 23 unless
547 3941 23 22 in
590 3940 39 23 the

73 3971 118 22 meantime
214 3971 39 22 the
277 3979 108 21 company
412 3971 67 23 could
503 3973 61 20 meet
590 3970 39 22 the

73 3999 101 24 demand.
207 4000 72 24 There
299 4008 57 16 were
375 4001 47 23 also
442 4001 42 23 law
505 4003 59 20 costs
584 3999 45 23 and

73 4031 65 22 other
153 4031 91 29 charges
260 4034 24 20 to
301 4031 26 23 be
345 4035 61 24 met;
427 4031 53 28 and,
501 4039 24 14 as
545 4031 19 22 it
584 4037 46 16 was

73 4060 75 23 feared
158 4061 39 22 the
207 4069 115 21 necessary
337 4065 93 19 amount
439 4062 75 22 would
531 4061 57 22 have
606 4063 24 20 to

73 4090 27 23 be
110 4091 71 22 raised
193 4091 22 22 in
225 4091 57 23 New
292 4092 104 27 Zealand,
414 4099 76 22 power
504 4099 46 14 was
559 4090 70 23 asked

73 4123 25 20 to
108 4123 58 21 meet
183 4121 38 23 the
238 4121 96 30 possible
353 4125 49 20 rate
421 4122 23 23 of
463 4122 97 22 interest
578 4121 53 22 that

73 4151 73 31 might
155 4151 27 24 be
192 4152 95 31 charged
298 4153 69 24 there.
399 4153 96 24 Counsel
505 4152 35 24 for
548 4150 68 25 deben-

74 4182 149 24 ture-holders
246 4184 44 22 and
313 4184 76 23 others
413 4185 23 22 in
461 4184 39 23 the
519 4190 111 23 company

74 4213 121 30 appearing
204 4213 45 24 and
258 4217 39 20 not
308 4215 113 30 objecting
432 4217 23 21 to
466 4214 39 24 the
516 4214 112 30 proposal,

75 4243 42 22 His
127 4243 110 30 Lordship
251 4245 48 22 said
310 4245 27 22 he
352 4245 40 22 did
409 4248 40 19 not
465 4245 46 22 like
528 4243 101 23 off-hand

75 4275 24 20 to
109 4273 76 23 decide
195 4281 13 15 a
223 4281 48 16 case
288 4275 23 22 of
327 4275 46 22 this
389 4274 63 29 kind,
473 4274 110 30 although
602 4274 28 22 he

75 4304 152 29 sympathised
248 4305 56 22 with
319 4306 31 21 its
366 4306 61 26 aim;
449 4305 42 22 but
508 4305 28 22 he
555 4304 75 23 would

75 4333 58 23 refer
143 4333 38 23 the
192 4342 48 15 case
251 4338 23 20 to
289 4335 38 23 the
338 4335 58 23 chief
406 4335 62 23 clerk
483 4338 24 20 to
522 4334 54 24 take
591 4335 39 23 the

75 4367 82 19 matter
167 4367 25 20 at
200 4372 54 15 once
263 4365 24 22 in
304 4365 67 28 hand,
388 4366 44 22 and
448 4369 77 25 report
542 4368 24 19 to
583 4365 47 22 him

75 4400 60 22 upon
145 4394 26 27 it,
187 4394 55 23 with
258 4395 38 22 the
312 4396 57 22 view
386 4396 24 22 of
426 4395 35 22 his
479 4394 93 30 making
591 4394 39 23 the

76 4423 71 24 order.

103 4455 38 22 Mr
158 4456 24 23 C.
204 4456 29 23 H.
255 4456 76 29 Jones,
352 4457 23 23 of
396 4457 170 27 Christchurch,
592 4456 39 23 the

76 4488 101 20 amateur
207 4486 116 30 champion
353 4487 111 30 bicyclist,
494 4486 90 23 arrived
608 4487 23 22 in

79 4515 88 23 London
177 4523 28 15 on
215 4515 113 32 Saturday
338 4517 63 23 week
411 4518 45 22 last
465 4517 31 30 by
504 4517 39 23 the
553 4517 62 22 Rimu-

76 4545 61 29 taka,
149 4547 103 29 together
268 4548 55 23 with
341 4555 12 16 a
369 4548 43 23 few
429 4548 70 23 dozen
513 4547 85 24 medals
609 4547 22 24 of

75 4576 60 30 gold,
146 4578 74 27 silver,
232 4578 44 23 and
293 4578 80 23 bronze
393 4582 23 20 to
436 4579 53 22 bear
506 4579 91 22 witness
608 4582 23 19 to

76 4606 35 21 his
128 4614 96 20 prowess
238 4608 91 21 awheel.
370 4608 35 21 He
421 4608 52 22 tells
490 4615 35 14 me
545 4608 27 21 he
592 4608 39 21 has

76 4642 61 15 come
148 4636 71 22 Home
234 4636 115 29 primarily
367 4639 24 21 to
409 4637 52 23 take
480 4639 53 28 part
551 4637 24 23 in
592 4637 39 23 the

77 4665 94 28 English
187 4665 178 30 championships
383 4670 54 19 next
454 4674 59 22 year.
545 4667 36 22 He
591 4667 40 22 has

76 4696 41 20 not
127 4696 40 25 yet
175 4695 64 21 made
250 4695 39 22 the
302 4696 160 28 acquaintance
472 4697 23 22 of
504 4703 44 23 any
559 4696 23 23 of
591 4703 42 16 our

78 4723 83 28 tracks,
172 4723 43 23 but
224 4724 89 23 intends
323 4726 18 21 if
351 4726 96 28 possible
457 4729 24 20 to
498 4726 29 23 do
544 4733 12 15 a
572 4726 60 23 little

78 4754 76 28 racing
173 4753 82 30 during
273 4754 46 22 this
338 4754 57 23 back
414 4756 43 22 end
476 4756 23 22 in
519 4756 65 22 order
609 4759 24 19 to

78 4783 129 22 familiarise
226 4783 89 23 himself
334 4785 54 21 with
408 4786 39 20 the
466 4786 103 21 methods
588 4785 45 22 and

78 4813 77 29 racing
172 4813 79 22 tactics
270 4813 23 22 of
315 4821 40 15 our
374 4814 112 23 wheelers.
531 4814 36 24 He
587 4815 46 23 also

79 4843 90 22 intends
180 4845 23 20 to
214 4843 28 22 do
252 4850 12 15 a
275 4843 60 22 little
346 4844 89 29 touring
449 4845 71 22 round
531 4846 102 28 England

79 4872 23 21 in
113 4872 65 21 order
188 4875 24 18 to
222 4879 35 15 see
268 4873 125 29 something
403 4874 23 21 of
436 4874 38 22 the
482 4874 43 22 Old
532 4874 101 30 Country

80 4901 44 23 and
135 4904 24 20 to
170 4902 54 22 visit
240 4902 35 22 his
292 4902 84 22 friends
393 4903 44 22 and
448 4903 104 24 relatives
562 4905 23 22 in
595 4905 39 23 the

80 4932 123 29 provinces.
234 4931 44 23 For
287 4932 40 22 the
336 4933 55 21 time
398 4932 66 31 being
471 4934 27 21 he
508 4935 19 21 is
537 4935 98 29 residing

80 4963 59 21 atso
150 4961 107 22 Windsor
267 4962 62 26 road,
341 4961 125 31 Holloway,
478 4963 28 22 N.

109 4992 37 21 Mr
156 4992 28 21 A.
197 4991 25 22 E.
235 4990 135 30 Fitzgerald,
382 4992 74 21 whose
469 4999 54 23 very
533 4994 102 23 readable

82 5024 59 20 tome
153 5020 97 24 'Climbs
261 5021 22 22 in
294 5021 39 22 the
343 5020 55 23 New
409 5021 97 23 Zealand
518 5023 68 29 Alps'
597 5024 39 22 has

81 5060 13 14 a
104 5051 58 23 wide
172 5051 130 28 popularity
313 5051 23 21 in
349 5051 39 21 the
405 5051 42 21 Old
464 5051 108 30 Country,
584 5054 53 21 read

82 5089 12 14 a
104 5088 70 23 paper
182 5088 28 14 on
221 5080 38 23 the
270 5079 113 23 Southern
398 5080 57 29 Alps
464 5081 23 22 of
504 5081 39 22 the
559 5082 78 29 colony

81 5112 76 23 before
168 5111 39 23 the
217 5110 157 30 geographical
384 5110 83 23 section
476 5110 23 23 of
506 5110 39 23 the
553 5111 85 24 British

81 5142 143 22 Association
248 5147 28 15 on
301 5140 104 28 Tuesday
424 5140 63 21 week
513 5140 50 22 last.
603 5142 35 21 He

81 5171 94 31 pointed
194 5173 41 21 out
254 5170 52 24 that
325 5169 77 23 whilst
421 5169 38 23 the
476 5170 127 23 mountains
617 5171 23 23 of

82 5203 57 23 New
149 5201 98 24 Zealand
264 5208 58 16 were
341 5204 41 19 not
398 5208 25 14 so
440 5200 54 29 high
510 5208 24 14 as
545 5201 63 22 those
617 5201 23 23 of

82 5232 156 26 Switzerland,
250 5231 39 22 the
299 5237 61 16 snow
370 5230 46 22 line
426 5237 45 14 was
482 5230 64 21 much
564 5230 74 27 lower,

81 5262 45 23 and
136 5269 29 15 on
175 5261 39 23 the
226 5260 71 23 whole
312 5260 39 23 the
361 5259 126 23 conditions
497 5259 23 22 of
536 5258 105 30 climbing

81 5301 59 15 were
150 5299 55 22 very
222 5291 92 23 similar.
345 5290 48 23 The
409 5289 101 30 glaciers,
529 5288 111 28 however,

81 5331 59 15 were
149 5323 74 29 larger
233 5321 56 23 than
300 5321 64 22 those
374 5319 23 23 of
408 5320 95 29 Europe.
536 5319 36 22 Mr
582 5318 48 23 Fitz-

81 5353 77 31 gerald
178 5352 116 24 described
316 5357 60 16 some
401 5350 103 28 thrilling
530 5348 112 23 incidents

81 5387 48 20 met
147 5383 56 23 with
223 5382 30 30 by
273 5381 90 23 himself
381 5380 45 22 and
449 5380 34 21 his
502 5378 75 30 guide,
598 5378 44 22 and

81 5414 129 24 illustrated
221 5413 35 24 his
268 5420 70 24 paper
348 5411 56 24 with
421 5417 61 17 some
492 5417 54 23 very
556 5409 74 24 beauti-

82 5446 34 21 ful
146 5444 163 29 photographic
333 5443 69 22 slides
428 5442 89 22 thrown
541 5448 60 21 upon
630 5448 13 14 a

92 5481 71 15 creen.
195 5474 75 28 Major
280 5472 100 26 Darwin,
393 5471 38 22 the
445 5469 116 31 president
570 5469 24 22 of
603 5469 39 21 the

82 5504 93 28 lection,
196 5503 48 23 said
269 5502 51 23 that
344 5501 65 24 when
429 5500 28 23 he
476 5498 82 25 visited
586 5497 56 24 New

82 5535 97 23 Zealand
196 5535 23 22 in
236 5533 54 25 1874
307 5536 23 20 to
348 5532 92 23 observe
461 5531 38 23 the
517 5530 83 23 transit
619 5529 23 23 of

82 5566 77 22 Venus
175 5565 39 22 the
229 5567 96 25 country
341 5562 116 24 described
477 5562 31 28 by
525 5561 38 23 Mr
582 5559 48 24 Fitz-

82 5596 77 29 gerald
178 5602 46 15 was
243 5598 60 19 terra
323 5594 115 28 incognita.
476 5592 47 22 The
541 5591 88 29 explora-

82 5627 60 21 tions
152 5625 23 22 of
191 5625 38 21 Mr
245 5625 73 21 Green
335 5626 37 20 ten
389 5630 66 22 years
465 5629 41 22 ago
522 5621 45 22 had
584 5621 58 22 done

82 5655 67 23 much
164 5657 24 21 to
198 5654 115 23 stimulate
323 5653 39 23 the
379 5653 56 23 New
446 5651 97 24 Zealand
558 5651 83 29 Alpine

82 5686 66 28 Club,
159 5693 13 16 a
182 5686 85 29 society
278 5685 51 23 that
339 5684 44 23 had
394 5685 60 22 since
464 5682 58 24 done
530 5681 112 24 excellent

82 5717 69 23 work.
182 5716 39 22 Mr
231 5716 99 26 Darwin,
342 5716 23 21 in
375 5714 135 26 conclusion,
523 5716 104 26 congratu-

82 5747 61 23 lated
154 5746 37 22 Mr
199 5745 128 29 Fitzgerald
340 5752 29 14 on
385 5745 34 21 his
436 5744 166 22 achievements
617 5742 23 23 in

82 5778 40 26 the
132 5776 128 26 mountains
269 5775 24 25 of
304 5775 38 24 the
352 5774 87 32 colony.

694 194 38 23 Mr
742 193 25 24 E.
780 192 25 25 F.
818 191 85 32 Darby,
914 190 23 24 of
951 187 128 29 Auckland,
1098 186 40 23 has
1154 183 69 25 taken

667 233 28 16 an
712 225 63 24 office
792 227 25 22 at
834 224 40 24 416
892 222 103 25 Mansion
1006 220 77 24 House
1093 216 128 27 Chambers,

666 257 77 26 Queen
753 256 103 22 Victoria
865 256 79 24 street,
955 252 46 23 and
1016 252 91 27 expects
1124 251 23 19 to
1162 247 27 21 be
1199 246 23 22 in

667 285 104 30 England
788 292 25 16 as
830 284 71 30 buyer
917 283 35 23 for
969 282 35 22 his
1016 280 49 23 firm
1076 279 34 23 for
1121 278 38 23 the
1169 277 54 21 next

667 318 45 21 two
727 323 72 22 years.
837 315 37 22 He
889 313 100 29 recently
1000 308 105 26 returned
1123 308 57 22 from
1195 313 28 15 an

665 346 117 22 extensive
792 345 101 22 business
904 346 52 20 tour
966 350 28 15 on
1005 342 39 21 the
1054 339 128 24 Continent.

694 376 37 22 Mr
740 375 61 23 John
812 374 59 29 Mill,
882 374 24 23 of
920 373 55 24 Port
985 371 121 26 Chalmers,
1124 374 61 17 came
1200 373 22 16 in

666 406 39 22 the
724 406 66 22 other
806 405 45 29 day
862 410 24 18 to
903 403 38 23 bid
957 411 26 15 us
1000 410 13 14 a
1028 400 73 31 joyful
1116 397 106 27 farewell,

665 435 43 22 and
716 435 18 22 is
745 442 50 15 now
806 442 26 15 en
841 437 60 20 route
912 433 56 23 with
978 433 35 21 his
1023 431 52 22 wife
1084 429 45 23 and
1145 427 77 28 family

665 464 35 23 for
710 464 56 23 New
776 464 98 23 Zealand
882 464 23 22 in
912 464 39 21 the
959 462 106 23 Ballarat.
1096 459 63 28 They
1168 457 55 22 have

665 494 44 24 had
719 502 14 15 a
743 495 84 30 capital
837 495 62 27 time,
911 493 42 24 but
963 499 57 17 were
1030 490 63 32 quite
1102 488 42 24 full
1154 494 31 23 up
1201 487 23 22 of

665 525 121 30 travelling
803 525 45 23 and
867 524 116 29 delighted
1004 525 23 20 to
1047 521 27 22 be
1093 527 53 15 once
1164 524 59 17 more

665 555 129 22 homeward
804 555 83 22 bound.
919 554 64 23 Since
999 552 11 23 I
1027 558 45 16 saw
1082 551 46 21 him
1145 551 25 20 at
1185 548 38 22 the

665 585 43 22 end
724 585 23 22 of
762 585 56 29 July
836 585 37 22 Mr
890 584 51 23 Mill
959 584 39 21 has
1015 582 54 22 been
1081 581 21 22 in
1117 577 106 26 Scotland

665 614 43 24 and
720 615 57 23 done
788 615 39 23 the
863 614 52 23 land
926 614 23 22 of
966 612 65 24 cakes
1068 612 77 28 pretty
1163 609 48 22 thor-

665 646 90 30 oughly.
797 645 26 23 In
844 645 39 23 the
903 644 83 27 North,
998 646 24 20 at
1041 642 54 23 such
1112 640 73 31 places
1200 645 24 16 as

666 677 126 26 Aberdeen,
813 676 78 26 Perth,
919 675 43 22 and
981 673 126 25 Inverness,
1132 671 28 21 he
1178 676 46 15 was

665 706 115 30 surprised
791 708 23 21 to
825 705 46 23 find
882 705 51 23 that
943 703 86 30 though
1037 709 55 16 even
1103 699 121 28 secondary

665 736 70 30 joints
745 736 23 22 of
778 739 90 19 mutton
879 738 49 20 cost
937 742 13 15 a
960 734 91 28 shilling
1067 739 12 16 a
1089 730 76 32 pound
1183 729 39 23 the

666 766 57 24 New
747 766 97 24 Zealand
868 765 79 23 article
972 764 43 23 had
1035 765 40 21 not
1091 758 132 34 penetrated

667 798 52 21 thus
752 798 42 21 far.
847 795 143 31 Apparently
1021 794 63 22 there
1119 798 44 16 was
1196 798 28 14 an

666 827 112 22 excellent
802 826 96 29 opening
917 826 35 22 for
971 826 26 21 it.
1037 824 33 21 At
1089 821 66 23 Leith
1180 819 44 23 and

666 856 126 24 Peterhead
802 857 39 22 Mr
857 856 52 22 Mill
928 863 61 15 came
1009 861 73 16 across
1101 858 67 22 many
1187 849 37 24 old

666 887 136 30 shipmaster
821 886 93 28 friends,
926 885 54 23 such
996 892 24 15 as
1035 883 96 30 Captain
1142 882 80 23 Cowan

666 918 23 23 of
704 918 39 23 the
754 917 149 31 Wellington,
915 916 44 23 and
969 915 96 31 Captain
1078 913 65 24 Watt
1154 911 22 25 of
1186 911 39 23 the

667 949 64 29 Lady
741 949 102 29 Jocelyn.
875 948 47 23 The
933 948 69 21 latter
1012 947 39 21 has
1071 943 91 28 retired,
1181 942 43 23 and

666 979 56 22 lives
732 979 23 22 in
766 979 39 22 the
815 976 140 24 first-named
966 978 95 27 seaport.
1093 974 47 23 The
1152 973 73 22 Burns

668 1009 102 24 festivals
781 1012 24 20 at
815 1008 107 24 Dunfries
932 1007 44 23 and
992 1006 94 24 Dunoon
1097 1012 57 15 were
1169 1003 56 23 both

667 1040 81 28 graced
765 1040 30 28 by
818 1040 35 20 Mr
869 1039 69 20 Mill's
955 1044 105 22 presence
1070 1044 5 18 ;
1091 1037 23 20 in
1127 1035 54 26 fact,
1198 1035 27 20 he

667 1068 144 30 represented
830 1068 40 22 the
893 1067 80 28 colony
999 1066 96 26 thereat,
1117 1064 44 22 and
1182 1070 43 15 was

667 1098 120 30 presented
799 1103 23 18 to
837 1097 61 23 Lord
908 1097 45 23 and
964 1096 64 28 Lady
1039 1095 83 24 Kelvin
1134 1102 23 15 as
1168 1092 55 25 New

667 1129 97 24 Zealand
775 1129 108 30 delegate.
915 1127 37 24 He
971 1126 45 24 had
1035 1126 46 24 also
1101 1125 39 24 the
1155 1124 70 24 honor

667 1161 22 22 of
708 1169 29 14 an
757 1160 154 23 introduction
929 1162 24 19 to
971 1157 59 24 Lord
1042 1157 121 29 Rosebety,
1175 1155 50 23 who

666 1197 70 14 seems
766 1193 23 17 to
816 1190 57 19 have
902 1189 55 21 been
981 1189 23 21 in
1027 1187 106 29 specially
1153 1186 74 30 genial

667 1218 64 22 mood
752 1217 43 22 and
815 1223 55 22 very
886 1218 118 20 courteous
1019 1217 44 20 and
1084 1216 98 27 friendly
1202 1218 24 20 to

666 1249 38 21 the
715 1247 57 23 New
788 1246 128 22 Zealander.

694 1279 7 11 '
708 1277 71 23 Nrtes
789 1284 28 15 on
829 1276 104 23 Political
949 1276 113 27 Economy
1070 1274 66 23 From
1145 1282 14 14 a
1169 1273 56 23 New

665 1307 97 22 Zealand
783 1306 68 22 Point
867 1306 23 21 of
910 1305 80 27 View,'
1006 1305 30 28 by
1073 1305 21 21 A
1105 1303 56 23 New
1171 1303 39 21 Zea-

665 1337 53 23 land
863 1336 18 22 is
892 1335 39 23 the
947 1334 52 23 title
1016 1334 23 23 of
1049 1341 13 15 a
1079 1332 61 24 work
1151 1332 73 23 which

666 1368 83 23 Messrs
761 1366 129 24 Maomillan
901 1372 115 16 announce
1027 1364 34 23 for
1071 1366 55 20 next
1136 1363 86 23 month.

693 1398 38 23 Mr
747 1398 26 23 A.
793 1397 27 23 G.
839 1397 47 23 Gee
903 1403 46 16 was
966 1398 24 21 to
1001 1395 56 23 have
1072 1393 103 25 renewed
1186 1393 39 23 the

665 1429 162 30 acquaintance
837 1428 23 23 of
870 1427 38 23 the
920 1426 79 24 Palace
1009 1426 98 23 Theatre
1117 1425 108 22 audience

666 1467 28 15 on
712 1459 101 28 Monday
827 1458 62 22 week
908 1457 72 22 under
997 1456 35 23 his
1048 1455 138 30 pseudonym
1202 1454 23 22 of

667 1489 81 24 Albert
764 1488 117 28 Grcsham,
899 1487 42 23 but
961 1494 45 15 was
1026 1485 98 23 shunted
1144 1487 25 20 at
1186 1484 39 23 the

666 1521 46 22 last
721 1522 99 21 moment
831 1520 23 21 in
871 1519 64 22 favor
945 1518 23 22 of
985 1525 12 15 a
1008 1517 74 29 singer
1093 1519 24 20 at
1134 1518 91 27 present

668 1550 113 23 unknown
793 1553 23 19 to
827 1550 59 22 fame
896 1548 80 23 named
992 1547 76 23 Frank
1079 1546 77 23 Boore.
1188 1545 37 22 Mr

666 1581 46 23 Gee
724 1588 44 16 was
778 1579 102 30 verbally
890 1578 100 30 engaged
1001 1578 52 28 long
1062 1584 41 22 ago
1114 1579 24 20 to
1148 1576 50 29 sing
1213 1583 12 15 a

667 1618 55 22 song
753 1609 195 24 commemorative
980 1611 24 20 to
1035 1607 48 23 Her
1107 1606 119 29 Majesty's

667 1640 78 25 record
755 1641 71 30 reign,
839 1640 38 23 the
886 1639 70 23 music
964 1638 23 23 of
997 1638 73 23 which
1078 1644 45 16 was
1133 1637 92 23 written

667 1673 30 29 by
708 1672 37 23 Mr
755 1671 79 23 Alfred
845 1670 130 30 Plumpton,
983 1669 44 23 and
1036 1669 39 23 the
1082 1667 143 29 Antipodean

668 1710 45 14 was
723 1702 100 29 actually
831 1700 129 23 advertised
968 1703 24 19 to
1000 1706 84 22 appear
1092 1699 22 21 in
1126 1697 100 29 Monday

668 1731 120 31 morning's
799 1738 86 23 papers.
917 1729 82 28 When,
1013 1730 109 25 however,
1136 1727 37 22 Mr
1180 1727 46 23 Gee

668 1762 82 24 turned
761 1769 30 23 up
802 1764 24 20 at
836 1761 39 23 the
891 1760 89 23 theatre
998 1759 27 22 he
1042 1766 45 15 was
1102 1758 81 29 calmly
1194 1757 21 23 in-

668 1793 86 24 formed
771 1793 30 29 by
816 1792 38 23 the
872 1798 112 23 manager,
1002 1790 37 23 Mr
1057 1789 99 28 Morton,
1176 1788 51 23 that

668 1825 39 21 the
717 1824 109 22 directors
837 1821 43 23 had
891 1821 93 23 decided
996 1820 52 23 that
1058 1820 28 22 he
1096 1819 80 23 should
1187 1821 40 20 not

667 1854 50 28 sing
729 1853 60 22 'The
806 1853 88 28 longest
908 1851 80 28 reign,'
1005 1850 44 22 and
1067 1849 44 23 had
1127 1849 99 29 engaged

667 1883 95 23 another
771 1882 74 23 artist.
877 1880 102 30 Nothing
989 1886 46 16 was
1045 1879 86 29 alleged
1138 1879 89 29 against

668 1914 64 24 Gee's
767 1912 89 30 ability,
889 1919 48 20 nor,
975 1909 88 29 indeed,
1100 1917 46 15 was
1182 1916 44 23 any

668 1952 77 15 reason
769 1945 66 28 given
864 1943 35 22 for
928 1942 45 22 this
1002 1941 86 22 sudden
1118 1940 105 22 decision.

668 1976 32 22 As
710 1974 72 23 solace
799 1974 34 23 for
850 1973 34 22 his
899 1972 194 29 disappointment
1107 1970 44 22 and
1166 1970 60 22 balm

668 2006 34 22 for
726 2006 35 21 his
785 2003 111 24 wounded
922 2003 101 28 feelings,
1050 2001 111 26 however,
1187 2001 39 21 the

668 2042 105 23 manager
796 2033 83 23 offered
904 2033 38 22 the
962 2031 131 23 Australian
1112 2038 13 14 a
1145 2030 82 22 week's

668 2066 82 30 salary,
769 2067 24 21 to
809 2064 28 24 be
854 2063 53 31 paid
922 2070 30 16 on
968 2062 38 23 the
1017 2061 114 30 Saturday
1141 2060 72 23 follow-

668 2098 44 28 ing.
744 2096 46 22 Gee
800 2094 114 29 naturally
926 2093 97 29 thought
1033 2093 28 22 he
1071 2100 46 14 was
1129 2091 97 23 entitled

668 2129 24 20 to
713 2126 128 28 something
860 2132 67 20 more,
948 2124 44 22 and
1012 2122 48 23 said
1080 2130 31 19 so,
1133 2122 42 22 but
1190 2121 37 22 Mr

668 2156 110 24 Morton's
795 2155 91 30 opinion
906 2154 39 23 did
965 2155 40 21 not
1022 2152 107 28 coincide,
1150 2151 44 23 and
1215 2150 11 24 I

668 2187 61 22 learn
741 2187 51 22 that
802 2187 64 22 there
877 2185 18 23 is
906 2185 48 23 talk
965 2185 23 22 of
1002 2183 58 30 legal
1071 2182 152 31 proceedings.

668 2217 27 23 In
715 2218 48 22 face
782 2216 24 23 of
825 2216 38 23 the
883 2216 47 22 fact
950 2215 51 22 that
1026 2215 63 22 there
1108 2213 70 22 exists
1198 2220 29 15 no

668 2248 92 22 written
777 2249 129 27 agreement
922 2246 102 22 between
1041 2245 38 22 the
1090 2244 84 29 parties
1185 2251 41 14 one

668 2280 82 20 cannot
761 2277 62 23 deem
836 2277 36 21 Mr
882 2276 65 22 Gee's
957 2275 97 29 position
1065 2277 78 26 strong
1154 2274 22 21 in
1188 2274 38 21 the

668 2308 58 28 legal
750 2314 71 19 sense,
847 2306 42 22 but
907 2310 25 18 at
952 2305 38 23 the
1009 2312 60 14 same
1089 2304 54 22 time
1164 2303 63 22 there

668 2339 83 21 cannot
767 2336 28 23 be
812 2336 38 23 the
867 2336 106 29 slightest
988 2333 72 24 doubt
1075 2333 52 22 that
1143 2333 27 22 he
1187 2333 39 22 has

668 2368 54 22 been
733 2375 55 22 very
799 2366 103 29 shabbily
911 2364 95 25 treated.
1037 2365 21 22 A
1068 2364 60 29 jury,
1136 2362 89 28 indeed,

668 2398 75 24 would
761 2404 55 23 very
834 2396 70 29 likely
920 2398 41 21 not
977 2395 64 23 deem
1052 2395 39 23 the
1104 2402 43 15 non
1158 2394 56 22 exist-

668 2437 52 15 ence
731 2429 23 22 of
764 2436 13 15 a
785 2427 94 31 binding
889 2430 102 20 contract
1001 2434 13 15 a
1021 2426 40 22 bar
1072 2429 23 19 to
1106 2425 38 23 the
1152 2425 74 30 singer

668 2460 130 28 recovering
808 2458 104 29 damages
922 2458 35 22 for
964 2457 82 22 breach
1056 2456 23 21 of
1089 2458 134 26 agreement,

668 2490 23 21 in
708 2489 58 22 view
781 2488 23 22 of
821 2488 39 22 the
879 2488 47 21 fact
946 2487 49 22 that
1017 2486 38 22 the
1070 2487 155 26 management

668 2519 44 22 had
724 2517 127 24 advertised
1093 2519 24 18 to
1126 2515 50 28 sing
1187 2514 38 22 the

686 2550 97 28 Longest
803 2547 78 31 reign,'
901 2547 44 22 and
971 2547 50 22 that
1045 2545 35 23 his
1103 2552 65 15 name
1187 2551 26 22 ap-

668 2580 82 30 peared
761 2587 27 14 on
800 2579 39 23 the
848 2578 44 29 Blip
902 2578 22 22 of
935 2576 73 23 words
1018 2575 108 24 intended
1136 2575 35 22 for
1181 2574 33 23 dis-

668 2610 109 23 tribution
789 2609 22 23 in
823 2609 38 23 the
871 2609 94 22 theatre.

696 2640 57 23 New
772 2639 96 24 Zealand
888 2646 80 22 papers
988 2645 37 15 are
1045 2636 69 24 asked
1131 2638 24 21 to
1172 2637 53 21 note

669 2671 51 22 that
740 2677 27 16 on
788 2669 100 28 Sunday,
908 2668 132 29 September
1055 2668 35 26 20,
1108 2667 39 22 the
1167 2666 55 22 Rev.

667 2700 85 29 George
762 2699 72 23 Binks
844 2698 33 23 De
892 2698 77 27 Renzi,
980 2698 67 26 8.A.,
1059 2697 46 22 late
1122 2696 103 29 chaplain

667 2731 22 23 of
701 2730 65 24 H.M.
779 2730 76 31 prison
865 2731 25 21 at
908 2727 169 27 Wandsworth,
1089 2726 51 24 died
1152 2729 24 20 at
1187 2726 38 23 the

666 2762 42 23 Old
720 2761 117 29 Vicarage,
849 2761 79 29 Upper
938 2759 104 30 Tooting,
1055 2758 55 29 aged
1121 2761 91 26 seventy-

665 2793 41 22 six.

693 2822 47 22 The
750 2829 89 22 process
848 2821 24 22 of
882 2820 136 30 persuading
1028 2820 39 22 the
1077 2825 87 23 powers
1175 2818 51 23 that

666 2853 27 22 be
710 2853 49 22 into
774 2851 105 30 allowing
894 2851 39 23 the
951 2850 145 29 registration
1107 2849 22 22 of
1145 2848 37 22 Mr
1197 2848 26 22 E.

667 2883 99 28 Kerseys
776 2881 105 29 Cooper's
891 2881 73 29 Royal
976 2879 113 24 Standard
1101 2879 65 23 claim
1178 2886 24 14 as
1213 2886 13 14 a

667 2912 87 24 limited
770 2912 98 29 liability
886 2918 109 22 company
1013 2910 71 23 under
1103 2909 51 23 that
1174 2908 52 23 title

667 2950 53 21 was,
741 2950 25 16 83
785 2941 148 30 anticipated,
952 2949 13 14 a
984 2941 52 29 long
1054 2940 44 22 and
1114 2939 112 23 laborious

667 2980 47 14 one.
747 2973 32 20 At
799 2972 85 27 length,
907 2971 110 23 however,
1039 2970 39 20 the

665 3001 56 21 have
738 3001 66 29 given
816 3006 58 21 way,
886 2999 45 21 and
949 2999 29 27 by
989 2998 60 22 their
1064 2997 102 29 gracious
1177 3003 36 22 per-

664 3031 90 22 mission
766 3030 38 23 the
815 3029 74 29 Royal
905 3027 115 25 Standard
1038 3035 45 15 was
1101 3026 124 31 registered

663 3069 24 14 as
697 3061 55 22 such
762 3068 13 13 a
785 3061 43 21 few
839 3060 56 27 days
907 3067 47 21 ago.
987 3058 47 22 The
1045 3058 84 28 capital
1147 3057 24 22 of
1187 3057 38 22 the

662 3097 93 16 concern
767 3090 18 22 is
803 3089 118 27 200,000,
933 3088 23 22 of
972 3088 74 22 which
1064 3087 97 25 50,000
1178 3086 47 23 will

663 3120 27 22 be
700 3119 110 23 available
821 3119 35 23 for
866 3119 103 28 working
984 3117 91 29 capital.
1107 3117 48 22 The
1163 3124 49 21 pros-

662 3152 79 28 pectus
752 3149 46 22 will
808 3149 27 21 be
846 3148 75 22 issued
931 3147 96 30 shortly.

689 3180 38 23 Mr
744 3179 58 24 Wm.
816 3178 115 30 Courtney
948 3177 114 24 delivered
1079 3185 12 15 a
1108 3176 79 31 couple
1202 3175 23 24 of

661 3211 96 23 lectures
767 3218 29 16 on
804 3210 58 24 New
870 3209 98 24 Zealand
978 3212 26 20 at
1014 3209 39 23 the
1061 3208 164 31 Geographical

661 3242 110 23 Institute
789 3245 25 19 at
831 3241 128 23 Newcastle
977 3240 44 22 last
1041 3239 71 28 week,
1131 3239 35 22 his
1181 3238 33 23 dis-

660 3279 89 16 courses
773 3272 68 29 being
865 3271 23 22 of
911 3278 78 15 course
1014 3269 129 23 illustrated
1168 3269 56 22 with

660 3303 113 29 limelight
783 3302 69 22 views
869 3302 102 28 showing
982 3300 39 23 the
1032 3300 81 30 glories
1124 3299 23 23 of
1157 3299 53 23 Tara-

660 3333 60 22 naki.

688 3362 57 24 Miss
763 3361 58 25 Reid
841 3361 44 24 and
903 3361 57 23 Miss
973 3360 87 29 Cairns,
1073 3360 23 24 of
1109 3359 114 29 Dunedin,

660 3394 51 23 who
721 3394 58 22 have
797 3393 54 22 been
868 3392 101 23 resident
984 3392 22 22 in
1018 3392 38 22 the
1067 3391 43 23 Old
1121 3391 103 28 Country

660 3425 34 22 for
712 3424 39 22 the
768 3426 52 27 past
837 3423 64 23 three
917 3429 72 22 years,
1001 3422 43 22 left
1059 3421 34 23 for
1104 3420 57 24 New
1171 3420 39 23 Zea-

660 3454 53 22 land
724 3454 30 29 by
764 3454 40 22 the
813 3453 95 22 Austral
918 3451 130 30 yesterday.

688 3483 48 23 The
747 3483 55 22 Rev.
816 3483 37 22 Mr
870 3482 86 27 Borrie,
966 3481 51 23 who
1034 3488 62 16 came
1107 3480 73 22 Home
1190 3487 22 15 re-

659 3514 84 30 cently,
757 3514 39 22 has
806 3513 56 23 been
873 3512 111 30 spending
994 3519 13 15 a
1017 3512 57 29 good
1086 3511 50 22 deal
1151 3511 23 22 of
1188 3511 36 22 his

660 3545 55 22 time
726 3545 22 21 in
759 3543 115 28 Scotland,
881 3543 44 22 and
936 3542 69 22 about
1016 3542 64 22 three
1088 3541 74 23 weeks
1173 3549 49 21 ago,

659 3575 77 21 whilst
757 3573 130 29 wandering
911 3573 99 28 through
1035 3572 39 22 the
1096 3574 83 19 streets
1199 3571 23 21 of

659 3604 127 28 Aberdeen,
798 3611 41 16 ran
856 3603 90 30 against
961 3603 35 22 his
1011 3601 75 24 fellow
1098 3605 124 19 townsman

660 3635 37 23 Mr
708 3634 37 24 W.
758 3634 29 23 H.
803 3634 67 23 Wise.
902 3633 48 24 The
961 3633 69 23 latter
1041 3633 19 22 is
1070 3639 50 16 now
1131 3632 23 23 in
1166 3631 42 23 Lon-

658 3665 52 26 don,
722 3665 43 23 but
782 3665 34 22 his
827 3664 52 23 wife
894 3664 44 22 and
955 3663 112 29 daughter
1084 3669 38 16 are
1132 3662 91 29 staying

658 3696 23 22 in
701 3695 141 28 Edinburgh.
875 3694 37 22 Mr
931 3693 78 23 Borrie
1030 3695 90 20 returns
1140 3694 24 20 to
1184 3691 39 23 the

658 3726 81 27 colony
750 3732 54 22 very
815 3724 97 29 shortly.

687 3756 48 22 The
746 3755 126 22 examiners
889 3758 23 18 to
930 3753 71 29 Guy's
1016 3752 108 30 Hospital
1138 3752 35 22 for
1184 3751 39 23 the

658 3793 57 23 open
733 3789 108 19 entrance
860 3784 151 29 scholarships
1030 3784 24 21 in
1074 3783 86 22 science
1178 3782 44 22 and

658 3822 48 17 arts
724 3817 57 22 have
801 3815 106 23 awarded
922 3814 37 23 Mr
977 3815 27 21 A.
1025 3813 30 23 H.
1073 3813 26 23 E.
1113 3812 69 28 Wall,
1198 3812 23 23 of

661 3846 139 29 Wellington
811 3845 97 29 College,
918 3844 57 23 New
983 3843 106 28 Zealand,
1101 3851 13 14 a
1124 3843 85 22 scholar-

658 3876 50 29 ship
719 3876 24 23 of
752 3876 52 23 SO.

686 3907 34 23 At
729 3905 33 25 St.
776 3904 123 29 Barnabas,
908 3903 152 29 Beckenham,
1068 3910 29 16 on
1107 3902 113 30 Tuesday,

658 3937 57 23 Miss
723 3937 52 23 Ada
781 3937 118 29 Margaret
906 3935 104 28 Watkin,
1020 3933 81 24 second
1109 3933 114 30 daughter

658 3968 23 21 of
690 3968 39 22 the
739 3968 46 21 late
794 3966 37 22 Mr
839 3966 61 23 John
909 3965 105 27 Watkin,
1022 3965 24 21 of
1056 3964 98 27 Russell,
1165 3963 57 23 New

658 3996 107 28 Zealand,
776 4003 47 16 was
834 3995 97 23 married
941 3998 25 19 to
977 3994 38 23 Mr
1025 3994 76 30 Edgar
1112 3993 110 30 Atheling

659 4027 62 27 Hall,
734 4027 71 27 M.8.,
818 4026 70 27 C.M.,
901 4025 141 29 Edinburgh,
1055 4025 23 21 of
1088 4024 116 24 Surbiton.

687 4057 57 23 New
764 4056 98 23 Zealand
882 4062 82 23 papers
983 4062 38 16 are
1041 4054 70 23 asked
1126 4057 24 19 to
1170 4054 52 29 give

657 4087 114 29 .publicity
782 4089 24 20 to
816 4086 40 23 the
873 4086 48 23 fact
938 4085 52 24 that
1004 4092 29 15 on
1049 4083 134 28 September
1193 4084 27 23 26

660 4118 74 29 Mary,
752 4117 52 23 wife
825 4117 24 22 of
873 4116 93 24 Charles
983 4115 82 24 Clarke
1082 4114 73 28 Irons,
1176 4113 45 24 and

659 4151 112 29 youngest
787 4147 113 32 daughter
917 4146 23 25 of
958 4147 39 23 the
1014 4146 46 24 late
1078 4145 25 24 L.
1115 4144 92 25 Brockle-

659 4180 68 28 bank,
740 4179 74 29 M.A,
825 4179 53 23 died
888 4182 25 20 at
922 4178 108 28 Kilburn,
1042 4178 23 23 in
1076 4177 39 23 the
1126 4176 95 24 fortieth

658 4218 55 23 year
723 4210 23 24 of
756 4210 40 23 her
807 4217 47 23 age.

687 4241 47 23 The
745 4240 85 27 Sirdar,
842 4240 37 23 Sir
889 4240 101 22 Herbert
1000 4238 133 27 Kitchener,
1145 4237 76 23 whose

658 4271 99 30 exploits
767 4278 38 15 are
819 4271 48 28 just
877 4277 51 16 now
938 4277 28 15 on
976 4276 69 23 every
1056 4271 91 26 tongue,
1159 4267 26 27 is,
1197 4275 25 14 as

659 4309 29 15 no
698 4301 72 23 doubt
778 4308 57 22 your
842 4300 91 23 readers
940 4307 38 15 are
985 4306 80 20 aware,
1077 4306 14 15 a
1101 4298 57 23 New
1169 4298 39 22 Zea-

660 4332 78 23 lander
755 4332 30 29 by
802 4331 70 23 birth.
903 4330 44 23 His
963 4330 84 28 father,
1058 4328 94 24 Colonel
1169 4327 39 24 Kit-

660 4363 88 26 chener,
766 4361 84 23 settled
869 4361 24 22 in
909 4361 73 28 Otago
1000 4367 67 21 many
1087 4367 65 20 years
1170 4366 50 21 ago,

660 4392 43 23 and
715 4392 27 23 he
752 4391 91 23 himself
852 4391 20 22 is
881 4391 49 22 still
945 4389 124 24 interested
1080 4389 22 23 in
1113 4391 109 27 property

660 4422 71 25 there.

687 4453 49 24 The
751 4453 46 23 will
814 4453 23 23 of
854 4452 37 23 Mr
907 4452 101 23 William
1025 4450 61 24 Fane
1104 4450 34 23 De
1155 4449 66 29 Salis,

660 4483 60 27 J.P.,
733 4483 152 23 ex-chairman
896 4483 23 22 of
929 4482 39 23 the
978 4481 25 23 P.
1016 4481 45 22 and
1071 4481 25 22 O.
1106 4480 116 29 Company

660 4514 45 23 and
715 4514 47 22 also
772 4513 23 23 of
810 4513 39 23 the
867 4512 93 23 London
975 4510 126 25 Chartered
1118 4509 65 24 Bank
1199 4509 24 23 of

661 4544 124 28 Australia,
804 4544 40 23 has
861 4543 56 24 been
934 4542 86 31 proved
1037 4541 31 31 by
1078 4541 35 23 his
1128 4540 95 30 nephew

660 4576 45 22 and
729 4577 115 25 executor,
866 4575 39 21 the
924 4573 131 30 personalty
1075 4572 23 22 in
1119 4570 104 30 England

661 4605 67 28 being
743 4605 118 26 137,514.

689 4634 33 23 At
731 4641 14 16 a
755 4633 99 29 meeting
864 4631 23 24 of
898 4631 38 23 the
947 4629 189 32 Congregational
1147 4628 75 24 Union

661 4664 121 30 yesterday
800 4671 13 15 a
828 4669 70 23 paper
915 4669 46 16 was
978 4661 54 23 read
1049 4667 29 16 on
1094 4661 6 11 '
1111 4659 113 23 Women's

661 4694 107 22 Missions
791 4693 24 22 in
835 4691 131 23 Australia'
985 4691 31 29 by
1036 4690 48 23 Mrs
1100 4689 85 28 Bevan,
1201 4688 23 23 of

662 4723 140 23 Melbourne.

690 4753 37 22 Mr
744 4753 68 22 Louis
832 4751 69 29 Beck,
924 4751 76 23 whose
1023 4757 51 16 new
1097 4751 65 28 story
1188 4749 35 22 'A

661 4782 86 24 Native
755 4782 75 23 Wife'
846 4782 46 23 will
902 4781 27 23 be
939 4781 120 30 published
1077 4788 28 15 on
1121 4780 38 22 the
1171 4779 53 24 15th

662 4814 63 27 inst.,
737 4813 41 23 has
787 4812 56 24 been
853 4812 88 23 elected
956 4819 29 15 an
1001 4811 113 30 honorary
1126 4809 98 24 member

661 4844 23 22 of
696 4844 37 22 the
743 4843 136 23 Athenaeum
893 4843 65 23 Club.
989 4842 95 29 Though
1103 4841 47 23 this
1166 4848 44 16 com-

662 4873 95 30 pliment
767 4873 40 22 has
822 4873 56 22 been
893 4873 54 29 paid
962 4880 30 15 on
1008 4871 87 23 several
1112 4872 113 22 occasions

663 4907 24 20 to
697 4904 132 23 Australian
839 4907 89 20 mvanta
938 4902 45 23 and
996 4902 128 30 politicians
1135 4901 24 23 of
1175 4901 50 24 first

663 4934 64 28 rank,
740 4934 11 22 I
761 4934 66 29 fancy
839 4934 37 22 Mr
886 4933 61 23 Beck
960 4934 18 22 is
988 4934 40 22 the
1042 4932 52 23 first
1103 4932 122 23 litterateur

664 4964 57 22 from
731 4971 57 21 your
798 4967 52 26 part
867 4964 22 23 of
907 4965 39 21 the
956 4963 72 23 world
1043 4965 24 21 to
1084 4963 74 23 attain
1169 4965 56 21 unto

664 4994 25 21 it.
721 4994 35 22 He
762 4994 96 27 seemed,
870 4994 111 27 however,
994 4994 64 21 when
1065 4993 12 22 I
1088 4996 47 19 met
1145 4993 45 22 him
1202 4993 23 22 in

664 5023 72 23 doubt
755 5024 102 22 whether
872 5028 23 19 to
910 5024 60 22 avail
987 5024 90 22 himself
1093 5024 24 21 of
1132 5023 38 22 the
1180 5024 33 28 pri-

665 5053 83 27 vileges
771 5054 23 21 of
826 5054 45 21 this
896 5054 70 21 abode
990 5054 24 21 of
1042 5053 105 22 decorum
1180 5053 45 22 and

665 5082 185 24 ecclesiasticism.
881 5083 104 30 Bishops,
997 5083 28 22 he
1034 5083 85 29 opines,
1131 5090 38 15 are
1186 5084 40 21 not

667 5113 65 21 much
743 5113 23 21 in
776 5113 35 22 his
818 5113 52 22 line.

694 5142 47 21 The
751 5142 117 29 Marquess
878 5143 106 26 Camden,
1000 5144 51 20 who
1066 5143 19 21 is
1101 5143 46 28 just
1158 5144 56 20 start-

668 5170 37 30 ing
724 5178 28 16 on
770 5179 13 15 a
802 5175 52 20 tour
871 5173 71 23 round
958 5173 39 23 the
1013 5173 79 28 world,
1114 5173 69 29 hopes
1203 5175 23 21 to

668 5201 64 22 reach
744 5202 115 23 Australia
876 5203 70 22 about
962 5203 131 23 Christmas.
1125 5203 36 22 He
1179 5204 18 21 is
1214 5210 13 15 a

668 5237 75 21 youDg
760 5238 50 14 man
828 5233 22 20 of
866 5233 148 27 twenty-five,
1033 5232 136 26 unmarried,
1181 5232 45 21 and

669 5265 41 15 one
728 5259 22 22 of
766 5260 39 22 the
822 5260 87 30 biggest
929 5262 151 22 matrimonial
1096 5261 90 23 catches
1204 5261 22 22 in

670 5288 109 29 England.
820 5290 47 22 The
891 5291 99 23 Camden
1014 5294 108 27 property
1150 5298 77 16 covers

670 5318 60 29 large
748 5319 91 28 patches
856 5320 22 22 of
895 5320 142 24 North-west
1054 5321 101 27 London,
1174 5320 52 27 and,

671 5348 103 29 together
797 5349 56 22 with
877 5350 39 22 the
940 5354 96 26 country
1065 5353 92 24 estates,
1183 5357 45 16 was

671 5378 134 29 beautifully
816 5379 108 29 managed
941 5380 82 30 during
1033 5387 12 15 a
1056 5380 52 30 long
1118 5380 108 30 minority

671 5408 30 30 by
725 5408 39 23 the
788 5415 75 24 young
887 5410 70 29 peer's
976 5411 134 29 stepfather,
1132 5410 96 30 Captain

671 5439 76 27 Philip
763 5439 80 21 Green.
874 5439 47 22 The
936 5441 95 21 founder
1051 5441 22 21 of
1092 5441 40 21 the
1150 5441 78 27 family

671 5474 45 15 was
726 5467 92 22 Charles
828 5467 74 26 Pratt,
920 5469 50 21 who
987 5469 90 21 became
1092 5469 59 21 Lord
1166 5469 62 29 High

671 5496 131 24 Chancellor
812 5497 23 22 of
845 5497 103 29 England
958 5497 44 22 and
1009 5497 111 23 Viscount
1129 5497 99 24 Camden

671 5528 22 23 in
719 5528 60 24 1766.
810 5527 43 23 His
873 5535 112 15 successor
1004 5528 90 23 became
1111 5528 117 30 Marquess

670 5558 99 23 Camden
789 5558 44 22 and
854 5558 52 22 Earl
926 5558 23 22 of
969 5558 138 28 Brecknock,
1128 5558 43 24 but
1190 5559 38 24 the

670 5588 81 23 second
762 5588 44 23 and
817 5588 62 22 third
891 5595 137 22 marquesses
1038 5596 58 15 were
1113 5589 113 24 nobodies.

671 5618 61 29 High
749 5618 68 29 hopes
833 5625 37 14 are
887 5618 141 21 entertained
1045 5618 23 22 of
1085 5618 39 22 the
1138 5623 91 24 present

671 5648 59 23 Lord
750 5647 107 28 Camden,
875 5647 50 23 who
941 5649 19 20 is
975 5647 48 23 said
1041 5650 23 20 to
1080 5648 56 22 have
1154 5648 74 24 brains

670 5679 44 23 and
726 5682 23 20 to
757 5679 27 23 be
795 5687 12 15 a
815 5678 57 31 good
880 5678 101 31 speaker.
1012 5678 12 23 I
1032 5678 56 24 have
1098 5686 68 16 never
1176 5688 52 16 seen

671 5711 53 21 him.

699 5740 47 23 The
756 5747 137 23 appearance
904 5740 23 23 of
944 5740 6 12 '
960 5740 35 23 Sir
1005 5739 87 29 George
1103 5740 125 30 Tressady'

670 5770 22 26 in
713 5770 58 25 book
788 5770 57 26 form
861 5769 99 26 reminds
977 5777 27 17 us
1023 5777 54 17 once
1097 5777 60 18 more
1178 5770 51 26 that

1253 180 49 23 Mrs
1322 178 122 30 Humphry
1464 177 72 23 Ward
1557 177 19 22 is
1596 184 13 14 a
1629 176 135 22 Tasmanian
1785 176 29 29 by

1252 210 70 29 birth,
1349 209 44 24 and
1418 208 52 23 that
1502 207 142 24 Australasia
1669 214 52 22 may
1745 206 69 29 fairly

1251 242 96 23 number
1353 241 40 22 her
1403 242 104 26 amongst
1517 238 145 28 Antipodean
1674 238 137 22 litterateurs.

1253 272 40 29 My
1304 271 90 30 opinion
1405 270 18 21 is
1434 269 69 22 that'
1512 268 37 22 Sir
1558 268 87 29 George
1660 267 110 29 Tressady
1780 267 34 22 'is

1253 310 13 15 a
1283 304 65 28 great
1364 299 66 24 novel
1446 298 45 23 and
1507 297 146 30 absorbingly
1670 297 142 30 interesting,

1253 332 87 28 though
1355 330 91 28 dealing
1456 329 82 22 almost
1555 329 84 27 wholly
1650 329 57 21 with
1723 328 90 29 politics

1253 362 43 23 and
1314 360 68 24 social
1399 359 118 31 problems.
1554 357 24 24 It
1597 358 47 23 will
1660 358 110 30 probably
1787 358 27 23 be

1253 392 81 24 denied
1351 391 52 23 that
1419 390 39 22 the
1475 390 128 21 characters
1613 389 24 22 in
1654 390 39 22 the
1704 389 78 23 House
1792 389 22 23 of

1253 423 118 23 Commons
1390 421 78 21 drawn
1488 419 30 28 by
1539 419 48 21 Mrs
1606 419 71 22 Ward
1698 419 56 22 have
1770 427 44 21 any

1253 451 106 31 originals
1370 451 22 21 in
1401 450 88 27 reality.
1522 447 168 28 Nevertheless,
1703 447 11 23 I
1724 449 68 28 fancy
1803 449 10 22 I

1253 482 65 24 could
1338 487 64 17 name
1424 479 39 22 the
1487 478 100 23 eminent
1611 478 128 29 politicians
1763 478 51 23 who

1253 515 61 21 must
1328 511 75 29 surely
1414 510 57 23 have
1488 508 119 30 suggested
1624 508 59 24 Lord
1700 508 113 30 Fonteroy

1253 544 44 23 and
1322 543 104 25 Dowson,
1447 542 41 20 not
1507 542 24 20 to
1556 539 100 22 mention
1681 539 40 23 the
1741 539 73 22 Labor

1253 573 98 23 member
1361 572 106 23 Bennett.

1253 614 115 18 CHAMBER
1377 613 27 17 OF
1414 611 129 18 COMMERCE
1557 610 90 17 SECOND
1662 609 140 17 EXHIBITION

1281 639 47 24 The
1338 637 80 25 second
1429 636 126 24 exhibition
1566 635 23 23 in
1606 635 40 23 the
1657 642 73 15 rooms
1741 634 23 23 of
1775 634 38 23 the

1255 670 92 23 London
1366 668 111 24 Chamber
1496 667 24 22 of
1539 666 129 23 Commerce
1688 666 125 21 illustrates

1253 701 94 29 foreign,
1366 697 120 31 especially
1503 696 106 28 German,
1627 695 147 29 competition
1790 695 22 22 in

1253 732 39 22 the
1312 729 89 23 market
1425 728 23 22 of
1471 727 140 23 Melbourne.
1769 725 44 21 and

1360 760 18 23 is
1399 759 39 22 the
1458 757 90 31 general
1568 757 132 29 impression
1720 755 92 23 derived

1254 793 57 21 from
1322 791 39 22 the
1371 789 105 23 exhibits.
1517 788 48 23 The
1585 786 152 24 candlesticks
1754 790 24 18 at
1787 786 25 22 2*

1254 822 28 23 9d
1294 830 13 13 a
1317 821 69 23 dozen
1397 819 44 23 and
1460 819 38 22 the
1514 820 78 20 cotton
1611 818 77 27 gloves
1705 819 25 20 at
1745 824 14 14 a
1769 816 43 22 few

1255 859 67 23 pence
1334 851 37 23 the
1383 850 48 30 pair
1442 848 74 24 would
1527 847 27 24 be
1571 847 54 23 dear
1641 851 24 19 at
1681 854 45 23 any
1743 847 68 29 price,

1255 882 43 23 and
1317 882 19 23 it
1356 882 18 22 is
1388 879 128 31 impossible
1536 886 28 15 on
1582 878 71 23 moral
1673 877 99 30 grounds
1791 880 22 20 to

1255 911 140 26 recommend
1415 918 40 16 our
1475 910 94 31 English
1585 909 180 23 manufacturers
1789 910 24 21 to

1255 946 100 27 compete
1376 943 55 22 with
1455 941 98 23 German
1576 948 26 15 or
1623 940 93 28 Belgian
1735 939 22 23 in
1775 939 39 23 the

1255 974 133 30 production
1405 972 23 23 of
1447 972 55 22 such
1521 971 100 22 rubbish.
1662 970 46 22 Our
1728 969 86 29 foreign

1255 1005 64 23 trade
1330 1004 39 23 has
1380 1002 118 31 depended
1509 1002 100 23 hitherto
1627 1008 60 23 upon
1698 1007 41 16 our
1749 1007 52 23 repu-

1255 1037 73 21 tation
1339 1036 34 20 for
1388 1035 125 21 excellence
1530 1033 44 21 and
1590 1032 89 29 quality
1696 1031 117 22 combined

1256 1066 55 22 with
1322 1063 129 24 reasonable
1462 1063 121 29 cheapness
1599 1069 24 15 in
1641 1061 68 30 price,
1721 1060 45 23 and
1781 1067 33 15 we

1255 1098 83 21 cannot
1347 1094 71 23 afford
1430 1096 23 21 to
1471 1092 47 24 risk
1537 1092 46 23 this
1603 1091 130 31 reputation
1750 1091 35 22 for
1801 1098 13 15 a

1255 1125 154 32 questionable
1421 1124 43 24 and
1475 1127 129 27 temporary
1621 1122 133 30 advantage.
1787 1121 26 24 In

1255 1166 41 15 one
1315 1160 87 27 respect
1418 1156 39 23 the
1477 1155 126 23 exhibition
1620 1155 19 22 is
1655 1153 156 30 encouraging.

1256 1188 47 23 The
1314 1187 144 30 importation
1470 1186 23 22 of
1503 1188 76 20 cotton
1590 1185 45 22 and
1644 1184 93 23 woollen
1745 1184 70 29 goods

1256 1221 24 19 to
1291 1218 102 21 Victoria
1403 1217 19 22 is
1432 1224 24 14 so
1467 1216 64 22 small
1549 1216 52 22 that
1616 1215 20 22 it
1652 1221 45 16 was
1714 1217 41 19 not
1764 1221 50 15 con-

1255 1247 88 21 Bidered
1361 1246 73 22 worth
1451 1246 68 22 while
1539 1247 24 21 to
1583 1245 54 22 send
1658 1251 60 15 more
1736 1244 54 22 than
1802 1251 13 14 a

1256 1284 53 21 very
1331 1275 44 23 few
1399 1277 129 26 specimens.
1561 1275 26 21 In
1613 1275 108 26 Victoria,
1749 1282 23 14 as
1792 1275 23 21 in

1255 1308 59 19 most
1342 1307 90 19 neutral
1461 1304 108 25 markets,
1595 1310 41 14 our
1660 1304 81 20 textile
1765 1310 36 20 pro-

1255 1335 66 23 ducts
1350 1334 70 29 easily
1449 1332 54 23 hold
1528 1332 59 24 their
1616 1339 56 16 own.
1712 1332 103 22 Another

1255 1366 72 22 lesson
1359 1364 83 30 taught
1484 1363 30 30 by
1554 1363 38 23 the
1630 1362 127 23 exhibition
1796 1361 18 23 is

1255 1396 38 23 the
1325 1398 64 28 great
1432 1394 113 30 difficulty
1583 1393 23 24 of
1639 1392 176 31 distinguishing

1255 1427 100 22 between
1382 1426 38 23 the
1443 1425 86 23 British
1557 1425 44 22 and
1625 1424 86 29 foreign
1735 1423 79 23 article

1255 1458 22 21 in
1288 1457 39 22 the
1338 1456 88 23 neutral
1437 1456 95 21 market.
1571 1454 23 23 It
1604 1455 19 22 is
1633 1454 120 22 estimated
1764 1454 51 21 that

1255 1488 27 22 33
1292 1494 39 23 per
1342 1489 57 21 cent,
1413 1486 23 22 of
1452 1485 105 23 so-called
1569 1484 94 30 English
1681 1484 133 30 production

1255 1519 19 21 is
1293 1519 22 21 in
1336 1517 82 29 reality
1438 1517 120 22 American
1578 1523 25 15 or
1622 1515 104 23 German.
1767 1514 48 22 The

1256 1548 85 29 foreign
1352 1547 175 27 manufacturer,
1539 1546 23 22 in
1573 1545 65 23 order
1649 1548 23 19 to
1683 1552 76 15 secure
1777 1545 38 21 the

1255 1578 121 29 cheapness
1408 1576 45 23 and
1482 1576 148 23 convenience
1660 1574 23 23 of
1721 1574 93 28 English

1255 1609 103 28 freights,
1370 1609 92 26 exports
1478 1607 35 21 his
1529 1606 70 29 goods
1616 1605 30 29 by
1656 1611 49 22 way
1716 1604 23 22 of
1757 1604 43 28 Eng-

1255 1639 54 23 land
1328 1637 44 24 and
1390 1637 39 24 the
1445 1636 93 31 English
1554 1638 74 28 agent.
1669 1634 47 24 The
1736 1633 79 23 Marks

1256 1670 45 23 Act
1318 1670 18 22 is
1354 1675 71 16 worse
1441 1668 55 23 than
1513 1667 90 27 useless,
1620 1667 35 22 for
1672 1665 72 22 either
1761 1665 20 21 it
1796 1664 19 22 is

1256 1699 178 28 systematically
1454 1698 86 22 evaded
1558 1705 25 14 or
1603 1698 19 21 it
1638 1696 83 28 simply
1740 1701 75 15 serves

1257 1730 38 22 the
1319 1736 97 23 purpose
1446 1727 23 23 of
1500 1727 140 27 advertising
1664 1726 39 21 the
1727 1724 87 29 foreign

1256 1760 85 23 article.
1373 1760 32 21 As
1423 1758 39 23 the
1488 1757 74 23 Board
1578 1757 23 22 of
1618 1755 73 23 Trade
1706 1754 107 24 Journal'

1256 1790 108 28 remarks,
1383 1790 19 23 it
1413 1790 18 22 is
1442 1790 22 22 in
1476 1788 70 24 Great
1561 1787 89 24 Britain
1667 1785 76 24 rather
1760 1785 54 22 than

1256 1822 22 22 in
1300 1821 102 22 Victoria
1422 1820 52 22 that
1493 1820 38 22 the
1551 1818 145 29 competition
1713 1816 102 22 between

1256 1851 87 23 British
1359 1850 44 22 and
1420 1850 86 28 foreign
1524 1848 76 23 sellers
1611 1847 64 23 takes
1686 1846 69 29 place.
1794 1846 21 21 A

1256 1881 61 29 large
1337 1879 94 24 number
1451 1879 23 22 of
1493 1877 124 30 amazingly
1634 1876 69 29 cheap
1721 1874 82 31 agricul-

1258 1911 59 23 tural
1328 1910 142 31 implements
1481 1909 18 24 is
1510 1909 46 23 also
1566 1906 124 28 exhibited,
1700 1905 42 24 but
1752 1905 63 23 these

1256 1950 38 15 are
1311 1943 81 21 almost
1409 1940 110 29 certainly
1536 1940 23 22 in
1577 1945 67 22 many
1655 1945 60 14 cases
1730 1937 72 29 prison-

1257 1973 71 22 made.
1359 1972 36 22 An
1406 1973 24 21 8s
1441 1971 151 23 lawn-mower
1603 1969 17 21 is
1631 1967 72 23 worth
1719 1967 84 29 inspect-

1256 2004 44 28 ing.
1333 2002 23 22 It
1367 2003 18 21 is
1396 2009 27 14 an
1434 2001 123 22 admirable
1567 2000 135 21 instrument
1714 1998 22 21 in
1747 2004 68 21 every

1256 2040 58 20 way,
1326 2034 82 27 except
1423 2032 52 22 that
1485 2031 18 22 it
1516 2029 73 23 would
1599 2031 40 20 not
1653 2035 58 15 mow
1724 2035 12 14 a
1747 2027 65 22 lawn.

1256 2063 47 23 The
1314 2062 127 24 exhibition
1452 2062 22 22 in
1485 2060 91 31 general
1594 2059 76 23 rather
1688 2057 127 24 stimulates

1256 2093 114 24 reflection
1382 2101 60 21 upon
1453 2093 38 22 the
1500 2095 59 19 taste
1576 2089 44 24 and
1638 2097 102 15 common
1750 2096 63 15 sense

1256 2125 23 21 of
1299 2131 41 15 our
1357 2128 124 18 customers
1502 2122 54 23 than
1581 2128 44 21 any
1649 2120 84 21 serious
1757 2119 58 22 fears

1256 2154 70 23 about
1341 2161 41 15 our
1397 2152 141 24 commercial
1552 2157 139 22 supremacy.

1326 2201 54 17 NEW
1390 2200 108 17 ZEALAND
1507 2198 112 18 SHIPPING
1629 2196 119 19 COMPANY.

1284 2226 47 23 The
1342 2225 83 23 annual
1441 2223 90 31 general
1547 2223 99 29 meeting
1663 2222 22 23 of
1705 2222 38 22 the
1759 2220 57 24 New

1256 2256 98 23 Zealand
1371 2256 110 28 Shipping
1499 2254 122 29 Company,
1644 2252 105 27 Limited,
1771 2258 46 16 was

1257 2286 52 23 held
1319 2290 25 19 at
1355 2287 38 22 the
1404 2284 127 30 company's
1546 2283 70 27 office,
1629 2284 39 21 138
1681 2281 135 23 Leadenhall

1256 2319 79 24 street,
1347 2320 24 18 at
1382 2323 57 14 noon
1449 2323 28 13 on
1489 2315 38 21 the
1544 2314 54 22 30th
1609 2312 139 29 September.
1780 2311 37 22 Sir

1257 2347 88 28 Edwyn
1364 2345 87 30 Sandys
1462 2344 87 26 Dawes,
1561 2342 135 28 K.C.M.G.,
1708 2341 108 29 occupied

1256 2377 39 23 the
1305 2377 70 27 chair,
1387 2377 43 21 and
1442 2375 63 22 there
1516 2382 45 14 was
1572 2381 13 14 a
1595 2373 44 23 fair
1648 2372 137 23 attendance
1794 2371 23 23 of

1256 2407 162 23 shareholders.
1450 2406 47 23 The
1514 2404 55 24 23rd
1586 2403 83 23 annual
1684 2406 77 26 report
1771 2402 45 23 and

1256 2439 39 21 the
1305 2440 106 20 accounts
1427 2436 35 22 for
1479 2436 38 22 the
1535 2443 54 21 year
1599 2434 73 23 ended
1682 2434 54 23 30th
1747 2434 68 26 June,

1258 2469 61 26 1896,
1332 2467 121 28 proposing
1464 2467 38 21 the
1520 2467 109 26 payment
1640 2465 22 21 of
1677 2472 13 14 a
1708 2463 109 23 dividend

1255 2498 22 21 of
1288 2498 13 21 4
1316 2504 39 22 per
1365 2499 69 24 cent.,
1444 2496 46 21 free
1500 2495 23 22 of
1541 2495 86 22 income
1637 2497 47 24 tax,
1698 2501 58 15 were
1766 2493 38 22 sub-

1255 2526 82 24 mitted
1357 2529 25 20 to
1402 2526 39 23 the
1466 2525 99 29 meeting
1589 2524 45 23 and
1658 2523 159 30 unanimously

1255 2557 105 30 adopted.
1392 2557 26 23 In
1429 2556 152 29 commenting
1590 2563 60 22 upon
1667 2555 38 23 the
1716 2554 88 23 balance-

1255 2589 71 28 sheet,
1348 2588 39 22 the
1407 2587 121 23 Chairman
1545 2585 120 31 expressed
1686 2585 35 23 his
1740 2587 75 28 regret

1256 2620 51 23 that
1323 2627 13 14 a
1353 2619 73 29 larger
1442 2617 148 24 distribution
1601 2617 55 22 than
1672 2617 14 22 4
1703 2624 40 22 per
1753 2618 58 20 cent,

1255 2650 66 22 could
1338 2653 40 18 not
1395 2650 27 21 be
1440 2648 65 22 made
1520 2648 74 28 owing
1604 2650 24 19 to
1639 2647 38 22 the
1688 2646 128 29 depression

1255 2680 23 22 in
1296 2679 103 28 freights,
1415 2677 74 23 which
1506 2677 48 22 still
1565 2676 130 27 continued,
1712 2676 44 22 and
1777 2676 39 21 the

1256 2709 112 29 necessity
1378 2708 23 23 of
1411 2707 120 31 providing
1542 2707 111 29 adequate
1664 2705 152 30 depreciation

1255 2748 28 15 on
1294 2740 107 30 shipping
1416 2744 115 25 property,
1543 2737 74 24 which
1627 2737 43 23 had
1685 2737 56 22 been
1751 2736 64 23 done.

1256 2770 117 30 Although
1384 2771 39 22 the
1434 2776 97 16 revenue
1547 2768 45 23 had
1603 2768 102 23 declined
1723 2768 27 21 he
1768 2774 37 15 con-

1256 2801 129 30 gratulated
1403 2801 39 22 the
1462 2799 156 23 shareholders
1638 2798 52 22 that
1707 2798 46 22 this
1773 2797 44 22 had

1256 2832 55 22 been
1322 2838 60 15 more
1393 2831 55 22 than
1459 2829 202 23 counterbalanced
1677 2828 28 29 by
1717 2836 13 14 a
1740 2827 65 23 reduc-

1256 2863 47 22 tion
1315 2862 23 22 in
1353 2860 155 28 expenditure.

1284 2892 48 22 The
1342 2891 114 22 attention
1467 2890 22 22 of
1500 2890 39 22 the
1550 2890 98 28 meeting
1658 2896 46 15 was
1715 2887 101 24 directed

1257 2925 24 20 to
1293 2922 38 22 the
1342 2921 121 23 successful
1474 2921 59 22 issue
1543 2920 23 22 of
1581 2920 92 26 300,000
1683 2920 13 20 4
1707 2926 39 21 per
1757 2921 58 19 cent,

1257 2952 123 21 debenture
1391 2951 64 20 stock
1467 2954 24 17 to
1508 2950 53 21 take
1573 2949 38 21 the
1622 2949 63 27 place
1695 2948 23 22 of
1733 2948 27 22 4h
1778 2954 40 21 per

1257 2982 58 20 cent,
1328 2979 44 22 and
1383 2980 14 21 5
1406 2986 40 22 per
1456 2980 58 21 cent,
1529 2977 133 23 terminable
1672 2977 143 22 debentures.

1258 3010 36 23 Mr
1303 3010 134 27 Beaumont,
1446 3008 36 23 Mr
1489 3008 110 28 Johnson,
1608 3007 44 23 and
1663 3006 37 24 Mr
1711 3006 107 30 Westray

1256 3048 58 15 were
1334 3039 120 24 re-elected
1474 3039 110 23 directors
1599 3039 23 21 of
1642 3038 39 22 the
1698 3045 117 22 company.

1256 3071 47 21 The
1323 3070 102 22 auditors
1427 3069 65 21 Mr
1512 3069 24 21 T.
1560 3069 26 21 A.
1610 3068 92 22 Welton
1718 3068 45 21 and
1780 3067 38 21 Mr

1256 3100 99 23 Edward
1379 3098 122 25 Jonesof
1525 3098 39 23 the
1596 3097 50 23 firm
1677 3098 23 21 of
1733 3097 84 22 Messrs

1256 3130 99 26 Welton,
1368 3130 76 26 Jones,
1457 3128 44 22 and
1512 3128 48 26 Co.,
1577 3128 118 22 chartered
1713 3131 91 18 account-

1255 3163 139 19 antswere
1414 3158 155 30 reappointed,
1591 3157 44 23 and
1652 3157 39 23 the
1706 3156 106 30 meeting,

1256 3191 72 22 which
1340 3198 45 15 was
1397 3189 132 24 unanimous
1549 3188 146 31 throughout,
1712 3187 80 30 passed
1803 3194 13 16 a

1255 3222 81 28 hearty
1348 3225 52 19 vote
1410 3220 23 23 of
1444 3220 84 23 thanks
1538 3222 24 21 to
1569 3220 39 23 the
1616 3220 117 26 directors,
1743 3218 74 23 whose

1255 3253 74 29 policy
1341 3252 54 29 they
1406 3250 109 29 cordially
1526 3249 130 30 supported.

1395 3299 36 16 MR
1445 3298 110 17 CLEMENT
1569 3297 108 17 WRAGGE.

1282 3324 48 23 The
1341 3323 166 23 International
1516 3321 183 30 Meteorological
1707 3320 110 30 Congress

1255 3355 22 23 in
1298 3354 64 23 Paris
1382 3352 74 25 closed
1476 3360 28 15 on
1525 3352 114 30 Saturday
1656 3351 51 28 last,
1726 3351 44 22 and
1788 3357 28 16 on

1255 3385 104 29 Tuesday
1377 3385 38 22 Mr
1432 3384 103 23 Clement
1554 3383 97 29 Wragge
1670 3381 107 23 returned
1793 3385 24 19 to

1255 3415 101 28 London,
1369 3415 83 28 having
1467 3413 94 23 decided
1581 3415 24 21 to
1625 3415 110 27 postpone
1752 3411 65 23 other

1255 3445 146 24 Continental
1420 3444 103 22 business
1542 3443 36 22 till
1598 3443 39 22 the
1662 3443 58 21 close
1740 3441 23 22 of
1782 3441 35 22 his

1255 3479 58 19 tour.
1354 3474 36 23 He
1409 3481 53 21 goes
1481 3481 51 14 now
1549 3476 23 19 to
1589 3472 54 22 visit
1659 3478 61 15 some
1731 3471 86 29 typical

1254 3505 98 23 stations
1371 3504 23 22 of
1413 3511 41 15 our
1474 3502 184 29 Meteorological
1674 3501 76 27 Office,
1771 3500 44 23 and

1254 3537 46 21 also
1319 3536 35 22 his
1373 3534 37 23 old
1430 3534 146 27 observatory
1592 3540 29 15 on
1637 3532 47 22 Ben
1700 3531 77 26 Nevis,
1792 3538 25 15 as

1255 3566 50 22 well
1325 3573 24 14 as
1369 3565 39 22 the
1426 3564 98 28 Wragge
1548 3563 104 22 Museum
1672 3564 24 20 at
1716 3560 98 24 Stafford

1253 3594 138 25 established
1400 3594 29 30 by
1438 3594 46 23 him
1495 3594 22 22 in
1530 3593 60 24 1878.

1282 3626 38 23 Mr
1331 3625 98 30 Wragge
1440 3625 39 22 has
1489 3631 68 22 every
1568 3631 78 15 reason
1664 3625 24 20 to
1703 3622 28 22 be
1747 3621 57 29 grati-

1253 3657 44 22 fied
1309 3660 24 19 at
1343 3657 40 22 the
1393 3655 134 23 unanimous
1543 3653 108 30 approval
1669 3652 29 30 by
1710 3652 39 22 the
1759 3651 42 23 Con-

1253 3687 88 22 ference
1372 3686 24 22 of
1427 3686 34 21 his
1491 3685 100 22 schemes
1625 3683 35 22 for
1684 3684 133 28 permanent

1253 3716 164 22 observatories
1437 3723 28 14 on
1486 3714 81 23 Mount
1589 3713 140 27 Wellington
1754 3711 49 27 (Tas-

1253 3747 83 26 mania)
1347 3745 44 23 and
1404 3745 83 23 Mount
1497 3743 134 23 Kosciusko.
1670 3742 47 23 The
1728 3741 89 29 subject

1253 3785 45 14 was
1315 3775 105 24 reverted
1440 3778 24 20 to
1482 3773 87 24 several
1589 3774 66 22 times
1675 3772 82 29 during
1777 3771 39 23 the

1252 3807 93 28 session,
1378 3806 44 24 and
1453 3813 28 16 on
1513 3805 55 23 each
1592 3803 101 24 occasion
1718 3810 50 15 men
1793 3801 23 23 of

1253 3839 114 21 eminence
1396 3835 141 30 emphasised
1565 3835 39 22 the
1629 3834 139 28 importance
1792 3835 24 19 to

1253 3867 180 29 meteorologists
1462 3865 23 23 of
1517 3865 63 22 these
1604 3862 164 24 observatories
1793 3862 22 21 in

1253 3901 85 20 remote
1349 3900 63 27 parts
1422 3895 23 23 of
1456 3895 39 23 the
1505 3893 78 24 world.
1616 3892 36 23 Mr
1662 3892 97 30 Wragge
1771 3898 44 14 was

1251 3928 109 30 specially
1380 3927 106 24 insistent
1510 3926 23 22 in
1557 3925 90 29 getting
1670 3931 29 14 an
1722 3921 91 31 opinion

1252 3959 58 22 from
1340 3958 38 22 the
1403 3958 109 28 Congress
1537 3955 57 22 with
1618 3953 80 29 regard
1723 3955 24 20 to
1777 3952 38 22 the

1253 3988 134 24 Tasmanian
1409 3987 96 22 stations
1528 3985 94 22 because
1636 3984 23 22 of
1674 3983 39 22 the
1728 3982 86 29 apathy

1252 4017 119 31 displayed
1399 4017 31 29 by
1462 4016 39 23 the
1532 4015 154 23 Government
1710 4012 23 23 of
1763 4012 52 22 that

1252 4050 79 28 colony
1349 4048 57 23 with
1425 4046 81 30 regard
1526 4049 24 20 to
1568 4045 59 22 their
1651 4043 162 23 maintenance.

1252 4079 39 23 All
1303 4078 117 24 Australia
1436 4078 18 22 is
1470 4074 124 25 interested
1611 4074 23 23 in
1645 4074 60 23 their
1716 4072 96 30 upkeep,

1252 4117 24 15 as
1287 4109 37 23 Mr
1336 4109 98 28 Wragge
1447 4109 72 21 states
1529 4106 55 29 they
1595 4112 37 15 are
1643 4104 23 22 of
1681 4104 38 22 the
1730 4106 86 19 utmost

1252 4147 39 16 use
1302 4142 23 21 to
1336 4139 46 23 him
1393 4139 23 23 in
1427 4137 136 29 forecasting
1574 4134 131 24 Australian
1716 4132 100 24 weather

1252 4175 24 19 at
1287 4172 39 22 the
1336 4170 60 23 chief
1406 4169 101 23 weather
1517 4168 84 23 bureau
1612 4166 22 23 in
1645 4165 116 24 Brisbane.
1792 4163 24 23 It

1252 4201 137 30 transpired,
1410 4200 30 29 by
1456 4199 39 23 the
1515 4205 56 22 way,
1589 4197 52 23 that
1661 4196 37 23 Mr
1719 4194 97 30 Wragge

1252 4233 44 22 and
1317 4233 35 21 his
1371 4230 132 23 Australian
1524 4227 106 23 brethren
1647 4234 37 15 are
1702 4226 34 22 far
1756 4233 60 14 more

1251 4261 122 24 successful
1384 4261 23 22 in
1419 4260 60 23 their
1495 4259 108 22 forecasts
1620 4257 23 23 of
1660 4256 39 23 the
1717 4255 100 23 weather

1253 4293 55 23 than
1319 4292 39 22 the
1369 4290 120 23 American
1499 4288 44 23 and
1556 4288 118 28 European
1686 4285 117 23 meteorolo-

1252 4323 64 30 gists,
1338 4321 70 24 about
1427 4321 28 23 85
1474 4326 40 23 per
1533 4322 58 19 cent,
1609 4318 23 22 of
1654 4316 60 24 their
1728 4315 74 30 predic-

1252 4354 60 23 tions
1333 4353 94 31 proving
1452 4352 93 21 correct.
1576 4347 28 24 In
1629 4347 119 23 Tasmania
1771 4346 45 22 and

1253 4383 57 24 New
1325 4381 97 24 Zealand
1441 4381 19 22 it
1475 4387 53 20 was,
1540 4379 28 23 he
1578 4377 57 28 said,
1646 4377 63 26 often
1719 4376 98 30 possible

1253 4416 24 22 to
1296 4413 98 23 forecast
1413 4411 39 23 the
1471 4410 78 23 future
1568 4407 129 30 accurately
1721 4407 58 22 from
1803 4413 14 15 a

1253 4444 62 24 week
1326 4445 25 22 to
1361 4451 13 15 a
1384 4441 113 30 fortnight
1507 4441 23 23 in
1540 4439 108 28 advance,
1662 4437 121 31 especially
1793 4437 23 23 in

1253 4476 88 21 winter.

1281 4504 73 23 There
1364 4511 45 15 was
1420 4509 61 16 some
1491 4500 125 25 discussion
1633 4507 25 15 as
1676 4501 24 21 to
1717 4497 100 24 weather

1253 4535 109 31 prophets
1372 4534 67 29 being
1449 4532 50 24 able
1509 4539 60 15 some
1580 4531 55 23 time
1644 4530 24 23 in
1679 4529 39 24 the
1728 4532 41 20 not
1780 4532 37 20 too

1254 4567 88 22 distant
1366 4566 76 21 future
1463 4567 25 19 to
1507 4563 97 23 forecast
1623 4561 40 23 the
1683 4560 133 23 Australian

1253 4603 78 14 season
1356 4595 64 22 three
1445 4596 24 19 to
1488 4594 35 20 six
1543 4592 91 22 months
1658 4589 78 23 ahead.
1769 4589 48 22 The

1253 4624 90 30 general
1363 4623 100 30 opinion,
1484 4621 112 27 however,
1616 4619 112 30 appeared
1746 4621 24 20 to
1790 4617 27 23 be

1255 4655 51 23 that
1316 4654 76 23 before
1409 4653 46 23 this
1472 4651 66 24 could
1555 4650 28 24 be
1600 4650 57 23 done
1675 4657 61 16 more
1753 4648 63 28 data,

1254 4685 120 29 especially
1394 4683 120 23 Antarctic
1528 4681 62 28 data,
1611 4683 62 19 must
1697 4680 27 22 be
1743 4679 60 22 forth-

1255 4714 94 30 coming.

1282 4745 80 23 Before
1373 4743 89 30 leaving
1472 4742 64 23 Paris
1546 4741 38 24 Mr
1596 4741 97 29 Wragge
1702 4738 115 30 inspected

1255 4775 39 23 the
1318 4779 65 26 great
1402 4774 130 23 warehouse
1556 4772 23 22 of
1603 4770 101 24 Richard
1728 4770 88 26 Freres,

1255 4805 89 24 makers
1367 4805 23 23 of
1414 4803 124 24 automatic
1563 4801 44 24 and
1631 4799 187 31 self-registering

1255 4835 181 31 meteorological
1465 4834 157 27 instruments,
1648 4831 43 24 and
1717 4838 46 16 was
1785 4830 22 22 in-

1256 4867 87 29 tensely
1362 4864 131 24 interested.
1531 4864 37 23 He
1584 4864 78 21 writes
1679 4869 26 15 us
1777 4860 41 28 My

1255 4897 154 24 Government
1434 4895 83 30 having
1537 4892 116 32 approved
1677 4899 38 22 my
1735 4897 68 17 recom-

1255 4928 131 23 mendation
1406 4930 24 19 to
1449 4926 110 30 purchase
1575 4932 29 15 an
1621 4926 65 20 extra
1702 4921 83 30 supply
1796 4920 22 22 of

1255 4960 156 26 instruments,
1423 4957 13 23 I
1449 4956 79 23 intend
1545 4958 24 20 to
1586 4954 90 23 include
1694 4951 124 24 automatic

1255 4989 128 23 clockwork
1408 4988 128 29 appliances
1568 4986 35 22 for
1627 4983 128 29 measuring
1779 4981 39 23 the

1256 5022 93 20 amount
1364 5019 23 23 of
1406 5017 148 30 evaporation
1571 5015 44 23 and
1636 5015 39 23 the
1696 5013 81 30 degree
1796 5010 22 23 of

1256 5050 122 28 humidity,
1390 5048 88 23 besides
1488 5046 127 23 additional
1625 5045 138 28 barographs
1773 5040 45 24 and

1256 5078 172 30 thermographs
1459 5078 77 30 giving
1566 5076 136 23 continuous
1729 5071 90 24 records

1256 5109 66 29 night
1342 5109 45 23 and
1403 5109 45 28 day
1465 5109 23 22 in
1506 5108 40 23 ink
1563 5107 24 23 of
1603 5104 118 25 Richard's
1742 5109 61 16 manu-

1256 5139 94 21 facture.
1396 5139 71 21 These
1491 5139 149 21 instruments
1669 5135 47 21 will
1745 5134 27 21 be
1796 5132 23 21 of

1257 5169 82 29 special
1359 5169 85 22 service
1463 5169 23 22 in
1507 5167 123 24 Australia.
1662 5165 28 24 Of
1710 5170 77 17 course
1807 5161 12 23 I

1258 5200 56 21 have
1336 5199 46 22 also
1403 5200 81 22 visited
1502 5200 40 22 the
1561 5198 64 23 Paris
1645 5195 172 26 observatories,

1258 5229 42 21 but
1323 5228 88 28 beyond
1436 5229 91 28 making
1558 5229 76 21 better
1658 5226 161 28 acquaintance

1258 5257 56 22 with
1325 5257 39 23 the
1374 5257 103 30 splendid
1488 5257 124 23 automatic
1622 5263 54 23 gear
1686 5256 22 22 of
1719 5252 99 24 Richard

1258 5287 11 22 I
1281 5287 56 22 have
1347 5292 41 19 not
1404 5296 61 15 come
1482 5296 74 15 across
1573 5287 113 29 anything
1700 5291 55 22 very
1771 5289 48 17 new

1259 5320 23 19 to
1300 5324 42 20 me,
1360 5318 41 23 and
1423 5319 23 22 in
1465 5326 61 15 some
1546 5320 99 28 respects
1665 5316 91 28 Europe
1775 5320 42 16 can

1259 5347 61 23 learn
1331 5348 57 22 from

1845 177 178 27 DISPOSAL
2044 179 45 25 OF
2111 176 136 28 CROWN
2272 170 128 30 LANDS.

1872 259 37 21 An
1919 260 91 22 auction
2020 261 46 21 sale
2076 261 53 22 took
2147 261 62 28 place
2226 259 25 19 at
2268 256 38 21 the
2322 254 80 21 Crown

1845 287 75 24 Lands
1937 289 75 28 Office,
2034 291 112 27 Dunedin,
2167 289 45 22 last
2230 285 69 23 week.
2331 282 72 23 There

1845 325 45 16 was
1896 327 13 14 a
1917 319 44 22 fair
1971 321 142 27 attendance,
2125 320 44 23 and
2181 318 36 22 Mr
2228 316 99 23 Sessions
2338 311 65 23 acted

1844 356 24 15 as
1883 350 135 22 auctioneer.
2050 350 123 27 Following
2180 355 38 14 are
2228 346 38 22 the
2277 343 82 23 results
2369 351 5 14 :

2019 397 127 16 ALEXANDRA
2158 393 65 18 TOWN.
2300 411 5 5 .

1866 416 82 20 Section
1964 416 16 22 8,
1990 416 59 20 block
2062 418 39 21 5(1
2117 411 68 28 rood);
2202 412 59 24 upset
2274 416 61 19 price,
2345 411 33 19 5.

1844 440 48 20 Sold
1901 442 21 17 to
1931 440 33 19 Mr
1972 440 120 22 M'Kerrow,
2103 447 21 13 as
2130 438 66 24 agent,
2205 437 23 19 at
2236 436 64 22 upset.

1866 464 82 20 Section
1956 464 28 23 20,
1994 464 59 20 block
2061 464 41 23 5(1
2115 459 68 28 rood);
2197 460 59 24 upset
2270 464 59 18 price,
2345 459 58 18 s.

1844 487 47 21 Sold
1900 489 22 19 to
1932 488 108 20 Catherine
2049 488 96 20 Cameron
2154 487 22 19 at
2184 485 65 23 upset.
2299 506 5 5 _

1866 513 81 19 Section
1960 513 28 22 21,
1998 513 59 19 block
2073 513 35 23 5(1
2122 510 66 23 rood);
2200 508 60 24 upset
2274 512 60 19 price,
2345 506 58 20 o-

1844 536 48 20 Sold
1901 538 21 17 to
1931 536 110 20 Catherine
2050 536 98 21 Cameron
2157 536 21 19 at
2187 534 64 23 upset.

1866 560 82 19 Section
1956 560 16 21 3,
1983 560 60 20 block
2056 561 10 19 6
2079 562 18 21 (I
2113 560 68 21 rood);
2197 557 60 24 upset
2272 561 60 18 price,
2343 555 60 19 o.

1844 583 47 21 Sold
1900 585 22 18 to
1931 584 17 19 J.
1959 579 50 24 Barr
2018 586 22 18 at
2048 586 63 22 upset.

1866 607 81 20 Section
1960 608 16 22 1,
1990 607 60 21 block
2063 609 11 20 7
2089 610 17 22 (1
2121 607 68 23 rood);
2200 605 59 25 upset
2275 609 60 19 price,
2345 604 58 18 s.

1844 632 47 20 Sold
1899 633 22 19 to
1931 631 70 25 Henry
2011 632 107 22 Shawman
2127 634 22 19 at
2158 633 65 23 upset.

1866 657 80 20 Section
1961 658 17 22 2,
1992 658 60 20 block
2065 659 11 20 7
2088 660 17 21 (1
2118 658 67 22 rood);
2205 656 60 23 upset
2275 659 60 19 price,
2345 653 33 19 o.

1844 682 47 19 Sold
1899 683 22 18 to
1930 682 70 23 Henry
2009 683 108 20 Shawman
2129 684 23 18 at
2159 682 64 23 upset.

1865 706 83 20 Section
1960 706 17 24 3,
1988 706 59 21 block
2055 708 41 22 7(I
2110 706 68 23 rood);
2198 704 59 24 upset
2270 708 60 19 price,
2345 702 58 20 fa-

1843 730 48 20 Sold
1899 731 22 19 to
1929 730 75 25 George
2013 731 75 21 Parker
2096 733 22 19 at
2126 731 64 23 upset.

1866 754 81 21 Section
1957 755 27 24 17,
1993 755 61 21 block
2067 757 41 22 7(I
2122 754 66 24 rood);
2207 753 60 24 upset
2275 757 60 19 price,
2345 751 58 20 s.

1843 779 48 20 Sold
1900 780 21 19 to
1929 779 19 20 J.
1958 779 61 24 Terry
2028 782 22 18 at
2058 781 64 23 upsst.

1866 804 81 19 Section
1955 804 28 23 18,
1993 804 59 21 block
2066 805 40 22 7(1
2121 803 67 23 rood);
2207 802 59 24 upset
2275 800 60 25 price,
2345 800 58 19 fa-

1843 827 48 20 Sold
1900 829 21 18 to
1929 828 19 19 J.
1958 828 61 23 Terry
2028 830 21 18 at
2058 830 63 22 upset.

1865 851 81 21 Section
1955 852 28 24 20,
1993 852 59 20 block
2065 852 40 24 8(I
2120 851 68 23 rood);
2207 850 59 25 upset
2275 848 59 25 price,
2345 847 58 21 s.

1843 876 48 21 Sold
1899 877 22 19 to
1930 877 59 20 Peter
1998 877 100 20 M'Kellar
2106 879 21 18 at
2135 876 65 24 upset.

1866 901 80 21 Section
1955 902 28 24 21,
1991 901 60 21 block
2063 902 41 23 8(1
2117 901 68 23 rood);
2204 900 58 24 upset
2275 899 60 25 price,
2345 898 58 21 s.

1844 926 47 20 Sold
1899 927 22 19 to
1929 926 18 20 J.
1958 926 21 21 C.
1989 926 87 24 Theyers
2084 928 22 19 at
2114 927 64 23 upset.

1866 951 80 19 Section
1955 952 28 22 22,
1993 952 59 19 block
2066 952 42 21 8(1
2122 949 68 23 rood);
2207 950 59 22 upset
2274 948 60 24 price,
2345 948 34 20 5.

1844 974 47 20 Sold
1900 976 21 18 to
1930 974 59 21 Peter
1998 975 100 20 M'Kellar
2106 975 21 19 at
2136 974 64 23 upset.

1866 999 81 20 Section
1956 1000 16 23 6,
1983 999 59 21 block
2055 1000 22 19 10
2089 1000 17 22 (1
2121 995 67 28 rood);
2207 998 59 23 upset
2275 996 59 25 price,
2345 995 58 21 fa-

1844 1024 47 20 Sold
1900 1025 21 19 to
1931 1024 82 20 Charles
2021 1025 19 19 J.
2050 1023 102 21 M'lntosh
2160 1024 23 19 at
2191 1023 65 23 upset.

1866 1048 82 20 Section
1956 1049 17 21 7,
1983 1048 60 19 block
2057 1049 21 18 10
2091 1047 93 23 (lrood);
2269 1046 61 22 price,
2344 1045 58 19 s.

1844 1072 47 20 Sold
1900 1073 22 18 to
1931 1072 20 20 C.
1961 1072 19 20 J.
1990 1071 102 20 M'lntosh
2101 1072 21 19 at
2131 1072 64 22 upset.

1866 1096 82 21 Section
1957 1097 27 23 11,
1994 1096 60 20 block
2067 1096 21 19 10
2096 1096 29 23 (18
2138 1093 73 27 poles);
2223 1094 61 24 upset
2296 1093 61 24 price,
2367 1093 33 20 5.

1844 1120 69 21 Sold
1922 1122 22 19 to
1952 1121 69 20 James
2030 1120 76 23 Rivers,
2116 1120 51 24 jun.,
2178 1120 21 20 at
2207 1119 65 24 upset.

1866 1146 82 21 Section
1957 1146 27 24 12,
1993 1146 60 21 block
2065 1146 22 20 10
2094 1146 29 21 (28
2135 1142 76 28 poles);
2223 1144 60 24 upset
2297 1143 60 24 price,
2366 1142 34 22 5.

1845 1171 69 20 Sold
1923 1173 21 18 to
1952 1171 19 20 J.
1982 1171 86 22 Magnus
2077 1171 21 19 at
2105 1171 65 22 upset.

1866 1195 82 20 Section
1967 1195 28 23 13,
2016 1194 61 20 block
2095 1194 20 19 10
2134 1193 30 23 (28
2180 1192 142 24 poles).Sold
2344 1193 22 18 to
2381 1192 19 19 J.

1845 1219 108 20 Mountain
1960 1220 23 18 at
1991 1220 65 21 upset.

1866 1243 82 20 Section
1957 1243 27 23 10,
1994 1242 60 20 block
2063 1242 22 20 13
2125 1240 68 26 rood);
2205 1241 60 24 upset
2273 1240 61 25 price,
2344 1240 58 20 s.

1844 1268 48 20 Sold
1901 1269 21 19 to
1931 1268 18 19 J.
1959 1267 86 24 Magnus
2054 1268 23 19 at
2085 1267 63 23 upset.

1866 1293 81 18 Section
1957 1293 27 20 11,
1995 1289 59 23 block
2068 1291 43 22 13(1
2123 1291 66 22 rood);
2202 1291 59 22 upset
2274 1289 60 24 price,
2345 1289 57 21 s.

1844 1314 48 19 Sold
1900 1315 22 18 to
1931 1314 72 19 Edwin
2012 1315 101 23 Appleton
2122 1315 22 18 at
2153 1315 63 21 upset.

1866 1338 82 19 Section
1957 1338 27 22 10,
1995 1338 59 19 block
2066 1338 21 19 14
2099 1338 18 22 (1
2126 1336 68 24 rood);
2207 1338 59 22 upset
2274 1336 128 24 price,'s.

1844 1362 47 19 Sold
1901 1363 21 19 to
1931 1362 33 19 Mr
1971 1362 100 23 Stephens
2079 1364 20 18 at
2108 1362 64 24 upset.

1866 1386 81 20 Section
1957 1387 27 22 11,
1995 1387 59 19 block
2066 1387 20 19 14
2099 1387 18 22 (1
2127 1386 67 23 rood);
2206 1387 60 23 upset
2274 1385 60 24 price,
2345 1385 57 20 s.

1844 1411 48 20 Sold
1901 1412 21 19 to
1931 1410 91 20 William
2033 1411 70 19 Fraser
2110 1412 22 19 at
2141 1411 28 19 8
2177 1411 27 20 ss.

1866 1435 92 20 Sections
1972 1436 35 18 12a
2018 1435 29 22 (32
2060 1435 67 23 poles),
2143 1435 35 20 13a
2185 1434 42 24 (38'
2227 1434 68 24 poles),
2306 1434 59 20 block
2374 1435 26 21 14,

1844 1460 40 19 and
1892 1460 77 19 s-ection
1984 1460 9 18 1
2002 1460 29 21 (32
2043 1459 66 23 poles),
2120 1460 59 19 block
2190 1460 22 18 28
2221 1458 4 24 ;
2238 1460 58 22 upset
2305 1458 31 24 pri
2348 1465 16 16 e,
2374 1458 28 19 5

1844 1483 127 21 each.Sold
1978 1484 21 19 to
2009 1482 90 20 William
2108 1483 71 20 Fraser
2187 1484 22 19 at
2217 1484 65 23 upset.

1866 1508 81 20 Section
1957 1508 15 23 2,
1983 1507 59 20 block
2051 1508 22 19 28
2080 1508 29 22 (32
2117 1506 75 25 poles);
2204 1508 60 23 upset
2272 1507 61 24 price,
2344 1506 58 20 s.

1844 1533 48 20 Sold
1901 1534 21 18 to
1931 1531 63 21 Sarah
2004 1531 96 21 Cameron
2109 1533 22 18 at
2139 1533 65 22 upset.

1867 1557 81 20 Section
1957 1557 16 23 3,
1984 1556 59 19 block
2051 1557 22 18 28
2080 1556 30 22 (32
2117 1556 77 24 poles);
2205 1556 60 22 upset
2273 1555 61 23 price,
2344 1555 58 19 s.

1844 1581 48 20 Sold
1902 1582 20 19 to
1931 1581 69 19 James
2010 1580 86 19 Kelman
2105 1583 21 16 at
2135 1582 65 21 upset.

1866 1605 81 20 Section
1956 1604 16 23 5,
1983 1604 59 20 block
2056 1604 11 19 6
2078 1604 29 23 (32
2115 1602 75 25 poles);
2202 1604 59 23 upset
2275 1602 60 25 price,
2345 1602 57 21 s.

1844 1629 47 20 Sold
1900 1630 22 19 to
1931 1628 90 20 William
2031 1628 63 23 Pacey
2101 1629 23 19 at
2132 1629 64 23 upset.

1866 1654 82 20 Section
1962 1654 16 23 8,
1995 1653 59 20 block
2062 1653 22 19 28
2096 1653 29 22 (22
2138 1652 74 24 poles);
2225 1652 59 23 upset
2293 1658 30 17 pr.
2363 1651 39 23 5;

1845 1679 104 19 valuation
1959 1678 31 19 for
1998 1678 163 23 improvements,
2173 1676 130 20 llo.Sold
2317 1674 29 14 Ice
2348 1684 5 7 >
2379 1675 23 19 G.

1844 1703 65 23 Ryan,
1918 1703 23 19 at
1949 1703 65 23 upset.

2033 1730 61 15 TOWN
2105 1729 26 16 OF
2143 1729 72 15 OPHIR.

1866 1750 81 21 Section
1967 1750 11 21 7
2002 1750 17 23 (1
2040 1749 55 23 rood)
2122 1748 40 21 and
2188 1748 77 20 section
2285 1748 11 19 8
2319 1748 29 22 (lr
2363 1746 38 23 fip),

1844 1775 60 21 block
1912 1775 24 24 3;
1948 1776 59 23 upset
2015 1775 60 24 price,
2085 1774 26 21 5
2120 1773 127 21 each.Sold
2256 1773 21 20 to
2287 1772 32 20 Mr
2327 1771 74 23 Smith,

1844 1806 22 14 as
1874 1804 61 20 agent
1944 1799 31 21 for
1984 1799 81 21 Church
2073 1799 71 20 Board.

1907 1834 111 15 SUBURBAN
2030 1832 187 17 SECTIONS.TOWN
2229 1832 26 14 OK
2267 1830 73 16 CLYDE.

1866 1853 63 20 Block
1938 1854 22 19 48
1967 1853 30 22 (3r
2007 1854 56 22 32p);
2074 1854 58 22 upset
2146 1852 59 23 price,
2216 1850 107 21 s.Sold
2336 1851 21 17 to
2371 1848 31 20 Mr

1845 1877 72 24 Hislop
1925 1883 21 14 as
1955 1878 61 23 agent
2027 1877 31 19 for
2066 1877 44 20 l2.

1895 1918 111 16 SUBURBAN
2018 1915 255 19 SECTIONS.ALEXANDRA
2284 1914 67 16 TOWN.

1866 1938 82 20 Section
1957 1939 15 23 1,
1983 1938 59 19 block
2051 1939 20 18 21
2080 1939 30 21 (2a
2117 1938 22 19 Or
2146 1934 44 28 4p);
2202 1937 59 22 upset
2272 1936 59 23 price,
2342 1935 29 19 6
2383 1934 19 19 Is

1844 1962 30 21 6d.
1879 1962 68 20 Sold
1956 1964 21 18 to
1986 1962 70 23 Angus
2065 1961 97 23 Kennedy
2171 1962 22 18 at
2203 1961 63 22 upset.

1866 1986 81 21 Section
1957 1987 15 22 1,
1983 1986 59 20 block
2055 1987 21 19 21
2084 1987 28 22 (3r
2125 1985 56 23 30p);
2193 1985 59 22 upset
2265 1983 60 25 price,
2334 1982 30 20 2
2372 1982 30 20 lbs

1844 2011 30 20 3d.
1880 2021 14 3 -
1899 2011 48 19 Sold
1956 2012 21 18 to
1986 2010 108 20 Catherine
2103 2009 58 23 Dady
2169 2010 22 18 at
2200 2009 28 19 9
2235 2009 26 19 ss.

1866 2035 82 19 Section
1957 2035 16 23 3,
1980 2034 60 20 block
2047 2034 22 19 21
2075 2035 30 21 (la
2111 2034 21 19 2r
2139 2032 122 25 33p).Sold
2266 2033 21 18 to
2294 2030 108 21 Catherine

1845 2058 59 24 Dady
1913 2060 21 19 at
1943 2060 64 23 upset.

1867 2084 81 21 Section
1963 2084 15 24 4,
1989 2083 60 21 block
2060 2084 20 19 21
2089 2084 18 22 (2
2117 2082 75 24 acres);
2202 2082 60 24 upset
2274 2081 60 24 price,
2344 2080 57 20 6.

1845 2109 47 19 Sold
1901 2110 22 18 to
1932 2109 77 19 Robert
2017 2109 94 19 Gunnion
2120 2109 21 18 at
2150 2108 34 19 7.

1868 2133 80 19 Section
1957 2133 17 23 5,
1984 2132 60 20 block
2054 2133 21 18 21
2089 2133 17 21 (2
2117 2129 74 27 acres);
2204 2131 58 23 upset
2275 2129 60 24 price,
2345 2129 33 20 (?-

1845 2157 47 20 Sold
1902 2158 21 18 to
1932 2156 77 20 Robert
2017 2156 94 20 Gunnion
2120 2156 22 19 at
2150 2155 28 20 9
2186 2155 37 20 10s.

1868 2182 80 19 Section
1962 2182 16 22 6,
1989 2181 59 20 block
2061 2182 22 18 21
2091 2181 18 23 (2
2117 2178 73 26 acres);
2204 2180 59 22 upset
2275 2178 59 24 price,
2345 2178 57 20 7.

1845 2206 47 20 Sold
1902 2207 21 18 to
1932 2206 77 19 Robert
2017 2206 94 18 Gunnion
2120 2206 22 18 at
2150 2204 28 19 9
2186 2204 37 19 10s.

1868 2230 81 20 Section
1962 2230 17 23 7,
1989 2229 59 20 block
2056 2230 21 19 21
2090 2230 19 21 (2
2122 2229 73 22 p.cres);
2207 2228 59 23 upset
2275 2227 59 24 price,
2345 2227 57 21 7.

1845 2255 47 19 Sold
1902 2256 21 18 to
1932 2254 77 20 Robert
2018 2254 94 19 Gunnion
2120 2255 21 17 at
2150 2253 83 19 lllos.

1867 2279 82 19 .Section
1957 2279 16 22 8,
1984 2278 59 19 block
2051 2278 21 19 21
2080 2278 30 22 (8a
2119 2278 18 18 Ir
2144 2277 45 22 (sp);
2201 2277 59 22 upset
2269 2276 59 23 price,
2339 2275 64 19 Blos

1845 2303 38 23 6d;
1898 2302 106 20 valuation
2019 2302 31 19 for
2065 2301 163 23 improvements,
2246 2299 117 21 95.--Sold
2381 2300 22 18 to

1845 2327 76 22 George
1930 2326 86 24 Spencer
2024 2326 22 19 at
2055 2326 63 23 upset.

1868 2350 81 21 Section
1961 2350 17 24 9,
1989 2350 59 20 block
2062 2350 21 19 21
2095 2350 30 22 (2a
2133 2349 21 19 lr
2165 2347 55 27 27p);
2232 2349 59 23 upset
2304 2347 60 24 price,
2375 2347 28 19 8

1846 2376 31 19 10s
1885 2375 24 21 3d
1919 2371 4 27 ;
1935 2375 105 19 valuation
2048 2375 31 19 for
2086 2373 162 24 improvements,
2258 2371 117 22 l7.Sold
2382 2372 21 19 to

1846 2400 73 20 Daniel
1928 2399 66 21 Tohill
2003 2400 21 19 at
2032 2399 64 24 upset.

1868 2424 81 21 Section
1958 2424 27 24 10,
1996 2423 59 21 block
2062 2424 22 19 21
2096 2423 28 23 (3r
2131 2422 54 24 35p);
2197 2422 59 24 upset
2264 2422 60 23 price,
2335 2421 28 20 3
2370 2421 21 20 8s
2399 2421 4 27 ;

1846 2450 105 19 valuation
1960 2449 31 19 for
1999 2448 163 24 improvements,
2169 2446 106 21 7.Sold
2282 2448 22 17 to
2311 2445 92 20 William

1847 2474 23 19 R.
1881 2474 92 18 Fawcett
1981 2474 22 18 at
2011 2474 65 21 upset.

1868 2497 81 19 Section
1964 2498 16 21 1,
1990 2496 60 20 block
2063 2496 22 19 22
2097 2496 30 21 (la
2137 2495 21 19 2r
2166 2493 55 26 15p);
2232 2495 60 22 upset
2304 2493 60 24 price,
2375 2493 28 20 5

1845 2522 21 19 2s
1874 2521 54 20 6d.
1930 2520 48 20 Sold
1987 2521 21 19 to
2017 2520 69 23 Henry
2095 2519 83 20 Downie
2187 2520 22 18 at
2217 2519 65 23 upset.

1869 2545 81 21 Section
1959 2545 16 24 2,
1985 2545 59 19 block
2057 2545 22 19 22
2090 2545 18 21 (2
2119 2543 73 23 acres);
2205 2544 59 23 upset
2275 2542 60 25 price,
2345 2542 58 20 6.

1846 2570 48 20 Sold
1903 2571 21 19 to
1933 2570 77 20 Robert
2018 2569 67 23 Spong
2093 2570 21 18 at
2123 2570 62 22 upset.

1869 2595 81 20 Section
1959 2594 16 24 3,
1985 2594 60 19 block
2053 2594 21 19 22
2082 2593 28 24 (3r
2119 2591 52 27 lOp);
2183 2592 59 23 upset
2254 2592 60 24 price,
2324 2591 28 20 2
2364 2591 32 20 10s

1846 2619 70 20 Sold
1925 2620 21 19 to
1956 2619 31 19 Mr
1996 2618 67 20 Smith
2072 2619 21 18 at
2102 2618 62 23 upset.

1869 2644 81 20 Section
1959 2644 16 22 4,
1989 2643 59 19 block
2057 2643 21 19 22
2089 2642 29 22 (3r
2126 2641 52 25 lOp);
2191 2641 59 23 upset
2257 2641 61 23 price,
2327 2641 29 19 2
2364 2641 37 19 10s.

1846 2667 70 20 Sold
1925 2669 22 18 to
1957 2667 31 19 Mr
1996 2666 68 20 Smith
2072 2667 22 18 at
2102 2667 62 22 upset.

1869 2691 82 20 Section
1964 2691 28 23 11,
2007 2690 59 19 block
2078 2690 22 19 22
2113 2690 17 21 (1
2143 2689 63 22 acre);
2224 2689 59 23 upset
2297 2688 60 23 price,
2375 2688 28 19 3

1847 2715 110 22 10s.Sold
1966 2716 21 19 to
1995 2714 75 30 George
2078 2713 81 20 Walker
2168 2714 22 19 at
2199 2714 64 23 upset.

1869 2740 81 21 Section
1965 2740 27 24 12,
2007 2738 60 21 block
2080 2738 22 20 22
2115 2738 18 23 (1
2144 2736 64 28 acre);
2229 2738 59 23 upset
2300 2737 61 24 price,
2375 2736 28 21 3

1846 2764 110 21 10s.Sold
1964 2766 22 18 to
1995 2764 67 20 James
2072 2763 84 19 Kelman
2164 2763 23 19 at
2195 2764 65 22 upset.

1869 2789 81 21 Section
1964 2789 27 23 13,
2006 2788 59 20 block
2077 2788 23 19 22
2111 2787 29 23 (3r
2151 2786 53 26 14p);
2224 2787 60 23 upset
2299 2786 60 24 price,
2375 2786 28 20 3

1847 2813 110 21 10s.Sold
1965 2814 22 18 to
1996 2811 81 21 Samuel
2090 2811 54 20 Lusk
2151 2812 21 19 at
2180 2811 65 23 upset.

1870 2838 80 20 Section
1965 2837 27 23 14,
2007 2836 67 20 block
2074 2836 28 20 22
2113 2835 29 23 (3r
2153 2836 55 22 30p);
2227 2835 59 23 upset
2299 2834 60 24 price,
2375 2834 28 20 3

1848 2863 30 19 10s
1886 2858 4 31 ;
1903 2862 105 19 valuation
2022 2860 207 29 foijlprovements,
2238 2858 129 20 l2o.Sold
2381 2859 21 19 to

1846 2886 88 19 Thomas
1942 2886 26 19 H.
1978 2884 103 20 Hansford
2090 2885 20 19 at
2119 2884 63 23 upset.

1869 2911 81 19 Section
1959 2910 28 23 10,
2000 2909 59 19 block
2070 2909 22 19 23
2105 2909 16 22 (I
2131 2908 63 21 acre);
2207 2907 58 23 upset
2274 2907 60 23 price,
2344 2905 34 20 3.

1847 2934 48 19 Sold
1903 2936 21 16 to
1934 2934 59 18 Peter
2001 2933 87 21 Walker,
2098 2933 50 23 jun.,
2158 2932 22 18 at
2189 2931 64 22 upset.

1869 2958 82 19 Section
1961 2958 26 22 12,
1997 2957 60 19 block
2064 2957 21 19 23
2092 2955 29 23 (31
2130 2952 55 28 14p);
2197 2954 59 23 upset
2264 2953 60 24 price,
2335 2952 68 20 2l7s

1846 2981 104 20 6dSold
1959 2982 21 19 to
1989 2981 59 20 Peter
2056 2980 82 21 Wallfer
2145 2980 23 19 at
2175 2978 65 24 upset.

1869 3006 81 19 Section
1959 3006 28 23 13,
1996 3005 59 20 block
2062 3005 22 20 23
2091 3005 16 22 (1
2117 3003 63 23 acre);
2192 3003 59 23 upset
2260 3007 59 18 price,
2330 3000 71 20 3los.

1847 3031 70 19 Sold
1925 3032 22 19 to
1956 3031 70 22 Henry
2034 3030 105 20 Shawman
2151 3029 21 19 at
2181 3027 64 24 upset.

1869 3055 81 19 Section
1959 3055 28 23 14,
1997 3054 59 19 block
2063 3054 21 19 23
2091 3054 18 22 (1
2117 3050 64 28 acre);
2193 3051 59 23 upset
2260 3050 60 23 price,
2330 3050 71 19 3los.

1847 3078 69 20 Sold
1925 3080 22 18 to
1956 3078 66 20 David
2031 3077 86 20 M'Math
2129 3078 22 18 at
2158 3077 65 22 upset.

1869 3102 81 20 Section
1959 3103 27 23 15,
1996 3102 59 19 block
2063 3102 20 19 23
2090 3102 18 21 (1
2117 3097 63 29 acre);
2193 3098 59 24 upset
2260 3104 59 17 price,
2328 3097 73 20 3los.

1846 3126 71 19 Sold
1925 3128 22 17 to
1956 3126 69 22 Henry
2034 3126 106 18 Shawman
2151 3125 22 18 at
2180 3123 64 22 upset.

1869 3150 81 19 Section
1962 3150 16 23 2,
1992 3149 59 19 block
2059 3149 21 19 24
2091 3149 29 21 (3r
2127 3147 56 24 30p);
2200 3146 58 23 upset
2267 3145 61 23 price,
2342 3144 29 20 3
2382 3145 21 20 7s

1846 3173 103 22 (jd.Sold
1957 3175 22 19 to
1987 3173 86 21 Thomas
2081 3172 82 21 Walker
2173 3172 22 19 at
2203 3170 64 24 upset.

1869 3199 80 20 Section
1959 3200 16 23 1,
1989 3199 58 20 block
2059 3198 22 21 25
2092 3198 31 23 (la
2131 3198 20 19 2r
2159 3196 56 24 25p);
2229 3196 59 23 upset
2301 3194 60 25 price,
2375 3194 28 21 d

1846 3224 110 21 15s.Sold
1964 3225 21 19 to
1996 3223 68 20 James
2195 3221 22 19 at
2225 3220 64 23 upset.

1869 3248 81 21 Section
1958 3249 17 22 2,
1991 3247 59 20 block
2058 3248 21 19 25
2091 3248 30 22 (la
2130 3246 20 21 3r
2157 3243 56 28 30p);
2230 3245 59 23 upset
2301 3244 60 23 price,
2375 3243 28 20 6

1846 3273 45 23 15s;
1910 3272 105 20 valuation
2031 3272 31 19 for
2078 3269 163 26 improvements,
2258 3267 106 22 7.Sold
2381 3269 22 18 to

1846 3297 83 20 Charles
1938 3296 76 24 Napier
2022 3297 22 19 at
2052 3297 64 22 upset.

1868 3321 81 20 Section
1958 3321 17 23 3,
1985 3320 59 20 block
2051 3321 28 23 25,
2089 3320 23 19 la
2119 3319 21 20 Or
2148 3318 36 24 9p;
2196 3318 59 23 upset
2261 3317 60 24 price,
2330 3316 28 21 3
2364 3317 37 19 Ids.

1846 3345 69 20 Sold
1924 3346 22 19 to
1955 3345 32 19 Mr
1996 3344 107 23 Reynolds,
2113 3349 20 14 as
2142 3344 66 22 agent,
2218 3342 31 19 for
2257 3342 28 19 4
2293 3342 26 19 ss.

1868 3370 81 20 Section
1958 3370 16 23 4,
1989 3368 59 21 block
2056 3369 21 20 25
2090 3368 29 23 (3a
2128 3368 20 19 lr
2156 3365 43 28 2p);
2217 3366 59 25 upset
2290 3365 59 25 price,
2364 3365 39 21 ll

1846 3394 31 20 10s
1886 3390 4 28 ;
1902 3394 106 20 valuation
2019 3394 31 19 for
2062 3392 163 25 improvements,
2240 3391 44 20 lB.
2321 3390 49 20 Sold
2382 3391 21 19 to

1846 3418 82 20 Charles
1938 3418 75 23 Napier
2021 3419 22 18 at
2051 3418 63 23 upset.

1868 3443 81 19 Section
1957 3442 17 22 5,
1984 3441 59 19 block
2051 3442 22 18 25
2081 3442 29 21 (la
2118 3441 21 18 3r
2147 3438 44 26 2p);
2208 3440 59 23 upset
2276 3438 60 24 price,
2346 3438 29 20 6
2382 3438 21 19 3s

1845 3466 37 23 4d;
1905 3466 105 19 valuation
2025 3466 31 18 for
2076 3465 162 23 improvements,
2255 3462 106 21 s.Sold
2382 3463 21 18 to

1846 3490 82 20 Charles
1937 3490 75 23 Napier
2020 3490 22 18 at
2050 3489 44 18 22.

1867 3514 82 20 Section
1957 3514 17 23 6,
1989 3513 59 20 block
2061 3513 23 20 25
2098 3513 31 22 (la
2144 3512 21 20 3r
2180 3510 45 27 2p);
2237 3511 59 24 upset
2304 3511 60 23 price,
2375 3510 28 20 3

1845 3539 37 20 15s.
1888 3538 68 20 Sold
1964 3539 21 19 to
1994 3537 33 19 Mr
2036 3536 106 23 Reynolds,
2152 3542 21 14 as
2182 3537 66 22 agent,
2258 3535 32 19 for
2297 3535 29 19 6
2335 3535 36 19 10s.

1867 3563 82 19 Section
1957 3562 16 23 1,
1983 3561 60 19 block
2051 3561 21 19 26
2081 3561 30 22 (3a
2119 3561 21 19 Or
2153 3559 45 26 3p);
2215 3561 59 22 upset
2288 3559 60 23 price,
2364 3559 39 18 ll

1844 3587 21 19 2s
1873 3586 39 23 6d;
1923 3586 106 19 valuation
2037 3585 32 19 for
2077 3584 163 24 impravements,
2248 3582 128 21 l6o.Sold
2382 3584 21 17 to

1845 3610 32 20 W.
1888 3610 24 20 R.
1922 3610 92 20 Fawcett
2022 3610 22 19 at
2051 3611 65 22 upset.

1867 3634 81 21 Section
1957 3635 16 23 2,
1983 3634 60 19 block
2051 3634 22 19 26
2081 3634 30 23 (la
2118 3633 22 20 Or
2151 3631 55 27 17p);
2226 3633 59 23 upset
2300 3632 61 23 price,
2375 3631 28 21 3

1845 3660 31 20 17s
1884 3659 37 24 6d;
1933 3659 105 19 valuation
2047 3657 31 20 for
2090 3658 163 23 improvements,
2263 3656 107 20 3.Sold
2382 3657 21 18 to

1845 3684 33 19 Mr
1887 3683 107 23 Reynolds,
2004 3688 21 14 as
2034 3683 66 22 agent,
2110 3682 32 18 for
2150 3682 39 18 l2
2197 3681 37 19 10s.

1867 3707 81 20 Section
1957 3707 17 23 3,
1984 3706 60 19 block
2051 3706 22 19 27
2081 3706 31 22 (la
2126 3706 21 19 Or
2159 3706 43 21 29);
2222 3706 59 22 upset
2297 3704 60 24 price,
2375 3704 28 19 4

1845 3730 110 21 10s.Sold
1964 3733 21 16 to
1994 3729 32 20 Mr
2036 3729 104 24 M'Gregor
2148 3729 31 19 for
2188 3728 34 20 5.

1867 3755 82 20 Section
1957 3754 16 23 4,
1984 3754 60 19 block
2051 3754 22 19 27
2081 3754 30 22 (la
2119 3754 21 19 3r
2153 3753 56 24 13p);
2227 3753 59 23 upset
2300 3752 61 24 price,
2375 3752 28 20 6

1844 3773 34 29 8s;
1894 3779 105 19 valuation
2013 3778 31 19 for
2057 3778 165 23 improvements,
2239 3773 128 24 23o.Sold
2382 3777 21 19 to

1845 3803 33 21 Mr
1886 3803 105 23 M'Gregor
2000 3803 22 19 at
2030 3803 65 23 upset.

1867 3828 82 19 Section
1957 3829 17 21 2,
1983 3827 61 19 block
2053 3827 21 19 18
2081 3827 31 21 (la
2119 3827 23 20 2r
2149 3826 44 24 2p);
2205 3827 59 23 upset
2271 3826 59 24 price,
2338 3826 28 20 5
2371 3826 32 24 ss;

1845 3852 105 19 valuation
1959 3852 31 18 for
2003 3851 163 22 improvements,
2176 3850 128 20 lso.Sold
2313 3851 21 18 to
2342 3850 21 19 T.
2374 3850 27 19 M.

1845 3874 101 21 Saunders
1955 3875 22 19 at
1985 3875 64 23 upset.

1912 3915 112 17 SUBURBAN
2036 3914 219 17 SECTION'S.WAironi
2268 3914 66 17 TOWN.

1867 3937 81 20 Section
1956 3937 28 23 24,
1995 3935 59 20 block
2063 3936 9 19 1
2084 3935 20 23 (9
2117 3935 74 25 poles);
2203 3937 59 22 upset
2274 3936 61 23 price,
2345 3935 58 20 l.

1844 3961 48 20 Scld
1901 3962 22 18 to
1931 3961 33 18 Mr
1973 3960 82 19 Ritchie
2064 3960 31 18 for
2102 3960 73 19 llos.

1867 3984 82 20 Section
1956 3984 29 22 25,
1995 3983 60 20 block
2068 3984 9 19 1
2090 3983 19 22 (8
2121 3983 75 24 ioles);
2207 3984 59 23 upset
2274 3983 61 24 price,
2345 3983 57 20 l.

1844 4008 48 21 Sold
1902 4010 21 18 to
1932 4008 32 19 Mr
1974 4007 81 20 Ritchie
2064 4007 31 20 for
2104 4007 71 20 llss.

1867 4033 81 20 Section
1956 4033 29 22 26,
1995 4031 59 21 block
2067 4032 10 19 1
2091 4031 18 23 (8
2121 4031 75 25 poles);
2208 4033 59 23 upset
2275 4032 60 24 price,
2345 4032 58 20 l.

1844 4057 48 20 Sold
1901 4058 22 18 to
1931 4056 33 20 Mr
1973 4056 82 19 Ritchie
2064 4056 31 18 for
2103 4056 73 19 llos.

1867 4081 81 20 Section
1961 4081 28 22 27,
2003 4080 61 20 block
2073 4080 36 23 1(8
2123 4079 74 25 poles);
2209 4081 58 23 upset
2276 4080 60 24 price,
2345 4080 58 21 l.

1844 4106 48 20 Sold
1901 4107 22 18 to
1932 4105 32 20 Mr
1973 4104 82 21 Ritchie
2064 4104 31 19 for
2103 4104 72 20 llos.

1867 4130 81 20 .Section
1957 4130 27 21 28,
1995 4128 60 20 block
2064 4128 36 23 1(8
2111 4128 75 25 poles);
2203 4130 60 23 upset
2275 4129 60 24 price,
2345 4129 58 20 l.

1844 4154 48 22 Sold
1901 4156 22 19 to
1931 4154 33 21 Mr
1972 4153 72 25 Hislop
2052 4160 22 14 as
2082 4154 60 24 agent
2151 4153 31 21 for
2190 4154 28 20 2
2225 4154 26 21 ss.

1968 4195 71 15 nURAL
2051 4194 94 16 LANDS.
2147 4194 125 16 MANIOTOTO.

1867 4215 81 21 Section
1957 4215 28 24 40,
1992 4214 60 21 block
2058 4215 22 20 16
2088 4215 29 21 (2r
2124 4214 46 24 3p);
2178 4217 59 21 upset
2242 4214 60 24 price,
2309 4215 71 20 4l3s.

1844 4241 49 20 Sold
1901 4241 21 19 to
1931 4240 84 23 Bridget
2024 4238 70 20 Meade
2102 4240 22 18 at
2132 4240 64 22 upset.

1867 4264 82 21 Section
1957 4264 28 23 44,
1996 4263 59 20 block
2064 4263 20 19 16
2092 4263 19 22 (2
2119 4262 78 25 roods);
2209 4264 60 23 upset
2276 4262 60 25 price,
2347 4263 56 20 4.

1845 4288 48 21 Sold
1902 4290 21 18 to
1932 4288 84 23 Bridget
2025 4287 70 20 Meade
2104 4287 31 19 for
2143 4288 28 19 5
2175 4287 27 20 ss.

1867 4313 82 20 Section
1958 4313 27 22 46,
1996 4311 59 20 block
2065 4311 20 19 16
2093 4311 19 23 (2
2121 4311 75 25 roods);
2209 4312 58 23 upset
2276 4311 61 25 price,
2346 4311 57 20 4.

1845 4337 48 21 Sold
1902 4339 22 19 to
1933 4337 84 23 Bridget
2026 4335 72 20 Meade
2106 4337 22 18 at
2137 4337 64 22 upset.

1963 4395 151 27 MISSING
2133 4395 164 26 FRIENDS.

1871 4479 45 21 The
1930 4478 106 25 following
2053 4476 90 26 relating
2168 4478 23 19 to
2213 4476 86 26 missing
2326 4476 79 20 friends

1846 4506 104 28 appeared
1966 4506 21 20 in
2003 4503 96 27 'Lloyd's
2112 4502 100 32 Weekly'
2221 4503 74 26 during
2311 4503 81 26 Septem-

1846 4533 138 23 ber:From
2005 4532 101 22 Gisborne
2127 4530 108 23 Elizabeth
2260 4531 66 27 Fryer
2347 4530 58 27 (May

1847 4562 32 26 31)
1902 4562 38 20 has
1955 4560 79 27 replied
2055 4562 23 19 to
2099 4560 53 20 aunt
2173 4560 21 20 in
2216 4559 68 22 South
2311 4558 92 26 London,

1847 4589 47 20 who
1922 4588 41 21 had
1992 4589 37 18 not
2057 4586 64 21 heard
2147 4584 54 22 from
2215 4586 37 20 her
2269 4586 56 19 since
2348 4585 56 21 1861.

1848 4616 44 20 Her
1913 4614 71 21 father
2006 4614 53 24 (also
2081 4612 96 25 inquired
2208 4612 40 24 for)
2279 4612 18 19 is
2318 4611 87 20 dead.

1848 4642 73 26 Henry
1931 4640 69 23 Smith
2011 4639 58 27 (May
2079 4638 33 26 10)
2121 4638 56 22 wfcnt
2190 4640 22 20 to
2222 4638 52 22 New
2283 4638 92 22 Zealand
2384 4638 21 21 in

1848 4669 56 24 1882,
1914 4669 42 21 and
1966 4668 40 21 had
2016 4668 37 20 not
2063 4666 51 21 been
2124 4666 63 21 heard
2196 4666 22 21 of
2232 4666 27 26 by
2268 4673 12 14 a
2290 4666 84 21 brother
2382 4668 23 19 at

1847 4696 111 22 Columbia
1975 4694 57 24 road,
2051 4694 32 23 E.,
2103 4692 32 21 for
2154 4693 35 21 the
2206 4693 42 21 last
2264 4693 57 27 eight
2337 4699 66 21 years.

1848 4725 40 21 His
1897 4723 57 27 reply
1970 4722 68 21 phows
2053 4720 49 21 that
2116 4719 26 21 he
2156 4720 50 21 lives
2220 4727 13 15 a
2246 4721 56 21 little
2312 4728 46 20 way
2368 4722 37 21 out

1847 4752 23 21 of
1892 4748 155 24 Christchurch.
2093 4747 84 21 Samuel
2199 4748 66 21 Oilier
2286 4749 61 20 when
2365 4749 40 20 last

1848 4778 64 22 heard
1921 4777 23 21 of
1952 4784 42 14 was
2004 4783 12 13 a
2026 4774 90 24 soldier;
2130 4774 25 21 he
2165 4774 39 21 left
2213 4775 33 20 his
2255 4776 102 25 regiment
2363 4776 42 21 and

1848 4805 77 23 settled
1941 4805 22 21 in
1979 4802 109 22 Auckland
2102 4801 22 21 in
2133 4800 55 23 1866.
2217 4802 66 21 Sister
2292 4803 48 21 Ann
2349 4803 54 21 asks.

1848 4835 46 21 J.
1906 4832 55 26 Relf,
1972 4831 22 22 of
2004 4830 108 27 Brighton,
2130 4828 40 22 last
2187 4829 64 23 heard
2268 4830 22 22 of
2308 4831 22 21 in
2345 4831 45 21 New-

1848 4862 88 23 market,
1945 4858 117 24 Auckland,
2072 4857 65 21 about
2147 4857 35 20 ten
2191 4864 61 19 years
2260 4864 44 19 ago.
2329 4859 76 20 Sisters

1848 4889 70 26 Emily
1928 4887 42 22 and
1985 4886 73 24 Fanny
2067 4883 120 22 ask.Ann
2197 4884 69 25 Allen,
2277 4885 22 20 of
2313 4885 91 27 Dudley,

1848 4923 42 15 was
1900 4916 41 21 last
1951 4913 63 23 heard
2024 4912 21 22 of
2054 4913 23 20 at
2085 4911 98 21 Dunedin
2191 4911 22 21 in
2221 4911 55 22 1867.
2297 4913 108 26 Daughter

1848 4944 54 22 asks.
1930 4942 78 21 Father
2024 4941 17 20 is
2056 4938 161 27 dead.Henry
2234 4939 121 23 Burmester
2365 4947 40 15 was

1848 4973 42 21 last
1911 4969 65 22 heard
1998 4968 22 22 of
2037 4967 22 22 in
2077 4965 129 26 Canterbury
2227 4966 22 21 in
2266 4967 62 26 June,
2348 4967 56 23 1873.

1849 4998 92 28 Nephew
1955 4994 182 25 asks.Nicholas
2153 4993 73 21 Butler
2241 4994 40 21 left
2295 4995 109 26 Parkston,

1848 5026 90 24 Ireland,
1954 5025 57 25 forty
2026 5029 60 20 years
2101 5027 53 19 ago;
2167 5021 17 21 is
2199 5021 93 22 believed
2311 5024 21 19 to
2347 5022 24 21 be
2384 5023 21 21 in

1849 5055 96 24 Chicago.
1974 5051 90 21 Brother
2078 5047 84 23 Patrick
2177 5049 153 21 asks.James
2340 5051 65 26 Camp

1849 5088 41 15 was
1908 5080 42 21 last
1967 5077 65 22 heard
2050 5076 21 21 of
2089 5075 22 21 in
2129 5074 81 27 Hilton,
2229 5077 139 27 Canterbury,
2384 5078 21 21 in

1849 5109 56 22 1877.
1933 5106 90 23 Brother
2032 5105 45 21 Ben
2090 5102 134 22 asks.Jack
2234 5104 119 28 Hutchings
2366 5106 39 21 left

1849 5137 89 21 Brixton
1953 5134 33 21 for
1996 5132 130 25 Wellington
2141 5130 21 19 in
2177 5130 62 26 1883;
2252 5132 37 20 has
2304 5135 37 18 not
2354 5133 51 20 been

1849 5164 52 22 been
1915 5160 64 24 heard
1995 5159 22 22 of
2032 5159 62 21 tince.
2123 5156 105 23 Relatives
2243 5159 162 22 ask.Richard

1850 5194 90 24 Sharpes
1956 5189 40 22 left
2012 5184 107 28 Liverpool
2135 5184 63 21 about
2213 5186 118 27 thirty-five
2345 5195 60 19 years

1849 5228 38 17 ago
1895 5226 5 18 ;
1914 5219 42 20 last
1965 5216 64 21 heard
2043 5216 22 19 ot
2079 5214 22 20 in
2111 5212 116 21 Auckland.
2256 5215 38 20 His
2304 5215 101 24 grandson

1848 5244 160 29 inquires.Mr
2016 5242 72 21 James
2104 5238 59 25 Feid,
2178 5240 22 19 of
2213 5240 124 25 Openshaw,
2349 5242 42 20 Man-

1849 5275 88 22 chester,
1956 5268 64 24 asked
2038 5268 57 26 (May
2111 5264 32 27 24)
2158 5264 31 22 for
2205 5266 32 21 his
2251 5266 95 23 brothers
2355 5268 38 21 Wil-

1849 5303 50 19 liam
1916 5297 92 27 Douglas
2023 5295 53 22 Reid
2090 5292 42 22 ami
2148 5292 97 23 Solomon
2260 5295 60 21 Reid.
2347 5296 14 21 3
2365 5296 40 27 hey

1849 5329 41 21 left
1904 5325 83 23 Belfast
2001 5324 33 20 for
2048 5322 52 21 New
2109 5320 90 21 Zealand
2214 5321 117 27 thirty-five
2346 5330 59 19 years

1849 5357 62 20 since.
1940 5353 19 21 A
1968 5358 37 15 son
2014 5350 22 21 of
2046 5348 95 23 William
2151 5347 36 22 has
2196 5348 116 23 forwarded
2321 5357 13 14 a
2343 5350 62 22 letter

1850 5383 32 22 for
1894 5381 32 22 his
1942 5379 61 21 uncle
2017 5378 55 20 from
2081 5376 52 20 New
2143 5374 120 28 Plymouth,
2274 5377 54 21 from
2339 5378 66 22 which

1849 5418 30 15 we
1893 5409 75 28 gather
1983 5406 49 22 that
2048 5405 31 21 his
2095 5402 70 22 father
2179 5403 15 21 is
2208 5404 44 21 still
2261 5405 144 23 alive.John

1848 5438 78 26 Taylor
1944 5436 57 25 (May
2020 5433 27 25 3),
2066 5433 47 19 who
2130 5432 55 19 went
2206 5434 23 18 to
2246 5433 51 20 New
2315 5434 90 22 Zealand

1848 5465 65 20 about
1923 5463 56 22 1874,
1987 5461 37 20 has
2034 5458 78 26 replied
2118 5459 22 18 to
2150 5458 41 19 two
2199 5458 71 20 sisters
2277 5461 23 18 at
2306 5460 98 26 Frimley,

1849 5491 46 22 who
1911 5489 76 26 sought
2002 5487 51 21 him.
2081 5484 34 22 He
2128 5483 51 20 lives
2194 5489 48 15 near
2252 5485 153 26 Sydenham.

1850 5518 85 23 Charles
1951 5515 75 25 Ralph,
2042 5514 39 21 last
2099 5510 62 23 heard
2177 5510 22 21 of
2210 5510 64 22 about
2289 5513 41 21 two
2346 5520 59 20 years

1848 5554 39 20 ago
1896 5547 22 20 iu
1927 5546 51 21 New
1988 5541 98 24 Zealand,
2097 5541 17 19 is
2124 5538 75 26 sought
2208 5538 27 26 by
2245 5539 32 21 his
2287 5541 67 21 uncle.

2432 167 76 27 THE
2527 165 172 28 PREMIER
2725 164 48 26 AT
2800 163 189 27 HASTINGS.

2461 249 47 21 The
2533 248 59 22 Hon.
2619 247 38 21 Mr
2677 246 88 22 Seddon
2786 246 23 21 in
2829 245 132 28 addressing
2981 251 13 14 a

2433 278 103 22 crowded
2548 277 99 27 meeting
2663 278 25 19 at
2705 277 39 20 the
2755 275 120 22 Princess's
2886 274 106 27 Theatre,

2433 308 117 29 Hastings,
2560 315 27 14 on
2597 306 126 29 Thursday,
2729 305 49 22 said
2786 305 38 22 the
2831 307 91 27 present
2929 312 44 15 was
2980 312 13 15 a

2432 341 59 19 most
2502 339 126 27 important
2638 336 70 28 epoch
2726 336 23 21 in
2767 336 39 21 the
2823 335 87 28 history
2920 335 23 22 of
2954 335 39 22 the

2432 368 87 29 colony,
2531 367 45 23 and
2597 367 38 23 the
2652 365 103 30 question
2773 372 45 16 was
2834 365 102 23 whether
2954 365 38 22 the

2433 399 153 23 Government
2603 396 80 23 should
2700 396 27 22 be
2745 395 94 23 allowed
2852 398 23 20 to
2886 395 106 23 continue

2432 429 60 22 their
2509 426 184 23 administration
2710 433 24 14 or
2745 426 102 21 whether
2862 426 39 21 the
2918 425 75 22 affairs

2432 458 23 22 of
2466 458 38 22 the
2515 457 79 28 colony
2605 455 81 22 should
2698 455 25 22 be
2733 458 43 26 put
2787 456 22 21 in
2820 456 38 22 the
2868 455 70 22 hands
2949 455 23 22 of
2980 462 12 15 a

2432 488 43 23 few
2486 487 74 23 selfish
2576 486 85 30 people.
2694 485 47 23 The
2752 485 81 31 Mayor
2849 485 23 23 of
2882 485 110 30 Hastings

2433 526 45 15 was
2488 521 24 19 at
2524 518 38 21 the
2573 521 91 25 present
2674 517 55 21 time
2735 516 100 30 engaged
2844 517 22 21 in
2877 524 13 14 a
2898 517 94 21 warfare

2432 549 89 29 against
2529 548 34 21 his
2572 547 120 27 colleague,
2698 546 37 23 Mr
2740 546 93 28 Carroll,
2843 546 147 28 atGisborne,

2432 578 44 22 and
2488 579 27 21 he
2524 578 46 27 (Mr
2580 577 99 27 Seddon)
2690 577 93 22 claimed
2800 577 39 23 the
2856 585 59 14 same
2931 578 62 27 right

2433 612 23 18 to
2466 607 93 23 address
2570 607 39 23 the
2619 607 79 30 people
2713 607 23 23 of
2746 607 110 30 Hastings
2867 614 24 16 as
2908 607 28 22 he
2947 614 45 14 was

2432 647 49 15 now
2493 638 74 30 doing.
2600 638 35 23 He
2646 637 73 31 hoped
2734 638 39 23 the
2791 642 64 26 great
2872 637 120 31 principles

2433 670 53 22 that
2505 677 58 14 were
2583 672 25 19 at
2627 669 66 22 stake
2711 669 74 22 would
2805 669 27 22 be
2851 669 82 29 fought
2952 673 40 17 out

2433 699 98 23 without
2540 698 157 31 personalities
2706 698 45 24 and
2766 706 27 15 on
2805 698 69 23 broad
2885 698 104 29 grounds.

2432 730 47 23 The
2490 732 91 28 present
2590 732 89 20 contest
2689 737 45 15 was
2752 729 92 23 marked
2858 729 30 30 by
2904 736 13 15 a
2934 732 58 18 most

2432 762 85 28 unholy
2537 760 94 23 alliauce
2651 760 101 23 between
2777 760 96 30 Captain
2893 759 97 27 Russell,

2432 792 36 23 Sir
2485 792 27 22 R.
2531 791 75 27 Stout,
2629 791 44 22 and
2694 791 37 22 Mr
2750 791 87 29 George
2855 790 134 22 Hutchison.

2432 822 73 22 There
2512 829 45 15 was
2567 821 96 30 nothing
2670 821 24 22 in
2702 829 100 14 common
2813 822 99 21 between
2921 820 69 22 them.

2432 852 67 23 After
2509 852 79 30 noting
2598 859 60 15 some
2673 851 23 23 of
2714 852 38 22 the
2769 854 129 20 utterances
2915 849 23 24 of
2954 850 39 22 the

2433 884 65 22 three
2508 883 51 22 hon.
2572 882 128 30 gentlemen
2711 882 27 23 he
2749 882 44 23 had
2809 880 98 25 referred
2924 884 24 19 to
2965 880 27 23 he

2432 914 47 24 said
2491 913 35 25 Sir
2537 913 27 24 R.
2578 913 68 24 Stout
2663 913 43 23 had
2724 912 137 24 condemned
2881 919 112 16 measures

2432 945 125 22 advocated
2587 945 29 29 by
2641 945 97 28 Captain
2763 944 97 27 Russell,
2886 943 44 22 and
2955 942 38 22 Mr

2432 975 128 22 Hutchison
2592 974 44 23 had
2670 974 86 29 utterly
2786 972 137 24 condemned
2954 972 38 23 the

2432 1007 153 23 Government
2595 1006 23 23 of
2635 1006 73 22 which
2726 1005 97 30 Captain
2839 1004 90 23 Russell
2947 1011 44 15 was

2432 1045 12 14 a
2455 1037 104 21 member.
2586 1037 66 25 How,
2661 1037 61 24 then,
2733 1036 64 20 could
2806 1035 89 28 captain
2903 1034 89 22 Russell

2432 1067 107 22 associate
2560 1066 89 21 himself
2666 1065 55 22 with
2741 1065 36 22 Mr
2794 1064 135 27 Hutchison,
2942 1063 50 23 who

2432 1097 43 23 had
2502 1095 142 31 stigmatised
2669 1095 96 30 Captain
2785 1094 89 23 Russell
2893 1094 44 23 and
2958 1094 34 22 his

2432 1128 124 30 colleagues
2571 1135 24 15 as
2615 1124 55 34 pimp
2684 1124 14 34 3
2712 1124 41 34 and
2773 1126 121 30 panderers
2914 1124 23 24 of
2954 1125 38 23 the

2432 1159 59 23 bank
2500 1161 8 21 ?
2530 1159 72 23 There
2613 1166 45 15 was
2668 1158 53 29 only
2732 1165 41 15 one
2784 1157 65 29 thing
2859 1157 22 23 in
2890 1164 101 15 common

2431 1190 102 23 between
2544 1190 63 22 those
2625 1188 254 30 gentlemennamely,
2896 1190 24 19 to
2938 1189 53 20 turn

2431 1222 41 20 out
2500 1220 39 23 the
2569 1222 89 26 present
2688 1218 154 22 Government
2876 1224 24 15 so
2940 1216 52 23 that

2432 1251 54 28 they
2511 1250 66 23 could
2601 1255 83 23 govern
2710 1248 38 23 the
2773 1250 103 28 country,
2903 1250 40 20 not
2967 1247 23 23 in

2432 1282 38 22 the
2501 1280 95 23 interest
2626 1279 23 22 of
2674 1279 38 22 the
2744 1286 57 21 men,
2827 1286 93 20 women,
2946 1278 44 22 and

2432 1311 107 26 children,
2552 1310 41 21 but
2604 1310 22 21 in
2639 1309 37 22 the
2686 1309 95 22 interest
2792 1309 22 21 of
2830 1317 12 13 a
2853 1308 74 22 selfish
2938 1308 49 22 few.

2432 1341 22 21 It
2472 1347 45 15 was
2533 1339 97 29 charged
2647 1339 89 27 against
2755 1339 39 20 the
2814 1338 89 21 Liberal
2923 1340 67 26 party

2432 1371 51 23 that
2493 1369 111 23 manhood
2620 1367 96 29 suffrage
2733 1374 45 15 was
2795 1370 40 19 not
2851 1366 43 23 due
2905 1369 24 20 to
2940 1367 51 22 that

2432 1404 74 27 party,
2526 1400 41 22 but
2585 1399 27 22 he
2628 1397 101 23 asserted
2746 1398 20 22 it
2785 1404 46 16 was
2848 1396 43 24 due
2912 1399 23 21 to
2955 1397 35 23 Sir

2432 1432 86 28 George
2537 1430 60 28 Grey
2618 1429 52 22 that
2690 1428 46 22 this
2756 1435 45 14 was
2821 1427 101 22 effected.
2955 1427 35 22 He

2432 1460 98 23 referred
2546 1463 23 19 to
2586 1460 39 21 the
2644 1461 101 25 compact
2766 1457 92 22 entered
2883 1458 48 21 into
2955 1457 24 22 be-

2432 1494 73 20 tween
2522 1490 39 22 the
2825 1487 44 22 and
2880 1487 36 23 Sir
2930 1486 60 24 John

2432 1522 62 26 Hall,
2506 1521 44 22 and
2568 1519 48 22 said
2635 1525 40 15 one
2686 1518 23 22 of
2720 1518 38 22 the
2769 1517 127 23 conditions
2907 1518 22 22 of
2940 1518 50 22 that

2432 1552 110 21 infamous
2569 1551 103 25 compact
2691 1555 45 14 was
2760 1547 111 22 manhood
2895 1547 96 29 suffrage

2432 1581 43 22 and
2492 1579 106 23 triennial
2616 1578 155 22 Parliaments.
2811 1577 35 22 He
2863 1578 80 21 should
2960 1577 32 22 let

2432 1613 38 21 the
2488 1608 172 24 Conservatives
2677 1607 66 22 know
2760 1607 50 22 who
2828 1614 57 16 were
2902 1614 76 22 respon-

2432 1641 55 22 sible
2506 1640 35 22 for
2561 1637 112 24 manhood
2693 1637 102 30 suffrage.
2827 1637 21 23 If
2873 1637 27 23 he
2923 1637 69 23 heard

2432 1671 67 23 much
2519 1677 60 15 more
2599 1668 69 23 about
2687 1668 46 23 this
2752 1670 84 20 matter
2860 1668 27 22 he
2912 1667 80 23 should

2432 1702 57 20 have
2499 1700 39 22 the
2546 1699 127 22 conditions
2684 1698 22 22 of
2717 1698 45 22 this
2773 1698 111 22 infamous
2890 1701 102 25 compact

2432 1729 121 24 circulated
2565 1729 30 21 all
2606 1735 52 15 over
2670 1728 38 22 the
2718 1730 102 27 country.
2852 1728 24 22 It
2893 1735 45 15 was
2954 1728 38 22 the

2432 1763 91 27 present
2541 1759 89 23 Liberal
2647 1761 68 27 party
2732 1758 51 22 that
2793 1758 133 29 practically
2936 1765 56 22 gave

2432 1791 110 23 manhood
2553 1790 96 30 suffrage
2661 1789 44 23 last
2715 1789 91 27 session,
2816 1789 44 22 and
2870 1794 40 17 not
2919 1789 73 22 before

2433 1823 57 21 that.
2522 1821 63 28 They
2602 1827 59 15 were
2677 1820 54 21 then
2743 1819 47 22 told
2801 1820 51 21 that
2863 1819 37 22 Mr
2910 1819 82 22 Bowen

2432 1860 45 13 was
2487 1851 37 23 the
2533 1851 81 21 author
2621 1849 23 23 of
2653 1849 38 22 the
2700 1851 90 27 present
2800 1849 127 22 Education
2938 1849 52 26 Act,

2432 1881 42 22 but
2504 1881 39 22 the
2576 1880 48 22 fact
2658 1886 45 16 was
2737 1879 51 22 that
2821 1878 38 22 Mr
2892 1877 101 23 Bowen's

2432 1912 45 23 Bill
2510 1910 109 32 provided
2653 1910 35 23 for
2721 1909 106 31 religious
2858 1908 135 24 instruction

2432 1944 22 21 in
2472 1943 94 26 schools,
2585 1942 44 22 and
2645 1942 39 21 the
2700 1941 45 21 Bill
2760 1948 46 14 was
2823 1940 95 29 nothing
2933 1947 61 14 more

2433 1974 55 22 than
2506 1980 13 15 a
2535 1971 165 24 consolidation
2720 1970 23 23 of
2763 1970 86 23 certain
2869 1969 125 30 provincial

2432 2004 138 22 ordinances.
2611 2002 24 22 It
2654 2009 46 14 was
2720 2001 46 22 also
2789 2001 95 22 claimed
2904 2001 30 28 by
2954 2001 39 21 the

2432 2033 161 24 Conservative
2603 2035 68 27 party
2681 2032 51 22 that
2740 2032 54 28 they
2801 2030 95 30 granted
2907 2037 86 15 women

2432 2064 104 31 suffrage.
2568 2063 36 23 He
2616 2063 51 23 held
2688 2062 50 23 that
2748 2061 105 23 woman's
2864 2061 130 30 perceptive

2432 2103 87 21 powers
2529 2095 75 21 would
2616 2101 68 14 never
2700 2093 64 22 allow
2784 2093 39 22 her
2833 2095 25 19 to
2868 2095 52 19 vote
2931 2092 35 22 for
2980 2100 14 14 a

2432 2126 66 28 Tory.
2531 2124 23 23 It
2564 2132 46 15 was
2621 2124 39 22 the
2671 2126 91 26 present
2778 2123 154 22 Government
2942 2122 52 22 that

2432 2156 80 28 passed
2533 2157 38 21 the
2597 2154 113 23 Woman's
2734 2153 122 23 Franchise
2880 2152 114 28 Bill.(A

2432 2186 85 23 Voice:
2564 2185 51 23 You
2635 2184 87 23 walked
2737 2187 40 20 out
2793 2183 22 23 of
2833 2183 39 23 the

2432 2216 55 24 This
2504 2216 91 23 showed
2611 2216 50 22 how
2678 2215 79 29 people
2774 2222 58 15 were
2847 2213 106 24 deceived
2964 2213 30 30 by

2433 2248 39 22 the
2482 2255 89 21 papers,
2590 2253 24 15 as
2632 2246 27 22 he
2679 2246 44 21 had
2744 2245 135 22 introduced
2890 2244 39 23 the
2940 2244 53 28 Bill,

2432 2277 80 30 passed
2522 2278 26 27 it,
2567 2277 44 21 and
2629 2283 69 15 never
2713 2276 68 21 voted
2797 2276 89 28 against
2901 2276 25 21 it.
2959 2274 35 22 He

2433 2308 44 21 had
2497 2307 56 22 been
2574 2306 103 29 strongly
2698 2305 70 29 urged
2786 2309 41 18 not
2844 2308 24 18 to
2879 2305 66 21 allow
2957 2304 37 22 the

2432 2338 47 22 Bill
2490 2340 23 19 to
2524 2344 59 22 pass,
2596 2336 42 22 but
2648 2336 28 21 he
2693 2335 45 22 had
2749 2335 85 29 replied
2846 2335 52 22 that
2908 2342 85 14 women

2433 2376 58 14 were
2501 2366 113 31 promised
2630 2367 27 27 it,
2676 2366 44 23 and
2739 2365 110 29 although
2860 2365 27 22 he
2898 2373 45 15 was
2954 2367 41 20 not

2432 2407 52 15 sure
2508 2399 70 22 about
2602 2397 19 23 it
2646 2397 27 23 he
2693 2396 80 24 should
2793 2396 67 23 allow
2880 2396 19 23 it
2919 2399 23 19 to
2966 2403 28 22 go

2433 2430 105 29 through.
2571 2429 36 22 He
2626 2427 114 24 admitted
2760 2427 28 23 he
2808 2427 45 23 had
2870 2429 40 21 not
2926 2426 68 23 voted

2432 2460 35 23 for
2492 2462 40 20 the
2556 2459 46 23 Bill
2626 2466 28 15 on
2684 2465 42 16 one
2750 2458 110 25 occasion,
2886 2457 66 22 when
2975 2457 20 22 it

2433 2497 45 15 was
2498 2489 99 29 brought
2616 2489 24 21 in
2660 2488 29 29 by
2710 2488 35 22 Sir
2760 2488 61 22 John
2842 2487 61 27 Hall,
2923 2494 24 15 as
2967 2486 27 23 he

2432 2519 102 24 believed
2554 2519 65 23 when
2639 2526 42 14 one
2706 2525 45 15 was
2776 2518 23 22 in
2819 2517 72 23 doubt
2910 2517 19 23 it
2949 2524 45 15 was

2432 2551 75 22 better
2527 2553 23 20 to
2574 2550 51 30 give
2649 2556 87 15 women
2760 2550 39 21 the
2820 2547 83 23 benefit
2922 2547 23 23 of
2966 2548 26 22 it.

2432 2582 63 29 They
2506 2580 82 28 would,
2600 2588 29 15 no
2646 2579 79 28 doubt,
2743 2579 27 22 be
2788 2578 47 23 told
2852 2578 30 30 by
2898 2578 96 30 Captain

2432 2612 89 23 Russell
2532 2612 52 22 that
2595 2611 59 23 their
2671 2610 103 22 defences
2791 2617 58 15 were
2866 2610 23 22 in
2909 2617 29 14 an
2955 2617 26 14 un-

2432 2643 145 27 satisfactory
2597 2641 124 26 condition,
2739 2641 41 22 but
2798 2640 28 22 he
2846 2640 80 22 denied
2943 2639 52 23 that

2433 2673 54 28 they
2498 2679 58 15 were
2567 2671 117 22 defective.
2717 2670 47 22 The
2774 2670 48 22 fact
2832 2677 45 15 was
2889 2670 38 21 the
2938 2669 42 23 Con-

2432 2702 125 23 servatives
2574 2708 58 16 were
2650 2700 98 30 opposed
2766 2702 24 21 to
2806 2700 39 22 the
2861 2706 119 23 encourage-

2433 2737 62 19 ment
2510 2733 23 23 of
2554 2732 38 24 the
2613 2731 135 28 volunteers,
2767 2730 44 23 and
2828 2730 49 23 said
2895 2730 39 24 the
2945 2730 49 23 first

2432 2767 38 20 act
2490 2764 22 22 of
2531 2764 39 22 the
2590 2763 114 22 Atkinson
2724 2762 154 23 Government
2902 2769 45 15 was
2970 2764 24 20 to

2432 2795 104 22 decrease
2556 2794 39 22 the
2619 2793 126 29 capitation
2769 2794 67 28 grant
2857 2796 23 18 to
2900 2792 37 23 303
2954 2799 40 21 per

2432 2825 64 27 head,
2510 2825 99 21 whereas
2618 2824 38 22 the
2666 2822 50 22 first
2733 2827 37 17 act
2787 2823 28 21 he
2833 2822 46 27 (Mr
2894 2822 99 26 Seddon)

2433 2855 44 22 had
2488 2855 58 21 done
2557 2861 45 15 was
2613 2856 24 20 to
2654 2853 99 22 increase
2771 2853 37 21 the
2826 2854 67 27 grant
2910 2851 30 28 by
2957 2851 36 22 10s

2432 2892 40 20 per
2489 2884 64 22 head.
2585 2883 36 21 He
2646 2883 99 21 asserted
2771 2882 51 21 that
2841 2882 18 20 if
2879 2881 38 21 the
2938 2881 54 21 time

2432 2914 80 21 should
2523 2911 170 26 unfortunately
2704 2911 57 20 arise
2772 2911 64 20 when
2853 2910 53 27 they
2918 2909 73 21 would

2433 2943 26 22 be
2475 2942 104 29 required
2597 2943 24 20 to
2641 2939 82 24 defend
2743 2938 135 24 themselves
2895 2937 97 30 Captain

2432 2972 90 23 Russell
2538 2971 75 23 would
2630 2970 47 22 find
2698 2970 38 21 the
2756 2969 128 22 volunteers
2901 2975 58 15 were
2969 2968 23 21 in

2433 3003 57 30 good
2502 3001 115 24 condition
2634 2999 45 23 and
2696 3002 40 20 not
2754 3006 24 15 so
2798 2998 82 22 useless
2898 3005 24 15 as
2938 2998 54 29 they

2433 3041 58 16 were
2501 3031 144 31 represented
2657 3034 23 19 to
2690 3030 34 23 be.
2763 3029 46 23 The
2821 3029 172 23 Conservatives

2433 3064 44 21 had
2488 3071 28 14 no
2527 3062 153 22 constructive
2690 3060 82 29 policy,
2781 3060 44 21 and
2833 3059 40 22 did
2883 3063 41 18 not
2931 3062 62 18 want

2433 3100 44 23 any
2496 3091 140 31 progressive
2652 3090 134 29 legislation.
2818 3088 62 23 Then
2896 3088 97 30 Captain

2433 3123 90 22 Russell
2548 3121 45 23 had
2620 3128 29 14 on
2673 3121 64 21 three
2761 3119 96 22 distinct
2880 3119 113 21 occasions

2433 3152 75 24 stated
2519 3152 52 23 that
2586 3151 39 22 the
2640 3151 157 28 management
2806 3149 23 21 of
2840 3148 38 23 the
2889 3148 104 29 railways

2432 3183 81 24 should
2524 3191 28 22 go
2566 3181 58 24 back
2642 3184 23 21 to
2683 3180 184 28 commissioners,
2884 3178 43 25 but
2942 3178 51 25 that

2433 3222 46 16 was
2503 3222 28 15 an
2555 3213 71 24 insult
2650 3215 24 20 to
2700 3212 38 22 the
2761 3211 86 30 people.
2885 3210 35 23 He
2943 3217 37 16 con-

2434 3245 88 24 trasted
2545 3245 39 22 the
2611 3243 94 28 railway
2729 3244 157 27 management
2910 3241 22 23 of
2954 3241 40 23 the

2433 3278 91 28 present
2553 3275 63 27 time,
2653 3273 45 22 and
2732 3272 126 23 contended
2895 3272 51 22 that
2974 3271 20 23 it

2433 3314 45 15 was
2507 3305 113 28 infinitely
2656 3304 101 28 superior
2793 3305 23 20 to
2847 3302 38 22 the
2914 3302 80 29 r4gime

2433 3337 23 22 of
2485 3337 39 22 the
2548 3334 185 24 commissioners.
2778 3332 97 30 Captain
2905 3332 89 22 Russell

2433 3367 44 24 had
2488 3366 46 24 also
2545 3365 75 24 stated
2632 3365 51 23 that
2699 3364 63 23 there
2776 3363 80 23 should
2868 3363 26 22 be
2905 3370 28 15 no
2943 3370 39 15 con-

2433 3399 96 21 cessions
2539 3396 96 30 granted
2646 3396 36 21 till
2699 3395 39 22 the
2753 3394 105 29 railways
2868 3394 52 28 paid
2931 3394 14 22 5
2955 3401 40 21 per

2432 3431 69 24 cent.,
2513 3427 42 23 but
2573 3427 17 22 if
2605 3426 52 22 that
2666 3432 59 16 were
2741 3432 24 15 so
2782 3425 20 21 it
2812 3424 74 22 would
2902 3424 93 29 hamper

2433 3459 39 22 the
2482 3458 106 27 industry
2599 3457 22 21 of
2636 3456 39 22 the
2692 3455 87 28 colony,
2792 3454 44 22 and
2854 3454 54 28 they
2920 3453 74 22 would

2434 3488 26 23 be
2480 3488 80 29 killing
2581 3486 38 23 the
2639 3492 66 23 goose
2724 3485 52 22 that
2795 3484 47 22 laid
2860 3484 38 22 the
2914 3483 80 29 golden

2433 3526 47 22 egg.
2512 3518 48 22 The
2570 3519 91 28 present
2672 3516 154 23 Government
2843 3514 44 23 had
2902 3514 92 29 already

2433 3549 65 22 made
2508 3548 139 22 concessions
2664 3547 23 21 in
2705 3546 38 22 the
2759 3545 104 28 railways
2874 3547 24 19 to
2908 3545 39 21 the
2958 3552 24 14 ex-

2433 3581 51 20 tent
2500 3579 23 21 of
2538 3577 96 28 50,000
2650 3584 13 14 a
2680 3583 61 22 year,
2753 3575 45 22 and
2814 3575 55 28 they
2886 3573 108 23 intended

2433 3609 92 29 making
2541 3617 12 14 a
2570 3608 90 23 further
2677 3606 116 23 reduction
2805 3605 30 29 by
2846 3605 149 29 establishing

2433 3639 136 23 differential
2593 3641 61 20 rates
2680 3637 35 23 for
2740 3636 82 23 timber
2853 3635 45 23 and
2930 3635 65 23 other

2433 3670 97 22 articles.
2562 3669 67 22 After
2649 3667 108 29 referring
2778 3669 23 20 to
2823 3666 66 22 other
2908 3673 74 15 conces-

2433 3700 59 22 sions
2510 3699 65 22 made
2592 3699 30 28 by
2633 3698 39 22 the
2682 3697 162 26 Government,
2856 3697 28 21 he
2901 3696 49 22 said
2967 3696 28 22 he

2434 3737 46 15 was
2490 3728 116 30 surprised
2624 3731 23 20 to
2664 3728 53 22 hear
2727 3726 98 30 Captain
2836 3726 90 23 Russell
2936 3728 59 20 state

2434 3760 63 22 there
2508 3759 80 23 should
2599 3766 28 15 no
2638 3758 139 22 concessions
2795 3757 35 23 till
2842 3757 38 22 the
2891 3756 104 30 railways

2433 3790 53 31 paid
2498 3790 38 23 the
2546 3791 96 22 interest
2653 3795 26 17 on
2693 3788 38 23 the
2741 3790 49 21 cost
2804 3787 23 23 of
2841 3787 154 23 construction

2433 3822 44 21 and
2488 3821 103 29 working
2601 3827 114 21 expenses.
2747 3819 60 22 That
2816 3826 45 14 was
2871 3826 42 14 one
2924 3818 23 22 of
2957 3818 38 22 the

2432 3852 81 28 planks
2531 3852 22 21 of
2567 3852 39 21 the
2623 3850 133 28 Opposition
2777 3852 76 24 party,
2873 3848 53 26 and,
2944 3848 52 21 that

2433 3881 66 28 being
2510 3880 39 22 the
2560 3887 56 20 <?a3e,
2630 3887 45 14 was
2691 3879 19 21 it
2724 3878 71 29 likely
2807 3878 54 28 they
2873 3877 73 22 would
2957 3879 39 27 get

2433 3920 13 15 a
2456 3911 107 31 majority
2573 3913 25 21 at
2609 3909 38 25 the
2658 3909 88 30 coming
2753 3908 108 24 elections
2869 3909 8 23 ?
2899 3907 96 31 Captain

2434 3942 88 23 Russell
2544 3942 44 22 had
2608 3940 76 23 stated
2705 3940 52 23 that
2777 3940 38 22 the
2833 3940 119 21 Advances
2972 3942 23 19 to

2433 3973 96 23 Settlers
2540 3973 45 21 Act
2595 3970 75 23 would
2687 3972 41 20 not
2741 3970 28 21 be
2785 3970 34 21 for
2830 3970 38 21 the
2879 3968 84 23 benefit
2974 3968 22 23 of

2433 4003 39 23 the
2482 4003 80 28 colony
2572 4010 6 19 ;
2593 4001 43 23 but
2654 4000 39 23 the
2709 4000 48 22 fact
2771 4007 47 15 was
2834 3999 52 22 that
2896 4000 45 21 Act
2952 3999 43 22 had

2433 4033 56 22 been
2506 4033 39 22 the
2560 4031 167 28 emancipation
2745 4029 22 23 of
2783 4029 125 23 thousands
2922 4029 24 23 of
2955 4036 41 16 our

2433 4064 51 22 best
2494 4063 115 27 colonists,
2621 4062 50 22 who
2682 4061 45 22 had
2737 4060 56 22 been
2804 4060 23 22 in
2839 4060 38 22 the
2888 4067 76 21 power
2974 4060 22 21 of

2434 4093 179 30 money-lenders
2633 4092 44 22 and
2698 4091 44 22 had
2762 4094 25 19 to
2804 4098 45 22 pay
2866 4090 130 22 exorbitant

2433 4127 60 20 rates
2504 4125 22 22 of
2536 4125 103 22 interest.
2670 4121 64 31 They
2745 4121 74 23 would
2830 4120 110 31 probably
2950 4120 46 23 like

2433 4163 50 16 now
2494 4158 24 21 to
2532 4155 53 23 hear
2595 4153 128 29 something
2733 4152 24 24 of

2552 4199 48 15 THE
2614 4196 163 18 GOVERNMENT
2791 4195 91 17 POLICY.

2434 4223 47 22 The
2492 4223 154 23 Government
2656 4229 58 15 were
2729 4221 105 29 carrying
2850 4228 28 15 on
2890 4227 12 15 a
2913 4219 84 23 careful

2434 4253 45 22 and
2510 4253 112 29 judicious
2646 4251 192 26 administration,
2864 4250 55 29 they
2939 4256 58 16 were

2435 4283 107 28 reducing
2552 4283 157 28 expenditure,
2721 4281 43 22 and
2775 4281 83 29 during
2878 4280 59 22 their
2948 4279 49 23 first

2434 4320 54 22 year
2506 4313 21 22 of
2543 4312 63 23 uffice
2624 4312 54 30 they
2690 4312 44 22 had
2753 4311 96 23 reduced
2867 4310 20 23 it
2904 4310 30 30 by
2944 4317 53 16 over

2435 4344 116 27 150,000.
2601 4343 37 22 He
2662 4342 131 30 challenged
2826 4342 38 22 the
2890 4340 107 24 bitterest

2434 4377 115 26 opponent
2568 4373 23 22 of
2605 4374 40 21 the
2662 4373 155 22 Government
2834 4374 24 20 to
2875 4371 65 29 point
2957 4373 40 20 out

2434 4411 44 21 any
2489 4403 109 31 impurity
2616 4403 22 22 in
2659 4403 61 22 their
2739 4402 190 22 administration.
2961 4401 36 22 He

2434 4434 111 23 defended
2563 4437 24 20 at
2605 4432 153 25 considerable
2776 4432 78 30 length
2872 4432 39 23 the
2921 4432 76 23 action

2434 4465 23 21 of
2473 4465 38 21 the
2526 4465 154 22 Government
2695 4463 129 28 respecting
2841 4462 39 21 the
2897 4462 100 28 banking

2434 4495 135 28 legislation,
2589 4493 44 23 and
2651 4492 48 23 said
2718 4492 39 23 the
2768 4491 90 23 Liberal
2874 4495 68 26 party
2953 4492 44 22 had

2434 4524 112 30 suddenly
2563 4524 56 23 been
2637 4523 72 23 called
2725 4530 61 22 upon
2803 4524 24 21 to
2843 4525 97 27 prevent
2960 4523 37 22 the

2435 4555 64 23 Bank
2510 4556 22 22 of
2547 4554 57 24 New
2615 4554 98 23 Zealand
2728 4554 57 22 from
2796 4553 84 29 closing
2891 4554 30 22 its
2932 4553 65 23 doors

2434 4585 59 22 after
2510 4585 18 21 it
2549 4584 44 22 had
2611 4584 55 21 been
2685 4583 98 28 dragged
2801 4584 23 20 in
2842 4584 39 20 the
2897 4584 56 21 mire
2963 4584 34 21 for

2434 4620 65 21 years
2533 4613 30 28 by
2593 4613 40 21 the
2666 4612 179 22 Conservatives.
2900 4611 96 30 Captain

2436 4643 89 23 Russell
2535 4642 44 23 had
2590 4641 48 24 told
2659 4641 62 24 them
2732 4641 28 23 he
2770 4640 107 31 accepted
2888 4641 34 23 his
2932 4641 65 23 share

2434 4674 24 22 of
2473 4674 38 22 the
2528 4672 170 30 responsibility
2715 4672 35 22 for
2767 4672 40 22 the
2824 4672 45 22 Act
2886 4672 23 22 of
2934 4673 61 27 1895,

2434 4703 110 30 although
2560 4704 27 21 he
2607 4702 45 23 had
2671 4702 95 22 differed
2786 4702 57 22 from
2861 4702 62 22 what
2942 4702 55 29 they

2499 4734 57 22 done
2575 4733 24 23 in
2620 4733 60 23 1894.
2727 4732 136 29 Respecting
2887 4732 40 22 the
2951 4732 46 23 late

2434 4764 101 24 Colonial
2566 4764 129 27 Treasurer,
2730 4763 56 29 they
2815 4763 44 22 had
2890 4770 53 15 seen
2974 4763 23 22 in

2436 4795 38 23 the
2503 4795 45 22 last
2576 4794 44 23 few
2649 4793 56 30 days
2735 4793 52 22 that
2815 4792 96 23 another
2939 4799 43 16 com-

2434 4825 91 30 plexion
2554 4824 127 31 altogether
2720 4823 45 23 had
2803 4823 56 23 been
2897 4827 42 26 put
2968 4831 28 15 on

2436 4857 38 21 the
2505 4858 49 20 oats
2586 4855 148 27 transaction,
2762 4854 45 22 and
2838 4855 29 21 he
2896 4853 99 22 asserted

2435 4886 52 23 that
2506 4886 38 23 Mr
2561 4885 72 24 Ward
2650 4885 45 23 had
2711 4885 58 22 done
2786 4891 24 16 as
2827 4883 67 23 much
2910 4883 23 22 in
2951 4883 45 22 this

2436 4919 83 20 matter
2535 4924 24 14 as
2576 4924 44 21 any
2638 4924 57 14 man.
2734 4915 63 29 They
2814 4914 44 22 had
2875 4921 52 15 seen
2945 4913 52 22 that

2435 4946 75 31 Judge
2522 4947 112 22 Williams
2651 4945 44 23 had
2714 4944 89 24 refused
2819 4949 23 17 to
2860 4944 88 21 dismiss
2960 4942 36 23 Mr

2436 4977 87 29 Vigers.
2555 4977 36 22 He
2601 4977 47 27 (Mr
2659 4976 80 28 Ward)
2751 4975 99 29 thought
2864 4974 19 22 it
2897 4981 45 15 was
2952 4973 44 22 bad

2436 5008 87 29 enough
2535 5008 51 23 that
2596 5007 38 23 Mr
2646 5006 70 23 Ward
2734 5006 81 23 should
2832 5005 57 22 have
2899 5003 96 23 suffered

2436 5045 23 15 so
2469 5038 110 29 severely,
2588 5038 42 22 but
2640 5045 67 20 every
2716 5035 146 24 fair-minded
2873 5041 50 16 man
2935 5037 61 19 must

2436 5075 49 15 now
2500 5068 72 22 admit
2584 5068 51 22 that
2646 5067 37 23 Mr
2695 5066 89 22 Ward's
2794 5065 75 30 public
2880 5064 116 22 character

2436 5106 45 15 was
2492 5098 156 30 undoubtedly
2657 5096 119 24 unsullied.
2808 5095 36 23 He
2852 5093 81 24 denied
2945 5093 51 23 that

2438 5129 37 22 the
2485 5129 155 22 Government
2656 5128 90 22 refused
2763 5130 23 19 to
2803 5125 87 23 furnish
2906 5127 90 19 returns

2436 5158 70 23 asked
2516 5159 42 28 for,
2570 5158 43 24 but
2623 5156 140 32 complained
2773 5156 51 23 that
2831 5154 64 23 when
2906 5156 89 20 returns

2436 5196 58 16 were
2513 5190 67 29 given
2606 5190 54 29 they
2681 5196 58 15 were
2758 5184 188 31 misrepresented
2965 5184 30 28 by

2437 5219 58 22 their
2520 5222 132 26 opponents.
2694 5219 35 21 He
2751 5216 113 23 admitted
2885 5216 51 21 that
2956 5214 39 22 the

2436 5248 104 23 Customs
2551 5256 97 16 revenue
2657 5255 45 16 was
2713 5246 114 24 increased
2838 5245 29 29 by
2875 5244 116 27 102,000,

2437 5278 41 23 but
2488 5280 96 27 85,000
2594 5279 23 24 of
2627 5279 46 23 this
2683 5278 93 22 amount
2784 5283 45 15 was
2839 5275 58 22 from
2905 5272 90 24 articles

2436 5316 68 16 never
2519 5310 98 22 touched
2627 5312 25 20 at
2666 5309 30 21 all
2709 5308 29 27 by
2749 5307 39 21 the
2803 5306 45 21 last
2859 5303 66 23 tariff.
2958 5302 35 22 He

2436 5346 45 15 was
2492 5339 52 30 glad
2555 5344 24 19 to
2589 5347 36 16 see
2643 5339 39 23 the
2699 5337 104 24 Customs
2815 5334 43 22 had
2870 5332 121 27 increased,

2436 5375 24 16 as
2474 5369 21 22 it
2513 5370 92 22 showed
2624 5368 118 27 returning
2761 5365 135 29 prosperity,
2917 5363 43 21 but
2975 5362 19 20 it

2436 5406 45 16 was
2492 5402 40 22 not
2542 5400 44 24 fair
2595 5400 35 23 for
2645 5399 60 23 their
2719 5396 125 31 opponents
2855 5396 23 20 to
2888 5399 40 23 say
2939 5391 54 29 they

2436 5431 44 22 had
2501 5432 67 21 taxed
2593 5432 39 21 the
2656 5428 133 24 necessaries
2814 5425 22 22 of
2860 5424 45 22 life.
2946 5422 47 23 The

2435 5460 154 22 Government
2609 5460 44 21 had
2673 5459 65 27 given
2753 5455 138 23 concessions
2911 5455 23 19 to
2954 5452 39 21 the

2435 5490 79 22 extent
2538 5489 23 23 of
2585 5488 103 28 IB,OOO,
2713 5485 45 24 and
2782 5483 96 27 34,030
2901 5481 22 22 of
2948 5480 45 22 this

2436 5526 45 17 was
2505 5520 23 23 in
2553 5522 37 21 tea
2614 5520 71 26 alone,
2706 5525 24 15 so
2751 5516 50 23 that
2819 5513 18 24 if
2861 5512 55 29 they
2935 5517 57 16 were

2435 5553 41 20 not
2485 5550 40 23 the
2540 5550 86 23 friends
2643 5549 23 23 of
2681 5549 39 22 the
2737 5546 70 24 ladies
2823 5544 54 28 they
2887 5542 71 29 ought
2968 5543 24 20 to

2435 5579 34 24 be.
2500 5580 36 23 He
2547 5580 110 23 defended
2673 5579 34 22 his
2722 5577 74 23 action
2814 5575 22 22 in
2853 5573 85 30 joining
2954 5571 37 22 the

2435 5610 182 28 Anglo-German
2636 5608 129 30 Syndicate.
2796 5605 37 22 He
2848 5601 44 25 had
2909 5602 82 26 always

2434 5639 95 23 claimed
2549 5638 126 24 individual
2694 5637 91 28 liberty,
2803 5633 44 24 and
2865 5633 27 22 he
2911 5632 80 21 should

2435 5671 40 22 not
2494 5670 85 23 remain
2599 5669 74 24 Prime
2694 5667 105 24 Minister
2816 5671 41 16 one
2874 5662 44 30 day
2929 5661 18 24 if
2964 5661 27 22 he

2434 5700 66 23 could
2511 5703 40 20 not
2558 5701 73 22 retain
2641 5700 53 22 that
2702 5699 91 27 liberty.
2815 5695 55 23 This
2878 5690 112 29 Advisory

2434 5728 75 25 Board
2523 5730 70 23 asked
2610 5730 35 23 for
2661 5737 29 15 no
2707 5726 138 25 concessions
2861 5726 25 20 at
2902 5723 36 23 all.
2969 5721 22 23 If

2434 5759 53 25 that
2496 5767 58 19 were
2564 5761 41 25 not
2617 5767 24 18 bo
2657 5760 28 24 he
2701 5756 81 26 should
2798 5755 56 24 have
2864 5753 95 30 nothing
2967 5753 23 22 to

3023 162 29 21 do
3063 162 56 22 with
3130 162 25 22 it.
3187 162 35 23 He
3234 171 45 14 was
3290 171 12 14 a
3308 165 100 22 member
3415 166 23 21 of
3449 166 38 22 the
3498 166 81 28 Board,

3023 192 44 23 aud
3078 192 44 23 had
3133 195 24 20 to
3168 197 75 26 report
3254 194 55 22 with
3327 195 65 23 other
3402 195 109 25 directors
3521 205 59 22 upon

3022 223 40 23 the
3072 223 129 30 legitimacy
3212 225 22 21 of
3252 232 44 21 any
3311 226 65 22 mine.
3408 226 22 23 If
3447 227 132 29 legitimate,

3022 254 28 21 he
3060 253 93 22 advised
3171 255 39 20 the
3227 255 74 20 Board
3319 256 22 20 in
3360 256 92 22 London
3472 258 51 21 that
3542 258 39 21 the

3021 286 109 27 property
3141 283 73 29 might
3224 283 27 22 be
3261 284 171 23 underwritten.
3459 286 34 29 By
3502 287 79 29 taking

3022 314 46 22 this
3079 314 98 28 position
3189 314 26 21 he
3226 314 43 22 had
3285 314 54 22 been
3357 315 50 22 able
3423 321 22 16 to
3460 317 68 21 assist
3542 317 39 22 the

3022 344 70 22 mines
3112 343 23 22 of
3154 343 39 22 the
3213 343 80 29 colony
3310 344 43 22 and
3372 349 24 17 to
3412 348 90 26 protect
3520 347 61 21 them

3022 374 57 23 from
3095 373 70 30 bogus
3182 375 133 27 companies.
3354 374 60 23 That
3434 375 66 30 being
3514 383 25 15 so
3554 376 27 23 he

3022 404 52 23 held
3085 405 28 21 he
3124 404 44 21 had
3179 404 55 22 been
3245 404 23 21 of
3285 407 65 25 great
3367 406 121 21 assistance
3504 408 23 20 to
3543 407 38 21 the

3021 434 86 28 mining
3118 433 113 29 industry,
3243 434 73 21 which
3328 434 44 22 had
3387 434 56 22 been
3454 435 22 21 of
3494 436 75 22 univer-

3021 466 32 20 sal
3064 462 84 24 benefit
3165 466 24 19 to
3200 463 38 23 the
3249 463 86 29 colony.
3367 463 120 31 Referring
3504 468 23 19 to
3543 465 39 23 the

3021 495 84 29 raising
3115 493 23 24 of
3148 493 39 24 the
3198 493 85 23 million
3301 493 58 29 loan,
3373 494 27 23 he
3417 494 110 24 defended
3542 496 39 23 the

3020 525 155 23 Government
3194 525 23 21 in
3237 524 123 30 extending
3382 526 86 21 certain
3488 526 93 30 railway

3022 556 64 27 lines,
3099 555 135 28 developing
3245 555 38 21 the
3293 562 93 22 scenery
3396 556 23 21 of
3436 556 39 22 the
3492 556 87 29 colony,

3022 585 54 23 road
3102 585 99 28 making,
3227 587 53 24 etc.,
3306 585 45 21 and
3385 585 27 22 he
3437 585 69 23 asked
3531 587 50 21 how

3023 615 45 23 this
3088 615 65 22 could
3175 618 26 19 be
3221 614 57 23 done
3298 615 98 23 without
3416 622 86 24 money.
3534 616 47 23 The

3020 646 134 30 Opposition
3184 646 44 22 had
3259 646 47 23 told
3335 646 62 23 them
3422 646 54 30 they
3500 648 81 22 should

3021 680 110 25 postpone
3158 676 61 22 their
3246 676 52 22 loan
3327 676 116 29 proposals
3467 677 36 22 till
3527 681 55 19 next

3020 707 92 26 session,
3143 705 42 23 but
3208 705 40 23 the
3272 705 154 25 Government
3454 707 66 23 knew
3544 711 37 19 too

3022 736 65 23 much
3105 736 35 23 for
3157 736 59 28 that,
3234 743 23 16 as
3275 736 55 30 they
3348 736 74 23 would
3442 736 27 24 be
3485 738 96 29 charged

3022 768 56 22 with
3088 767 67 30 being
3165 766 73 24 afraid
3250 770 23 20 to
3281 768 40 22 ask
3332 767 35 23 for
3377 775 14 15 a
3400 768 59 28 loan,
3471 768 110 30 although

3022 798 54 29 they
3108 798 45 22 had
3182 800 89 27 twenty
3295 798 23 22 of
3349 806 12 14 a
3386 799 113 28 majority.
3546 799 35 22 He

3020 828 101 22 asserted
3137 828 52 22 that
3206 828 75 22 before
3295 828 39 22 the
3351 828 40 22 ink
3407 836 45 14 was
3467 829 43 28 dry
3525 829 56 22 with

3021 858 73 23 which
3106 858 38 23 the
3155 858 116 23 Governor
3280 858 78 30 signed
3370 858 38 23 the
3420 858 60 23 Loan
3487 858 44 23 Bill
3543 859 38 23 the

3022 889 132 30 Opposition
3187 889 108 22 members
3326 896 58 16 were
3415 889 113 31 knocking
3556 893 25 21 at

3022 920 123 23 Ministers'
3156 919 66 24 doors
3232 919 136 31 demanding
3378 928 60 15 some
3448 920 23 23 of
3481 921 39 23 the
3530 921 49 23 loan

3022 958 87 22 money,
3121 950 45 23 and
3176 955 40 24 yet
3227 951 63 21 these
3301 958 53 21 very
3366 958 49 14 men
3426 951 68 29 posed
3505 952 75 22 before

3022 981 38 23 the
3078 984 96 27 country
3186 987 23 16 as
3227 980 66 31 being
3309 980 90 31 against
3413 988 45 23 any
3468 980 57 25 loan.
3556 981 25 24 It

3021 1019 46 16 was
3087 1012 39 23 the
3146 1011 113 24 inteution
3278 1011 24 23 of
3321 1013 39 22 the
3379 1011 153 25 Government
3556 1017 24 19 to

3021 1043 57 21 raise
3090 1042 47 21 half
3147 1049 13 14 a
3170 1042 87 22 million
3267 1042 23 22 of
3305 1049 79 21 money
3395 1043 23 21 in
3434 1043 40 21 the
3491 1043 87 28 colony,

3020 1071 45 23 and
3085 1072 28 21 he
3133 1071 101 22 believed
3255 1072 54 27 they
3330 1072 74 22 would
3424 1071 27 24 be
3472 1072 38 23 the
3530 1072 51 23 first

3020 1102 154 23 Government
3184 1102 23 22 in
3219 1102 55 23 New
3285 1102 97 23 Zealand
3400 1102 51 23 that
3462 1103 44 22 had
3522 1103 57 23 done

3021 1133 52 23 this.
3106 1133 36 23 He
3152 1133 110 23 defended
3272 1133 38 23 the
3317 1133 75 31 policy
3400 1134 23 23 of
3433 1133 39 24 the
3480 1133 85 25 Govern-

3021 1167 62 20 ment
3093 1164 98 30 relating
3206 1167 24 20 to
3248 1164 64 24 State
3329 1164 40 23 fire
3386 1165 125 27 insurance,
3530 1173 37 22 pro-

3020 1195 79 29 viding
3118 1194 133 23 workmen's
3271 1195 83 27 homes,
3376 1195 39 22 the
3433 1195 86 23 Master
3535 1196 44 22 and

3020 1224 138 30 Apprentice
3168 1224 52 28 Bill,
3232 1224 44 22 and
3287 1225 48 22 said
3351 1225 52 22 that
3419 1225 22 22 in
3453 1225 55 23 New
3526 1225 39 22 Zea-

3020 1255 52 23 land
3092 1255 64 23 there
3176 1262 58 16 were
3254 1257 25 22 at
3296 1257 90 27 present
3402 1262 53 16 over
3471 1256 42 23 400
3523 1255 54 30 boys

3020 1286 44 22 and
3074 1286 54 29 girls
3139 1286 102 29 working
3255 1286 35 23 for
3308 1290 94 19 masters
3418 1286 50 22 who
3484 1294 37 15 arc
3537 1290 41 19 not

3020 1316 112 28 receiving
3151 1323 12 14 a
3183 1316 70 28 single
3273 1323 74 21 penny
3367 1316 67 29 piece.
3466 1316 47 22 The
3534 1318 45 20 Act

3020 1345 98 28 brought
3141 1345 24 22 in
3194 1345 29 29 by
3248 1345 153 23 Government
3426 1346 43 22 last
3493 1346 84 22 session

3019 1375 109 30 provided
3146 1375 52 23 that
3219 1382 68 21 every
3307 1375 44 30 boy
3372 1384 24 14 or
3420 1377 43 29 girl
3485 1384 24 14 so
3534 1384 29 14 em-

3020 1405 80 30 ployed
3116 1410 61 19 must
3198 1406 27 22 be
3240 1405 53 30 paid
3316 1413 72 23 wages
3410 1406 44 23 and
3475 1409 61 21 must
3551 1407 26 22 be

3020 1437 81 24 taught
3126 1437 60 21 their
3207 1436 82 21 trades.
3330 1436 47 22 The
3398 1438 73 21 action
3494 1438 22 20 of
3540 1438 38 21 the

3022 1465 135 29 Legislative
3193 1465 93 22 Council
3321 1466 65 22 made
3414 1467 19 22 it
3461 1474 117 20 necessary

3020 1495 52 23 that
3095 1496 93 22 reforms
3212 1495 80 23 should
3317 1495 53 23 take
3393 1496 63 30 place
3480 1497 23 22 in
3528 1497 51 22 that

3020 1526 67 28 body,
3104 1525 44 22 and
3165 1526 19 21 it
3201 1529 61 18 must
3278 1525 26 22 be
3320 1526 97 30 brought
3434 1535 30 21 up
3483 1530 23 19 to
3516 1527 59 22 date.

3020 1556 47 22 The
3075 1555 38 22 life
3122 1554 109 23 members
3238 1556 23 21 of
3269 1556 38 21 the
3315 1556 92 23 Council
3414 1557 81 22 should
3502 1558 28 21 be
3537 1560 42 27 put

3020 1593 28 14 on
3074 1585 39 21 the
3137 1592 59 14 same
3220 1585 87 30 footing
3332 1594 23 14 as
3380 1587 63 21 those
3467 1588 50 21 who
3542 1594 37 15 are

3021 1615 123 29 appointed
3162 1615 35 21 for
3212 1622 67 15 seven
3297 1623 71 22 years,
3386 1617 45 22 and
3451 1617 22 21 in
3492 1624 48 15 case
3556 1617 23 22 of

3022 1645 102 29 disputes
3135 1645 83 29 arising
3234 1645 101 23 between
3354 1646 38 23 the
3408 1650 45 19 two
3464 1647 88 23 Houses
3567 1655 12 14 a

3021 1675 142 23 referendum
3182 1676 23 21 of
3229 1683 59 16 some
3309 1676 54 23 kind
3384 1685 45 14 was
3453 1685 123 22 necessary.

3021 1706 48 21 The
3093 1706 154 21 Government
3278 1706 108 22 intended
3410 1711 24 17 to
3458 1707 84 22 submit
3567 1715 12 14 a

3022 1735 82 23 reform
3121 1735 23 22 of
3161 1735 39 22 the
3217 1735 93 23 Council
3327 1738 23 20 to
3361 1736 39 22 the
3415 1737 79 29 people
3504 1737 22 22 of
3541 1737 38 22 the

3022 1765 79 30 colony
3112 1768 25 20 at
3147 1765 39 22 the
3196 1766 87 29 coming
3299 1766 101 23 election.
3432 1766 35 23 He
3478 1767 101 30 strongly

3021 1796 111 23 defended
3144 1796 39 23 the
3200 1796 118 23 Advances
3336 1799 24 20 to
3378 1796 95 24 Settlers
3483 1798 94 28 scheme,

3023 1827 80 26 whieh,
3122 1827 27 21 he
3165 1826 56 27 said,
3240 1834 46 14 was
3297 1827 38 21 the
3350 1834 76 15 means
3436 1828 23 22 of
3474 1828 106 27 reducing

3022 1857 39 21 the
3081 1859 48 19 rate
3149 1857 23 20 of
3191 1857 96 21 interest
3307 1860 23 18 to
3347 1858 38 20 the
3404 1857 79 28 people
3500 1858 23 21 of
3543 1858 38 21 the

3022 1885 79 31 colony
3121 1885 30 30 by
3170 1886 14 21 2
3203 1893 40 22 per
3262 1888 69 26 cent.,
3353 1886 42 22 and
3416 1886 64 23 when
3496 1887 30 22 all
3542 1887 39 22 the

3023 1924 79 22 money
3114 1916 72 23 raised
3205 1924 45 15 was
3267 1917 48 22 lent
3325 1920 40 19 out
3375 1918 19 21 it
3404 1918 74 22 would
3490 1925 62 15 mean
3568 1926 13 14 a

3022 1947 69 30 profit
3108 1950 22 19 to
3150 1947 39 22 the
3205 1947 78 29 colony
3295 1947 22 22 of
3333 1948 82 26 B,OOO
3430 1955 25 15 or
3471 1949 81 26 9,000
3568 1956 13 14 a

3022 1984 59 23 year.
3119 1977 103 29 Directly
3239 1977 44 23 and
3300 1977 120 29 indirectly
3439 1978 38 22 the
3495 1978 87 22 scheme

3022 2007 75 23 would
3107 2007 27 22 be
3145 2015 13 14 a
3168 2008 78 28 saving
3255 2010 23 19 to
3287 2008 38 21 the
3334 2008 79 28 colony
3421 2008 22 22 of
3450 2008 132 28 1,200,000

3022 2045 13 15 a
3045 2045 60 22 year.
3137 2037 36 23 He
3184 2038 54 22 then
3250 2038 97 22 referred
3360 2040 22 20 to
3394 2038 38 22 the
3443 2045 67 22 usury
3519 2045 50 22 ques-

3022 2069 57 28 tion,
3098 2068 44 24 and
3159 2068 101 30 severely
3278 2068 89 23 blamed
3385 2068 38 24 the
3441 2068 92 24 Council
3548 2068 34 24 for

3022 2100 110 28 rejecting
3157 2100 39 21 the
3220 2099 45 22 Bill
3289 2099 90 29 dealing
3403 2100 56 21 with
3483 2100 25 21 it.
3547 2099 36 22 He

3023 2130 81 22 denied
3125 2130 51 21 that
3195 2137 44 21 any
3257 2130 123 28 insecurity
3396 2129 23 22 of
3439 2132 79 19 tenure
3538 2137 45 14 was

3022 2160 82 22 caused
3115 2160 29 28 by
3155 2160 39 22 the
3205 2160 53 22 laud
3276 2160 34 22 for
3327 2160 132 22 settlement
3468 2160 115 29 proposals

3023 2191 23 22 of
3062 2190 39 23 the
3118 2190 161 28 Government,
3297 2190 43 22 and
3359 2189 48 23 said
3427 2190 19 22 it
3466 2198 45 14 was
3530 2189 53 30 only

3024 2221 62 23 there
3098 2221 74 22 where
3190 2220 63 24 there
3271 2228 46 15 was
3333 2228 68 22 grave
3412 2220 105 30 injustice
3530 2220 52 23 that

3023 2259 44 22 any
3078 2252 123 26 insecurity
3211 2251 113 23 occurred.
3363 2251 47 22 The
3427 2252 155 22 Government

3024 2289 58 15 were
3102 2281 87 23 flooded
3209 2281 57 23 with
3286 2281 149 30 applications
3455 2281 30 30 by
3505 2281 79 29 people

3024 2313 50 21 who
3085 2311 90 23 wanted
3187 2311 62 23 them
3261 2314 23 19 to
3300 2311 110 30 purchase
3420 2311 60 22 their
3490 2314 92 24 estates,

3023 2341 43 23 but
3085 2342 38 22 the
3143 2342 61 29 price
3229 2342 54 29 they
3303 2341 69 22 asked
3393 2348 45 15 was
3457 2348 125 20 enormous,

3022 2373 94 22 because
3146 2372 127 30 applicants
3302 2372 99 29 thought
3430 2372 54 29 they
3509 2372 75 22 would

3023 2403 57 30 spoil
3105 2403 39 23 the
3172 2403 96 28 scheme,
3297 2403 44 23 and
3372 2403 27 22 he
3427 2402 70 23 asked
3521 2402 63 23 them

3023 2434 103 23 whether
3155 2434 23 22 in
3217 2433 78 29 taking
3331 2441 53 15 over
3413 2433 39 22 the
3483 2433 101 22 Woburn

3023 2464 81 22 Estate
3114 2464 39 23 the
3164 2464 154 23 Government
3328 2471 57 14 were
3396 2463 68 29 doing
3474 2464 111 28 anything

3024 2494 85 25 unjust.
3141 2494 36 22 He
3187 2494 100 22 asserted
3299 2494 52 22 that
3361 2494 46 22 this
3417 2494 88 21 scheme
3513 2493 22 22 of
3546 2493 39 22 the

3023 2524 154 24 Government
3184 2523 75 24 wouH
3267 2523 26 24 be
3302 2524 38 23 the
3349 2523 92 30 making
3448 2523 22 23 of
3478 2523 107 23 Hawke's

3023 2555 56 29 Bay,
3092 2555 43 22 and
3146 2562 29 15 no
3193 2555 105 29 injustice
3309 2555 74 22 would
3394 2555 27 22 be
3432 2555 57 22 done
3508 2557 22 20 to
3547 2554 38 22 the

3023 2593 86 15 owners
3120 2586 23 22 of
3163 2586 63 22 these
3241 2588 91 20 estates.
3363 2585 24 23 It
3402 2593 45 15 was
3457 2593 14 14 a
3481 2582 103 33 question

3024 2617 102 23 whether
3142 2617 54 29 they
3208 2624 58 15 were
3276 2619 24 20 to
3311 2617 57 22 have
3384 2624 13 14 a
3412 2616 75 30 policy
3498 2616 22 22 of
3535 2623 37 23 pro-

3022 2655 62 21 gress
3095 2648 23 21 in
3129 2648 39 21 the
3179 2648 83 25 future,
3274 2655 25 14 or
3309 2647 103 22 whether
3426 2647 55 28 they
3492 2654 58 14 were
3561 2649 23 19 to

3023 2680 51 26 stay
3085 2677 47 22 still
3143 2676 44 23 and
3198 2680 40 19 not
3249 2676 59 23 alter
3318 2676 40 23 the
3373 2676 103 29 opinions
3488 2676 51 22 held
3550 2676 35 22 for

3024 2707 38 23 the
3073 2706 45 23 last
3133 2709 87 27 twenty
3231 2714 71 23 years.

3051 2737 47 24 The
3109 2737 101 23 Premier
3219 2737 70 30 spoke
3300 2737 35 23 for
3345 2737 77 30 nearly
3434 2737 63 23 three
3506 2736 74 24 hours.

3022 2768 28 23 In
3060 2768 64 30 reply
3135 2771 24 20 to
3170 2770 123 28 questions,
3304 2768 37 22 Mr
3348 2768 88 23 Seddon
3448 2767 48 22 said
3508 2767 27 22 he
3543 2767 39 22 did

3022 2802 40 19 not
3073 2799 66 22 think
3151 2800 39 21 the
3201 2799 99 28 banking
3312 2799 90 28 inquiry
3413 2805 45 14 was
3476 2805 12 14 a
3506 2797 72 22 fraud.

3022 2829 47 22 The
3079 2828 155 22 Government
3245 2835 57 15 were
3313 2828 141 27 considering
3470 2828 37 21 the
3518 2834 51 21 ques-

3022 2859 47 21 tion
3086 2859 23 21 of
3128 2858 132 27 connecting
3273 2857 84 28 Napier
3367 2857 43 21 and
3427 2856 108 22 Gisborne
3552 2856 29 27 by

3022 2895 74 13 means
3107 2888 23 19 of
3145 2894 12 13 a
3168 2887 58 26 light
3243 2887 100 26 railway,
3356 2886 42 20 but
3413 2886 27 19 lie
3457 2885 80 20 should
3554 2885 25 19 be

3020 2922 54 20 very
3086 2915 84 21 careful
3181 2915 75 21 before
3266 2914 142 28 committing
3419 2913 38 22 the
3468 2913 79 28 colony
3556 2915 23 20 to

3020 2944 61 23 fresh
3092 2944 93 29 railway
3196 2943 155 30 expenditure.

3048 2974 38 22 Mr
3096 2974 27 22 R.
3135 2974 22 22 J.
3172 2974 95 22 Roberts
3278 2972 110 31 proposed
3399 2973 51 22 that
3460 2973 46 22 this
3513 2974 54 21 meet-

3020 3005 38 30 ing
3069 3011 51 24 pass
3131 3012 12 15 a
3153 3007 52 21 vote
3216 3004 22 23 of
3255 3003 84 24 thanks
3349 3006 24 20 to
3384 3003 38 23 the
3433 3003 99 23 Premier
3547 3003 34 23 for

3021 3036 34 22 his
3064 3036 134 22 instructive
3209 3035 100 27 address,
3321 3035 44 22 and
3375 3035 103 28 strongly
3488 3041 91 22 express

3022 3066 120 21 continued
3149 3065 127 22 confidence
3287 3066 22 20 in
3321 3065 39 21 the
3368 3064 73 29 policy
3448 3065 24 20 of
3482 3064 39 21 the
3532 3071 36 21 pre-

3020 3095 214 23 -BentGovernment.
3252 3094 36 22 Mr
3293 3094 121 29 C.Hughes
3422 3093 111 23 seconded
3541 3093 38 22 the

3021 3126 93 25 motion,
3124 3125 43 21 and
3179 3125 38 21 the
3227 3125 120 21 Chairman
3358 3123 102 23 declared
3469 3124 19 21 it
3496 3123 86 21 carried

3021 3155 30 29 by
3076 3162 12 15 a
3113 3162 54 21 very
3187 3154 61 30 large
3267 3154 114 29 majority.
3413 3153 47 23 The
3485 3153 98 30 meeting

3021 3186 74 23 closed
3106 3186 56 23 with
3173 3186 63 23 three
3247 3185 76 24 cheers
3333 3184 35 24 for
3379 3184 37 23 Mr
3427 3183 96 24 Seddon.

3022 3252 75 26 THE
3121 3252 124 26 CHEAP
3269 3250 132 27 MONEY
3422 3250 155 26 SCHEME.

3138 3331 59 22 Who
3345 3331 92 28 writing
3456 3332 24 20 to
3500 3337 41 14 one
3561 3329 22 22 of

3023 3368 39 24 the
3086 3368 112 23 Taranaki
3223 3375 88 23 papers,
3333 3367 99 23 declares
3452 3366 39 23 the
3506 3365 77 24 modus

3022 3405 107 29 operandi
3148 3405 23 21 of
3190 3405 39 21 the
3249 3404 145 29 department
3413 3405 24 20 to
3457 3403 27 21 be
3502 3410 23 14 as
3543 3402 30 22 fol-

3023 3442 54 22 lows
3089 3442 4 22 :

3051 3482 47 22 The
3108 3482 81 22 settler
3199 3482 19 22 is
3229 3481 48 23 told
3289 3481 51 23 that
3350 3480 30 23 all
3391 3480 28 22 he
3430 3479 46 24 will
3487 3480 57 21 have
3559 3481 24 20 to

3023 3520 45 23 pay
3079 3513 18 22 is
3110 3514 12 22 5
3139 3520 40 22 per
3197 3515 57 19 cent,
3268 3512 95 22 interest
3378 3511 45 22 and
3443 3511 9 21 1
3469 3517 39 23 per
3523 3512 57 20 cent,

3023 3544 92 28 sinking
3124 3543 64 26 fund,
3201 3543 43 21 and
3262 3543 51 21 that
3330 3543 27 20 he
3373 3549 41 14 can
3432 3544 25 19 at
3474 3548 44 21 any
3530 3541 54 21 time

3023 3581 44 21 pay
3089 3573 33 22 off
3142 3573 39 22 the
3205 3572 111 29 principal
3340 3579 49 14 sum
3413 3570 117 22 borrowed
3554 3570 30 28 by

3023 3603 143 23 instalments
3186 3602 23 23 of
3232 3603 45 22 lO
3297 3610 25 14 or
3342 3601 111 29 upwards.
3494 3600 22 23 If
3540 3607 44 22 any

3023 3634 129 29 intelligent
3171 3640 80 23 person
3269 3633 45 22 will
3335 3632 54 23 take
3405 3631 39 23 the
3462 3631 88 23 trouble
3561 3633 23 20 to

3023 3664 53 23 read
3096 3664 40 23 the
3153 3664 46 22 Act
3216 3663 70 22 under
3302 3663 74 22 which
3391 3662 64 22 these
3469 3662 62 21 loans
3547 3668 37 15 are

3023 3694 95 30 granted
3134 3694 27 23 he
3176 3694 47 22 will
3240 3693 46 22 find
3304 3693 59 26 that,
3375 3699 60 22 upon
3453 3692 54 22 such
3523 3697 61 16 sums

3023 3732 25 15 as
3058 3732 51 22 may
3119 3724 28 22 be
3164 3724 57 22 from
3239 3724 54 22 time
3309 3725 24 20 to
3349 3723 55 21 time
3421 3722 53 28 paid
3491 3721 37 28 off,
3545 3721 39 22 the

3023 3755 113 23 borrower
3152 3755 17 22 is
3187 3754 52 29 only
3255 3753 94 23 allowed
3366 3754 14 20 4
3397 3760 40 22 per
3454 3754 58 20 cent,
3525 3751 60 23 until

3024 3786 39 23 the
3082 3784 53 24 final
3155 3786 108 28 payment
3282 3784 19 22 is
3321 3783 71 27 made,
3410 3790 23 15 so
3453 3783 52 22 that
3524 3789 60 23 upon

3023 3824 68 21 every
3112 3817 45 21 lO
3176 3815 53 29 paid
3248 3814 33 23 off
3303 3814 27 23 he
3350 3814 57 23 loses
3432 3814 11 22 1
3463 3821 40 21 per
3523 3815 58 20 cent,

3024 3849 34 24 (or
3078 3850 45 18 two
3148 3846 111 27 shillings)
3283 3852 40 21 per
3347 3851 91 19 annum,
3464 3842 81 28 which,
3562 3842 23 22 of

3024 3884 85 19 course,
3135 3875 111 22 increases
3270 3875 39 22 the
3337 3874 95 22 interest
3456 3879 60 22 upon
3546 3871 38 23 the

3023 3906 94 24 balance
3142 3910 23 19 to
3190 3912 61 17 more
3274 3904 56 24 than
3355 3905 13 23 5
3392 3911 40 23 per
3456 3906 58 20 cent.
3552 3903 32 22 Aa

3024 3946 29 14 an
3077 3937 110 29 example,
3213 3937 33 22 let
3269 3944 26 14 us
3320 3936 54 22 take
3398 3936 39 22 the
3460 3941 49 16 case
3529 3934 22 22 of
3571 3941 13 15 a

3025 3976 51 14 man
3086 3968 50 22 who
3152 3967 99 22 borrows
3269 3967 89 26 I,OOO,
3377 3972 60 22 upon
3455 3964 73 22 which
3546 3964 38 22 the

3024 3998 84 23 annual
3131 3997 96 23 interest
3250 3999 26 20 at
3299 3997 13 22 5
3336 4003 40 22 per
3399 3999 58 19 cent,
3480 3996 104 20 amounts

3025 4031 23 20 to
3059 4029 53 27 SO,
3124 4028 44 22 and
3178 4030 25 20 at
3213 4027 39 22 the
3270 4026 43 23 end
3331 4026 22 23 of
3371 4028 87 26 twenty
3477 4031 65 23 years
3557 4024 28 22 he

3025 4059 40 22 has
3074 4058 54 30 paid
3138 4058 32 22 off
3178 4058 59 22 SOO
3247 4065 6 19 ;
3270 4057 38 22 the
3329 4058 10 20 1
3360 4063 40 22 per
3417 4059 58 18 cent,
3495 4054 90 29 sinking

3025 4089 56 23 fund
3092 4089 34 22 for
3138 4091 87 24 twenty
3243 4094 65 23 years
3318 4094 28 15 on
3363 4087 39 22 the
3420 4085 82 28 I,OOO
3512 4092 72 15 comes

3025 4123 23 20 to
3059 4120 95 22 another
3164 4119 66 27 2OO,
3243 4117 43 23 and
3298 4118 38 22 the
3347 4117 96 22 interest
3452 4115 94 23 accrued
3557 4122 28 16 on

3027 4151 38 23 the
3081 4149 136 25 last-named
3236 4149 58 23 2OO
3312 4148 46 24 will
3375 4155 62 16 come
3455 4149 23 22 to
3494 4150 25 20 at
3529 4146 56 24 least

3025 4183 96 22 another
3141 4182 50 22 lO.
3233 4180 29 23 So
3282 4180 52 23 that
3354 4179 38 23 the
3411 4179 113 23 borrower
3538 4177 47 23 will

3025 4212 71 30 really
3107 4212 70 29 really
3189 4212 57 22 have
3261 4211 53 27 paid
3324 4210 32 23 off
3368 4210 66 27 7lO,
3453 4209 89 29 leaving
3557 4216 27 15 an

3026 4243 84 29 unpaid
3121 4242 92 23 balance
3222 4242 22 22 of
3255 4242 65 22 290.
3351 4240 159 26 Thenceforth,
3519 4240 63 25 then,

3025 4273 60 23 until
3096 4273 39 23 the
3145 4272 54 23 final
3214 4275 109 26 payment
3342 4271 18 22 is
3378 4270 72 27 made,
3464 4270 27 22 he
3502 4268 46 23 will
3559 4268 26 23 be

3025 4303 95 23 allowed
3131 4304 13 21 4
3154 4310 40 22 per
3204 4306 58 18 cent,
3281 4309 28 15 on
3326 4301 40 23 the
3383 4301 59 23 SOO
3458 4299 53 30 paid
3529 4299 56 22 off

3025 4335 52 27 viz.,
3091 4334 44 23 2O
3154 4341 40 22 per
3214 4340 91 20 annum,
3317 4332 44 22 and
3377 4331 48 23 still
3443 4331 26 22 be
3489 4329 96 30 charged

3026 4365 39 22 the
3076 4366 12 21 5
3098 4372 41 21 per
3149 4366 59 20 cent,
3220 4371 29 14 on
3258 4363 38 22 the
3307 4363 82 27 I,OO0
3392 4362 77 26 viz.,
3483 4361 50 22 SO.
3564 4359 21 22 If

3026 4402 34 15 we
3070 4394 85 22 deduct
3165 4393 39 23 the
3215 4393 45 23 2O
3269 4393 58 22 from
3338 4392 38 22 the
3387 4392 45 22 SO
3450 4398 33 14 we
3500 4390 57 22 have
3572 4397 13 14 a

3026 4425 93 24 balance
3128 4425 23 23 of
3162 4425 45 24 3O
3217 4432 40 22 per
3267 4431 83 15 annum
3361 4423 95 22 interest
3466 4424 24 20 to
3500 4420 27 23 be
3535 4419 49 23 still

3026 4457 61 28 paid,
3099 4456 110 28 although
3229 4455 52 27 only
3301 4454 58 23 290
3379 4453 22 22 of
3421 4452 38 23 the
3476 4451 109 29 principal

3027 4493 49 15 sum
3086 4486 97 22 remains
3199 4484 92 30 unpaid,
3303 4491 25 16 or
3345 4482 99 30 actually
3458 4481 127 29 something

3026 4523 61 16 more
3098 4517 55 21 than
3166 4517 26 21 10
3208 4522 39 24 per
3265 4517 58 21 cent,
3343 4521 40 24 per
3400 4520 83 16 annum
3498 4512 35 22 for
3543 4511 39 23 the

3027 4546 126 24 remainder
3162 4546 24 23 of
3197 4547 39 22 the
3248 4550 63 19 term.

3054 4577 47 23 The
3118 4577 155 23 Government
3289 4577 61 21 touts
3367 4574 44 23 and
3428 4574 39 22 the
3477 4571 106 23 members

3026 4607 23 21 of
3059 4607 39 21 the
3109 4606 90 22 Seddon
3210 4606 108 27 Ministry
3329 4611 68 15 never
3407 4603 42 21 tire
3460 4602 22 20 of
3499 4600 71 21 declar-

3026 4636 38 29 ing
3082 4636 52 23 that
3145 4636 38 23 the
3194 4635 123 23 borrowers
3335 4633 71 22 under
3416 4632 50 22 that
3477 4631 45 21 Act
3532 4627 51 29 only

3026 4674 44 20 pay
3080 4667 14 22 5
3104 4674 39 21 per
3153 4669 58 19 cent,
3225 4673 39 20 per
3274 4671 82 14 annum
3374 4669 58 20 upon
3445 4660 57 21 their
3513 4659 67 21 loans.

3026 4695 12 24 I
3054 4697 46 22 will
3119 4703 51 15 now
3187 4695 50 29 give
3252 4700 44 23 you
3314 4692 39 22 the
3367 4691 66 22 exact
3447 4688 80 28 figures
3537 4687 22 20 in
3570 4693 12 14 a

3026 4734 50 15 case
3094 4726 73 23 which
3185 4725 39 22 has
3240 4730 61 16 come
3318 4720 70 24 under
3399 4726 36 22 my
3446 4717 87 23 notice:
3548 4715 33 23 On

3026 4758 39 21 the
3084 4758 34 21 Ist
3134 4756 65 28 July,
3219 4754 60 26 1895,
3296 4760 13 14 a
3326 4750 85 24 certain
3430 4747 79 23 settler
3533 4746 36 21 bor-

3026 4786 74 22 rowed
3118 4786 58 22 3OO
3186 4793 6 19 ;
3207 4791 29 14 on
3254 4784 35 21 Ist
3298 4782 109 25 January,
3421 4779 59 24 1896,
3493 4777 26 21 he
3529 4777 52 24 paid

3025 4817 31 24 7
3082 4817 36 23 10s
3138 4817 101 24 interest,
3261 4812 44 23 and
3324 4819 28 14 on
3378 4810 34 22 Ist
3430 4807 63 29 July,

3025 4848 95 21 another
3131 4847 29 22 7
3172 4847 37 20 10s
3219 4844 108 24 interest;
3342 4840 44 23 and
3400 4838 83 28 having
3493 4836 88 29 applied

3026 4880 23 19 to
3068 4876 28 22 be
3112 4874 93 23 allowed
3224 4876 23 19 to
3264 4879 43 23 pay
3324 4871 31 22 off
3371 4870 38 22 the
3425 4869 113 26 mortgage
3554 4866 27 20 he

3025 4906 100 23 received
3137 4905 81 27 notice,
3230 4902 68 23 dated
3315 4901 51 22 16th
3383 4899 63 29 July,
3459 4897 59 25 1896,
3531 4895 50 22 that

3025 4937 27 22 he
3070 4935 66 24 could
3153 4935 28 22 do
3199 4941 23 15 so
3240 4940 58 21 upon
3316 4932 107 28 payment
3432 4928 23 22 of
3472 4934 12 15 a
3494 4926 87 22 further

3025 4974 48 15 sum
3084 4966 34 23 for
3129 4966 96 22 interest
3235 4963 22 23 of
3268 4963 29 23 7
3308 4963 23 21 8s
3342 4960 36 28 6d,
3390 4958 90 28 making
3491 4963 12 14 a
3514 4956 64 25 total,

3019 4997 41 29 for
3070 4997 86 22 interest
3166 4995 58 27 only,
3236 4993 23 22 of
3270 4993 43 22 22
3324 4993 23 20 8s
3357 4990 28 23 6d
3393 4996 28 15 on
3432 4988 38 22 the
3478 4986 58 22 3OO
3545 4985 35 21 for

3018 5017 1 38 i
3024 5035 41 14 one
3075 5033 54 22 year
3139 5025 44 22 and
3197 5024 76 22 fifteen
3285 5022 62 28 days,
3359 5028 24 14 or
3392 5017 125 27 something
3526 5021 53 15 over

3025 5058 12 22 7
3061 5064 40 21 per
3120 5059 58 18 cent,
3200 5061 40 21 per
3254 5059 89 15 annum.
3374 5050 26 21 In
3421 5047 76 29 giving
3518 5046 61 20 these

3024 5087 81 28 figures
3134 5084 96 29 nothing
3258 5082 18 22 is
3305 5078 102 25 included
3437 5076 34 23 for
3504 5075 61 21 valua-

3025 5118 55 26 tion,
3097 5118 48 20 cost
3164 5115 22 21 of
3206 5115 121 26 mortgage,
3344 5108 114 27 discharge
3473 5106 23 21 of
3510 5111 53 35 mort-

3024 5153 62 19 gage,
3110 5143 143 29 registration
3273 5141 52 26 fees,
3346 5138 43 22 and
3408 5144 12 14 a
3440 5137 34 21 fee
3496 5137 23 19 to
3540 5137 38 17 the

3023 5176 153 23 Government
3200 5172 117 23 Advances
3345 5172 22 19 to
3393 5165 93 25 Settlers
3510 5162 66 24 Office

3023 5207 35 22 for
3085 5207 38 22 the
3154 5203 107 30 privilege
3285 5201 24 21 of
3336 5198 83 30 paying
3442 5196 37 26 off,
3505 5196 71 20 which

3025 5235 93 22 totalled
3129 5241 30 20 up
3171 5236 23 18 to
3204 5233 69 20 about
3284 5231 30 21 4
3327 5230 35 20 103
3379 5233 67 19 more,
3458 5232 24 14 or
3499 5224 76 26 nearly

3025 5266 22 23 H
3059 5272 40 22 per
3109 5266 56 19 cent.
3198 5261 54 22 This
3265 5266 58 20 man,
3336 5256 117 26 therefore,
3465 5253 51 30 pa,id
3527 5254 47 26 just

3023 5296 69 20 about
3108 5295 26 21 8i
3152 5299 40 22 per
3208 5294 57 19 cent,
3279 5297 39 21 per
3335 5294 82 15 annum
3428 5285 33 23 for
3472 5283 33 23 his
3516 5283 57 25 loan,

3022 5324 44 22 and
3077 5324 38 22 the
3125 5322 153 22 Government
3287 5321 39 27 got
3337 5318 11 23 7
3360 5324 38 22 per
3405 5317 56 20 cent,
3472 5314 100 24 interest,

3022 5354 86 22 besides
3127 5351 85 28 sundry
3232 5350 50 22 fees.
3324 5348 32 21 At
3380 5346 45 23 this
3450 5346 48 20 rate
3521 5342 54 28 they

3022 5382 79 25 should
3121 5388 53 16 soon
3195 5379 64 23 make
3279 5384 29 23 up
3328 5377 39 22 the
3387 5376 71 26 heavy
3478 5373 43 21 loss
3541 5378 21 14 in-

3021 5413 78 25 curred
3117 5419 59 22 upon
3193 5410 37 23 the
3245 5409 49 22 first
3304 5414 54 23 year
3367 5405 44 23 and
3421 5403 70 24 a-half
3502 5403 56 21 work-

3021 5445 38 26 ing
3076 5444 22 20 of
3116 5443 38 20 the
3171 5442 52 24 Act,
3235 5440 42 20 but
3292 5442 25 17 at
3334 5438 38 20 the
3390 5441 94 22 expense
3494 5433 23 21 of
3534 5433 39 21 the

3021 5479 54 23 poor
3091 5471 90 21 settlers
3199 5468 50 22 who
3266 5473 37 14 are
3318 5464 75 30 gulled
3412 5465 28 26 by
3451 5463 39 20 the
3500 5468 38 21 cry
3550 5461 23 21 of

3021 5503 69 28 cheap
3101 5506 85 23 money.

3727 168 26 26 A
3771 168 131 27 LIVING
3922 170 125 27 FOSSIL.

3638 230 115 23 Professor
3770 231 80 29 Denny
3867 233 99 29 recently
3983 242 55 20 gave
4053 242 12 14 a
4076 234 74 22 demon-

3610 261 96 20 stration
3724 263 24 19 to
3765 261 35 21 his
3817 262 104 22 students
3939 266 25 18 at
3982 263 65 23 Firth
4066 264 97 29 College,

3610 289 113 28 Sheffield,
3742 290 112 30 England,
3872 291 23 23 of
3911 299 12 15 a
3941 299 54 22 very
4009 293 94 23 unusual
4121 293 43 23 and

3610 320 134 29 interesting
3760 324 88 24 nature,
3866 329 51 21 says
3933 322 38 22 the
3992 323 172 23 Westminster

3610 349 110 22 Gazette.'
3752 350 111 30 Amongst
3887 352 38 21 the
3949 355 58 19 most
4030 354 90 22 ancient
4142 353 22 23 of

3610 380 94 22 animals
3720 380 48 23 still
3787 380 128 31 inhabiting
3933 389 41 16 our
3992 382 77 30 planet
4087 384 19 22 is
4125 384 39 22 the

3609 410 106 21 so-called
3733 411 53 21 mud
3796 411 41 21 fish
3848 412 170 29 (Protopterus)
4028 413 23 21 of
4060 414 104 22 Africa

3610 446 13 14 a
3633 442 102 19 creature
3746 441 87 28 worthy
3843 441 24 22 of
3876 449 40 14 our
3932 446 94 25 respect,
4038 442 18 23 if
4071 442 53 28 only
4141 443 22 22 in

3610 469 164 23 consideration
3793 470 23 22 of
3835 470 29 23 its
3881 475 51 19 vast
3951 472 122 30 antiquity,
4092 472 72 23 which

3610 498 64 24 dates
3698 500 34 23 far
3758 500 57 23 back
3835 501 22 22 in
3878 501 38 23 the
3935 502 61 29 early
4013 510 51 23 ages
4083 503 23 23 of
4125 503 39 23 the

3610 529 77 23 world.
3718 530 29 22 Of
3757 531 93 28 popular
3861 531 101 29 interest,
3974 533 38 23 the
4024 536 58 20 most
4096 533 56 23 strik-

3610 560 38 29 ing
3662 560 87 22 feature
3764 561 23 22 of
3800 561 38 22 the
3848 561 53 23 mud
3911 562 42 22 fish
3963 563 19 22 is
3992 563 39 22 the
4040 564 124 29 possession

3610 590 23 21 of
3650 590 64 29 lungs
3727 597 23 15 as
3760 590 50 22 well
3821 599 23 14 as
3859 592 57 28 gills.
3947 592 34 23 On
3996 593 39 22 the
4051 594 112 29 approach

3610 619 23 23 of
3650 620 38 23 the
3706 620 42 30 dry
3762 628 85 22 season,
3864 623 22 21 in
3901 622 30 23 its
3946 622 88 24 natural
4050 623 82 24 haunts
4141 624 23 23 in

3610 650 91 23 Central
3717 651 84 28 Africa,
3820 653 39 22 the
3876 653 53 23 mud
3944 653 41 23 fish
4000 654 92 23 hollows
4102 658 39 19 out
4151 662 13 15 a

3610 681 103 22 chamber
3723 682 23 21 in
3756 682 61 28 mud,
3834 683 44 22 and
3893 684 74 21 enters
3982 690 59 19 upon
4058 691 13 15 a
4087 684 77 29 period

3610 710 23 23 of
3647 714 46 19 rest
3702 712 122 30 extending
3834 720 53 15 over
3897 721 66 22 many
3974 714 97 28 moijths,
4083 712 81 32 during

3610 741 73 23 which
3699 742 54 22 time
3770 743 19 23 it
3805 743 17 23 is
3841 743 96 24 without
3954 752 72 15 access
4044 747 24 21 to
4084 748 78 25 water,

3610 771 43 23 and
3671 772 103 24 breathes
3791 774 33 22 air
3840 775 59 29 only.
3932 775 74 23 While
4022 775 23 23 in
4062 775 39 24 the
4111 775 53 23 mud

3610 803 62 22 these
3688 803 65 22 fishes
3771 811 51 22 may
3841 804 27 23 be
3887 804 45 30 dug
3951 812 38 22 up,
4010 806 44 22 and
4073 806 91 22 survive

3608 839 56 16 even
3683 833 59 22 after
3760 841 13 15 a
3791 834 94 30 journey
3904 842 73 16 across
3996 836 39 22 the
4051 836 70 22 world
4141 836 23 22 in

3609 863 38 23 the
3657 863 42 30 dry
3710 864 68 23 statd.
3810 864 114 24 Professor
3940 865 78 30 Denny
4033 865 102 24 received
4151 873 13 15 a

3608 894 64 23 short
3687 895 53 22 time
3751 902 40 23 ago
3801 903 42 15 one
3853 896 23 22 of
3887 896 61 23 these
3958 897 53 22 mud
4022 896 83 23 blocks.
4137 895 27 24 In

3608 924 39 23 the
3658 933 103 21 presence
3772 926 22 23 of
3805 927 38 22 the
3853 927 104 23 students
3972 928 39 22 the
4026 927 56 23 hard
4099 926 65 23 block

3609 962 45 15 was
3668 956 78 28 placed
3761 956 23 21 in
3800 963 68 15 warm
3883 961 77 23 water,
3975 957 45 21 and
4030 957 59 21 after
4098 957 66 28 being

3609 985 53 23 thus
3672 985 96 30 exposed
3779 985 34 24 for
3823 986 77 30 nearly
3910 989 45 21 two
3973 986 67 24 hours
4058 986 38 24 the
4113 985 50 29 fish,

3608 1016 73 23 which
3698 1020 60 19 went
3768 1019 24 20 to
3802 1017 60 29 sleep
3872 1018 23 22 in
3906 1018 95 28 tropical
4012 1018 77 21 Africa
4099 1024 65 21 many

3609 1046 90 21 months
3709 1053 48 21 ago,
3770 1046 77 22 awoke
3857 1046 44 22 and
3913 1053 60 15 came
3983 1046 61 23 forth
4062 1046 57 23 from
4135 1047 29 22 its

3610 1077 127 28 temporary
3754 1076 117 29 sepulchre
3887 1078 24 20 to
3926 1075 45 23 find
3982 1076 61 23 itself
4053 1076 22 23 in
4086 1083 13 15 a
4109 1076 55 23 bath

3608 1105 23 23 of
3642 1109 38 28 tap
3692 1109 69 20 water
3772 1107 22 22 in
3810 1106 38 24 the
3864 1106 117 31 biological
3996 1107 128 30 laboratory
4141 1106 23 24 of

3607 1137 66 24 Firth
3693 1137 97 31 College,
3811 1138 74 23 where
3900 1138 20 23 it
3936 1138 19 23 is
3971 1145 50 16 now
4036 1138 66 28 alive,
4120 1138 44 23 and

3608 1168 115 23 doubtless
3733 1168 82 30 happy.

3642 1222 81 26 MEN
3742 1222 87 26 WHO
3848 1222 101 26 RULE
3970 1222 153 26 FRANCE.

3634 1285 126 29 According
3771 1288 23 19 to
3805 1293 12 14 a
3835 1285 76 22 writer
3928 1285 24 22 in
3969 1285 39 22 the
4026 1285 5 12 '
4040 1284 50 22 Pall
4105 1283 56 22 Mall

3606 1314 108 23 Gazette'
3729 1315 63 21 there
3807 1321 38 14 are
3864 1317 24 19 at
3905 1316 91 26 present
4012 1316 45 20 two
4073 1320 50 15 men
4139 1313 23 22 in

3607 1344 39 22 the
3673 1343 86 23 French
3786 1343 83 29 capital
3895 1344 51 21 who
3970 1344 56 20 have
4054 1342 109 23 ambition

3607 1374 44 22 and
3671 1373 81 30 ability
3768 1373 88 29 enough
3876 1375 24 19 to
3921 1379 61 22 Bway
4001 1372 38 22 the
4055 1371 108 23 destinies

3607 1405 22 22 of
3651 1404 84 23 France
3760 1403 17 23 if
3805 1410 53 15 ever
3882 1402 39 23 the
3944 1405 91 26 present
4054 1401 110 31 Republio

3607 1435 80 22 should
3702 1436 51 27 give
3777 1441 51 21 way
3852 1436 24 19 to
3901 1441 12 14 a
3933 1432 124 23 Socialistic
4076 1432 84 29 regimi.

3607 1464 60 23 Both
3678 1472 50 14 men
3745 1464 56 22 have
3821 1464 59 21 risen
3900 1462 57 23 from
3977 1462 39 22 the
4033 1462 75 27 ranks,
4121 1461 44 23 and

3607 1502 81 23 among
3698 1494 39 24 the
3748 1500 81 16 masses
3848 1493 39 23 the
3901 1492 109 23 influence
4030 1492 22 22 of
4071 1491 54 23 both
4146 1491 19 23 is

3607 1533 28 14 on
3656 1525 39 22 the
3714 1525 105 22 increase.
3860 1523 68 22 Their
3948 1529 76 15 names
4039 1529 37 15 are
4095 1521 54 23 Alex-

3607 1555 69 22 andre
3694 1554 120 23 Millerand
3831 1552 45 23 and
3890 1552 65 23 Jules
3972 1551 96 23 Guesde.
4106 1551 59 22 Both

3607 1593 37 14 are
3664 1585 109 21 members
3790 1584 24 22 of
3831 1584 38 21 the
3887 1582 111 23 Chamber
4012 1581 23 22 of
4050 1581 116 29 Deputies,

3608 1615 44 22 and
3668 1615 55 23 both
3741 1622 37 14 are
3794 1612 93 24 avowed
3904 1612 123 27 Socialists,
4043 1611 43 22 but
4101 1615 66 24 apart

3607 1646 57 22 from
3685 1645 52 28 this,
3764 1644 44 23 and
3834 1643 39 24 the
3897 1643 47 23 fact
3969 1643 51 22 that
4045 1641 38 23 the
4106 1648 61 16 same

3608 1676 108 23 ambition
3727 1676 109 21 animates
3847 1674 61 27 each,
3920 1674 20 22 it
3949 1672 75 23 would
4035 1672 27 23 be
4072 1671 96 23 difficult

3608 1708 23 20 to
3649 1706 45 22 find
3709 1712 49 15 men
3777 1712 60 14 more
3853 1704 86 28 utterly
3955 1702 84 23 unlike.
4071 1701 82 22 Accord-

3608 1736 39 29 ing
3657 1739 23 19 to
3691 1735 39 23 the
3742 1736 6 11 1
3757 1735 49 23 Pall
3819 1733 54 23 Mall
3888 1733 107 24 Gazette'
4011 1732 39 23 the
4068 1733 100 21 contrast

3608 1766 100 23 between
3729 1766 62 23 them
3806 1765 18 23 is
3841 1764 64 30 quite
3921 1764 102 30 piquant.
4061 1761 32 24 M.
4116 1761 39 23 Mil-

3608 1796 77 23 lerand
3716 1797 40 22 has
3785 1804 29 15 an
3843 1794 161 31 emphatically
4035 1799 132 25 prosperous

3608 1827 41 26 air,
3675 1834 24 14 as
3722 1827 23 22 of
3773 1834 41 14 one
3845 1826 50 22 who
3927 1825 59 22 fares
4010 1822 158 31 sumptuously

3608 1864 68 20 every
3700 1857 44 28 day
3768 1856 23 22 of
3815 1856 35 21 his
3873 1855 40 21 life
3937 1854 43 22 and
4005 1854 73 28 sleeps
4102 1852 50 22 well
4163 1860 6 18 ;

3609 1886 99 22 whereas
3725 1886 31 22 M.
3779 1885 89 23 Guesde
3883 1884 64 23 looks
3966 1892 24 14 as
4005 1884 18 23 if
4038 1883 28 23 he
4087 1881 80 29 hardly

3610 1916 65 23 knew
3686 1916 39 23 the
3739 1917 104 29 meaning
3860 1916 22 23 of
3899 1916 83 29 having
3998 1915 64 29 quite
4080 1913 89 30 enough

3610 1949 24 20 to
3644 1949 44 24 eat,
3701 1947 43 21 and
3756 1947 77 28 passed
3848 1947 35 21 his
3898 1946 76 29 nights
3992 1952 60 16 more
4068 1944 62 22 often
4141 1951 28 14 on

3613 1976 39 23 Les
3667 1976 120 30 Remparts
3803 1977 55 23 than
3876 1977 23 22 in
3916 1984 14 14 a
3948 1975 48 23 bed.
4029 1975 31 23 M.
4084 1973 73 24 Miller-

3610 2006 52 27 and,
3674 2014 23 15 as
3708 2006 65 23 befits
3783 2014 13 15 a
3806 2014 51 15 man
3872 2006 50 23 who
3933 2006 18 22 is
3962 2005 92 29 looking
4070 2002 99 25 forward

3611 2039 23 20 to
3645 2036 53 30 high
3709 2036 68 28 office,
3790 2036 56 30 buys
3856 2036 35 23 his
3901 2038 62 21 coats
3973 2038 25 21 at
4007 2043 14 15 a
4031 2034 139 24 fashionable

3612 2067 84 23 tailor's
3706 2076 5 19 ;
3728 2067 30 23 M.
3772 2067 95 29 Guesde,
3878 2075 28 15 on
3918 2067 39 23 the
3968 2070 113 25 contrary,
4094 2064 75 24 would

3611 2099 79 28 regard
3709 2099 20 21 it
3746 2106 23 14 as
3789 2106 27 14 an
3836 2099 70 21 insult
3924 2100 23 20 to
3967 2098 35 22 his
4021 2097 108 22 audience
4145 2097 24 21 to

3611 2135 82 22 appear
3713 2129 22 21 in
3755 2128 125 22 well-made
3899 2128 92 22 clothes.
4029 2127 32 22 M.
4084 2125 73 23 Miller-

3612 2158 61 22 and's
3698 2166 98 19 manner,
3820 2158 63 22 when
3904 2158 27 22 he
3951 2158 97 26 chooses,
4068 2157 19 22 is
4106 2156 64 30 quite

3612 2189 109 29 exquisite
3732 2189 22 22 in
3765 2189 29 22 its
3805 2191 111 26 courtesy,
3935 2188 30 23 its
3982 2187 124 28 deference,
4125 2184 45 24 and

3612 2219 75 29 gentle
3697 2219 184 29 persuasiveness.
3913 2219 31 22 As
3960 2219 35 22 for
4004 2217 97 28 Guesde,
4113 2217 57 23 with

3613 2250 42 22 bad
3670 2257 102 15 manners
3792 2250 27 22 he
3838 2257 61 15 came
3916 2250 48 21 into
3981 2249 40 22 the
4036 2248 71 23 world
4125 2247 45 23 and

3612 2280 56 22 with
3679 2280 43 21 bad
3733 2287 102 15 manners
3850 2280 28 22 he
3895 2280 47 21 will
3959 2287 27 21 go
4004 2281 46 20 out.
4082 2277 73 23 Miller-

3612 2310 44 21 and
3667 2309 60 23 talks
3738 2316 59 15 more
3813 2309 55 22 than
3883 2309 28 22 he
3928 2309 86 27 thinks,
4031 2307 44 23 and
4086 2307 85 22 excites

3613 2340 76 21 rather
3699 2339 55 22 than
3765 2339 115 22 convinces
3890 2347 5 20 ;
3911 2339 89 22 Guesde
4017 2337 78 24 thinks
4111 2344 61 16 more

3614 2370 54 23 than
3679 2370 27 22 he
3717 2370 67 28 talks,
3797 2370 42 22 and
3850 2370 91 29 appeals
3958 2373 24 19 to
3998 2368 70 23 men's
4085 2368 84 26 brains,

3613 2404 40 20 not
3670 2401 60 23 their
3749 2400 98 30 feelings.
3879 2400 48 23 The
3942 2407 42 15 one
4001 2400 39 22 has
4056 2407 13 15 a
4085 2398 87 31 perfect

3613 2432 78 29 genius
3702 2431 34 23 for
3746 2431 89 30 cutting
3845 2431 35 22 his
3890 2433 51 20 coat
3958 2434 24 20 to
3999 2430 46 23 suit
4055 2430 35 22 his
4100 2429 70 28 cloth,

3614 2462 44 22 and
3670 2460 23 29 ha
3705 2460 12 29 3
3729 2460 58 29 never
3797 2469 13 14 a
3821 2461 71 22 doubt
3909 2461 52 22 that
3977 2460 120 29 principles
4114 2466 58 15 were

3614 2491 64 23 made
3696 2495 24 18 to
3739 2491 27 22 be
3786 2490 114 23 sacrificed
3918 2492 23 21 to
3958 2490 153 29 expediency;
4133 2489 40 22 the

3613 2522 73 27 other,
3713 2521 109 27 however,
3843 2520 68 23 views
3931 2520 38 23 life
3989 2520 56 23 from
4065 2527 13 15 a
4097 2518 76 24 loftier

3614 2553 140 29 standpoint,
3772 2552 43 22 aud
3840 2551 75 23 would
3934 2551 77 23 rather
4035 2551 27 22 be
4086 2549 86 23 burned

3614 2584 58 21 alive
3682 2583 55 22 than
3748 2582 119 23 surrender
3877 2589 55 15 even
3939 2589 13 15 a
3960 2581 87 29 theory.
4079 2580 27 23 In
4114 2580 59 30 spite

3614 2614 22 23 of
3657 2614 59 22 their
3739 2613 92 23 avowed
3852 2612 114 24 Socialism
3991 2612 44 23 and
4059 2610 113 24 altruistic

3614 2644 128 30 principles,
3759 2644 20 22 it
3794 2645 19 21 is
3830 2643 48 22 said
3897 2644 51 21 that
3965 2643 38 22 the
4021 2646 45 18 two
4076 2641 96 23 distrust

3614 2675 53 21 each
3687 2674 66 22 other
3772 2673 143 29 profoundly,
3937 2672 44 22 and
4001 2672 73 22 either
4088 2671 43 23 feel
4147 2678 25 15 or

3613 2704 60 30 feign
3685 2704 38 23 the
3734 2706 58 20 most
3809 2702 189 30 thorough-going
4012 2703 116 28 contempt
4137 2701 35 22 for

3612 2739 54 19 each
3683 2734 82 24 other's
3784 2734 61 29 gifts.
3888 2732 73 24 When
3977 2732 31 24 M.
4031 2730 139 25 Millerand's

3612 2766 104 29 speeches
3736 2772 37 15 are
3791 2763 134 30 applauded,
3947 2763 31 23 M.
4000 2763 89 23 Guesde
4106 2762 63 22 Bniffs

3612 2796 55 21 with
3687 2803 71 19 scorn,
3780 2795 43 21 and
3843 2794 102 21 wonders
3965 2794 50 21 how
4032 2793 78 29 people
4127 2800 42 14 can

3612 2825 94 22 tolerate
3723 2824 54 22 such
3797 2824 109 28 claptrap.
3938 2822 128 27 Millerand,
4085 2829 28 14 on
4129 2821 38 22 the

3610 2855 64 21 other
3694 2854 67 24 hand,
3783 2853 84 27 always
3885 2846 80 28 listens
3986 2855 22 18 to
4026 2851 31 22 M.
4077 2850 88 23 Guesde

3609 2883 54 20 with
3674 2889 27 13 an
3714 2882 117 27 indulgent
3841 2882 70 23 smile,
3922 2881 72 19 which
4002 2880 85 26 plainly
4097 2885 50 21 says
4157 2887 6 12 :

3634 2911 35 22 He
3680 2911 18 21 is
3708 2910 67 28 doing
3792 2909 34 23 his
3841 2909 58 27 best,
3910 2915 55 22 poor
3979 2908 82 27 fellow,
4074 2908 41 22 but
4125 2907 38 22 the

3609 2943 76 20 orator
3700 2941 19 22 is
3736 2939 63 28 born,
3816 2941 40 21 not
3982 2938 33 23 At
4031 2939 98 28 present,
4141 2936 23 24 of

3609 2978 85 18 course,
3714 2970 66 22 while
3804 2969 32 22 M.
3862 2969 72 22 Faure
3958 2968 98 30 presides
4080 2974 53 15 over
4151 2974 14 15 a

3609 3000 101 31 peaceful
3729 2999 107 30 republic,
3857 2998 38 24 the
3915 2998 128 30 reputation
4063 2997 23 23 of
4109 2996 55 23 both

3610 3040 49 15 men
3671 3032 18 22 is
3699 3031 22 23 of
3732 3031 59 23 little
3800 3030 64 23 value
3874 3032 80 27 except
3961 3036 80 23 among
4051 3036 13 14 a
4074 3028 89 30 portion

3610 3063 23 21 of
3652 3063 39 20 the
3710 3068 97 19 masses;
3822 3061 39 21 the
3880 3060 80 21 classes
3979 3055 66 26 stand
4063 3057 100 28 severely

3610 3092 65 22 aloof.
3707 3090 46 23 But
3763 3090 38 23 the
3817 3089 99 30 rapidity
3927 3089 55 22 with
3997 3087 72 24 which
4080 3087 85 23 France

3611 3123 95 26 changes
3730 3122 30 21 its
3784 3120 56 22 form
3864 3120 23 21 of
3910 3120 146 28 government
4075 3118 18 22 is
4115 3124 36 22 pro-

3612 3151 91 28 verbial,
3724 3149 44 23 and
3793 3149 24 28 if,
3838 3156 23 15 as
3885 3149 18 22 is
3922 3150 41 21 not
3981 3147 125 30 altogether
4126 3153 26 16 un-

3610 3182 78 30 likely,
3715 3181 38 24 the
3777 3179 113 25 Socialists
3914 3186 51 16 ever
3989 3178 113 24 dominate
4127 3177 38 24 the

3612 3212 125 29 Assembly,
3763 3212 38 23 the
3825 3210 100 31 struggle
3948 3210 34 23 for
4006 3216 159 23 supremacy

3612 3252 23 15 so
3647 3243 38 23 the
3696 3244 6 11 '
3711 3242 48 23 Pall
3770 3241 69 23 Mall'
3851 3242 51 22 tells
3911 3240 100 23 uswill
4026 3240 28 23 be
4064 3240 101 22 between

3614 3274 29 23 M.
3671 3272 127 24 Alexandre
3822 3270 120 24 Millerand
3971 3271 44 22 and
4039 3270 32 23 M.
4102 3269 64 24 Jules

3612 3304 96 23 Guesde.

3641 3419 97 24 Medical
3763 3419 133 23 authorities
3921 3418 56 22 have
4001 3415 93 25 decided
4116 3415 51 23 that

3638 3450 46 30 golf
3694 3457 48 15 arm
3773 3450 18 21 is
3801 3457 13 14 a
3824 3449 85 22 disease
3923 3447 69 29 likely
4003 3450 23 19 to
4037 3454 60 15 come
4107 3452 59 23 upon

3613 3488 12 15 a
3635 3480 47 30 golf
3692 3480 78 30 player
3780 3482 24 19 at
3819 3485 45 23 any
3874 3480 104 20 moment.
4010 3476 69 30 Many
4095 3483 12 14 a
4121 3475 46 30 golf

3612 3511 79 30 player
3710 3510 40 22 has
3770 3510 55 22 been
3844 3508 107 23 attacked
3975 3507 30 30 by
4025 3507 39 23 the
4083 3506 84 23 disease

3613 3542 98 21 without
3721 3540 106 29 knowing
3837 3539 51 23 that
3898 3539 19 22 it
3924 3537 94 28 existed,
4028 3536 44 23 and
4083 3536 85 29 though

3613 3573 129 27 temporary
3753 3570 64 22 relief
3827 3576 51 21 may
3889 3569 56 21 have
3960 3567 54 23 been
4031 3566 43 23 had
4089 3567 19 21 it
4122 3566 18 22 is
4155 3572 13 15 a

3613 3601 103 30 question
3726 3602 40 28 yet
3784 3602 22 21 to
3822 3599 27 22 be
3860 3597 139 24 determined
4013 3596 101 23 whether
4128 3595 26 23 im-

3613 3639 81 23 proper
3709 3633 123 21 treatment
3847 3630 23 22 of
3886 3629 61 23 what
3965 3635 50 22 may
4030 3627 27 23 be
4072 3625 96 31 thought

3613 3665 23 20 to
3657 3663 26 21 be
3703 3661 84 29 merely
3806 3668 13 15 a
3838 3660 75 29 sprain
3934 3659 46 23 will
4000 3661 41 19 not
4062 3656 78 24 render
4154 3663 14 15 a

3613 3693 78 29 player
3715 3699 13 14 a
3752 3690 90 23 chronic
3866 3689 92 23 sufferer
3981 3689 57 22 from
4060 3687 38 23 the
4119 3692 49 16 new

3613 3723 92 21 disease.
3935 3720 19 21 is
3975 3725 28 15 an
4024 3717 107 22 infliction
4146 3715 22 22 of

3613 3753 38 22 the
3677 3751 170 30 musculospiral
3866 3757 75 20 nerve,
3962 3749 38 22 the
4020 3747 112 23 functions
4145 3746 23 23 of

3613 3783 73 23 which
3697 3790 37 15 are
3744 3780 122 25 interfered
3877 3780 56 23 with
3944 3779 70 23 under
4024 3777 84 24 certain
4118 3783 37 16 con-

3613 3814 84 23 ditions
3707 3813 52 22 that
3769 3812 57 23 have
3837 3812 54 22 been
3902 3810 69 23 found
3989 3812 23 20 to
4028 3816 65 15 occur
4108 3814 60 16 more

3613 3844 129 28 frequently
3769 3843 22 21 in
3816 3842 39 22 the
3879 3841 91 29 playing
3994 3839 23 22 of
4044 3838 46 29 golf
4114 3838 54 21 than

3613 3873 23 23 in
3661 3880 43 21 any
3725 3872 65 23 other
3811 3878 63 22 game
3896 3871 23 21 of
3939 3868 100 31 physical
4058 3866 108 24 exertioD,

3613 3903 47 24 The
3670 3903 112 24 attention
3798 3902 23 23 of
3836 3900 126 32 physicians
3973 3906 44 16 was
4032 3897 49 24 first
4098 3896 70 24 called

3614 3938 23 20 to
3657 3935 39 22 the
3716 3941 48 15 new
3784 3933 85 23 disease
3888 3932 30 28 by
3937 3931 39 23 the
3995 3929 131 29 complaints
4145 3927 23 23 of

3613 3965 89 29 regular
3712 3964 46 29 golf
3772 3964 95 28 players.
3905 3962 70 22 These
3985 3961 89 29 players
4084 3958 47 23 told
4146 3957 22 22 of

3613 3998 66 20 acute
3690 3996 62 28 pains
3763 3993 66 30 along
3840 3993 38 22 the
3888 3998 70 23 upper
3968 3993 52 27 part
4029 3989 23 23 of
4064 3989 38 22 the
4112 3995 54 15 arm.

3614 4025 90 24 Similar
3721 4024 64 30 pains
3803 4023 43 22 had
3864 4022 61 23 often
3943 4021 54 23 been
4015 4018 96 28 noticed,
4128 4018 40 22 but

3616 4063 56 15 were
3682 4054 98 30 thought
3791 4056 23 20 to
3825 4053 26 22 be
3863 4052 38 23 the
3912 4051 89 22 natural
4013 4049 70 23 result
4092 4049 23 22 of
4129 4055 26 15 un-

3614 4085 63 23 usual
3697 4084 103 24 exercise.
3846 4082 112 22 Members
3977 4080 22 23 of
4020 4080 38 23 the
4083 4077 83 24 British

3614 4116 97 23 Medical
3722 4115 88 28 Society
3821 4113 50 23 first
3887 4111 71 23 called
3975 4110 111 23 attention
4102 4111 23 20 to
4140 4108 26 27 it,

3615 4147 55 24 with
3681 4146 38 25 the
3730 4145 70 24 result
3816 4144 50 23 that
3876 4150 13 16 a
3904 4142 67 23 series
3982 4141 22 23 of
4018 4139 149 32 experiments

3614 4186 45 16 was
3669 4178 71 29 begun
3752 4184 28 15 on
3791 4176 38 23 the
3845 4174 46 30 golf
3905 4172 60 24 links
3977 4172 43 23 and
4038 4170 85 24 carried
4138 4177 28 14 on

3614 4213 24 19 to
3657 4217 13 14 a
3690 4206 149 25 considerable
3862 4205 85 22 extent.
3987 4202 47 23 The
4053 4201 69 29 styles
4144 4200 22 21 of

3614 4240 52 28 play
3686 4241 58 20 most
3764 4237 68 28 likely
3853 4237 23 20 to
3890 4233 97 30 produce

3615 4271 55 21 have
3688 4269 53 22 been
3757 4266 70 23 found
3844 4267 23 20 to
3884 4264 27 22 be
3921 4264 103 28 vigorous
4065 4260 100 29 pressing

3614 4299 43 23 and
3792 4295 79 27 which,
3883 4294 62 23 when
3963 4291 123 30 employed,
4104 4290 61 22 often

3614 4329 97 31 produce
3729 4337 12 14 a
3761 4325 86 32 painful
3866 4324 111 24 sensation
3997 4329 58 16 more
4074 4320 91 30 quickly

3615 4362 54 21 than
3679 4367 44 21 any
3734 4358 64 23 other
3808 4357 73 22 action
3892 4355 22 22 in
3925 4354 38 23 the
3973 4360 70 22 game.

3657 4418 112 29 STATE
3789 4415 87 29 FIRE
3896 4410 219 32 INSURANCE.

3642 4487 47 24 The
3705 4486 55 24 New
3778 4483 96 25 Zealand
3894 4483 64 24 State
3976 4481 51 23 Fire
4046 4480 119 23 Insurance

3614 4518 44 23 Bill
3670 4521 69 19 meets
3750 4516 54 23 with
3820 4514 64 23 much
3901 4511 169 24 condemnation
4088 4513 24 19 at
4129 4510 36 21 the

3614 4548 70 22 hands
3704 4548 23 20 of
3746 4547 37 20 the
3806 4543 165 23 'Australasian
3996 4541 104 27 Banking
4122 4539 43 22 and

3613 4578 120 21 Insurance
3749 4574 102 26 Record,'
3867 4572 71 22 which
3954 4574 100 25 suggests
4070 4570 51 21 that
4135 4569 30 22 its

3613 4605 108 28 principal
3741 4603 84 27 objects
3845 4608 37 14 are
3903 4603 23 19 to
3940 4600 78 21 enable
4044 4599 39 21 the
4109 4597 56 23 New

3612 4633 96 24 Zealand
3726 4633 150 22 Government
3894 4632 23 20 to
3933 4629 57 23 raise
4006 4627 93 24 another
4115 4627 50 23 loan

3611 4664 43 22 and
3671 4667 23 18 to
3713 4661 93 29 provide
3825 4669 13 13 a
3858 4659 151 22 considerable
4030 4660 92 20 amount
4141 4657 24 22 of

3610 4695 121 27 patronage
3741 4690 35 22 for
3785 4688 101 30 political
3893 4690 136 26 supporters.
4055 4687 109 20 Whether

3611 4723 45 22 this
3670 4721 27 22 be
3707 4727 24 15 so
3741 4727 25 14 or
3775 4721 46 23 not,
3839 4719 19 21 it
3867 4718 19 21 is
3901 4716 92 30 pointed
4009 4718 40 20 out
4065 4716 50 22 that
4126 4715 38 22 the

3610 4753 39 22 fire
3668 4749 88 24 records
3782 4749 23 21 of
3825 4747 56 23 New
3901 4746 98 23 Zealand
4025 4753 37 15 are
4087 4753 64 21 excep-

3610 4781 93 27 tionally
3721 4780 78 26 heavy,
3811 4777 44 21 and
3875 4777 52 22 that
3942 4780 23 18 to
3985 4776 53 22 take
4057 4783 53 15 over
4124 4775 39 28 all,

3609 4819 24 15 or
3648 4817 54 16 even
3713 4810 65 26 most,
3790 4807 57 23 risks
3865 4807 22 22 in
3903 4808 39 21 the
3954 4806 80 30 colony
4049 4805 74 24 would
4138 4805 27 24 be

3609 4839 162 30 exceptionally
3790 4837 129 23 hazardous.
3960 4836 23 24 It
4007 4838 18 21 is
4049 4836 116 23 added:

3634 4871 46 23 The
3704 4869 51 26 Bill,
3786 4868 17 21 if
3834 4868 87 28 passed,
3955 4867 46 22 will
4031 4874 65 15 cause
4126 4866 38 23 the

3609 4900 126 25 immediate
3752 4897 141 23 withdrawal
3913 4898 56 22 from
3990 4896 55 24 New
4066 4896 97 24 Zealand

3608 4932 22 22 of
3654 4930 30 23 all
3708 4929 39 22 the
3778 4928 106 22 so-called
3912 4928 85 28 foreign
4028 4927 133 29 companies.

3609 4961 22 23 It
3659 4959 46 23 will
3733 4960 40 21 not
3800 4965 45 22 pay
3874 4958 61 22 them
3964 4961 24 18 to
4018 4957 56 29 keep
4104 4958 60 22 their

3607 4992 65 22 doors
3709 4995 55 23 open
3801 4988 59 22 until
3894 4988 55 28 they
3978 4994 37 14 are
4044 4987 118 28 gradually

3607 5020 66 23 voted
3684 5021 40 21 out
3741 5018 22 22 of
3781 5018 38 22 the
3832 5021 102 25 country.
3966 5017 47 22 The
4027 5016 64 23 State
4103 5020 60 19 must

3607 5050 110 23 therefore
3741 5048 26 21 be
3791 5047 109 28 prepared
3926 5049 22 19 to
3973 5046 125 22 undertake
4124 5047 38 21 the

3607 5080 70 23 whole
3694 5077 65 24 block
3776 5076 115 23 liabilities
3908 5076 23 22 of
3949 5076 38 22 the
3999 5075 85 30 colony.
4116 5076 30 29 Ap-

3606 5109 102 30 parently
3720 5108 44 22 this
3774 5109 71 20 result
3862 5107 18 21 is
3891 5109 40 20 not
3941 5106 174 29 contemplated,
4127 5106 35 22 for

3606 5141 38 21 the
3654 5139 61 29 right
3726 5141 23 19 to
3759 5137 85 22 decline
3855 5139 64 19 extra
3936 5135 122 23 hazardous
4074 5135 58 23 risks
4143 5137 18 21 is

3605 5168 109 28 reserved,
3723 5167 43 24 and
3778 5167 111 30 provision
3901 5167 18 22 is
3930 5166 64 23 made
4004 5166 34 23 for
4047 5165 101 24 contribu-

3605 5201 58 22 tions
3679 5199 29 29 by
3724 5198 89 30 private
3830 5198 126 29 companies
3973 5200 23 20 to
4013 5196 39 24 fire
4068 5196 92 29 brigade

3604 5235 112 19 expenses.
3748 5228 47 22 The
3811 5228 50 22 idea
3877 5235 70 14 seems
3964 5229 24 20 to
3998 5228 27 21 be
4035 5228 52 21 that
4098 5227 63 22 these

3604 5258 125 30 companies
3746 5257 45 23 will
3809 5257 27 23 be
3852 5257 53 29 only
3921 5259 38 21 too
3974 5256 53 30 glad
4044 5259 24 20 to
4085 5256 75 23 insure

3604 5290 38 21 the
3660 5288 57 23 risks
3734 5288 72 22 which
3825 5289 38 21 the
3879 5288 64 23 State
3961 5287 52 23 does
4028 5289 40 20 not
4083 5289 77 20 want!

3606 5320 54 21 This
3677 5318 46 22 will
3741 5318 109 29 certainly
3861 5320 40 21 not
3917 5318 28 22 be
3956 5318 38 22 the
4004 5325 56 19 case,
4072 5316 44 23 and
4132 5324 29 15 no

3603 5349 113 29 provision
3736 5348 18 22 is
3774 5348 64 22 made
3858 5348 34 22 for
3912 5348 63 22 those
3993 5348 78 29 people
4086 5348 75 22 whose

3604 5379 57 23 risks
3686 5378 38 23 the
3748 5377 65 24 State
3837 5384 51 23 may
3913 5377 80 29 refuse,
4019 5377 44 23 and
4086 5377 74 23 whose

3603 5410 97 23 insurers
3724 5409 19 23 it
3762 5409 148 29 deliberately
3930 5416 105 22 proposes
4055 5410 24 21 to
4096 5408 64 23 drive

3602 5448 71 20 away.
3705 5440 46 21 The
3762 5440 49 21 four
3821 5439 56 22 local
3888 5440 126 26 companies
4025 5439 74 28 might
4107 5439 53 21 take

3603 5476 30 21 up
3644 5477 12 13 a
3666 5469 61 21 little
3743 5468 22 21 of
3781 5468 52 21 that
3847 5468 108 24 business,
3967 5468 42 21 but
4020 5468 54 28 they
4086 5467 73 22 would

3602 5499 80 30 charge
3693 5498 87 31 greatly
3791 5496 114 24 increased
3915 5501 60 18 rates
3986 5497 34 23 for

1717 80 233 47 MOUNT
1995 79 267 49 BENGER
2308 70 167 54 MAIL

3558 88 129 29 FRIDAY,
3703 88 174 26 NOVEMBER
3892 91 33 28 20,
3944 93 52 23 1896

3602 5583 94 24 Printed
3707 5583 43 22 and
3759 5581 118 31 published
3885 5581 29 29 by
3922 5580 113 23 William
4046 5580 111 23 Panneli.

3657 5614 137 21 Matthews
3811 5612 34 22 for
3862 5612 39 21 the
3915 5611 145 29 proprietors,
4072 5610 85 21 Dunne

3657 5643 44 23 and
3726 5642 144 28 Matthews,
3895 5643 25 20 at
3948 5640 59 23 their
4037 5639 120 30 registered

3657 5673 101 30 printing
3780 5673 69 28 office,
3874 5671 106 25 Scotland
3999 5673 78 23 street,
4099 5669 58 23 Rox

3658 5704 79 30 burgh,
3759 5704 78 28 Otago,
3861 5703 55 22 New
3940 5701 96 25 Zealand
4040 5700 117 31 Friday,

3657 5734 126 26 November
3792 5734 35 30 20,
3841 5734 59 23 1896.

1287 5408 20 23 A
1334 5409 110 30 perfectly
1470 5408 161 32 proportioned
1658 5414 51 16 man
1736 5402 83 31 weighs

1259 5440 160 28 twenty-eight
1436 5440 88 28 pounds
1539 5440 35 21 for
1592 5445 67 21 every
1675 5438 49 21 foot
1743 5435 23 22 of
1785 5434 34 21 his

1259 5467 84 29 height.

1286 5496 24 24 It
1318 5497 18 23 is
1345 5497 38 23 the
1392 5506 71 22 upper
1470 5497 45 24 and
1525 5497 85 24 middle
1621 5496 80 23 classes
1712 5494 22 22 of
1745 5493 74 29 Japan

1259 5527 50 23 who
1319 5531 38 20 eat
1366 5529 52 28 rice,
1431 5529 39 22 the
1480 5537 54 22 poor
1549 5529 67 29 being
1630 5527 85 23 seldom
1731 5523 50 25 able
1797 5525 22 20 to

1259 5557 77 24 obtain
1367 5560 26 27 it,
1421 5559 59 23 their
1508 5559 52 23 food
1585 5558 124 28 consisting
1733 5555 24 22 of
1781 5553 38 23 the

1259 5588 99 30 leavings
1378 5589 22 23 of
1420 5590 39 22 the
1479 5590 52 27 rice,
1553 5589 57 22 stale
1632 5588 50 26 fish,
1708 5585 44 23 and
1778 5583 41 23 fish

1258 5619 101 26 entrails,
1376 5619 73 22 which
1470 5627 37 14 are
1527 5619 85 22 cooked
1632 5616 128 28 altogether
1774 5612 45 23 and

1258 5648 48 22 Bold
1317 5648 69 23 about
1397 5649 38 22 the
1445 5651 82 20 streets
1538 5656 28 15 on
1576 5647 71 23 stalls.
1680 5645 47 23 The
1738 5644 81 23 farmer

1259 5678 89 25 himself
1367 5683 49 20 cats
1435 5679 85 30 barley,
1539 5687 61 19 corn,
1618 5677 81 28 millet,
1718 5674 44 24 and
1781 5673 38 24 the

1258 5713 70 19 sweet
1338 5713 86 26 potato,
1436 5710 43 22 but
1489 5711 45 21 rice
1544 5710 53 28 only
1607 5716 29 14 on
1647 5708 45 22 fete
1703 5707 63 28 dayp.

1287 5739 58 23 Over
1363 5741 147 26 10,000,000
1525 5739 96 28 sterling
1636 5739 18 21 is
1669 5744 31 21 sp-
1709 5739 28 21 n',
1751 5741 67 22 every

1258 5776 54 24 year
1322 5769 23 24 in
1356 5770 88 31 charity
1455 5770 22 24 in
1489 5769 38 26 the
1539 5768 86 27 United
1639 5767 121 29 Kiugdom.

1877 5609 47 23 The
1948 5608 76 26 Queen
2044 5604 71 27 clings
2139 5603 24 20 to
2188 5601 37 22 the
2250 5602 99 28 peculiar
2368 5604 35 23 old

1849 5639 87 23 fashion
1947 5637 23 22 of
1981 5635 82 27 having
2079 5630 65 24 cords
2160 5630 44 22 and
2220 5631 61 29 rings
2298 5633 105 23 attached

1849 5674 24 21 to
1884 5670 39 23 her
1934 5668 62 24 drcas
2011 5665 77 26 skirts,
2106 5661 30 30 by
2147 5660 73 23 which
2234 5661 40 23 she
2284 5661 48 24 lifts
2344 5663 59 24 them

1849 5702 64 22 when
1930 5698 99 27 walking
2044 5701 53 16 over
2116 5692 67 29 damp
2201 5698 61 23 grass
2279 5700 25 14 or
2321 5694 82 30 muddy

1849 5731 72 24 roads.
1953 5728 48 22 Her
2018 5724 65 23 black
2103 5722 56 23 silks
2178 5722 44 22 and
2241 5721 107 26 brocades
2368 5732 35 16 ate

1849 5767 77 19 woven
1937 5755 119 33 especially
2068 5754 34 24 for
2112 5752 46 24 her.

3016 5555 556 217 dsfdfs
