4240 5840
121 181 53 64 Mr.
192 181 35 64 C.
245 181 35 64 C.
298 181 125 64 Rawlins
441 181 35 64 at
494 181 71 64 Coal
583 181 89 64 Creek

159 308 185 34 Mr-Rawlins
367 312 54 24 met
436 307 45 27 the
498 306 123 31 .electors
648 305 26 28 of

121 350 64 29 Coal
201 350 87 29 Creek
302 348 108 29 district
424 357 34 18 on
476 346 62 28 rrid
550 356 25 25 ty
593 345 81 38 night

117 395 29 23 at
160 391 46 27 the
220 390 67 28 local
301 388 90 30 school
397 389 92 32 house,
501 395 79 17 want
595 386 77 26 there

117 429 54 29 \va.-i
184 441 16 17 a
213 429 75 32 largo
300 426 174 30 attendance
489 425 71 29 rnjlu
575 430 56 31 hug
655 435 13 17 a

115 472 116 26 number
266 469 30 28 of
331 468 26 28 la
369 468 56 28 tie-?.
475 470 43 24 At:'
555 466 38 27 M.
636 466 30 27 k.

113 511 122 34 J.fmael,
255 510 61 28 who
334 508 138 38 presided.
487 508 25 26 in
526 505 139 29 introl'i*-

112 550 49 31 i'iii*-
180 550 45 28 the
246 550 155 33 candidate,
422 548 58 29 said
504 548 32 27 he
557 552 26 22 Us
597 564 6 9 «
620 549 46 24 not

112 591 71 28 need
200 600 54 28 any
265 590 71 29 form
346 590 16 27 d
385 589 185 29 introduction
595 587 68 27 from
673 587 1 41 :

112 630 71 35 him/
202 641 29 18 as
254 630 66 38 they
344 631 32 28 ha
390 627 4 41 !
411 633 56 25 met
489 628 56 28 him
559 638 33 18 on
617 627 48 29 the

113 671 128 37 pUiform
277 671 175 37 four.ye»rs
487 679 62 26 ago.
589 668 75 33 They

112 722 71 17 were
216 712 59 30 well
309 710 166 39 acquainted
507 710 66 27 with
620 708 54 27 At:'.

111 751 130 35 Sawlins,
266 752 59 28 who
349 762 54 18 was
425 750 80 29 much
526 748 137 30 esteemed

111 792 36 36 by
161 792 34 28 all
209 793 30 27 of
251 792 85 34 them,
360 802 30 18 so
403 792 61 28 that
477 791 34 29 he
531 790 68 29 need
618 793 45 24 not

110 832 49 27 ask
171 832 43 27 for
226 842 33 16 an
274 832 135 28 attentive
420 832 115 32 hearing
547 841 33 17 o:i
594 829 70 29 tiieir

515 857 16 11 Ci

110 875 61 34 part
184 872 43 29 for
240 872 65 28 him.

268 920 52 20 THE
343 920 158 20 CANDIDATE,

109 961 33 18 on
159 952 95 37 rising,
279 952 125 27 received
426 964 16 15 a
465 953 96 35 hearty
576 950 85 29 round

108 992 28 26 of
150 991 139 39 applause.
333 991 43 27 He
400 996 27 23 at
449 1002 67 18 once
538 991 121 38 plunged

108 1040 26 17 m
150 1032 103 27 madias
267 1042 41 18 res
331 1042 29 17 as
383 1031 115 38 regards
512 1032 46 28 the
572 1032 88 36 policy

107 1072 27 24 of
149 1072 46 26 the
217 1071 198 35 Government,
431 1072 101 36 merely
548 1072 98 37 premis-

109 1119 45 28 ing
183 1110 59 27 that
273 1110 34 28 he
329 1110 89 37 hoped
446 1112 46 26 life
515 1112 52 28 had
590 1122 73 23 gone

107 1148 153 39 pleasantly
285 1150 63 27 with
365 1151 73 27 them
463 1151 73 27 since
557 1150 52 28 last
627 1150 35 28 he

107 1192 54 21 iiicfc
192 1190 83 23 thorn.
319 1190 40 23 Ho
388 1190 58 24 a'so
472 1190 120 25 thrmked
616 1196 45 20 the

103 1226 167 35 sixty-three
293 1225 115 28 electors
424 1227 59 26 who
508 1227 50 26 had
576 1227 80 26 vo't-d

103 1263 43 28 for
157 1267 54 25 him
223 1275 34 17 on
270 1269 60 24 that
340 1265 134 29 occasion.
515 1265 47 29 He
570 1265 87 38 hoped

103 1304 52 27 and
170 1305 135 36 expected
320 1311 27 21 to
370 1309 48 34 get
430 1306 47 27 the
492 1305 125 37 majority
631 1306 29 27 of

102 1343 71 28 tiieir
185 1352 75 21 votes
273 1345 53 28 this
337 1345 66 28 time
413 1349 48 25 not
474 1345 117 37 through
604 1355 54 27 any

103 1383 102 38 feeling
231 1395 28 18 or
284 1385 124 37 personal
435 1385 109 39 regard,
569 1385 87 28 which

102 1423 45 28 the
169 1425 139 28 chairman
333 1436 52 17 was
406 1428 70 35 good
496 1425 108 35 enough
628 1430 28 23 to

100 1474 47 26 say
162 1464 66 37 they
250 1465 53 27 had
317 1466 118 27 towards
456 1465 65 35 him,
536 1466 49 27 but
609 1465 30 27 be-

100 1513 81 18 cause
195 1505 42 26 his
251 1505 82 28 views
350 1515 35 18 on
399 1505 150 38 important
573 1514 64 28 ques-

100 1545 72 26 tions
194 1546 143 28 coincided
352 1547 64 27 with
430 1546 92 34 theirs,
536 1545 54 28 and
607 1546 33 25 lie-

100 1593 79 18 cause
203 1586 64 27 thev
288 1595 71 18 were
381 1595 61 18 sure
467 1586 39 27 his
524 1585 126 28 opinions

98 1633 71 21 were
188 1624 83 38 right.

143 1676 52 17 THE
210 1667 150 27 MiXJSTKY's
375 1676 221 22 DKIJNQITKNCIES.

132 1698 91 35 When
249 1705 31 28 he
297 1709 53 24 met
366 1705 72 28 them
453 1716 32 17 on
502 1705 58 28 that
574 1706 71 33 plat-

92 1740 72 34 form
181 1747 57 27 four
255 1757 77 27 years
346 1758 53 25 ago
423 1747 32 27 he
467 1746 52 28 hid
535 1747 109 28 warned

92 1786 75 27 them
189 1787 28 26 (if
231 1787 45 28 the
297 1787 79 27 trend
390 1787 29 27 of
441 1787 155 35 legislation
616 1792 28 23 at

94 1825 61 28 that
177 1826 73 34 time,
264 1826 54 29 and
342 1827 29 28 of
390 1827 45 27 the
451 1827 104 37 danger
578 1827 66 28 thev

94 1876 69 18 were
193 1866 27 27 in
242 1867 29 28 of
293 1867 85 36 being
398 1866 98 29 loaded
521 1867 66 28 with
609 1878 34 17 an

92 1907 158 28 intolerable
274 1907 104 28 burden
397 1907 28 28 of
445 1907 132 29 taxation.
621 1911 23 26 A

91 1951 78 31 great
193 1956 79 27 many
298 1947 96 38 people
413 1947 60 28 who
496 1947 66 28 then
590 1948 54 29 had

91 1986 67 27 faith
181 1986 25 27 in
232 1987 43 27 the
297 1986 187 29 Government
498 1987 53 28 had
571 1988 74 28 since

90 2026 126 38 changed
230 2027 69 28 their
311 2027 134 38 opinions,
461 2027 53 29 and
536 2028 33 29 he
590 2029 54 29 had

92 2076 35 17 no
141 2066 85 29 doubt
241 2068 76 27 there
341 2078 68 18 were
435 2078 82 27 many
541 2069 26 27 in
590 2070 54 28 this

90 2105 107 29 district
212 2107 58 27 who
285 2107 52 28 had
359 2108 71 29 done
452 2108 46 28 the
517 2118 83 26 same,
614 2119 30 18 as

89 2147 64 36 they
165 2147 51 27 had
229 2148 62 34 only
304 2152 43 23 too
359 2149 80 27 much
452 2158 94 19 reason
558 2152 28 25 to
598 2150 44 27 do.

90 2186 40 28 On
147 2187 88 28 whose
249 2187 141 30 shoulders
405 2188 45 28 did
466 2188 55 28 this
536 2189 104 29 burden

87 2226 30 28 of
126 2230 121 25 taxation
263 2227 43 29 fall
320 2229 11 27 ?
371 2229 42 28 On
428 2229 71 28 their
511 2239 62 19 own
587 2231 54 27 and

86 2267 96 38 people
195 2267 116 29 situated
332 2269 54 28 like
400 2269 83 28 them.
526 2270 74 28 Here
613 2274 28 23 at

87 2307 63 29 Coal
167 2309 87 28 Creek
270 2309 65 31 they
357 2310 53 29 had
425 2309 186 30 transformed
626 2322 13 17 a

85 2347 158 30 wilderness
275 2349 66 35 into,
369 2350 33 27 he
429 2350 89 37 might
545 2359 57 28 say,
625 2361 13 18 a

84 2387 125 36 paradise
231 2389 35 37 by
281 2389 46 28 the
348 2390 76 28 work
438 2391 28 26 of
489 2390 71 29 their
578 2401 59 18 own

82 2427 104 35 hands;
214 2429 50 28 but
290 2440 69 19 were
385 2431 46 28 the
449 2430 189 33 fruitgrowers

83 2469 131 36 eterually
241 2471 121 38 running
388 2476 27 24 to
442 2472 45 28 the
514 2471 106 29 Govern-

83 2514 75 22 ment
191 2511 44 26 for
274 2512 157 27 assistance,
528 2511 4 33 !
571 2512 65 32 they

81 2549 96 37 helped
208 2550 165 29 themselves
406 2550 143 37 manfully,
580 2552 54 28 and

80 2589 61 28 that
163 2600 54 18 was
242 2591 45 28 the
309 2601 99 29 proper
431 2595 57 25 sort
518 2592 28 28 of
569 2592 52 28 self-

80 2630 341 39 reliance.—(Applause.)
464 2632 41 28 Ho
527 2633 103 28 wished

80 2675 26 20 to
130 2670 86 29 indict
238 2672 47 27 the
310 2672 111 28 Seddon
445 2673 188 28 Government

78 2709 44 29 for
144 2711 71 29 their
244 2713 57 27 sins
331 2713 28 28 of
380 2713 173 28 commission
577 2714 54 28 and

78 2752 139 28 omsssion.
257 2753 76 36 They
356 2763 68 17 were
438 2753 68 27 fond
520 2754 28 27 of
562 2754 55 36 styl-

77 2791 48 36 ing
146 2791 166 29 themselves
338 2792 138 35 Liberals;
503 2794 48 27 but
571 2794 74 28 who:

75 2840 70 18 were
174 2831 47 28 the
244 2836 60 24 true
339 2833 129 33 Liberals,
494 2833 59 28 who
576 2834 52 27 had

71 2870 100 34 passed
198 2871 46 25 the
271 2875 72 22 most
369 2871 94 27 liberal
491 2881 137 18 measures
640 2870 3 34 i

72 2917 65 18 ever
150 2908 98 37 passed
263 2909 27 26 in
306 2909 46 27 the
373 2909 177 28 House—the
564 2914 63 23 vote
639 2908 3 37 j

73 2947 38 36 by
133 2948 96 34 ballot,
252 2948 139 28 manhood
426 2948 127 38 suffrage,
579 2950 36 26 tri-

73 2988 91 26 ennial
190 2988 186 36 parliaments,
403 2988 47 28 the
473 2989 153 28 Education

73 3027 55 28 Act
153 3028 57 35 (the
224 3031 73 25 most
320 3028 165 29 democratic
506 3032 45 25 act
564 3038 64 19 ever
641 3024 3 40 j

73 3068 109 36 passed,
205 3068 29 28 of
259 3068 86 28 which
370 3078 41 18 we
432 3078 69 19 were
525 3069 99 37 proud)
642 3068 1 38 !

71 3108 56 28 and
141 3109 47 28 the
202 3108 139 29 Factories
356 3109 55 28 Act
420 3109 43 28 for
477 3109 46 28 the
538 3109 90 29 better
642 3106 2 32 '

72 3149 154 36 protection
258 3149 29 27 of
318 3149 78 28 work
430 3150 104 36 people.
583 3150 45 27 All

73 3187 78 30 these
165 3198 137 19 measures
317 3199 71 18 were
401 3189 100 38 passed
515 3189 37 38 by
566 3199 61 18 men

75 3228 88 29 whom
175 3229 45 28 the
232 3229 188 29 Government
434 3229 86 38 spoke
529 3229 85 38 slight-

75 3269 78 36 ingly
167 3269 31 28 of
205 3279 29 18 as
247 3279 7 17 t
270 3270 196 34 onservatives,
479 3270 53 27 and
543 3271 21 27 it
574 3281 54 18 was

73 3308 49 27 the
148 3308 58 27 side
237 3308 30 27 of
292 3309 68 27 such
389 3319 63 17 men
479 3309 33 27 lie
538 3311 89 27 would

73 3347 81 28 affect
178 3347 20 28 if
224 3348 139 29 returned.
405 3348 44 29 He
479 3348 53 29 had
559 3349 67 29 been
641 3347 1 31 :

74 3387 123 28 brought
222 3398 36 17 up
284 3389 26 26 in
338 3388 117 27 imo-lish
481 3385 161 30 countries.!

72 3428 55 34 ans
148 3429 22 27 it
183 3438 55 18 was
266 3432 27 24 to
308 3429 49 28 her
377 3430 95 28 liberal
495 3430 64 28 laws
572 3432 53 28 and

72 3468 179 29 constitution
266 3469 60 27 that
348 3469 125 37 England
487 3471 75 26 owed
578 3471 48 28 her

71 3508 202 37 prosperity.—
280 3509 172 37 (Applause.)
493 3510 69 28 Now
576 3521 50 18 one

71 3547 31 28 of
132 3547 47 28 the
200 3548 59 27 first
282 3554 59 22 acts
365 3549 30 28 of
416 3549 54 29 this
494 3551 131 28 so-called

70 3587 111 28 Liberal
202 3587 129 37 Ministry
353 3599 54 18 was
429 3593 28 25 to
477 3590 83 38 apply
579 3591 46 28 the

70 3626 152 29 time-limit
237 3628 24 27 in
277 3627 106 37 debate,
404 3634 28 23 to
447 3630 69 29 limit
541 3641 63 18 mem-

71 3667 74 29 bers'
170 3669 129 37 speeches
333 3676 28 21 to
386 3669 59 30 half
477 3682 33 17 an
546 3672 75 29 hour.

71 3708 121 36 Capable
230 3709 128 26 criticism
400 3710 29 27 of
472 3711 150 38 important

71 3755 138 20 measures
240 3758 56 17 was
335 3749 158 37 impossible
525 3752 28 26 in
593 3763 28 17 so

69 3786 77 29 short
185 3796 15 18 a
245 3787 74 35 time,
360 3798 29 18 as
433 3790 46 28 the
524 3790 96 30 details

68 3827 81 29 could
182 3831 48 24 not
264 3828 32 29 be
327 3839 73 27 gone
432 3831 67 29 into.
551 3832 51 29 Not-

67 3867 200 37 withstanding
303 3869 54 28 this
389 3870 65 36 fact,
481 3872 46 28 the
561 3878 57 22 cost

68 3907 28 28 of
111 3907 127 29 Hansard
253 3907 125 39 printing
399 3921 53 18 was
479 3912 138 30 increased

67 3948 183 38 enormously,
274 3961 30 16 .so
336 3951 61 28 that
426 3962 67 18 even
515 3963 33 17 on
572 3954 46 28 the

68 3996 75 19 score
178 3989 29 26 of
230 3998 132 29 economy
395 3992 47 27 the
467 3993 150 29 time-limit

66 4027 82 29 could
168 4031 47 25 not
234 4029 34 28 be
287 4031 138 35 excused;
448 4032 54 28 and
526 4043 73 19 mean-

67 4067 80 29 while
161 4068 130 29 criticism
313 4081 54 18 was
381 4072 99 34 stifled,
494 4074 54 28 and
571 4074 47 29 the

67 4107 96 28 House
193 4108 111 29 became
327 4110 158 29 dominated
512 4113 37 36 by
572 4114 46 27 the

66 4147 56 28 will
148 4147 29 29 of
202 4158 52 18 one
280 4160 72 19 man.
393 4151 41 31 So.
457 4153 82 27 much
564 4164 54 18 was

67 4187 55 28 this
136 4188 47 27 the
196 4198 61 17 case
271 4190 60 27 that
344 4191 47 28 the
405 4191 96 28 Public
516 4192 102 29 Work*

67 4227 149 29 Estimates
247 4240 71 18 were
348 4231 104 29 carried
483 4233 54 27 and
571 4234 46 28 the

68 4273 113 32 country
195 4278 81 19 cornn
288 4270 17 27 it
312 4271 42 27 ted
371 4274 28 25 to
412 4274 61 26 vast
486 4273 116 29 exdendi-

66 4315 61 22 ture
139 4309 28 27 in
182 4320 51 18 one
247 4310 82 36 night
343 4311 115 29 without
481 4314 137 28 members

66 4348 105 36 having
183 4360 15 16 a
211 4349 77 28 voice
302 4350 26 27 in
352 4351 48 28 the
425 4356 116 30 matter;
562 4354 53 27 and

66 4389 47 26 the
127 4399 47 19 me,
280 4389 30 28 of
329 4391 46 27 the
396 4391 171 38 Opposition,
589 4394 25 27 in

64 4433 106 32 protect
208 4429 110 39 against
352 4431 68 29 such
451 4443 15 18 a
497 4436 70 26 state
586 4435 30 27 of

64 4469 106 37 things,
185 4480 59 17 rose
259 4470 26 27 in
299 4481 16 17 a
329 4471 72 35 body
416 4473 53 28 and
479 4473 66 29 >,left
567 4474 47 28 the
625 4469 1 44 j

64 4508 104 29 Hpuse.
209 4509 64 26 This
287 4512 148 28 autocratic
448 4521 93 28 power
559 4514 53 27 had

61 4546 84 37 given
159 4547 47 28 the
223 4547 187 32 Government
423 4561 15 18 a
459 4552 101 30 chance
583 4553 43 30 of!

63 4587 135 37 breaking
220 4593 46 23 tue
288 4589 65 28 laws
377 4591 29 27 of
425 4592 47 28 the
494 4598 114 34 country
623 4587 2 45 '

62 4625 64 29 with
141 4627 145 39 impunity,
300 4629 53 29 and
368 4631 34 28 he
424 4633 85 28 asked
531 4635 76 28 those
621 4625 3 41 i

61 4673 109 28 present
198 4669 59 27 who
282 4670 54 27 had
362 4677 137 32 property,
526 4675 78 27 could

58 4705 64 37 they
137 4706 67 28 have
219 4709 157 30 confidence
399 4711 28 28 in
449 4713 157 37 legistators
619 4705 2 45 ,

61 4745 60 28 who
136 4756 68 18 were
217 4748 130 30 breakers
360 4751 30 28 of
404 4752 45 28 the
470 4753 50 27 law
542 4753 64 38 they
620 4745 2 46 i

60 4793 70 19 were
144 4786 76 28 there
234 4795 27 19 to
277 4789 113 35 uphold.
430 4791 44 27 Mr
496 4792 109 29 Seddon

61 4832 55 18 was
130 4824 111 28 himself
259 4826 45 28 the
325 4828 60 27 first-
402 4833 29 24 to
453 4831 84 28 break
561 4833 46 27 the

59 4862 51 27 law
121 4864 61 26 that
196 4864 33 26 lie
250 4865 97 27 should
373 4868 69 27 have
455 4871 151 32 protected.

60 4901 82 29 Some
164 4902 76 28 three
262 4914 79 25 years
366 4916 62 28 ago,
455 4909 71 26 what
553 4920 54 18 was

57 4942 103 31 known
195 4953 29 19 as
251 4944 45 28 the
333 4944 274 40 Sergeant-at-Arms

57 4984 122 37 episode,
192 4985 140 34 occurred,
357 4987 77 27 when
449 4988 45 27 Mr
512 4989 97 28 Eraser

58 5033 55 19 was
127 5024 150 37 appointed
292 5030 27 23 to
332 5025 61 29 that
414 5027 77 29 office
512 5029 36 36 by
562 5030 46 28 the

58 5062 112 31 Seddon
182 5062 140 38 Ministry,
335 5064 25 28 in
376 5065 122 31 defiance
511 5069 28 27 of
562 5069 45 28 the
621 5062 2 38 !

55 5106 56 26 Act
136 5103 89 27 which
251 5105 58 25 said
336 5104 61 28 that
420 5116 36 18 no
486 5109 121 27 member
621 5103 2 33 1

56 5143 80 30 could
151 5143 65 28 take
229 5154 13 16 a
262 5144 63 38 paid
352 5144 76 30 office
450 5146 88 29 under
562 5148 46 29 the

57 5184 96 30 House
168 5184 95 28 within
284 5184 98 30 twelve
405 5187 109 28 months
537 5188 69 28 from

55 5226 48 25 the
113 5225 66 26 time
188 5225 30 26 of
230 5225 42 26 his
283 5225 324 38 sitting.—(Applause).
621 5225 2 38 ,

56 5264 43 28 Ho
113 5263 55 29 had
193 5263 108 40 spoken
329 5264 28 28 of
382 5264 47 30 the
455 5265 152 31 Education

55 5308 115 24 Acas
205 5306 47 26 the
294 5310 122 31 greatest
442 5305 166 30 democratic
621 5296 2 45 !

54 5353 125 19 measure
202 5353 64 18 ever
290 5344 109 38 passed,
425 5346 90 28 which
538 5357 69 25 gave

56 5384 72 28 their
148 5384 69 37 boys
242 5384 48 29 the
321 5386 189 38 opportunity,
536 5386 72 29 after
621 5384 2 40 j

54 5424 65 38 they
133 5424 53 28 had
202 5425 199 36 matriculated,
426 5426 29 28 of
480 5426 128 37 entering

53 5465 48 28 the
127 5464 63 30 civil
216 5467 122 34 service;
360 5466 51 28 but
436 5466 65 28 here
526 5466 80 38 again
621 5464 2 41 j

52 5505 73 29 their
139 5506 89 38 rights
258 5507 54 27 had
337 5507 68 27 been
432 5506 118 28 invaded
571 5507 36 36 by

53 5546 48 28 the
132 5544 197 36 Government,
361 5546 61 28 who
444 5545 55 28 had
526 5546 81 28 sand-
621 5544 2 42 j

52 5584 107 30 wiched
174 5585 46 27 the
235 5585 63 28 civil
319 5585 104 28 service
446 5584 67 29 with
536 5586 73 28 their

54 5626 150 35 nominees,
214 5625 103 38 merely
331 5626 117 28 because
458 5625 66 39 they
538 5637 70 19 were
621 5625 2 39 1

52 5666 72 28 their
137 5666 114 34 friends,
262 5666 118 28 without
402 5677 54 26 any
473 5668 117 35 competi-

51 5706 58 28 tion
119 5705 149 29 whatever.
309 5706 93 28 Oueof
412 5706 45 28 the
468 5706 139 28 members
621 5705 2 29 1

713 198 43 28 for
770 200 53 28 this
847 202 131 32 province
1001 203 53 27 had
1078 207 50 33 got
1153 204 42 27 his
1216 215 50 17 son

710 249 33 17 an
757 240 192 37 appointment
963 242 26 28 in
1006 243 55 29 this
1083 254 67 26 way,
1176 245 87 27 which

710 279 105 35 he-(tlte
829 282 127 35 speaker)
981 283 80 27 knew
1084 284 33 28 lie
1140 294 54 17 was
1215 291 48 21 not

708 319 77 28 lifted
801 320 42 27 for
853 320 35 37 by
906 322 146 28 education
1079 333 50 18 nor
1154 324 27 26 in
1206 334 54 27 any

704 359 79 28 other
797 360 200 37 way.—(Loud
1011 362 131 37 .applause
1156 364 7 34 )

783 408 53 18 the
857 406 71 21 Self-
938 410 110 18 reliant
1068 411 102 19 policy*.

738 437 92 29 When
844 439 43 27 Mr
902 440 109 28 Seddon
1036 441 65 27 took
1123 442 78 28 office
1222 442 33 28 he
1265 437 1 35 I

699 488 83 18 lvver
804 479 70 29 tired
894 479 28 29 of
945 480 184 38 proclaiming
1149 492 15 18 a
1187 482 64 28 self-
1265 477 1 46 j

700 519 98 28 reliant
820 521 228 36 non-borrowing
1074 532 15 25 p
1103 522 69 36 »licy,
1197 523 55 27 and
1265 519 1 39 i

698 557 42 30 Mr
765 559 113 35 Heaves,
900 560 138 38 speaking
1063 561 27 27 in
1112 561 138 29 a.similar
1263 557 3 44 j

693 599 86 27 strain
795 603 27 24 at
837 600 45 27 the
902 609 74 19 sime
990 601 75 35 time,
1079 601 91 28 stated
1184 602 65 38 they
1262 599 3 43 j

695 650 69 19 were
776 640 86 37 going
875 645 10 23 t
897 653 6 15 >
912 651 78 27 carry
1001 652 35 17 on
1052 642 92 37 public
1156 642 90 28 works
1261 640 2 39 i

693 683 48 25 out
750 680 28 28 of
788 691 128 24 revenue,
925 685 46 32 yet
982 686 47 23 out
1037 692 16 17 o
1058 682 8 20 F
1077 682 18 28 £
1103 680 143 37 1,250,000
1260 680 3 37 |

691 725 81 32 spent
795 732 33 17 on
855 722 91 37 public
982 722 90 27 works
1103 723 143 34 £300,000
1260 722 2 37 !

692 760 53 30 had
776 762 78 30 been,
880 761 141 31 borrowed
1056 763 28 27 iu
1118 762 124 30 London.
1258 760 3 44 j

691 801 57 28 The
784 802 187 29 Government
1006 803 52 28 had
1085 803 86 29 found
1199 804 46 28 the
1258 799 2 40 j

692 842 117 30 national
843 842 67 28 debt
943 847 27 23 at
994 844 188 35 £37/343,-308
1210 854 34 18 on
1257 841 4 50 j

692 882 70 28 their
774 883 138 28 accession
928 887 27 25 to
969 884 86 35 office,
1073 885 55 27 and
1142 884 102 38 during
1258 882 2 40 j

691 927 71 23 their
776 927 66 23 term
860 927 64 32 they
939 927 53 25 had
1006 927 142 26 increased
1170 927 20 25 it
1204 927 37 26 bv

692 962 92 38 nearly
813 963 177 35 £5,000,000,
1016 964 56 28 and
1102 969 47 33 yet
1180 976 65 24 year

675 1003 2 42 I
691 1003 71 28 after
776 1014 64 25 year
855 1014 39 18 we
909 1003 53 29 had
978 1005 75 28 these
1072 1015 60 18 men
1147 1006 97 33 teliing

693 1043 45 28 the
751 1048 116 32 country
889 1044 61 28 that
971 1045 65 37 they
1058 1046 52 28 had
1136 1046 109 28 created

675 1084 3 38 ;
692 1094 14 17 a
721 1084 117 38 surplus.
879 1084 46 28 Mr
935 1084 121 31 Rawlins
1078 1090 70 24 went
1163 1096 32 18 on
1218 1089 27 25 to

675 1122 3 39 !
691 1129 82 32 quote
795 1129 28 23 at
851 1125 96 35 length
971 1126 70 28 from
1067 1126 45 28 Mr
1135 1127 109 27 Ward's

691 1165 106 27 famous
816 1164 111 28 VViuton
943 1166 98 33 speech
1057 1167 66 26 with
1147 1167 96 35 regard

693 1207 26 19 to
745 1203 46 25 thp
813 1204 76 25 three
911 1204 104 26 million
1037 1204 61 27 loan
1124 1206 53 24 and
1203 1206 45 27 his.

689 1241 161 26 conversion
870 1240 92 28 schcm
970 1252 8 9 l
982 1263 6 12 ,
1012 1243 54 27 and
1089 1244 154 27 contended

689 1279 61 27 that
764 1279 47 27 the
824 1279 101 27 veriest
1089 1282 123 35 Juggins

690 1318 80 28 could
795 1319 72 27 have
896 1319 122 32 thought
1043 1324 48 23 out
1116 1331 15 16 a
1152 1321 91 27 better

702 1345 4 18 f
954 1359 5 4 #
965 1345 17 11 O

689 1358 109 29 scheme
811 1357 44 30 for
868 1359 134 37 reducing
1013 1359 47 28 the
1069 1360 92 34 public
1173 1360 68 28 debt

689 1398 63 27 than
782 1399 33 27 he
837 1399 53 29 had
924 1399 176 29 formulated.
1150 1399 89 29 When

687 1448 38 17 we
757 1439 86 27 found
866 1449 60 19 men
954 1440 54 27 like
1037 1441 47 26 the
1118 1440 123 28 Premier

686 1478 113 37 making
813 1489 16 16 a
844 1479 117 29 mistake
975 1480 25 27 in
1016 1480 46 27 the
1077 1480 119 28 finances
1211 1481 29 27 of

683 1517 46 28 the
752 1522 117 33 country
900 1519 29 29 of
959 1528 70 20 only
1058 1520 134 35 £90,000,
1216 1521 22 27 it

681 1558 110 28 showed
823 1560 74 28 what
931 1561 118 27 reliance
1081 1562 81 27 could
1203 1562 34 27 be

681 1597 93 36 placed
787 1609 33 16 on
834 1599 73 31 them
919 1610 28 17 as
960 1599 153 29 financiers.
1154 1601 81 31 True,

681 1637 43 30 Mr
738 1637 111 32 Seddon
875 1640 56 30 said
956 1640 33 30 he
1011 1653 55 18 was
1091 1641 92 41 asleep
1208 1649 28 23 at

679 1681 44 25 the
739 1681 65 26 time
818 1692 30 15 or
862 1682 34 27 he
910 1682 80 27 couhl
1007 1683 69 27 have
1098 1684 136 27 informed

677 1718 46 29 the
740 1718 92 31 House
844 1731 34 18 on
891 1722 47 28 the
953 1721 117 38 subject,
1081 1722 54 28 and
1147 1723 86 29 threw

676 1760 45 28 the
737 1761 90 28 blame
850 1773 34 17 on
915 1762 44 28 Mr
978 1762 87 35 Blow,
1089 1764 50 28 but
1163 1764 72 28 what

677 1809 52 19 was
747 1801 43 28 Mr
807 1801 100 29 Blow's
922 1803 181 37 punishment
1128 1803 43 29 for
1194 1804 42 28 his

677 1839 116 30 mistake
806 1841 11 28 ?
865 1842 85 37 Why,
976 1843 33 29 he
1032 1855 54 17 was
1110 1844 124 29 elevated

676 1884 27 24 to
729 1881 47 28 the
811 1882 70 29 head
907 1884 30 28 of
971 1884 41 28 his
1041 1884 191 36 Department.

677 1920 144 41 Speaking
834 1928 28 23 at
875 1923 106 29 Nelson
996 1925 53 27 last
1067 1925 104 35 March,
1188 1926 46 27 the

679 1961 120 29 Premier
835 1964 58 27 said
928 1965 79 27 there
1034 1965 89 28 would
1150 1966 33 27 be
1198 1976 35 18 no
1247 1961 1 38 j

674 2001 109 29 further
794 2004 97 37 appeal
905 2008 27 24 to
943 2004 47 28 the
1006 2005 112 29 London
1135 2016 97 27 money

676 2043 108 28 market
799 2045 68 27 until
892 2045 47 28 the
961 2046 97 37 people
1081 2056 70 18 were
1173 2047 60 27 first

675 2083 161 35 consulted;
857 2085 52 27 but
936 2086 46 27 the
1007 2086 116 37 speaker
1136 2086 96 35 asked,
1246 2083 2 41 |

674 2121 47 24 did
750 2123 33 22 he
938 2126 46 19 thp
1008 2136 14 9 r
1036 2121 88 24 :nllfi*\r
1147 2126 85 19 nbnnf,

673 2162 46 28 the
734 2163 52 28 last
801 2165 102 28 million
927 2165 71 29 loan.
1039 2166 141 35 £200,000
1202 2168 29 27 of

673 2203 59 28 that
748 2215 96 27 money
856 2216 54 18 was
924 2203 163 32 earmarked
1103 2207 42 28 for
1159 2208 51 27 min-

672 2243 48 38 ing
734 2253 143 28 purposes,
901 2246 53 28 and
977 2251 46 32 yet
1047 2247 79 28 when
1147 2258 15 16 a
1186 2258 28 17 re-

671 2290 63 22 cent
765 2285 107 39 mining
901 2286 173 37 conference,
1106 2286 64 30 held
1199 2292 28 24 at

671 2323 167 36 Alexandra,
854 2326 28 28 of
897 2328 86 26 which
999 2328 33 27 he
1049 2339 52 17 was
1111 2339 15 16 a
1141 2339 62 18 mem-

670 2363 57 33 ber,
756 2365 84 28 asked
872 2366 60 28 how
955 2368 80 27 much
1061 2379 53 16 was
1139 2372 27 24 to
1190 2369 33 27 be

668 2404 115 29 allotted
798 2410 28 24 to
840 2406 46 28 the
901 2406 110 29 Central
1028 2408 90 35 Otago
1142 2408 64 38 gold-

668 2444 87 36 fields,
783 2446 64 38 they
887 2457 70 20 were
992 2448 57 29 told
1087 2448 60 29 that
1174 2449 48 29 the

668 2486 153 28 remainder
837 2499 52 17 was
904 2489 162 28 earmarked
1080 2490 42 27 for
1138 2493 83 25 water

665 2526 192 28 conservation
887 2528 55 28 and
973 2528 69 37 deep
1068 2521 164 46 sinking—!

665 2574 66 27 very
744 2566 70 38 deep
828 2567 122 38 sinking,
973 2568 109 36 indeel,
1105 2569 33 29 ho
1162 2561 70 37 was!

663 2606 295 41 afraid.—(Laughter
982 2609 55 29 and
1062 2610 154 38 applause.)
1229 2606 1 42 j

664 2647 24 26 A
703 2648 106 36 mining
822 2659 116 18 concern
955 2650 26 27 in
1006 2651 154 34 Auckland,
1182 2662 34 18 on

664 2687 89 28 whose
766 2688 156 39 advisatory
933 2690 17 28 b
962 2691 57 28 jard
1033 2691 47 28 the
1097 2691 120 29 Premier
1229 2687 1 40 \

662 2737 55 18 was
731 2727 107 35 sitting,
854 2740 54 18 was
923 2735 27 24 to
964 2734 49 34 get
1025 2732 125 34 £-0,000
1173 2732 43 28 for

661 2766 69 38 deep
753 2768 114 38 sinking
882 2780 6 22 ;
919 2770 58 35 but,
1001 2772 145 27 remarked
1169 2772 47 28 the

661 2807 122 36 speaker,
821 2810 81 27 that's
951 2811 135 29 business.
1140 2810 74 39 Why
1228 2807 2 42 i

661 2847 94 27 should
772 2852 47 24 not
831 2849 44 27 the
886 2849 123 29 Premier
1020 2852 81 27 make
1115 2862 98 26 money

661 2894 24 16 as
696 2895 15 16 a
735 2887 107 35 mining
863 2889 157 34 speculator
1039 2900 31 16 as
1098 2892 58 24 well
1183 2901 29 15 as

661 2933 48 26 any
720 2934 52 17 one
785 2925 64 27 else.
893 2925 83 28 What
991 2937 55 17 was
1072 2928 89 28 useful
1184 2928 29 27 in

661 2962 67 27 their
757 2963 127 29 financial
913 2965 111 29 scheme
1055 2967 65 37 they
1149 2967 62 35 had,

661 3001 51 28 like
726 3003 78 28 other
818 3003 83 36 ideas,
916 3005 143 29 borrowed
1081 3007 71 28 from
1168 3008 45 27 Sir
1227 3001 1 46 j

661 3041 89 37 Harry
764 3043 149 30 Atkinson.
955 3045 44 28 He
1014 3057 55 18 was
1084 3048 87 32 going
1185 3051 28 25 to
1227 3041 1 39 ;

661 3083 68 28 issue
762 3084 176 29 short-dated
982 3086 168 30 debentures
1185 3091 28 25 to
1228 3083 1 51 |

661 3133 78 18 cover
752 3124 47 27 the
820 3125 115 38 sinking
961 3126 93 35 funds,
1081 3129 54 27 and
1159 3129 54 27 had
1228 3124 1 39 ,

661 3162 23 27 in
699 3163 56 28 fact
781 3164 132 37 provided
935 3166 36 27 all
994 3167 46 27 the
1060 3167 154 39 legislative
1228 3162 2 44 '

661 3203 155 38 machinery
830 3204 43 28 for
887 3205 86 39 doing
989 3217 41 24 so,
1044 3208 50 28 but
1117 3219 97 27 money
1228 3203 1 43 ;

661 3243 81 38 being
755 3248 28 24 at
794 3255 16 18 a
824 3244 67 39 high
905 3246 81 29 value
1008 3247 59 38 just
1089 3248 68 30 then
1180 3250 34 28 he

661 3293 52 18 was
727 3284 88 37 going
828 3289 28 24 to
881 3287 64 28 wait
968 3287 44 28 for
1036 3288 46 28 the
1105 3290 119 28 market*

661 3326 24 24 to
708 3323 82 29 lower
813 3324 94 30 before
920 3326 134 39 applying
1068 3328 129 40 it.—(Ap-

661 3363 110 38 plause.)

768 3414 140 22 ADVANCrS
921 3417 32 19 TO
969 3417 131 21 FARMERS.

693 3445 45 27 Mr
753 3446 94 34 Ward,
862 3448 79 27 when
963 3449 34 27 he
1011 3453 73 24 went
1110 3451 101 35 Home,

640 3485 1 41 '
655 3485 54 27 had
723 3486 90 27 stated
827 3486 59 28 that
902 3488 41 27 his
963 3498 119 28 purpose
1107 3501 55 18 was
1183 3495 28 24 to

639 3525 2 44 |
654 3525 73 27 clear
740 3525 46 28 the
800 3526 97 37 colony
911 3527 29 28 of
950 3528 157 37 aspersions
1131 3531 79 28 made

639 3564 1 39 ;
654 3564 107 39 against
777 3566 35 26 its
825 3566 97 29 credit.
964 3568 42 28 He
1021 3569 57 28 told
1094 3570 73 28 them
1183 3572 24 26 in

638 3604 2 41 ;
656 3604 113 28 London
785 3606 59 26 that
859 3606 76 28 there
952 3618 71 18 were
1036 3610 173 35 £3,000,000

637 3645 2 48 j
654 3645 87 29 worth
772 3645 29 29 of
830 3647 157 39 unpledged
1014 3650 143 30 securities
1179 3652 26 27 in

636 3686 3 42 J
653 3687 45 27 the
733 3686 106 36 colony,
876 3688 119 29 whereas
1034 3691 78 28 there
1149 3701 56 19 was

636 3725 1 37 i
653 3725 117 37 nothing
790 3728 29 25 of
840 3726 46 28 the
908 3728 75 28 kind.
1024 3728 58 30 The
1103 3732 89 26 seenri-

636 3765 1 41 ;
651 3765 50 27 ties
716 3765 33 26 he
772 3765 86 36 spoke
872 3766 29 27 of
923 3777 69 18 were
1014 3769 46 27 the
1082 3770 122 36 people's

636 3803 1 45 j
651 3805 111 38 savings
776 3805 54 28 and
846 3808 70 26 trust
929 3806 84 32 funds
1028 3808 62 30 held
1107 3810 36 38 by
1159 3810 45 29 the

650 3846 196 28 Government.
887 3848 45 27 Mr
945 3848 87 29 Ward
1056 3851 54 28 had
1134 3852 68 27 been

636 3886 1 35 j
648 3886 61 27 able
724 3890 26 23 to
764 3886 65 27 float
846 3888 45 26 the
906 3887 60 29 loan
981 3889 87 29 raised
1092 3891 43 27 for
1157 3892 46 27 the

636 3926 1 40 ;
649 3937 117 27 purpose
796 3927 29 29 of
853 3926 116 40 making
1002 3930 137 30 advances
1174 3935 28 26 to

636 3966 1 44 |
647 3966 110 28 settlers
770 3970 27 24 at
813 3968 15 27 3
842 3977 51 28 per
905 3974 62 22 cent
981 3994 6 7 .
1011 3972 55 27 and
1093 3972 33 28 he
1145 3973 57 35 (Mr

636 4003 1 45 :
649 4006 130 37 Rawlins)
813 4007 88 29 would
929 4013 47 24 not
999 4020 47 28 say
1068 4012 60 27 that
1155 4012 46 28 the

649 4046 113 29 farmers
788 4046 47 28 did
856 4053 49 23 not
927 4055 47 32 get
995 4062 75 18 some
1098 4052 103 29 benefit

648 4087 206 36 thereby,.,'but
884 4090 47 26 the
966 4092 111 27 method
1112 4092 29 28 of
1166 4093 36 27 its

647 4125 204 29 disbursement
872 4138 54 18 was
941 4129 64 36 bad,
1027 4131 54 29 and
1098 4131 35 29 he
1154 4131 46 29 did

647 4170 48 23 not
708 4167 127 27 consider
848 4178 53 26 any
915 4170 172 37 single-class
1102 4172 98 28 should

648 4206 33 27 be
694 4207 146 37 especially
853 4207 145 38 legislated
1021 4210 44 29 for
1087 4212 27 27 in
1140 4212 60 28 that

648 4256 67 27 way.
755 4246 29 28 It
797 4257 54 18 was
865 4252 49 24 nob
936 4248 43 30 for
992 4250 47 29 the
1053 4251 102 29 benefit
1169 4251 29 37 pf
1210 4246 1 48 j

647 4286 47 28 the
703 4286 87 28 whole
798 4288 180 39 community.
1017 4291 58 29 The
1089 4292 110 29 method
1210 4286 1 41 j

647 4327 28 27 of
688 4327 118 37 making
823 4328 78 28 these
913 4330 136 29 advances
1070 4342 54 18 was
1146 4332 52 28 bad
1210 4327 1 37 !

647 4367 116 28 because
783 4368 123 37 political
929 4370 135 30 influence
1085 4382 55 17 was
1161 4361 50 47 al-|

646 4406 85 28 lowed
741 4410 28 26 to
778 4410 177 35 operate/ind
965 4411 96 37 people
1070 4411 126 38 objected

644 4450 28 26 to
686 4447 103 39 paving
800 4448 71 30 their
891 4449 122 39 deposits
1035 4452 54 28 and
1114 4462 83 19 never

643 4487 116 38 hearing
771 4499 54 27 any
850 4501 74 17 more
947 4492 85 28 about
1057 4492 85 35 them,
1165 4503 29 17 as

642 4527 87 27 suited
743 4528 44 28 the
802 4529 80 27 whim
898 4530 28 27 of
941 4530 45 28 the
996 4531 195 29 Government.

641 4566 56 29 'lhe
717 4572 71 24 most
797 4569 104 29 serious
913 4570 138 39 objection
1074 4575 27 25 to
1125 4573 21 27 it
1164 4573 26 28 in

639 4608 45 27 the
698 4608 140 37 speaker's
864 4610 166 37 estimation,
1054 4612 136 37 however,

638 4658 53 18 was
706 4649 60 28 that
778 4650 21 28 it
811 4650 51 29 left
875 4661 50 18 our
934 4652 115 29 farmers
1062 4653 89 28 slaves
1161 4658 27 24 to

637 4688 44 28 the
694 4688 109 37 foreign
825 4691 210 36 money-lender
1056 4693 44 28 for
1112 4702 79 28 years

636 4730 27 25 to
678 4730 302 38 come.—(Applause.)

756 4778 194 22 CO-OPERATIVE
967 4781 102 19 WORKS.

673 4807 57 28 The
759 4812 186 36 co-operative
975 4817 105 32 system
1110 4814 68 28 insti-

637 4847 76 26 tuted
753 4850 35 34 by
825 4850 46 27 the
908 4851 190 31 Government
1132 4864 55 18 was

637 4885 134 29 criticised
785 4888 143 40 adversely
948 4895 28 25 at
1002 4892 109 39 length,
1133 4894 53 28 and

638 4923 43 28 Mr
695 4924 119 31 Rawlins
826 4929 64 29 took
902 4932 125 29 occasion
1039 4937 27 25 to
1077 4935 110 28 remark

638 4975 32 16 on
684 4977 13 15 a
720 4965 91 30 leader
833 4979 26 17 in
886 4970 45 29 the
958 4975 17 13 tf
989 4974 90 36 Otago
1107 4975 78 35 Daily

646 5004 3 40 I
661 5004 76 36 imes,
773 5006 118 32 devoted
905 5015 27 23 to
947 5012 40 28 his
1011 5014 118 29 attitude
1151 5027 34 17 on

637 5043 54 28 tins
726 5047 54 27 and
809 5049 80 28 other
913 5054 141 35 questions
1080 5059 30 24 at
1140 5057 46 28 the

637 5089 90 24 recent
741 5087 107 38 mining
868 5092 161 30 conference
1051 5099 27 23 at
1101 5096 68 28 Alex-

636 5123 93 29 andra.
769 5126 43 29 He
826 5128 52 28 had
894 5131 58 28 said
971 5133 92 36 there,,
1077 5136 55 27 and
1152 5136 34 29 he

639 5163 165 32 maintained
833 5167 37 36 it,,
890 5170 60 29 that
982 5173 64 37 they
1074 5175 48 28 did
1136 5182 47 23 not

639 5208 70 23 want
724 5216 14 16 a
753 5205 38 28 lot
804 5207 113 37 of-men,
934 5212 65 28 with
1024 5224 35 18 no
1086 5217 97 35 special

637 5243 124 35 aptitude
781 5245 43 27 for
843 5248 47 27 the
915 5250 85 35 work,
1028 5257 62 24 sent
1114 5255 70 28 fiom

638 5281 46 29 the
699 5286 86 26 towns
799 5289 27 25 to
840 5293 114 25 execute
969 5292 66 29 sncli
1047 5299 139 26 contracts

636 5332 39 23 as,
696 5332 45 26 say
758 5324 46 27 the
815 5326 145 37 enlarging
980 5332 27 26 of
1021 5333 46 27 the
1082 5334 103 29 Dismal

639 5359 109 40 Swamp
758 5365 133 28 reservoir
899 5367 31 36 (if
941 5369 44 28 the
998 5370 189 34 Government

637 5403 202 37 contemplated
854 5407 137 39 spending
1011 5421 73 19 some
1098 5415 28 27 of
1139 5416 46 27 the

637 5441 107 39 mining
757 5446 61 26 vote
832 5444 88 39 there)
938 5448 78 30 while
1027 5451 76 31 there
1114 5464 70 20 were

637 5480 90 38 plenty
745 5483 29 28 of
786 5493 63 19 men
873 5486 54 29 idle
953 5489 58 29 who
1037 5502 70 20 were
1126 5496 60 28 well

637 5521 61 28 able
711 5525 29 25 to
754 5524 152 29 undertake
929 5528 46 28 the
998 5532 76 27 work
1094 5534 27 27 in
1136 5545 49 18 our

637 5570 58 18 own
721 5562 116 29 district.
877 5565 57 30 The
957 5570 109 37 surplus
1089 5573 97 29 labour

637 5610 54 18 was
701 5600 26 29 in
740 5602 47 29 the
800 5603 60 30 first
880 5605 122 32 instance
1025 5614 29 24 to
1075 5622 15 18 a
1108 5618 79 34 great

637 5645 96 26 extent
746 5645 109 28 created
868 5647 54 28 and
936 5648 121 32 fostered
1078 5653 37 38 by
1140 5655 47 29 the

637 5685 101 32 system
753 5684 53 26 and
817 5685 30 26 b\
867 5688 66 25 such
947 5688 100 30 foolish
1056 5694 129 35 speeches

637 5729 28 19 a->
679 5720 61 30 that
759 5722 27 28 of
813 5722 45 31 Mr
882 5725 127 38 M'Lean,
1030 5741 15 18 a
1064 5731 104 32 Govern-

1297 207 77 25 ment
1404 206 154 35 supporter,
1589 200 139 30 delivered
1753 203 26 27 in
1805 200 44 35 ttie

1277 242 4 44 |
1295 245 102 28 Trades
1410 244 56 29 liall
1479 245 28 27 in
1526 242 172 29 Melbourne.

1387 293 52 19 THE
1454 292 121 20 BANKING
1587 291 172 19 LEGISLATION

1274 322 2 37 j
1290 333 54 19 was
1367 324 98 35 passed
1496 324 28 28 in
1547 322 108 34 review,
1678 323 113 28 as'.well
1815 334 29 18 as

1274 360 1 36 j
1289 363 72 28 what
1371 374 54 18 was
1441 363 105 29 termed
1560 364 47 28 the
1618 361 110 29 farcical
1744 364 99 28 results

1274 402 41 30 !of
1336 403 47 27 the
1404 403 192 34 Commission,
1622 402 56 27 and
1709 402 46 27 the
1789 403 52 27 bad

1286 446 194 34 management
1502 443 31 28 of
1559 443 47 27 the
1629 440 155 30 realisation
1813 443 28 26 of

1284 482 46 28 the
1357 484 97 28 Assets
1482 482 167 39 Company's
1676 482 162 38 properties,
1850 482 1 42 j

1282 523 55 27 and
1370 524 45 26 Mr
1447 524 121 27 Rawlins
1598 522 145 37 predicted
1773 533 65 26 very
1850 522 1 38 |

1281 562 103 28 serious
1397 572 204 28 consequences
1615 566 28 24 to
1667 562 46 27 the
1738 561 99 36 colony
1850 561 1 39 )

1279 600 70 29 from
1364 602 67 28 such
1446 602 247 38 mismanagement
1709 601 27 27 in
1758 601 77 36 1309,
1850 600 1 42 j

1280 642 77 30 when
1372 643 33 27 he
1420 642 59 28 said
1492 642 77 28 there
1581 641 88 29 would
1681 641 153 39 inevitably
1850 641 1 39 j

1278 681 33 28 be
1345 692 82 27 many
1464 682 197 38 bankruptcies
1697 682 138 37 resulting
1850 681 1 39 j

1277 722 159 28 therefrom.
1476 722 45 29 He
1544 733 54 17 was
1622 733 94 17 severe
1742 724 28 26 in
1792 719 59 36 his-1

1276 763 122 29 remarks
1432 773 36 18 on
1501 763 47 29 the
1580 763 253 38 non-compellable
1850 763 1 39 |

1275 807 130 25 accounts
1425 804 29 27 in
1477 804 46 28 the
1551 803 20 29 C
1598 803 55 33 list,
1681 804 90 29 which
1798 805 34 28 he
1850 803 1 33 i

1326 829 4 19 #
1460 829 1 19 .
1647 829 6 8 7
1850 829 1 19 I

1275 844 163 36 designated
1473 854 51 18 one
1559 854 28 18 ol
1629 844 47 28 the
1707 847 124 35 greatest

1275 884 125 29 scandals
1436 885 26 27 in
1496 885 48 28 the
1580 884 106 38 history
1724 886 29 28 of
1786 886 48 28 the
1846 889 5 24 J

1276 924 107 38 colony.

1462 974 49 19 PRO
1517 974 129 19 fIIBITION.

1295 1004 2 33 .
1314 1004 57 30 The
1403 1006 146 29 candidate
1580 1016 55 18 was
1662 1007 116 29 adverse
1805 1010 28 27 to
1849 1004 1 33 i

1280 1045 177 35 Prohibition,
1482 1046 88 29 which
1592 1047 33 28 he
1655 1047 59 28 said
1734 1058 55 18 was
1817 1059 15 16 a
1848 1042 2 38 i

1274 1086 73 29 form
1370 1086 29 30 of
1420 1087 133 34 coercion,
1578 1087 49 28 but
1660 1087 134 30 favoured
1817 1081 33 45 a'j

1277 1127 168 28 three-fifths
1492 1127 138 37 majority.
1672 1128 43 28 He
1765 1140 67 17 con-
1848 1127 1 39 j

1276 1167 107 27 sidered
1399 1167 45 27 the
1457 1167 99 36 people
1579 1167 99 28 should
1705 1169 34 27 be
1763 1169 66 28 ed'u-
1846 1167 3 40 j

1276 1206 78 26 cated
1366 1215 35 26 up
1413 1209 28 23 to
1452 1209 183 32 temperance,
1648 1207 50 26 but
1709 1208 123 26 asserted
1846 1206 2 35 .

1277 1245 58 25 that
1350 1244 44 28 the
1413 1254 92 27 young
1519 1244 98 37 people
1631 1245 29 27 of
1673 1245 46 28 the
1733 1246 99 35 colony
1846 1244 2 40 j

1275 1293 69 17 were
1364 1283 138 36 naturally
1524 1287 162 33 temperate.
1727 1284 39 27 As
1789 1294 41 18 re-
1845 1283 2 37 j

1274 1322 83 34 gards
1371 1322 47 28 the

1394 1370 3 26 .
1415 1370 262 26 BIBLE-IN-SCHOOLS,

1271 1401 34 28 he
1319 1401 127 38 objected
1458 1406 39 24 -to
1520 1413 62 17 meu
1606 1402 86 39 being
1717 1402 112 39 obliged

1253 1442 3 40 j
1272 1446 26 23 to
1314 1442 63 28 read
1392 1442 21 27 it
1426 1446 26 24 to
1467 1442 134 35 children,
1613 1443 71 34 who,
1698 1444 130 38 perhaps,

1253 1481 2 39 i
1270 1481 46 27 did
1331 1486 49 23 not
1394 1482 105 28 believe
1519 1483 28 27 in
1569 1483 31 34 it,
1621 1483 55 27 and
1702 1484 125 36 thought

1253 1521 2 41 i
1269 1521 46 29 the
1330 1522 80 29 home
1427 1531 55 20 was
1497 1522 47 29 the
1557 1532 100 30 proper
1682 1522 78 39 place
1782 1524 46 28 for

1269 1563 113 33 reading
1394 1563 54 27 and
1461 1564 131 32 teaching
1613 1564 30 28 it.
1683 1564 27 27 It
1731 1564 92 28 would

1253 1590 191 17 i■,
1459 1602 5 6 .
1572 1590 16 11 °

1268 1612 84 27 prove
1366 1604 46 26 the
1426 1602 59 28 thin
1500 1603 52 27 end
1568 1604 29 26 of
1611 1604 46 27 the
1671 1604 107 37 wedge,
1801 1604 24 26 if

1266 1642 96 31 allowe
1375 1645 15 33 I,
1406 1648 28 25 to
1448 1642 181 41 disintegrate
1651 1644 47 30 the
1719 1644 84 30 educa-

1267 1686 57 26 tion
1334 1688 114 33 system.

1415 1734 52 18 t;ik
1486 1733 69 20 land
1573 1734 102 20 poliov.

1667 1750 8 10 7

1266 1776 38 22 or,
1321 1776 29 16 as
1364 1771 19 21 it
1400 1776 53 17 was
1468 1766 96 34 called,
1579 1766 46 28 the
1639 1767 182 37 bursting-up

1266 1806 98 36 poli'-y,
1380 1806 33 28 he
1428 1805 47 29 did
1490 1810 47 24 not
1558 1806 97 29 favour
1665 1816 30 18 as
1716 1807 104 28 carried

1253 1845 1 36 i
1265 1849 49 24 out
1351 1846 36 35 by
1424 1846 44 28 the
1501 1845 196 29 Government.
1738 1846 83 28 Their

1267 1886 124 28 methods
1407 1897 69 18 were
1485 1886 64 35 bad,
1560 1896 29 18 as
1603 1886 153 38 shop-girls
1764 1887 54 28 and

1265 1927 92 29 others
1384 1937 70 18 were
1487 1927 115 28 allowed
1632 1926 187 38 (particularly

1267 1967 64 27 with
1364 1968 99 36 regard
1505 1971 28 24 to
1572 1968 46 27 the
1660 1966 158 38 Ardgowan
1830 1966 1 38 I

1269 2008 101 35 hstate)
1409 2011 27 24 to
1472 2010 125 32 compete
1629 2016 28 18 as
1684 2006 134 30 dummies
1830 2006 1 37 ;

1265 2047 65 28 with
1345 2047 108 29 trained
1472 2047 125 29 farmers.
1637 2047 57 29 The
1708 2047 110 29 intend-
1830 2047 1 29 !

1265 2087 48 35 ing
1327 2088 96 28 settler
1446 2087 99 28 should
1566 2098 85 26 prove
1678 2088 43 28 his
1747 2088 71 28 bona
1830 2087 1 37 |

1266 2128 65 27 fides
1354 2128 178 33 beforehand,
1547 2128 54 28 and
1622 2128 99 28 should
1742 2128 75 28 show
1830 2128 1 33 j

1263 2172 47 23 not
1317 2168 63 37 only
1393 2168 61 28 that
1465 2168 34 28 he
1510 2177 55 18 was
1576 2178 16 18 a
1602 2168 130 38 practical
1744 2178 70 25 man,
1830 2168 1 38 ;

1262 2208 50 28 but
1338 2210 59 27 that
1432 2210 35 27 he
1499 2208 55 28 had
1589 2210 47 26 the
1671 2218 144 28 necessary
1830 2208 1 38 j

1261 2258 98 27 money
1383 2251 28 25 to
1430 2258 79 28 carry
1535 2252 48 25 out
1610 2248 41 28 his
1678 2249 135 37 improve-
1829 2246 2 42 j

1260 2293 89 24 mnnts
1372 2288 53 29 and
1438 2289 66 28 then
1524 2288 135 40 granting
1686 2288 57 29 him
1766 2289 47 28 the
1828 2288 2 51 j

1258 2329 63 28 land
1335 2335 28 22 at
1375 2342 15 14 a
1404 2330 159 27 reasonable
1576 2330 88 38 figure
1674 2330 89 27 would
1780 2330 32 27 be

1254 2368 161 37 justifiable.

1423 2419 30 19 IX
1466 2419 180 26 conclusion,.

1254 2450 43 30 Mr
1320 2450 120 30 Ilawlias
1463 2450 120 31 claimed;
1595 2450 72 29 their
1689 2455 117 34 support

1251 2491 115 28 because
1389 2492 34 27 he
1445 2501 55 19 was
1524 2503 17 17 a
1562 2492 68 27 local
1653 2502 74 23 man,
1751 2492 55 28 and

1249 2530 66 37 they
1329 2531 89 29 would
1432 2531 35 27 be
1479 2540 72 27 sure,
1573 2530 26 28 if'
1618 2531 139 34 returned,
1775 2532 31 28 he

1251 2570 87 29 would
1362 2570 35 30 do
1421 2571 42 28 his
1486 2571 62 29 best
1571 2575 28 25 to
1622 2570 116 39 develop
1759 2572 45 28 the

1249 2622 138 19 resources
1409 2612 29 28 of
1458 2612 47 28 the
1526 2612 118 35 district,
1674 2622 30 18 as
1733 2613 72 28 their

1247 2653 128 27 interests
1390 2662 70 18 were
1474 2652 136 28 identical.
1652 2652 45 28 He
1713 2653 88 28 would

1242 2692 89 38 judge
1353 2692 150 38 important
1517 2692 140 39 questions
1671 2692 72 29 from
1759 2694 44 27 the

1246 2732 161 38 standpoint
1429 2733 29 28 of
1480 2734 72 27 their
1564 2733 129 37 practical
1710 2734 92 36 utility

1246 2773 24 27 in
1287 2773 113 28 relation
1427 2777 26 23 to
1475 2774 47 27 the
1541 2773 157 28 necessities
1713 2773 28 27 of
1756 2774 46 27 the

1244 2813 107 37 colony,
1365 2813 54 28 and
1439 2813 88 28 would
1543 2824 47 17 use
1604 2823 82 27 every
1700 2813 85 28 endea-

1244 2863 68 17 vour
1326 2857 27 22 to
1368 2864 108 17 remove
1490 2853 47 27 the
1553 2853 105 28 burden
1672 2853 29 27 of
1723 2859 62 22 taxa-

1244 2892 54 26 tion
1312 2892 69 27 from
1393 2894 45 24 the
1449 2892 144 27 shoulders
1605 2893 29 26 of
1647 2893 45 26 the
1707 2894 72 26 work-

1243 2929 48 36 ing
1307 2939 60 17 men
1379 2930 28 26 of
1428 2930 46 27 the
1488 2930 242 37 colony.—(Loud
1750 2941 32 27 ap-

1244 2968 115 37 plause.)

1444 3017 154 25 QUESTION'S.

1282 3049 33 29 In
1342 3050 78 38 reply
1450 3054 29 25 to
1514 3051 45 28 Mr
1594 3051 121 37 Manuel,
1756 3053 46 29 the

1246 3090 144 29 candidate
1399 3091 61 28 said
1474 3091 34 28 he
1529 3092 90 29 would
1635 3097 49 25 not
1704 3093 98 30 favour

1245 3132 206 36 compensation
1465 3135 28 24 to
1507 3133 153 37 publicans,
1685 3144 29 18 as
1728 3135 72 28 their

1246 3170 113 29 licenses
1373 3181 69 19 were
1456 3172 119 38 granted
1588 3173 72 29 from
1683 3184 66 27 year
1773 3177 28 27 to

1244 3220 79 29 year..

1284 3251 139 40 Replying
1437 3256 28 27 to
1478 3265 34 18 an
1526 3253 111 37 elector,
1649 3256 35 28 he
1698 3256 58 28 said
1777 3257 23 29 if

1247 3291 152 30 Chinamen
1424 3304 71 18 were
1531 3296 168 28 naturalised
1733 3298 66 35 they

1246 3331 97 28 should
1358 3333 69 29 have
1441 3334 80 38 equal
1531 3334 90 38 rights
1635 3336 67 27 with
1711 3336 69 30 Euro-

1246 3382 92 28 peans,
1350 3373 49 30 but
1423 3374 33 29 he
1480 3375 90 29 would
1587 3375 99 31 favour
1707 3387 16 18 a
1742 3378 55 39 poll

1245 3417 55 26 tax.

1281 3455 31 27 In
1329 3456 76 37 reply
1420 3459 27 24 to
1461 3467 14 16 a
1486 3457 109 28 further
1608 3458 136 37 question,
1762 3460 34 27 he

1242 3494 91 29 stated
1366 3496 33 27 he
1423 3495 47 29 did
1496 3500 48 25 not
1562 3497 105 28 believe
1691 3498 27 28 in
1749 3499 47 29 the

1242 3533 91 29 Truck
1350 3537 18 24 A
1375 3540 41 30 ct,.
1427 3536 53 27 and
1498 3537 120 36 thought
1643 3538 22 27 it
1686 3540 108 27 wanted

1240 3575 159 31 amending.

1276 3615 46 26 Mr
1336 3615 32 27 R'.
1383 3615 133 30 Bennetts
1529 3617 136 38 proposed
1680 3619 54 27 and
1750 3620 43 27 Mr
1807 3615 1 40 |

1246 3654 103 39 losoph:
1366 3656 134 39 Tamblyn
1526 3657 137 30 seconded
1690 3670 15 18 a
1729 3663 63 27 vote
1807 3654 1 41 i

1238 3696 29 27 of
1281 3696 102 27 thanks
1410 3700 28 24 to
1465 3698 46 27 Mr
1535 3698 121 28 Rawlins
1681 3700 44 28 for
1750 3701 42 27 his
1806 3696 2 33 i

1236 3734 114 29 address
1373 3736 54 27 and
1448 3737 159 28 confidence
1628 3738 27 27 in
1683 3739 56 29 him
1759 3751 29 17 as

1237 3774 70 27 their
1343 3777 223 35 representative,
1601 3777 87 28 which
1736 3790 54 17 was
1805 3773 2 39 '

1235 3813 105 30 carried
1355 3815 200 38 unanimously.

1272 3860 26 23 A
1318 3861 64 24 vote
1408 3857 29 29 of
1463 3858 101 28 thanks
1587 3861 29 25 to
1646 3860 46 28 the
1715 3861 77 28 chair

1234 3896 166 29 terminated
1418 3897 45 29 the
1482 3898 140 36 meetimg.

1357 3970 169 30 MILLERS
1558 3971 106 31 FLAT.

1374 4017 63 25 (Own
1450 4017 199 28 Correspondent)

1270 4049 45 29 Mr
1332 4052 117 28 Rawlins
1471 4052 149 30 addressed
1632 4065 15 18 a
1660 4054 126 30 crowded

1215 4091 3 42 !
1233 4091 124 37 meeting
1369 4092 110 28 hereon
1500 4093 145 36 Thursday
1667 4096 119 37 evening

1214 4130 3 41 |
1234 4130 102 35 ('2th),
1350 4131 54 27 and
1419 4141 55 19 was
1488 4142 66 28 very
1568 4133 60 28 well
1649 4135 135 29 received.

1215 4170 2 42 |
1234 4170 43 26 Mr
1293 4170 29 28 P.
1349 4170 30 29 C.
1408 4171 87 28 Grant
1520 4173 136 36 presided,
1679 4175 54 27 and
1757 4176 26 27 in

1232 4209 179 39 introducing
1425 4211 45 29 Mr
1491 4211 123 30 Rawlins
1640 4215 143 29 remarked

1214 4249 2 50 j
1231 4249 58 28 that
1309 4250 66 36 they
1398 4261 70 19 were
1491 4252 37 28 all
1550 4264 89 18 aware
1665 4255 59 28 that
1751 4256 34 28 he

1214 4289 2 38 I
1234 4289 55 34 (Mr
1300 4289 132 38 Rawlins)
1444 4302 77 19 came
1542 4292 119 30 forward
1686 4295 28 28 in
1738 4296 47 29 the

1214 4330 1 41 !
1229 4330 116 28 interest
1381 4332 28 27 of
1437 4332 47 28 the
1526 4332 171 39 Opposition,
1729 4337 53 27 and

1214 4369 1 42 |
1230 4369 59 28 that
1303 4370 66 35 they
1379 4372 88 35 ought
1481 4375 28 25 to
1532 4373 53 28 feel
1611 4375 88 36 proud
1722 4377 61 27 that

1228 4408 66 39 they
1307 4410 54 28 had
1376 4411 28 27 in
1419 4412 48 28 the
1477 4412 108 29 district
1594 4424 15 17 a
1623 4415 157 36 gentleman

1227 4449 30 29 of
1289 4450 127 30 sufficent
1451 4452 94 38 pluck,
1575 4463 118 31 courage
1726 4456 54 29 and

1224 4490 97 36 ability
1341 4495 29 24 to
1393 4502 79 19 come
1492 4494 128 34 forward,
1644 4499 49 25 not
1716 4497 66 35 only

1223 4530 110 37 against
1347 4541 15 17 a
1389 4535 72 25 most
1486 4533 71 35 able,
1585 4535 117 37 popular
1726 4537 52 27 and

1223 4570 133 37 powerful
1369 4576 149 34 opponent,
1533 4574 50 28 but
1603 4575 112 37 against
1733 4577 46 28 the

1222 4610 136 30 influence
1393 4612 30 29 of
1459 4613 48 29 the
1546 4617 72 26 most
1644 4616 132 37 powerful

1221 4650 237 37 administration,,
1467 4654 61 28 that
1538 4664 64 19 ever
1614 4656 162 29 abused'the

1221 4690 119 37 position
1354 4692 66 36 they
1442 4693 75 29 held.
1560 4694 55 38 (By
1640 4695 46 28 the
1708 4696 67 29 time

1221 4730 54 28 this
1286 4730 23 28 is
1323 4730 27 29 in
1366 4732 75 37 print
1455 4732 47 29 Mr
1523 4732 122 31 Rawlins
1655 4734 64 35 will,
1739 4746 37 18 no

1220 4770 96 36 doubt,
1331 4771 68 29 have
1409 4772 150 30 addressed
1575 4774 47 28 the
1635 4775 98 37 people
1747 4775 29 28 of
1785 4770 1 44 j

1220 4810 198 39 Roxburgh,so
1427 4812 62 28 that
1496 4813 110 29 further
1611 4815 164 37 particulars
1785 4810 1 42 j

1218 4861 35 17 on
1265 4861 45 26 my
1332 4857 62 28 part
1412 4853 91 28 would
1524 4854 35 27 be
1575 4854 193 37 superfluous.)
1785 4853 1 38 !

1220 4890 54 28 But
1294 4891 42 29 his
1362 4892 124 29 remarks
1511 4893 55 28 and
1588 4894 119 28 attitude
1731 4898 40 25 to-
1785 4890 1 42 ;

1218 4931 89 29 wards
1333 4935 53 27 two
1406 4932 33 30 of
1469 4933 48 29 the
1547 4937 73 26 most
1652 4934 122 40 burning
1785 4931 1 45 j

1216 4974 143 36 questions
1369 4974 31 28 of
1409 4974 47 29 the
1465 4974 205 36 day—viz.,the
1680 4975 78 29 Bible-

1216 5013 136 29 in-school
1366 5014 55 28 and
1435 5014 47 29 the
1495 5014 91 42 liquor
1599 5014 97 35 traffic,
1717 5024 55 28 are,

1217 5057 27 25 to
1272 5065 47 27 say
1341 5055 48 28 the
1411 5055 70 29 least
1505 5056 30 29 of
1548 5056 32 36 it,
1594 5056 165 39 straightfor-

1216 5095 83 34 ward,
1314 5096 156 37 outspoken
1481 5096 55 29 and
1546 5096 116 29 candid.-
1695 5096 55 29 Dur-

1216 5135 49 37 ing
1286 5136 42 27 his
1354 5136 61 29 able
1440 5136 115 30 address
1582 5137 46 28 Mr
1649 5137 122 28 Rawlins

1215 5186 55 18 was
1284 5176 140 40 freqently
1446 5177 167 39 applauded,
1635 5173 136 43 although

1214 5226 16 16 a
1260 5226 95 28 young
1387 5218 117 29 colonial
1529 5219 136 37 persisted
1691 5219 28 28 in
1754 5230 15 17 a

1215 5255 82 28 series
1312 5256 28 26 of
1354 5257 193 39 interuptions,
1559 5258 55 27 and
1625 5268 36 18 on
1680 5258 91 29 which

1214 5294 46 29 the
1274 5295 171 32 admonition
1459 5298 31 30 of
1500 5299 48 30 the
1562 5297 140 32 chairifian
1715 5300 54 29 and

1215 5335 46 27 the
1291 5336 132 29 audience
1455 5348 72 19 were
1562 5339 73 28 alike
1661 5340 108 29 thrown

1214 5383 75 29 away
1301 5387 7 23 ;
1329 5376 52 27 and
1397 5386 70 20 even
1480 5388 16 19 a
1510 5379 79 29 bribe
1600 5380 29 29 of
1641 5391 17 18 a
1671 5380 81 29 decoc-

1215 5414 56 28 tion
1295 5419 48 24 out
1364 5417 31 28 of
1415 5428 16 17 a
1453 5418 89 29 bottle
1566 5421 65 36 only
1652 5421 117 37 spurred

1216 5452 54 30 him
1285 5464 34 19 on
1340 5459 28 25 to
1381 5456 110 31 further
1498 5459 140 30 exertions
1647 5460 81 36 until,
1739 5463 29 26 at

1215 5492 62 37 last,
1297 5495 46 29 Mr
1362 5496 131 37 Rawlins,
1506 5499 27 28 in
1547 5510 16 17 a
1585 5510 132 28 proxysm
1740 5501 28 27 of

1216 5532 117 40 despair,
1353 5545 56 21 was
1433 5537 82 39 fairly
1535 5539 131 36 silenced,
1688 5540 81 27 when
1783 5532 2 44 i

1215 5573 54 27 this
1304 5585 95 29 young
1433 5578 124 38 aspirant
1592 5582 29 25 to
1653 5579 116 28 colonial
1783 5573 2 43 j

1216 5612 106 39 politics
1336 5626 58 20 was
1401 5617 85 30 taken
1499 5617 29 29 in
1544 5617 103 39 charge
1667 5617 38 39 by
1726 5617 43 30 his
1783 5612 2 47 j

1216 5655 108 29 mother
1334 5657 54 29 and
1398 5658 118 37 forcibly
1529 5659 118 28 evicted.
1687 5657 84 29 After

1214 5696 157 37 answering
1400 5697 105 28 several
1524 5697 143 37 questions
1688 5697 67 27 satis-

1216 5731 134 40 factorily,
1365 5747 15 18 a
1394 5741 64 26 vote
1471 5736 31 29 of
1508 5736 103 29 thanks
1620 5736 54 29 and

1881 208 86 31 deiico
2004 222 53 17 wis
2093 212 133 37 propise'l
2259 214 37 34 by
2326 215 45 27 ?\Tr
2402 215 24 27 R

1880 249 181 39 jliejiard.son,
2077 262 80 18 s-.'con
2169 252 25 28 le
2206 254 5 26 I
2228 255 37 36 bf
2291 255 45 28 Ml*
2356 256 74 28 John

2030 293 53 26 ;iii:l
2103 302 14 18 c
2126 303 62 18 in\e
2199 293 9 28 1
2230 295 200 31 unanimously.

1877 330 24 24 A
1915 336 63 23 vote
2000 332 28 27 of
2051 331 103 29 t!i:inks
2176 336 28 24 to
2227 335 46 27 the
2291 335 138 29 cluiirnnn

1874 368 165 31 ter;aiinterl
2053 372 46 28 the
2114 373 128 31 meeting.

1992 446 314 51 Correspondence.

1893 528 56 21 THE
1966 531 434 21 MEMBER
2399 528 1 24 FOR
2398 528 2 24 TEVIOT
2399 528 1 24 RIDING.

2049 560 30 19 To
2093 564 43 16 THE
2154 560 83 22 EdIT)K.

1891 580 83 26 Sir,—l
1990 583 97 24 observed
2103 588 20 19 in
2137 594 52 18 your
2205 588 37 21 la-it
2257 588 54 22 issaj
2326 589 47 20 thii
2387 587 36 21 the
2435 580 1 32 ;

1866 610 106 19 mountain
1987 611 34 19 lias
2037 612 49 21 b>en
2104 614 20 20 in
2141 615 70 21 labour
2226 623 24 13 an
2258 615 9 20 1
2282 616 35 20 his
2335 615 87 24 brought
2435 610 1 29 !

1866 634 54 22 forth
1932 636 38 21 less
1981 637 47 21 than
2042 639 34 21 ths
2091 641 114 25 proverbial
2218 650 76 15 mows,
2364 642 58 21 Joha
2435 634 1 32 I

1865 663 63 24 Inglis
1938 664 16 19 is
1965 664 34 20 the
2010 672 19 12 in
2037 671 45 15 mot
2089 669 35 23 lio,
2138 669 37 19 bu,
2192 670 8 20 £
2213 677 29 13 wo
2250 670 29 20 lid
2295 670 71 20 advise
2377 670 20 19 hi
2406 676 12 12 n
2435 663 1 29 :

1865 690 19 19 in
1896 690 70 20 future
1976 693 36 17 not
2022 697 21 15 10
2055 693 56 21 belch
2124 699 36 16 oat
2170 695 30 21 bis
2210 697 60 25 vapid
2284 697 106 24 reasoning
2400 696 20 19 in
2435 690 1 34 j

1865 717 130 23 explanation
2006 719 21 20 of
2038 727 34 17 my
2082 728 41 14 ram
2131 723 41 20 irks
2188 725 18 20 in
2225 731 32 16 my
2274 724 75 20 former
2359 723 61 19 letter

1864 744 100 26 referring
1983 747 21 18 to
2021 747 35 19 the
2071 747 65 22 lavish
2218 751 62 20 liture
2290 750 21 20 of
2322 750 35 20 the
2368 752 51 17 rate-
2435 743 1 28 i

1865 778 23 19 pi
1892 772 50 21 vers'
1959 780 73 19 money
2047 774 20 21 in
2082 778 119 21 coinection
2221 778 49 21 with
2288 777 35 20 the
2341 777 78 20 Millers
2435 772 1 27 :

1866 799 46 21 Fiat
1922 800 69 25 bridge
2000 802 40 20 and
2051 806 51 22 punt
2112 804 44 21 site.
2188 806 29 20 l£.»
2232 812 47 19 very
2435 797 1 34 '

1865 827 74 20 invites
1949 834 31 14 me
1992 831 21 17 to
2023 831 47 19 take
2080 837 11 13 a
2100 838 50 19 peep
2159 834 22 18 at
2190 834 33 19 the
2233 832 93 26 ciunty's
2337 832 81 20 balance
2434 827 2 35 j

1864 854 58 21 sheet
1931 855 40 20 and
1981 856 122 27 investigate
2114 858 26 21 its
2150 861 100 20 contents.
2279 860 9 20 I
2300 860 51 19 hive
2364 858 52 21 done
2434 854 2 30 j

1864 888 28 19 so,
1904 883 39 20 and
1955 883 40 21 will
2006 891 44 13 now
2060 886 46 23 give
2116 886 63 24 him.a
2188 887 57 21 small
2260 888 82 25 portion
2351 886 21 21 of
2383 893 32 18 my
2434 883 1 30 |

1864 909 88 24 analysis
1968 911 22 19 of
2007 912 47 19 that
2070 913 92 24 precious
2171 914 51 21 docu
2231 916 56 19 nent.
2315 915 43 19 The
2368 914 47 24 only

1864 937 49 20 item
1938 938 20 19 in
1980 938 36 20 the
2038 938 81 22 balance
2136 940 58 20 sheet
2213 941 65 20 which
2299 942 9 19 I
2328 942 51 19 have
2397 944 21 17 at
2434 937 1 24 !

1865 967 82 22 present
1955 971 40 14 nnv
2005 965 65 22 desire
2081 971 20 15 to
2112 968 57 20 brin/
2179 969 63 19 urder
2253 969 35 20 the
2298 968 117 20 immedute
2434 965 1 24 !

1864 991 66 21 notice
1947 992 21 20 of
1983 992 35 21 the
2032 1000 23 13 ra
2066 1001 83 19 ep.iyers
2165 995 20 20 of
2203 996 35 19 the
2256 998 76 23 county
2348 996 16 19 is
2382 994 35 21 the
2434 990 2 35 [

1863 1021 134 24 extravagifit
2009 1020 70 26 outlay
2091 1022 21 20 of
2122 1029 72 19 money
2202 1023 21 20 iu
2234 1029 34 14 co.i
2278 1024 74 19 iec'ion
2364 1022 49 21 with
2434 1020 1 31 j

1859 1042 1 34 •
1863 1046 36 21 the
1910 1047 76 20 Millers
1997 1048 46 21 Flat
2055 1048 71 25 bridge
2138 1050 45 21 site,
2199 1050 46 26 viz.,
2261 1050 51 21 £'2oo
2322 1050 19 20 i:i
2352 1049 65 22 round
2433 1042 2 34 '

1863 1074 80 26 figures,
1963 1075 39 20 and
2023 1076 85 25 nothing
2131 1078 21 17 to
2174 1077 56 19 show
2253 1078 31 19 for
2304 1078 20 19 it.
2355 1077 11 20 I
2385 1085 31 12 a:n
2433 1074 2 27 i

1862 1101 91 26 credibly
1971 1103 59 25 given
2053 1107 20 16 to
2091 1103 124 22 understand
2236 1104 46 21 that
2301 1104 42 21 this
2362 1104 55 26 large
2434 1101 1 31 j

1862 1131 85 18 amount
1957 1129 36 20 has
2004 1131 49 20 been
2068 1137 25 14 ex
2096 1131 78 24 pearled
2185 1131 87 21 without
2282 1132 74 22 having
2366 1132 50 20 been
2434 1129 2 26 •

1862 1156 61 20 voted
1934 1156 26 26 by
1969 1157 109 20 resolution
2087 1158 21 19 of
2115 1158 33 19 the
2155 1160 75 24 county
2239 1159 85 20 council.
2355 1159 18 19 If
2383 1159 31 19 Mr

1861 1183 64 23 Inglis
1943 1190 36 13 can
1994 1189 62 19 prove
2075 1184 45 20 that
2138 1185 10 19 I
2171 1191 32 14 am
2221 1187 19 18 in
2265 1192 56 13 eiror
2345 1186 10 19 1
2375 1186 41 19 will
2434 1183 1 29 |

1861 1209 101 23 apologise
1973 1211 21 17 to
2004 1210 127 24 him-andcrj
2141 1211 87 23 pec<savi.
2257 1210 25 21 Tu
2289 1212 123 22 conclusion,
2434 1209 1 25 j

1861 1234 11 19 I
1884 1234 36 25 beg
1929 1234 21 20 of
1961 1234 31 21 Mr
2001 1235 64 25 Jnglis
2075 1238 21 17 to
2113 1237 58 25 point
2182 1239 41 18 -out
2237 1236 36 21 the
2289 1236 91 21 slanders
2395 1238 20 19 in
2434 1234 1 28 :

1862 1267 33 19 my
1906 1262 39 19 last
1955 1261 68 22 letter.
2051 1262 20 21 If
2082 1262 10 21 I
2101 1262 43 21 said
2159 1262 45 23 t.liat
2220 1264 26 21 he
2264 1271 39 14 was
2321 1272 12 13 a
2369 1272 48 18 pin-
2434 1261 1 29 i

1985 1289 39 19 and
2034 1295 12 13 a
2079 1290 72 19 lmrdie
2270 1292 25 19 he
2310 1292 76 27 would,
2407 1287 4 32 I

1861 1313 47 20 dare
1915 1320 44 19 say,
1970 1315 92 20 consider
2072 1316 15 19 it
2098 1323 11 13 a
2119 1318 118 23 gross'libel.
2267 1319 55 19 More
2332 1325 60 14 anon.

1861 1340 10 19 I
1880 1347 41 19 am,
1932 1344 48 22 etc.,
2288 1345 106 21 JIAOLAN.
2432 1340 2 26 i

1886 1368 78 21 Millers
1976 1368 51 23 Flat,
2039 1370 48 20 17th
2100 1367 125 25 .^0v.,1896.
2241 1367 4 25 .

211 91 64 33 -p'p;
285 96 44 28 Jq
340 106 24 18 v
402 94 155 30 TvJ^m
570 91 144 33 090
752 91 9 26 1
773 91 87 33 2Qn

211 112 17 21 X
246 112 88 20 ilaCl
349 112 11 18 /
369 125 5 9 ,
404 115 80 15 Aijii
496 112 165 22 o..:!

336 131 15 11 a
369 129 5 7 7

1907 102 198 40 MOUNT
2194 105 227 42 BENGER
2507 103 155 44 MAIL.

1891 1430 146 31 Ilollmvay's
2071 1434 126 24 Ointrruni;
2233 1435 48 24 aud
2315 1435 99 24 Pills.—

1862 1462 19 21 W
1890 1463 56 23 hi'st
1979 1465 41 23 the
2048 1465 146 24 inhabitants
2216 1467 25 22 of
2276 1475 35 16 mr
2347 1474 66 22 great

1843 1496 1 27 I
1858 1496 67 21 cities
1950 1496 72 24 suffer
2054 1497 60 23 from
2140 1499 41 22 the
2203 1499 82 24 effects
2308 1500 26 21 of
2354 1507 57 16 over

1843 1525 1 33 )
1858 1528 123 30 crowding
1991 1529 46 23 and
2051 1531 31 24 all
2096 1531 30 22 i's
2137 1531 125 25 atieadaut
2276 1532 66 24 evd-;.
2354 1531 57 24 b*i,h

1867 1563 107 28 pliys-cal
1990 1564 44 21 and
2050 1564 81 29 moral,
2144 1564 38 22 ihe
2196 1572 63 16 more
2278 1566 82 23 r-»l>uat
2381 1573 29 14 an

1856 1596 120 26 energetic
1994 1599 121 26 emigrant
2134 1596 45 23 will
2196 1597 24 21 in
2246 1597 38 22 hi*
2313 1603 53 17 tarn
2384 1597 27 21 he

1843 1623 1 33 |
1858 1623 58 33 :aMe
1930 1631 24 19 trt
1969 1626 72 24 suffer
2055 1635 22 16 in
2093 1629 35 22 his
2144 1636 48 15 new
2210 1629 70 24 home
2293 1629 60 22 from
2370 1629 40 22 t'le

1858 1667 58 17 want
1928 1667 21 18 ut
1966 1663 72 28 ready
2053 1663 51 23 skill
2118 1663 45 23 and
2178 1663 38 24 tho
2229 1668 68 23 geat
2310 1663 100 24 medic.il

1843 1695 1 30 l
1850 1697 127 19 "rcs-'Urc-'S
2002 1695 25 21 of
2046 1696 35 21 his
2100 1696 79 21 nstive
2200 1696 55 21 laud
2274 1695 89 30 alwayi
2387 1703 25 13 .v.

1843 1726 1 28 ,
1855 1726 136 24 command,
2032 1726 4 28 i
2046 1726 28 23 he;
2090 1726 52 24 beat
2154 1726 83 24 advice
2252 1735 12 15 a
2278 1726 75 24 friend
2367 1735 41 14 ci'i

1843 1759 1 33 :
1855 1759 53 29 give
1928 1760 19 22 is
1961 1761 33 22 for
2006 1760 48 23 him
2067 1764 23 19 to
2106 1759 53 24 t;.ka
2176 1769 12 13 a
2203 1761 88 31 snppiy
2303 1761 25 22 of
2345 1760 65 23 those

1856 1793 48 22 well
1920 1792 86 23 known
2018 1793 115 22 remedies
2149 1801 24 15 as
2189 1798 49 24 part
2251 1794 23 21 of
2287 1794 36 22 bis
2340 1792 68 23 outfi'

1856 1823 34 23 for
1916 1825 30 30 by
1964 1825 117 24 attention
2119 1829 39 21 the
2170 1825 73 30 easily
2266 1825 144 24 under.-tor.d

1853 1857 47 22 and
1915 1863 38 23 jet
1975 1860 79 25 ample
2077 1859 129 22 directions
2219 1858 76 24 which
2315 1865 76 16 accom-

1854 1897 60 22 pany
1928 1898 55 16 e-icn
1999 1891 42 23 box
2057 1891 45 23 and
2119 1897 39 24 pit
2175 1891 28 22 ha
2225 1891 44 22 will
2294 1899 73 16 never
2382 1894 26 20 be

1852 1929 23 16 at
1886 1923 62 24 fau't
1973 1925 68 23 when
2064 1924 71 25 taken
2153 1924 23 24 ill
2200 1933 26 15 or
2255 1924 76 24 under
2360 1932 46 16 aisv

1853 1955 97 24 m!verse
1968 1965 10 14 s
1995 1957 58 22 nitai
2061 1966 14 16 y
2088 1957 136 23 conditions
2242 1957 25 21 of
2294 1957 51 25 life,.

1831 2098 2 38 !
1851 2107 282 29 WATCHMAKER
2150 2105 23 29 &
2187 2107 210 29 JEWELLER,

1941 2159 70 28 Ross
2032 2159 98 33 Place,
2150 2158 162 30 Lawrejtce.

1847 2239 142 35 Watches,
2011 2239 99 28 Clocks
2130 2239 54 28 and
2206 2239 147 38 Jewellery
2373 2241 28 28 of

1827 2279 2 38 !
1891 2279 35 28 all
1942 2279 181 38 descriptions
2136 2279 68 38 kepis
2218 2280 26 27 in
2261 2279 95 29 Stock.

1861 2330 72 29 Nice
1948 2330 138 29 Selection
2100 2331 27 28 of
2147 2331 76 35 Gem,
2238 2331 145 39 Wedding

1977 2381 34 17 an
2025 2380 5 18 i
2046 2370 111 39 Keeper.
2168 2371 98 38 Kings.

1824 2450 2 27 ;
1843 2451 17 19 A
1876 2450 106 22 CHOICE
2003 2451 181 20 ASSORTMENT
2205 2452 35 20 OF
2261 2453 136 21 ARTICLES

1823 2479 2 33 j
1933 2484 71 21 ABLE
2016 2484 56 21 Foil
2088 2484 137 21 WEDDING
2237 2486 150 22 PRESENT*.

1896 2550 160 40 Spectacles-
2069 2555 26 25 to
2110 2552 60 27 Suit
2183 2552 38 28 ali
2234 2552 110 40 Sights,.-
2385 2576 5 3 -

1858 2632 106 30 WAX'ii-
1993 2641 33 20 AN
2027 2632 1 31 1
2033 2642 21 18 \)'
2084 2632 91 30 Clock;
2208 2633 118 30 Repairs
2359 2644 16 19 A

2041 2679 156 23 M'ECIALTY.

1839 2754 110 36 Kepairs
1963 2764 31 16 or
2007 2754 102 27 Orders
2126 2754 71 28 from
2213 2756 45 27 the
2272 2760 118 25 country

1885 2795 35 37 by
1943 2797 62 34 post
2029 2794 53 27 will
2107 2795 103 28 receive
2233 2801 111 33 prompt

2039 2835 143 27 attention.

1822 2865 1 41 i
2155 2865 44 36 *

1834 2911 39 51 rjl
1882 2909 23 26 E
1915 2909 76 27 VlO
2000 2909 22 26 T
2086 2909 41 29 DI
2136 2909 143 31 sPENS
2288 2912 101 31 ARY.
2400 2903 1 59 |

1930 2999 46 38 F.
2023 2966 261 80 JEfFeRY,
2400 2966 1 87 j

1830 3056 336 29 CHEMIST,,BOOKSELLER,
2180 3061 205 26 TOBACCONIST,

1893 3090 205 31 NEWS-AGENT,.
2107 3095 162 26 STATIONER,
2285 3096 38 20 &c.

1832 3170 130 30 FANCY
1991 3172 124 31 GOODS
2147 3175 57 28 and'
2232 3174 152 29 PATENT

1891 3218 216 31 MEDICINES
2126 3221 29 29 of
2176 3222 35 28 all
2232 3222 95 29 kinds.

2010 3313 97 20 AGENT
2125 3316 82 19 FOR—

1828 3352 126 28 Dresden
1969 3352 85 29 Piano
2069 3352 48 30 Co.

1826 3392 90 29 North
1924 3392 173 37 Queensland
2105 3393 62 31 Fire
2173 3394 150 31 Insurance
2332 3394 48 31 Co.

1828 3433 107 38 Raglan
1951 3434 133 35 Bicycles.

1837 3496 134 50 |>ol3
2002 3498 68 21 bli
2105 3499 11 20 i'
2186 3503 20 17 .\t
2210 3497 6 10 x
2249 3498 18 24 j;
2305 3505 14 18 A
2354 3498 21 25 Y
2396 3493 1 53 |

1870 3560 123 25 GFNFK.V'.
2022 3561 102 25 P'RAP.-R
2143 3571 49 16 A>D
2206 3560 4 27 '
2225 3570 75 17 L'JTil.I
2307 3572 29 15 K3

1948 3603 65 24 Ross-
2034 3604 46 23 Pl;i.
2127 3606 128 23 L'Mi;nc«.

1886 3670 57 23 Nev?
1962 3671 46 24 ?.rA
2030 3668 31 25 Fa
2062 3668 3 34 :
2067 3671 118 23 Min;!rdb'o
2212 3672 105 30 Draoery

1942 3705 64 21 stock
2025 3703 28 25 Ab
2068 3712 13 15 n
2095 3718 7 5 -
2120 3713 14 12 <i
2147 3705 14 22 *1
2179 3705 41 23 Vi>v
2227 3714 10 14 a
2249 3707 17 22 C
2392 3703 3 29 j

1884 3735 84 23 Lad-.es
1984 3745 22 14 ai
2016 3737 14 21 d
2182 3745 64 22 ivqjr
2254 3745 60 15 iitcf.
2392 3735 9 33 j-

1851 3777 74 24 Via.!s
1956 3781 22 21 R.-
1992 3787 16 14 x
2020 3780 67 25 ur,;h
2132 3781 46 22 and
2215 3790 25 13 5U
2244 3789 11 15 r
2269 3777 125 38 oaijdi.ij

1822 3811 54 22 '!ist,i
1884 3812 12 20 i(
1905 3816 21 18 t-i
1940 3811 81 25 nio•.t•.
2027 3811 3 25 1
2036 3820 10 16 v

2414 3285 42 52 J?
2541 3286 44 35 A.
2664 3286 303 42 MILLER,

2412 3358 135 27 BUILDER,
2561 3358 107 22 JOINER
2682 3358 62 21 AND
2763 3358 197 21 UNDERTAKER

2963 3386 4 9 J

2507 3410 72 29 Ross
2599 3410 99 36 Place,
2718 3410 163 29 Lawjjence.

2414 3501 123 29 PLANS
2552 3501 79 29 AND
2646 3499 319 32 SPECIFICATIONS

2553 3554 27 28 h
2601 3552 221 30 SPECIALTY.

2412 3645 152 38 Quantities
2579 3645 137 38 Prepared
2739 3645 54 28 and
2815 3643 148 29 Estimates

2436 3688 88 28 Given
2641 3686 100 28 classes
2754 3685 29 29 of
2799 3684 133 30 Builders'

2643 3725 97 28 Work.

2410 3797 49 57 ,J_
2523 3797 49 38 H.
2635 3794 325 44 PEARSOH,

2494 3872 5 8 '
2509 3862 67 21 ROSS
2591 3862 96 25 PLACE,
2701 3861 166 26 LAWRENCE,

2392 3897 2 51 |
2453 3906 264 35 CONTRACTOR,
2737 3905 181 36 BUILDER,

2659 3967 53 20 ANi)

2545 4009 275 31 UNDERTAKER.

2391 4041 2 16 i

2391 4081 1 34 ;
2408 4087 145 28 Contracts
2567 4083 83 29 taken
2661 4083 43 29 fur
2717 4081 137 30 Builders'
2875 4082 82 30 Work

2525 4124 29 28 of
2567 4132 81 28 every
2662 4123 175 37 description.

2467 4195 197 22 ESTIMATES
2695 4193 193 22 PREPARED.

2441 4255 25 28 A
2480 4252 194 31 well-assorted
2701 4252 85 28 Stock
2807 4252 29 28 of-

2387 4290 2 38 |
2404 4300 60 23 ture
2477 4295 102 33 nhvays
2590 4302 36 19 on
2639 4290 82 30 hand.

2441 4334 132 29 Funerals
2584 4332 153 29 conducted
2751 4333 26 26 in
2789 4332 35 27 all
2838 4335 75 34 parts
2927 4331 29 29 of

2386 4371 3 42 j
2404 4375 44 28 the
2477 4373 122 29 District.
2639 4372 105 28 Hearse
2770 4371 134 38 provided
2934 4371 21 27 if

2386 4414 1 38 I
2403 4414 134 38 required.
2847 4436 5 7 ,

2386 4475 76 66 jR.
2486 4452 3 89 '
2572 4476 57 39 W
2696 4475 17 38 I
2784 4475 33 38 N
2887 4452 67 61 N~

2400 4544 133 26 PAINTER,
2558 4542 130 25 GLAZIER,
2713 4541 92 21 PAPER
2825 4541 128 24 HANGER,

2473 4571 69 22 SIGN
2562 4570 116 21 WRITER
2698 4569 63 21 Ai»D
2783 4568 95 21 HOUSE

2587 4596 176 27 DECORATOR,

2489 4636 78 30 Ross.
2579 4636 99 35 Place,
2699 4635 162 28 Lawrence.

2431 4718 42 28 Ou
2489 4716 63 29 Sale
2565 4727 16 17 a
2590 4716 76 37 large
2677 4715 55 28 and
2742 4713 91 30 varied
2843 4717 89 26 assort-

2395 4763 74 25 ment
2482 4758 29 28 of
2525 4756 75 36 Oils,,
2608 4755 103 36 Paints,
2734 4754 97 34 Scrim;,
2856 4754 88 35 Glass,

2396 4798 226 39 Paperhangings
2644 4796 55 29 and
2719 4795 134 28 Painters'
2874 4793 54 31 Sun-

2393 4840 82 30 dries.

2429 4880 68 27 New
2507 4878 54 28 and
2569 4877 171 29 fashionable
2748 4875 73 28 Wall
2832 4874 112 37 Papers,

2393 4920 71 28 from
2478 4918 36 30 5d
2536 4929 49 28 per
2606 4917 75 39 piece
2704 4915 134 40 upwards,
2882 4917 47 25 fat-

2393 4967 74 23 terns
2481 4964 64 26 sent
2556 4969 41 19 on'
2612 4957 174 40 application,
2802 4960 62 35 post
2877 4953 66 30 free.

2430 5002 147 28 Estimates
2590 5000 83 38 given
2687 4999 43 27 for
2753 4996 116 29 General
2891 4995 36 28 Re-

2392 5043 89 37 pairs.-

2430 5080 169 31 Celebrated-
2608 5080 129 28 Lustruss
2757 5077 89 35 Paint,
2860 5075 83 38 ready

2393 5122 100 33 mixed,
2507 5121 36 28 all
2559 5120 121 29 Colours.

2396 5198 51 53 \[
2452 5241 10 11 t
2550 5199 41 38 J,
2672 5194 195 42 BLO-
2898 5194 53 43 Y,

2416 5264 200 22 WHITEHAVEN
2629 5264 111 25 STREET,
2755 5262 168 21 LAWRENCE.

2394 5345 127 29 BOARD
2546 5345 81 28 AND
2657 5342 219 29 RESIDENCE
2896 5341 50 28 AT

2435 5395 257 31 REASONABLE
2713 5393 187 31 CHARGES.

2500 5478 96 28 Meals
2616 5487 32 19 at
2666 5485 50 21 all
2735 5475 112 30 Hours.-

2407 5569 58 30 The
2480 5571 63 28 best
2557 5568 244 31 Accommodation
2822 5567 44 30 for
2879 5566 47 30 the

2527 5610 160 39 Travelling
2701 5609 106 29 Public.

2387 5696 103 28 GOOD
2506 5697 201 28 STABLING.
2747 5696 96 28 OATS
2861 5695 81 29 AND

2499 5735 128 31 CHAFF
2648 5735 52 31 ON
2724 5735 106 31 SALE-.

1805 3888 299 57 IIJEKBEiiT
2151 3893 101 28 AND
2253 3899 6 12 1
2302 3894 74 34 CO.,

2013 3959 169 23 LAWRENCE.

1976 4047 152 31 IIIPOKTiiIiS
2148 4059 32 20 OF

1801 4094 2 38 i
1817 4094 202 38 Ironmongery

1902 4141 188 37 Agricultural
2115 4141 184 40 Implements
2313 4141 3 40 .

2076 4190 191 34 Agricultural
2287 4195 12 22 Jr
2309 4186 64 31 ceJs

1989 4244 216 31 GROCERIES

1799 4290 1 47 |
1833 4301 98 29 TEAS
2046 4303 98 29 TtfAS
2259 4303 97 29 TEAS

1798 4348 1 42 j
1817 4348 127 35 (Ceylon)
2010 4348 3 42 ,
2038 4350 121 37 (Indian)
2250 4350 120 35 (China.)

1798 4423 1 52 ;
1815 4423 189 52 JOHNS
2046 4425 32 37 &
2114 4425 257 42 M'COMBE,

1811 4504 130 25 GROCERS
1954 4508 63 21 AND
2035 4508 136 22 GENERAL
2186 4508 183 25 MERCHANTS,

1950 4557 157 27 MILLBIIS
2128 4558 100 27 FLAT.

1843 4635 58 30 The
1939 4636 106 32 largest
2164 4633 201 31 best-assorted

1798 4671 1 13 '
1806 4675 11 9 r

1806 4675 86 28 Stock
1906 4677 29 27 of
1949 4676 116 28 General
2081 4675 92 28 Goods
2192 4676 28 26 ih
2244 4685 53 26 any
2311 4685 52 26 tip-
2375 4675 1 36 I

1804 4718 205 34 country.store
2022 4716 28 27 in
2065 4716 104 34 Otago.-

1841 4753 143 31 Groceries
2009 4756 54 29 and
2088 4755 154 29 Provisions
2262 4754 29 30 of
2314 4755 47 29 the

1805 4795 60 28 best
1876 4795 82 29 kinds
1973 4800 27 24 at
2012 4800 71 25 most
2093 4796 159 29 reasonable
2262 4796 104 37 prices..

1841 4834 150 38 Crockery,
2024 4835 168 37 Glassware,-
2214 4835 128 30 Ironmon-

1802 4883 86 30 gery,,
1895 4875 96 35 Boots,
2006 4877 95 32 bhoes,
2116 4875 49 29 &-o.

1840 4914 160 30 Customers
2014 4916 98 29 waited
2126 4927 34 18 011
2177 4916 31 29 'uv
2225 4915 41 29 all
2285 4918 75 36 parts

1803 4955 28 30 of
1845 4956 46 29 the
1908 4957 118 29 district.

2001 5033 143 23 AGENCIES
2154 5042 5 14 ;

1803 5072 176 30 Manchester
1992 5073 63 30 Fire
2068 5074 157 29 Insurance'
2233 5073 49 31 Co.

1803 5113 158 28 Australian
1970 5113 108 30 Mutual
2086 5114 150 29 Provident
2248 5115 113 37 Society

1802 5176 210 55 yiCTORIA
2029 5171 153 37 LWEItY*
2191 5178 170 30 STABLES

1888 5246 71 20 PEEL
1973 5245 298 26 STREET,-LAWRENCE.

1800 5314 35 41 T.
1865 5315 121 49 Dwyer
2032 5325 6 28 :
2087 5326 8 28 \
2151 5315 215 49 Proprietor.;

1837 5400 59 28 The
1909 5410 66 27 very
1989 5399 62 28 best
2067 5399 130 38 Stabling
2215 5400 145 38 provided,

1799 5440 68 28 with
1879 5451 16 17 a
1911 5439 101 29 Groom
2025 5439 101 38 always
2142 5440 28 27 in
2183 5440 176 28 attendance.

1799 5521 27 27 A
1848 5520 162 29 Handsome
2035 5520 55 28 and
2118 5519 242 39 Well-nppointed

1898 5569 155 35 Hearse
2078 5580 52 25 on
2161 5570 102 35 Hire.

1838 5655 158 29 First-class
2029 5656 94 38 Single
2158 5658 54 28 and
2248 5657 110 29 Double

1800 5696 141 36 Buggies;
1963 5696 66 31 also,
2043 5695 110 29 Ladies'
2169 5698 55 26 and
2245 5696 119 28 Gentle--

1799 5744 63 18 raen
1865 5734 7 12 ;
1875 5744 12 19 s
1902 5733 103 30 Saddle
2018 5734 114 29 Horses.

2656 205 243 57 SCRAP
2953 202 206 57 BOOK

2548 304 228 30 SOMETHING
2798 304 74 29 FOR
2891 305 81 29 YOU
2993 304 54 29 AN
3054 308 20 24 J
3095 303 77 29 THE
3194 302 130 29 OTtlSil

2519 380 150 29 'tESS-ST
2674 380 103 36 UFF3,
2799 381 102 36 Prints,
2923 382 101 28 Blouse
3045 381 128 35 Muslins,
3193 391 34 18 an
3236 381 10 27 1
3269 381 124 28 Sateens.

2532 445 89 28 Novel
2634 445 55 28 and
2703 456 60 18 new
2777 445 74 29 ideas
2866 447 27 26 in
2913 448 88 27 Prints
3015 448 54 28 and
3086 447 21 28 G
3118 447 63 28 date
3189 457 33 18 is.

2532 485 72 29 Hits
2617 486 55 29 ami
2827 487 164 29 SoMaraiNG
3010 497 31 20 tj
3064 488 89 28 Si.'ad
3177 487 23 28 ll

2531 525 101 28 Orders
2649 527 36 34 by
2701 527 65 28 Poib
2778 527 89 28 afford
2883 529 45 25 the
2945 528 128 28 Adverts
3082 539 24 16 it*
3121 538 86 26 unspe
3217 528 26 27 ik
3254 529 53 27 ible
3320 527 115 40 delig'io.
3476 530 17 27 l
3494 529 11 14 v
3509 532 77 28 ure's

2460 574 35 17 an
2508 565 178 28 unutterable
2699 565 126 38 pleasure
2839 566 27 27 in
2881 566 110 39 tearing
3001 577 70 28 opju
3086 568 46 27 t!ie
3142 568 132 37 envelope
3285 577 14 18 c
3309 572 65 23 >nt-u
3388 569 100 37 iin^an
3500 570 87 29 order.

2529 604 58 28 Tne
2601 605 122 28 author's
2737 606 92 37 object
2844 607 27 26 in
2886 607 83 35 bjinjf
2986 608 26 26 in
3031 608 124 27 business
3171 608 20 27 is
3207 610 27 25 t)
3249 608 17 27 d
3276 620 7 16 j
3299 610 82 27 riiai'i
3395 609 41 28 for
3448 620 63 27 yea,
3526 612 61 35 ami,

2455 654 100 19 excuse
2570 654 52 26 me,
2638 645 161 37 something
2811 645 42 29 for
2867 646 119 29 himself.

2598 840 102 29 CASII
2724 840 161 35 DRAPER,
2908 841 205 37 CLOTHIER,
3136 844 79 28 aND
3236 844 209 33 IMPORTS:*.

2838 892 74 30 liuSS.
2932 893 95 37 PLACI£,
3048 894 165 31 Lawrence.

2959 993 232 37 WHAT'S
3259 995 186 37 THIS?

2838 1089 140 27 fTLONIAL
2991 1092 192 30 Tweed-Mosjiel,
3198 1094 94 28 Kiiapoi,
3302 1096 40 21 ami
3354 1095 201 27 lloslyn—Trousers
3566 1099 21 20 to

2838 1122 10 23 J
2876 1126 98 19 iivitsure,
2986 1120 55 20 from.
3050 1121 37 20 15v
3139 1127 8 6 ••
3199 1120 4 25 '

2855 1154 92 20 Colonial
2956 1154 40 20 and
3007 1155 82 26 English
3100 1156 74 21 Tweed
3182 1158 38 20 Sac
3229 1158 56 20 Suits
3296 1159 20 20 to
3327 1165 98 20 measure,
3445 1159 52 21 ftom
3513 1160 28 21 £3
3552 1161 33 20 '3s.

2927 1222 4 32 :
3064 1222 70 29 WE
3192 1223 142 29 WANT
3365 1222 4 32 *

2804 1259 43 22 Our
2857 1267 59 20 many
2928 1261 84 21 friends
3022 1262 39 20 and
3071 1262 35 20 the
3116 1261 68 28 public
3193 1266 20 18 to
3223 1261 115 24 know'that
3347 1271 28 14 we
3382 1265 51 21 have
3439 1266 44 26 just
3493 1266 88 28 openeJ,

2953 1296 24 13 ex
2987 1296 32 13 s.s.
3033 1289 112 27 Kaikoura,
3154 1298 40 13 our
3203 1292 91 20 Season's
3303 1293 104 25 shipment
3416 1294 22 19 of
3524 1289 3 29 .
3574 1291 12 21 /

2802 1340 96 22 GENTS'
2913 1341 73 21 HATS
3002 1343 51 24 (best
3069 1343 84 26 makes),
3169 1345 72 25 TIES,
3253 1345 133 24 COLLARS,
3401 1346 101 21 SHIRTS
3514 1348 68 26 (ready

2852 1368 58 21 made
2919 1376 21 13 or
2951 1375 20 14 to
2981 1370 72 26 order),
3066 1370 125 22 CYCLING
3199 1372 150 22 SWEATERS
3358 1374 40 21 and
3408 1374 126 22 CYCLING

3111 1398 163 22 STOCKINGS.

2852 1449 69 26 Agent
2939 1451 31 19 for
2989 1451 96 26 Tuapcka

2801 1475 27 20 La
2832 1479 44 22 inps
2879 1492 7 9 r
2893 1477 62 24 Bells,
2966 1478 86 20 Outside
3061 1479 81 22 Covers,
3154 1480 75 20 and-all
3240 1481 133 21 Cvciealities-.

2586 1042 74 50 )j4

2534 1049 133 118 M

2516 1274 49 45 Ih
2577 1294 17 31 f
2619 1294 9 11 0
2730 1280 6 4 '

2510 1325 81 74 P
2619 1345 10 10 ■
2650 1310 86 89 t

2498 1411 193 62 fimW&M

2480 1499 13 25 I
2614 1493 73 33 wmi

2464 1511 24 57 (j
2615 1520 71 40 m

2507 1607 75 39 ■m
2617 1593 68 98 |j§|

2939 1696 95 28 IiOSS
3057 1698 133 33 PLACE,
3211 1698 229 29 LAWRENCE.

2444 1868 393 82 WOOL,
3180 1869 395 89 WOOL.

2588 2060 224 58 WOOL
2865 2062 285 59 SEASON
3208 2067 224 59 1898-7.

2489 2230 143 30 ALGETY
2660 2230 81 30 AND
2764 2232 197 35 COMPANY,
2982 2232 128 37 Limited,
3131 2235 56 39 bog
3208 2239 27 24 to
3257 2236 88 38 notify
3366 2237 188 40 Woolgrowers-

2414 2308 2 49 |
2428 2308 55 29 and
2498 2308 126 30 Fa-mers
2639 2309 60 29 that
2714 2309 65 40 they
2793 2310 54 29 will
2861 2310 65 30 hold
2941 2310 76 30 tliair
3035 2310 129 42 Openiug
3180 2312 62 31 Sale
3255 2313 44 31 for
3314 2314 44 31 the
3374 2314 103 32 Season
3491 2328 35 19 0:1

2702 2387 223 38 THURSDAY,
2967 2389 73 29 17th?
3077 2389 221 31 DECEMBER.

2413 2491 1 59 }
3574 2491 1 59 j

2498 2542 47 29 All
2560 2543 83 39 CPips,
2659 2544 126 29 however
2798 2545 88 35 small,
2889 2533 3 58 :
2903 2545 52 28 will
2971 2547 32 27 be
3018 2545 96 30 shown
3129 2551 27 24 to
3180 2548 71 30 best,
3261 2549 164 42 advantage.
3465 2552 91 39 E/ery
3574 2533 1 58 I

2413 2582 1 47 :
2425 2582 36 28 lot
2482 2584 99 28 valued
2605 2586 40 36 pri
2656 2596 23 17 >v
2700 2591 27 22 to
2748 2583 66 39 sale,
2836 2587 55 27 and
2912 2594 106 21 owners
3039 2587 129 30 interests
3188 2589 69 39 fully
3273 2592 149 37 protected.
3479 2592 77 32 Wool
3574 2582 1 47 j

2426 2624 86 29 I'acks
2525 2625 126 39 supplied
2664 2629 29 25 at
2707 2626 95 29 lowest
2817 2631 112 26 current
2943 2634 84 23 rates.

2497 2702 194 40 Specification
2706 2704 95 28 Form?
2816 2705 53 28 and
2887 2705 96 29 Labels
2999 2707 97 37 pxsted
3110 2718 35 18 0:1
3159 2709 176 38 application.

3065 2801 7 5 __
3573 2784 2 22 !

2738 2862 124 28 Address
2881 2873 70 27 your
2973 2862 215 40 Consignments
3210 2870 27 25 to

3140 3030 12 20 .
3195 2969 359 89 uiiiim

2770 3125 220 31 DUNE
3031 3126 24 28 D
3095 3128 13 28 I
3146 3128 29 29 N

3021 3299 113 26 FANCY
3159 3302 111 24 GOODS
3288 3304 70 24 AND
3378 3306 163 27 DRAPERY.

3091 3363 18 23 J
3152 3362 136 26 WATHRS
3314 3366 89 25 desires
3429 3373 24 20 to
3479 3370 71 29 noiify

3008 3400 32 27 V
3051 3412 7 7 .
3090 3396 53 23 tlrat
3158 3397 41 24 she
3211 3396 72 32 keeps
3293 3399 23 24 in
3326 3401 66 24 stock
3410 3401 83 26 Ladies
3505 3409 45 18 and

3003 3427 114 26 Children
3127 3437 11 16 s
3156 3428 197 36 Underclothing,
3369 3437 48 22 aud
3429 3437 29 22 all
3478 3436 72 26 kinds

3002 3462 23 22 ef
3040 3462 116 29 Drapery.

3032 3504 80 32 Fancy
3126 3506 80 24 Good*
3218 3515 13 16 a
3246 3509 136 31 Specialty.

3037 3547 133 25 Christmas
3180 3551 51 23 and
3239 3551 54 24 New
3308 3551 63 26 Year
3382 3560 106 24 presents

3123 3591 12 13 a
3152 3589 65 23 great
3231 3585 87 28 variety
3330 3592 22 16 to
3366 3588 71 31 hand.

3121 3616 135 24 Imueehun
3267 3617 95 24 lavitrd

3023 3645 112 31 Fainting
3148 3648 44 23 and
3204 3654 36 18 a-t
3266 3651 150 24 needlevyjrk
3431 3654 84 28 t*L*afht

3089 3683 110 23 fcummer
3212 3681 81 26 Goods
3310 3692 51 15 now
3375 3693 30 16 ?n
3424 3688 61 23 hawd

3001 3723 106 23 Address
3114 3725 151 24 —Ormond's
3276 3727 45 23 Bui
3334 3728 56 31 ding
3401 3732 143 30 Roxburgh.

3059 3861 35 26 llv
3138 3862 26 24 Pv
3194 3866 19 21 A
3248 3866 9 23 I
3291 3866 21 23 N
3347 3867 22 25 H
3402 3873 19 20 A
3455 3871 35 24 M.

3119 3932 23 24 I«
3161 3936 115 30 prepared
3300 3941 31 20 to'
3352 3940 83 30 repaid

3117 4002 107 26 IJOOT.S
3253 4014 50 16 and
3331 4009 108 25 SHOES*

3115 4079 23 20 at
3166 4076 123 25 moderate
3319 4080 106 31 charges;
3428 4076 3 35 l

3026 4141 58 23 Also
3278 4147 47 23 and
3354 4148 151 28 Concertina-

3056 4283 81 23 ME.SB
3151 4285 26 23 ;8
3205 4285 90 25 £!DD
3323 4289 68 24 AND
3416 4292 65 29 CO.,

3095 4342 108 30 Surgical
3222 4344 46 23 and
3289 4344 161 30 Mechanical,

3215 4375 108 25 Denti's-ls

3185 4419 43 30 (3}
3258 4423 91 29 exam.)

3001 4588 63 41 i\/r
3067 4593 10 16 r
3099 4585 85 25 XIDO
3211 4589 53 24 who
3288 4589 42 24 has
3354 4590 45 24 had
3425 4592 108 26 fourteen

2976 4618 1 39 >
2992 4618 72 36 iiTiL
3095 4633 67 21 yeara
3178 4629 134 28 experience
3333 4628 54 25 with
3408 4629 37 25 Mr
3471 4632 24 22 S.

2987 4659 78 30 Myers
3093 4666 54 23 may
3175 4661 27 21 be
3230 4663 126 22 consulted
3384 4668 22 18 at
3436 4661 99 28 Heron's

2985 4690 131 24 Ot.mraerci
3126 4692 16 21 d
3163 4692 73 24 Hotel
3250 4694 137 31 Roxburgh,
3401 4695 61 24 Nov.
3472 4698 64 27 27th,

2984 4724 47 20 and
3048 4722 23 23 in
3086 4722 77 23 future
3174 4731 70 22 every
3257 4725 76 23 fourth
3345 4725 93 33 Friday.

3017 4759 29 18 Aa
3072 4763 32 14 vn
3132 4755 80 24 intend
3237 4756 94 31 visitiag
3365 4761 47 21 this
3442 4761 91 25 district

2984 4788 109 29 monthly
3102 4788 17 23 it
3132 4789 44 22 will
3269 4790 100 30 patients
3381 4792 40 24 the
3432 4801 101 23 expend

2983 4819 25 23 of
3020 4826 109 23 going-to
3148 4821 72 26 L'owi,
3249 4823 47 22 aid
3311 4830 27 15 as
3356 4831 33 16 we
3406 4832 113 22 guarante

2983 4852 30 22 all
3025 4853 63 22 work
3106 4853 104 29 patients
3222 4861 52 23 may
3294 4856 48 28 rely
3365 4863 31 16 on
3412 4859 90 30 getting

2982 4882 127 25 first-class
3123 4885 87 23 article.

3011 4915 79 25 Teeth
3110 4917 121 24 extracted
3262 4917 47 24 and
3340 4919 110 30 replaced
3478 4922 54 23 with

2983 4953 134 30 tempqrary
3129 4953 37 19 art
3177 4948 61 26 fidal
3249 4957 56 17 ones
3321 4951 83 26 within
3417 4955 28 22 48
3460 4954 72 24 hours

3011 4981 106 24 Painless
3130 4983 141 24 txtarctions
3285 4984 56 24 with
3355 4986 94 24 Nitrous
3460 4988 72 24 Oxide

2981 5013 47 24 Gas
3044 5014 117 24 Cjcoaina
3178 5014 73 26 Kther
3267 5024 25 16 or
3307 5015 160 28 Chlorolorin.

2997 5047 116 30 Stopping
3121 5047 265 33 with'Gold-Amalgam
3398 5059 26 15 or
3433 5051 98 26 Cement

3011 5080 80 30 Single
3104 5080 76 23 Tooth
3196 5081 45 23 10j.
3260 5083 52 22 Sets
3325 5089 60 22 equi
3397 5083 23 32 )y
3435 5085 80 23 moder-

2981 5118 55 18 ate..
3084 5115 185 27 Arrangements
3286 5113 45 24 will
3346 5115 27 23 be
3391 5117 67 24 made
3475 5118 55 23 with

3067 5143 52 24 who
3135 5151 87 18 cannot
3250 5153 45 23 pay
3320 5146 43 24 full
3386 5154 99 19 amount
3507 5153 23 20 at

2980 5185 64 17 once.
3090 5176 72 24 Teetli
3184 5185 69 17 mane
3279 5179 31 30 by
3337 5179 69 25 other
3429 5183 101 24 dentists

2982 5211 97 29 proving
3091 5211 183 30 unsatisfactory
3283 5219 52 23 may
3347 5213 28 24 be
3384 5215 145 32 remodeled

2980 5249 23 17 at
3014 5244 67 22 am:»il
3092 5249 60 17 cost.

3034 5285 205 26 Extractions-2s
3255 5286 39 28 61.
3331 5287 79 26 Gas—
3410 5285 4 31 ;
3415 5288 26 28 7i
3457 5289 41 26 6de

2980 5433 61 54 Y,
3117 5433 33 37 J.
3229 5433 299 47 WILLIAMS,

3001 5503 199 23 HAIRDRESSER
3218 5503 63 22 AND
3299 5505 200 30 TOBACCONIST,

3171 5543 164 31 Lawrence.

3013 5616 150 31 LADIES'
3192 5614 298 35 HAIRCOMBINGS

3057 5658 109 30 MADE
3185 5658 94 30 INTO
3297 5659 145 31 PLAITS.

2978 5732 99 31 Orders
3088 5732 36 38 by
3132 5734 64 36 post
3203 5730 138 40 promptly
3347 5732 131 31 attended
3488 5736 37 28 to.

4010 171 144 16 •■ery^rgy^rtgAgiOl
4154 171 18 10 tag

3632 215 340 56 Qommercial
4019 223 23 24 h

3823 271 159 23 ROXBURGH

4017 228 25 19 fi
4054 226 26 21 U
4097 229 5 16 i
4123 225 20 20 b
4155 225 18 20 L

3696 362 36 28 11.
3755 363 34 29 11.
3814 364 284 37 IIBROV-P'vF-'-tOi

3660 465 58 29 O.io
3731 466 28 28 of
3773 466 46 30 the
3833 467 62 29 best
3909 467 100 29 known
4030 470 55 24 Mini
4106 474 73 19 most

3620 506 179 30 comfortable
3823 507 151 31 HosSclriks
3998 508 25 28 in
4047 508 47 28 t'lo
4119 506 34 40 Up-

3619 553 115 30 country
3751 548 137 28 Districts.

3657 595 79 31 Cobb
3749 609 32 16 an
3791 598 11 28 I
3817 598 75 30 CS.'s
3910 599 87 37 Royal
4019 599 62 29 Hut
4105 598 68 28 Lino

3619 635 28 29 of
3671 636 121 31 Coaches
3805 640 121 39 ninning
3948 640 123 30 ber/.veea
4098 640 54 28 Liw-

3621 686 26 17 re
3650 687 49 18 nee
3723 679 54 27 and
3800 679 184 36 Queetistown
4008 682 89 27 ai'iivo
4116 680 55 28 und

3620 715 95 39 depart
3731 717 83 40 daily.

3622 807 114 39 Liquor,s
3750 811 29 28 of
3792 811 46 29 the
3854 813 169 28 besfcbrands
4034 814 63 37 only
4107 813 69 37 kept

3835 851 27 28 in
3876 853 91 28 stock.

3621 949 127 39 Buggies'
3757 953 52 28 and
3827 954 100 29 Saddle
3937 955 103 30 Horses
4050 967 32 18 on
4097 957 65 29 Hire

3621 1025 280 53 RAILWAY
3962 1010 211 54 ~HOTEL,

3712 1093 66 22 ROSS
3789 1094 105 26 -PLACE,
3916 1089 168 29 LAWRt^Oi:.

3602 1159 1 48 ;
3618 1159 108 35 John
3756 1160 148 45 Laffey,
3937 1163 234 44 Proprietor

3693 1216 79 35 (Late
3786 1218 28 28 of
3827 1218 145 29 Havelock
3985 1220 107 38 Hotel.)

3649 1294 19 30 J
3680 1294 29 31 L.
3726 1298 68 38 begs
3816 1302 28 25 to
3857 1299 125 30 intimate
3996 1301 62 31 tliai>
4070 1303 33 28 ho
4116 1303 45 29 lias-

3612 1337 153 36 purchased
3796 1338 47 28 the
3876 1340 86 28 above
3988 1342 176 27 well-known

3612 1375 96 29 Hostel
3714 1387 39 26 ry,
3762 1377 54 28 and
3832 1377 93 38 hopes,
3936 1378 36 37 by
4075 1391 14 17 a
4093 1384 56 25 (.ten

3612 1415 57 29 tion
3684 1423 26 21 to
3725 1416 46 28 the
3782 1417 117 29 comfort-
3908 1419 28 28 of
3949 1419 153 30 Travellers
4111 1421 62 28 and.

3612 1456 46 28 the
3671 1456 93 37 public
3778 1458 150 38 generally,
3942 1462 28 25 to
3986 1467 71 20 meet
4072 1461 65 27 with
4151 1472 15 16 a

3611 1495 52 27 fair
3676 1496 79 27 share
3769 1497 27 27 of
3810 1499 162 37 patronage.

3649 1535 57 28 The
3730 1535 122 40 Railway
3875 1536 23 30 is
3920 1547 52 19 one
3986 1538 28 28 of
4028 1539 46 28 the
4089 1540 56 28 best-

3610 1576 148 35 appointed
3772 1576 96 28 Hotels
3878 1578 106 28 outside
3994 1579 29 27 of
4035 1579 129 29 Dcmedai

3610 1613 98 28 Under
3720 1614 87 28 J.L.'s
3821 1620 201 33 management,
4033 1618 47 27 the
4092 1627 51 19 com-

3610 1651 56 31 fort
3680 1652 27 30 of
3717 1656 111 36 patrons
3838 1654 54 30 will
3903 1656 34 30 be
3948 1656 78 32 made
4038 1667 13 20 a
4063 1653 100 45 special

3610 1694 114 32 feature,
3738 1696 55 25 and
3806 1705 36 17 110
3855 1697 82 27 effort
3948 1698 52 27 will
4016 1699 33 26 be
4064 1701 98 26 soared

3611 1735 27 26 to
3652 1732 64 39 give
3730 1743 84 28 every
3827 1733 180 33 satisfaction.

3611 1804 57 29 The
3682 1806 61 28 best
3757 1807 102 30 brands
3873 1809 29 28 of
3923 1809 104 37 Wines,
4052 1812 110 38 Spirits,

3646 1846 55 28 and
3717 1846 178 40 Ales'always
3915 1849 67 39 kept
3995 1851 27 28 in
4036 1853 87 29 stock.

3609 1917 128 42 Simpson
3750 1920 55 30 and
3821 1921 95 31 Hart's
3930 1923 66 31 Ales
4009 1924 101 32 alwavs
4125 1937 33 18 ok

3856 1962 67 39 Tap.

3606 2031 157 32 First-class
3775 2034 129 42 Stabling
3918 2038 241 31 Accommodation

3611 2098 281 54 MASONIC
3909 2082 247 65 •~HOT£L,

3698 2158 67 22 ROSS
3780 2159 96 26 PLACE,
3890 2161 167 23 LAWRENCE.

3586 2225 48 75 JR.
3655 2226 111 29 WEBB
3801 2253 28 5 ...
3973 2231 179 33 P.Bor£.iEToit.

3586 2288 1 63 j
3636 2305 56 32 The
3746 2308 122 31 Masonic
3924 2311 100 31 affords
4048 2312 35 29 all
4104 2313 47 29 fcho

3586 2347 1 44 |
3598 2347 129 30 comforts
3741 2351 28 26 of
3782 2361 15 18 a
3811 2351 87 36 homo,
3909 2352 56 28 and
3979 2352 22 29 is
4015 2363 49 28 pro
4068 2354 59 28 vide
4132 2355 14 27 J

3597 2387 65 28 with
3678 2389 45 28 the
3746 2399 64 29 very
3831 2391 59 28 best
3906 2393 242 29 Accommodation

3596 2427 43 28 for
3665 2429 159 30 Travellers.
3863 2431 157 31 First-class
4053 2434 91 29 Table.

3596 2467 66 30 Best
3682 2469 95 31 Wines
3800 2472 53 29 and
3876 2472 99 35 Spirits
3998 2472 99 35 always
4117 2475 30 29 in

3594 2509 89 29 stock.

3714 2577 133 23 CHARGES
3866 2580 158 23 MODERATE.

3628 2631 57 29 The
3711 2633 156 40 Proprietor
3893 2636 98 30 wishes
4017 2640 27 26 to
4067 2638 76 29 draw

3592 2671 107 38 Special
3724 2676 135 28 attention
3885 2680 27 25 to
3941 2678 46 28 the
4013 2677 68 29 Scab
4085 2678 57 38 ting-

3592 2712 242 32 Accommodation
3854 2716 141 37 provided,
4009 2718 90 29 which
4118 2719 23 28 is

3591 2753 151 32 unlimited,
3757 2756 54 28 and
3824 2757 29 27 of
3868 2758 44 26 the
3927 2758 60 28 best
4001 2758 77 28 kind.

3599 2816 143 57 yICT
3758 2818 61 29 OR
3833 2819 12 28 I
3860 2820 26 28 A
3961 2820 98 30 HOT
4074 2823 24 27 JS
4111 2822 33 35 JL»,

3679 2884 69 21 PEEL
3761 2885 111 27 STREET,
3889 2887 170 22 LAWRENCE.

3612 2974 168 35 Ronald
3810 2974 310 46 Montgomery,

3780 3029 180 30 Proprietor.

3586 3118 57 29 One
3666 3120 29 27 of
3716 3120 47 28 the
3784 3124 71 25 most
3880 3121 181 32 comfortable
4081 3126 56 28 and

3608 3160 231 28 best-condncted
3853 3160 154 31 Hostelries
4017 3174 35 18 on
4063 3165 46 29 the

3732 3198 90 38 Otago
3836 3199 160 32 Goldfields.

3683 3290 57 21 HOT
3762 3290 62 22 AND
3845 3292 73 21 COLD
3937 3293 101 23 BATHS.

3608 3356 109 29 Sample
3738 3357 95 29 Rooms
3854 3367 50 21 for
3924 3359 182 34 Travellers.

3586 3437 162 39 Passengers
3757 3439 86 29 called
3853 3440 42 29 for
3904 3441 46 30 the
3959 3443 75 39 early
4042 3444 99 32 Train-.-

3589 3582 59 59 D.
3697 3585 60 58 M
3790 3584 61 24 1T

3883 3585 18 25 C
3935 3585 22 25 H
3991 3587 19 24 E
4042 3587 20 26 L
4092 3588 39 28 L.

3642 3726 73 24 THE-
3756 3727 157 24 POPULAR
3950 3729 118 31 HOUiB,

3762 3789 19 23 h
3793 3789 36 23 U\
3829 3788 9 11 r
3842 3789 41 23 ftE
3892 3792 10 18 \
3903 3788 3 25 T
3910 3789 48 24 CE.

3593 3869 9 16 s
3616 3867 51 18 uovv
3685 3860 103 31 opening
3807 3869 29 22 up
3856 3859 39 26 hi';
3918 3859 62 26 First
4003 3861 126 32 Shipment

3593 3904 24 22 of
3635 3904 38 23 SU
3680 3905 21 21 M
3711 3904 66 23 VlEti
3794 3904 45 23 D'K,
3847 3904 81 24 IPKIt
3934 3904 28 29 Y,
3980 3907 131 25 consisting

3591 3947 24 25 of
3622 3948 30 24 all
3664 3949 38 24 the
3711 3949 68 24 latest
3793 3947 116 26 no7eliiei
3919 3949 34 24 for
3966 3949 38 25 the
4014 3950 98 32 coming.

3657 3996 84 16 svasm
3742 3987 2 31 1
3744 3987 4 31 ,
3767 3987 47 24 and
3829 3995 75 23 pr'ces
3918 3992 22 19 to
3960 3989 87 23 match.

3696 4026 91 23 MiHine
3801 4033 14 22 y
3830 4033 14 17 a
3868 4026 135 31 Speciality.

3607 4163 110 31 fifN.B.
3771 4164 75 25 Visits
3882 4163 88 27 Millera
3997 4165 53 26 Flat
4089 4167 31 24 nl

3577 4201 130 32 Roxburgh
3720 4210 71 23 every
3807 4204 35 23 six
3860 4204 84 23 weeks.

4101 5183 46 28 !wss

3826 5516 39 23 m

3655 5525 27 17 'V.

3615 5645 152 35 tothill,
3791 5651 139 29 vvirsos
3957 5658 17 22 &
3994 5657 59 32 cu.,

3654 5694 142 28 Esk-street.
3816 5699 165 33 Invarcargill,

3570 5731 30 25 So
3610 5739 13 19 e
3637 5731 63 40 Agent
3713 5731 12 40 3
3738 5731 38 40 for
3790 5738 76 32 Utag>
3943 5741 140 30 South!au<i.
