2364 3683
0 13 2341 49 THE

10 91 554 163 OXFORD
665 97 290 157 AND
1072 97 376 157 CUST
1539 91 798 173 OBSERVER,

0 272 305 55 AND
407 272 1018 55 CANTERBURY
1527 272 814 55 LIBERAL.

622 361 503 37 CIRCULATING
1171 345 502 52 THROtTQJIOXJT

1960 551 131 30 Price—
2093 552 83 30 ONE
2204 554 139 30 PENNY

12 570 68 29 Vol.
104 569 57 28 2—
161 568 58 29 No.
243 564 63 39 94.]

689 562 105 31 EAST
816 561 178 35 OXFORD,
1043 558 234 38 SATURDAY,
1321 558 166 31 AUGUST
1530 558 30 32 8,
1612 555 73 29 1891

1816 672 66 42 M.
1952 672 390 46 SANDSTEIN

1825 736 88 50 HAS
1937 742 45 14 now
1998 738 73 20 moved
2086 738 45 20 into
2147 738 34 20 his
2199 740 61 19 NEW
2280 740 54 20 PKE

1907 762 90 24 MISBS,
2015 769 26 13 on
2062 764 35 20 the
2113 765 43 19 site
2175 765 66 20 whioh
2259 766 26 20 he
2304 766 39 21 has

1818 788 98 24 occupied
1926 789 74 24 during
2011 791 34 18 ihe
2060 793 47 21 paht
2117 794 144 21 twenty-seven
2276 798 66 19 years,

1818 815 42 18 and
1879 815 77 24 opened
1973 815 34 19 his
2025 815 66 21 NEW
2114 817 94 23 bTOuK,
2227 819 115 24 purchased

1818 841 58 18 when
1886 846 26 14 on
1923 841 33 19 his
1966 841 49 20 visit
2029 845 20 17 to
2057 842 89 26 Europe.

1843 871 163 26 Arrangerrientß
2013 872 76 27 having
2095 873 50 20 been
2156 874 59 20 made
2224 875 31 19 for
2262 877 80 23 regular

1819 897 96 26 Monthly
1930 899 121 25 Shipments
2067 902 22 17 of
2110 900 47 19 New
2174 902 74 23 Goods,
2262 902 24 20 he
2302 904 38 18 has

1820 925 83 19 marked
1921 925 35 20 the
1971 926 61 19 Stock
2051 928 22 18 at
2088 928 50 19 such
2152 934 66 18 puces
2232 935 23 12 as
2264 935 73 14 eanno.

1819 951 37 19 lail
1866 954 22 16 to
1898 957 69 15 secure
1980 958 13 14 a
2002 952 60 25 quick
2078 953 49 20 sale.
2168 953 43 20 The
2220 957 76 23 capital
2306 961 37 14 in-

1820 977 68 19 vested
1898 980 56 17 must
1965 978 24 20 be
1998 979 103 24 promptly
2110 980 74 19 turned
2194 987 52 14 over.

1846 1008 33 20 He
1901 1007 49 22 has'
1963 1013 93 22 pleasure
2078 1010 22 21 m
2119 1011 100 25 directing
2237 1013 105 19 nuen.ioi

1820 1036 98 24 specially
1935 1038 21 17 to
1971 1036 36 20 the
2022 1036 149 23 DIAMONDS,
2188 1038 55 20 loose
2253 1043 41 16 and
2308 1043 34 20 let,

1820 1060 40 19 and
1870 1061 59 20 other
1938 1062 96 19 Precious
2043 1063 81 20 Stones.

1849 1092 142 21 WATCHES.
1999 1093 51 25 -By
2060 1094 76 25 special
2153 1097 144 23 arrangement
2316 1097 27 19 he

1821 1118 16 18 is
1854 1118 86 21 enabled
1957 1121 21 18 to
1988 1120 45 24 give
2050 1120 34 20 the
2095 1120 43 20 best
2153 1123 60 17 value
2223 1123 21 18 m
2254 1123 90 23 genuine

1819 1143 157 25 English-made
1987 1147 65 18 Silver
2067 1147 42 19 and
2117 1147 55 19 Gold
2183 1148 94 20 Watches
2286 1153 47 16 .tua

1819 1169 39 20 has
1867 1176 46 14 ever
1922 1171 51 20 been
1984 1172 74 19 offered
2067 1179 22 13 m
2100 1173 42 20 this
2152 1173 84 25 Colony.

1845 1198 168 29 Having*family
2028 1204 133 20 connections
2173 1205 49 19 with
2232 1205 58 21 Paris
2300 1212 45 14 ana

1819 1227 88 21 London
1922 1229 105 20 Diamond
2044 1230 41 19 and
2097 1230 104 25 Jewellery
2218 1231 119 22 Merchants

1818 1255 69 23 places
1905 1254 44 20 him
1968 1255 22 20 m
2009 1262 13 14 a
2039 1257 92 24 position
2147 1259 23 18 to
2187 1258 38 19 sell
2243 1259 35 19 the
2295 1259 49 21 best

1818 1280 82 20 articles
1910 1283 22 18 at
1942 1288 12 14 a
1963 1283 121 19 reasonable
2096 1283 62 25 price.
2201 1283 43 20 The
2253 1284 90 26 Jobbing

1819 1306 41 20 and
1870 1307 169 26 Manufacturing
2048 1308 18 20 is
2082 1309 79 20 carried
2177 1313 36 16 out
2229 1311 65 19 under
2309 1311 34 20 his

1819 1337 44 16 own
1873 1333 128 26 supervision
2011 1335 23 19 at
2041 1334 34 20 the
2081 1335 80 21 Lowest
2168 1336 69 20 Prices
2243 1337 101 23 Possible.

1846 1386 29 20 M.
1887 1387 156 21 SANDSTEIN
2053 1388 39 20 has
2106 1390 112 24 appointed
2227 1390 42 20 Mb.
2278 1391 24 19 R.
2312 1391 30 21 H.

1818 1412 80 21 Parish
1913 1419 23 14 as
1952 1413 34 20 his
2001 1414 76 20 Oxford
2091 1415 101 25 AGENT,
2207 1415 46 21 who
2269 1418 41 19 wiil
2319 1424 13 14 a

1799 1459 5 5 ,
1818 1444 42 19 any
1871 1440 50 20 time
1929 1446 91 19 procure,
2034 1447 28 13 on
2077 1442 144 25 approbation,
2241 1443 102 24 Watches,

1819 1464 81 26 Clocks,
1909 1467 42 19 and
1960 1466 112 26 Jewellery,
2081 1467 33 20 lor
2130 1467 33 21 his
2176 1469 76 21 Oxford
2268 1471 74 20 clients

1818 1497 12 13 o
1841 1492 61 20 select
1916 1493 31 19 fro
1952 1499 27 17 m,
1990 1495 23 18 at
2022 1492 35 21 the
2074 1500 58 14 same
2141 1495 55 25 price
2211 1502 25 14 as
2251 1496 90 25 charged

1818 1520 22 17 at
1850 1518 35 20 the
1895 1519 147 20 Chriatchiuch
2052 1521 173 21 Establishment.

1861 1570 56 40 M,
1961 1571 339 48 SANDSTEIN,

1962 1623 108 20 OASHEL
2083 1624 114 24 STREET,

1905 1659 349 28 OHRISTCHURCH.
2290 1677 4 10 ,

1822 1740 75 54 A.
1915 1740 85 56 IK
2024 1740 315 60 Hassall

1938 1810 284 39 SADDLER

2048 1862 58 20 AND

1818 1896 270 41 HARDWARE
2106 1899 223 40 IMPORTER

1957 1938 89 23 HIGH
2064 1939 140 28 STiiJiJilT,

1896 1970 357 59 OUST,

1824 2039 95 51 BEGS
1929 2042 21 18 to
1965 2040 66 21 thank
2041 2041 35 20 the
2088 2042 132 20 inhabitants
2236 2043 22 19 of
2273 2043 68 21 North

1893 2066 128 26 Canterbury
2037 2069 32 18 for
2084 2068 35 20 the
2137 2069 72 20 libeial
2227 2071 114 24 patronage

1819 2093 89 20 received
1928 2093 75 25 during
2026 2094 35 21 the
2083 2096 47 24 past
2154 2097 34 19 ten
2210 2102 66 19 years,
2299 2096 43 20 and

1818 2118 77 21 desires
1903 2121 23 18 to
1933 2120 40 19 call
1983 2121 103 20 attention
2098 2123 21 18 to
2128 2122 34 19 his
2171 2122 70 20 varied
2250 2123 59 19 stock
2318 2123 22 19 of

1845 2145 153 23 SADDLERY.
2011 2148 42 22 &c,
2067 2147 67 20 which
2143 2148 18 19 is
2170 2148 61 24 being
2241 2149 75 20 offered

1987 2174 22 18 at
2017 2173 81 20 Lowest
2106 2174 64 20 Price.

1820 2222 131 33 Subjoined
1963 2232 40 17 are
2014 2233 15 16 a
2039 2226 103 24 number
2149 2226 27 24 of
2180 2226 96 26 articles
2284 2227 57 31 kept

2001 2258 28 24 m
2040 2259 68 24 stock
2118 2266 5 16 :
2125 2274 32 3 —

1850 2298 121 26 Harness.
1973 2315 33 3 —
2007 2299 57 30 Cab,
2088 2301 55 31 Dog
2164 2301 65 29 Cart,
2253 2302 87 32 Buggy

1818 2331 88 31 (plated
1941 2333 48 23 and
2022 2333 67 25 brass
2116 2335 137 31 furniture),
2283 2336 56 30 Gig,

1820 2364 80 28 Shaft,
1912 2365 117 31 Leading,
2042 2366 48 24 and
2102 2367 106 30 Plough.

1852 2396 72 26 Chain
1924 2396 30 26 3.
1955 2412 32 4 —
1987 2398 109 31 Leading
2115 2398 90 26 Chains
2225 2400 63 24 from
2311 2402 30 24 6s

1818 2429 31 25 6d
1858 2436 5 22 ;
1871 2447 3 6 ,
1882 2429 95 33 Plough
1985 2430 99 30 Chains,
2093 2431 63 25 from
2164 2433 29 24 3s
2202 2433 31 24 6d
2239 2440 5 21 ;
2262 2432 76 30 Back,

1815 2462 69 32 Tug,-
1888 2464 49 23 and
1949 2464 54 31 Dog
2015 2464 99 25 Chains.

1852 2489 118 31 Baddies.
1987 2511 34 4 —
2037 2497 164 25 Gentlemen's
2230 2497 109 30 Saddles,

1818 2526 63 26 from
1897 2529 53 29 £3;
1975 2529 95 24 Ladies'
2092 2529 107 30 Saddles,
2216 2534 25 21 at
2258 2530 82 25 Prices

1816 2561 86 30 to,suit
1914 2560 33 26 all
1958 2565 137 22 customers.

1850 2593 121 24 Belting.
1983 2609 33 3 —
2033 2595 55 24 Mill
2109 2596 48 23 and
2180 2595 161 26 Chaff-cutter

1820 2626 67 24 Belts
1898 2627 26 23 of
1933 2635 48 22 any
1992 2627 85 31 length
2089 2629 48 23 and
2147 2629 83 23 width.

1853 2659 87 23 House
1948 2659 145 25 Medicines.
2095 2675 33 3 —
2128 2660 129 25 Elliman's
2264 2661 75 32 Royal

1820 2691 181 29 Embrocation,
2020 2692 99 25 Cottie's
2138 2693 113 25 Colonial
2268 2694 70 29 Cure,

1818 2723 93 32 Fryer's
1919 2724 108 29 Balsam,
2034 2725 86 24 Worm
2130 2725 120 29 Powders,
2262 2726 78 25 Sweet

1818 2756 77 30 Nitre,
1920 2757 117 29 Stevens',
2060 2758 99 29 James',
2178 2758 48 25 and
2249 2759 91 25 Slesiri-

1817 2791 62 30 ger's
1891 2790 150 33 Biisterings.

1851 2823 113 31 Carriage
1992 2825 99 30 Lamps,
2130 2824 95 32 Whips,
2255 2825 85 31 Spurs,

1819 2856 161 31 Breaking-in
1997 2857 72 28 Gear,
2091 2856 54 24 Soft
2168 2857 71 30 Soap,
2262 2857 78 31 Lamp

1823 2888 79 28 Black,
1916 2889 80 31 Sheep
2010 2889 81 28 Skins,
2105 2889 61 24 Sack
2178 2889 88 29 Twine,
2278 2890 61 30 Leg-

1818 2921 78 31 gings,
1910 2922 169 31 Currycombs,
2097 2922 57 24 Iron
2166 2922 48 24 and
2234 2922 106 26 Wooden

1818 2954 99 29 Ha.'nes,
1931 2955 43 24 &c.

1851 2988 77 24 Rope.
1929 3002 34 3 —
1963 2987 109 29 Manilla,
2096 2988 89 30 Hemp,
2208 2987 48 25 and
2278 2987 63 25 Flax

1819 3019 27 25 of
1865 3019 32 25 all
1923 3019 62 25 sizes
2014 3019 115 33 (English
2156 3020 48 24 and
2232 3019 113 26 Colonial,

1820 3052 187 32 manufacture).
2069 3053 151 31 Tarpaulins,
2260 3053 72 25 Tentsf

1804 3110 2 1 .
1820 3085 90 25 Binder
1936 3086 107 31 Aprons,
2071 3085 133 30 Elevators,
2232 3085 99 26 Butters

1822 3118 148 31 Polestraps,
1983 3119 73 23 Ridin
2069 3118 95 25 Bridles
2178 3118 102 32 (Snaffle
2291 3120 49 23 and

1822 3151 127 32 Pelhans),
1961 3153 61 23 from
2036 3152 61 31 6g6d
2109 3155 26 21 to
2146 3153 44 23 IPs
2203 3152 38 24 6d.

1858 3184 69 25 Oils.
1930 3199 32 3 —
1962 3184 21 24 A
1994 3185 67 30 large
2072 3185 111 31 quantity
2193 3185 25 24 of
2229 3185 113 25 Machine

1821 3216 52 25 Oils
1884 3220 26 21 at
1922 3216 185 26 Christcohurch
2116 3218 83 31 prices,
2219 3218 86 24 includi
2323 3228 7 14 i

1820 3250 59 24 Raw
1890 3251 50 24 and
1950 3251 94 27 Boiled,
2052 3251 105 24 Linseed
2169 3251 89 28 Castor,
2267 3249 37 26 La
2317 3251 24 29 d,

1820 3282 96 25 Golden
1935 3284 150 32 Machinery,
2102 3284 135 29 Valvoline,
2258 3284 42 25 Col
2305 3292 35 20 ad,

1817 3316 48 23 and
1876 3316 132 25 Neatsfoot.

1821 3374 166 25 Second-hand
2013 3375 99 24 Saddles
2140 3376 84 31 hought
2250 3383 27 17 or.
2300 3383 40 16 ex-

1933 3427 5 7 ,
1950 3429 3 3 .
1964 3408 105 32 changed
2075 3409 46 30 for
2138 3416 57 16 new.
2221 3412 3 6 '

1896 3450 168 21 HOBSEHAIR
2085 3449 175 22 PURCHASED.

1818 3502 80 32 Agent
1916 3503 38 25 for
1971 3505 41 24 the
2029 3504 122 31 Lyttelton
2170 3503 78 24 Times
2269 3502 70 25 Com-

1805 3555 3 9 ,
1818 3543 71 25 pany.
1925 3537 88 25 Orders
2025 3536 68 26 taken
2109 3536 36 25 for
2156 3536 48 24 and
2215 3535 124 32 Subscrip-

1818 3570 65 23 tions
1894 3571 109 24 received
2013 3578 31 17 on
2051 3571 101 22 account
2164 3569 26 24 of
2201 3573 5 10 '
2216 3569 124 31 Lyttelton

1818 3602 100 26 Times,'
1949 3607 6 11 '
1966 3602 148 32 Canterbury
2155 3602 96 28 Times,'
2292 3601 49 25 and

1825 3636 68 29 £ar.'
2025 3661 120 4 ...

1243 704 177 44 JOHN
1486 699 282 51 ESGRAM,

1244 791 58 19 HAS
1315 791 56 19 FOB
1384 790 69 21 SALE
1470 790 35 20 BY
1522 788 119 21 PKIVA.TE
1654 784 117 23 TItUATY,

1351 896 31 20 On
1392 898 88 18 account
1490 897 22 17 of
1521 895 34 20 Mr
1564 893 96 20 Oi>hns»n

1273 949 59 25 Shop
1341 950 42 19 and
1393 946 96 28 dwelling
1500 946 137 28 j.ointiugthe
1646 942 123 22 Mainßoad

1246 976 95 24 opposite
1350 976 90 20 Pearson
1461 977 56 19 turn
1540 981 27 14 on
1588 974 44 18 hail'
1642 978 26 13 an
1691 974 48 15 Acre
1748 969 21 19 of

1246 1001 57 21 land.
1518 1003 2 7 '

1247 1054 56 19 That
1320 1054 131 21 two-storied
1468 1055 98 23 Building
1583 1059 27 13 on
1630 1052 35 19 the
1681 1050 93 21 Terrace,

1248 1081 94 24 opposite
1352 1082 43 19 Mrs
1404 1082 78 19 Leurs'.
1517 1096 3 4 .
1592 1090 2 11 ;
1604 1100 2 2 .

1341 1144 33 20 On
1383 1148 88 16 account
1480 1146 22 18 of
1512 1144 33 20 Mr
1554 1143 29 20 H.
1594 1143 73 20 Heabn

1248 1189 39 20 His
1296 1195 49 21 very
1360 1191 97 25 compact
1484 1193 55 19 little
1547 1191 99 25 Property
1663 1188 23 20 m
1705 1186 68 24 Queen

1248 1217 72 23 Street,
1329 1219 122 26 containing
1460 1220 63 19 about
1531 1217 27 26 4£
1566 1219 62 17 Acres
1637 1215 22 19 of
1665 1214 45 19 rich
1717 1212 56 22 land,

1249 1243 121 20 subdivided
1380 1244 46 20 into
1435 1248 77 19 several
1522 1245 62 20 small
1594 1240 110 28 paddocks,
1722 1238 49 20 with

1249 1269 52 23 good
1319 1270 71 20 House
1408 1271 92 25 thereon,
1518 1271 57 19 brick
1592 1270 53 19 well.
1668 1267 51 20 Coßt
1736 1265 37 20 the

1249 1301 68 14 owner
1326 1297 61 20 £250.
1414 1299 49 20 Will
1475 1300 23 18 be
1507 1297 45 20 sold
1562 1298 22 18 at
1593 1303 13 12 a
1615 1300 46 18 very
1672 1292 99 21 consider-

1248 1320 46 21 able
1302 1322 107 21 reduction
1419 1332 27 13 on
1456 1326 43 20 this
1508 1330 61 20 price.

1335 1376 32 20 On
1377 1381 88 18 account,
1474 1379 22 19 of
1507 1379 31 18 Mr
1547 1377 134 20 Wooijjkige.

1253 1421 38 20 His
1299 1422 46 20 nice
1353 1423 54 21 little
1416 1426 106 24 Property,
1531 1423 90 22 situated
1631 1424 22 18 at
1661 1421 34 21 the
1702 1424 71 16 corner

1251 1448 22 18 of
1282 1448 82 20 Church
1371 1450 66 21 Street
1444 1454 18 17 &
1469 1452 45 25 Bay
1521 1451 56 21 road,
1584 1448 124 26 comprising
1716 1445 57 21 three

1251 1475 61 19 Acres
1321 1477 22 17 of
1352 1476 44 20 rich
1407 1478 54 25 land,
1474 1478 57 19 filled
1539 1477 49 20 with
1598 1477 51 19 fruit
1663 1474 41 20 and
1714 1471 59 21 other

1251 1502 57 19 trees.
1339 1501 45 22 The
1394 1505 107 24 Buildings
1511 1504 101 25 comprise
1624 1504 75 20 House,
1710 1498 61 24 Shop,

1249 1529 42 18 and
1305 1527 62 27 large
1380 1530 55 20 Shed
1451 1532 49 19 wiih
1513 1532 46 18 iron
1576 1530 51 19 roof.
1661 1528 58 18 P:ice
1728 1530 47 18 very

1250 1553 44 21 low.
1327 1567 2 7 :
1340 1564 1 3 •

1341 1609 33 19 Ou
1385 1612 89 18 account
1480 1612 21 18 of
1508 1611 33 19 Mr
1549 1611 24 19 F.
1583 1610 19 18 M
1607 1613 4 6 1
1620 1607 66 21 Nabb.

1280 1653 40 21 His
1327 1661 50 20 very
1386 1657 94 25 compact
1489 1657 54 20 little
1552 1657 52 20 farm
1615 1654 121 24 containing
1746 1653 26 20 60

1254 1685 57 15 acres
1320 1682 22 19 of
1351 1688 58 15 some
1418 1685 21 18 of
1449 1684 34 19 the
1493 1684 45 20 bet>t
1547 1684 50 20 land
1607 1684 22 19 m
1640 1682 34 21 the
1690 1681 81 20 district

1254 1706 81 22 divided
1343 1708 45 21 into
1402 1710 32 19 six
1442 1710 104 24 paddocks
1555 1710 49 20 with
1616 1711 87 18 waterin
1713 1712 58 19 every

1253 1739 40 14 one
1301 1734 23 19 of
1332 1734 56 21 them
1399 1736 28 19 all
1436 1736 43 20 laid
1495 1737 61 20 down
1573 1737 23 19 m
1614 1734 90 24 Knglish
1713 1738 59 20 grass

1253 1760 41 19 and
1304 1761 22 18 m
1336 1762 51 22 good
1398 1762 64 19 heart.
1491 1763 65 20 There
1566 1764 17 18 is
1593 1762 85 24 apoods
1688 1758 83 21 roomed

1251 1784 72 27 house,
1334 1787 12 19 3
1355 1788 76 20 stalled
1444 1788 72 22 stable,
1534 1789 58 22 shed,
1603 1789 43 20 and
1665 1791 106 19 necessary

1211 1822 2 13 i
1251 1812 143 26 outbuildings
1407 1821 27 14 on
1445 1815 35 20 the
1493 1819 102 23 property,
1598 1813 91 25 situated
1699 1811 72 22 within

1252 1838 23 25 ]£
1286 1838 59 21 miles
1353 1841 54 19 from
1423 1842 37 19 the
1479 1839 101 29 township
1599 1840 118 21 immediate
1726 1844 45 21 pos-

1249 1866 85 20 session.

1342 1920 32 19 On
1385 1923 120 26 account^of
1514 1923 35 20 the
1558 1922 124 24 Mortgagee.

1275 1965 44 20 The
1327 1966 62 20 Farm
1400 1969 62 23 lately
1475 1969 21 19 m
1513 1969 35 20 the
1562 1969 122 25 occupation
1701 1967 21 20 of
1738 1967 33 19 Mr

1250 1991 63 23 Snell,
1331 1992 57 21 three
1405 1995 58 19 miles
1479 1996 53 18 from
1549 1996 57 20 West
1622 1994 84 25 Oxford,
1724 1998 47 15 con-

1248 2018 82 26 taining
1346 2020 39 19 335
1399 2026 64 15 acres.
1503 2021 52 21 Well
1570 2021 86 22 watered
1672 2021 42 21 and
1723 2019 47 21 sub-

1247 2044 89 22 divided.

1366 2101 32 21 On
1407 2103 87 19 account
1503 2103 23 19 of
1536 2103 33 20 Mr
1577 2102 69 22 Bowk.

1246 2142 38 20 11G
1303 2143 61 20 Aores
1383 2144 22 19 of
1422 2143 56 24 land,
1496 2145 115 26 adjoining
1625 2145 36 19 Mr
1677 2144 94 20 Duder's

1247 2168 58 25 land,
1318 2171 22 18 at
1349 2169 55 20 View
1414 2171 51 19 Bill,
1472 2171 92 24 fronting
1569 2172 58 20 Four
1630 2171 66 19 Chain
1705 2169 64 21 lioad.

1246 2195 71 20 Water
1325 2201 47 15 race
1380 2197 92 23 running
1480 2197 106 25 alongside
1592 2199 21 18 of
1622 2197 36 20 the
1666 2197 105 24 Property.

1270 2247 18 20 A
1298 2247 85 22 Slendid
1393 2250 54 19 farm
1457 2251 22 19 of
1487 2250 40 22 227
1536 2257 58 15 acres
1613 2251 22 20 m
1655 2249 112 24 Taranaki,

1244 2280 39 14 one
1293 2275 22 19 of
1324 2275 35 20 the
1368 2275 45 21 best
1423 2277 65 24 .sheep
1499 2278 42 20 aad
1551 2279 81 24 Cattle,
1637 2279 34 19 for
1688 2277 29 19 its
1727 2277 42 19 size

1239 2301 24 19 m
1270 2301 36 20 the
1315 2302 102 25 province.

1363 2366 31 19 On
1405 2369 88 17 account
1505 2368 22 18 of
1538 2368 31 19 Mr
1578 2367 70 21 Keats.

1244 2400 65 26 Forty
1318 2402 62 20 Acres
1388 2403 58 20 Bush
1455 2404 55 25 land,
1522 2404 60 21 West
1592 2404 82 21 Oxford.

1330 2477 55 20 FOB
1398 2478 95 20 SALE-
1496 2479 77 20 VERY
1581 2479 101 21 CHEAP.

1271 2503 39 19 200
1319 2504 61 19 Acres
1397 2505 21 19 of
1427 2505 69 25 partly
1505 2506 81 20 worked
1595 2504 37 22 but
1641 2506 59 20 Bush
1708 2506 61 20 Land

1245 2535 13 14 a
1267 2529 56 25 large
1332 2536 14 14 a
1355 2527 57 27 large
1430 2533 47 24 part
1486 2533 22 18 of
1521 2532 17 20 it
1547 2532 43 20 laid
1600 2532 59 21 down
1677 2533 24 20 to
1710 2539 60 19 graßS

1243 2556 57 25 price
1307 2557 44 19 low.

1442 2615 56 20 FOB
1512 2616 76 21 SALE.

1244 2651 64 24 Forty
1324 2651 63 19 Acres
1401 2651 22 19 of
1438 2653 70 24 partly
1523 2653 79 19 worked
1619 2654 36 19 out
1675 2653 59 20 bush.
1750 2653 19 20 A

1245 2683 47 18 very
1301 2677 57 25 early
1375 2678 105 23 selection,
1489 2679 42 19 and
1541 2680 39 20 300
1589 2681 62 19 Acres
1660 2680 22 19 of
1691 2680 80 20 worked

1244 2705 38 19 out
1290 2703 55 21 bush
1352 2704 63 25 lately
1424 2705 97 24 occupied
1531 2705 26 24 by
1566 2707 33 18 Mr
1607 2706 132 25 Youngman.

1465 2759 55 19 Also
1520 2770 28 3 —

1324 2810 32 20 On
1366 2813 88 19 account
1463 2812 22 20 of
1495 2813 33 19 Mr
1536 2813 58 20 John
1602 2813 88 21 Fisheb.

1245 2846 42 20 His
1296 2853 14 14 v
1324 2847 69 20 luable
1402 2849 65 19 Stone
1476 2849 81 25 Quarry
1566 2851 22 17 at
1596 2849 57 19 View
1663 2850 44 19 Hill
1724 2856 47 14 con-

1246 2873 52 18 tain*
1385 2874 45 19 best
1440 2875 93 23 building
1542 2876 60 18 stone
1611 2875 22 19 m
1642 2875 131 26 Canterbury

1247 2899 44 20 witf
1340 2899 64 20 Acres
1414 2901 21 18 of
1443 2901 61 20 Land
1513 2907 27 14 on
1559 2901 68 20 which
1636 2901 67 21 Ihere
1722 2902 18 20 is
1759 2909 13 13 a

1244 2931 35 15 sea
1314 2926 22 19 of
1343 2926 126 21 Limestone.

1266 2997 10 4 -
1306 2988 33 21 On
1350 2991 87 18 account
1447 2991 22 18 of
1477 2990 33 19 Mr
1519 2990 94 21 William
1625 2992 94 25 Harvey.

1272 3025 41 19 His
1326 3025 94 21 valuable
1430 3028 97 23 property
1546 3027 110 25 adjoining
1667 3028 34 20 the
1711 3029 60 20 West

1247 3051 78 19 Oxford
1334 3052 77 20 School
1421 3053 122 23 containing
1551 3053 25 27 1J
1587 3060 57 14 acres
1654 3054 51 22 with
1718 3056 52 26 good

1247 3077 96 26 dwelling
1352 3077 43 21 and
1403 3077 51 21 shed
1465 3078 84 22 thereon

1453 3189 36 21 TO
1501 3190 63 21 LET.

1402 3225 26 20 In
1446 3226 80 20 Horn's
1536 3228 78 20 Estate.

1246 3261 61 21 Good
1315 3262 96 26 dwelling
1420 3262 50 21 with
1480 3263 42 20 Ten
1532 3270 56 14 acres
1598 3265 23 20 of
1629 3265 56 21 land.

1247 3356 187 33 JOHN
1465 3357 302 36 INGRAM

1392 3426 234 30 AUCTIONEER,

1326 3512 364 32 OXFORD.

660 1906 215 59 MEET
955 1911 219 71 FISHER,

692 1994 172 26 GENERAL
886 1995 255 29 STOREKEEPER

659 2040 104 46 Teas,..
790 2040 127 46 Coffees,
953 2042 124 46 Cocoas,
1108 2043 68 39 and

758 2091 149 39 General
918 2092 164 41 Groceries

708 2142 137 31 WEST
906 2144 217 31 OXFORD.

725 2274 68 24 THE
811 2274 143 26 HORSE'S
971 2276 136 25 FRIEND.

654 2333 98 21 PAGE'S
770 2334 51 20 Nol
842 2334 92 20 HORSE
953 2335 92 20 OlLS—
1045 2335 54 21 Sure
1118 2337 56 20 Cure

654 2365 32 20 for
696 2365 95 26 Sprains,
819 2365 90 21 Bruises
922 2372 24 13 or
964 2366 116 27 Swellings
1089 2368 23 19 of
1129 2374 45 21 any

654 2397 52 20 kind
712 2398 25 19 m
745 2397 86 20 Horses-

654 2450 80 21 PAGE'
766 2450 33 21 No
815 2452 13 18 2
838 2450 96 21 HORSE
954 2451 91 20 OlLS—
1046 2452 53 21 Sure
1117 2453 55 21 Cure

654 2482 33 20 for
726 2489 34 13 res
770 2488 27 14 on
807 2482 59 20 Back
875 2489 26 14 or
907 2482 119 22 Shoulders
1035 2490 26 14 or
1069 2491 45 20 any
1117 2486 55 20 kind

654 2514 24 20 of
685 2514 86 20 Broken
781 2514 103 20 Wounds.

654 2566 107 22 Numbers
769 2568 24 20 of
806 2567 147 21 testimonials
971 2574 41 15 can
1022 2568 26 21 be
1056 2570 116 26 produced.

759 2599 49 20 Sole
817 2600 75 19 maker
901 2599 44 20 and
953 2601 128 25 proprietor.

697 2631 25 20 F.
734 2631 33 21 W.
776 2631 81 23 PAGE,
866 2631 111 27 Chertsey,
988 2633 144 27 Ganterbury.

655 2667 84 26 Agents
757 2668 34 19 Mr
800 2668 59 25 Pole,
871 2668 60 20 View
949 2669 56 20 Hill.
1017 2684 4 4 .
1035 2670 34 20 Mr
1087 2671 85 25 isher,!?

655 2699 62 21 West
727 2699 88 20 Oxford.

711 2825 251 27 CALEDONIAN
979 2827 139 26 HOUSE.

655 2886 212 43 JAMES

734 2942 80 26 BOOT.
831 2941 82 27 SHOE.
929 2942 24 26 &
967 2942 120 28 SLIPPER

795 2974 246 30 Manufacturer-

753 3019 115 30 west
910 3020 165 30 OXFORD

655 3069 47 21 Has
712 3076 28 14 on
748 3069 61 21 hand
817 3076 12 13 a
839 3069 100 26 splendid
947 3072 128 18 assortment
1081 3071 23 19 of
1109 3071 67 21 Boots

655 3103 42 20 and
708 3102 67 20 Shoes
785 3101 64 21 made
868 3107 28 14 on
906 3102 38 20 the
952 3102 104 26 premises
1074 3104 24 19 at
1108 3103 67 25 prices

654 3133 52 21 that
715 3134 50 26 defy
774 3134 146 26 competition.
948 3134 59 26 Boys
1014 3134 89 20 Schools
1110 3134 66 20 Boots

654 3166 56 20 back
720 3172 69 14 seams
798 3165 45 21 and
851 3166 62 20 front
921 3165 62 20 hand
989 3172 64 16 sewn,
1061 3167 81 19 cannot
1148 3167 28 20 be

654 3198 122 24 surpassed.
807 3197 67 22 Men's
883 3198 48 21 best
945 3198 138 26 watertights
1093 3199 83 25 pegged

655 3231 48 25 15/-.
742 3230 95 26 Bespoke
859 3229 137 26 department
1018 3230 102 24 carefully
1144 3231 32 19 at-

654 3261 83 21 tended
749 3262 30 20 to.
807 3262 39 19 Pit
864 3261 44 20 and
925 3262 165 25 Workmanship
1110 3262 66 20 Guar-

654 3294 85 20 anteed.
766 3294 90 24 Repairs
865 3294 74 24 neatly
949 3294 45 20 and
1001 3294 110 26 promptly
1121 3294 55 20 done

654 3327 24 19 at
686 3325 128 21 reasonable
821 3325 76 26 prices.

654 3378 87 20 Branch
755 3378 187 20 Establishment:
958 3378 58 19 Near
1034 3378 65 19 Town
1116 3377 60 24 Hall,

835 3405 55 19 East
901 3404 88 20 Oxford.

676 3511 49 37 G.
752 3511 46 38 E.
828 3512 331 43 WEYLANDT,

785 3574 106 26 FAMILY
909 3575 141 26 BUTCHER.

697 3620 152 38 EAST
879 3616 255 42 OXFORO.

40 1905 220 80 WEEBERS
272 1904 141 30 FANCY
422 1904 45 30 81
474 1904 54 29 OR

208 1958 73 21 EAST
307 1958 119 20 OXFORD.

257 1998 10 10 •
279 1997 37 11 m*
329 1997 10 11 w

43 2025 42 20 For
92 2024 126 26 Stationery,
227 2023 61 25 Toys,
304 2023 70 25 Fancy
390 2022 75 24 Goods,
479 2022 79 19 Razors

83 2057 44 20 and
136 2056 92 24 Shaving
236 2054 106 26 requisites
354 2054 44 21 and
406 2054 124 25 Peifumery,

47 2093 93 25 irthday,
161 2092 119 20 Christinas
298 2091 43 21 and
362 2091 89 25 Playing
468 2090 67 21 Cards

139 2123 90 22 SNUFF
238 2123 40 21 and
287 2123 12 21 7
305 2123 105 20 obaconisi
416 2122 78 21 Goods.

50 2151 68 21 Silver
127 2151 109 23 Brooches,
246 2150 102 20 CLOCKS
359 2151 52 19 from
425 2150 31 19 six
467 2148 97 25 shillings

45 2187 84 20 Picture
140 2187 74 19 Frame
232 2186 113 24 Moulding.
381 2186 80 19 Picture
479 2186 85 19 Frame?

229 2212 59 20 made
307 2213 21 18 to
337 2212 71 20 Order.

42 2239 75 21 Sahes
135 2239 63 25 zeady
221 2239 71 25 glazed
311 2239 26 19 all
358 2239 59 19 sizes,
429 2244 28 14 on
468 2238 64 23 hand,
542 2243 23 14 or

190 2265 98 26 procured
303 2267 22 18 to
342 2265 70 20 Order.

41 2297 68 27 Agent
124 2297 33 20 It
167 2297 114 21 Ellison's
290 2296 111 25 Neuralgia
406 2297 77 24 Lrops,
491 2295 72 21 andW

164 2329 63 20 Bo..:
243 2333 36 15 jws
293 2328 152 25 Preparations.

125 2421 150 32 COALS!
298 2421 140 31 COALS!
462 2423 6 28 !

59 2503 146 29 Newcastle,
217 2502 133 31 Westport,
368 2502 179 31 Coalpitheath,

221 2535 116 26 Malvern,
349 2535 47 23 and

76 2568 174 25 Blacksmiths'
269 2567 111 24 Brunner
391 2568 63 24 Nuts
465 2567 66 25 Coal.

41 2633 151 21 FIREWOOD
205 2633 22 20 m
240 2633 92 24 Lengths
347 2634 21 18 to
386 2633 47 19 Suit
447 2633 116 20 CLIENTS

121 2692 83 25 gg^AT
216 2692 86 21 Lowest
311 2692 98 19 Oubrent
418 2692 60 19 Rate

42 2746 23 24 A
74 2745 153 30 Conveyance
233 2746 76 22 meets
316 2752 70 23 every
394 2745 71 23 train.
483 2744 81 24 Goods

53 2778 122 31 conveyed
185 2779 26 22 to
222 2784 69 24 every
301 2779 55 29 part
367 2777 26 24 of
401 2777 42 24 the
452 2777 100 24 district.

107 2810 100 25 Booked
212 2810 91 31 parcels
314 2810 119 24 delivered
440 2810 61 24 Free

165 2843 87 24 within
262 2843 42 24 the
316 2843 120 31 Borough.

41 2876 161 24 Commercial
224 2876 139 24 Travellers'
396 2876 169 30 requirements

75 2908 49 24 will
135 2909 90 23 receive
236 2907 32 25 all
278 2916 125 23 necessary
414 2907 118 25 attention
541 2930 3 3 .

109 2946 390 36 WABURT-

135 2984 161 24 GENERM,

41 3017 87 24 COAL
139 3017 19 24 &
170 3015 179 25 FIREWOOD
368 3016 195 28 MERCHANT,

241 3049 130 24 Rangiora.

41 3114 89 25 Orders
142 3121 56 23 may
209 3114 27 23 be
248 3113 43 24 left
299 3114 25 23 at
332 3113 38 24 Mr
377 3112 26 25 C.
414 3113 20 24 I.
444 3113 120 32 Jennings

170 3146 133 28 Stationer,'
308 3146 127 31 Rangiora.

43 3254 48 44 X
113 3254 52 43 T.
193 3254 192 52 Brown,
407 3253 40 44 &
467 3253 97 44 Son

98 3330 107 20 TIMBER
214 3330 18 21 &
241 3330 71 20 COAL
325 3329 177 21 MERCHANTS.

214 3367 160 21 IMPORTERS

46 3414 35 26 Of
109 3413 136 27 TIMBER
273 3413 51 25 and
354 3413 46 25 All
430 3413 85 25 Kinds
538 3412 27 26 of

98 3457 178 28 BUILDING
301 3457 205 26 MATERIALS

229 3523 146 26 CORNER

43 3565 158 26 COLOMBO
241 3566 18 23 &
287 3564 94 25 TUAM
415 3564 148 25 STREETS

196 3609 188 24 Chbistchuroh

606 3646 5 14 \

357 720 66 39 JV
456 720 57 39 S.
558 719 251 42 COOK.

417 772 116 24 Registered
545 771 174 20 Piuufnaceutical
734 770 92 24 Chemist,

538 806 126 32 Triangle,
679 806 87 25 Casfcel
780 806 93 30 Street,

736 842 271 25 CHRISTCHUECH.

21 907 77 26 Allow
114 914 37 17 me
167 907 26 23 to
210 904 87 24 submit
318 905 23 23 to
358 911 59 23 your
433 902 173 24 consideration
624 903 41 23 the
681 901 124 31 following
822 901 157 32 Specialities,
998 901 33 24 all
1047 900 27 25 of
1088 901 85 28 which,

85 950 72 30 being
168 957 39 23 my
217 954 55 18 own
283 946 181 31 compounding.
480 945 13 23 I
510 953 44 16 can
571 944 145 32 confidently
732 944 161 28 recommend,
911 944 91 30 having
1018 944 155 31 successfully

86 991 59 25 used
161 991 66 24 them
242 990 36 23 for
294 997 67 16 some
376 996 67 23 years
452 996 6 15 :
459 1002 33 3 —
794 993 4 5 '

23 1037 92 22 CURE
132 1036 62 21 FOR
211 1034 61 21 ALL
289 1033 103 20 KINDS
407 1033 41 20 OF
464 1032 77 21 SKIN
561 1033 168 20 DISEASE-

179 1061 11 19 I
199 1066 35 14 am
243 1059 128 23 exceedingly
380 1059 108 18 successful
500 1058 23 18 m
533 1063 33 18 my
578 1058 96 18 remedies
685 1059 30 17 foe
724 1057 173 27 thisjcomplaint,
906 1057 140 26 have'a^large
1057 1056 87 20 number
1153 1057 22 19 of

236 1085 144 19 testimonials.
966 1102 2 2 .

25 1126 74 21 NEW
116 1123 139 22 REMEDY
273 1122 61 20 FOR
352 1121 94 20 LIVER
462 1120 215 21 COMPLAINTS
693 1121 68 19 AND
780 1119 254 26 INDIGESTION—',

179 1149 49 19 This
237 1147 38 19 has
286 1146 47 19 been
345 1146 43 19 well
397 1146 69 22 tested,
476 1147 41 17 ami
528 1146 37 18 his
571 1146 79 25 [proved
660 1146 70 23 highly
740 1145 139 25 satisfactory.

24 1187 135 23 GOLDEN
177 1185 107 22 CROSS
303 1184 189 21 NEURALGIA
511 1184 177 20 MIXTURE-

179 1210 31 25 By
224 1209 66 20 which
304 1208 34 20 the
352 1208 48 25 pain
414 1208 18 19 is
446 1208 65 23 cured,
528 1213 45 14 ease
587 1207 96 20 obtained
704 1208 27 24 by
744 1214 12 14 v
770 1208 38 19 few
821 1208 63 19 doses.

27 1244 228 23 RHEUMATISM
274 1243 67 21 AND
359 1243 190 20 LUMBAGO-

182 1270 32 24 By
227 1274 35 19 my
276 1267 76 26 special
366 1269 115 18 treatment,
495 1268 19 18 is
526 1273 47 18 very
586 1267 90 25 speedily
690 1267 66 20 cured.
952 1287 2 3 .
1026 1287 2 1 .
1074 1283 2 4 .

27 1307 183 22 DIARRHOEA
227 1306 66 20 AND
312 1304 195 21 DYSENTERY
525 1305 31 20 IN
576 1305 142 21 INFANTS
733 1306 42 20 OR
791 1306 159 22 ADULTS-

180 1332 12 19 I
205 1336 38 15 can
257 1330 45 24 give
316 1335 11 14 a
342 1335 43 14 sfue
394 1329 42 20 and
445 1330 74 24 speedy
533 1335 48 14 cure
595 1330 25 24 by
634 1335 12 14 a
659 1331 38 18 few
711 1330 66 19 doses.
1082 1338 1 1 ■

27 1370 88 21 SORE
132 1368 110 21 HEADS
258 1368 68 19 AND
344 1367 110 20 LEGS—

182 1392 66 21 Cured
261 1393 27 24 by
300 1398 27 14 aj
341 1391 104 25 agreeable
458 1391 41 20 and
513 1392 93 25 pleasant
617 1392 133 25 application,
765 1394 43 19 also
822 1393 82 21 relieves
918 1394 55 25 pain,

29 1431 216 22 ANTIBILIOUS
261 1431 67 19 AND
347 1430 92 20 LIVER
457 1429 121 21 PILLS-

184 1455 79 25 Highly
275 1454 140 23 commended,
431 1454 41 20 and
487 1454 65 19 which
566 1461 33 13 are
613 1454 49 20 used
676 1455 26 24 by
716 1455 121 21 thousands.

27 1493 204 22 CHILDREN'S
246 1492 187 21 TASTELESS
448 1492 166 21 TEETHING
632 1493 187 21 POWDERS-

184 1518 43 20 The
241 1517 44 20 beßt
298 1518 21 18 m
331 1517 133 24 Canterbury,
485 1523 12 13 a
512 1517 47 19 trial
573 1517 40 19 will
627 1523 61 19 prove
700 1518 23 19 it.

29 1556 75 26 Sore
118 1554 127 27 Throats
260 1553 56 25 and
333 1554 210 24 Hoarseness—

185 1583 20 18 A
217 1581 60 24 quick
288 1579 42 20 and
343 1579 84 19 reliable
439 1585 47 13 cure
499 1581 31 17 lor
544 1579 28 19 all
585 1579 37 19 kin
636 1585 11 14 s
927 1597 3 3 .

29 1617 168 26 Bronchitis
213 1615 54 26 and
284 1614 148 27 Asthma-

184 1643 94 20 Kelieved
292 1643 41 18 and
347 1641 79 25 rapidly
439 1641 62 20 cured
516 1643 24 23 by
554 1648 35 18 my
602 1643 74 19 Acacia
691 1643 103 20 Mixtdbk.

31 1680 59 26 Bad
106 1678 91 26 Colds
211 1678 56 25 and
283 1678 106 25 Severe
406 1676 179 26 Headache—

189 1706 86 25 Quickly
288 1711 48 19 pass
349 1710 57 19 away
422 1706 24 23 by
461 1706 70 23 taking
544 1711 36 19 my
594 1706 155 21 Desideratum.

30 1744 107 28 Corns,
153 1743 103 26 Warts,
269 1741 57 24 and
344 1741 157 24 Bunions-

188 1768 70 21 Taken
271 1774 57 18 away
344 1773 23 18 oy
380 1774 12 13 a
406 1768 90 24 painless
509 1767 153 21 Embrocation.

354 1813 596 39 CO-NTRULTATIONS
989 1821 191 33 FREE
