2394 3822
1268 147 117 36 Oxford
1404 147 58 36 and
1481 147 78 36 Cust
1578 147 175 36 Observer.

1331 208 184 19 PUBLISHED
1534 211 153 24 WEEKLY.

1304 265 164 25 SATURDAY,
1499 268 86 21 August
1593 269 12 20 8
1619 271 58 20 1891.

1271 329 413 35 OVER-PRODUCTION:
1719 336 30 29 A

1409 370 200 33 PARADOX.

1256 449 50 30 [By
1325 450 40 25 W.
1378 452 123 28 Holsted,
1521 453 60 23 E.S.
1604 456 63 24 2846
1689 456 71 31 L.A.]

1291 493 109 30 There
1412 495 24 28 is
1451 495 71 30 food
1534 496 49 30 for
1596 497 112 31 serious
1719 507 45 21 re*

1249 534 117 29 flection
1378 534 30 29 m
1424 536 52 29 the
1489 539 103 27 return
1622 541 144 36 prepared

1249 572 41 41 by
1311 574 56 31 Mr.
1379 574 96 40 Percy
1491 576 106 36 Smith,
1622 579 50 30 the
1696 579 70 30 Sur-

1249 616 241 38 Vtfyor-Generp.l
1516 618 32 28 of
1574 618 51 31 the
1648 620 117 39 colony,

1250 654 96 31 which
1379 656 97 30 shows
1506 657 68 30 that
1607 659 85 30 there
1716 670 50 20 are

1250 696 72 39 only
1338 697 157 35 2,850,000
1517 708 82 20 acres
1614 700 32 29 of
1660 699 105 31 Crown

1250 735 86 31 lands
1364 737 127 30 suitable
1524 739 48 29 for
1593 743 172 27 settlement

1251 775 62 34 left,
1334 777 101 30 whilst
1459 789 44 18 we
1524 789 50 20 are
1597 781 61 29 also
1680 781 84 30 made

1250 826 98 21 aware
1362 819 32 28 of
1406 819 52 29 the
1470 820 139 39 startling
1623 821 62 29 fact
1699 821 67 30 that

1248 856 182 40 forty-.seven
1447 859 179 30 individuals
1641 871 65 19 own
1715 863 51 27 be-

1248 899 97 28 tween
1355 898 81 29 them
1449 899 82 30 three
1539 900 115 29 million
1669 911 82 19 acres

1248 946 34 19 or
1296 948 38 19 an
1348 946 128 32 average
1497 939 32 30 of
1552 942 107 35 75,000
1682 951 83 21 acres

1248 979 74 29 each
1322 995 40 5 —
1362 990 20 18 a
1409 979 71 30 nice-
1508 981 77 29 little
1606 982 159 30 one-horse

1248 1019 145 38 paddock.
1445 1020 79 31 H'w
1545 1031 55 21 can
1624 1023 84 30 there
1729 1024 37 30 be

1248 1070 61 29 any
1322 1060 63 29 real
1404 1062 170 39 prosperity
1588 1063 33 29 m
1639 1074 18 18 a
1679 1074 86 21 coun-

1248 1103 52 36 try
1308 1101 59 29 like
1378 1101 75 30 New
1467 1102 140 37 Zealand,
1629 1104 96 29 which
1739 1105 28 29 is

1249 1138 172 42 essentially
1437 1143 220 37 'agricultural,
1678 1145 88 29 when

1249 1190 19 19 a
1281 1181 58 29 few
1367 1181 120 30 favored
1511 1183 179 31 individuals
1704 1184 62 37 flare

1249 1221 127 29 allowed
1398 1222 53 29 the
1464 1225 190 37 prerogative
1669 1226 31 27 of
1717 1236 47 18 oc-

1249 1262 133 38 cupying
1390 1263 76 28 such
1479 1263 82 39 large
1572 1273 82 21 areas
1668 1270 32 24 to
1713 1266 52 30 the

1248 1301 155 31 exclusion
1417 1302 34 29 of
1458 1303 80 30 their
1558 1301 182 35 fellbw-men
1749 1306 15 30 ?

1249 1341 32 31 Is
1295 1342 25 29 it
1334 1343 169 40 surprising
1522 1345 68 29 that
1600 1350 86 26 tnose
1700 1347 66 29 best

1249 1378 139 43 qualified
1403 1390 32 22 to
1462 1395 75 28 open
1559 1395 41 29 up
1621 1387 61 29 and
1694 1397 73 20 use-

1248 1423 79 38 fully
1369 1433 116 30 occupy
1529 1426 51 28 the
1593 1437 4 4 •
1614 1428 71 28 land
1715 1438 51 20 are

1249 1463 121 39 leaving
1382 1464 41 39 by
1448 1475 98 20 scores
1573 1469 31 27 to
1626 1471 51 36 try
1697 1477 69 21 con-

1237 1509 2 6 '
1248 1504 131 29 elusions
1414 1506 73 28 with
1529 1507 121 29 fortune
1697 1509 69 29 else-

1248 1545 98 29 where
1358 1545 14 29 ?
1395 1545 57 29 Yet
1466 1555 80 20 some
1560 1548 117 38 sapient
1689 1548 77 30 local

1249 1584 162 38 politician,
1433 1586 100 30 whose
1559 1587 148 41 obliquity
1734 1590 33 29 of

1249 1625 110 29 mental
1398 1625 94 30 vision
1527 1632 143 33 prevents
1703 1630 63 29 him

1248 1665 124 39 looking
1399 1666 128 30 beneath
1554 1668 52 30 the
1637 1670 124 38 surface,

1248 1706 62 29 will
1329 1706 130 41 proudly
1486 1708 142 31 exclaim:

1249 1749 32 27 at
1294 1757 55 19 our
1373 1749 130 37 exports!
1525 1749 71 39 they
1625 1751 76 29 have
1720 1752 43 29 in-

1249 1787 121 30 creased
1376 1788 42 39 by
1603 1790 159 41 Admitted,

1249 1839 51 28 my
1309 1827 119 41 worthy
1442 1830 106 38 friend,
1564 1830 54 30 but
1637 1832 54 29 has
1712 1833 51 30 the

1247 1869 128 29 number
1399 1869 32 29 of
1458 1880 55 19 our
1537 1872 163 37 producers
1719 1883 43 19 in-

1247 1908 121 30 creased
1379 1911 11 28 ?
1412 1909 16 29 I
1437 1913 76 27 trow
1520 1915 61 25 not.
1613 1906 152 38 Statistics

1248 1959 94 28 prove
1355 1949 52 30 the
1419 1960 128 20 reverse.
1590 1950 73 31 New
1689 1954 75 29 Zea-

1248 1989 71 30 land
1334 1990 26 29 is
1376 2000 75 27 now,
1463 1991 59 29 and
1533 1992 53 29 has
1609 1993 49 30 for
1682 2004 81 21 some

1248 2031 73 30 time
1345 2031 75 30 been
1448 2033 155 39 suffering,
1632 2035 132 39 prejudi-

1249 2071 90 40 cially
1360 2074 32 27 to
1419 2072 52 30 the
1491 2074 168 38 producers,
1686 2076 79 31 from

1249 2113 270 37 over-production,
1574 2116 191 37 paradoxical

1249 2152 115 40 though
1376 2152 70 31 that
1466 2164 82 30 may,
1562 2165 127 30 appear;
1712 2157 54 30 but

1250 2193 42 29 let
1320 2204 46 19 me
1390 2196 50 38 try
1462 2199 32 25 to
1530 2195 128 40 explain.
1701 2198 63 31 The

1250 2234 149 39 principal
1409 2239 120 35 exports
1534 2236 82 30 -from
1626 2238 53 29 the
1705 2240 59 28 col-

1251 2283 61 30 ony
1327 2284 51 19 are
1392 2276 76 32 wool
1481 2276 59 29 and
1551 2281 129 35 mutton,
1704 2281 60 28 and

1251 2324 33 20 as
1299 2315 227 41 comparitively
1536 2317 56 30 but
1604 2329 74 29 very
1705 2321 59 29 few

1251 2356 32 28 of
1296 2355 52 30 the
1356 2356 77 29 male
1447 2357 104 29 adults:
1560 2367 51 20 are
1638 2360 127 41 directly

1250 2395 165 30 connected
1429 2397 70 29 with
1512 2397 52 30 the
1587 2398 179 39 production

1250 2436 32 29 of
1294 2436 86 31 those
1395 2441 58 26 two
1466 2438 147 39 principal
1637 2446 129 33 exports,

1249 2477 26 28 it
1284 2477 117 30 follows
1411 2477 69 31 that
1499 2479 52 30 the
1579 2481 138 40 majority
1738 2483 34 30 of

1251 2517 51 30 the
1329 2519 168 39 producing
1520 2522 173 37 population
1720 2534 45 19 re-

1251 2568 81 19 ceive
1343 2568 38 19 no
1397 2559 95 31 direct
1505 2557 120 40 Benefit,
1637 2564 56 29 but
1706 2568 60 26 rat-

1251 2598 54 30 her
1315 2599 51 29 the
1379 2609 127 25 reverse;
1515 2601 78 29 from
1607 2603 87 29 those
1717 2615 49 19 ex-

1250 2642 93 35 ports.
1385 2639 77 31 That
1484 2641 29 29 b.
1522 2641 64 40 ing!
1598 2652 41 27 so,
1664 2645 103 39 brings

1250 2690 35 20 us
1296 2679 78 31 back
1388 2682 31 28 to
1429 2681 51 31 the
1492 2682 78 30 main
1579 2693 89 21 cause
1678 2686 34 29 of
1715 2686 52 31 the

1228 2727 7 6 ■'
1251 2720 69 35 evil,
1331 2721 120 40 namely
1464 2722 51 30 the
1534 2723 82 40 large
1643 2731 124 26 amount

1251 2761 33 29 of
1296 2761 71 29 land
1381 2761 69 31 held
1464 2764 41 38 by
1518 2773 18 19 a
1548 2764 58 30 few
1616 2767 72 37 wqol
1706 2769 57 29 and

1249 2805 119 25 Mutton
1380 2801 79 31 lords
1468 2808 31 24 to
1506 2804 53 30 the
1567 2805 159 32 detriment
1734 2809 32 30 of

1247 2841 52 30 the
1311 2852 96 30 many.
1481 2862 15 15 ?.

1290 2882 166 32 Extensive
1470 2895 83 20 areas
1564 2886 35 30 of
1600 2888 79 31 .land
1696 2889 71 32 held

1250 2923 44 39 by
1315 2924 95 38 single
1437 2925 180 32 individuals
1640 2940 51 19 are
1713 2936 54 25 not

1251 2962 76 41 fully
1337 2965 173 36 cultivated,
1526 2968 57 28 and
1595 2978 58 29 are,
1669 2970 96 32 there-

1251 3003 72 36 fore,
1346 3009 54 25 not
1423 3006 86 30 made
1535 3012 32 25 to
1595 3020 87 30 carry
1714 3012 53 31 the

1251 3045 174 38 population
1439 3047 69 39 they
1530 3058 50 20 are
1597 3050 77 40 fully
1698 3062 69 29 cap-

1251 3084 66 31 able
1332 3086 32 28 of
1376 3088 181 39 supporting
1569 3089 32 30 m
1619 3102 66 20 ease
1707 3095 59 29 and

1251 3126 132 29 comfort.
1425 3127 104 30 Hence
1546 3130 26 28 if
1597 3132 51 29 the
1675 3143 92 30 popu-

1250 3165 94 30 lation
1355 3176 118 28 presses
1483 3168 121 42 heavily
1618 3182 78 29 upon
1715 3175 52 30 the

1251 3215 101 20 means
1379 3206 34 30 of
1433 3209 183 32 subsistence
1639 3213 32 29 m
1706 3215 60 30 this

1249 3250 138 35 country,
1397 3247 51 30 the
1459 3259 105 21 causes
1576 3262 50 20 are
1635 3255 73 40 only
1718 3266 46 18 ar-

1249 3285 113 38 tificial,
1390 3288 61 29 and
1473 3290 150 33 therefore
1646 3297 120 29 remed-

1249 3327 86 30 iable.
1377 3328 60 31 Itis
1449 3333 177 41 sanguinely
1631 3335 135 33 believed

1248 3367 41 39 by
1303 3378 17 18 a
1328 3368 67 35 few,
1410 3371 60 28 and
1482 3371 26 29 it
1531 3373 25 29 is
1575 3375 91 40 being
1691 3387 72 21 con-

1247 3408 129 39 tinually
1387 3409 110 31 dinned
1508 3412 62 30 into
1579 3424 55 20 our
1644 3427 66 20 ears
1724 3419 42 39 by

1245 3446 87 31 those
1345 3448 172 39 interested,
1532 3453 67 31 that
1611 3456 24 28 if
1643 3467 45 20 we
1710 3469 56 21 can

1246 3488 72 40 only
1331 3489 132 31 increase
1477 3500 55 21 our
1545 3502 134 33 exports,
1707 3501 60 30 and

1245 3530 112 29 extend
1368 3540 54 19 our
1435 3542 166 25 commerce
1609 3538 32 30 m
1660 3525 107 51 frozen

1246 3572 80 27 meat
1341 3571 56 28 and
1414 3575 84 36 wool,
1511 3586 44 19 we
1568 3579 61 29 will
1649 3581 118 39 shortly

1246 3610 38 29 be
1294 3610 98 39 living
1406 3612 30 29 m
1452 3624 18 19 a
1496 3615 71 31 land
1593 3620 32 28 of
1651 3621 114 39 plenty.

1248 3650 182 47 Experience
1451 3657 118 29 teaches
1591 3670 36 20 us
1668 3663 99 30 other-

1249 3691 69 28 wise
1327 3703 7 23 ;
1357 3691 57 35 for,
1427 3695 114 30 wheras
1549 3698 86 32 those
1647 3708 120 34 exports

1248 3729 76 32 have
1351 3731 225 46 phenominally
1604 3741 160 43 increased,

1859 147 60 30 and
1937 148 107 42 highly
2067 154 190 43 satisfactory
2277 161 97 38 prices

1858 196 50 21 are
1931 192 138 36 realised,
2090 201 52 33 yet
2164 207 99 30 wages
2297 199 77 33 have

1860 235 77 30 gone
1950 232 99 37 down,
2061 236 60 29 and
2129 247 50 20 are
2193 240 63 29 still
2279 244 93 38 going

1858 268 85 32 down
1966 274 30 28 m
2021 277 112 29 certain
2160 278 116 39 trades;
2311 284 60 30 and

1858 309 48 30 for
1920 312 58 30 this
1992 326 113 26 reason,
2121 317 67 31 that
2201 321 51 30 the
2266 326 104 35 profits

1858 359 37 19 on
1908 352 82 31 those
2000 362 121 32 exports
2132 358 76 31 have
2230 361 73 32 been
2323 365 46 30 di-

1856 390 86 31 vided
1966 395 128 41 entirely
2121 399 132 33 between
2275 414 18 19 a
2312 406 57 29 few

1856 432 161 36 producers
2274 455 95 20 scarc-

1857 471 49 36 ely
1917 472 79 37 that,
2039 475 61 33 The
2110 484 150 34 squatters
2283 485 85 30 don't

1848 513 134 35 produce
1992 518 104 37 much;
2119 521 59 29 and
2197 522 83 32 those
2303 526 65 30 who

1855 552 79 28 do—
1935 555 78 30 their
2022 559 207 40 employees—
2239 575 47 20 see
2300 576 65 28 pre-

1855 600 83 23 cious
1952 595 78 31 little
2044 600 113 40 profit.]
2173 603 150 32 whei-asit
2340 608 27 30 is

1853 634 31 26 to
1893 634 50 29 the
1954 635 124 33 interest
2088 641 33 27 of
2128 642 50 28 the
2184 648 184 38 community

1853 672 109 32 thatas
1971 686 89 30 many
2071 689 32 20 as
2114 682 128 37 possible
2261 686 107 30 should

1855 712 36 30 be
1905 719 134 36 engaged
2053 719 29 29 m
2098 722 185 37 preduction.

1895 753 97 39 What,
2003 759 81 37 then,
2096 762 25 28 is
2134 762 48 30 the
2192 767 118 39 remedy
2318 768 50 30 for

1855 794 61 29 this
1925 797 57 29 evil
1993 799 13 28 ?
2041 799 41 30 To
2091 805 51 25 tax
2152 803 83 31 those
2244 813 122 32 exports

1856 836 97 29 would
1968 839 35 28 be
2013 839 56 30 but
2082 851 18 19 a
2114 852 72 27 poor
2199 848 169 40 expedient,

1855 874 89 37 since,
1961 877 113 40 though
2089 882 24 28 it
2124 884 98 28 would
2236 886 133 32 increase

1855 915 51 30 the
1920 927 128 21 revenue
2063 921 33 29 of
2112 922 52 30 the
2185 929 138 38 country,
2344 929 28 30 it

1855 958 99 29 would
1964 960 103 30 before
2081 962 72 40 long
2162 967 89 28 recoil
2265 978 40 20 on
2317 970 53 29 the

1856 996 75 31 head
1945 999 33 29 of
1985 1000 52 30 the
2063 1011 75 30 poor
2156 1015 213 31 wage-earner,

1855 1037 153 33 inasmuch
2020 1052 32 19 as
2061 1043 51 31 the
2121 1053 140 31 exporter
2270 1052 99 29 would

1856 1077 110 42 simply
1983 1084 108 29 curtail
2112 1085 45 30 his
2171 1091 198 35 expenditure

1855 1118 41 39 by
1909 1120 68 30 that
1988 1126 78 26 most
2074 1135 70 24 easy
2157 1128 37 28 of
2201 1129 40 28 all
2255 1141 111 27 means,

1855 1159 155 31 reduction
2023 1164 32 28 of
2069 1175 109 29 wages,
2200 1171 32 26 to
2255 1172 73 29 such
2351 1183 20 20 a

1855 1201 65 28 rate
1931 1211 33 19 as
1975 1204 99 29 would
2098 1216 111 31 recoup
2232 1210 60 31 him
2319 1213 51 30 for

1855 1238 52 31 the
1929 1244 54 26 tax
2006 1243 68 39 paid
2103 1255 39 20 on
2168 1248 47 30 his
2236 1256 130 35 exports.

1855 1277 81 39 Also,
1966 1292 43 20 we
2030 1283 113 43 clearly
2169 1293 119 28 cannot'
2306 1294 63 40 buy

1855 1320 87 30 those
1968 1323 85 31 three
2077 1327 129 32 millions
2234 1333 33 28 of
2286 1344 83 20 acres

1855 1360 77 31 back
1945 1363 78 30 from
2037 1366 80 31 their
2134 1375 121 33 present
2276 1374 93 41 forty-

1855 1410 89 22 seven
1973 1404 99 41 happy
2094 1419 115 22 owners
2233 1418 31 25 at
2289 1416 82 29 their

1855 1451 66 20 own
1935 1445 150 32 valuation
2095 1458 8 25 ;
2125 1454 246 42 norwouldthey,

1857 1491 32 20 m
1900 1484 38 28 all
1950 1484 169 41 likelihood,
2136 1490 34 31 be
2198 1494 114 41 willing
2335 1501 33 25 to

1855 1527 71 33 part
1947 1526 73 30 with
2048 1538 74 21 even
2143 1542 19 18 a
2182 1533 129 32 fraction
2335 1538 34 28 of

1855 1563 52 29 the
1952 1566 102 32 whole.
2095 1570 63 30 But
2204 1584 45 22 we
2302 1587 65 28 can,

1854 1603 131 41 through
2006 1608 52 30 the
2083 1611 209 40 Government,
2326 1618 42 30 le-

1852 1644 81 40 gally
1947 1651 50 25 tax
2010 1649 83 30 them
2102 1652 48 29 for
2158 1654 51 29 the
2223 1666 53 20 use
2288 1658 33 33 qf
2333 1669 38 19 so-

1852 1684 83 41 large
1944 1697 18 19 a
1975 1688 87 32 share
2075 1692 32 29 of
2119 1693 52 30 the
2185 1697 100 37 public
2299 1709 69 29 pro-

1852 1730 95 36 peHy,
1959 1730 59 29 and
2032 1731 40 40 by
2086 1744 19 17 a
2113 1735 148 31 sufficient
2269 1742 51 26 tax
2329 1749 39 21 on

1851 1766 70 30 land
1936 1770 101 30 values
2051 1775 87 29 make
2151 1776 81 30 them
2256 1781 112 28 contri-

1853 1806 71 32 bute
1937 1812 161 41 according
2112 1819 31 25 to
2154 1817 51 29 the
2232 1820 89 30 value
2334 1822 36 29 of

1852 1848 52 30 the
1913 1852 101 36 public
2028 1860 141 35 property
2177 1867 32 20 so
2233 1859 70 31 held
2324 1862 44 38 by

1851 1888 91 31 them.
1987 1892 36 31 In
2035 1895 51 30 the
2098 1899 165 36 meantime,
2278 1901 41 29 let
2329 1912 38 19 us.

1852 1930 149 41 zealously
2015 1937 95 34 guard
2124 1938 119 37 against
2256 1941 50 29 the
2319 1942 45 28 in-

1850 1968 109 39 justice
1972 1972 35 29 of
2015 1973 108 41 letting
2131 1987 80 21 more
2220 1980 32 28 of
2259 1980 51 30 the
2320 1991 49 20 re-

1853 2010 134 41 maining
2008 2015 176 39 2,8000,000
2211 2030 83 21 acres
2326 2032 42 29 go

1851 2050 64 31 into
1923 2053 52 30 the
1988 2054 94 32 hands
2096 2058 33 29 of
2146 2069 18 19 a
2185 2060 59 31 few
2264 2073 104 20 mono-

1853 2092 105 37 polists
1973 2095 66 30 who
2050 2099 88 28 stand
2147 2100 63 39 idly
2218 2102 49 40 by,
2296 2104 72 35 and,,

1854 2132 71 30 with
1940 2144 18 19 a
1969 2136 153 31 minimum
2133 2140 33 28 of
2178 2142 72 39 risk,
2261 2153 71 29 reap
2346 2154 22 19 a

1853 2174 162 31 maximum
2029 2177 33 29 of
2068 2179 98 38 profit*
2271 2175 3 36 [

1881 2213 41 33 .It
1935 2215 26 30 is
1971 2220 267 38 over-production,
2246 2224 32 29 of
2303 2225 65 30 this

1854 2253 74 31 kind
1942 2257 67 29 that
2033 2260 74 29 adds
2128 2264 33 29 to
2184 2263 183 39 depression,

1853 2295 60 29 and
1928 2298 96 28 swells
2032 2299 51 31 the
2093 2303 91 29 ranks
2196 2304 33 29 of
2241 2306 52 28 the
2314 2316 54 19 un-

1853 2337 167 45 employed^
2026 2341 124 40 weekly,
2156 2345 142 40 monthly,
2308 2347 58 28 and

1853 2377 113 39 yearly,
1992 2380 78 30 until
2097 2382 38 30 he
2162 2384 67 29 who
2260 2386 106 29 shouid

1853 2415 77 31 have
1941 2417 118 33 become
2070 2432 18 20 a
2098 2424 147 38 producer
2253 2426 32 29 m
2303 2426 62 31 this

1851 2457 59 30 fair
1919 2465 129 36 country
2055 2462 26 31 is
2089 2464 101 31 forced
2201 2470 31 28 to
2241 2466 85 31 leave
2334 2467 32 31 m

1853 2500 106 29 search
1973 2502 32 28 of
2042 2503 84 30 fresh
2135 2500 82 36 fields
2229 2508 59 29 and
2297 2519 66 29 pas-

1853 2542 82 28 tures
2048 2545 99 30 where
2161 2546 50 31 the
2224 2559 101 19 means
2335 2549 33 30 of

1850 2581 177 36 production
2037 2595 52 20 are
2098 2589 54 26 not
2167 2589 200 39 monopolised

1854 2619 40 40 by
1907 2631 18 19 a
1934 2623 164 41 privileged
2109 2627 66 37 few,
2187 2629 56 29 but
2256 2639 51 20 are
2321 2633 43 26 at-

1853 2660 130 33 tainable
1991 2664 41 40 by
2043 2666 41 30 all
2096 2667 68 31 who
2174 2678 115 29 possess
2315 2671 51 30 the

1852 2712 112 31 energy
1990 2706 32 29 of
2048 2709 157 32 manhood.
2247 2711 120 38 Wbere,

1934 2745 75 38 gods
2023 2748 61 29 and
2107 2749 79 30 little
2341 2754 25 28 is

1853 2784 74 29 such
1940 2786 96 32 aland
2058 2789 33 30 of
2116 2790 131 31 freedom
2270 2793 37 28 to'
2330 2793 36 29 be

1851 2822 139 39 found?.
2018 2827 99 32 Labor
2150 2831 61 30 lifts
2248 2843 43 29 up
2328 2833 40 30 its

1851 2864 92 38 voice,
1955 2868 60 29 and
2025 2879 72 29 goes
2107 2871 84 31 forth
2209 2872 32 31 m
2265 2874 101 30 search

1851 2904 32 30 of
1891 2916 33 19 so
1934 2908 124 31 favored
2070 2921 18 19 a
2101 2912 80 36 laud,
2195 2914 53 30 but
2270 2919 30 25 to
2308 2928 4 14 »
2326 2915 42 29 all

1855 2946 39 30 its
1908 2951 115 36 patient
2036 2951 143 39 inquiries
2190 2955 62 29 still
2260 2956 52 28 the
2319 2966 45 18 ec-

1855 2985 69 32 hoes
2136 2993 107 32 Where
2253 2996 14 29 ?
2328 2996 38 29 In

1856 3027 51 30 the
1921 3038 87 22 name
2020 3030 148 42 dljteice
2178 3036 58 29 and
2247 3036 34 30 of
2286 3030 81 45 rigit

1855 3078 43 19 we
1912 3080 117 21 answer
2040 3083 7 18 :
2117 3075 81 30 Here
2208 3077 97 38 might
2329 3086 38 30 ye

1854 3108 63 31 find
1929 3111 72 30 such
2013 3123 18 19 a
2041 3113 72 31 land
2121 3116 32 29 of
2162 3116 111 40 plenty,
2294 3118 74 30 such

1853 3159 19 19 a
1881 3149 73 31 land
1967 3153 33 28 of
2022 3154 140 39 freedom,
2183 3156 51 30 did
2255 3168 39 28 ye
2314 3158 55 30 but

1855 3190 147 43 valiantly
2011 3195 64 36 rise,
2086 3197 59 29 and
2155 3198 41 39 by
2204 3207 55 21 one
2267 3198 102 30 united

1855 3231 91 31 effort
1959 3237 33 25 at
2009 3235 52 29 the
2084 3238 167 31 ballot-box
2270 3249 98 28 sweep

1855 3282 85 31 away
1953 3273 48 31 for
2015 3285 71 21 ever
2099 3278 50 30 the
2162 3279 205 39 monopolistic

1853 3313 130 32 barriers
1992 3316 66 30 that
2072 3321 148 28 surround
2234 3321 59 29 and
2298 3320 70 30 lock

1854 3363 42 29 up
1910 3355 59 29 this
1980 3356 59 30 fair
2052 3358 72 31 land
2138 3360 32 29 of
2186 3362 101 29 'ours."

1959 3478 299 29 ODDFELLOWSHIP.

1885 3542 50 25 The
1947 3545 70 24 usual
2027 3545 143 35 fortnightly
2180 3549 105 32 meeting
2295 3549 26 25 of
2326 3549 42 26 the
2384 3566 2 17 ;

1852 3580 74 32 Loyal
1939 3582 41 24 Nil
1996 3584 181 31 Desperandum
2198 3587 89 31 Lodge,
2306 3585 79 27 East'

1853 3617 95 26 Oxford,
1960 3627 50 18 was
2020 3620 58 26 held
2088 3623 47 24 last
2151 3624 116 32 Saturday
2287 3625 78 30 night.

1852 3655 52 25 The
1932 3657 105 31 Officers,
2071 3662 59 23 with
2162 3670 44 16 one
2238 3663 129 31 exception,

1852 3701 62 18 were
1925 3695 26 23 m
1961 3696 63 23 their
2042 3700 131 29 respective
2193 3699 87 31 places.
2312 3700 55 24 Bro.

1852 3730 88 26 Edwin
1950 3732 70 26 Horn
2043 3735 114 31 presided.
2192 3736 51 25 The
2263 3737 104 24 minutes

1852 3769 26 24 of
1888 3770 41 26 the
1937 3772 109 30 previous
2058 3773 108 31 meeting
2184 3782 61 17 were
2256 3775 56 25 read
2322 3773 46 26 and

511 15 167 32 OXJb'oiil)
718 14 103 41 AND.
850 13 102 31 CUST
997 18 219 35 OBSERVER
1240 22 231 39 SATURDAY,
1487 23 162 34 AUGUST
1674 28 27 34 8,
1732 28 87 31 1891.

656 129 52 37 R.
753 126 377 51 ROBERTSON,

638 178 131 22 SHOEING
795 177 60 21 AND
896 179 135 23 ÜBNEKAL
1059 183 99 21 BLACK-

597 218 2 18 ;
847 209 94 20 SMITH.

795 246 59 21 Near
869 248 40 19 the
919 246 50 22 Sale
977 249 67 26 yards

681 283 150 39 EAST
873 284 255 40 OXFORD.

857 338 9 10 ■
879 338 41 11 m»»
932 338 8 10 ■

639 360 37 24 All
690 359 67 25 kinds
769 359 26 23 of
804 359 122 24 Ironwork
939 360 114 32 Skilfully
1064 362 93 25 Execu-

638 394 38 23 ted
686 399 22 17 tit
724 394 119 22 Moderate
857 392 86 24 Pri«es.

636 550 170 30 OXFORD
848 549 183 31 LIBEARY
1071 551 86 30 AND

725 590 191 30 READING
937 590 127 31 ROOM.

633 670 53 25 The
715 671 89 24 Oxford
831 670 102 31 Library
960 670 21 25 is
1007 679 61 23 open
1090 679 68 24 every

635 715 109 30 Tuesday
756 714 48 24 and
826 714 118 30 Saturday
977 715 93 30 nights,
1091 715 62 25 from

635 759 57 23 080
704 766 66 22 p.m.,
792 759 24 22 to
836 759 14 23 8
863 765 68 23 p.m.,
954 757 46 24 and
1033 766 31 16 on
1086 766 69 23 every
1195 750 2 11 '

601 811 3 9 ;
634 800 116 23 alternate
762 799 127 31 Thursday
913 799 134 28 afternoon,
1065 819 3 3 .
1077 801 77 31 (Sale-

634 841 68 32 days)
725 842 62 24 from
800 844 57 23 230
869 851 62 22 p.m..
948 844 26 23 to
986 845 14 22 5
1012 851 57 23 p.m.
1103 843 51 25 The

635 884 106 30 Reading
755 884 74 24 Room
842 884 20 24 is
875 891 61 23 open
960 886 25 23 to
1007 885 43 24 the
1073 885 88 30 public,

633 926 48 26 free
692 927 64 32 daily
768 928 63 24 from
850 928 28 23 11
892 935 68 21 a.m.,
984 933 23 19 to
1021 928 132 29 Sundown,

635 970 122 32 (Sundays
785 971 124 31 excepted)
943 971 47 24 and
1019 971 68 24 wh^n
1113 971 42 25 the

635 1013 102 32 Library
764 1014 22 23 is
814 1022 67 23 open.
932 1014 52 24 The
1012 1014 143 31 circulating

635 1056 101 30 Library
747 1058 110 23 contains
870 1058 73 26 1,700
954 1057 116 28 volumes,
1090 1065 64 16 com-

633 1100 93 30 prising
899 1100 105 28 Science,
1022 1100 131 31 Theology,

633 1142 146 31 Biography,
819 1143 82 23 Travel
934 1143 49 23 and
1010 1143 145 26 Adventure,

633 1185 80 25 Books
725 1185 37 24 for
773 1185 40 25 the
833 1185 90 31 Young
934 1186 40 23 &c.
1009 1185 55 24 This
1086 1185 22 24 is
1130 1194 25 15 a-

633 1229 98 29 mongst
753 1228 42 23 the
807 1229 89 29 largest
918 1228 48 23 and
979 1228 52 23 best
1053 1227 100 25 selected

633 1270 101 31 Library
745 1270 25 23 m
798 1270 59 25 New
871 1270 113 25 Zealand.
1019 1270 21 23 A
1051 1270 104 24 number
1195 1271 2 38 {

633 1313 26 24 of
665 1321 53 16 new
742 1312 74 25 books
837 1313 47 25 will
906 1312 92 32 shortly
1018 1313 29 24 be
1070 1312 83 25 added.

633 1356 51 24 The
696 1356 147 24 Committee
866 1356 45 23 will
925 1357 26 22 be
963 1356 53 31 glad
1028 1359 26 21 to
1065 1356 89 24 receive

634 1399 174 24 contributions
831 1399 27 24 of
883 1398 102 25 suitable
1010 1398 74 25 books
1106 1399 48 24 and

633 1441 138 30 periodicals
793 1441 37 24 for
842 1442 39 22 the
894 1441 100 31 Library
1016 1441 47 24 and
1075 1441 79 24 Read-

633 1484 43 30 ing
703 1492 73 16 room.
812 1484 110 24 Edwahd
945 1484 107 28 Reeves,
1088 1483 66 26 Hon.

634 1526 136 24 Librarian.

667 1570 169 22 Subscription
850 1570 35 31 2/-
897 1577 49 15 per
962 1577 118 19 quarter.

728 1726 333 56 NOTICE.

635 1839 40 77 A
684 1838 102 39 public
796 1839 131 38 meeting
936 1838 34 29 of
976 1839 50 29 the
1037 1839 118 30 inhabi-

715 1881 81 26 tants
849 1879 31 28 of
920 1879 52 29 the
1014 1878 141 31 Carleton

637 1919 107 29 School
760 1919 127 30 District
915 1919 59 29 will
989 1921 37 28 be
1040 1920 70 29 held
1123 1921 31 28 m

634 1959 53 30 the
729 1958 109 31 School
887 1968 37 20 on
967 1959 190 42 Wednesday

635 1999 120 40 August
765 2001 10 28 1
784 2001 53 29 2th
849 2005 31 25 at
895 2002 16 28 8
922 2010 69 29 p.m.
1014 2004 32 26 to
1057 2001 98 31 deter-

634 2042 81 29 mine
748 2041 48 29 for
828 2041 83 30 what
941 2052 129 29 purpose
1101 2043 53 29 the

636 2081 100 39 Organ
750 2092 59 19 was
817 2083 106 38 placed
931 2083 30 28 m
974 2083 52 29 the
1037 2082 118 36 School,

635 2123 59 28 and
710 2122 66 29 who
790 2133 51 19 are
862 2123 40 28 its
916 2133 110 28 proper
1049 2128 106 24 custo-

636 2163 85 29 dians
749 2163 73 29 with
842 2163 83 40 right
946 2166 32 25 to
1001 2166 91 36 grant
1102 2164 52 30 the

638 2214 51 20 use
699 2204 34 30 of
739 2203 52 30 the
803 2200 89 33 sanie.

776 2250 45 30 W.
838 2251 176 38 COWANS,
1028 2277 3 4 .

858 2292 161 29 Chairman

813 2332 141 29 Carleton
967 2333 108 30 School

855 2372 259 31 COMMITTEE.

734 2521 120 39 Divine
888 2523 161 40 Services.

811 2594 97 25 Sunday
924 2604 64 16 next

668 2659 52 24 The
731 2659 31 23 U.
776 2659 34 24 M.
824 2660 27 23 P.
862 2660 105 29 Church,
981 2662 67 24 West
1066 2661 91 26 Oxford

634 2714 33 5 —
669 2702 38 23 11.
723 2710 58 15 a.m.
801 2702 53 25 Rev
872 2702 24 25 J,
918 2703 121 32 Benning,
1062 2705 49 24 and
1132 2711 25 18 at

635 2745 65 27 6.30,
722 2752 67 23 p.m.,
810 2745 170 34 (Sacrament.)

668 2787 62 23 East
743 2787 90 25 Oxford
845 2789 64 23 2.45.
932 2796 50 23 p.m
996 2790 53 24 Rev
1056 2791 24 23 J.
1093 2791 63 24 Ben-

636 2829 68 31 ning,
727 2829 47 24 and
786 2831 25 23 at
824 2831 63 27 6.30,
901 2839 57 22 p.m,
970 2832 39 23 Mr
1019 2832 21 24 T
1051 2833 105 25 Hunter.

669 2872 39 24 All
720 2872 66 25 Seals
798 2873 68 29 Free,
883 2874 49 24 and
950 2883 32 16 an
991 2884 4 4 •
1003 2876 71 30 equal
1092 2876 66 25 Wel-

636 2923 68 16 come
730 2917 25 22 to
782 2916 41 24 all.

673 3064 163 31 OXFORD
852 3066 107 30 ROAD
974 3068 150 31 BOARD.

639 3155 209 78 TENDERS
883 3168 51 20 are
967 3160 117 29 invited
1111 3161 47 29 for

722 3199 208 39 constructing
942 3200 91 29 about
1042 3202 17 27 3
1072 3201 84 30 miles

637 3238 34 28 of
678 3237 122 30 Branch
812 3239 105 30 Water
927 3240 88 36 Race,
1027 3240 128 41 through

638 3277 49 29 Mr
703 3278 140 31 G-orfcon's
852 3279 157 42 Property,
1021 3281 41 38 (m
1071 3282 85 31 three

638 3320 174 32 contracts.)
850 3321 37 28 Al
892 3331 32 19 so
932 3322 49 29 for
989 3326 166 27 construct-

638 3360 55 37 ing
709 3359 62 37 Log
783 3360 123 30 Culvert
920 3372 39 19 on
969 3362 81 29 Maiu
1070 3363 85 31 Bush

638 3400 92 28 Road.
762 3400 90 29 Plans
866 3402 59 28 and
939 3403 216 37 specifications

636 3450 36 19 ca
681 3451 11 17 i
704 3440 204 30 beseenat.the
918 3441 124 31 Board's
1054 3443 99 37 Office,

636 3482 29 27 iv
682 3492 18 17 a
713 3481 59 29 few
781 3482 81 40 days.
907 3482 130 31 Tenders
1059 3487 32 26 to
1121 3487 34 28 be

637 3527 67 24 sent
718 3522 31 29 m
763 3523 40 39 by
816 3525 27 28 4.
855 3534 69 28 p.m.
937 3534 37 19 on
986 3525 167 41 Thursday,

635 3558 120 44 August
776 3564 81 29 20th.
901 3564 62 31 The
988 3565 106 30 lowest
1122 3578 35 18 or

635 3612 60 30 any
705 3603 107 30 tender
826 3607 53 26 not
899 3605 182 41 necessarily
1108 3617 47 20 ac-

635 3644 114 38 cepted.

695 3683 135 31 JAMES
859 3685 39 30 H.
927 3685 167 30 SHARPE

835 3725 90 30 Clerk
939 3730 30 25 to
981 3727 50 29 the
1046 3726 110 33 Board.

24 131 45 61 J.
112 131 43 60 J.
196 127 348 63 WEEBER,

105 194 69 30 High
188 194 86 27 Street,
287 192 62 24 East
369 192 97 24 Oxford.

104 254 122 28 PICTURE
245 252 98 28 FRAME
360 251 102 28 MAKER

55 307 87 24 Dealer
153 307 31 26 m.
190 307 58 27 Oils,
262 306 93 27 Colors,
378 303 71 28 Lead,
475 303 70 25 Glass

23 338 86 27 Scrim,
126 340 44 22 and
184 347 66 22 every
266 338 70 30 thing
347 337 129 24 connected
487 336 59 24 with

22 371 43 25 the
77 372 72 24 trade.

54 409 83 25 Direct
148 408 116 32 importer
272 407 25 25 of
306 406 205 33 Paperlmngings.

135 467 84 24 Paints
229 467 80 23 mixed
321 470 25 19 to
357 464 75 25 order.

63 571 285 33 ODDFELLOWS
392 570 110 30 HALL

155 618 95 24 WEST
269 615 142 26 OXFORD.

21 693 40 77 A
74 691 108 30 Public
207 691 65 29 Ball
291 690 57 28 will
367 689 35 30 be
422 688 68 30 held
511 688 30 29 m

101 733 177 28 connection
294 731 69 29 with
383 730 52 29 the
449 729 90 40 Loynl

21 772 118 30 Oxford
160 772 99 40 Lodge
287 781 36 18 on
348 770 111 38 Friday
480 772 61 27 Au-

21 817 72 35 gust
146 814 66 28 21st
264 813 86 28 1891.
424 811 118 30 Double

22 853 122 29 Tickets
158 856 49 36 3/0
232 853 103 36 Single
346 851 123 30 Tickets
480 851 60 38 2/6.

111 898 87 30 Band
216 898 31 29 m
259 896 188 30 attendance.

101 1005 219 32 INSTITUTE
347 1005 114 29 HALL

171 1052 225 31 CARLETON.

62 1128 26 28 A
106 1126 97 30 Social
214 1126 166 38 consisting
394 1124 34 29 of
435 1124 105 39 Songs,

19 1166 129 30 Musical
168 1166 174 34 Selections,
372 1166 31 28 m
432 1166 41 28 air
473 1166 5 20 1
510 1166 31 27 of

17 1208 54 28 the
88 1207 124 36 Sunday
232 1206 117 35 School,
372 1216 37 19 on
428 1206 112 38 Friday

19 1249 127 37 August'
155 1247 72 29 14th
242 1253 33 23 al
285 1248 17 26 8
312 1246 122 30 o'clock.

60 1288 226 29 Refreshments
307 1287 151 39 provided.

140 1329 171 29 Admission
322 1330 65 27 One
400 1327 139 38 Shilling.

108 1442 131 44 FOR
266 1439 177 47 SALE.

58 1531 28 28 J.
109 1530 40 29 M.
172 1530 239 34 VERRALL'S,
433 1531 106 28 Latest

20 1571 254 35 STOCKWHIP,
296 1571 86 29 Price
410 1571 47 28 (3d.

79 1611 104 39 Apply
200 1612 94 29 Office
303 1613 31 27 of
349 1611 59 29 this
434 1611 105 39 Paper.

77 1712 191 44 TOWN
287 1712 193 44 HALL.

121 1778 105 30 EAST
259 1778 179 32 OXFORD.

35 1827 218 26 WEDNESDAY
289 1829 135 26 AUGUST
457 1822 68 34 12th'

165 1874 84 24 Grand
261 1874 136 24 Panorama

80 1916 206 39 DARKEST
306 1918 176 38 AFRICA.

196 1967 30 24 In
239 1968 39 24 aid
290 1968 26 23 of
325 1970 42 22 the

92 2008 165 33 OXFORD
280 1996 193 46 LIBRARY*

102 2059 106 33 (Musical
224 2062 131 25 Selections
367 2063 29 30 by
409 2064 41 23 the

22 2099 188 31 OXFORD
232 2102 153 31 BRASS
407 2104 133 30 BAND.

22 2192 275 47 SPECIAL
367 2199 175 46 SALE.

32 2291 20 28 1
85 2290 117 38 Special
235 2292 67 30 Sale
333 2295 35 28 of
393 2295 148 33 Freehold

23 2323 35 43 J|
104 2333 173 37 properties,
306 2335 59 29 will
379 2337 33 28 be
428 2337 67 31 held
510 2344 31 25 at

21 2380 53 29 my
83 2371 127 30 Auction
233 2373 117 37 Rooms,
375 2386 38 19 on
428 2377 113 31 Thurs-

22 2410 68 40 day,
103 2413 73 29 27th
189 2413 129 40 August,,
331 2417 84 30 when
426 2429 18 18 a
454 2430 86 20 num-

23 2452 54 29 ber
104 2453 32 28 of
158 2453 106 33 Farms
289 2458 65 32 and,
372 2462 80 27 town
475 2472 65 29 pro-

22 2493 110 37 perties
157 2496 62 29 will
250 2497 36 31 be
313 2499 165 32 submitted
509 2507 32 26 to

22 2533 136 31 Auction.

66 2574 130 31 Further
216 2579 109 29 entries
341 2581 143 32 solicited.
509 2593 11 12 •

118 2622 109 32 JOHN
250 2626 168 40 INGRAM,

313 2669 186 34 Auctioneer.

23 2767 281 58 HORSE

130 2840 414 65 CLIPPING.

85 2950 131 32 William
254 2953 168 41 Cockburn,
461 2958 102 31 West-
585 2961 2 35 |

23 2989 116 32 Oxford
153 2993 130 40 Smithy,
299 2997 75 39 clips
388 2998 101 31 horses
511 3005 34 25 at

22 3033 155 31 moderate
186 3039 88 27 rates.

24 3136 127 46 £500
210 3141 80 42 TO
332 3140 212 51 'LEND.
585 3128 2 11 '
585 3150 2 22 :

64 3233 17 29 I
95 3234 136 34 liave-the
246 3240 94 30 above
362 3252 65 19 sum
439 3243 107 39 placed

22 3273 33 29 m
78 3286 51 28 my
143 3276 97 33 hands
262 3285 30 23 to
313 3280 67 32 lend
406 3294 37 19 on
467 3287 77 28 jrood

22 3315 134 31 freehold
188 3323 133 37 security
342 3325 32 28 m
403 3335 82 21 suras
517 3330 29 26 oi

26 3355 85 32 £100
123 3360 59 28 and
195 3363 148 35 upwards.

68 3403 5 6 '
120 3402 109 32 JOHN
250 3406 174 39 INGRAM,
442 3398 5 5 '

314 3449 192 33 Auctioneer,

226 3645 101 31 OATS

68 3720 4 10 .
93 3692 103 42 Apply
220 3697 93 28 Office
328 3699 34 27 of
374 3699 60 31 this
447 3701 100 41 Paper
