2430 3800
47 173 134 27 confirmed,
194 172 61 24 after
265 171 78 24 which
365 168 198 31 correspondence

46 220 50 16 was
107 210 83 25 dealth
200 208 67 26 with.
300 208 52 23 The
364 207 112 23 Auditors
484 205 79 31 report

46 248 80 26 which
138 257 46 16 was
196 245 118 33 expected,
339 245 40 24 did
407 245 41 23 not
460 251 66 17 come
538 244 25 22 to

46 287 66 25 hand
116 305 5 6 .
155 287 51 24 The
218 284 57 26 Sick
286 279 110 32 Visitors',
408 282 57 25 Bra
477 279 86 32 Lough

45 325 49 24 and
111 323 146 27 Zweibruck,
269 321 107 32 reported
388 327 45 17 one
455 318 107 24 memßter

46 363 51 24 still
109 370 31 16 on
149 362 42 24 the.
202 360 80 24 funds.
317 358 51 25 One
389 356 127 25 candidate
527 355 36 24 for

46 399 163 30 membership
221 405 48 16 was
285 395 115 32 proposed
411 395 30 30 by
464 394 55 23 Bro.
533 393 30 24 G.

46 440 37 23 M.
97 438 88 25 Smith.
220 435 57 25 Sick
287 443 47 23 pay
344 433 142 30 amounting
494 433 25 22 to
530 431 33 23 £2

46 485 51 16 was
108 475 85 31 passed
210 474 35 23 for
266 474 121 30 payment,
410 471 58 24 after
490 469 73 25 which

46 514 42 25 the
100 513 69 29 lodge
180 511 78 24 closed
271 511 28 23 m
309 509 42 24 the
363 508 70 24 usual
445 508 70 24 form.

47 618 44 23 AN
119 612 204 28 INSPECTORS
490 609 73 24 PRO-

240 647 36 23 IN
295 642 220 27 ARITHMETIC.

79 717 39 23 An
140 715 122 30 Inspector
282 712 27 24 of
330 710 41 25 the
399 708 166 29 Birmingham

47 753 88 26 School
147 751 75 25 Board
234 751 43 23 has
288 747 127 32 expressed
433 746 39 24 his
484 746 80 29 disap-

46 791 136 31 pointment
191 790 26 24 at
227 789 44 23 not
286 786 94 29 finding
401 784 41 24 the
461 782 57 32 girls
540 781 25 26 of

46 829 43 24 the
104 827 104 30 Moseley
219 826 57 23 road
288 822 79 25 Board
388 821 88 25 School
497 828 67 16 more

46 866 72 33 ready
145 864 59 25 with
226 870 31 16 an
396 857 109 32 problem
537 858 26 22 m

239 899 40 26 He
292 897 69 26 could
373 895 57 32 only
440 895 69 31 hope,
532 894 32 24 he

46 942 60 25 said,
119 941 52 24 that
182 940 57 29 th^y
252 936 75 26 would
338 935 29 25 do
379 934 78 24 better
466 934 99 23 another

45 988 64 23 year.
143 975 152 30 Fortunately
309 974 34 23 for
354 972 40 24 the
404 971 75 24 credit
491 970 25 23 of
522 970 42 24 the

47 1017 107 32 Moseley
165 1016 67 25 Road
251 1012 86 26 School
349 1011 66 30 girls,
431 1010 22 25 it
464 1009 99 26 occured

46 1059 26 22 to
82 1064 17 16 a
109 1055 108 25 member
237 1052 27 24 of
273 1052 40 23 the
337 1049 77 24 Board
436 1053 26 18 to
484 1047 43 24 ask
539 1049 25 21 to

45 1094 59 24 hear
123 1092 41 24 the
210 1097 55 22 easy
420 1086 145 29 whereupon

45 1131 45 24 tlae
111 1130 64 24 clerk
197 1127 54 26 r°ad
264 1127 18 23 it
304 1127 42 22 out
366 1131 27 17 as
414 1122 111 29 follows.;
545 1120 20 24 A

46 1171 73 23 starts
147 1170 25 22 to
193 1165 63 26 walk
286 1174 15 15 a
321 1164 101 31 journey
451 1162 27 24 of
498 1161 67 24 tlnve

45 1207 88 28 miles-,
151 1206 21 24 B
184 1205 73 25 starts
278 1203 63 23 from
365 1201 40 24 the
426 1199 71 25 other
519 1197 46 26 end

47 1244 52 25 and
108 1243 76 25 walks
195 1240 104 26 towards
311 1240 29 23 A.
373 1238 43 24 A's
440 1238 65 29 steps
528 1243 37 16 are

46 1282 39 23 2ft
93 1280 117 25 lOinches
221 1278 65 30 long,
308 1276 90 27 B's.are
409 1274 36 23 2ffc
457 1275 14 22 8
482 1272 83 24 inches

46 1318 66 32 long.
146 1318 59 23 How
216 1322 72 22 many
305 1320 63 16 more
390 1313 63 28 steps
476 1309 47 24 will
545 1308 20 24 B

46 1356 72 25 take,
130 1355 62 25 than
214 1353 29 28 A,
272 1350 48 26 and
340 1349 76 25 where
438 1348 47 24 will
508 1346 57 32 they

46 1398 75 21 meet.

47 1494 99 25 WEST
175 1491 133 26 OXFORD
335 1488 131 26 SCHOOL
482 1485 82 26 COM-

236 1522 137 26 MITTEE.

80 1592 58 24 This
150 1589 144 26 Committee
315 1587 57 24 held
383 1586 61 24 their
454 1583 112 30 ordinary

45 1630 108 29 meeting
180 1636 31 15 on
238 1626 42 23 the
307 1625 45 23 3rd
378 1624 57 22 inst.
468 1622 98 22 Present

46 1667 93 25 Messrs
158 1664 122 29 Penning,
303 1659 151 34 (Chairman)
472 1657 93 28 Ancall,

46 1707 78 27 Dean,
137 1705 73 27 Dorn,
232 1702 94 26 Fisher,
346 1699 50 25 and
407 1697 61 26 Nell.
501 1697 63 24 Mas-

44 1747 51 23 ters
122 1744 80 31 report
240 1749 48 16 was
325 1738 107 26 received
458 1736 106 30 shewing

43 1791 105 22 average
169 1779 143 27 attendance
330 1779 29 23 to
375 1776 29 25 be
427 1775 54 25 180.
492 1776 14 23 5
518 1773 48 24 and

44 1822 50 24 Uo.
105 1828 34 17 on
149 1818 74 26 books
236 1818 55 23 159.

79 1863 82 24 Letter
171 1868 50 16 was
232 1858 104 25 received
347 1857 64 24 from
421 1855 39 24 Mr
468 1855 96 29 Harvey

42 1901 134 29 informing
186 1900 44 23 the
246 1897 141 25 Committee
409 1897 54 22 that
475 1895 30 23 he
517 1893 49 24 had

44 1938 143 25 -withdrawn
213 1936 38 23 his
289 1933 111 25 children
435 1931 61 24 from
524 1930 41 24 the

48 1975 98 26 School.

79 2018 51 24 The
152 2025 53 16 new
232 2013 146 32 regulations
401 2011 118 29 referring
540 2011 26 22 to

46 2055 74 31 Pmpil
131 2053 109 26 teachers
250 2059 62 17 were
323 2049 106 25 received
449 2048 64 24 from
524 2047 42 24 the

47 2095 90 24 Board;

82 2137 68 25 Clerk
160 2144 49 17 was
218 2133 101 26 ordered
329 2135 26 22 to
376 2130 102 26 forward
488 2129 77 25 build-

46 2175 45 31 Ing
101 2174 114 25 accounts
233 2173 27 23 to
270 2172 42 24 the
322 2169 88 29 Board,
432 2168 52 24 also
495 2168 25 24 to
529 2174 36 17 as-

46 2213 96 25 certain
163 2212 41 25 tbe
223 2217 84 21 reapon
328 2208 27 25 of
373 2205 146 27 withdrawel
541 2205 25 25 of

48 2251 111 24 children
169 2249 63 25 from
242 2248 41 23 the
296 2246 85 26 School
394 2245 48 24 and
453 2246 25 23 to
489 2251 76 17 ascer-

48 2289 51 24 tain
107 2293 59 19 trom
174 2286 102 25 Masters
284 2283 27 27 of
316 2283 142 31 neigboring
465 2281 101 26 Schools

47 2325 110 26 whether
167 2324 67 25 there
245 2330 48 17 was
303 2329 49 24 any
371 2319 98 26 evasion
490 2318 27 24 of
526 2318 40 24 the

47 2361 155 32 cumpuisoty
213 2360 80 25 clause
303 2358 28 25 of
339 2358 42 24 the
392 2357 39 25 act
453 2356 49 24 and
514 2355 52 24 also

47 2403 28 23 to
86 2400 52 31 give
155 2398 45 26 fall
211 2397 115 32 publicity
347 2395 27 26 of
382 2395 43 25 the
435 2394 85 30 doings
540 2392 28 26 of

47 2438 46 24 the
120 2436 145 26 Committee
291 2435 26 23 m
338 2433 33 25 all
390 2432 109 32 journals
520 2431 45 24 cir-

49 2474 111 32 culating
167 2474 29 24 m
207 2474 40 24 the
258 2471 98 25 district.

82 2518 49 24 The
156 2514 177 28 consideration
359 2513 27 26 of
411 2513 96 30 fencing
522 2511 43 25 the

48 2556 60 32 girls
118 2554 56 33 play
185 2553 95 33 grpnnd,
287 2560 47 17 was
346 2551 105 25 deferred
460 2550 38 25 till
508 2551 58 23 next

49 2595 115 31 meeting,
186 2594 26 24 m
230 2593 43 24 the
294 2591 129 26 meantime
443 2589 75 26 Clerk
540 2591 26 23 to

49 2640 99 26 prepare
159 2631 70 33 plans
237 2630 50 25 and
296 2629 130 25 estimates.

83 2676 53 23 The
146 2674 121 30 following
277 2673 112 24 accounts
402 2678 59 17 were
480 2669 87 32 passed

50 2713 38 24 for
103 2713 114 30 payment
225 2718 7 15 :
233 2724 33 4 —

113 2748 104 26 Salaries
292 2763 4 4 ■
447 2745 53 23 £30
512 2745 30 23 19
550 2744 17 23 2

114 2785 147 27 Incidentals
475 2782 37 24 £8
523 2782 16 23 2
550 2782 15 24 4

304 2848 69 26 Total
460 2848 52 24 £89
525 2848 40 23 16

115 2921 105 25 Balance
229 2921 27 23 at
267 2920 74 24 Hand
460 2919 52 22 £11
524 2918 16 22 3
551 2917 16 23 2

115 2959 73 24 From
197 2958 80 24 Board
479 2956 35 23 £8
524 2955 42 23 00

66 3024 86 25 Actual
162 3023 85 29 Cred^j
252 3022 105 24 Balance
370 3021 28 24 of
460 3020 52 23 £19
524 3021 15 22 8
552 3019 14 23 2

82 3099 54 24 The
146 3097 142 26 Committee
296 3096 60 25 then
364 3094 138 32 adjourned.

129 3214 92 24 VIEW
242 3212 82 24 HILL
340 3209 137 26 MUTTON.

80 3280 51 25 Our
142 3278 184 31 correspondant
337 3275 49 25 had
402 3275 42 25 the
455 3274 109 31 pleasure

46 3318 26 25 of
93 3317 136 30 examining
256 3324 14 15 a
297 3313 110 32 splendid
433 3312 97 31 quarter
539 3310 25 24 of

46 3357 95 23 mutton
170 3354 80 24 shewn
261 3352 52 24 him
340 3351 32 31 by
399 3350 39 23 Mr
466 3348 93 25 Gorton

46 3392 121 32 weighing
178 3391 76 25 611bs.
277 3387 60 27 Tliis
347 3396 48 17 was
407 3395 15 17 a
433 3386 45 25 fair
490 3385 74 31 speci-

46 3441 58 16 men
116 3432 25 24 of
149 3441 14 14 a
171 3431 100 25 number
283 3430 25 24 of
317 3429 73 29 sheep
406 3426 78 26 which
509 3425 55 24 that

45 3470 137 31 gentleman
192 3468 49 25 had
254 3467 51 31 just
327 3465 102 25 finished
451 3463 35 25 off
505 3462 59 25 with

46 3508 41 24 oat
97 3507 95 31 feeding
203 3507 36 23 for
250 3505 53 24 four
312 3503 77 25 weeks
399 3500 165 30 commencing

45 3554 34 18 on
90 3547 58 31 good
167 3554 66 24 grass
256 3543 129 26 condition.
418 3541 40 25 Mr
470 3540 93 24 Gorton

44 3587 22 24 is
85 3587 79 30 firmly
184 3585 129 25 convinced
335 3584 62 24 from
421 3582 39 24 his
472 3580 90 30 experi-

45 3632 59 17 ence
115 3623 53 25 that
179 3625 82 23 unless
278 3623 53 23 oats
353 3628 46 17 can
411 3621 27 23 be
450 3616 112 33 disposed

44 3661 28 25 of
80 3663 25 23 at
116 3668 56 18 over
183 3662 47 23 two
252 3659 109 30 shillings
383 3665 43 23 per
444 3654 85 25 bushel
539 3654 21 23 it

44 3707 57 22 pays
112 3699 37 23 far
160 3698 77 25 better
265 3699 25 22 to
301 3697 96 24 convert
419 3695 68 24 them
509 3692 53 24 into

44 3738 102 23 mutton.
275 3736 2 1 '
295 3746 1 1 ■
311 3750 11 6 -«
374 3749 1 1 •

822 161 180 24 MARRIAGE

680 224 50 25 Our
749 226 186 31 correspondant
947 232 62 25 says,
1010 240 33 3 —
1053 224 14 24 I
1076 224 63 24 have
1151 230 14 17 a

647 271 56 23 very
724 262 110 32 pleasant
858 264 53 24 task
932 264 27 24 m
979 262 122 32 reporting
1122 260 42 25 the

645 304 192 24 consummation
859 304 26 24 of
904 304 39 24 the
964 302 127 32 happiness
1109 300 27 25 of
1150 308 15 17 a

646 341 55 32 lady
713 342 48 24 and
772 342 136 32 gentlemen
920 342 79 24 whom
1006 350 35 16 we
1052 341 33 25 all
1094 341 69 24 know

647 381 45 23 and
704 380 58 24 hold
774 381 24 23 m
810 381 59 30 high
879 380 95 30 regard,
989 380 47 23 viz.
1037 394 33 4 —
1102 378 60 24 Miss

647 417 69 25 Clara
727 417 112 24 Knowles
855 417 49 24 and
914 417 39 24 Mr
963 416 126 25 Frederick
1111 415 51 25 Gil-

647 457 80 25 christ.
761 457 51 24 The
823 457 117 31 marriage
961 464 48 17 was
1031 455 132 26 celebrated

648 499 25 20 at
686 495 28 24 St
725 495 90 31 Mary's
827 495 96 25 Church
934 494 31 31 by
981 494 41 24 the
1043 494 59 23 Rev.
1115 492 46 24 Mr.

648 532 101 25 Garbett
770 541 32 16 on
825 532 154 31 Wednesday.
1012 532 39 23 Mr
1062 531 30 23 R.
1106 529 57 25 Gil-

645 570 76 25 christ
732 570 118 25 officiated
873 578 25 17 a3
916 570 51 25 best
978 576 65 22 man;
1076 568 87 24 Misses

647 608 73 23 Luers
742 608 47 23 and
810 608 69 24 Belle
900 607 111 24 Blackett
1033 606 69 24 acted
1135 612 27 16 as

647 647 165 24 Bridesmaids.
847 646 52 25 The
910 646 64 25 bride
984 653 49 17 was
1045 644 85 25 attired
1138 644 26 24 m

647 696 15 16 a
673 689 78 30 pretty
762 695 57 23 grey
840 688 75 24 tweed
943 685 126 30 travelling
1090 685 74 29 dress,

647 726 57 23 with
715 725 43 24 hat
773 726 25 23 to
809 724 90 25 match.
932 723 53 25 The
1003 722 162 25 Bridesmaids

645 763 26 23 m
698 770 64 23 navy
788 762 54 24 blue
869 764 124 22 costumes.
1028 760 69 23 After
1120 758 42 25 the

645 799 130 28 breakfast,
795 798 41 25 the
846 799 80 30 happy
938 797 83 31 couple
1043 796 72 25 drove
1137 797 26 24 to

647 836 126 30 Amberley
784 838 26 23 to
832 836 75 30 spend
928 835 62 25 their
1012 834 150 30 honeymoon

645 874 59 25 with
715 874 43 24 the
768 875 51 22 best
830 873 87 24 wishes
938 873 24 23 of
973 871 31 25 all
1026 872 52 23 who
1095 871 70 24 know

645 913 79 26 thenu
817 912 108 30 presents
935 917 62 17 were
1008 916 82 23 many,
1117 908 48 24 and

647 958 65 18 some
723 958 56 23 very
789 949 134 25 handsome
934 955 62 18 ones
1005 955 61 17 were
1077 954 88 23 among

648 990 76 24 them.

713 1113 135 25 OXFORD
867 1112 91 25 ROAD
978 1110 121 26 BOARD.

680 1196 58 25 Tbis
749 1195 81 25 Board
840 1194 58 26 held
905 1194 64 25 their
976 1193 110 30 ordinary
1094 1193 72 23 meet-

647 1236 42 31 ing
700 1244 32 16 on
743 1236 42 23 the
797 1234 45 26 sth
853 1234 57 28 inst,
922 1233 33 25 all
976 1232 117 25 members
1114 1240 53 23 pre-

649 1276 51 22 sent
711 1274 83 29 except
805 1272 39 23 Mr
853 1272 106 26 Dobson,
982 1270 52 24 who
1055 1276 49 17 was
1126 1270 41 23 ab-

644 1312 58 23 sent
723 1310 26 23 m
768 1309 156 30 Wellington,
944 1314 32 17 on
998 1306 83 25 Water
1102 1306 65 24 Race

647 1350 118 28 business,
788 1348 49 25 and
851 1348 28 25 m
899 1348 79 25 whose
994 1345 102 26 absence
1127 1345 41 25 Mr

648 1387 29 25 A.
687 1409 16 12 (f
703 1387 93 31 Wright
817 1385 112 31 occupied
940 1385 40 24 the
995 1383 73 25 chair.

679 1427 40 24 Mr
728 1425 89 25 Powell
837 1423 153 26 interviewed
1011 1423 40 24 the
1073 1422 89 28 Board,

641 1464 55 25 -and
717 1462 150 32 complained
889 1462 53 24 that
969 1460 31 24 he
1028 1459 47 25 had
1109 1459 57 24 been

646 1504 83 31 picked
741 1504 42 24 out
794 1510 25 17 as
831 1510 32 16 an
869 1502 109 24 instance
986 1500 27 25 of
1018 1507 33 17 an
1059 1498 106 26 offender

647 1541 96 31 against
749 1540 47 28 Jbhe
806 1539 87 24 Public
914 1537 105 25 Healths
1041 1536 54 28 Act,
1118 1535 50 24 and

647 1578 134 25 discussion
792 1577 87 31 proved
889 1576 55 24 that
955 1576 53 23 that
1028 1573 138 32 gentleman

647 1625 49 16 was
704 1620 44 21 not
759 1617 66 30 quite
835 1616 122 25 innocent,
969 1613 48 25 and
1028 1613 53 24 that
1099 1613 67 24 there

646 1664 62 17 were
719 1654 90 27 several
820 1655 67 24 other
896 1654 120 23 instances
1027 1651 78 28 which
1124 1651 41 24 the

647 1695 80 26 Board
737 1695 50 24 had
796 1694 64 32 quite
870 1693 71 25 made
958 1700 33 24 up
1013 1691 64 26 their
1097 1691 69 25 mind

647 1737 27 24 to
692 1735 105 31 remedy.

680 1773 52 25 The
754 1772 47 31 dog
821 1778 85 24 ranger
926 1770 74 25 asked
1022 1769 40 25 the
1084 1768 80 26 Board

649 1813 63 24 what
721 1812 79 24 action
811 1811 56 31 they
878 1809 114 25 intended
1008 1810 26 22 to
1055 1808 62 29 take,
1140 1815 26 17 as

648 1851 92 26 several
749 1850 168 25 informations
928 1848 50 24 laid
994 1849 95 30 against
1111 1848 53 23 him

647 1892 25 23 of
694 1889 162 32 unregistered
877 1888 59 31 dogs
958 1888 46 23 had
1028 1886 58 25 been
1118 1886 46 24 dis-

646 1928 90 24 missed
747 1935 33 16 on
788 1925 117 26 technical
912 1924 105 32 grounds
1018 1938 32 4 —
1050 1923 115 25 Deferred

647 1966 37 26 till
695 1966 39 24 Mr
744 1964 116 25 Dobson's
881 1964 92 24 return.

679 2003 40 24 Mr
731 2003 27 23 A.
769 2002 90 24 Baxter
875 1999 126 32 requested
1021 1998 143 33 permission

647 2043 25 22 to
682 2041 74 24 break
766 2047 33 20 up
810 2039 56 23 road
885 2038 62 23 from
968 2037 151 24 M'Jarrow's
1140 2038 26 22 to

647 2078 67 24 main
738 2076 57 26 road
797 2090 30 5 —
828 2075 115 25 Granted.

683 2116 39 24 On
733 2113 127 33 enquiring
870 2114 41 24 the
924 2112 118 31 Surveyor
1060 2119 49 18 was
1129 2111 37 24 in-

646 2153 94 25 formed
750 2152 55 25 that
816 2159 69 24 gorse
896 2150 56 25 seed
962 2150 49 25 had
1017 2149 62 25 been
1086 2149 79 24 carted

647 2192 32 32 by
689 2192 41 24 the
750 2189 80 26 Board
851 2196 32 17 on
905 2187 150 26 Ashworth's
1076 2186 58 26 road
1134 2201 33 4 —

646 2231 39 24 Mr
695 2229 89 25 Baxter
795 2236 47 17 was
853 2226 119 33 grubbing
983 2233 68 24 gorse
1073 2225 27 25 m
1122 2232 37 18 ac-

646 2268 115 24 cordance
771 2265 59 25 with
842 2265 39 24 the
902 2264 80 24 notice
1004 2262 161 25 served-—^Re-

646 2305 64 32 pairs
721 2311 58 17 were
788 2301 111 33 required
908 2309 32 16 on
947 2300 68 25 Main
1022 2299 47 25 and
1077 2299 87 25 Moun-

645 2346 61 30 sey's
717 2342 90 26 road—
808 2341 71 25 Clerk
886 2342 25 23 to
917 2340 99 30 inspect.
1049 2339 23 24 R
1079 2339 85 24 Marsh

646 2382 49 25 had
716 2379 108 33 repaired
845 2378 92 26 eulverfc
962 2384 32 18 on
1027 2375 138 32 Mounsey's

644 2419 92 26 road—
736 2417 139 33 Approved:,-
904 2415 57 24 Had
971 2413 126 26 consulted
1104 2413 60 25 with

646 2457 39 25 Mr
696 2456 94 25 Gorton
807 2452 158 33 about'"Eyre
988 2451 82 25 Water
1091 2451 72 28 Race,

646 2495 40 25 He
695 2494 50 24 had
755 2492 108 33 objected
874 2492 25 23 to
910 2498 46 24 pay
972 2493 62 21 rates
1055 2496 31 17 on
1107 2488 57 24 land

645 2534 102 26 watered
757 2533 32 31 by
799 2532 38 24 his
849 2539 52 17 own
912 2526 251 35 prfvate]races,butat

647 2583 15 16 a
670 2573 146 31 subsequent
825 2570 123 26 interview
959 2569 57 29 \fith
1027 2569 41 24 the
1079 2568 86 28 Board,

646 2615 40 23 Mr
697 2613 90 25 Gorton
797 2610 86 32 agreed
894 2611 25 23 to
929 2617 47 23 pay
987 2609 65 23 rates
1062 2615 32 16 on
1117 2608 46 23 500

646 2659 75 17 acres.
755 2648 117 25 Resolved
882 2647 56 24 that
948 2655 13 14 a
973 2660 4 3 ■
983 2653 59 16 man
1064 2645 29 24 be
1115 2652 50 17 em-

646 2688 85 33 ployed
741 2689 26 23 to
778 2695 31 22 go
820 2693 55 16 over
883 2686 42 23 tne
937 2680 83 27 Watßr
1031 2683 85 23 Races.

679 2725 40 24 Mr
730 2725 81 29 Lugar
821 2722 72 25 asked
905 2719 138 33 permission
1055 2720 26 23 to
1097 2725 69 23 camp

646 2772 30 16 on
699 2771 32 16 an
743 2784 4 3 .
753 2759 141 27 abandoned
922 2757 64 25 bush
1018 2756 59 24 road
1077 2770 31 3 —
1109 2756 57 23 Per-

646 2800 99 26 mission
755 2800 77 30 given,
843 2797 44 24 but
896 2803 33 17 no
939 2794 88 24 fixture
1037 2793 26 25 of
1072 2796 94 21 tenure.

679 2838 84 24 Letter
773 2836 62 24 from
848 2833 187 26 Commissioner
1046 2831 28 24 of
1082 2831 84 24 Crown

646 2878 69 24 lands
726 2875 130 32 approving
867 2873 26 25 of
902 2871 92 26 Boards
1016 2870 150 32 suggestions

646 2923 26 16 re
683 2914 56 24 road
750 2915 26 22 to
798 2910 106 25 deterred
914 2910 116 30 payment
1041 2907 64 27 land,
1117 2907 49 23 and

647 2953 86 29 asking
743 2949 92 25 further
856 2946 158 26 information
1015 2959 33 4 —
1048 2944 72 25 Clerk
1142 2947 25 20 to

645 2989 76 32 reply.

679 3027 21 24 A
722 3024 61 33 good
801 3022 54 26 deal
877 3019 25 27 of
919 3019 201 32 correspondence
1142 3018 27 24 of

646 3067 79 24 minor
751 3064 149 31 importance
924 3067 49 17 was
994 3058 83 24 dealth
1098 3057 69 24 with.

646 3103 85 25 Pound
742 3102 96 24 returns
849 3099 61 24 from
926 3097 64 25 View
1001 3095 54 24 Hill
1077 3094 37 24 for
1126 3094 40 24 the

647 3141 85 29 mpnth
743 3138 89 30 ending
843 3135 57 31 July
911 3141 63 18 were
986 3133 36 23 £1
1035 3134 28 22 8s
1075 3131 32 24 7d
1118 3130 48 24 and

646 3177 90 26 Oxford
754 3175 60 36 19/-.
858 3174 84 23 Letter
964 3170 63 24 from
1049 3167 116 31 Hospital

646 3216 79 25 Board
733 3212 137 33 requesting
881 3209 78 25 Board
972 3213 25 20 to
1016 3207 70 24 remit
1109 3214 55 16 con-

644 3254 115 24 tribution
787 3250 110 25 £-67.109
910 3248 30 23 8d
968 3253 50 18 was
1046 3243 118 25 received.

643 3292 73 24 From
728 3290 39 23 Mr
778 3288 26 24 Jv
814 3287 87 24 Milton
913 3293 24 16 re
948 3283 74 25 Birch
1034 3281 52 25 Hill
1096 3280 67 25 road.

643 3330 70 25 Clerk
725 3328 47 24 will
783 3327 85 24 attend
879 3328 25 21 to
915 3325 28 23 it.
978 3321 110 26 Circular
1102 3320 59 23 from

643 3368 75 26 Audit
729 3367 67 24 office
807 3373 25 16 re
842 3363 118 31 necessity
971 3361 27 25 of
1007 3360 119 32 vigilance
1137 3360 26 22 to

642 3411 99 31 prevent
753 3405 190 28 embezzlement
959 3402 28 24 of
994 3400 83 33 public
1088 3399 70 23 funds

642 3455 49 17 was
708 3445 112 24 received.
853 3442 74 24 From
938 3464 3 4 .
950 3440 40 24 the
1011 3439 75 25 water
1108 3443 54 16 race

642 3483 138 25 committee
802 3479 132 30 informing
955 3475 80 26 Board
1068 3474 54 23 that
1149 3480 15 16 a

642 3520 103 33 petition
755 3518 49 24 had
820 3517 59 24 been
900 3513 116 33 prepared
1037 3512 37 24 for
1085 3510 78 31 signa-

642 3562 53 22 ture
722 3564 47 18 was
796 3555 116 25 received.
945 3551 94 26 Boards
1066 3548 97 26 balance

643 3596 68 25 sheet
722 3602 49 17 was
782 3592 107 26 received
900 3591 62 24 from
985 3591 42 23 the
1049 3587 113 27 Auditor,

643 3634 101 24 correct.

674 3675 106 25 Tenders
790 3679 62 18 were
867 3669 93 32 opened
982 3669 48 25 and
1052 3665 112 32 accepted

642 3715 38 24 for
691 3712 70 25 View
774 3709 53 25 Hill
839 3708 83 25 Water
945 3707 73 24 Race.

1285 158 39 23 Ist
1335 157 91 23 section
1450 158 30 23 R.
1492 156 136 24 Grimwood
1649 156 58 23 £30.

1284 194 48 24 2nd
1344 194 98 28 section,
1454 194 24 25 J.
1491 193 135 25 Grimwood
1648 193 52 24 £20
1713 193 23 26 5,

1285 234 112 25 Contract
1402 234 43 24 -No
1457 234 55 25 292.
1530 233 28 25 A.
1572 233 75 25 Gibbs
1663 232 43 24 £2.

1285 273 38 24 No
1334 274 56 25 293.
1408 273 23 25 J.
1444 274 91 28 Fisher,
1554 273 37 24 £2
1603 274 39 23 14.

1283 311 37 24 No
1332 312 55 27 294,
1405 311 91 24 Martin
1506 310 70 31 Dally
1594 311 37 23 £4
1652 310 38 22 19.

1316 347 72 25 Land
1397 348 60 24 fund
1469 351 112 22 accounts
1591 347 84 27 credit,
1692 346 78 24 £359.

1316 385 104 25 General
1431 387 101 23 account
1543 385 73 28 debit,
1629 384 70 24 £204
1712 384 21 23 9.
1747 384 22 22 6.

1316 422 65 32 Eyre
1391 424 73 23 water
1475 431 52 16 race
1539 422 71 29 debit,
1624 422 52 24 £26
1689 422 39 23 19.
1747 421 23 24 4.

1318 461 70 24 Bank
1398 461 98 24 balance
1507 460 81 28 credit,
1607 460 69 25 £127
1689 459 38 24 11.
1748 459 22 23 2.

1285 497 120 24 Accounts
1417 500 24 22 to
1452 498 42 23 the
1502 499 101 22 amount
1610 497 26 24 of
1641 497 65 23 £113
1715 498 22 22 5.
1748 497 23 23 6.

1253 542 62 16 were
1337 535 85 30 passed
1443 535 37 23 for
1499 536 124 30 payment,
1646 533 50 25 and
1727 533 43 24 the

1254 572 80 24 Board
1345 572 138 31 adjourned-

1286 683 86 26 BAST
1379 683 133 25 OXFORD
1526 682 129 26 SCHOOL
1663 681 78 26 COM-

1449 720 138 24 MITTEE.

1288 802 52 24 The
1351 802 61 24 East
1425 801 89 24 Oxford
1526 800 249 32 Scho^Committee

1255 838 57 25 held
1323 839 62 24 their
1403 838 111 31 ordii.ary
1537 837 112 29 monthly
1666 838 108 23 '<meetinsr

1255 884 33 17 on
1310 877 123 31 Thursday
1455 877 109 30 evening,
1587 876 29 23 all
1639 875 40 24 the
1696 875 56 26 trier.
1765 888 8 5 -

1254 916 53 23 bers
1317 915 73 31 being
1410 916 103 30 present.
1547 913 52 24 The
1622 914 106 23 minutes
1750 913 27 24 of

1255 953 41 25 the
1308 953 107 30 previous
1437 952 107 29 meeting
1566 960 59 16 were
1646 951 55 24 read
1725 951 48 23 and

1255 990 141 29 confirmed,
1417 990 50 24 also
1489 990 105 24 minutes
1610 990 41 23 •of
1685 988 88 31 special

1254 1029 114 31 meeting.
1403 1029 31 23 In
1445 1028 42 24 the
1498 1028 100 24 absence
1608 1027 27 25 of
1654 1028 40 23 the
1718 1027 54 24 Sec-

1254 1068 86 28 retary,
1352 1066 38 24 Mr
1403 1066 88 30 Sharpe
1503 1073 48 17 was
1568 1064 127 32 appointed
1718 1064 55 26 Sec-

1254 1105 81 29 retary
1344 1111 50 23 pro.
1411 1105 59 24 tern.

1288 1141 21 24 A
1319 1141 71 24 letter
1401 1141 61 24 from
1469 1140 42 25 the
1517 1139 81 25 Board
1604 1139 28 25 of
1636 1139 138 24 Education

1255 1186 49 18 was
1315 1178 62 29 read,
1389 1178 26 24 m
1425 1178 78 24 which
1514 1178 20 23 it
1545 1178 77 24 stated
1642 1176 55 25 that
1718 1176 57 32 they

1255 1224 59 17 were
1322 1218 42 23 not
1371 1215 143 31 sufficiently
1523 1214 118 26 informed
1648 1214 127 31 regarding

1255 1254 41 23 the
1307 1256 63 21 ptate
1387 1254 26 23 of
1432 1253 41 24 the
1495 1252 167 25 Committpe's
1684 1252 89 27 affairs,

1255 1292 116 25 therefore
1382 1292 69 23 could
1461 1292 43 23 not
1515 1291 79 24 advise
1604 1291 53 23 how
1674 1293 25 20 to
1720 1297 53 23 pro-

1255 1332 63 25 ceed.
1351 1332 26 25 It
1386 1339 50 17 was
1446 1330 105 26 resolved
1562 1330 54 25 that
1627 1331 94 24 written
1732 1338 42 16 no-

1255 1372 59 25 tices
1326 1372 27 24 be
1363 1373 54 24 sent
1427 1373 26 23 to
1464 1371 43 24 the
1526 1373 118 28 secretary
1665 1370 47 24 and
1733 1370 42 24 the

1254 1411 119 26 members
1384 1411 26 25 of
1422 1411 42 24 the
1484 1411 49 24 late
1554 1409 149 28 Committee,
1726 1410 49 23 and

1255 1453 96 29 request
1373 1451 66 24 them
1451 1452 25 23 to
1487 1451 29 23 be
1526 1451 101 29 present,
1639 1451 26 22 at
1681 1458 13 15 a
1707 1456 65 24 spec-

1255 1491 32 24 ial
1298 1491 106 30 meeting
1418 1491 26 23 to
1465 1489 30 24 be
1517 1489 58 24 held
1596 1497 29 15 on
1649 1488 126 31 Thursday

1256 1531 63 27 next,
1332 1531 25 23 at
1369 1531 23 23 7.
1401 1537 57 23 p.m,
1471 1531 26 22 to
1508 1529 38 31 try
1553 1528 49 24 and
1608 1527 95 32 explain
1712 1528 61 24 mat-

1257 1570 56 24 ters.

1335 1687 146 26 PARTING
1500 1686 191 26 THOUGHTS.

1255 1767 74 25 There
1340 1767 22 24 is
1377 1766 108 31 pleasure
1495 1765 27 24 m
1540 1766 42 23 the
1608 1764 118 31 prospect,
1749 1763 25 24 of

1319 1810 42 25 the
1371 1809 42 24 life
1423 1809 80 24 which
1515 1808 44 24 lies
1571 1807 77 25 before
1659 1814 48 21 me,

1286 1853 48 24 Yet
1344 1860 25 15 as
1381 1852 13 23 I
1405 1850 44 25 feel
1460 1851 42 23 the
1519 1849 96 31 parting
1636 1856 72 24 pang,
1730 1848 43 25 the

1315 1894 73 32 ready
1399 1895 62 23 tears
1472 1893 48 24 will
1542 1894 69 27 start;

1254 1938 47 29 Oh,
1312 1937 117 32 pleasant,
1441 1934 104 32 peaceful
1554 1934 118 27 Carleton,
1681 1933 14 24 I
1700 1941 73 17 never

1317 1988 46 16 can
1373 1980 85 30 ignore
1468 1978 65 28 thee,

1286 2022 51 25 The
1348 2021 126 25 memories
1484 2020 28 25 of
1520 2028 38 22 my
1569 2019 56 24 dear
1636 2018 39 24 old
1692 2025 79 21 name,

1315 2073 40 17 are
1366 2063 96 33 imaged
1472 2064 27 23 m
1510 2070 42 24 my
1574 2061 82 26 heart..

1253 2120 25 25 It
1288 2127 50 18 was
1348 2119 27 24 m
1386 2118 55 24 that
1469 2116 81 31 lonely
1572 2116 67 31 quiet
1659 2116 77 27 home,
1759 2114 14 24 I

1272 2184 3 5 ,
1318 2161 62 26 tried
1389 2162 26 23 to
1426 2161 29 24 be
1465 2168 16 16 a
1494 2159 87 28 writer,
1609 2166 7 5 '

1286 2206 47 24 For
1343 2205 14 24 I
1376 2203 70 26 could
1465 2204 45 24 not
1530 2201 85 33 satisfy
1636 2209 40 24 my
1698 2199 74 29 mind,

1317 2248 60 25 with
1387 2254 88 23 money
1483 2246 102 29 making
1599 2244 76 28 strife;

1255 2291 55 24 And
1328 2291 51 23 I've
1400 2288 75 25 found
1496 2296 16 16 a
1533 2286 56 31 help
1611 2287 27 23 m
1643 2290 24 20 v'
1676 2286 96 31 Fancy,'

1318 2333 123 24 whenever
1451 2331 14 23 I
1473 2330 76 24 invite
1560 2329 51 28 her,

1288 2376 47 26 She
1347 2375 61 32 gilds
1418 2374 56 26 with
1487 2373 98 30 shining
1594 2372 75 31 glory,
1679 2370 33 25 all
1734 2371 41 24 the

1317 2418 90 31 rugged
1417 2416 71 32 paths
1500 2415 26 25 of
1531 2415 49 24 life.

1254 2472 14 26 I
1278 2472 62 25 have
1350 2479 32 17 no
1392 2469 162 32 expectations
1566 2467 27 26 of
1601 2475 15 17 a
1636 2467 62 24 fame
1719 2466 54 25 that

1319 2514 49 26 will
1378 2514 30 24 be
1418 2513 97 30 lasting,

1287 2559 35 24 To
1333 2557 78 33 please
1422 2565 15 16 a
1447 2556 44 24 few
1502 2555 54 25 who
1566 2554 36 25 lo\
1606 2561 70 21 erne,
1688 2553 22 24 is
1731 2561 42 24 my

1318 2609 56 23 very
1383 2600 97 30 highest
1490 2598 59 29 aim;
1637 2616 2 4 .

1256 2645 55 24 And
1322 2651 70 16 never
1402 2643 27 23 m
1448 2650 22 18 a.
1484 2642 79 23 mould
1586 2641 102 29 impure,
1711 2638 62 25 shall

1319 2684 117 31 thoughts
1447 2684 27 23 of
1482 2683 66 24 mine
1558 2683 29 22 be
1597 2682 51 23 cast
1658 2681 34 28 m,

1287 2728 14 24 I
1312 2728 49 24 will
1371 2729 37 29 try
1419 2728 26 22 to
1456 2725 29 25 be
1496 2724 124 31 deserving
1639 2722 26 25 of
1684 2731 13 16 a
1719 2722 54 28 fair,

1320 2769 111 26 unsulled
1437 2776 78 18 name.

1256 2825 65 25 Dear
1331 2823 90 25 friends
1432 2822 13 24 I
1455 2822 67 24 leave
1533 2821 26 23 m
1578 2819 119 30 Carleton,
1720 2827 55 23 may

1321 2874 99 19 sorrows
1430 2867 65 22 ne'er
1504 2863 80 25 betide
1602 2862 77 30 them,

1288 2910 58 31 May
1356 2909 82 24 health
1450 2908 49 23 and
1519 2907 82 29 plenty
1623 2905 71 23 dwell
1715 2904 59 24 with

1319 2952 73 26 them,
1404 2950 48 24 and
1463 2948 104 25 troubles
1578 2955 72 17 never
1662 2949 62 29 stay;

1255 2996 58 31 May
1323 2994 42 25 the
1376 2993 58 31 girls
1442 2993 65 23 meet
1515 2991 75 24 lovers
1599 2991 118 26 constant,
1727 2989 49 25 and

1291 3051 3 3 •
1319 3037 86 24 honest
1415 3034 97 24 friends.
1516 3035 26 23 to
1553 3033 70 23 chide
1635 3032 75 28 them,

1288 3081 74 22 From
1373 3077 33 25 all
1417 3077 13 24 I
1441 3077 46 30 beg
1498 3084 14 16 a
1524 3075 83 31 kindly
1629 3075 113 31 thought,

1252 3123 69 24 when
1331 3122 14 23 I
1369 3128 41 17 am
1420 3119 38 24 far
1476 3126 74 23 away.

1589 3161 34 24 H.
1641 3159 68 26 S.L.

1361 3288 67 25 NOT
1446 3287 102 28 QUITE
1566 3286 88 24 TRUE

1412 3354 46 28 (By
1467 3354 78 21 Billy
1556 3354 68 28 Day.)

1286 3399 79 24 There
1375 3397 22 24 is
1408 3404 30 17 no
1450 3395 65 25 truth
1526 3395 26 23 m
1561 3394 42 25 the
1613 3402 101 17 rumour
1721 3393 55 26 that
1788 3402 5 11 ♦

1256 3437 40 24 the
1317 3435 84 25 White
1423 3433 124 31 Elephant
1568 3432 47 24 has
1637 3431 60 25 heen
1719 3439 54 23 pur-

1256 3475 86 25 chased
1352 3474 33 31 hy
1392 3473 118 23 Barnum.
1544 3472 38 23 He
1593 3472 22 23 is
1627 3471 50 24 still
1689 3479 32 15 on
1733 3472 42 22 the

1256 3513 67 24 West
1335 3512 75 24 Coast
1420 3510 103 30 keeping
1531 3509 23 24 m
1565 3508 119 25 excellent
1692 3508 85 25 health

1256 3551 46 25 and
1313 3550 90 31 digests
1417 3556 33 18 on
1467 3555 33 17 an
1521 3555 97 23 average
1641 3548 73 23 about
1725 3548 47 24 200

1256 3596 61 17 acres
1329 3587 27 25 of
1372 3588 43 23 the
1436 3586 54 25 best
1511 3585 74 24 forest
1606 3584 98 32 weekly.
1738 3585 40 24 He

1256 3626 48 24 will
1331 3632 87 23 appear
1439 3626 25 21 at
1487 3622 147 32 Springfield
1655 3623 27 23 m
1704 3623 74 23 about

1256 3665 71 26 1898,
1339 3662 48 24 and
1397 3661 49 25 will
1458 3660 30 24 be
1499 3659 145 32 bountifully
1655 3660 125 25 sustained

1256 3709 31 17 on
1298 3700 99 31 passing
1408 3698 105 31 through
1524 3698 42 24 the
1574 3697 65 29 hills,
1649 3697 60 25 with
1718 3697 62 32 huge

1864 160 82 24 blocks
1958 161 26 23 of
1992 160 42 25 the
2054 160 54 25 best
2131 161 150 31 Canterbury
2302 161 79 27 lands,

1864 197 123 32 including
1998 198 66 32 large
2086 201 75 23 tracts
2183 199 27 24 of
2229 200 40 24 the
2292 199 91 25 Oxford

1865 235 77 25 Bush.
1976 236 39 24 He
2026 236 48 24 will
2085 237 29 24 be
2125 239 51 22 met
2187 238 26 23 at
2236 236 148 32 Springfield

1864 274 29 30 by
1904 274 41 24 the
1957 274 84 30 Mayor
2064 275 48 24 and
2133 275 152 32 corporation
2305 276 27 23 of
2340 276 43 23 the

1865 313 129 24 Cathedral
2006 314 57 31 City
2074 322 26 16 as
2111 314 51 24 well
2174 322 26 16 a*,
2212 314 40 24 the
2274 314 61 24 nobs
2359 315 25 24 of

1865 352 32 25 all
1909 353 40 24 the
1960 354 79 23 minor
2050 353 118 31 boroughs
2180 354 26 24 m
2229 353 153 31 Canterbury,

1865 392 53 24 who
1929 393 49 23 will
1989 392 52 24 bow
2058 392 68 25 down
2148 396 25 21 to
2185 393 53 24 him
2260 393 48 24 and
2325 401 57 16 wor-

1865 432 55 31 ship
1928 432 53 23 him
1992 433 48 22 and
2052 432 53 23 feed
2121 433 51 22 him
2194 433 59 24 with
2276 441 11 14 a
2301 433 82 30 golden

1865 471 138 29 guarantee.
2048 470 24 23 It
2093 469 22 25 is
2137 471 43 23 not
2202 472 53 22 true
2265 471 65 23 what
2352 472 32 23 all

1865 506 86 24 White
1959 514 57 16 men
2027 507 98 30 preach,
2151 514 26 16 or
2189 508 52 23 that
2254 508 130 24 Christians

1864 543 63 24 have
1939 543 32 24 all
1983 543 83 31 things
2078 543 26 24 m
2116 551 109 17 common
2241 544 64 24 since
2318 553 63 15 som<_

1865 581 26 24 of
1900 581 133 24 themhave
2047 589 14 16 a
2065 581 76 24 dozen
2145 582 89 24 houses
2246 583 47 23 and
2305 583 80 24 others

1866 626 39 15 are
1916 617 102 25 without
2029 626 14 16 a
2055 618 69 25 hovel
2131 627 6 20 ;
2149 628 44 15 nor
2203 621 21 22 is
2235 620 22 23 it
2267 622 52 22 trne
2332 621 53 24 that

1865 658 41 24 the
1918 659 83 30 strong
2011 661 100 28 support
2123 659 40 24 the
2174 660 67 24 weak
2252 660 27 24 m
2291 661 56 23 time
2360 661 24 23 of

1867 697 120 31 adversity
2009 706 26 16 or
2046 698 54 24 that
2116 698 42 25 the
2177 699 46 30 day
2245 700 25 23 of
2292 700 93 23 Jubiloe

1867 734 49 24 will
1927 735 76 23 arrive
2014 734 78 24 before
2104 737 39 22 the
2156 737 59 23 27th
2224 744 45 16 nor
2279 739 40 28 yet
2331 737 54 23 thai

1866 773 57 25 beer
1933 774 49 24 will
1993 774 28 24 be
2032 775 101 25 reduced
2145 777 25 23 to
2181 776 32 24 3d
2224 784 15 16 a
2248 778 43 29 pot
2302 776 30 31 by
2343 777 42 23 the

1867 813 123 24 extension
2001 813 27 23 of
2041 817 115 21 woman's
2177 814 122 25 franchise.
2335 816 50 23 Nor

1865 851 21 24 is
1898 852 20 23 it
1930 853 52 23 true
1993 852 55 24 that
2058 853 120 25 members
2198 854 81 24 inte~d
2303 857 23 21 to
2347 863 36 15 re-

1865 888 53 25 fuse
1929 887 42 27 the
1983 890 88 25 second
2082 891 150 25 hororariam
2245 892 48 24 and
2301 892 83 24 intend

1866 929 25 22 to
1903 927 93 24 charter
2007 935 14 16 a
2029 928 56 25 boat
2097 929 26 24 of
2131 929 64 33 then;
2216 938 51 16 own
2290 930 95 25 instead

1866 965 27 24 of
1902 965 124 31 accepting
2037 974 12 15 a
2060 965 49 25 free
2116 967 47 30 trip
2170 967 25 24 m
2205 967 41 24 the
2258 967 126 25 Kinemoa.

1867 1005 52 24 The
1927 1013 82 16 rumor
2020 1005 54 24 that
2085 1006 133 32 Harkaway
2229 1007 68 31 plays
2305 1009 28 23 io
2345 1008 39 23 his

1866 1043 53 30 pigs
1941 1050 32 17 on
1984 1047 24 20 a'
2022 1051 64 16 worn
2107 1042 42 26 out
2166 1045 59 30 harp
2246 1045 70 24 while
2328 1045 57 30 they

1867 1082 83 31 guzzle
1961 1082 64 24 their
2036 1082 118 24 swill'and
2178 1083 166 31 Speck-taters
2365 1085 20 23 is

1867 1121 101 31 entirely
1990 1122 102 24 without
2114 1122 140 24 foundation
2276 1123 48 24 and
2345 1124 40 24 the

1866 1162 132 23 statement
2008 1161 54 25 that
2073 1161 87 31 Billy's
2177 1162 43 24 ink
2231 1165 42 28 pot
2283 1163 22 24 is
2314 1163 66 24 dried

1865 1206 33 23 up
1909 1197 48 25 arid
1968 1198 40 24 his
2019 1201 87 29 tongue
2117 1200 124 31 paralysed
2252 1201 20 23 is
2291 1200 52 31 just
2354 1209 26 16 as

1867 1238 51 21 true
1929 1243 26 16 as
1966 1238 41 22 the
2018 1238 143 23 statements
2172 1238 24 23 of
2206 1245 66 17 some
2283 1238 26 24 of
2314 1238 70 25 those

1866 1273 53 24 who
1931 1273 65 24 don't
2006 1273 49 24 like
2065 1273 60 24 him.
2337 1276 3 9 ;

2034 1378 188 24 VARIETIES.

1900 1441 62 25 Cave
1981 1441 89 26 Canen.
2072 1457 31 4 —
2104 1443 175 25 Schoolmaster
2279 1459 31 4 —
2311 1444 70 28 Well,

1867 1479 91 24 Master
1979 1480 125 28 Tomkins,
2126 1480 14 23 I
2156 1488 40 17 am
2218 1480 121 32 delighted
2359 1484 25 22 to

1866 1517 64 24 hear,
1934 1525 39 23 my
1983 1517 78 31 pupils
2077 1517 85 26 intend
2183 1518 140 32 presenting
2340 1527 41 17 me

1866 1554 58 24 with
1936 1562 15 16 a
2214 1556 72 25 What
2297 1564 84 23 appro-

1866 1593 75 31 priate
1952 1595 124 30 quotation
2086 1595 59 24 from
2155 1595 42 24 the
2207 1593 69 26 Bible
2287 1593 30 26 do
2323 1595 58 31 they

1866 1640 99 23 propose
1987 1632 87 31 adding
2218 1634 130 32 Scapegoat
2349 1649 32 3 —

1866 1670 53 31 Thy
1929 1670 43 24 rod
1983 1670 47 24 and
2052 1670 54 32 Thy
2128 1672 54 23 staff
2204 1672 56 31 they
2280 1672 100 25 comfort

1866 1717 36 16 me
1910 1711 6 23 !
1941 1710 78 31 [They
2028 1710 58 31 did.]

1898 1753 47 23 For
1956 1753 122 32 Charity's
2086 1753 69 24 Sake.
2157 1768 33 4 —
2191 1758 6 9 •
2206 1753 38 25 Do
2252 1762 46 22 you
2308 1754 73 25 think

1865 1799 41 22 my
1922 1790 71 28 dear,'
2022 1790 51 25 said
2083 1791 81 28 Ethel,
2192 1791 14 23 I
2228 1792 62 23 shall
2312 1793 69 23 allow

1865 1830 39 24 Mr
1919 1830 91 31 Jeffray
2030 1832 26 22 to
2075 1830 48 24 kiss
2145 1838 40 16 me
2206 1832 69 23 twice
2296 1831 27 23 m
2334 1831 42 24 the

1864 1866 56 32 play
1936 1875 36 16 we
1992 1875 39 16 are
2045 1866 81 32 .doing
2146 1866 38 25 for
2204 1867 39 24 Mr
2255 1866 29 25 St
2295 1866 87 26 Clair's

1864 1904 92 30 charity
1964 1905 11 22 ?
1993 1908 6 11 •
2008 1903 119 31 Certainly
2137 1906 51 26 not,
2200 1912 42 23 my
2253 1904 73 29 dear,'
2342 1913 36 16 re-

1864 1941 62 32 plied
1939 1941 41 25 her
1999 1941 109 25 Mamma
2117 1950 6 21 ;
2153 1950 5 5 •
2169 1941 63 26 what
2243 1950 44 16 can
2298 1950 47 24 you
2355 1943 28 24 be

1864 1977 114 33 thinking
1989 1979 44 25 of?'
2052 1980 64 24 'But
2126 1980 14 23 I
2151 1980 82 27 heard,
2259 1980 122 24 answered

1863 2016 83 28 Ethel,
1976 2021 6 10 '
1992 2016 54 25 that
2073 2016 30 24 he
2136 2016 21 24 is
2184 2025 56 22 very
2267 2016 111 31 wealthy,

1863 2056 120 23 mamma.'
2018 2058 6 10 '
2034 2054 55 24 And
2099 2054 56 31 why
2166 2054 40 24 did
2223 2062 47 24 you
2280 2056 44 23 not
2336 2063 43 27 saj

1863 2100 26 17 so
1900 2092 79 25 before
1986 2094 10 23 7
2024 2092 50 25 Yes
2085 2092 65 28 dear,
2178 2100 45 24 you
2235 2100 56 22 may
2312 2092 68 25 allow

1863 2130 52 23 him
1925 2138 5 20 ;
1948 2130 28 29 it,
1997 2130 22 23 is
2040 2130 37 23 for
2098 2133 70 21 sweet
2190 2127 113 34 charity's
2324 2130 57 24 sake

1863 2176 47 23 you
1918 2167 79 25 know.
2232 2190 2 2 .

1895 2211 51 24 The
1983 2211 59 24 Puir
2078 2210 64 25 Deil.
2145 2225 31 3 —
2177 2210 133 31 'And,noo,
2338 2219 39 16 ma

1862 2249 109 28 freends,'
1989 2249 51 24 said
2047 2256 31 16 an
2086 2249 39 23 old
2134 2248 115 24 Fiieshire
2256 2249 120 27 minister,

1863 2288 26 23 at
1899 2287 43 23 the
1953 2286 47 24 end
2011 2286 26 23 of
2046 2294 15 15 a
2071 2286 58 30 long
2136 2293 3 5 •
2150 2293 90 22 prayer,
2262 2286 27 22 m
2300 2285 80 24 which

1863 2326 28 22 he
1902 2324 49 23 had
1960 2326 44 21 not
2014 2322 71 25 failed
2098 2324 24 23 to
2132 2322 132 25 remember
2274 2322 33 24 all
2311 2324 69 23 .-sorts

1864 2362 48 25 and
1933 2361 135 25 conditions
2090 2360 34 25 of-
2135 2368 65 16 men.
2243 2360 57 24 And
2322 2367 57 21 noo,

1862 2408 41 15 ma
1913 2399 102 28 freends,
2037 2399 33 23 let
2088 2406 27 16 us
2137 2406 63 23 pray,
2213 2397 37 24 for
2261 2399 42 23 the
2324 2398 55 30 puir

1863 2437 54 24 Deil
1927 2445 5 20 ;
1960 2436 111 31 naebody.
2096 2442 70 25 prays
2192 2435 38 25 for
2256 2435 42 24 the
2325 2435 56 30 puir

1863 2477 68 24 Deil!
1986 2491 8 7 ,
2026 2499 2 1 .
2087 2497 57 6 ...
2310 2485 2 2 ■
2362 2497 12 4 _

1894 2521 101 23 Frozen.
1996 2534 32 3 —
2028 2519 51 24 Mrs
2100 2518 146 30 Partingtor,
2268 2517 61 24 after
2340 2518 36 23 at-

1863 2558 100 30 tending
1990 2565 14 16 a
2026 2556 106 31 Country
2159 2555 95 25 Church
2282 2555 27 24 m
2336 2555 43 25 the

1863 2598 92 27 winter,
1972 2595 126 26 remarked
2119 2595 52 25 that
2193 2594 41 24 the
2256 2595 50 23 text
2327 2601 52 18 was

1863 2644 54 22 very
1939 2635 156 30 appropriate,
2127 2632 44 24 but
2199 2632 118 24 somehow
2339 2632 42 24 the

1863 2680 89 23 parson
1958 2672 41 23 did
2006 2674 44 21 not
2058 2670 61 24 refer
2125 2671 26 22 to
2157 2670 20 23 it
2185 2670 27 22 m
2221 2669 38 24 his
2269 2668 112 25 Sermon.

1865 2712 48 24 The
1925 2712 58 26 text,
2005 2717 28 17 as
2044 2710 18 23 it
2079 2708 87 32 caught
2187 2707 43 26 the
2241 2707 37 25 old
2300 2707 79 30 lady's

1865 2757 59 18 ears,
1938 2756 80 17 was—
2019 2748 88 29 'Many
2125 2755 41 16 are
2187 2746 60 29 cold,
2270 2745 43 25 but
2334 2745 47 24 few

1865 2795 38 17 are
1915 2787 89 24 frozen.

1895 2936 469 56 CORRESPONDENCE.

1868 3052 65 20 Wldle
1942 3057 37 13 our
1988 3050 87 20 columns
2085 3055 34 13 are
2130 3054 49 18 open
2189 3050 20 17 to
2222 3048 36 23 all,
2270 3052 28 13 we
2317 3046 25 19 do
2350 3048 36 17 not

1893 3083 87 25 identify
1985 3082 97 20 ourselves
2086 3081 52 19 with
2141 3085 41 20 any
2186 3079 93 25 opinions
2283 3076 103 28 expressed

1891 3115 84 19 therein.
2088 3125 5 5 •

1901 3161 37 25 ST
1950 3158 166 27 ANDREWS
2135 3154 104 28 CHOIR
2239 3154 104 28 BOY'S

1902 3243 32 23 To
1942 3242 35 23 the
1989 3241 85 23 Editor
2084 3241 29 29 of
2149 3238 47 24 The
2219 3236 135 25 Observer.''

1900 3285 50 28 Sir,
1952 3299 32 3 —
1984 3284 67 24 Your
2093 3279 184 33 correspondent
2324 3278 64 23 Pen.

1865 3326 92 28 dragon
1966 3323 66 22 must
2040 3321 63 23 have
2112 3319 117 31 precious,
2243 3317 59 29 long
2324 3323 58 18 ears,

1866 3365 26 24 to
1903 3363 59 23 have
1973 3359 73 25 heard
2057 3358 53 25 that
2121 3356 42 25 the
2173 3356 60 30 boys
2243 3353 25 25 of
2286 3352 29 25 St
2337 3351 50 24 An-

1867 3405 75 23 drews
1952 3401 73 27 choir,
2036 3406 61 18 were
2108 3398 73 31 going
2202 3397 27 22 to
2250 3399 86 25 appear
2356 3391 29 24 m

1868 3440 90 27 church
1977 3438 121 31 surplices.

2060 3474 80 25 Yours
2156 3473 40 22 &c.

2198 3507 70 23 Long
2282 3504 74 24 Eaks.

1949 3608 67 26 THE
2034 3605 75 26 NEW
2131 3598 178 28 TAXATION.

1903 3666 78 26 Sir,—
1981 3662 20 24 -I
2011 3667 40 18 am
2062 3665 55 23 very
2129 3654 54 32 glad
2194 3655 26 22 to
2232 3659 40 17 see
2282 3650 32 31 by
2324 3656 63 24 your

1870 3705 99 25 leaders,
1991 3700 53 25 that
2065 3704 46 24 you
2133 3693 119 25 condemn
2272 3690 42 24 the
2335 3695 53 23 pro-

579 37 162 33 OXFORD
783 41 88 30 AND
913 40 104 33 OUST
1059 35 219 34 OBSERVER
1320 36 229 37 SATURDAY,
1589 33 168 34 AUGUST
1782 34 28 35 8,
1852 35 87 30 1891.
