2430 3800
39 166 117 32 posalsof
165 166 40 24 the
217 167 94 30 present
333 167 164 29 government.

73 202 75 26 Their
159 207 141 28 outrageous
316 209 85 18 nature
423 202 86 24 should
531 202 30 24 be

40 243 58 30 kept
108 243 163 30 prominently
284 242 76 23 before
372 242 40 23 the
433 240 82 31 people
537 240 25 23 of

40 280 60 24 New
111 280 116 26 Zea'and,
241 287 14 16 a
267 280 65 29 large
345 279 91 30 portion
448 278 26 23 of
484 278 74 23 whom

40 326 41 15 are
92 317 88 31 paying
186 325 32 16 no
229 317 119 24 attention
361 319 23 21 to
407 316 71 23 them.
513 315 48 23 For

40 355 116 26 instance,
174 362 55 21 very
249 355 44 21 few
315 360 41 16 are
377 360 75 16 aware
475 353 26 22 of
521 353 40 21 the

40 395 137 19 monstrous
188 390 108 31 proposal
308 395 26 19 to
351 391 52 29 give
426 392 46 21 two
494 396 68 23 years

40 429 186 30 imprisonment
245 431 24 21 to
290 428 32 24 all
343 428 53 24 who
419 426 55 25 hold
497 434 65 17 more

41 466 59 25 than
112 470 47 20 two
182 466 118 24 thousand
324 473 67 16 aeies
412 465 26 24 of
454 465 57 22 land
522 473 5 19 ;
546 463 19 23 if

38 506 44 23 the
93 505 114 31 principle
220 505 53 23 th:xt
282 506 111 29 property
412 505 24 22 m
462 503 58 24 land
541 501 20 24 is

38 543 118 27 Criminal,
181 543 20 22 is
224 550 59 15 once
306 542 99 23 allowed
429 544 24 21 to
476 541 49 23 find
548 547 15 16 a

39 581 69 31 place
120 589 28 15 on
160 588 45 16 nur
217 582 103 22 statutes
330 588 5 19 ;
354 580 40 23 the
414 587 64 15 same
501 575 63 34 prin-

39 618 72 31 ciples
123 618 46 23 will
181 618 24 22 m
216 625 14 15 a
244 617 167 29 marvellously
424 617 66 23 short
503 616 59 23 time

40 656 29 23 be
80 656 93 30 applied
186 657 25 21 to
224 663 68 21 every
306 654 69 23 other
388 654 57 23 kind
463 654 24 23 of
509 661 53 22 pro-

40 696 69 30 perty
118 703 5 19 ;
142 694 47 23 and
204 694 71 23 those
297 693 54 24 who
374 693 14 15 Ji
392 693 39 24 old
452 693 112 30 property

40 733 70 24 Other
121 733 59 22 than
192 731 65 28 land,
271 733 62 22 must
346 731 26 23 be
385 731 72 23 blind,
470 731 17 22 if
509 731 55 28 they

41 773 89 21 cannot
142 778 38 15 see
192 769 54 24 that
257 768 49 25 this
318 768 47 25 will
377 768 30 24 be
427 768 41 24 the
489 767 76 24 result

42 809 27 24 of
79 809 41 24 the
127 811 110 28 .present
259 807 130 31 proposals,
414 807 88 24 shonld
523 807 41 23 the

42 849 101 28 country
155 847 88 22 submit
256 847 24 21 to
292 845 73 23 them.
400 845 51 23 The
463 846 100 26 country

42 884 22 24 is
76 883 128 24 threatend
216 883 56 23 with
284 889 15 16 a
309 882 139 26 revolution,
454 888 47 16 -our
510 880 53 24 law-

47 921 95 26 makers
186 930 39 16 are
256 922 52 23 beer
313 929 40 16 me
387 920 166 25 law-breakers
562 927 6 20 ;

42 961 50 24 and
102 960 40 24 the
155 960 52 23 end.
219 960 110 23 however
337 959 36 23 far
381 959 90 22 distant
481 958 20 23 it
510 965 54 22 may

41 999 38 26 be,
91 1006 44 15 cau
146 998 56 29 only
224 997 29 23 be
276 996 120 24 universal
418 999 98 26 poverty
539 1002 26 16 or

42 1035 57 26 civil
113 1036 56 27 loss,
193 1035 120 25 whatever
336 1035 156 30 demagogues
513 1041 54 22 may

42 1075 71 30 spout
124 1075 25 22 to
161 1073 38 24 the
212 1075 110 28 contrary
332 1080 6 20 ;
357 1072 20 23 it
388 1072 21 23 is
433 1075 41 20 not
495 1071 35 24 for
552 1079 15 15 a

43 1114 106 22 moment
160 1115 25 21 to
192 1112 29 23 be
229 1111 117 30 supposed
355 1115 5 17 1
367 1111 38 23 hat
416 1110 41 24 the
473 1110 92 30 thrifty,

42 1154 40 20 the
92 1151 111 30 prudent,
227 1150 47 23 and
293 1150 41 23 the
351 1150 143 23 industrious
516 1148 51 24 will

42 1188 87 32 calmly
151 1188 65 24 hand
238 1195 56 16 over
316 1187 63 24 their
402 1187 111 30 earnings
536 1188 28 23 'to

42 1237 69 22 every
122 1228 47 23 idle
179 1227 78 24 rascal
276 1228 54 22 who
353 1235 87 22 passes,
465 1227 100 29 begging

42 1268 27 23 to
74 1266 113 29 working,
196 1265 101 24 without
307 1273 14 15 a
327 1265 113 29 struggle.
475 1264 90 23 Should

42 1304 43 23 the
98 1303 119 24 franchise
229 1303 28 23 bo
277 1302 118 24 extended
417 1308 25 18 to
464 1309 101 20 women,

41 1350 45 20 pur
92 1342 148 23 industrious
250 1341 145 23 housewives
404 1340 48 23 will
461 1340 103 30 speedily

40 1383 57 23 vote
109 1381 41 24 the
162 1379 144 25 broomstick
318 1383 23 19 to
354 1380 41 23 the
407 1379 53 30 lazy
472 1387 90 22 rogues,

40 1420 55 25 who
107 1420 76 24 under
193 1420 40 23 the
245 1418 90 25 shelter
346 1418 26 24 of
380 1427 32 15 an
423 1420 38 22 act
473 1424 24 18 ot
513 1427 50 22 par-

40 1460 101 24 liament
150 1460 78 24 would
238 1460 42 23 rob
292 1458 67 25 them
372 1458 25 24 of
407 1459 39 23 the
457 1458 71 24 fruits
539 1458 25 24 of

41 1497 65 25 their
126 1497 118 30 industry.

238 1535 78 23 Yours
329 1534 41 23 &c.

367 1571 62 25 Stop
447 1571 83 23 Thief.

78 1683 51 25 Sir.
131 1685 3 15 :
134 1697 29 4 —
163 1682 14 24 I
184 1682 80 24 notice
273 1682 51 23 that
329 1681 163 30 Pendragon's
496 1682 69 23 notes

44 1722 28 25 of
82 1722 47 23 last
146 1721 64 24 w<iek
230 1728 40 16 are
292 1720 80 24 rather
391 1727 66 16 more
478 1719 88 24 dismal

43 1759 60 25 than
116 1759 68 24 usual
218 1758 44 23 His
275 1757 122 24 Jeremijd
407 1757 23 23 m
443 1758 76 30 praise
541 1757 27 24 of

45 1796 40 25 ale
95 1797 20 21 is
127 1795 129 30 extremely
269 1795 122 23 wretched.
425 1795 75 23 There
511 1795 21 23 is
552 1802 15 16 a

46 1834 117 23 transient
184 1832 79 31 gleam
286 1832 26 23 of
332 1832 115 23 sunshine
470 1840 31 15 on
525 1832 40 23 the

45 1875 75 21 •water
132 1879 51 16 race
194 1872 118 31 question,
336 1872 50 27 but,
416 1872 31 23 oh
469 1871 83 24 horror
562 1873 5 21 1

45 1910 43 23 the
99 1912 78 22 writer
198 1908 103 32 adopted
323 1917 14 15 a
360 1917 80 23 wrong
461 1909 55 23 Non
538 1909 29 24 de

48 1949 89 25 Plume
148 1950 45 22 and
205 1948 115 25 therefore
344 1948 143 31 Pendragon
510 1948 55 24 with

47 1989 69 29 great
127 1987 109 30 elegance
245 1987 26 23 of
280 1986 87 24 diction
379 1987 85 23 wishes
476 1989 24 20 to
511 1994 54 16 ram

47 2032 17 17 a
75 2024 52 24 half
135 2025 81 30 pound
228 2025 24 23 of
264 2027 37 21 tea
313 2024 66 24 down
393 2025 54 23 that
459 2024 44 24 vile
514 2032 51 23 per-

46 2069 59 17 sons
116 2061 88 24 throat.
237 2061 47 23 Did
297 2061 18 24 it
327 2061 73 24 strike
426 2061 139 30 Pendragon

47 2098 55 25 that
113 2098 31 24 he
156 2099 77 30 might
245 2098 78 32 object
335 2100 23 22 to
371 2098 40 24 the
423 2099 121 30 operation
555 2100 11 21 '?

81 2138 49 23 Can
142 2138 20 23 it
172 2138 37 27 be,
224 2138 45 28 Sir,
283 2138 53 24 that
346 2138 42 24 the
404 2138 36 24 ale
463 2138 53 24 that
539 2139 28 23 he

45 2178 24 24 is
82 2185 25 16 so
119 2177 110 31 eloquent
241 2178 78 27 about,
342 2178 44 23 has
409 2178 97 24 affected
529 2178 38 24 his

47 2215 75 27 brain,
125 2230 30 4 —
156 2215 77 23 forbid
255 2216 38 22 the
316 2215 110 30 thought,
429 2230 30 2 —
459 2216 47 23 and
528 2217 40 29 yet

45 2252 23 25 if
76 2253 20 22 it
107 2253 20 22 is
139 2255 43 20 not
193 2260 34 19 so,
240 2253 54 30 why
305 2252 84 24 should
403 2249 30 27 he
454 2255 65 21 want
541 2255 26 22 to

46 2289 32 25 be
90 2298 26 15 so
125 2289 71 28 cruel,
209 2290 47 23 and
275 2290 68 24 incur
365 2298 26 16 so
414 2291 73 23 much
510 2291 59 23 dan-

47 2335 42 23 ger
99 2329 9 22 ?
141 2327 67 27 Well,
222 2328 47 27 Sir,
292 2335 59 22 your
373 2328 95 24 readers
489 2328 80 31 might

45 2367 43 31 get
99 2373 56 17 over
167 2366 59 28 that,
250 2366 43 23 but
315 2366 121 24 whatever
458 2366 57 24 does
537 2366 31 24 he

47 2411 71 17 mean
130 2402 30 32 by
177 2404 128 31 enquiring
327 2404 64 24 what
414 2412 45 16 one
481 2404 25 24 of
529 2404 40 24 the

47 2440 133 27 masculine
191 2441 87 30 gender
289 2441 20 23 is
322 2442 101 23 without
435 2441 41 24 the
487 2442 80 23 ortho-

46 2479 49 24 dox
106 2479 110 29 coyering
227 2479 36 22 for
275 2478 38 24 his
325 2479 70 23 lower
406 2478 71 24 limbs
485 2480 12 22 ?
529 2479 39 23 No

47 2516 76 23 doubt
134 2516 89 23 barbed
243 2516 54 23 wire
318 2516 22 23 is
362 2517 43 22 not
426 2517 142 23 convenient

45 2552 38 25 for
95 2561 98 22 persons
206 2553 36 23 for
254 2553 80 24 whom
346 2555 40 21 ten
398 2552 47 24 feet
457 2554 25 22 of
504 2553 59 24 foot-

47 2592 59 32 path
116 2592 65 24 clear
192 2592 26 24 of
227 2601 67 21 gorse
302 2593 47 23 acd
362 2592 82 24 broom
464 2601 39 15 are
525 2594 42 23 not

48 2629 146 30 sufficiently
206 2630 67 23 wide.
308 2630 37 23 Oh
357 2630 55 23 that
433 2630 37 23 ale
480 2632 5 21 !

82 2665 47 26 We
156 2666 77 30 might
254 2674 59 18 even
346 2669 41 28 get
419 2674 55 17 over
506 2667 62 29 that,

48 2703 45 26 but
113 2703 42 26 the
176 2703 88 25 climax
286 2705 21 23 is
329 2705 100 25 reached
450 2705 67 25 when
541 2706 27 24 lie

47 2741 77 30 hopes
136 2742 41 24 the
201 2742 152 24 unfortunate
376 2743 137 30 proprietor,
527 2743 41 24 the

47 2780 59 24 »ext
117 2779 58 23 time
188 2779 28 24 he
229 2787 87 22 passes,
330 2780 44 23 will
388 2780 58 23 rend
457 2782 42 22 not
511 2780 57 31 only

46 2816 44 24 the
101 2817 51 24 said
164 2820 128 27 garments,
308 2818 40 23 but
359 2817 51 24 also
429 2818 39 23 his
489 2818 78 24 heart.

48 2853 26 26 Is
89 2854 20 25 it
131 2854 101 31 possible
255 2855 53 24 that
331 2855 38 24 his
386 2855 181 33 .(Pendragons)

47 2893 69 26 heart
130 2895 44 23 has
186 2894 60 24 sunk
257 2903 26 16 so
296 2894 42 24 low
352 2895 53 24 that
414 2895 18 24 it
439 2895 22 24 is
470 2896 98 24 covered

45 2931 33 32 by
92 2932 40 24 the
155 2933 89 23 clothes
266 2934 88 29 spoken
377 2933 30 27 of,
431 2933 53 26 and.
501 2933 21 24 if
541 2942 27 15 so

47 2970 78 30 surely
137 2970 30 23 he
179 2970 55 24 does
246 2974 43 20 not
301 2978 101 23 suppose
413 2979 69 21 every
501 2972 68 22 other

44 3010 109 29 person's
165 3008 67 24 heart
243 3008 21 23 is
283 3008 87 24 situate
391 3008 27 23 m
440 3008 41 23 the
503 3016 65 16 same

45 3046 57 30 part
113 3045 27 24 of
148 3045 62 24 their
219 3047 122 29 anatomy.
376 3046 57 27 But,
445 3046 47 26 Si*\
500 3046 69 25 allow

47 3090 38 17 roe
97 3086 25 21 to
145 3084 60 25 state
217 3091 2 6 '
228 3091 14 16 a
264 3083 45 24 few
330 3083 61 25 facts
413 3083 77 26 which
514 3091 56 23 may

48 3129 67 16 serve
127 3124 24 21 to
163 3123 61 30 allay
235 3123 41 22 the
288 3123 121 24 initiation
433 3123 54 24 that
508 3131 61 23 your

45 3161 188 30 correspondent
244 3160 120 31 evidently
377 3161 79 24 labors
468 3161 82 24 under.

80 3198 49 24 The
150 3199 130 29 proprietor
302 3199 27 23 of
346 3199 41 24 tho
417 3198 150 25 barb-a-rous

43 3237 101 27 section,
158 3244 57 17 once
228 3237 47 24 had
287 3244 14 16 a
312 3239 56 22 neat
379 3239 54 28 post
455 3238 46 24 acd
523 3239 46 23 rail

43 3274 77 27 fence,
134 3275 78 25 round
223 3275 41 24 the
274 3275 51 25 said
336 3276 65 31 piece
412 3275 26 25 of
448 3276 65 28 land,
527 3276 41 23 but

44 3313 69 24 there
124 3312 62 26 lived
198 3313 61 24 close
273 3313 29 31 by
313 3322 14 15 a
346 3313 66 30 Holy
434 3321 56 16 man
515 3314 53 23 who

44 3349 58 31 kept
115 3350 83 27 calves,
212 3351 47 23 and
271 3359 14 14 a
298 3350 62 24 little
380 3350 92 25 farther
491 3351 39 27 off,
555 3359 14 16 a

45 3389 108 24 member
165 3389 23 23 of
200 3396 15 15 a
222 3388 96 25 learned
329 3388 131 29 profession
470 3389 53 23 who
533 3397 35 14 re-

41 3425 80 32 joiced
132 3425 24 24 m
170 3426 39 23 the
221 3425 135 30 possession
369 3425 27 23 of
405 3433 15 16 a
432 3426 90 29 species
544 3425 27 25 of

43 3462 79 26 hovse.
156 3463 70 28 Now,
252 3462 47 28 Sir,
320 3462 40 25 the
389 3462 77 26 calves
501 3471 68 23 every

44 3502 79 30 night,
136 3502 48 24 and
196 3502 42 23 the
250 3502 67 23 other
330 3500 89 23 animal
432 3501 20 24 if
468 3501 31 24 he
521 3509 47 16 was

44 3540 42 23 not
99 3538 48 23 tied
160 3547 31 21 up
204 3541 24 21 to
240 3547 12 14 a
266 3540 61 28 post,
343 3537 57 24 used
412 3539 24 21 to
448 3546 67 17 roam
527 3538 42 23 the

43 3575 71 26 roads
135 3584 28 15 as
186 3576 42 25 the
252 3583 66 17 same
342 3575 70 25 horse
434 3577 48 22 and
501 3575 68 25 other

42 3615 80 25 calves
135 3615 30 24 do
176 3617 26 23 at
212 3617 104 28 present,
330 3614 47 24 and
392 3621 27 16 as
442 3614 38 24 the
503 3622 65 22 grass

43 3660 51 17 was
105 3653 77 24 better
194 3653 77 23 inside
283 3652 61 24 than
356 3654 51 24 out,
426 3651 41 24 the
490 3653 77 22 calves

42 3690 60 26 used
114 3692 25 22 to
151 3690 72 24 break
243 3691 57 23 lo.vn
315 3690 40 23 the
366 3689 69 24 fence
457 3688 44 24 and
526 3688 41 24 the

39 3728 72 27 bther
122 3728 86 26 animal
222 3736 67 18 cums
301 3730 25 24 to
339 3735 38 19 see
390 3727 62 25 what
465 3734 48 18 was
525 3726 42 26 the

639 168 95 22 matter.
768 165 67 24 After
857 166 46 24 due
918 166 106 31 enquiry,
1048 167 41 24 the
1111 174 41 23 pro

642 204 88 29 prietor
741 204 73 24 found
828 204 65 24 there
905 211 48 17 was
964 211 33 17 no
1009 204 47 24 loss
1068 204 96 31 against

644 242 39 24 the
697 251 39 15 use
748 242 24 24 of
784 242 58 23 barb
856 242 59 28 wire,
929 242 46 23 and
998 243 84 23 rather
1104 243 60 23 than

642 281 57 22 turn
711 287 83 23 ranger
805 279 48 23 and
865 287 71 16 cause
947 279 69 24 other
1028 281 82 29 people
1122 288 39 15 ex-

642 325 73 21 pense
728 318 29 23 he
770 317 91 24 erected
875 317 47 23 this
934 325 42 21 eye
988 325 53 16 sore
1053 320 25 21 to
1100 318 60 23 Pen-

640 354 98 29 dffigotl,
747 354 44 22 and
799 354 65 22 there
870 354 61 22 have
937 354 58 22 been
1005 361 30 16 no
1042 355 91 22 vermin
1138 355 24 22 m

642 391 66 23 since
721 392 53 21 that
786 391 53 29 day.
874 391 35 23 On
922 398 13 14 a
947 398 105 16 summer
1064 392 100 30 evening

635 427 28 27 .it
673 428 21 24 is
706 428 64 31 quite
782 435 14 17 a
808 435 112 17 common
932 436 128 17 occurence
1072 433 25 21 to
1118 437 40 17 see

644 467 40 24 the
695 475 81 23 young
788 475 55 16 men
866 467 26 24 of
907 467 95 24 .Oxford
1025 469 86 31 sitting
1132 477 32 17 on

642 505 40 23 the
694 507 40 28 top
745 505 51 27 rail,
809 504 110 31 smoking
929 505 64 23 their
1034 506 132 30 cigarettes,

643 542 47 23 and
704 542 11 23 I
727 542 66 23 don't
804 541 90 24 beleive
906 541 67 24 the«e
984 542 44 23 has
1040 551 54 16 ever
1106 543 58 23 been

643 587 14 16 a
669 579 133 31 complaint
814 579 25 24 of
849 587 14 16 a
874 579 117 24 lacerated
1003 580 67 24 heart
1087 581 77 23 made.

676 619 30 23 In
718 618 145 28 conclusion,
876 618 32 24 let
919 626 38 16 me
980 619 115 32 seriously
1118 619 47 25 &&-

643 656 47 24 vise
703 664 59 22 your
773 656 186 30 correspondent
972 658 24 22 to
1008 658 66 23 write
1086 665 77 19 some-

643 693 72 30 thing
726 693 78 24 worth
816 693 104 30 reading,
933 701 26 15 or
970 694 58 23 alter
1050 695 39 24 his
1111 694 53 24 Non

642 731 29 24 de
682 731 83 23 Plume
842 731 48 23 Pen
1005 731 36 24 for
1052 733 42 24 the
1116 733 48 23 last

643 768 101 24 effusion
758 769 46 23 had
815 776 63 16 none
900 768 25 25 of
946 769 39 24 the
1008 770 110 31 strength
1141 770 26 24 of

645 806 40 23 the
697 806 98 30 Dragon
806 806 25 22 m
851 806 27 22 it.

836 843 79 23 Yours
932 844 41 24 &c,

842 901 3 4 .
852 903 2 2 .
877 894 12 11 ..•
961 880 51 23 The
1024 880 107 25 Hermit.

669 994 283 30 MOTHERS'
988 995 144 29 PAGE

671 1060 111 20 EDITED
792 1060 45 20 .BY
854 1060 167 20 "MOTHERS'

670 1113 49 20 The
728 1112 62 28 Lady
800 1113 78 20 Editor
887 1114 71 20 would
967 1114 45 20 like
1021 1115 22 19 to
1052 1115 27 20 be
1089 1122 13 13 a
1114 1115 52 26 help

643 1145 22 19 to
674 1145 39 20 the
723 1141 101 25 mothers'
830 1145 44 21 and
891 1145 116 26 daughters
1026 1147 23 20 of
1066 1147 39 20 the
1124 1147 42 20 dis-

643 1176 59 25 trict,
714 1177 41 20 but
766 1183 58 14 more
834 1177 117 26 especially
970 1180 22 17 to
1010 1178 39 21 the
1063 1178 101 26 mothers,

643 1209 44 19 and
693 1209 82 20 invites
780 1209 61 20 them
848 1210 23 19 to
877 1209 64 21 write
947 1210 24 20 to
974 1205 41 25 her
1020 1210 34 20 for
1058 1211 107 26 anything

644 1241 52 26 they
704 1247 52 20 may
767 1241 50 19 wish
827 1241 24 19 to
862 1242 66 19 know.
957 1242 43 19 She
1009 1242 46 19 will
1060 1242 106 20 endeavor

644 1273 24 19 to
683 1273 50 25 give
750 1273 39 20 the
792 1279 18 12 mi
830 1272 38 21 the
875 1281 3 2 •
887 1273 49 20 best
953 1280 96 14 answers
1066 1275 23 19 to
1108 1274 58 20 their

643 1305 118 24 question-,
774 1304 50 24 and,
836 1305 22 19 m
869 1305 81 24 return,
963 1305 72 20 would
1044 1307 27 19 be
1080 1306 54 25 glad
1143 1307 23 19 to

642 1336 84 19 receive
736 1342 45 19 any
794 1336 145 25 suggestions,
958 1336 57 25 good
1030 1337 84 25 recipes
1132 1337 34 19 for

643 1367 97 25 opokery,
761 1366 142 25 needlework,
924 1373 24 14 or
967 1367 129 25 otherwise,-
1115 1368 51 22 thut,

642 1398 54 26 they
704 1399 66 19 think
780 1398 45 20 will
835 1399 26 20 be
875 1399 75 20 usefal
967 1400 24 19 to
1007 1399 58 21 their
1082 1400 84 20 friends

643 1430 45 20 and
698 1430 118 24 neighbors.
847 1431 37 19 All
893 1432 182 24 correspondence
1093 1433 24 19 to
1140 1432 26 21 be

641 1461 79 21 add-res
732 1463 28 19 ed
771 1463 22 19 to
804 1464 13 9 •'
826 1463 108 20 Mother's
953 1463 66 26 Help,
1045 1465 6 9 •
1059 1464 107 20 Observer

645 1493 70 24 Office,
728 1495 53 19 East

753 1573 145 21 DOMESTIC
910 1574 135 21 ECONOMY.

677 1619 34 21 To
723 1619 55 22 take
790 1619 74 21 stains
877 1619 24 21 of
913 1619 61 22 wine
986 1620 42 21 out
1044 1619 26 23 of
1090 1619 75 27 linen,

647 1649 56 24 hold
722 1649 42 25 the
786 1649 82 25 article
885 1651 25 23 m
932 1649 59 25 milk
1012 1651 70 23 while
1103 1652 21 23 it
1145 1651 20 24 is

647 1681 89 31 boiling
746 1689 32 17 on
791 1682 42 24 the
845 1682 51 25 fire.

677 1719 124 25 Mildewed
812 1719 66 25 linen
892 1729 51 23 may
955 1720 29 25 be
1008 1722 103 24 restored
1135 1722 29 30 by

647 1753 100 30 soaping
757 1753 41 23 the
810 1754 66 29 spots
887 1754 67 23 while
976 1755 55 26 wet,
1053 1755 112 30 covering

647 1785 66 23 them
725 1785 59 23 with
796 1785 49 23 fine
856 1786 71 23 chalk
943 1787 96 29 scraped
1058 1788 26 23 to
1102 1795 62 22 pow-

647 1817 47 27 der,
707 1817 46 24 and
764 1817 103 31 rubbing
877 1818 20 24 it
909 1818 53 24 well
984 1818 27 24 m
1021 1826 5 20 ;
1053 1827 27 16 or
1107 1818 57 25 soak

647 1850 24 23 m
684 1849 81 25 butter
776 1850 66 27 milk,
855 1851 48 23 and
914 1851 83 30 spread
1007 1858 31 17 on
1049 1851 41 24 the
1099 1860 66 22 grass

647 1882 24 23 m
684 1882 43 24 the
740 1889 53 17 sun.

680 1920 35 23 To
727 1928 95 16 remove
833 1919 58 25 fruit
915 1921 76 24 stains
1014 1921 61 26 from
1094 1922 71 28 linen,

647 1952 45 24 rub
704 1953 40 23 the
756 1954 53 29 part
821 1961 29 16 on
863 1953 57 24 each
932 1954 50 24 side
1001 1954 59 24 with
1082 1955 83 30 yellow

649 1993 64 23 soap,
732 1987 58 22 then
801 1986 32 23 tie
844 1994 32 22 up
887 1994 15 15 a
913 1986 65 30 piece
999 1986 27 24 of
1045 1987 120 31 pearl-ash

648 2018 27 24 m
686 2018 42 24 the
739 2018 71 28 cloth,
833 2019 47 23 and
901 2019 56 23 soak
976 2020 26 22 m
1024 2020 42 24 hot
1087 2022 78 22 water.

649 2051 148 24 Afterwards
809 2058 85 23 expose
906 2051 42 24 the
965 2052 92 23 stained
1080 2056 52 27 part
1143 2055 22 22 to

647 2083 42 24 the
701 2091 46 15 sun
758 2083 49 24 and
816 2084 35 23 air
863 2083 63 24 until
940 2085 118 24 removed.

679 2120 29 24 In
720 2120 88 25 Russia
821 2118 56 26 milk
893 2121 44 24 has
960 2120 60 25 been
1042 2122 123 30 preserved

648 2152 37 25 for
696 2161 14 16 a
722 2153 57 31 long
790 2153 81 30 period
889 2153 31 31 by
943 2153 81 32 slowly
1046 2159 119 27 evaporat-

649 2186 41 30 ing
701 2186 19 23 it
732 2194 56 15 over
799 2186 41 24 the
851 2186 43 24 fire
906 2186 62 24 until
983 2187 20 23 it
1024 2187 21 24 is
1068 2188 97 24 reduced

649 2222 26 20 to
702 2227 13 14 a
743 2218 59 23 solid
825 2218 126 24 substance
960 2226 7 21 ;
995 2219 49 24 this
1064 2220 22 23 is
1108 2220 57 24 then

649 2251 122 30 powdered
785 2251 44 23 and
842 2253 43 28 put
896 2251 52 24 into
958 2259 15 16 a
985 2248 81 33 Bottle,
1090 2253 75 23 which

649 2283 20 24 is
697 2282 114 31 carefully
830 2283 78 24 sealed
919 2284 59 23 with
996 2293 34 15 wa
1030 2293 16 9 y
1048 2302 6 6 .
1089 2285 76 24 When

649 2315 110 32 required
770 2319 37 21 tor
817 2323 43 16 use
870 2316 21 23 it
898 2316 22 24 is
927 2316 118 24 dissolved
1053 2317 27 24 m
1091 2326 13 14 a
1112 2325 53 24 pro-

650 2356 40 23 per
701 2349 111 30 quantity
823 2349 27 24 of
856 2350 80 26 water,
953 2349 47 24 and
1008 2349 44 25 has
1064 2350 60 25 then
1135 2350 30 25 all

649 2381 43 25 the
703 2382 130 30 properties
856 2390 27 16 aa
894 2382 53 24 well
969 2390 27 16 as
1009 2382 39 26 the
1060 2385 61 23 taste
1143 2383 22 25 of

651 2414 67 21 milk.

754 2499 173 21 HOUSEHOLD
945 2500 116 21 WISDOM

682 2538 52 23 The
745 2538 81 23 cook's
836 2538 102 28 religion
948 2538 86 23 should
1046 2538 28 24 be
1091 2539 76 24 clean-

652 2568 81 25 liness.

682 2606 106 25 Fashion
800 2605 47 25 will
858 2606 61 24 have
935 2606 43 25 her
1000 2615 53 24 way
1074 2608 93 31 though

652 2639 98 24 comfort
760 2639 28 23 be
800 2638 42 24 the
854 2638 107 24 sufferer.

682 2675 119 32 Gentility
816 2675 82 31 begefcp
920 2676 32 25 its
973 2684 51 16 own
1047 2678 120 31 etiquette,

652 2709 67 25 don't
731 2709 54 24 look
797 2709 37 24 for
844 2709 20 23 it
875 2709 26 23 m
913 2709 42 24 the
967 2709 63 24 hand
1055 2710 83 25 books.

682 2747 24 23 It
717 2747 21 23 is
750 2755 15 15 a
787 2746 51 24 dull
861 2746 86 24 dinner
969 2747 54 24 that
1045 2748 66 24 lacks
1131 2749 36 23 the

652 2779 91 31 sparkle
755 2778 26 25 of
792 2779 40 24 wit
843 2779 47 23 and
904 2779 69 23 wind.

682 2816 92 24 Flatter
795 2824 15 16 a
832 2815 47 25 fool
902 2816 37 24 for
962 2816 38 24 his
1021 2817 133 32 friendship
1164 2827 3 20 ;

652 2848 34 25 for
698 2849 36 24 his
746 2849 100 31 enimity
858 2848 42 25 tell
912 2849 52 24 him
975 2853 24 20 ot
1011 2843 36 31 iiis
1058 2850 80 25 faults.

682 2887 30 23 In
728 2887 109 30 culinary
856 2894 27 16 as
906 2887 26 23 m
956 2887 71 24 other
1049 2891 56 23 arts,
1129 2888 38 25 the

652 2919 137 32 knowledge
800 2920 26 22 of
833 2927 14 15 a
860 2919 40 24 life
914 2927 54 24 may
980 2920 66 24 leave
1058 2928 29 17 us
1098 2921 26 23 m
1136 2921 31 31 ig-

652 2960 101 16 norance
766 2953 24 23 of
800 2953 147 27 something.

808 3015 216 17 HOUSEKEEPER.

683 3053 86 21 Batter
780 3053 46 21 and
844 3053 149 23 Marmalade
1015 3053 109 31 Pudding
1135 3062 5 14 :
1141 3068 31 3 —

654 3084 69 24 Make
735 3092 15 17 a
762 3085 75 23 batter
848 3085 27 24 of
885 3087 47 23 two
943 3093 39 23 egg
982 3093 27 23 3,
1027 3093 45 18 one
1083 3087 54 31 pint
1149 3094 23 17 01

654 3117 64 27 milk,
731 3118 36 22 six
780 3117 188 31 fcablespoonfuls
978 3118 27 24 of
1014 3118 67 28 flour,
1095 3120 46 22 and
1159 3127 13 16 a

654 3151 69 30 ptDch
747 3150 24 24 of
794 3149 61 30 salt;
874 3150 49 24 line
945 3159 14 16 a
981 3151 38 30 pie
1041 3151 53 24 dish
1116 3151 56 24 with

654 3182 140 24 marmalade
806 3191 26 15 or
852 3191 114 22 preserve,
990 3184 47 23 and
1059 3184 60 24 bake
1142 3186 30 22 40

654 3216 105 23 minutes
769 3215 26 23 m
808 3222 14 16 a
834 3215 69 32 quick
913 3223 60 16 oven
986 3224 5 19 ;
1010 3215 81 30 apples
1100 3216 72 24 sliced

654 3247 49 24 into
715 3247 42 24 the
769 3248 5 21 I
778 3250 66 21 tatter
855 3248 95 25 instead
961 3247 27 24 of
997 3247 40 24 fhe
1056 3248 53 31 jam
1132 3257 40 16 are

654 3288 54 23 very
721 3280 70 31 good.

686 3320 96 30 Sponge
794 3320 71 25 Cake,
866 3334 32 4 —
900 3320 51 22 Ten
963 3327 86 17 ounces
1062 3320 26 23 of

654 3353 37 22 ten
704 3360 65 22 eggs,
783 3352 39 23 lib
834 3352 24 23 of
869 3352 124 30 powdered
1011 3360 78 22 sugar.
1125 3353 47 24 Stir

654 3384 40 24 the
705 3384 68 31 yolks
785 3384 47 24 and
846 3393 71 21 sugar
929 3384 117 30 together,
1056 3384 54 24 beat
1133 3386 39 23 the

655 3417 83 23 whites
750 3421 24 19 to
786 3425 13 15 a
809 3416 53 24 stiff
879 3417 70 26 from,
972 3421 67 26 grate
1062 3417 41 25 the
1124 3418 48 23 rind

658 3452 24 21 of
693 3457 47 16 one
752 3449 65 31 large
829 3446 64 28 fresh
905 3449 89 27 lemon,
1007 3450 44 23 ami
1066 3450 46 23 add
1135 3450 37 25 tht

654 3482 61 30 juice
728 3483 68 23 while
808 3482 106 31 mixing;
933 3490 15 16 a
959 3482 63 24 little
1034 3482 54 25 salt.
1123 3483 49 24 Mix

654 3515 33 22 all
698 3523 26 15 as
735 3515 98 31 quickly
844 3523 26 16 as
881 3515 111 30 possible,
1013 3518 43 21 not
1079 3516 93 30 stirring

654 3548 39 22 too
705 3548 66 29 long,
783 3548 47 23 and
842 3548 115 29 instantly
969 3554 44 23 put
1023 3548 51 24 into
1086 3556 14 16 a
1108 3549 64 23 mod-

654 3579 89 31 erately
753 3581 42 22 hot
817 3588 69 15 oven.

686 3616 94 25 Lemon
792 3617 99 27 Tart,—
892 3617 51 23 The
953 3616 65 31 juice
1030 3617 47 23 and
1093 3618 79 31 grated

654 3647 53 24 rind
720 3650 25 23 of
755 3657 46 16 one
813 3651 64 29 largo
890 3650 88 26 lemon,
991 3649 31 32 1\
1030 3658 56 22 cups
1096 3652 76 26 water,

654 3682 44 22 two
711 3689 59 24 cups
782 3689 80 22 sugar,
882 3682 69 31 yolks
975 3683 25 22 of
1020 3687 68 20 three
1110 3690 62 25 eggs,

654 3720 43 19 one
719 3715 106 28 heaping
847 3716 138 27 tabiespoou
1007 3723 56 18 corn
1086 3717 86 26 starch,

1249 163 79 24 butter
1339 165 40 23 the
1391 167 47 24 size
1450 169 25 22 of
1486 169 69 24 small
1578 179 45 23 egg
1633 180 6 20 ;
1658 173 45 24 boil
1724 174 41 24 the

1249 198 80 27 water,
1342 198 43 24 stir
1395 199 26 24 m
1433 209 56 16 corn
1501 203 88 28 starch,
1602 212 59 23 pour
1673 206 18 23 it
1712 214 55 17 over

1250 229 41 24 the
1303 229 78 25 butter
1393 233 46 23 and
1451 242 78 23 sugar,
1541 237 48 22 and
1597 238 69 23 when
1675 239 20 24 it
1702 240 64 24 cools

1250 270 14 15 a
1277 262 59 24 tittle
1348 263 46 24 add
1405 265 42 24 the
1459 274 57 24 eggs
1525 269 46 23 and
1578 269 88 25 lemon.
1700 271 65 25 Bake

1251 294 55 24 with
1318 296 57 31 only
1386 305 31 16 «n
1426 299 73 24 under
1508 303 72 22 crust.
1614 302 59 25 Beat
1681 303 84 26 whites

1249 327 24 23 of
1285 327 41 24 the
1338 336 63 22 eggs,
1421 332 44 22 add
1488 333 67 24 three
1577 336 187 29 tablesponnfuls

1249 366 77 23 sngar,
1339 361 45 22 and
1396 362 67 24 when
1486 365 40 23 the
1548 365 51 30 pies
1621 374 40 16 are
1684 370 80 28 nearly

1249 391 59 23 done
1320 393 82 29 spread
1412 395 20 22 it
1444 403 53 16 over
1507 397 41 23 the
1560 403 39 25 top
1616 400 46 22 anl
1685 402 77 21 return

1248 425 25 22 to
1285 423 40 25 the
1337 433 60 16 oven
1409 426 35 25 till
1452 428 96 32 slightly
1558 431 113 25 browned.
1705 432 58 25 This

1247 456 21 24 is
1280 457 117 25 sufficient
1409 461 34 23 For
1458 461 66 24 three
1545 463 58 29 pies.

1385 539 138 26 NEEDLE
1527 542 94 24 WORK

1281 580 93 26 Thistle
1385 583 190 37 Pincushion,—
1575 587 49 23 The
1642 590 79 21 centre
1743 588 26 24 of

1249 613 40 22 the
1301 614 101 25 cushion
1411 616 23 24 is
1445 625 13 15 a
1471 617 44 25 ball
1528 618 27 24 of
1573 620 82 29 purple
1677 620 86 27 velvet,

1248 644 64 24 filled
1326 647 86 31 tightly
1423 649 56 23 with
1495 652 189 29 emery-powder.
1718 653 48 23 The

1249 677 76 24 velvet
1336 679 21 23 is
1369 687 14 16 a
1391 680 68 24 circle
1470 682 73 24 about
1558 683 53 24 four
1633 684 84 24 inches
1739 684 26 24 m

1249 710 127 30 diameter;
1394 713 50 24 this
1455 717 64 21 must
1531 715 29 24 be
1582 716 106 31 whipped
1710 724 56 16 over

1250 743 75 23 round
1345 744 40 23 the
1406 745 58 32 edge
1492 748 56 23 with
1572 750 83 30 strong
1682 751 82 22 cotton

1249 774 80 26 drawn
1341 778 116 30 together,
1469 780 49 30 just
1538 780 93 32 leaving
1652 789 67 16 room
1741 783 25 23 to

1248 814 60 23 pour
1319 809 41 23 the
1379 812 183 30 emary-powder
1582 814 34 28 m,
1637 814 48 23 and
1707 814 60 24 then

1249 841 105 29 securely
1376 842 122 30 fastened;
1515 853 15 15 a
1552 846 69 22 small
1644 846 65 29 piec?
1741 846 27 23 of

1249 872 73 24 calico
1333 881 55 22 may
1401 875 28 23 be
1441 877 43 29 put
1495 884 57 17 over
1563 878 41 23 the
1627 877 89 24 bottom
1740 879 25 22 to

1249 905 58 31 keep
1318 906 20 23 it
1357 906 63 25 firm.
1455 908 50 23 The
1526 912 59 21 next
1607 910 70 30 thing
1698 910 21 24 is
1742 914 25 20 to

1248 938 64 23 twist
1331 938 89 33 closely
1442 941 108 30 together
1571 941 53 25 four
1645 943 76 29 pieces
1744 943 25 23 of

1248 970 82 24 rather
1340 971 48 23 fine
1401 973 51 23 wire
1464 974 23 23 to
1499 973 59 26 form
1571 974 42 24 the
1624 974 70 28 stalk,
1715 975 48 24 and

1248 1002 66 24 these
1327 1004 66 23 wires
1404 1006 84 22 should
1499 1006 25 23 be
1536 1007 122 29 separated
1677 1009 26 22 at
1724 1008 42 24 the

1247 1036 41 29 top
1300 1035 46 23 and
1358 1044 64 16 sewn
1433 1041 24 19 at
1469 1039 38 22 the
1519 1038 52 25 four
1580 1041 107 29 quarters
1696 1040 26 23 of
1727 1041 39 24 the

1247 1068 108 23 cushion-.
1390 1069 47 24 Cut
1460 1079 13 15 a
1493 1071 70 24 circle
1582 1072 26 23 of
1627 1080 139 23 sage-green

1247 1100 73 27 cloth,
1333 1108 45 16 one
1389 1103 47 23 and
1442 1110 31 16 an
1482 1103 54 23 inch
1547 1105 21 21 m
1575 1105 121 28 diameter,
1710 1105 56 30 pink

1248 1133 19 23 it
1278 1133 22 22 m
1321 1133 48 24 fine
1391 1134 69 25 dents
1479 1136 76 23 round
1577 1136 42 25 the
1641 1137 56 31 edge
1719 1137 49 24 and

1249 1166 63 22 work
1323 1173 60 15 rows
1395 1168 23 22 of
1430 1168 102 31 seallpps
1543 1169 59 23 with
1624 1169 46 23 silk
1691 1169 76 26 round

1247 1197 20 23 it
1279 1206 6 19 ;
1303 1197 70 25 make
1384 1207 15 16 a
1410 1199 55 25 hole
1477 1201 24 23 m
1513 1201 41 24 the
1566 1203 87 27 centre,
1665 1202 48 24 and
1720 1202 44 31 slip

1248 1230 19 23 it
1279 1238 54 16 over
1344 1232 42 23 tha
1398 1233 63 27 wire,
1474 1234 90 31 sewing
1576 1235 41 23 the
1629 1234 70 31 edges
1710 1235 54 25 with

1249 1263 99 24 stitches
1361 1264 52 24 thxt
1420 1265 52 24 'will
1482 1270 43 20 not
1537 1258 72 33 siio.v.
1643 1267 64 24 Next
1725 1270 40 28 get

1234 1294 5 8 '
1248 1295 80 24 brown
1341 1304 27 16 or
1379 1305 68 21 green
1461 1298 80 24 China
1552 1300 89 27 ribbon,
1649 1302 46 22 and
1703 1298 63 26 wind

1246 1328 20 22 it
1277 1336 54 15 over
1343 1329 40 23 the
1403 1330 79 27 stalk,-
1497 1331 124 28 mounting
1641 1333 47 24 two
1709 1332 57 23 arti-

1246 1359 63 24 ficial
1331 1357 172 30 thistle-leaves
1525 1371 32 16 on
1578 1366 40 22 the
1641 1363 63 26 stalk
1726 1372 39 17 ac-

1234 1392 146 31 cording'to
1402 1394 98 31 design,;
1518 1404 27 16 or
1566 1396 20 24 if
1603 1404 47 23 yea
1671 1397 50 24 find
1743 1397 20 23 it

1246 1425 101 24 difficult
1369 1434 23 15 to
1415 1428 116 30 purchase
1554 1429 101 24 suitable
1676 1430 86 28 leaves,

1247 1462 41 19 cut
1299 1458 67 24 them
1378 1462 41 21 out
1431 1460 22 23 m
1466 1461 53 28 silk,
1533 1462 47 23 and
1592 1462 53 24 tack
1666 1463 20 23 it
1708 1470 56 16 over

1246 1491 47 23 two
1306 1490 53 24 thin
1373 1491 73 30 pieces
1456 1493 27 24 of
1491 1494 148 30 cardboard*,
1648 1495 49 26 and
1717 1502 47 17 sew

1248 1523 38 23 the
1297 1524 70 29 edgas
1379 1525 109 30 together
1498 1534 27 16 as
1536 1534 47 20 you
1594 1526 78 26 would
1695 1526 68 25 make

1246 1563 14 17 a
1272 1556 161 29 pincushion.
1468 1558 49 24 The
1528 1559 62 24 little
1608 1567 46 23 cup
1676 1561 26 22 at
1724 1559 41 26 the

1248 1590 40 28 top
1300 1589 26 24 of
1340 1589 41 24 the
1404 1594 40 28 top
1467 1592 24 24 of
1513 1592 42 24 the
1576 1592 63 24 Btalk
1663 1600 51 23 may
1736 1592 30 25 be

1247 1622 99 23 coverod
1356 1630 55 16 over
1423 1623 58 25 with
1493 1623 56 25 ftoss
1561 1624 52 25 silk.
1647 1625 52 24 The
1718 1634 46 16 row

1247 1654 26 23 of
1281 1655 50 29 pins
1343 1655 86 24 which-
1434 1656 62 24 form
1508 1656 40 25 the
1559 1656 78 25 flovver
1648 1659 66 22 must
1736 1658 29 24 be

1246 1688 44 29 put
1301 1686 26 24 m
1339 1695 55 22 very
1405 1689 83 32 evenly
1500 1689 73 25 above
1585 1690 46 24 the.
1637 1692 40 29 top
1686 1691 26 24 of
1723 1691 40 24 tha

1246 1720 85 30 pinned
1351 1721 78 24 circle.

1442 1805 127 21 EXTRACT.

1279 1841 12 23 I
1303 1841 94 24 wonder
1407 1842 21 23 if
1436 1842 31 23 all
1480 1843 77 23 brains
1569 1851 39 16 are
1619 1843 146 31 of*precisely

1247 1873 42 24 tlie
1301 1881 65 16 same
1378 1874 91 31 quality
1479 1876 9 22 ?
1505 1883 27 16 or
1549 1879 62 20 mmt
1630 1876 41 24 the
1689 1876 77 30 larger

1248 1913 45 16 one
1300 1905 29 25 be
1336 1905 27 25 of
1368 1907 118 31 necessity
1491 1907 46 25 the.
1543 1908 104 31 superior
1653 1909 11 23 ?
1698 1908 68 24 After

1247 1938 41 25 all,
1300 1939 20 24 it
1330 1939 22 23 is
1363 1939 48 24 less
1422 1940 60 26 than
1497 1940 90 25 useless
1608 1944 26 21 to
1655 1948 111 24 compare

1247 1972 83 30 things
1342 1979 26 17 so
1378 1972 110 24 different
1498 1973 27 23 m
1537 1973 142 25 themselves
1702 1981 27 17 as
1751 1981 15 17 a

1247 2006 80 22 man's
1339 2005 77 24 brains
1437 2005 47 24 and
1507 2013 14 16 a
1543 2008 124 23 woman's.
1700 2006 25 25 It
1746 2006 22 25 is

1248 2037 46 23 like
1305 2037 94 30 asking,
1438 2038 85 24 Which
1534 2039 21 23 is
1566 2039 43 24 the
1619 2039 63 24 finer
1692 2039 76 30 speci-

1247 2077 54 15 men
1350 2071 73 23 about
1434 2078 31 16 an
1476 2071 47 24 oak
1533 2071 49 24 and
1590 2079 14 16 a
1613 2071 75 26 bh-ch.
1723 2071 43 24 We

1248 2109 40 16 are
1299 2102 110 30 diffe-ent,
1422 2102 48 24 and
1481 2102 89 32 always
1591 2103 61 25 shall
1674 2104 92 24 remain

1249 2142 35 16 so.
1317 2135 33 23 A3
1362 2136 25 23 to
1396 2134 70 32 being
1472 2135 99 25 inferior
1579 2136 123 31 mentally,
1712 2136 55 25 that

1248 2167 21 24 is
1280 2168 100 23 another
1390 2168 118 31 question,
1520 2169 48 24 and
1579 2177 46 19 one
1644 2170 52 23 that
1719 2169 48 24 will

1249 2201 86 29 always
1347 2199 28 24 be
1386 2201 121 24 answered
1517 2201 27 24 m
1556 2201 66 25 favor
1632 2201 26 24 of
1664 2202 38 24 his
1713 2209 53 17 own

1249 2240 41 15 sex
1309 2232 31 30 by
1363 2240 14 16 a
1399 2233 90 24 certain
1510 2235 51 22 sort
1582 2234 27 23 of
1628 2241 66 17 man.
1728 2234 40 25 He

1248 2264 62 24 little
1332 2273 98 22 guesses
1451 2265 42 25 the
1515 2266 129 24 deduction
1665 2266 54 24 that
1752 2274 15 17 a

1248 2299 75 22 smart
1338 2306 94 15 woman
1454 2298 78 25 draws
1552 2299 63 24 from
1638 2299 52 24 that
1713 2307 55 23 very

1248 2329 57 29 fact,
1315 2330 48 24 and
1373 2330 60 25 with
1455 2331 64 24 what
1540 2330 92 25 inward
1654 2339 68 17 sense
1744 2332 26 24 of

1248 2363 44 24 fun
1304 2363 42 24 she
1357 2364 93 31 regards
1461 2363 39 26 his
1509 2363 64 30 little
1584 2372 67 24 army
1662 2364 24 25 of
1708 2367 60 22 stat-

1249 2396 65 24 istics
1337 2396 47 24 and
1405 2397 114 31 carefully
1545 2398 114 30 prepared
1691 2398 77 24 calcu-

1250 2429 97 24 lations.

1281 2460 24 25 It
1317 2461 18 23 is
1347 2460 89 33 al#qys
1442 2469 15 17 a
1468 2461 53 33 sign
1538 2461 55 25 that
1615 2470 90 18 women
1728 2470 40 17 are

1249 2494 97 29 coming
1352 2495 30 22 'to
1392 2494 42 24 the
1446 2494 63 24 front
1526 2494 71 24 when
1618 2502 58 18 men
1698 2494 71 31 begin

1250 2527 24 22 to
1286 2533 70 23 argue
1367 2525 74 24 about
1450 2526 114 24 feminine
1572 2527 141 31 incapacity,
1721 2527 48 24 and

1251 2560 37 29 try
1300 2560 25 22 to
1334 2558 94 24 confine
1439 2558 42 26 the.
1492 2567 90 22 powers
1594 2559 26 25 of
1629 2559 40 23 the
1677 2559 92 25 weaker

1251 2598 42 16 sex
1305 2592 24 23 to
1341 2591 114 31 mending
1465 2591 70 25 socks
1550 2591 49 25 and
1620 2591 151 33 chronicling

1251 2623 71 23 small
1342 2622 63 27 bcel.
1437 2624 26 24 It
1484 2624 105 23 reminds
1611 2631 39 16 me
1671 2624 27 23 of
1728 2624 42 24 the

1251 2655 119 30 farmyard
1381 2655 67 25 fowls
1459 2655 85 29 which,
1556 2655 97 32 directly
1664 2656 56 31 they
1728 2655 40 25 be-

1251 2688 42 30 gin
1305 2690 25 22 to
1340 2687 33 32 fly
1385 2695 14 18 a
1411 2688 60 25 little
1479 2686 66 34 high,
1555 2688 60 25 have
1622 2688 63 25 their
1693 2689 75 32 wings

1252 2721 93 31 clipped
1358 2723 24 22 to
1393 2723 99 30 prevent
1504 2722 65 24 them
1581 2721 60 25 from
1653 2721 117 26 discover-

1251 2754 42 29 ing
1303 2754 66 23 what
1380 2754 57 30 they
1448 2756 68 22 could
1533 2754 38 29 do,
1595 2755 53 23 and'
1665 2757 25 22 to
1712 2756 59 30 keep

1251 2786 68 22 them
1330 2786 24 22 m
1367 2786 42 24 the
1421 2786 56 27 saFe,
1490 2786 20 24 if
1529 2791 167 24 monotonous,
1719 2788 53 24 obs-

1251 2818 77 30 curity
1339 2817 26 25 of
1375 2818 62 25 their
1448 2821 100 22 owner's
1559 2819 60 24 back
1641 2819 65 31 yard.

1253 2995 184 58 LOCAL
1453 2995 35 58 &
1488 2995 284 58 GENERAL.

1286 3112 45 23 We
1344 3112 46 30 beg
1401 3114 25 22 to
1438 3112 170 31 acknowledge
1627 3114 40 23 the
1688 3114 90 30 receipt

1253 3154 63 24 from
1330 3154 48 24 Our
1390 3154 115 29 Member,
1518 3164 15 15 a
1555 3163 60 25 copy
1627 3160 24 20 ot
1660 3156 42 25 the
1708 3157 70 24 Land

1254 3197 48 23 and
1314 3197 97 24 Income
1420 3197 143 25 Assessment
1574 3199 53 27 Act,
1648 3199 49 23 and
1718 3199 58 24 from

1256 3239 35 23 M.
1305 3239 87 28 Dixon,
1413 3240 61 30 Esq,
1502 3241 91 30 Report
1615 3241 26 24 of
1661 3241 42 24 the
1725 3241 54 25 Vic-

1258 3282 73 23 torian
1356 3282 76 32 Royal
1456 3283 159 26 Commission
1638 3292 29 16 on
1699 3284 83 25 Water

1260 3324 89 30 Supply
1354 3326 4 21 !
1394 3324 52 25 The
1457 3328 80 28 report
1544 3326 22 23 is
1575 3335 61 22 very
1639 3326 143 33 elaborately

1255 3366 125 31 compiled,
1404 3368 48 23 and
1476 3368 87 25 should
1586 3369 27 25 be
1635 3370 98 31 perused
1755 3371 30 32 by

1257 3417 72 23 every
1340 3409 106 25 resident
1458 3411 25 24 m
1504 3411 40 25 the
1568 3412 90 25 Oxford
1681 3412 101 30 district,

1260 3453 54 24 who
1326 3452 56 25 take
1394 3453 42 25 the
1572 3455 100 26 interest
1683 3456 27 24 m
1731 3456 52 25 irri-

1259 3496 90 30 gation.

1292 3549 98 24 Oxkobd
1400 3551 124 26 Wobking
1530 3552 82 26 Men's
1621 3553 75 28 Club,
1698 3568 33 3 —
1731 3554 53 24 The

1260 3592 112 31 monthly
1384 3594 106 31 meeting
1498 3595 27 24 of
1531 3595 41 24 the
1582 3595 143 26 Committee
1733 3603 49 17 was

1260 3634 54 24 held
1325 3634 26 24 m
1363 3635 42 25 the
1417 3636 139 28 Club-room
1567 3646 34 17 on
1613 3639 114 31 Monday,
1740 3638 42 26 the

1260 3676 132 31 President,
1405 3679 196 28 Vice-President
1613 3682 49 24 and
1684 3682 32 24 all
1738 3681 42 25 the

1258 3720 145 29 Committee
1426 3723 72 35 being
1521 3730 104 28 present.
1661 3726 51 25 The
1740 3733 38 18 ac*

1842 188 85 24 counts
1949 189 46 23 and
2017 190 101 24 minutes
2141 193 27 23 of
2189 193 40 23 the
2257 193 108 30 previous

1842 230 107 32 meeting
1969 241 60 17 were
2037 258 4 3 .
2051 234 54 24 read
2140 235 49 24 and
2223 235 138 25 confirmed.

1841 272 50 26 The
1903 273 175 27 balance-sheet
2090 277 34 24 for
2135 279 40 22 the
2186 280 56 28 past
2248 286 56 23 year
2311 286 50 17 was

1841 317 105 24 received
1955 319 45 23 and
2010 320 57 24 read
2079 320 29 30 by
2121 320 40 25 the
2170 320 133 28 President,
2314 321 47 24 and

1840 366 50 16 was
1900 360 139 25 considered
2051 369 55 23 very
2126 363 157 30 satisfactory.
2318 364 41 22 Af-

1840 402 37 23 ter
1888 404 113 22 accounts
2012 404 142 31 amounting
2164 407 26 22 to
2202 406 53 23 £29
2269 407 26 21 Is
2317 406 41 27 9d,

1839 444 49 24 had
1896 444 60 24 been
1967 446 93 29 passed,
2073 455 15 15 a
2100 450 53 22 vote
2173 449 26 23 of
2220 449 92 23 thanks
2335 451 24 21 to

1839 487 44 23 the
1905 487 129 25 Chairman
2055 490 144 24 terminated
2220 491 42 24 the
2284 493 75 22 meet-

1839 529 51 31 ing.
1923 533 3 3 '
2176 534 28 23 C'
2342 547 4 3 -

1872 572 70 24 Bani>
1962 581 29 16 op
2019 574 79 28 Hope,
2099 589 32 3 —
2133 575 52 24 The
2218 576 144 31 fortnightly

1841 616 108 30 meeting
1959 617 26 23 of
1997 616 40 24 the
2050 618 59 23 Enst
2130 618 92 24 Oxford
2244 619 70 23 Band
2337 620 27 23 of

1842 656 70 31 Hope
1923 658 45 24 will
1981 660 27 22 be
2020 660 54 23 held
2098 661 26 22 m
2148 661 40 23 the
2211 661 31 23 U.
2265 661 46 24 M.
2330 662 27 22 F.

1843 699 104 27 Church,
1959 703 25 21 at
1994 703 65 26 7.80,
2070 709 61 23 p.m.
2144 710 31 16 on
2187 703 96 31 Friday,
2293 703 70 24 14th.

1874 742 143 25 Methodist
2028 744 111 29 Church,
2140 760 31 2 —
2173 745 51 24 The
2236 745 58 33 boys
2313 746 50 24 and

1842 785 60 29 girls
1913 787 25 22 of
1953 787 41 24 the
2018 787 66 24 West
2107 787 89 25 Oxford
2220 788 31 25 U.
2275 789 34 24 M.
2333 789 30 24 F.

1844 827 98 24 Church
1953 828 70 25 Bible
2036 829 75 27 Class,
2122 837 103 23 purpose
2236 830 99 31 holding
2346 839 15 15 a

1845 869 67 24 Cake
1933 870 48 23 and
2004 870 82 31 Apron
2109 871 57 24 Fair
2189 873 123 23 sometime
2337 874 28 22 m

1846 913 146 30 September,
2003 914 27 23 m
2042 914 39 24 aid
2092 914 26 24 of
2128 915 95 24 Church
2245 915 120 31 improve-

1834 976 2 4 ,
1844 957 66 22 ment
1921 955 77 25 funds.
2032 956 66 31 They
2109 957 60 24 have
2182 957 58 24 be<m
2252 961 26 20 at
2295 959 66 23 work

1844 998 37 23 for
1898 1001 47 21 two
1968 999 97 24 months
2086 1007 28 17 or
2135 1008 75 20 more,
2232 1001 48 24 and
2302 1001 62 24 have

1845 1039 166 28 beenassisted
2023 1041 30 31 by
2063 1050 14 15 a
2087 1041 46 25 few
2138 1042 55 32 lady
2200 1042 105 30 .friends*
2317 1044 50 23 and

1846 1090 33 16 no
1890 1083 74 24 doubt
1975 1083 29 31 by
2015 1084 116 38 the^time
2152 1086 135 31 appointed,
2307 1087 59 30 'they

1848 1125 49 24 will
1908 1125 62 24 have
1982 1134 14 16 a
2008 1126 60 31 good
2081 1127 90 32 display
2184 1128 27 24 of
2218 1128 58 25 both
2288 1129 79 25 useful

1847 1168 47 24 and
1906 1169 150 24 ornamental
2068 1170 95 24 articles
2175 1173 26 22 to
2211 1171 94 32 dispose
2317 1173 33 23 of.

529 44 167 34 OXFORD
738 49 87 29 AND
868 50 102 30 OUST
1014 49 221 31 OBSERVFR
1278 50 227 41 SATURDAY,
1527 57 162 33 AUGUST
1713 63 25 32 8,
1765 64 70 28 1891

1866 3598 98 24 Printed
1987 3597 48 25 and
2073 3597 91 25 Publisl
2176 3598 27 24 «d
2216 3598 30 31 by
2272 3598 111 24 Bichard

1899 3642 103 24 Holmak
2022 3640 97 29 Parish,
2144 3644 25 22 at
2186 3641 39 24 his
2244 3640 140 32 Begistered

1899 3685 110 31 Printing
2021 3684 81 28 Office,
2124 3683 65 32 Higb
2214 3685 87 26 Street,
2323 3683 22 26 E
2364 3687 21 22 at

1900 3727 85 28 Oxfpnl
2005 3726 155 28 ('arterburv^

1887 1257 225 48 TERMINUS
2152 1261 138 41 HOTEL

1975 1310 94 24 WEST
2096 1310 143 27 OXFORD.
2270 1334 6 4 .

1848 1367 57 39 ittj.
1917 1380 25 25 J.
1954 1381 102 24 KIRBY
2070 1381 58 31 begs
2138 1384 26 23 to
2171 1383 113 25 intimate
2291 1386 25 23 to
2324 1384 45 25 the

1847 1413 151 26 inhabitants
2006 1414 27 24 of
2039 1414 87 25 Oxford
2137 1417 44 23 and
2191 1416 41 24 the
2241 1418 130 30 travelling;

1847 1440 110 37 piibiic.in
1966 1447 137 30 particular;
2114 1448 52 24 that
2175 1450 29 23 he
2215 1449 42 24 has
2270 1451 99 23 secured

1848 1486 15 16 a
1874 1472 63 33 tease
1948 1480 25 23 of
1983 1479 49 24 this
2043 1480 53 24 first
2104 1480 61 24 class
2177 1482 80 28 Hotel,
2267 1483 48 23 and
2323 1483 45 24 ha-
2389 1503 7 6 .

1848 1505 59 43 viii^
1925 1511 128 32 throughly
2070 1513 150 25 refurnished
2237 1514 42 24 the
2291 1523 77 20 same»

1848 1543 31 24 he
1890 1543 22 24 is
1923 1551 53 16 now
1989 1545 111 31 prepared
2112 1546 26 23 to
2147 1546 57 24 offer
2210 1546 102 28 cpmfort
2319 1548 49 23 and

1849 1576 178 24 accomodatiun
2044 1578 106 31 soperior
2169 1582 25 22 to
2214 1588 46 23 any
2281 1581 23 23 *t»
2326 1580 44 24 the

1847 1608 102 26 district.

1905 1641 113 25 LIQUOR,
2045 1642 78 21 WINE
2151 1644 57 19 AND
2235 1645 74 20 BEEIi
2314 1664 2 1 .
2324 1656 26 9 •„

2006 1680 22 19 of
2037 1680 36 19 the
2082 1680 47 21 hest
2137 1681 88 25 quality.

1851 1764 113 77 MISS
1998 1764 172 31 REEVES,
2204 1766 112 32 (iesires
2335 1769 34 26 to

1940 1804 70 39 give
2027 1804 113 30 lessons
2159 1805 32 30 m
2212 1805 156 44 Drawing,

1850 1845 58 28 and
1923 1844 117 29 Flower
2049 1845 148 40 Painting.

1962 1889 103 30 Terms
2082 1889 74 33 10/-
2168 1901 55 26 per
2236 1894 124 35 quarter

1848 1999 153 45 MISS
2017 1985 186 68 i*OLB,

1899 2056 469 45 DRESSMAKER.

1853 2153 98 78 AND
1989 2148 149 53 teac^ej|!,
2152 2155 32 28 °^
2218 2153 49 32 S^
2270 2154 81 41 6ll^
2354 2164 17 20 0

1892 2221 1 10 ,
1932 2186 241 54 Dress-cu^^g,
2194 2195 106 39 .(Pupjl
2339 2195 33 29 of

1854 2233 75 30 Miss
1936 2254 14 12 ■•_
1969 2225 400 55 Keati^^TChristchiirch)

1853 2274 110 31 Ladies
1973 2275 217 36 Dress^froni
2200 2275 48 37 5/-
2256 2279 32 26 to
2298 2274 73 40 10/-,

1856 2315 124 30 Lodices
1999 2319 53 26 cut
2080 2316 60 29 and
2170 2317 87 29 fitted
2286 2314 85 31 Price

1856 2355 58 42 2/6.
1921 2355 81 31 Next
2010 2356 163 31 doortoMr
2178 2357 195 31 Lewthwaite

2018 2397 115 31 WEST
2156 2398 174 36 OXFORD.
2379 2423 5 5 .

1852 2487 304 72 FIREWOOD
2230 2494 45 60 3

2070 2564 304 75 FIREfDOD

1855 2661 101 49 |||HE
1976 2661 199 40 undersigned
2188 2664 73 38 begs
2277 2668 31 26 tQ
2322 2663 53 29 ml-

1860 2693 28 48 l
1938 2702 79 31 form
2040 2703 46 30 his
2112 2703 115 31 friends
2243 2704 59 30 and
2321 2703 53 30 the

1857 2743 120 39 general
1997 2743 112 40 public,
2126 2745 68 28 that
2209 2745 37 28 he
2264 2745 25 28 is
2302 2755 75 28 pre-

1856 2784 94 39 pared
1963 2787 33 26 to
2011 2785 109 39 supply
2146 2785 154 30 Firewood
2312 2784 63 36 &c,

1857 2828 32 27 at
1897 2827 122 28 current
2028 2830 88 25 rates.

1985 2870 254 39 H..HAWKER,

2117 2912 75 30 East
2211 2911 124 32 Oxford.

1866 3000 537 93 fruit'"fruit^

1863 3133 113 78 Pears,
1989 3131 190 41 Burgamots,
2203 3132 61 30 and
2281 3131 96 40 Burg-

1941 3173 114 35 ondies,
2081 3173 112 40 Apples
2217 3175 48 28 for
2279 3173 100 38 eating

1863 3213 60 29 and
1951 3213 137 39 cooking,
2130 3214 133 39 Oranges
2302 3214 76 28 from

1865 3253 100 30 Tahiti
1995 3255 59 29 and
2087 3253 130 42 Sydney.
2250 3253 130 30 Peaches

1864 3295 78 29 from
1972 3294 83 36 Oust,
2074 3295 137 35 Lemons,
2232 3294 148 35 Bananas,

1865 3335 166 29 Cocoanuts
2034 3352 7 18 j
2051 3335 128 29 Biscuits
2187 3329 118 41 Lollies,
2319 3335 61 29 and

1865 3375 59 30 fine
1935 3375 203 39 Champaigne
2147 3380 33 25 at
2192 3375 37 33 2d
2238 3386 53 29 per
2300 3375 80 39 glass

1865 3416 41 30 all
1919 3419 31 26 to
1963 3416 35 30 be
2008 3420 54 35 got
2075 3419 32 26 at
2119 3416 52 34 the.
2180 3416 82 39 Shop
2271 3416 34 29 of

1917 3461 33 30 P.
1976 3460 54 31 DE
2047 3461 147 37 LOREE,
2209 3461 27 30 cfc
2251 3460 87 38 SON,

2169 3503 75 30 East
2263 3502 119 31 Oxford
