3478 4525
1160 29 172 31 OXFOED
1376 30 223 32 OBSERVER
1630 32 240 36 SATURDAY,
1886 29 250 32 SEPTEMBER
2156 30 51 34 28,
2226 28 91 31 1895.

3070 4164 27 8 —
3097 4165 50 9 —
3147 4166 10 9 ■
3157 4167 53 10 —
3210 4169 37 9 —
3352 4168 2 2 -
3364 4173 82 11 —^p»

2903 4230 105 25 Printed
3031 4233 55 25 and'
3121 4235 142 30 Published
3290 4242 34 32 ly
3361 4243 85 26 Lauba

2936 4269 84 26 Annie
3043 4271 104 34 Parish,
3172 4278 28 24 at
3222 4278 49 26 her
3301 4281 145 34 iiegistesed

2934 4313 119 35 Printing
3064 4316 87 33 Office,
3175 4320 69 34 High
3271 4325 92 26 Street.
3387 4327 59 26 EasJ

2935 4356 280 39 Oxford/Canterbury.

2982 4407 132 30 Saxubday
3126 4413 153 32 September
3288 4419 42 27 28.
3344 4420 64 28 1895

2903 205 171 53 WATCH
3116 186 157 108 |*|i
3302 203 147 52 CLOCK

3025 365 302 36 FITTED

3166 426 30 16 AT

2924 462 181 35 Parish's
3134 465 103 36 East
3262 467 163 44 Oxford*

2904 619 319 50 WEETHIIM

3084 720 251 47 SUSIE'S

2948 924 206 40 MACHINE
3201 927 202 48 PE9I.ES

3153 1754 55 22 •AT
3223 1769 3 16 ,
3249 1780 3 1 .

2970 1824 421 52 parish's

2909 1908 189 35 EAST
3146 1910 297 35 OXFOED

2910 1998 9 4 -
2951 1999 3 3 .
2980 1995 7 7 •
3041 1999 2 3 .
3217 2001 19 20 _^

2908 2044 61 47 R.
3008 2041 86 57 w;
3104 2042 341 60 ENGLAND,

2907 2129 139 40 Timber
3061 2129 70 40 and
3154 2130 76 40 Coal
3258 2131 200 40 Merchant.

2908 2214 159 31 XLiABGE
3088 2216 108 25 STOCK
3214 2216 44 25 OF
3271 2217 174 25 BUILDING

2975 2292 33 25 Of
3029 2301 72 23 every
3116 2294 175 30 .description,
3324 2295 121 26 seasoned

3006 2330 76 33 ready
3088 2330 39 25 for
3133 2339 53 22 use*
3195 2331 91 33 always
3294 2340 32 17 on
3332 2332 79 25 hand.

2941 2373 69 27 Also,
3041 2373 153 24 Galvanised
3224 2375 69 28 Iron,
3323 2376 122 23 Portland

2908 2412 104 25 Cement
3021 2413 49 24 and
3081 2413 125 25 Builders'
3220 2414 191 33 Ironmongery.

2941 2464 112 33 Country
3068 2464 91 26 Orders
3183 2465 128 33 Carefully
3332 2466 113 27 Selected

3074 2505 50 25 and
3132 2505 145 26 forwarded.

2908 2559 97 26 TUAM
3013 2560 144 30 STEEET,
3172 2562 274 28 CHEISTCHUECH

2969 2698 213 44 HOLLAND
3218 2700 156 45 FINISH

3088 2756 155 42 CALICO

3020 2817 64 33 3d.
3120 2826 72 30 per
3213 2822 115 36 yard.

3163 2895 34 28 at

3021 2943 96 32 E.H.
3140 2943 198 35 PARISH'S

2987 3109 371 46 IMPORTANT

3154 3185 9 10 ■
3177 3185 41 11 mm
3231 3186 10 10 ■

2911 3215 84 30 ALL
3025 3216 122 31 WOOL
3170 3218 172 30 BOSLYN
3363 3221 86 30 AND

2945 3291 299 35 WELLINGTON
3267 3295 153 32 TWEED

3059 3361 257 43 StTITS

2954 3429 68 40 35/-
3040 3430 85 32 Suits
3140 3431 190 34 Eeducedto
3354 3434 68 42 25/-

2947 3491 69 42 --4-
3059 3518 20 13 „
3097 3521 8 9 ,
3166 3519 19 12 „
3273 3515 18 18 „
3361 3497 68 41 35/.

2949 3541 149 30 Trousers
3113 3543 62 28 and
3188 3542 76 31 Test
3331 3544 75 42 13/6

3143 3603 53 21 AT

2933 3655 197 33 PARISH'S
3157 3658 91 31 East
3271 3660 146 33 Oxford.

2933 3813 221 51 PUBLIC
3204 3819 241 50 NOTICE.

2945 3919 174 38 Telegraphic
3131 3924 133 38 Messages
3283 3938 51 18 can
3345 3940 62 17 now
3418 3930 33 28 be

2903 3969 61 24 sent
2986 3968 55 26 and
3059 3970 123 28 receired
3203 3976 29 23 at
3257 3974 67 29 East
3350 3970 99 35 Oxford

2902 4012 116 34 Station,
3025 4015 64 26 .and
3104 4016 95 29 Postal
3219 4020 88 28 Notes
3327 4033 60 26 may
3410 4024 33 28 be

2903 4059 156 34 purchased.

2397 168 426 47 EUCALYPTUS

2397 266 60 21 THE
2472 267 72 21 BEST
2557 267 88 22 HOME
2661 267 140 22 REMEDIE

2455 306 36 14 are
2505 299 36 21 the
2550 301 135 24 preparation
2695 300 26 22 of
2727 300 36 20 the

2341 336 169 21 TASMANIAN
2528 336 186 22 EUCALYPTUS
2728 337 48 21 OIL
2790 337 82 21 COMP.

2369 374 136 26 Universally
2514 374 104 21 admitted
2626 374 37 21 the
2671 375 79 23 BEST,
2761 374 115 21 PUREST

2342 410 43 21 and
2394 412 57 18 most
2460 410 94 21 effective
2564 411 134 26 Eucalyptus
2720 411 105 20 Globulus
2841 412 33 20 Oil

2341 443 34 20 for
2395 442 169 26 INFLUENZA,
2586 442 91 26 Coughs,
2697 443 64 21 Colds
2785 443 43 21 and
2845 443 29 21 all

2342 474 65 20 Chest
2423 473 43 21 and
2474 474 63 25 Lung
2553 475 112 20 affections
2679 475 76 26 speedy
2764 475 60 21 relief
2834 475 42 21 and

2342 505 55 21 Cure
2415 506 34 19 for
2464 505 156 25 Rheumatism,
2640 507 122 25 Neuralgia,
2776 508 100 26 Sprains-

2342 532 71 21 Burns
2433 533 34 20 &c.

2369 566 133 25 Eucalyptus
2519 566 104 20 Globulus
2640 567 93 21 Extract
2741 568 89 25 sprayed
2844 568 32 20 in-

2342 596 64 21 haled
2421 596 43 20 and
2478 597 65 20 taken
2552 597 117 27 internally
2685 598 34 20 for
2733 598 36 21 the
2787 598 87 28 Throat,

2343 633 97 26 Catarrh,
2456 633 60 26 Hay,
2539 634 98 25 Typhoid
2653 635 43 21 and
2710 635 81 21 Scarlet
2800 637 77 20 Fevers

2343 665 130 22 MEASLES
2484 663 36 24 the
2525 669 55 18 most
2590 666 136 28 satisfactory
2734 670 143 25 preventative

2344 698 43 20 and
2401 698 61 20 Cure.
2489 699 56 21 Send
2557 699 52 20 Post
2624 700 55 20 Card
2689 703 23 18 to
2721 701 37 20 the
2767 701 63 21 Office
2843 703 33 19 for

2345 729 96 21 Circular
2454 730 119 27 describing
2592 732 120 21 treatment.
2739 732 138 27 Eucalyptus,

2345 763 111 24 Ointment
2466 765 36 20 the
2511 765 69 25 Magic
2590 766 113 24 Hea.ler.of
2718 767 69 23 Sores,
2801 768 77 23 Burns,

2346 795 102 25 Wounds,
2463 796 60 21 Boils
2541 797 44 24 &c,
2608 798 133 26 Eucalyptus
2747 819 3 4 ,
2760 798 57 27 Soap
2831 799 43 21 Fra

2345 828 62 23 grant
2417 828 43 26 and,
2468 829 124 25 refreshing,
2616 830 131 25 Eucalyptus
2757 831 88 25 Jujubes
2855 837 23 14 or

2345 858 101 20 Pastilles
2455 859 34 21 for
2498 859 36 21 the
2559 860 80 22 Throat
2649 861 43 21 and
2700 861 64 21 Voice
2780 868 29 14 an
2823 863 54 21 anti-

2346 890 67 25 septic
2422 891 43 20 and
2474 891 120 22 stimulant.

2345 922 125 28 Veterinary
2481 925 41 21 .Oil
2531 926 43 20 and
2583 926 112 21 Ointment
2703 927 33 20 for
2746 927 37 21 the
2792 927 85 22 stables.

2354 975 2 2 .
2373 956 29 20 Be
2411 962 49 15 sure
2469 963 27 19 yo
2500 964 12 14 a
2521 957 108 22 Purchase
2643 958 38 21 the
2691 958 103 27 Platypus
2811 959 68 20 brand

2345 988 50 25 only
2405 989 22 20 of
2434 989 29 20 all
2472 987 113 28 Chemists,
2590 991 88 20 Grocers
2684 991 43 20 and
2733 991 145 27 Storekeepers

2345 1019 43 22 and
2402 1021 22 20 at
2439 1020 35 22 the
2485 1021 64 22 Office
2557 1023 12 21 9
2579 1022 114 22 Cathedral
2702 1029 76 20 square
2787 1024 91 21 between

2345 1052 100 21 Morten's
2458 1054 113 26 Buildings
2578 1056 42 21 and
2631 1056 36 21 the
2676 1056 51 21 Post
2736 1056 70 22 Office.

2509 1089 93 22 Oxford.
2606 1091 78 26 Agent

2399 1124 26 22 R.
2435 1125 30 21 H.
2479 1126 118 27 PARISH,
2620 1127 76 22 EAST
2709 1129 119 21 OXFORD

2425 1164 140 28 Eucalyptus
2575 1165 37 21 Oil
2626 1165 30 28 1/-
2669 1172 41 21 per
2718 1167 77 21 bottle.

2367 1319 115 43 HELP
2498 1320 82 42 FOR
2596 1320 86 43 THE
2706 1321 147 42 WEAK.

2346 1425 177 29 VTEBVOUS
2543 1417 79 37 AND'
2631 1430 245 29 DEBILITATED,

2347 1457 31 27 JLI
2404 1462 63 26 who,
2479 1462 110 30 through,
2599 1463 59 30 folly
2677 1464 49 22 and
2736 1465 140 29 ignorance,

2346 1493 63 26 have
2421 1493 80 26 trifled
2512 1502 68 24 away
2590 1496 62 23 their
2663 1496 85 31 vigour
2768 1497 26 23 of
2804 1496 72 31 body,

2346 1526 77 29 niind,
2437 1526 49 26 and
2497 1527 133 30 manhood,
2643 1530 100 30 causing
2759 1529 116 25 exhaust-

2346 1560 44 32 ing
2406 1560 83 25 drains
2501 1569 65 24 upon
2578 1562 43 24 the
2643 1562 127 26 fountain's
2790 1564 25 24 of
2825 1562 51 31 life,

2347 1594 63 26 Loss
2418 1594 26 25 of
2453 1594 99 32 Energy
2556 1594 54 26 .and
2620 1596 125 32 Strength,
2758 1597 119 31 Timidity

2347 1627 163 26 Bashfulness
2543 1628 39 27 m.
2606 1628 104 33 Society,
2735 1630 141 30 Headache,

2347 1661 134 30 Backache,
2501 1661 176 31 Nervousness,
2701 1663 134 25 Weakness
2853 1664 27 24 of

2347 1694 121 30 Memory,
2479 1695 110 23 Restless
2599 1696 80 29 Sleep,
2689 1696 115 27 Dreams,
2813 1696 65 23 Loss

2347 1726 76 26 Flesh
2435 1725 50 26 and
2496 1725 68 27 Vital
2583 1726 91 31 Powec,
2697 1727 136 33 Eruptions
2844 1737 33 16 on

2347 1759 43 25 the
2399 1759 63 25 Face
2474 1760 49 25 and
2534 1760 77 32 Body,
2625 1760 75 26 Want
2723 1762 27 25 of
2758 1761 119 32 Develop-

2347 1795 78 27 ment,
2445 1793 116 25 Varicose
2576 1793 82 30 Veins,
2681 1795 142 32 Incapacity
2840 1797 39 23 for

2347 1827 111 24 business
2470 1835 28 16 or
2508 1827 119 31 pleasure,
2640 1828 104 32 Urinary
2752 1828 124 30 Diseases,

2347 1860 61 24 and-
2415 1859 34 25 all
2472 1860 44 24 the
2538 1860 82 25 effects
2643 1861 99 32 leading
2763 1866 26 20 to
2811 1862 66 31 eariy

2348 1893 84 31 decay,
2455 1893 106 32 perhaps
2582 1893 180 33 Consumption
2785 1903 28 17 or
2836 1895 41 24 In-

2347 1926 90 31 sanity,
2450 1934 48 17 can
2521 1927 29 24 be
2561 1927 115 25 ootained
2686 1927 31 32 by
2738 1928 141 31 consulting

2347 1959 138 32 personally
2503 1968 28 17 or
2538 1959 31 33 by
2580 1962 63 30 post,
2678 1961 92 24 FEEE
2780 1962 97 24 PBOK

2347 1992 177 31 NOTMANN,
2554 1994 203 30 M.E..E.M.G.,-
2806 1995 71 25 Cam-

2348 2025 84 31 bridge
2444 2026 109 30 Terrace,
2577 2027 111 31 opposite
2710 2027 117 24 Colombo
2840 2028 37 24 St.

2348 2058 98 31 Bridge,
2476 2058 187 26 Christchurch.
2724 2060 54 25 The
2820 2060 59 31 only

2347 2090 226 38 Electrobptanical
2601 2092 95 31 Expert
2729 2093 150 31 advertising

2347 2123 54 25 who
2412 2119 57 30 "will'
2475 2126 134 30 guarantee
2627 2133 15 17 a
2657 2126 126 32 thorough
2811 2134 66 18 cure.

2348 2157 58 26 Sole
2420 2159 136 31 proprietor
2583 2159 50 24 and
2648 2162 115 29 patentee
2790 2161 28 24 of
2835 2161 44 24 the

2347 2191 59 32 only
2427 2193 149 30 guaranteed
2598 2192 109 26 Electric
2729 2194 71 26 Belts
2830 2194 51 25 and

2347 2225 71 24 other
2430 2226 89 30 special
2541 2227 125 24 electrical
2688 2225 202 33 appliancejMiT

2347 2258 43 24 the
2398 2258 115 25 colonies.
2546 2259 99 25 Ladies'
2657 2260 97 24 French
2764 2261 115 25 herbace-

2348 2299 43 16 ous
2401 2291 59 31 pills
2479 2291 38 25 for
2545 2293 176 31 irregularities
2743 2294 65 25 from
2830 2302 50 24 any

2347 2331 82 23 cause,
2454 2325 42 24 10s
2518 2325 94 30 posted.
2646 2326 145 31 Pamphlets
2818 2328 61 24 free.

2348 2357 168 26 Testimonial:
2519 2373 33 3 —
2552 2358 98 31 Napier,
2660 2359 97 31 August
2764 2361 45 25 7th
2815 2362 63 23 1895

2347 2389 65 25 Prof.
2423 2390 131 25 Notmann.
2556 2404 33 5 —
2589 2390 67 25 Dear
2666 2391 47 30 Sir,
2716 2406 32 5 —
2748 2392 15 24 I
2771 2392 109 24 received

2346 2430 60 24 your
2412 2423 74 25 letter
2493 2424 50 24 last
2554 2424 75 29 week,
2648 2425 49 24 and
2708 2425 15 24 I
2738 2434 42 16 am
2789 2426 90 25 thank-

2346 2455 37 26 ful
2406 2460 26 22 to
2453 2456 54 26 find
2529 2465 48 24 you
2589 2466 41 17 are
2642 2458 103 26 anxious
2763 2462 26 22 to
2810 2458 69 27 know

2347 2490 42 25 the
2401 2490 106 25 benefits
2524 2491 19 24 1-
2548 2491 63 25 have
2623 2493 99 24 derived
2740 2493 62 24 from
2818 2502 62 23 your

2347 2526 141 23 treatment,
2524 2524 47 30 bir,
2599 2526 21 24 it
2648 2526 67 31 gives
2742 2534 41 16 me
2811 2529 69 29 great

2345 2556 114 31 pleasure
2470 2559 26 23 to
2507 2557 92 25 inform
2609 2566 49 23 you
2667 2559 56 24 that
2732 2567 16 16 a
2759 2560 120 30 complete

2346 2589 50 24 and
2406 2589 92 32 perfect
2510 2599 57 16 cure
2578 2590 46 26 has
2644 2592 61 24 been
2728 2592 102 25 effected
2853 2594 27 22 of

2345 2623 44 25 the
2400 2623 116 26 maladies
2527 2623 14 26 I
2559 2625 156 31 complained
2735 2625 26 25 of
2771 2627 27 23 to
2820 2634 57 24 you.

2345 2656 14 25 I
2370 2664 41 17 am
2423 2658 114 31 enjoying
2547 2658 64 31 good
2628 2658 92 29 health,
2733 2660 49 23 and
2792 2667 42 17 am
2843 2668 36 16 re-

2345 2690 83 24 stored
2448 2693 25 22 to
2493 2692 85 31 manly
2601 2692 94 31 vigour.
2730 2693 59 24 P.S.
2790 2707 33 4 —
2823 2693 56 32 Any

2345 2724 103 24 sufferer
2455 2724 111 26 desirous
2573 2725 28 24 of
2604 2726 210 32 communicating
2818 2726 61 25 with

2344 2765 41 17 me
2393 2765 49 24 you
2454 2766 42 17 are
2507 2760 27 23 at
2550 2757 89 33 liberty
2662 2761 26 23 to
2708 2761 55 29 give
2782 2768 43 22 my
2837 2760 41 25 ad-

2344 2791 76 28 dress,
2432 2790 37 24 for
2480 2790 15 24 I
2510 2791 48 24 like
2569 2799 61 23 your
2646 2793 118 29 practical
2776 2793 103 24 method

2345 2823 25 24 of
2382 2825 140 23 treatment.
2525 2839 32 4 —
2558 2824 29 24 T.
2602 2824 28 24 C.
2644 2825 118 24 Simpson.

2373 2978 45 45 S.
2458 2979 79 44 W.
2575 2978 274 48 TTJKPIN.

2343 3048 242 38 WATCHMAKER.
2619 3049 174 38 JEWELLER
2818 3051 59 30 &c,

2420 3109 87 26 MAIN
2521 3110 135 26 STBEET
2674 3110 138 26 OXFOED

2535 3160 61 17 near
2608 3152 81 26 Bank,

2342 3317 174 33 OXFORD
2559 3317 190 32 LIBBAEY
2789 3317 96 32 AND,

2432 3370 198 31 BEADING
2650 3370 132 31 BOOM.

2340 3480 54 25 The
2422 3477 93 28 Oxford
2542 3479 105 33 Library
2674 3480 22 24 is
2723 3488 63 24 open
2808 3489 69 23 every

2340 3524 113 30 Tuesday
2464 3524 51 23 arid
2536 3524 122 30 Saturday
2687 3524 96 29 nights,
2811 3525 66 22 from

2340 3568 14 23 6
2367 3568 113 31 80p.m.,
2502 3568 26 23 to
2548 3568 98 30 Bp.m.,
2670 3567 63 24 and'
2750 3574 33 17 on
2807 3575 71 24 every

2338 3610 121 25 alternate
2471 3610 132 33 Thursday
2627 3610 138 29 afternoon,
2797 3610 80 34 (Sale-

2338 3654 71 34 days)
2431 3654 65 25 from
2509 3655 60 24 230
2580 3662 66 24 p.m..
2662 3655 31 25 to.
2701 3656 15 23 5
2727 3663 59 23 p.m.
2825 3655 52 25 The

2338 3698 112 32 Beading
2462 3698 80 25 Boom
2552 3698 22 25 is
2587 3707 64 23 open
2673 3700 27 23 to
2722 3698 45 25 the
2792 3698 85 32 public
2884 3709 4 6 -

2336 3742 60 33 free)
2402 3742 67 33 daily
2479 3742 66 26 from.
2552 3744 30 23 11
2595 3751 70 21 a.m.,
2674 3748 40 20 -to
2739 3742 137 30 Sundown,

2338 3786 127 33 (Sundays
2494 3786 127 33 excepted)
2656 3787 50 24 and
2745 3786 71 25 when
2832 3787 45 24 the

2336 3829 106 33 Library
2476 3830 24 25 is
2535 3838 72 24 open,
2641 3830 43 25 the
2721 3830 154 32 circulating,

2336 3871 105 35 Library
2452 3871 113 26 contains
2577 3872 76 30 1,700
2663 3871 120 31 volumes,
2810 3879 66 19 com-

2334 3915 112 33 prising:
2448 3930 30 5 —
2478 3915 116 33 -History,
2615 3915 109 31 Science,
2758 3916 118 33 Theoogy

2334 3960 151 33 Biography,
2527 3960 87 26 Travel
2648 3960 50 25 and
2727 3960 147 26 Adventure

2334 4003 82 26 Books
2426 4004 40 25 for
2477 4005 42 24 the
2539 4004 93 31 Young
2643 4005 42 23 &c.
2721 4004 59 25 This
2803 4005 23 24 is
2848 4013 27 16 a-

2334 4048 101 31 mongst
2456 4046 45 26 the
2512 4046 92 33 largest
2627 4047 51 25 and
2688 4046 57 26 best
2769 4048 104 25 selected

2334 4090 105 31 Library
2449 4091 28 23 m
2505 4091 62 23 New
2580 4091 118 23 Zealand.
2712 4113 4 7 ,
2734 4091 23 23 A
2766 4092 108 24 number

2334 4134 85 24 cfnew
2441 4133 78 25 books
2541 4134 50 24 will
2613 4134 96 32 shortly
2728 4134 32 24 be
2783 4135 89 24 added.

2334 4177 50 25 The
2396 4177 152 26 Committee
2571 4177 49 24 will
2631 4177 30 25 be
2672 4177 56 32 glad
2739 4180 27 23 to
2777 4178 95 27 receive

2334 4220 178 25 contributions
2536 4220 28 24 of
2589 4220 107 25 suitable
2721 4220 89 26 books:
2822 4222 52 23 and

2334 4263 140 34 periodicals
2475 4271 4 7 1
2496 4263 38 25 for
2544 4263 43 25 the
2598 4263 109 33 Library
2727 4264 51 25 and
2790 4265 81 25 Bead-

2334 4307 41 33 ing
2401 4314 79 18 room.

2520 4358 25 22 L.
2564 4357 127 32 REEVES,

2610 4394 70 25 Hon.
2692 4394 145 28 Librarian;

2378 4438 177 28 Subscription
2568 4438 37 33 2/-
2617 4447 52 17 pkr
2687 4440 129 31 Quarter.
2846 4465 4 2 .
2875 4455 2 13 :

1278 235 400 43 BAELO¥
1721 237 166 42 AXTD
1933 232 275 43 PRICE

1463 287 192 42 Coventry
1692 286 113 44 Cycle
1852 285 131 35 Woj'lis

1328 341 37 29 88
1389 338 199 33 COLOMBO
1612 337 173 37 STEEET,
1831 334 343 35 CHRISTCHURCH;

1163 397 56 31 We
1234 399 118 39 having
1366 399 93 29 taken
1475 409 74 19 over
1561 397 54 30 the
1627 398 73 30 well
1714 397 114 31 known
1837 397 113 35 works,
1965 396 180 38 machinery
2154 395 61 29 and
2225 395 88 30 stock

1161 440 34 28 m
1208 440 89 29 trade
1312 440 77 30 wish
1403 445 33 24 to
1450 439 113 30 inform
1577 439 54 29 the
1653 440 104 39 public
1771 439 70 31 that
1855 450 46 20 we
1916 449 52 19 are
1982 437 151 41 prepared
2147 439 33 27 to
2199 437 114 29 under-

1163 480 71 30 take
1249 480 103 30 orders
1366 480 49 30 for
1428 490 69 20 new
1511 480 156 30 machines
1683 481 62 29 and
1759 484 128 27 execute
1905 480 119 39 repairs
2046 482 32 26 at
2100 478 54 29 the
2179 479 135 28 shortest

1294 522 102 29 notice
1410 521 48 31 for
1480 522 41 29 all
1537 521 90 30 kinds
1643 520 35 31 of
1687 521 213 40 Engineering
1915 522 61 29 and
1989 520 93 40 Cycle
2094 518 95 31 work.

1326 574 126 21 SPECIAL
1465 574 177 21 ATTENTION
1658 574 94 21 GIVjIN
1766 574 38 21 TO
1818 573 141 22 COUNTRY
1974 573 123 21 OEDEES.

1165 614 119 40 Racing
1298 613 159 31 Machines
1481 614 61 30 and
1564 613 98 40 Light
1684 613 167 31 Roadsters
1867 623 19 20 a
1900 613 155 40 specialty.
2098 611 49 30 No
2160 611 154 40 imported

1164 655 155 31 machines
1335 655 74 41 kept
1422 656 33 30 m
1471 656 97 31 stock,
1585 656 42 30 all
1642 655 86 31 work
1742 655 80 31 done
1836 665 40 21 on
1890 654 54 31 the
1966 654 156 41 premises.
2174 653 31 29 A
2229 653 86 40 large

1195 698 89 29 stock
1298 698 35 29 of
1342 698 126 38 Lamps,
1479 698 95 34 Bells,
1589 698 63 29 and
1667 698 129 30 Saddles
1808 707 42 20 on
1862 697 85 29 hand
1961 700 33 26 at
2006 696 114 30 reduce
2131 694 131 40 dprices.

1298 798 114 86 E.
1481 795 132 89 H.
1671 795 511 92 PARISH

1443 933 195 58 EAST
1684 935 325 59 OXFORD

1391 1014 76 31 has
1483 1013 188 33 received
1690 1023 25 23 a
1731 1016 291 40 consignment
2039 1015 43 32 of

1167 1063 298 60 Messrs
1523 1066 59 57 J
1584 1067 354 59 obnsons
1990 1066 69 58 &
2116 1068 200 60 Sons

1341 1146 265 60 GREAT
1667 1147 447 61 YARMOUTH

1346 1368 335 46 ENOBMOUS
1742 1369 386 53 REDUCTIONS

1284 1655 452 87 Reduced
1782 1664 100 79 to
1925 1663 113 82 2s
2084 1664 160 86 6d.

1526 1816 38 30 36
1587 1818 33 28 to
1641 1816 40 30 45
1694 1816 104 32 inches
1819 1818 86 40 deep.
2267 1834 2 6 •

1415 1895 389 17 >♦♦♦♦♦♦♦♦♦»♦♦♦♦♦»♦♦♦♦♦♦♦♦♦♦♦
1808 1899 10 14 ♦
1823 1899 10 14 ♦
1838 1900 8 14 o
1852 1900 23 14 ♦♦
1880 1900 23 14 M
1907 1901 85 14 «♦♦«»♦

1163 1959 81 38 rpHE
1263 1958 115 32 question
1389 1957 22 25 is
1422 1957 99 25 natural
1521 1971 35 4 —
1580 1956 67 32 Why
1658 1957 61 25 send
1733 1959 26 23 to
1771 1957 178 26 Christchurch
1968 1959 38 26 for
2024 1968 62 24 your
2103 1961 110 33 Drapery
2221 1963 12 23 ?
2267 1963 52 26 The

1170 1983 20 34 1
1228 1992 102 31 drapery
1342 1990 54 25 sold
1404 1991 26 23 m
1439 1990 56 25 that
1507 1990 50 32 city
1569 1998 71 23 every
1652 1998 46 17 one
1710 1991 94 29 knows,
1816 1991 23 25 is
1850 1994 45 23 not
1905 1992 73 26 made
1989 1994 76 28 there,
2085 1993 46 26 but
2141 1994 130 33 imported.
2306 1997 14 24 I

1164 2027 94 30 import
1269 2025 64 22 from
1345 2024 44 22 the
1400 2023 53 23 best
1465 2023 107 31 English
1584 2023 50 23 and
1651 2023 87 23 Scotch
1751 2024 99 23 houses.
1896 2025 72 23 lam
1979 2026 104 24 enabled
2093 2029 27 22 to
2131 2029 123 29 purchase
2272 2029 47 26 low

1164 2059 50 24 and
1223 2058 47 25 sell
1281 2059 26 23 at
1316 2065 15 16 a
1342 2059 54 22 rate
1408 2056 26 23 of
1443 2056 74 30 profit
1530 2057 52 31 (my
1594 2063 120 23 expences
1725 2057 72 31 being
1808 2057 82 31 small)
1902 2058 57 25 that
1970 2059 83 24 would
2064 2059 30 25 be
2112 2060 145 26 considered
2276 2062 42 24 ab-

1164 2091 58 25 surd
1234 2091 31 30 by
1282 2098 48 23 any
1350 2088 179 26 Christchurch
1552 2088 198 25 establishment.
1803 2090 43 31 My
1868 2090 77 24 Stock
1963 2091 22 24 is
2003 2091 44 25 the
2067 2091 94 33 largest
2179 2094 50 23 and
2251 2097 68 22 most

1163 2124 95 27 tvaried
1267 2124 57 25 that
1334 2123 46 24 has
1391 2130 57 17 ever
1458 2123 63 23 been
1532 2121 87 26 shown
1629 2121 28 25 m
1667 2121 44 26 the
1722 2121 103 31 district,
1839 2122 50 25 and
1900 2123 38 25 for
1949 2124 91 32 quality
2060 2126 49 25 and
2128 2126 73 26 value
2217 2130 59 29 puts
2292 2128 27 26 m

1164 2161 30 23 he
1206 2159 78 25 shade
1301 2157 76 33 goods
1389 2156 91 25 offered
1491 2155 33 32 by
1536 2156 103 31 visiting
1650 2156 116 25 hawkere
1778 2157 63 25 from
1853 2156 44 26 the
1914 2157 181 27 Christchurch
2107 2168 45 24 rag
2165 2164 87 23 marts.

1197 2213 93 24 Dress
1302 2212 165 30 Materials,
1481 2211 87 25 Plain
1579 2212 60 24 and
1649 2211 104 30 Fancy
1764 2212 79 24 from
1857 2211 49 26 3d.
1919 2218 55 25 per
1982 2214 84 29 yard.

1198 2273 27 25 A
1243 2272 109 30 Strong
1368 2272 88 25 Stout
1472 2271 132 24 Durable
1622 2270 126 32 Kaiapoi
1764 2271 113 26 Tweed
1893 2272 51 32 2/6
1956 2279 54 24 per
2021 2274 76 30 yard

1794 2314 108 26 Makes
1913 2316 155 26 first-class
2085 2317 91 32 Boys'
2194 2318 91 27 Suits.

1197 2368 59 23 Art
1271 2366 140 28 Muslins,
1430 2364 157 31 Cretones,
1605 2365 79 25 Lace
1703 2366 138 24 Curtains
1859 2366 55 24 &c.

1198 2434 26 31 A
1242 2434 108 26 Choice
1369 2432 167 26 Collection
1554 2434 33 24 of
1601 2433 120 32 Gloves,
1748 2433 77 32 Ties,
1855 2433 129 33 Aprons,
2014 2434 165 28 Insertions
2197 2437 54 26 &c.

1198 2486 120 32 Striped
1336 2486 123 26 Galatea
1476 2486 54 33 4/6
1542 2492 54 26 per
1607 2487 106 32 dozen^
1743 2488 102 24 worth
1857 2488 48 24 9d.
1924 2494 55 25 per
1995 2489 84 30 yard.

1198 2550 102 25 Prints
1312 2550 79 24 from
1403 2550 52 23 4d.
1467 2556 56 24 per
1533 2550 84 30 yard.
1631 2550 138 31 Muslins,
1782 2550 138 32 Selesias,
1934 2550 126 33 Calicos,
2074 2551 54 26 &c.

1781 2593 87 25 With
1885 2594 87 25 other
1989 2594 192 26 Manchester
2197 2598 86 30 lines.

1197 2647 89 32 Hats,
1304 2647 104 31 Fancy
1424 2648 60 24 and
1501 2646 105 33 Sailor,
1625 2648 32 24 m
1672 2647 104 26 White
1793 2648 60 24 and
1871 2647 114 27 Colors.

1738 2692 126 25 Newest
1880 2692 123 33 Shapes.
2038 2693 96 31 Large
2142 2695 140 33 -Variety,

1197 2744 148 32 Flowers,
1363 2744 154 32 Feathers,
1535 2744 148 32 Ribbons,
1702 2744 104 32 Laces,
1825 2744 75 33 Jets,
1919 2745 54 26 &c.

1667 2785 87 25 With
1770 2787 41 23 all
1828 2787 183 23 necessaries
2028 2787 48 23 for
2092 2787 189 30 Trimmings.

1196 2834 104 30 Fancy
1315 2834 140 30 Frillings
1473 2836 78 28 3yds
1561 2836 47 23 for
1617 2835 37 31 1/-
1671 2836 102 23 worth
1784 2836 49 29 9d,
1852 2841 55 24 per
1916 2837 83 28 yard,

1729 2877 182 33 Umbrellas,
1930 2878 150 33 Parasols,
2099 2879 182 33 Sunshades,

1310 2981 331 43 SPECIAL
1727 2982 421 43 PUnCHi.SE

1163 3053 109 32 BOYS
1305 3052 89 30 AND
1424 3052 172 30 YOUTHS
1636 3052 215 31 COLONIAL
1883 3052 154 31 TWEED
2046 3062 5 5 •
2063 3054 251 36 OVERCOATS

1644 3114 78 30 with
1744 3114 95 39 Capes

1437 3173 94 30 From
1554 3173 65 30 17s.
1664 3173 50 30 6d.
1758 3173 101 31 worth
1902 3174 66 31 255.
2015 3174 49 30 6d.

1313 3238 196 32 JVEeii's
1553 3239 225 32 Tweed
1821 3240 347 38 Overcoats

1634 3292 94 31 From
1752 3294 64 30 15s.

1359 3354 591 18 -iU\V\\\V\V\V\\\\\\\\\\v\\\v\\\\v\\\^^^

1159 3464 131 41 English
1306 3467 128 42 Witney
1442 3468 149 32 Blankets
1605 3473 33 26 to
1655 3470 36 31 be
1706 3470 67 31 sold
1788 3475 32 26 at
1831 3472 59 30 less
1898 3473 77 30 than
1989 3472 180 34 Melbourne
2183 3474 129 34 Whole-

1159 3517 63 29 sale
1243 3520 84 37 price
1328 3538 41 4 —
1369 3520 121 31 Double
1505 3522 67 28 Bed
1589 3521 68 30 Size
1681 3524 63 27 12s.
1770 3524 48 27 6d.
1870 3526 101 27 worth
1987 3527 65 27 16s.
2091 3527 48 28 6d.
2161 3537 56 30 per
2230 3525 77 43 pair.

1324 3589 131 41 cheaper
1468 3590 78 30 than
1561 3588 224 33 Christchurch
1799 3591 113 32 houses
1926 3593 65 31 will
2005 3593 58 31 sell
2076 3594 95 32 them.

1156 3686 299 81 MISSES'
1516 3686 252 84 GAPE
1824 3688 63 89 .&
1945 3691 361 104 JACPTS

1158 3937 521 89 PEINTS!
1722 3930 577 104 PRINTS!!

1232 4076 139 47 UHw
1389 4075 152 48 iaaM
1560 4080 105 47 cost,
1686 4075 183 47 Edwan!
1890 4075 202 54 @&msifs
2111 4082 116 45 stock

1151 4151 325 99 ROLLER
1544 4148 495 102 TOWELLING
2108 4156 152 86 4,1.

1494 4292 142 50 wortfc
1655 4290 62 52 M
1740 4302 73 49 pt
1831 4292 121 60 yar&

1195 4415 72 33 R.
1294 4415 77 33 H.
1408 4414 313 42 PARISH,
1779 4415 154 33 East
1981 4416 257 45 Oxford.

606 513 264 47 GEOKGE
902 510 232 48 KEATS.

628 592 157 23 BUILDEE
794 590 69 23 AND
876 586 236 27 UNDERTAKER

706 644 103 31 EAST
850 642 179 31 OXFORD.

639 736 120 26 Funerals
768 734 148 28 Conducted,
929 733 87 25 Adults
1024 734 66 24 from
1099 733 37 25 £3

606 781 115 25 Children
738 780 64 24 from
822 778 67 32 22/6.

626 974 218 24 oxb'obii
889 969 235 25 bakeb7

707 1019 211 30 Established
943 1016 87 30 1862.

653 1086 123 28 FLOUR,
788 1084 54 24 best
853 1082 80 25 brand
943 1082 60 32 only
1014 1082 67 31 kept.

606 1129 132 27 SHARPS
743 1148 5 10 ,
783 1126 51 26 0A
845 1127 18 24 T
872 1126 28 24 M
909 1125 22 25 E
934 1125 53 29 AL,
1022 1125 110 25 BRAN

695 1169 288 30 CHICKENWHEAT,
1002 1169 42 25 &c.

630 1215 40 20 AT
697 1212 121 23 LOWEST
847 1211 140 21 CURRENT
1014 1210 104 24 RATES,

602 1368 2 3 .
693 1328 52 44 F.
778 1325 50 46 B.
851 1322 188 58 LANE.

709 1402 90 40 (Late
813 1401 38 29 E.
872 1399 158 39 Butcher.)

606 1462 247 33 Watchmaker,
883 1460 182 31 Jeweller,
1082 1456 51 29 &c.

603 1511 123 32 Importer
760 1511 27 23 of
826 1507 106 26 Musical
966 1507 170 24 Instruments

702 1548 110 26 Victoria
834 1547 37 26 St.
886 1571 3 2 .
902 1547 133 31 Rangiora.

605 1640 98 32 Special
715 1640 70 24 value
807 1638 27 24 m
857 1637 80 24 Extra
960 1637 86 30 strong
1057 1634 79 26 Cased

602 1684 88 31 highly
698 1682 108 25 finished
820 1681 108 31 English
946 1680 79 24 Lever
1034 1677 101 26 Watch-

602 1734 35 18 es.
684 1723 189 27 Manufactured
891 1724 25 23 to
938 1729 44 25 my
1009 1721 72 25 order
1102 1719 33 33 by

602 1766 56 26 best
669 1766 104 25 London
792 1763 106 26 makers.
933 1761 157 33 Unequalled
1097 1760 38 25 for

603 1810 123 26 excellent
738 1808 177 31 Timekeeping
931 1806 50 24 and
992 1804 141 32 durability.

635 1854 30 23 F.
683 1853 31 24 B.
727 1851 95 26 LANE
834 1850 139 32 personally
995 1849 72 25 visits
1087 1848 48 25 Ox-

603 1897 54 25 ford
677 1896 123 32 monthly,
825 1894 113 32 carrying
958 1902 15 15 a
996 1893 67 31 large
1086 1892 49 25 and

603 1940 85 25 choice
722 1940 69 24 stock
820 1938 26 25 of
877 1937 127 28 Watches,
1032 1936 103 28 Chains,

603 1983 133 28 Brooches,
747 1983 86 30 Rings,
845 1981 85 29 Studs,
948 1980 128 24 Pendants
1088 1982 46 26 etc,

605 2027 140 31 Spectacles
766 2024 123 34 (Pebbles,
906 2024 168 22 Pantoscopsc
1086 2022 50 23 and

603 2070 107 31 Crystal)
724 2068 95 27 Clocks,
839 2066 107 33 (Marble
966 2065 50 25 and
1034 2065 101 32 Wood,)

701 2110 156 26 Accordeons
869 2109 50 25 and
929 2109 107 25 Violins.

635 2156 81 25 Exact
728 2156 56 24 date
797 2154 27 26 of
834 2154 61 25 each
906 2154 60 24 visit
987 2153 22 24 is
1021 2151 106 26 notified

750 2201 28 23 m

602 2244 116 25 Repairs.
719 2259 31 3 —
754 2243 41 25 All
805 2242 94 32 repairs
916 2250 41 16 are
975 2240 118 25 executed
1103 2239 32 33 by

603 2288 92 31 myself
715 2295 28 17 or
759 2286 80 25 under
855 2293 42 23 my
917 2284 220 32 superintendence

604 2339 27 17 so
653 2331 56 25 that
728 2333 102 29 patrons
842 2337 46 16 can
910 2330 53 30 rely
985 2336 33 16 on
1041 2327 97 32 getting

604 2375 154 23 satisfaction
768 2376 26 20 at
805 2373 43 22 tlie
859 2380 58 21 very
929 2371 86 23 lowest
1023 2371 113 29 charges.

635 2417 105 32 Repairs
752 2424 28 17 or
788 2415 84 25 orders
880 2422 58 24 may
949 2414 31 24 be
988 2413 44 26 left
1044 2415 26 23 at
1071 2428 38 12 —^

603 2465 25 26 J.
646 2465 134 31 Weeber's,
815 2464 64 25 East
903 2463 100 26 Oxford,

602 2512 26 23 at
651 2510 40 25 W.
715 2510 36 25 M.
775 2509 38 29 C,
837 2509 64 24 East
925 2507 100 28 Oxford.

602 2554 24 24 J.
644 2554 99 28 Brown,
756 2551 159 29 Bootmaker,
940 2551 70 24 West
1034 2549 101 26 Oxford.

602 2597 39 25 W.
655 2597 24 24 J.
693 2596 118 25 Crothers
820 2596 19 23 &
851 2594 45 25 Co.
905 2612 5 6 .
933 2594 69 25 Oust.

634 2641 50 24 and
700 2640 52 25 will
759 2639 30 25 be
800 2638 126 33 promptly
938 2637 118 25 attended
1067 2639 35 23 to.

602 2685 55 30 All
668 2685 98 30 Work
779 2685 77 29 done
869 2694 38 19 on
921 2683 54 29 the
986 2682 150 30 Premises

725 2737 61 29 and
801 2735 198 40 guaranteed.

602 2900 252 43 MRW.N,
879 2899 256 46 CATHRO,

642 2974 181 23 BARRISTER
838 2973 67 22 AND
921 2972 174 23 SOLICITOR.

750 3015 233 33 BANGIORA.

597 3069 133 31 Attends
746 3069 121 31 Oxford
882 3079 39 20 on
933 3068 97 31 Court
1037 3067 96 40 Days.

596 3142 168 25 Instructions
772 3142 33 31 by
816 3143 57 29 post
883 3141 53 25 will
946 3140 94 25 receive
1050 3147 83 23 prom-

761 3183 28 29 pt
818 3180 132 24 attention.

717 3228 109 21 MONEY
853 3227 49 21 TO'
919 3227 89 21 LEND.

645 3351 44 54 S.
724 3351 48 45 B.
796 3349 305 51 SEYMOUR,

794 3418 138 27 DENTIST,
954 3437 17 5 

635 3462 41 20 215
691 3462 105 21 Colombo
801 3461 102 24 ..Street,'
916 3461 168 20 Christclmrcli.

763 3535 178 19 CHARGES:—

662 3575 92 27 Filling,
769 3575 25 21 5e
800 3584 8 16 ;
843 3574 133 22 Extraction
985 3575 26 20 2s
1025 3574 37 21 6d.
1074 3593 3 4 .

619 3640 95 21 Nitrous
724 3640 59 21 Oxid
792 3640 47 20 Gas
848 3640 170 22 Administered
1023 3640 37 21 for
1067 3640 62 21 Pain

591 3682 46 21 less
647 3682 133 21 Extraction
790 3681 24 21 of
822 3681 80 21 Teeth.
936 3683 46 20 Fee
990 3683 37 20 for
1036 3682 93 20 Admin-

591 3721 110 21 istration
711 3721 32 21 ss.

646 3850 108 24 CHILD
765 3851 109 23 BIETH
887 3851 95 29 SAFE,
995 3852 75 22 AND

695 3893 138 27 ALMOST
842 3893 172 28 PAINLESS

658 3937 23 25 V
708 3925 9 13 '"
726 3938 74 32 using
835 3938 48 25 DR
928 3938 196 27 FAWCETT'S

690 3970 131 26 Medicine.

620 4014 71 25 MRS
714 4014 165 24 BURRELL
901 4014 60 32 begs
983 4017 27 23 to
1032 4015 91 25 inform

589 4052 41 25 the
641 4052 91 25 Ladies
743 4052 58 25 that
809 4052 44 25 she
862 4053 47 25 has
918 4052 63 26 been
990 4054 131 31 appointed

589 4092 53 23 Sole
663 4094 73 28 agent
758 4093 27 22 m
809 4092 178 23 Christchurch
1013 4092 38 24 for
1078 4093 44 23 the

589 4128 72 27 above
672 4129 124 26 Medicine
808 4131 27 24 to
849 4129 118 26 facilitate
981 4129 139 26 Accouche-

589 4172 82 23 raents.
705 4170 90 26 Ladies
808 4178 47 17 can
876 4170 31 25 be
928 4170 114 32 supplied
1060 4170 61 25 with

589 4208 36 23 the
647 4209 75 24 above
745 4208 32 32 by
802 4208 106 32 sending
929 4217 29 16 or
980 4208 92 32 calling
1094 4210 27 23 at

589 4246 34 25 Mr
644 4247 122 26 Burrell's
789 4247 182 34 Photographic
993 4247 71 33 place
1095 4248 28 25 of

589 4287 115 28 business,
717 4287 106 26 Gould's
844 4288 142 34 Buildings,
1008 4288 111 26 Victoria

589 4325 81 31 Street,
685 4326 182 30 Christchurch,
885 4327 83 24 where
987 4326 35 26 all
1041 4327 76 25 infor-

589 4366 87 25 mation
704 4374 46 16 can
778 4365 31 26 be
836 4365 118 26 obtained
980 4366 59 29 free,
1049 4369 6 13 '
1067 4367 51 24 and

589 4402 106 33 perfectly
737 4402 158 34 satisfactory
925 4402 50 27 and
1009 4403 108 33 genuine

589 4441 155 25 iestimooials
755 4449 48 17 can
815 4440 30 26 be
856 4449 67 17 seen.

76 168 74 38 r
216 171 193 45 LUCK.

76 269 95 25 Twelve
193 269 88 25 month
300 277 52 24 ago,
364 268 48 24 last
431 266 64 25 June
507 274 15 16 a
533 265 41 25 Mr

44 307 78 29 Scott,
133 315 35 16 em
173 308 83 30 ployed
262 315 31 16 on
303 315 14 16 a
325 306 135 32 plantation
469 307 26 22 at
502 305 72 23 Vuva

41 344 59 31 Fiji,
114 345 135 31 purchased
258 345 68 24 ONE
336 344 84 25 Ticket
428 343 28 24 m
465 344 47 23 the-
517 342 56 24 Van

43 382 128 25 Dievnan's
180 383 72 24 Land
264 383 72 24 Bank
343 382 109 30 Lottery,
463 381 48 24 and
519 388 55 17 won
581 383 2 24 j

40 421 70 30 prize
121 421 56 24 live.
196 421 60 25 This
267 422 20 24 is
300 429 15 16 a
326 421 63 24 farm
397 420 26 25 of
430 421 26 23 11
464 421 30 22 21
507 427 68 17 acres

42 461 83 24 arable
137 461 60 24 land
214 470 30 16 on
258 461 42 25 the
320 461 74 24 Huon
415 460 79 27 River,
515 459 59 25 Tas-

42 501 89 28 mar.ia,
145 501 64 25 .with
228 510 32 16 an
281 501 103 25 orchard
406 501 27 24 of
454 501 31 23 42
508 507 68 17 acres

42 541 123 28 attached,
180 542 47 24 and
239 541 22 25 is
274 541 74 25 valud
359 543 27 22 at
399 541 106 26 £6,000.
535 540 41 24 Mr

42 579 80 28 Scott,
135 579 20 23 it
167 586 109 24 appears,
290 578 45 25 lias
347 580 62 22 been
421 578 25 24 m
464 577 55 32 Fiji,
536 578 40 22 for

43 620 31 22 18
87 619 108 28 months,
209 619 48 23 and
272 620 21 22 is
305 619 75 30 going
402 621 25 21 to
445 617 72 25 claim
536 616 40 25 his

42 659 127 30 windfall,
181 660 43 23 but
235 658 99 25 intends
347 660 26 23 to
385 664 82 18 return
480 657 48 25 and
541 665 34 16 re-

44 702 54 24 side
107 702 26 24 m
146 702 59 31 Fiji.
252 703 22 23 A
283 702 46 24 few
341 710 70 23 years
422 709 46 24 ago
479 701 31 24 lie
521 708 56 17 won

45 743 70 23 £150
133 742 26 24 m
178 750 47 16 one
248 742 27 25 of
301 741 155 25 Tattersall's
479 748 98 24 sweeps.

46 780 88 31 Lucky
143 781 75 31 begga
223 789 9 15 r
239 783 5 22 !
411 781 132 30 Spectator.

138 820 14 12 -!:-
220 820 14 13 *
301 819 14 14 #
382 819 14 13 *
465 819 14 13 «

79 859 101 25 Similar
195 859 63 31 good
272 858 98 25 fortune
388 866 56 23 may
463 858 115 24 overtake

45 905 51 22 any
108 898 162 29 enterprising
289 896 92 24 Oxford
398 896 107 24 resident
522 895 55 24 who

44 939 82 20 invest
137 940 27 19 m
176 946 14 13 a
202 938 70 21 share
283 937 27 21 m
322 936 42 22 the
385 936 94 22 Second
492 934 84 23 Grand

44 976 111 31 Lottery.
190 977 21 23 A
223 977 36 23 lot
268 976 25 23 of
303 976 77 23 forms
392 976 26 23 of
428 974 147 32 application

44 1016 63 25 have
114 1016 60 25 been
185 1018 54 23 sent
246 1018 26 23 to
279 1015 43 25 the
330 1014 69 26 office
408 1015 26 24 of
441 1014 51 25 this
504 1021 73 25 paper

44 1110 132 31 TOTAL
197 1110 143 31 VALUE
357 1110 32 30 of
409 1109 148 31 PRIZES
569 1119 6 17 :

54 1372 32 29 m
103 1373 130 34 200,000
249 1372 103 29 shares
374 1372 33 29 of
421 1373 35 28 5s
477 1371 82 30 each.

210 1423 91 30 First
323 1422 115 34 Prize:.

44 1474 174 29 VALUED
240 1474 52 29 AT
328 1475 149 37 £13,000,
515 1474 60 29 and

45 1526 60 28 223
121 1525 87 30 other
223 1525 111 36 Prizes,
350 1526 132 39 ranging
495 1525 80 29 from

44 1578 118 35 £8,000
194 1582 30 25 to
247 1578 57 35 £5,
321 1578 166 40 -including
516 1578 58 29 203

44 1630 145 39 Optional
205 1629 79 31 Cash
298 1629 112 31 Prizes.

65 1682 64 29 The
145 1682 52 29 list
211 1681 63 30 will
288 1681 80 30 close
382 1692 40 19 on
436 1682 72 30 Dec.
526 1682 48 29 31.

77 1742 63 23 This
153 1741 88 23 should
260 1749 74 23 prove
353 1749 15 15 a
389 1742 79 23 better
484 1742 91 23 invest-

43 1784 72 23 ment
126 1782 61 25 than
227 1789 101 24 sweeps.
378 1782 81 25 There
469 1782 23 25 is
503 1790 73 24 every

42 1824 113 29 prospect
166 1822 54 24 that
229 1822 43 24 the
287 1822 108 31 drawing
402 1822 28 24 m
446 1822 65 24 bank
529 1822 45 24 lot-

42 1860 73 24 teries
129 1859 49 25 will
195 1859 30 25 be
240 1860 136 24 conducted
387 1860 27 24 m
429 1868 15 16 a
463 1860 46 24 fair
526 1860 49 24 and

43 1907 86 23 square
140 1906 111 21 manner,
260 1898 82 25 which
350 1898 21 25 is
383 1906 68 17 more
460 1898 61 25 than
530 1906 45 17 can

42 1939 30 24 be
84 1939 53 24 said
148 1939 26 24 of
184 1939 41 24 the
236 1938 115 32 majority
362 1940 26 23 of
399 1939 85 31 racing
492 1946 83 24 specu-

42 1978 99 24 lations.

107 2112 94 24 Review
213 2112 26 30 of
248 2112 107 23 Reviews
363 2112 59 32 May
435 2112 72 23 1895.

76 2151 60 25 New
159 2152 106 24 Zealand
287 2152 47 24 has
354 2152 102 25 effected
475 2160 15 16 a
507 2159 68 17 more

43 2189 112 26 brilliant
162 2190 80 25 stroke
254 2190 25 25 of
287 2190 98 25 finance
394 2190 62 25 than
465 2191 45 24 has
519 2198 56 17 ever

46 2229 81 24 before
138 2229 62 24 been
212 2230 135 30 attempted
366 2229 31 31 by
418 2237 49 23 any
486 2229 25 24 of
531 2229 44 24 the

44 2267 147 24 Australian
211 2268 115 23 colonies.
361 2267 48 24 Mr.
433 2267 76 24 Ward
531 2267 45 24 Las

44 2305 86 31 placed
141 2313 15 16 a
165 2307 15 22 3
192 2313 43 23 per
243 2307 65 23 cent,
320 2307 59 23 loan
388 2305 26 25 of
420 2305 156 30 £1,500,000

43 2351 34 17 on
89 2343 42 25 the
143 2344 103 24 London
258 2344 103 28 market,
374 2344 79 31 fixing
460 2344 43 24 the
510 2344 65 24 min-

42 2382 80 22 imum
132 2384 26 20 at
170 2384 58 22 £90.
242 2382 51 23 The
305 2383 57 22 loan
373 2389 48 16 Avas
434 2382 141 23 subscribed

42 2420 56 24 four
110 2420 71 24 times
190 2428 63 18 over,
263 2420 49 24 and
320 2420 105 31 brought
432 2429 33 15 an
472 2427 103 24 average

41 2460 65 31 price
118 2463 26 22 of
161 2461 53 24 £94
232 2462 27 24 8s
276 2461 48 30 9d.,
360 2460 61 26 This
432 2461 21 25 is
465 2460 43 25 the
520 2460 55 25 first

44 2502 61 24 time
117 2509 31 17 an
161 2504 104 29 attempt
277 2502 44 24 has
333 2502 62 24 been
404 2502 72 24 made
486 2502 31 31 by
526 2509 49 24 any

42 2542 27 23 of
87 2542 42 24 the
146 2542 139 24 Australian
297 2542 106 24 colonies
426 2544 25 22 to
468 2542 71 30 place
559 2549 16 16 a

40 2581 59 24 loan
112 2584 26 22 at
150 2584 14 21 3
176 2590 42 23 per
229 2584 64 22 cent.

180 3085 250 47 IVGTICB.

32 3184 98 43 Job
149 3184 232 57 Printing
393 3187 10 42 !

205 3252 100 45 Job
328 3253 240 59 Printing

75 3316 171 30 OXFOED
304 3318 222 31 OBSSEVER

117 3367 158 40 Machine
303 3369 180 51 Printing.

212 3419 164 43 WORKS

99 3480 88 25 MAIN
199 3481 141 31 STEEET,
352 3484 147 27 OXFORD.

96 3556 127 28 TTVNE
275 3559 211 51 TpRINTING
508 3589 3 2 .

90 3632 43 30 .In
147 3633 73 40 Any
231 3633 129 41 Variety
375 3646 34 19 or
427 3635 95 38 Style*

32 3683 313 39 memoral:
362 3680 203 45 caSds

56 3738 11 39 (
75 3738 30 29 m
122 3745 74 23 new'
206 3739 60 29 and
281 3738 105 31 chaste
401 3740 137 41 designs)

208 3784 200 42 5/-per.doz.
458 3811 3 3 .

109 3852 173 28 Statement
300 3854 114 36 Heads,

108 3892 70 31 Ball
192 3892 222 40 Programmes.

109 3934 132 36 Posters,
257 3935 175 37 Handbills,

107 3976 166 36 Billheads,
296 3977 140 40 Cheques

110 4018 103 30 Letter
228 4019 58 28 and
296 4018 80 31 Note
390 4019 105 31 Heads

108 4059 165 36 Circulars,
296 4059 118 35 Menus,

107 4101 191 39 Catalogues,
315 4102 54 27 &c.
381 4101 74 38 ,&c.,
479 4104 56 29 &c

21 4157 89 38 Hew
125 4158 118 49 Styles
258 4158 38 40 m
311 4158 163 52 Visiting
487 4161 69 40 and

139 4221 163 40 Business
319 4223 114 38 Cards.

20 4329 38 28 E.
80 4329 42 29 H.
144 4327 118 35 Parish,
297 4351 3 7 ,
321 4330 187 41 Proprietor.

18 4389 2 25 I
103 4381 65 28 The
187 4380 177 34 NE>VF.ST
390 4384 164 32 STYLES.

27 4442 24 19 n
65 4431 132 30 TYPES
213 4433 60 29 and
286 4433 262 35 ORNAMENTS
