2500 4410
203 190 91 35 THE
317 188 231 35 NOVELIST.

161 298 72 28 THE
252 296 98 28 MINE
367 296 51 26 BY
435 295 74 26 THE
527 293 74 28 SEA.

270 362 128 27 Chaptee
410 361 36 27 11.

136 421 26 28 A
184 422 100 33 strange
308 418 68 37 sight
401 418 22 26 is
446 427 15 17 a
490 417 53 27 coal
581 417 74 27 mine.

101 457 178 34 Wonderfully
325 457 159 33 picturesque
519 454 62 26 with
622 454 34 25 its

99 498 89 23 streets
199 494 50 26 and
261 494 70 25 lanes
343 492 50 26 and
404 491 85 35 alleys,
503 491 34 26 its
561 490 80 27 unend-

98 532 43 36 ing
153 531 123 27 corridors
288 529 48 26 and
350 528 127 27 countless
487 528 131 26 chambers
629 527 28 26 of

98 569 43 26 the
178 568 69 26 dead.
300 567 53 25 The
387 574 59 17 men
482 565 78 32 there,
592 564 62 26 with

97 606 74 26 black
188 605 65 27 faces
275 603 51 27 and
342 605 89 32 scanty
454 602 84 34 attire,
550 611 65 17 seem
628 601 28 26 of

97 642 105 27 another
213 649 55 19 race
280 641 64 26 from
362 640 71 26 those
445 640 79 25 above
547 639 105 35 ground,

96 680 50 26 and
162 679 43 26 the
228 677 79 27 feeble
325 677 77 34 lights
420 676 126 34 gleaming
564 676 26 26 in
610 676 42 25 the

97 716 76 27 midst
185 716 28 26 of
223 715 41 27 the
276 714 121 26 darkness
409 713 57 35 give
489 722 16 17 a
518 712 76 28 weird
605 721 32 17 un-

96 754 52 26 real
160 756 83 31 aspect
256 754 25 23 to
294 751 43 25 the
348 759 79 17 scene.

129 789 53 27 The
199 789 59 34 only
282 787 93 26 sounds
392 785 78 28 heard
487 794 42 17 are
541 786 71 27 those
627 785 27 26 of

96 828 43 27 the
150 826 52 28 coal
214 833 117 28 waggons
350 823 89 35 slowly
460 823 96 36 pushed
576 823 75 35 along

96 865 33 35 by
141 865 60 35 boys
214 862 108 29 towards
334 862 44 27 the
395 861 89 27 mouth
501 861 28 27 of
546 861 43 27 the
600 861 46 35 pit,

96 903 49 25 and
156 903 27 24 in
195 901 42 25 the
249 908 99 17 narrow
365 907 121 26 passages,
507 899 81 25 where
606 898 43 25 the

96 947 56 17 men
175 946 41 18 are
238 939 27 24 at
283 935 90 33 work,,
386 935 44 26 the
447 935 72 34 clang
538 934 28 27 of
584 933 66 28 their

94 976 117 35 pickaxes
233 983 28 16 as
284 973 61 34 they
380 972 83 27 cleave
496 971 65 26 their
593 980 56 25 way

94 1012 108 34 through
217 1011 41 25 the
270 1013 71 31 great
359 1010 73 25 rocks
444 1009 28 25 of
486 1008 60 28 coal.
583 1008 65 26 Men

94 1057 42 18 are
148 1053 44 21 not
204 1047 42 27 the
257 1046 62 34 only
343 1045 87 35 beings
453 1045 65 27 here.
567 1043 81 28 There

94 1095 42 17 are
147 1085 90 32 horses,
251 1084 55 25 that
318 1083 64 26 have
394 1085 45 23 not
451 1091 58 17 seen
522 1081 43 26 the
588 1081 45 34 day-

93 1123 64 35 light
180 1122 39 27 for
239 1130 75 26 many
337 1129 15 18 a
376 1129 66 27 year,
468 1123 26 22 to
517 1119 68 26 draw
604 1118 43 27 the

93 1168 115 27 waggons
218 1159 28 25 in
265 1158 43 26 the
327 1157 106 27 broader
453 1164 120 27 passages,
596 1156 48 25 and

92 1197 147 32 sometimes,
252 1195 23 27 if
284 1195 43 27 the
339 1194 64 36 light
415 1194 29 26 of
465 1194 43 26 the
531 1193 69 35 lamp
624 1193 22 27 is

92 1234 91 28 turned
195 1233 95 27 toward
302 1232 43 26 the
362 1231 105 36 ground,
493 1231 43 26 the
560 1230 86 36 bright

91 1272 66 27 little
168 1281 57 23 eyes
242 1270 29 28 of
285 1274 53 23 rats
357 1270 68 36 (how
445 1269 61 35 they
526 1278 69 18 came
619 1272 26 23 to

91 1309 55 26 that
155 1309 79 25 under
252 1307 79 25 world
350 1307 14 25 I
385 1307 71 25 don't
475 1306 86 34 know)
588 1314 57 24 may

91 1346 29 26 be
160 1354 58 19 seen
267 1343 101 36 peering
413 1345 46 25 out
498 1342 28 28 of
564 1342 81 28 nooks

89 1392 91 25 among
219 1382 44 26 the
299 1381 78 26 walls.
430 1380 80 26 There
543 1380 23 26 is
611 1389 32 16 an

89 1420 91 25 almost
200 1418 89 26 fearful
310 1417 156 26 sombreness
493 1417 78 25 about
601 1417 42 25 the

89 1457 75 34 place.
229 1454 130 36 Thoughts
380 1454 57 25 that
462 1453 43 27 the
528 1453 116 35 daylight

90 1493 83 27 would
181 1495 27 24 at
220 1501 61 18 once
293 1491 78 35 dispel
384 1500 65 17 seem
461 1494 26 23 to
505 1491 80 26 haunt
601 1491 42 25 the

89 1531 44 34 air,
146 1530 50 28 and
217 1530 44 26 the
280 1528 84 28 voices
381 1528 28 27 of
418 1528 43 27 the
474 1537 56 18 men
543 1537 26 18 as
583 1528 60 35 they

89 1568 101 28 wander
207 1568 84 32 about,
312 1566 61 26 each
391 1575 56 23 one,
473 1565 168 33 Gideon-like,

89 1606 61 26 with
169 1605 44 26 the
236 1605 69 34 lamp
328 1603 50 26 and
405 1603 113 35 pickaxe,
543 1603 64 26 have
628 1612 14 16 a

88 1643 88 34 deeper
184 1641 119 27 hollower
312 1644 57 23 tone
378 1639 62 26 than
449 1640 80 26 above
536 1640 105 35 ground.

122 1680 60 26 Two
200 1679 61 34 days
284 1678 50 25 had
355 1677 104 35 passed;
477 1678 49 24 and
550 1678 92 33 during

89 1715 42 28 the
143 1716 61 27 time
224 1724 15 18 a
262 1718 85 29 storm,
360 1714 60 35 long
431 1714 169 27 remembered
609 1723 33 17 on

89 1753 42 29 the
155 1756 75 29 coast,
244 1753 49 25 had
317 1752 62 26 been
402 1752 89 34 raging
504 1763 6 22 ;
529 1752 47 26 but
600 1752 42 26 the

89 1798 57 19 men
158 1791 28 25 in
209 1791 43 25 the
272 1789 75 31 mine,
360 1789 155 26 accustomed
533 1798 27 17 as
583 1789 59 34 they

91 1836 64 17 were
167 1831 26 22 to
205 1826 104 34 hearing
321 1825 43 27 the
376 1834 55 18 roar
447 1825 28 27 of
493 1825 43 27 the
561 1835 81 17 waves

91 1864 78 27 above
191 1864 67 26 their
272 1863 82 32 heads,
378 1862 58 36 paid
454 1862 65 28 little
536 1862 62 28 heed
617 1866 25 24 to

93 1901 41 29 the
148 1902 125 27 increased
294 1901 75 26 noi&e.
418 1900 96 35 George
527 1901 116 27 Heiraers
656 1900 1 42 j

92 1940 71 26 alone
176 1939 48 27 had
237 1939 98 26 noticed
347 1938 29 32 it,
389 1937 50 26 and
452 1939 58 25 each
529 1939 48 33 day
595 1939 49 26 had
656 1931 1 41 !

93 1980 73 30 spent
176 1985 69 17 more
257 1977 61 24 time
331 1975 61 24 than
405 1974 72 25 usual
489 1975 27 24 in
533 1975 95 25 examin-

94 2012 43 37 ing
148 2013 43 26 the
204 2015 115 33 supports
331 2011 27 26 of
368 2011 43 25 the
425 2010 59 28 roof.

129 2050 26 27 It
168 2059 50 19 was
229 2059 57 17 now
307 2048 72 36 night
405 2048 67 33 time,
486 2048 50 26 and
548 2048 31 26 he
597 2048 49 26 had

96 2088 59 26 been
165 2087 205 36 superintending
378 2095 67 17 some
454 2086 84 26 rather
547 2086 86 35 danger-

95 2133 45 18 ous
151 2125 67 26 work
230 2125 28 25 in
270 2124 43 26 the
322 2124 75 25 lower
406 2123 85 32 levels,
500 2123 28 25 of
538 2122 109 36 blasting

96 2162 61 27 with
169 2161 159 36 gunpowder,
347 2160 80 27 which
453 2160 74 27 much
551 2160 97 34 against

96 2199 38 25 his
163 2200 91 29 advice,
287 2198 42 24 the
353 2205 83 17 owner
463 2198 49 24 had
536 2197 109 24 ordered.

94 2234 60 25 This
167 2234 74 33 being
253 2234 70 30 done,
338 2233 99 32 leaving
453 2233 99 24 further
565 2236 83 20 orders

92 2269 38 24 for
144 2269 67 25 work
232 2269 59 25 with
310 2269 42 24 the
364 2276 63 24 men,
445 2267 98 35 George
556 2268 90 27 turned

89 2315 72 24 away
169 2305 50 26 and
232 2305 97 25 walked
339 2304 72 26 alone
423 2305 28 25 in
469 2306 43 25 the
524 2306 122 26 direction
656 2304 1 35 I

86 2341 29 26 of
126 2342 41 26 the
180 2341 60 35 pit's
252 2340 95 33 mouth,
357 2341 117 34 cairying
485 2341 26 27 in
521 2351 47 17 one
578 2342 67 26 hand

87 2387 15 16 a
122 2377 68 35 large
220 2379 107 25 canister
350 2379 146 34 containing
521 2379 42 25 the
585 2387 45 26 gun-

87 2415 100 35 powder
196 2425 8 24 ;
221 2416 27 25 in
267 2416 43 25 the
321 2415 73 26 other
407 2415 39 26 his
459 2415 68 36 lamp
539 2417 49 25 and
603 2417 42 25 the

86 2453 82 36 heavy
192 2454 66 26 stick
280 2453 63 34 that,
368 2462 33 18 on
421 2459 106 21 account
550 2454 28 26 of
606 2454 39 26 his

86 2492 128 31 lameness,
229 2500 50 18 was
298 2492 39 25 his
353 2494 117 23 constant
487 2492 155 35 companion.

88 2528 71 26 Even
171 2530 28 24 in
212 2528 56 27 that
284 2528 132 35 imperfect
437 2528 66 37 light
521 2529 21 26 it
563 2529 81 35 might

87 2565 65 28 have
164 2567 62 26 been
239 2576 57 17 seen
310 2567 56 26 that
378 2576 15 17 a
406 2570 70 26 great
489 2567 94 35 change
595 2567 49 26 had

86 2605 87 33 passed
185 2612 59 18 over
262 2604 39 27 bis
318 2604 53 26 face
385 2615 5 24 ;
409 2605 21 25 it
454 2613 51 18 was
526 2605 116 35 haggard,

89 2641 223 34 pinched-looking
322 2650 8 24 ;
347 2641 71 26 there
430 2650 51 18 was
505 2651 15 16 a
544 2647 100 29 strange

88 2678 100 26 restless
199 2678 86 34 glitter
297 2678 27 25 in
337 2678 39 26 his
388 2688 65 25 eyes,
463 2680 50 24 and
524 2687 58 17 now
594 2680 50 24 and

89 2714 63 26 then
158 2714 40 26 his
208 2714 48 35 lips
266 2714 87 34 parted
362 2714 62 27 with
434 2724 32 17 an
479 2715 165 34 involuntary

88 2751 134 35 quivering
243 2754 149 30 movement,
416 2752 104 36 qnickly
544 2752 100 34 pressed

88 2788 114 34 together
215 2788 74 34 again
301 2788 63 27 with
376 2789 56 26 that
456 2792 70 23 stern
550 2793 38 22 set
601 2798 29 17 ex-

89 2825 111 34 pression
225 2825 55 26 that
309 2834 50 17 was
382 2834 58 18 now
472 2826 115 27 habitual
620 2831 26 22 to

89 2862 76 25 them.

124 2897 104 26 Instead
240 2897 28 25 of
277 2897 100 36 leaving
389 2898 42 26 the
440 2898 73 33 mine,
523 2908 16 16 a
546 2899 96 27 sudden

88 2934 109 36 thought
209 2934 98 28 seemed
319 2938 26 23 to
358 2935 80 28 strike
448 2935 52 29 him
518 2936 124 37 half-way,

88 2974 51 25 and
151 2973 32 26 he
195 2973 91 26 turned
299 2973 67 26 aside
379 2974 49 27 and
438 2974 101 27 entered
553 2985 14 16 a
588 2980 56 30 part

88 3011 30 25 of
127 3011 42 24 the
182 3011 66 25 mine
260 3011 60 35 long
332 3011 112 26 deserted
457 3020 32 17 on
501 3016 106 22 account
619 3013 27 26 of

88 3048 44 24 the
155 3048 94 33 danger
266 3048 28 24 of
316 3048 113 34 working
452 3052 42 22 too
518 3058 60 17 near
602 3050 42 25 the

89 3084 96 25 bottom
198 3084 28 24 of
236 3083 42 25 the
297 3092 49 24 sea,
363 3084 47 25 but
434 3084 79 26 which
533 3086 110 35 recently

88 3121 50 26 had
157 3121 60 26 been
243 3121 96 34 opened
356 3122 72 34 again
440 3131 7 24 ;
465 3122 57 33 and,
547 3123 95 35 though

88 3158 98 35 George
210 3158 50 25 had
277 3167 76 26 many
377 3159 74 26 times
475 3161 101 25 warned
602 3161 41 26 the

87 3204 85 17 owner
185 3195 27 26 of
223 3195 42 26 the
277 3195 94 35 danger
383 3197 27 25 of
427 3197 148 35 weakening
600 3199 42 25 the

86 3235 117 32 supports
216 3232 27 26 of
254 3233 43 25 the
309 3233 60 32 roof,
383 3233 68 35 large
466 3234 138 35 quantities
617 3235 28 26 of

83 3270 54 26 coal
149 3269 50 27 had
211 3270 62 27 been
285 3270 78 26 taken
376 3270 62 26 from
452 3270 29 27 it.

117 3307 45 28 All
177 3316 49 18 was
238 3307 52 28 still
303 3317 27 18 as
342 3308 32 27 he
386 3308 127 27 advanced
532 3308 108 32 through

83 3346 44 24 the
151 3354 99 16 narrow
275 3354 121 26 passages,
424 3347 46 24 but
494 3355 60 17 soon
573 3347 68 26 these

83 3382 114 26 widened
209 3382 55 26 into
276 3391 16 17 a
304 3391 66 18 mere
382 3392 65 26 open
458 3392 80 26 space,
551 3384 49 26 and
612 3392 28 19 as

83 3419 32 27 he
127 3420 110 32 entered,
250 3420 44 26 the
306 3420 70 26 noise
387 3421 29 25 of
426 3420 42 27 the
482 3422 158 27 tumultuous

83 3460 91 22 waters
197 3457 139 27 overheard
357 3467 50 17 was
431 3458 117 35 fearfully
572 3460 66 27 loud.

83 3494 25 26 A
121 3493 55 27 cold
190 3494 109 34 draught
311 3494 28 25 of
349 3495 37 25 air
394 3498 79 23 smote
481 3504 32 17 on
523 3496 53 26 him
588 3498 50 24 and

83 3531 73 25 made
186 3530 54 26 him
269 3530 90 27 shiver.
405 3531 53 27 The
488 3533 68 34 place
588 3542 51 18 was

82 3567 96 25 known
190 3571 27 23 to
229 3568 44 24 the
283 3568 98 26 colliers
389 3577 27 17 as
426 3569 43 25 the
506 3570 132 34 Boggart's

198 3612 28 19 or
256 3603 43 28 the
323 3604 102 28 Ghost's
572 3607 27 27 It
616 3607 21 28 is

82 3650 34 17 an
142 3642 123 26 immense
291 3642 145 27 low-roofed
461 3644 58 32 hall,
544 3653 47 17 one
613 3646 27 25 of

82 3677 72 27 those
177 3677 101 27 natural
302 3687 104 18 caverns
427 3679 55 27 that
508 3681 66 26 exist
595 3682 28 26 be-

82 3717 84 23 tween
187 3715 43 25 the
251 3723 41 17 sea
312 3716 50 26 and
385 3717 43 25 the
446 3717 58 26 land
518 3730 7 21 ;
543 3719 50 25 and
610 3719 27 26 in

82 3750 45 27 the
152 3754 85 24 centre
262 3760 51 18 was
330 3761 33 19 an
381 3753 82 36 abyss,
488 3754 54 28 into
555 3756 82 27 whose

82 3788 92 37 depths
185 3799 34 18 no
229 3789 95 29 human
336 3790 74 38 being
421 3791 49 28 had
486 3802 58 18 ever
562 3804 60 25 pene-

82 3827 90 26 trated.
210 3828 52 26 The
275 3829 127 35 workings
414 3830 48 26 had
471 3831 62 26 been
540 3832 97 26 carried

81 3872 34 19 on
139 3863 73 37 along
236 3864 44 27 the
302 3865 72 35 sides,
400 3867 49 26 and
462 3876 14 17 a
489 3869 61 26 rude
563 3870 73 35 path--,

80 3912 57 25 way
173 3902 41 28 led
245 3903 122 35 halfway
399 3906 87 32 rsund,
517 3907 119 35 abruptly

80 3938 118 35 stopping
209 3940 79 25 above
300 3940 42 25 the
354 3944 70 32 great
441 3942 90 26 chasm.

114 3975 53 27 The
194 3985 60 26 poor
280 3977 65 36 light
363 3978 81 27 which
463 3980 98 36 George
578 3981 57 27 held

78 4013 161 28 illuminated
251 4015 60 35 only
323 4025 15 17 a
347 4025 97 18 narrow
463 4017 73 27 circle
555 4019 80 26 round

79 4050 60 33 him,
162 4051 47 27 but
229 4051 32 26 he
282 4053 74 25 knew
375 4053 42 26 the
427 4055 69 33 place
509 4055 63 32 well,
585 4057 50 24 and

80 4087 141 36 cautiously
238 4089 117 35 stepping
372 4090 75 36 along
465 4091 103 27 reached
594 4093 41 26 the

79 4131 58 28 part
149 4125 84 27 where
245 4126 44 27 the
301 4127 48 27 last
363 4128 125 36 workings
506 4129 47 26 had
574 4130 61 27 been

79 4162 81 32 made,
183 4163 50 26 and
257 4164 81 26 which
364 4174 50 18 was
442 4175 27 17 so
481 4167 48 25 low
539 4166 56 26 that
605 4168 30 25 he

76 4199 76 26 could
173 4199 74 26 touch
269 4201 61 26 with
351 4201 40 27 his
414 4203 68 26 hand
505 4203 43 26 the
561 4204 72 28 black

75 4235 77 34 slimy
165 4236 59 32 roof,
238 4239 26 25 to
276 4237 81 28 which
369 4239 111 35 gigantic
496 4240 138 27 loathsome

76 4272 72 37 lungi
161 4271 81 39 clung.

722 181 39 27 As
778 180 31 26 he
827 180 71 26 stood
911 179 76 34 there,
1001 178 58 28 wild
1072 178 92 27 fancies
1178 176 61 27 stole

688 227 61 17 over
773 218 61 26 him.
872 217 73 27 Loud
968 218 77 25 above
1069 215 111 27 sounded
1197 214 42 25 the

688 254 142 27 thundrous
853 254 74 27 boom
950 254 29 26 of
999 254 42 26 the
1058 253 60 33 surf,
1136 251 50 27 and
1198 251 41 24 be

686 292 77 25 neath
783 291 53 27 him
857 291 48 34 lay,
928 295 80 30 wrapt
1020 291 26 25 in
1058 290 94 26 eternal
1165 288 60 26 dark-

685 336 64 25 ness,
775 328 43 26 the
842 330 72 32 great
937 328 74 31 mine,
1037 326 136 34 stretching
1200 323 39 25 for

686 364 73 27 miles
769 366 55 25 into
836 365 44 26 the
891 363 91 36 depths
993 364 29 26 of
1031 363 41 27 the
1081 362 79 28 earth.
1196 359 43 27 He

685 402 85 28 seated
782 402 104 27 himself
896 411 32 18 on
940 411 15 17 a
967 401 136 36 projecting
1115 400 66 33 rock,
1195 397 42 27 the

684 442 109 25 canister
820 441 28 25 of
868 440 102 34 powder
993 449 33 16 on
1049 439 42 26 the
1103 437 96 35 ground
1212 439 26 21 at

684 477 39 26 his
742 477 61 33 6ide,
825 477 50 26 and
896 476 43 27 the
960 476 67 35 lamp
1048 475 57 27 held
1126 475 111 26 between

683 514 40 26 his
747 513 83 27 knees.

719 550 79 27 What
816 559 64 17 were
900 550 38 26 his
956 549 118 36 thoughts
1088 549 55 35 just
1156 547 59 27 then
1226 544 10 28 1

683 587 14 28 I
722 587 76 27 know
821 591 46 22 not
889 587 117 26 allbut
1030 587 69 26 there
1122 594 51 17 was
1185 592 50 23 one,

682 624 87 27 fiercer
789 625 62 25 than
874 624 43 25 the
940 624 111 25 clamour
1061 623 27 25 of
1100 623 42 25 the
1156 628 80 18 waves

681 661 87 33 above,
782 670 67 17 more
863 660 101 27 terrible
978 660 61 26 than
1052 660 41 26 the
1106 660 73 33 abyss
1197 657 26 24 be-

681 698 76 26 neath
781 698 120 26 himhe
924 697 49 25 had
992 698 49 24 lost
1053 696 40 32 all,
1107 696 49 26 all!
1193 693 42 26 He

681 735 90 27 looked
783 735 63 26 back
860 743 66 26 upon
940 734 39 26 his
992 733 109 28 lifeall
1114 731 48 27 had
1172 738 62 27 gone

680 780 88 26 wrong
788 771 64 26 from
874 772 43 24 the
938 771 144 33 beginning,
1107 769 49 25 and
1169 775 63 22 now,

680 808 74 27 when
778 812 28 23 at
826 808 49 27 last
888 808 43 26 the
943 816 48 27 cup
1004 807 28 27 of
1041 810 132 23 sweetness
1185 803 47 26 had

679 846 99 28 seemed
800 849 26 24 to
848 847 29 25 be
898 855 28 17 so
947 854 61 17 near
1032 844 37 26 his
1082 844 47 35 lips
1142 843 31 26 he
1185 840 48 27 had

677 893 59 17 seen
760 886 21 23 it
805 884 95 25 dashed
917 893 78 23 away.
1035 883 40 26 He
1087 880 96 36 ground
1196 879 38 25 h;s

678 920 69 25 teeth
772 920 61 25 with
858 928 65 24 rage,
948 919 51 24 and
1011 919 59 24 then
1084 918 39 24 his
1135 916 98 34 passion

677 957 61 26 took
764 956 106 27 another
882 955 140 27 formhis
1035 956 82 27 breast
1131 952 100 27 heaved,

676 994 50 26 and
750 1003 16 16 a
788 997 72 32 great
883 993 106 34 sobbing
1013 1001 42 26 cry
1079 999 55 19 rose
1159 994 24 22 to
1194 989 39 26 his

675 1030 56 35 lips.

736 1066 28 27 If
785 1066 43 27 she
841 1066 60 34 only
914 1066 74 25 knew
1001 1065 56 26 how
1075 1064 13 26 1
1103 1064 55 26 love
1170 1062 45 26 her
1226 1062 4 38 !

675 1102 47 29 He
745 1102 56 28 love
813 1103 5 28 !
857 1103 26 27 A
908 1105 114 24 moment
1046 1102 26 26 of
1095 1102 41 26 the
1149 1100 54 26 love
1216 1098 14 26 I

675 1140 73 27 could
768 1141 57 34 give
846 1141 46 25 her
913 1140 84 26 would
1019 1140 30 24 be
1063 1147 66 17 more
1142 1138 61 25 than
1216 1146 14 16 a

674 1177 106 27 lifetime
809 1177 29 27 of
865 1177 45 27 his.
948 1177 53 27 But
1030 1176 15 27 I
1075 1176 72 27 know
1175 1173 56 27 that

674 1224 84 26 never,
784 1215 148 27 neverlet
956 1223 40 17 me
1015 1214 73 25 make
1100 1223 32 16 an
1145 1212 48 27 end
1206 1211 28 26 of

674 1253 30 27 it.

736 1291 51 32 Ah,
813 1292 50 24 and
876 1291 53 26 Jim
943 1291 110 32 Massey,
1067 1293 55 29 too;
1140 1298 14 16 a
1166 1288 63 33 light

673 1330 26 23 to
732 1327 51 26 this
813 1326 108 35 powder,
950 1326 50 25 and
1025 1325 93 27 there'd
1143 1324 30 26 be
1197 1331 32 17 no

672 1366 98 33 victory
778 1368 27 23 to
813 1373 50 26 any
873 1364 126 27 onethe
1008 1372 41 17 sea
1063 1363 81 26 would
1157 1370 72 18 cover

672 1411 29 16 us
742 1404 41 23 too
825 1402 65 25 close
927 1401 39 26 for
996 1401 72 26 that!
1106 1401 51 24 But
1187 1399 42 25 the

672 1439 85 25 others
766 1438 12 26 ?

707 1477 15 14 11
734 1472 86 37 Pooh!
851 1475 43 26 it's
917 1474 60 33 only
1002 1474 79 35 dying
1114 1483 14 17 a
1164 1472 65 27 little

671 1521 88 18 sooner
769 1524 7 23 ;
788 1512 50 26 and
852 1512 67 25 what
931 1512 22 26 is
962 1511 44 26 life
1018 1516 26 22 to
1063 1511 83 35 stupid
1171 1509 47 27 toil-

671 1551 43 34 ing
727 1550 108 35 drudges
848 1549 52 26 like
908 1549 68 26 them

708 1589 21 26 A
743 1586 103 27 terrible
858 1586 73 26 smile
941 1586 86 34 passed
1039 1594 59 18 over
1109 1585 37 26 his
1159 1584 52 27 face
1222 1596 6 21 ;

671 1624 31 26 he
714 1624 86 34 placed
814 1624 42 26 the
868 1624 68 34 lamp
949 1624 33 33 by
990 1624 40 25 his
1041 1622 53 26 side
1106 1622 49 26 and
1168 1622 61 26 bent

670 1671 60 17 over
739 1662 42 26 the
793 1662 115 25 canister.
947 1661 68 33 Ocly
1036 1669 15 16 a
1064 1660 64 34 light
1149 1664 26 21 to
1187 1659 42 26 the

670 1699 108 34 powder,
792 1698 50 27 and
856 1698 42 25 the
911 1697 72 26 rocks
1003 1697 79 26 above
1096 1696 81 26 would
1199 1696 30 25 be

670 1737 78 33 riven,
762 1737 50 25 and
822 1736 60 25 with
899 1745 15 16 a
927 1735 97 35 mighty
1037 1735 72 26 burst
1131 1734 42 26 the
1186 1743 41 16 sea

671 1775 83 24 would
779 1774 60 26 rush
858 1773 27 25 in
904 1773 50 25 and
976 1773 89 25 whelm
1089 1772 67 25 them
1178 1772 49 28 all!

672 1811 42 27 He
726 1811 59 26 took
799 1814 45 22 out
863 1810 39 26 his
926 1810 69 25 knife
1020 1809 50 27 and
1095 1808 133 36 proceeded

671 1852 26 22 to
710 1857 63 27 open
787 1848 42 26 the
842 1848 36 25 lid
891 1847 28 26 of
941 1847 42 27 the
1007 1851 115 27 canister,
1149 1846 80 25 which

672 1886 32 35 by
717 1895 66 18 some
796 1895 86 17 means
894 1885 47 27 had
955 1886 63 26 been
1025 1884 114 27 fastened
1152 1884 75 27 down

674 1927 41 24 too
733 1924 101 35 tightly.

707 1962 61 31 But,
779 1961 64 26 hark
856 1958 4 35 !
896 1961 73 26 Close
993 1959 84 26 beside
1091 1958 59 33 hiin,
1173 1959 56 33 just

674 1998 97 33 beyond
784 1998 43 24 the
839 1997 92 33 ending
943 1997 26 25 of
978 1996 42 25 the
1030 1995 68 34 path,
1109 1995 31 25 he
1149 1994 78 25 heard

674 2043 15 17 a
700 2034 108 35 rustling
821 2034 117 33 cracking
956 2032 87 33 sound,
1067 2031 50 26 and
1140 2031 61 26 then
1214 2039 15 19 a

674 2071 79 31 crash,
773 2071 50 26 and
846 2081 15 16 a
885 2071 66 34 huge
973 2071 125 34 fragment
1121 2068 27 27 of
1170 2068 59 27 rock

675 2109 79 25 rolled
768 2109 80 31 down,
861 2109 49 24 and
923 2108 32 25 he
968 2116 50 17 was
1042 2107 61 33 only
1125 2107 51 33 just
1200 2106 27 25 in

677 2146 60 26 time
761 2148 27 24 to
811 2146 55 33 leap
889 2144 66 26 aside
980 2143 84 27 before
1093 2142 41 27 the
1157 2142 70 35 place

677 2184 82 24 where
770 2183 32 24 he
815 2183 47 23 had
879 2183 69 24 stood
969 2190 51 15 was
1043 2179 186 36 covargLrVith

670 2219 56 24 ,shh
727 2228 5 8 r
734 2219 56 23 erod
804 2218 111 32 portions
927 2218 25 23 of
964 2217 20 24 it
1005 2225 27 15 a3
1044 2217 21 23 it
1084 2210 141 35 descfnae*),

675 2254 57 32 and,
752 2253 98 35 leaping
870 2253 63 25 from
959 2252 70 34 ledge
1054 2256 25 21 to
1103 2252 21 19 ]n
1202 2254 27 22 at

677 2293 52 32 last,
745 2292 61 25 with
819 2293 81 24 sullen
914 2299 61 24 roar,
995 2299 51 17 was
1070 2290 47 26 lost
1136 2288 25 27 in
1187 2288 42 26 the

675 2329 90 34 depths
790 2328 85 26 below.
914 2328 57 25 Still
999 2328 31 25 he
1053 2327 112 31 listened,
1190 2327 39 24 for

675 2365 105 27 another
809 2365 50 25 and
888 2373 69 17 more
994 2363 111 26 dreadful
1147 2363 81 25 sound

674 2402 92 36 caught
806 2401 40 27 his
876 2401 120 26 earthe
1032 2401 47 26 low
1110 2400 119 34 swishing

674 2440 81 27 sound
775 2440 28 27 of
823 2439 76 27 fallen
923 2441 83 24 water.
1052 2438 41 27 He
1110 2440 68 33 crept
1202 2446 27 18 as

674 2488 60 16 near
746 2487 26 17 as
782 2478 31 26 he
825 2478 73 26 could
912 2477 73 34 along
995 2476 42 26 the
1045 2485 96 17 narrow
1154 2476 58 35 path-

675 2525 61 25 way,
757 2515 51 27 and
826 2524 27 16 as
874 2515 31 25 he
929 2514 41 26 did
992 2523 35 23 so,
1049 2513 37 26 his
1098 2513 51 26 face
1175 2522 50 17 was

674 2553 129 36 sprinkled
829 2552 62 27 with
913 2551 42 28 the
973 2551 54 27 cold
1048 2560 73 27 spray
1140 2551 26 27 of
1183 2551 43 27 the

674 2594 104 23 torrent.
815 2591 43 24 He
878 2590 58 25 held
960 2593 43 22 out
1028 2589 39 26 his
1087 2589 72 33 hand,
1178 2589 49 25 and

674 2629 67 32 then,
752 2627 122 35 touching
883 2627 39 27 his
933 2627 54 35 lips,
997 2627 80 26 tasted
1088 2627 41 26 the
1140 2629 83 23 water.

674 2666 26 24 It
711 2675 51 15 was
775 2665 65 25 salt!

709 2702 58 26 Still
781 2701 49 26 and
841 2700 138 26 breathless
993 2709 26 17 as
1043 2710 14 16 a
1080 2703 88 30 statue,
1193 2700 32 26 he

673 2740 71 25 stood
757 2739 38 25 for
807 2747 15 16 a
835 2741 124 26 moment;
976 2738 43 25 the
1035 2741 68 29 next,
1122 2738 104 33 holding

673 2777 43 26 the
737 2776 67 35 lamp
826 2775 83 27 before
928 2774 60 34 him,
1010 2774 30 28 he
1053 2784 48 18 was
1122 2774 104 36 rushing

674 2814 62 26 with
748 2814 57 26 wild
816 2813 73 34 speed
902 2813 72 25 down
987 2813 42 26 the
1042 2813 93 26 broken
1155 2813 56 34 path-

673 2860 56 24 way
738 2859 71 25 away
821 2851 64 25 from
899 2849 42 26 the
959 2850 76 33 place.
1070 2852 36 24 As
1129 2850 31 26 he
1183 2858 28 26 ap-

673 2887 122 34 proached
808 2887 42 25 the
861 2889 117 23 entrance
995 2886 31 26 he
1042 2887 111 34 stopped,
1175 2886 50 26 and

672 2924 39 26 for
723 2933 14 17 a
750 2926 113 24 moment
875 2923 31 27 he
918 2923 87 27 looked
1023 2924 94 26 around
1134 2924 26 26 in
1187 2923 26 26 be-

674 2961 223 27 wildermenthe
910 2961 48 27 had
971 2962 122 27 mistaken
1104 2963 42 26 the
1156 2961 67 34 road,

673 3001 49 25 and
735 3000 96 27 instead
845 3000 26 25 of
882 2999 88 35 taking
982 3001 54 25 that
1054 3001 33 33 by
1099 3000 80 26 which
1193 3000 32 25 he

673 3037 49 25 had
734 3046 76 23 come,
824 3037 48 25 had
885 3037 114 26 followed
1012 3038 110 31 another,
1141 3037 82 26 which

671 3074 117 34 abruptly
803 3073 153 34 stoppeda
976 3082 63 17 mass
1059 3075 28 24 of
1102 3074 51 26 coal
1174 3074 50 24 had

672 3110 76 27 fallen
762 3110 48 27 and
823 3110 95 27 broken
931 3110 22 27 it
976 3111 40 27 off.
1061 3112 42 26 He
1123 3110 48 28 had
1191 3119 33 18 no

672 3148 61 26 time
746 3152 25 22 to
784 3152 58 22 turn
864 3148 70 26 back.
971 3150 41 25 He
1021 3149 77 26 threw
1108 3150 38 25 his
1156 3149 67 33 lamp

671 3185 82 33 down,
766 3185 56 33 and,
835 3195 26 16 as
874 3185 100 27 fortune
992 3187 81 26 would
1086 3187 62 26 have
1160 3186 29 33 it,
1202 3186 22 25 it

671 3232 51 16 was
734 3226 44 23 not
790 3223 102 32 broken,
907 3223 46 26 but
965 3224 59 33 only
1037 3224 74 27 fallen
1129 3232 33 17 on
1174 3232 49 17 one

671 3260 52 26 side
732 3260 77 26 about
825 3263 41 23 ten
884 3260 50 26 feet
946 3260 77 26 below
1035 3270 7 24 ;
1059 3262 68 30 then,
1137 3261 69 25 draw-

670 3297 44 36 ing
725 3297 26 27 in
762 3297 39 27 his
813 3297 94 34 breath,
922 3298 30 26 he
977 3299 119 34 prepared
1120 3298 38 28 for
1179 3298 44 26 the

670 3336 64 33 leap.
772 3335 40 27 He
825 3335 43 26 did
892 3340 44 21 not
948 3336 76 26 know
1037 3337 41 25 the
1091 3336 97 35 ground

670 3371 43 28 the
725 3372 67 34 lamp
805 3371 49 27 had
865 3380 63 26 gone
941 3375 52 26 out.
1031 3373 28 26 If
1081 3373 30 27 he
1135 3371 88 36 leaped

669 3409 32 27 he
713 3408 82 36 might
807 3409 43 27 fall
868 3409 55 28 into
947 3419 67 18 some
1035 3410 61 36 deep
1119 3411 87 26 fissure
1216 3418 6 24 \

668 3447 47 27 but
727 3446 71 28 there
810 3456 47 18 was
868 3456 33 18 no
913 3448 61 26 time
993 3451 26 24 to
1031 3448 110 27 hesitate.
1179 3447 44 26 He

669 3484 60 27 took
740 3484 43 26 the
793 3484 54 35 leap
859 3485 50 26 and
927 3485 61 34 fell;
1007 3486 42 26 the
1058 3485 55 27 firm
1123 3484 98 37 ground

668 3531 51 17 was
731 3521 106 27 beneath
849 3521 61 29 him.

687 3566 52 26 His
747 3574 53 17 arm
811 3574 50 18 was
870 3566 100 26 bruised
979 3567 51 26 and
1039 3567 39 27 his
1086 3566 74 27 ankle
1171 3574 50 17 was

666 3602 124 37 sprained,
803 3602 46 28 but
861 3602 31 28 he
915 3602 89 37 hardly
1028 3604 45 28 felt
1094 3604 28 28 it.
1171 3602 34 29 Ke-

666 3641 109 34 lighting
810 3641 39 26 his
872 3641 67 34 lamp
968 3642 32 25 he
1031 3643 91 26 dashed
1146 3641 75 33 along

666 3677 110 35 through
797 3676 42 27 the
862 3685 98 19 narrow
983 3687 113 27 passages
1124 3677 97 28 toward

666 3715 43 26 the
721 3714 68 26 main
799 3714 81 26 where
893 3715 43 26 the
948 3724 57 18 men
1016 3725 63 18 were
1094 3719 25 24 at
1138 3715 80 26 work.

699 3759 36 28 At
747 3758 50 27 last
808 3758 31 28 he
851 3763 51 24 met
913 3770 16 17 a
941 3760 49 37 boy
1007 3761 120 38 dragging
1146 3760 73 35 along

665 3807 15 17 a
692 3797 72 28 small
777 3797 53 27 coal
849 3808 110 26 waggon.
995 3800 42 28 He
1059 3801 91 35 caught
1175 3799 43 26 the

664 3836 42 25 lad
716 3837 33 33 by
759 3836 43 25 the
810 3836 117 27 shoulder
936 3837 49 26 and
997 3838 105 27 shouted
1113 3843 25 21 to
1146 3837 53 26 him
1212 3836 4 34 :

790 3890 50 26 you
852 3890 57 27 run,

724 3927 48 32 Ay,
783 3926 24 25 oi
901 3929 127 24 answered
1042 3929 43 25 the
1098 3930 53 31 boy.

822 3980 48 17 run
891 3981 63 25 your
995 3972 108 35 hardest,
1145 3971 71 29 Will.

664 4006 53 27 Tell
742 4008 69 26 them
835 4008 26 26 in
885 4010 42 27 the
964 4010 75 27 lower
1073 4011 68 27 main
1174 4009 44 27 the

665 4045 95 25 water's
772 4046 98 33 coming
882 4046 33 33 in,
929 4048 50 25 and
991 4048 27 26 in
1030 4058 32 17 an
1081 4050 62 25 hour
1167 4047 51 25 it'll

663 4081 34 26 all
711 4081 30 26 be

699 4126 155 35 "Fayther's
1000 4130 43 27 the
1066 4132 48 34 boy
1138 4129 75 34 cried,

663 4165 49 24 and
725 4164 107 27 without
844 4166 105 26 another
958 4169 68 25 word
1038 4169 88 25 rushed
1139 4167 42 26 off.

697 4209 79 26 Other
786 4209 61 35 boys
866 4220 64 18 were
953 4216 57 22 sent
1034 4217 26 22 to
1082 4214 40 25 the
1144 4211 73 26 other

662 4248 69 30 parts
743 4246 28 25 of
781 4246 42 25 the
837 4247 73 33 mine,
936 4248 82 26 forced
1041 4250 34 34 by
1101 4247 116 34 George's

662 4284 68 26 stern
744 4283 69 30 voice
826 4286 26 26 to
870 4285 69 36 obey,
954 4294 27 19 as
994 4285 30 29 ho
1038 4287 52 28 told
1104 4286 66 27 thorn
1184 4285 32 28 ho

1269 172 83 27 would
1365 176 43 21 not
1420 171 35 26 let
1466 177 47 19 one
1526 177 59 17 man
1598 168 69 26 leave
1680 167 41 26 the
1733 167 38 35 pit
1785 167 38 25 till

1269 211 59 32 they
1340 217 65 17 were
1417 208 32 26 all
1462 207 77 26 there.

1301 247 70 26 Then
1384 245 31 26 he
1434 243 97 26 waited.
1579 242 62 26 And
1662 241 21 26 if
1703 250 50 25 any
1777 250 47 17 one

1267 284 49 25 had
1328 292 58 17 seen
1399 282 39 26 his
1450 281 52 25 face
1515 289 27 17 as
1565 280 32 25 he
1609 278 72 27 stood
1705 278 80 33 alone,
1810 287 14 17 a

1266 323 102 30 strange
1405 319 95 32 change
1541 316 84 25 would
1660 315 65 25 have
1761 315 63 24 been

1266 356 98 27 noticed
1378 356 26 26 in
1416 355 27 26 it.
1480 353 81 27 There
1572 361 50 17 was
1634 360 57 17 now
1704 361 14 16 a
1727 351 58 26 look
1798 351 28 26 of

1266 394 60 27 such
1341 392 158 36 triumphant
1507 390 116 35 gladness
1635 398 27 17 as
1671 389 38 25 for
1720 397 76 25 many
1808 398 16 16 a

1265 442 60 25 year
1337 431 49 26 had
1394 435 45 21 not
1452 428 80 27 rested
1546 429 76 25 there.
1645 427 42 25 He
1696 426 126 27 stretched

1266 472 44 23 out
1328 468 38 26 his
1387 475 66 17 arms
1477 466 52 24 like
1553 473 47 17 one
1623 464 55 25 who
1702 464 49 24 had
1769 464 54 35 just

1265 506 79 25 ended
1358 513 68 17 some
1445 511 82 24 weary
1541 502 95 25 labour.
1685 501 70 26 Then
1781 500 40 25 his

1265 542 63 27 head
1358 541 62 27 s&nk
1450 548 33 17 on
1513 539 40 26 his
1579 539 92 31 bosom,
1705 537 51 26 and
1791 537 31 26 he

1266 579 140 26 muttered.

1326 617 22 26 0
1362 615 55 27 God
1428 615 5 25 !
1453 613 80 27 Saved
1545 613 5 26 !
1570 612 77 26 saved
1669 612 71 27 Thou
1765 611 56 25 hast

1264 654 60 34 kept
1337 661 38 18 me
1387 652 65 26 from
1464 652 28 31 it,
1507 650 50 26 and
1575 649 14 26 I
1614 657 57 26 may
1695 651 44 32 yet
1763 657 58 18 save

1264 691 68 25 them

1298 725 110 36 Quickly
1438 724 31 27 he
1493 722 131 27 recovered
1647 722 104 26 himself
1772 722 49 26 and

1264 769 64 20 went
1342 763 54 25 into
1408 772 14 15 a
1436 762 71 25 small
1521 760 69 25 office
1601 759 82 26 where
1704 760 32 24 he
1761 759 60 33 kept

1263 800 38 28 his
1307 799 77 27 books
1389 798 49 26 and
1445 798 173 26 instruments.
1638 796 42 27 He
1690 795 59 27 took
1756 795 65 27 from

1262 839 21 25 it
1295 847 14 17 a
1327 836 71 28 small
1422 835 116 27 revolver
1555 834 50 27 and
1624 842 68 19 some
1712 834 109 26 matches

1261 876 49 27 and
1323 879 67 22 went
1403 878 44 22 out
1459 873 80 35 again.
1579 873 41 26 He
1633 873 61 26 then
1706 876 38 22 set
1757 872 64 34 light

1261 916 27 22 to
1301 922 15 15 a
1332 913 62 33 heap
1413 911 27 25 of
1461 910 119 32 shavings
1604 910 50 24 and
1679 910 47 32 dry
1751 910 70 24 wood

1261 950 71 34 lying
1355 957 60 17 near
1439 948 42 26 the
1506 947 67 32 door,
1599 946 50 26 and
1677 946 51 26 this
1761 955 60 17 soon

1262 986 84 26 blazed
1356 995 43 25 up,
1411 984 173 34 illuminating
1595 984 42 26 the
1651 984 81 26 whole
1744 984 75 34 place.

1295 1023 61 26 And
1368 1023 74 34 again
1455 1023 31 24 he
1502 1021 98 26 waited.

1296 1061 65 26 Soon
1377 1066 73 28 troop
1462 1059 65 26 after
1546 1063 71 29 troop
1642 1058 26 25 of
1691 1058 42 26 the
1756 1068 64 23 men,

1259 1097 80 36 flying
1353 1101 27 22 at
1404 1096 67 27 their
1496 1099 97 23 utmost
1607 1096 81 34 speed,
1716 1096 104 26 reached

1260 1137 42 25 the
1315 1135 58 35 pit's
1386 1134 95 32 mouth,
1496 1134 48 26 and
1558 1143 14 16 a
1596 1133 91 26 fearful
1712 1134 67 33 sight
1801 1134 20 26 it

1261 1182 50 18 was
1323 1176 26 24 to
1362 1181 41 18 see
1416 1172 43 26 the
1471 1171 142 35 struggling
1627 1179 65 19 mass
1711 1170 28 27 of
1755 1179 64 25 men,

1260 1212 59 26 each
1333 1220 54 22 one,
1409 1210 62 26 with
1492 1209 139 26 maddened
1657 1209 87 27 shouts
1768 1210 52 26 and

1260 1249 84 34 blows,
1364 1247 109 37 striving
1486 1251 26 22 to
1525 1256 68 18 come
1617 1255 88 18 nearer
1731 1250 24 23 to
1777 1247 42 26 the

1260 1288 89 25 basket
1405 1288 54 25 But
1483 1286 96 32 George
1600 1285 127 25 Heiraer's
1751 1286 68 25 voice

1260 1332 51 17 was
1324 1323 75 25 heard
1413 1322 60 26 loud
1485 1322 81 25 above
1579 1322 20 25 it
1612 1322 86 27 all:

1295 1364 14 13 '
1319 1362 53 26 The
1385 1361 55 25 first
1459 1360 57 25 that
1534 1358 103 26 touches
1657 1358 55 27 that
1731 1358 88 26 basket

1259 1399 84 25 before
1353 1398 13 26 I
1377 1398 45 25 tell
1433 1397 50 25 him
1499 1396 40 25 I'll
1552 1397 72 24 shoot
1638 1396 56 25 that
1704 1405 56 16 man

1294 1435 70 33 They
1378 1442 50 17 saw
1442 1433 42 26 the
1503 1432 107 26 levelled
1633 1432 80 26 barrel
1727 1433 25 25 of
1776 1433 41 26 the

1259 1472 117 27 revolver
1385 1472 48 26 and
1449 1472 68 24 drew
1531 1470 69 26 back.

1319 1510 80 26 Those
1410 1509 55 25 that
1475 1516 41 18 are
1530 1507 105 25 married
1649 1507 75 26 stand

1294 1547 59 27 And
1368 1547 26 25 in
1407 1546 91 26 silence
1511 1545 42 26 the
1567 1553 57 18 men
1643 1545 96 34 obeyed
1758 1545 58 26 him.

1294 1584 43 26 He
1367 1584 61 26 then
1458 1582 124 36 signalled
1613 1586 26 21 to
1669 1591 15 16 a
1722 1583 96 25 certain

1260 1622 105 25 number
1389 1621 27 26 of
1445 1621 70 25 them
1539 1623 27 23 to
1577 1623 70 23 enter
1667 1619 42 26 the
1722 1619 94 26 basket,

1258 1663 45 21 not
1322 1668 31 16 an
1372 1659 98 25 instant
1483 1666 50 17 was
1546 1658 55 31 lost,
1614 1656 49 26 and
1677 1656 60 33 they
1751 1666 63 16 were

1259 1696 98 25 hoisted
1386 1699 46 21 out
1461 1695 28 25 of
1527 1694 74 34 sight.
1650 1693 52 26 The
1733 1693 83 26 others

1258 1734 111 26 strained
1383 1733 65 26 their
1460 1741 58 26 eyes
1531 1735 25 23 to
1569 1730 80 27 watch
1664 1731 41 26 the
1718 1731 84 26 ascend-

1258 1772 43 33 ing
1315 1780 64 17 mass
1392 1770 150 33 calculating
1555 1769 56 25 how
1629 1777 60 16 soon
1702 1769 20 24 it
1734 1769 82 24 would

1258 1813 88 21 return
1371 1811 26 23 to
1421 1816 85 17 rescue
1530 1806 76 26 them.
1644 1806 73 26 Some
1735 1806 27 25 of
1774 1806 42 26 the

1258 1855 58 17 men
1341 1846 57 25 who
1421 1845 50 25 had
1494 1844 66 26 their
1584 1851 57 17 sons
1666 1843 61 25 with
1747 1843 67 26 them

1258 1884 99 35 clasped
1387 1883 68 27 them
1485 1881 67 36 tight
1580 1880 38 27 in-
1638 1880 66 27 their
1742 1890 72 25 arms,

1259 1922 151 34 whispering
1425 1927 121 26 messages
1559 1922 26 23 to
1598 1919 29 25 be
1640 1919 75 33 given
1728 1919 22 25 if
1756 1919 59 34 they

1259 1967 65 18 were
1337 1960 55 30 lost,
1405 1957 39 26 for
1456 1957 25 25 in
1502 1956 87 34 nearly
1607 1964 75 26 every
1700 1964 55 18 case
1773 1957 43 25 the

1259 1995 82 25 father
1353 1995 74 24 chose
1440 1994 56 24 that
1508 1993 42 25 the
1564 1994 59 32 boys
1637 1993 89 25 should
1738 2001 31 26 go
1788 1994 26 24 in

1259 2032 66 26 their
1346 2030 68 35 place
1426 2039 7 24 ;
1451 2038 67 18 some
1539 2029 62 27 sank
1621 2033 27 24 to
1662 2029 43 27 the
1717 2030 97 34 ground

1259 2069 139 34 muttering
1422 2077 102 26 prayers
1537 2068 55 26 that
1605 2067 60 36 they
1677 2068 49 26 had
1739 2077 76 17 never

1259 2107 95 34 spoken
1387 2106 67 25 since
1486 2105 140 33 childhood,
1658 2106 48 25 and
1731 2106 84 26 others

1259 2143 106 26 listened
1389 2146 26 23 to
1430 2143 97 34 George
1540 2142 118 28 Hemiers
1672 2152 25 17 as
1710 2143 30 26 he
1761 2143 53 27 told
1823 2142 1 35 !

1258 2181 69 25 them
1343 2181 68 25 there
1425 2190 48 16 was
1487 2181 52 25 still
1550 2180 97 34 hopeaf
1659 2181 59 33 they
1731 2176 93 36 wouldlj

1258 2216 64 32 obey
1335 2216 58 25 him.
1425 2225 5 5 v
1621 2209 11 29 \
1813 2214 11 32 t]

1292 2253 53 26 Jim
1372 2253 99 33 Massey
1495 2252 49 26 had
1558 2252 61 26 been
1631 2252 28 26 in
1672 2260 47 17 oue
1733 2252 27 26 of
1772 2252 42 26 the

1258 2294 64 22 most
1334 2290 96 26 distant
1449 2290 134 35 workings,
1598 2290 49 26 and
1661 2299 50 17 was
1723 2299 47 17 one
1789 2290 26 27 of

1257 2328 44 24 the
1321 2328 49 25 last
1389 2332 26 20 to
1436 2328 72 24 reach
1529 2328 41 24 the
1584 2328 57 33 pit's
1654 2328 95 31 mouth,
1763 2328 51 25 and

1257 2373 57 16 now
1335 2365 31 25 he
1386 2365 70 25 stood
1475 2365 34 33 by
1529 2365 42 25 the
1593 2365 54 24 wall
1660 2368 78 30 apart,
1752 2365 60 25 with

1257 2410 57 26 eyes
1338 2401 60 26 bent
1422 2402 73 25 down
1514 2410 33 17 on
1559 2402 141 34 something
1713 2401 30 27 ho
1756 2401 58 27 held

1257 2439 27 27 in
1307 2439 39 26 his
1369 2439 116 27 handa
1509 2439 56 27 lock
1591 2439 28 27 of
1640 2439 105 35 Agnes's
1758 2439 56 27 hair

1257 2477 56 26 that
1339 2477 43 27 she
1407 2477 49 26 had
1476 2477 75 36 given
1565 2477 52 26 him
1632 2477 42 26 the
1686 2478 74 35 night
1773 2478 28 26 be-

1257 2514 59 27 fore.

1293 2552 72 27 More
1389 2551 61 28 than
1471 2551 56 27 half
1542 2552 43 27 the
1598 2552 106 27 number
1716 2552 28 27 of
1756 2561 55 19 men

1259 2600 64 15 were
1335 2600 56 15 now
1404 2590 50 25 safe
1464 2599 7 23 ;
1488 2590 49 25 and
1551 2590 42 25 the
1602 2590 95 32 basket,
1711 2591 101 26 whirled

1257 2637 34 25 up
1309 2627 34 34 by
1361 2627 70 26 those
1449 2627 56 25 who
1518 2627 74 26 knew
1601 2627 56 34 just
1669 2628 56 25 how
1739 2629 73 24 much

1256 2664 130 34 depended
1410 2673 66 25 upon
1502 2664 66 26 their
1591 2664 78 33 work,
1692 2664 49 26 had
1758 2665 56 34 just

1257 2702 45 26 left
1327 2701 71 25 when
1424 2702 104 33 George,
1553 2702 25 24 in
1605 2702 42 25 the
1668 2702 63 25 calm
1745 2702 68 26 voice

1256 2739 62 24 with
1332 2738 80 25 which
1424 2738 30 25 he
1467 2738 49 25 had
1530 2738 95 34 spoken
1638 2738 89 32 before,
1742 2739 54 25 said
1809 2738 4 34 :

1283 2775 68 33 Men,
1389 2775 77 26 who's
1490 2778 26 23 to
1543 2783 31 27 go
1598 2779 61 24 next
1732 2775 80 27 There

1255 2822 65 17 were
1338 2814 60 33 only
1417 2814 77 24 about
1513 2816 96 31 twenty
1627 2814 53 31 left,
1694 2821 57 17 men
1764 2814 49 25 and

1347 2850 82 26 whom
1452 2850 96 33 George
1570 2850 49 25 had
1638 2858 74 25 many
1725 2859 15 17 a
1753 2851 60 25 time

1255 2887 89 34 helped
1363 2887 32 33 by
1415 2887 80 24 words
1514 2886 49 25 and
1582 2887 92 32 deeds;
1692 2887 60 33 they
1777 2896 24 18 re-

1255 2923 141 28 membered
1417 2923 56 33 this,
1492 2923 50 26 and
1561 2923 33 28 all
1613 2923 67 26 cried
1698 2927 27 22 at
1734 2933 60 17 once
1807 2934 5 17 :

1281 2962 72 28 Next
1392 2961 79 28 turn's
1510 2961 78 35 thine,
1620 2965 93 24 master
1715 2963 97 26 we'll

1254 3010 68 16 come

1314 3038 90 25 Thank
1416 3046 57 24 you,
1488 3046 42 24 my
1633 3038 31 25 he
1682 3038 128 26 answered

1254 3074 97 35 quietly
1390 3073 46 26 I'm
1450 3077 45 21 not
1508 3074 76 34 going
1595 3074 52 25 this
1657 3074 68 32 time,
1737 3074 46 27 but
1796 3075 14 24 I

1254 3115 69 23 want
1345 3115 26 22 to
1391 3111 63 26 send
1474 3120 67 17 some
1563 3120 47 18 one
1631 3111 27 27 in
1672 3120 42 26 my
1732 3111 75 36 place.

1254 3149 65 28 Will
1335 3158 49 24 you
1400 3149 35 25 let
1448 3157 39 17 me

1289 3186 54 26 Not
1365 3195 26 17 so
1411 3186 100 35 eagerly
1531 3186 51 27 this
1601 3187 143 27 timebut
1756 3186 53 27 still

1254 3224 42 25 the
1306 3232 104 24 answer,
1447 3224 50 33 Ay,
1509 3228 92 22 master
1646 3233 49 17 was
1708 3225 81 34 given.

1320 3261 55 26 Jim
1394 3269 70 17 come
1483 3260 58 27 here
1591 3262 97 34 George
1701 3261 107 27 shouted

1280 3298 59 27 You
1361 3297 58 27 take
1443 3307 42 26 my
1509 3299 69 35 place
1602 3300 74 26 when
1694 3299 21 26 it
1728 3308 81 18 comes

1252 3336 80 34 again.
1379 3335 66 35 Nay,
1476 3336 48 32 lad,
1552 3347 48 25 you
1630 3341 64 23 must
1705 3335 4 37 I
1758 3337 51 26 Re.

1253 3373 118 32 member,
1386 3374 84 33 Agnes
1484 3379 79 21 wants
1575 3383 56 25 you,
1651 3374 60 33 Jim,
1731 3374 76 34 you'll

1253 3410 30 26 be
1305 3410 63 35 good
1390 3413 26 23 to
1438 3410 50 34 her,
1501 3412 76 26 won't
1589 3421 49 24 you
1647 3412 8 26 1
1690 3412 60 28 And
1763 3411 44 27 tell

1252 3448 45 26 her
1309 3448 143 26 sometimes
1463 3449 43 26 the
1518 3449 48 26 last
1580 3449 81 26 words
1677 3450 14 25 I
1705 3449 65 26 tried
1782 3453 26 22 to

1251 3494 45 25 say
1318 3494 71 22 were,
1405 3487 6 12 '
1422 3485 58 26 God
1501 3486 64 26 bless
1579 3487 60 25 both
1652 3486 28 26 of
1687 3495 52 25 you
1749 3487 42 26 '!"

1287 3522 69 26 Once
1368 3530 68 17 more
1448 3522 43 26 the
1503 3522 89 26 basket
1604 3523 144 33 descended,
1766 3523 43 26 the

1252 3559 48 25 few
1313 3559 55 25 that
1384 3568 61 16 were
1457 3559 91 26 chosen
1560 3560 87 35 leaped
1659 3560 55 25 into
1726 3560 28 32 it,
1766 3560 43 25 the

1251 3604 59 28 rope
1331 3604 50 18 was
1401 3595 96 27 shaken
1515 3605 27 18 as
1554 3596 44 26 the
1610 3596 80 35 signal
1704 3600 26 22 to
1744 3596 65 27 hoist

1252 3643 40 25 up,
1328 3634 49 25 and
1411 3634 63 25 with
1506 3643 49 17 one
1584 3635 69 29 tight
1676 3634 133 35 hand-grip

1251 3671 98 35 George
1369 3673 57 23 sent
1447 3670 54 27 Jim
1518 3679 31 17 on
1564 3671 39 26 his
1615 3680 60 25 way.
1713 3671 59 27 And
1782 3680 27 17 as

1250 3708 61 34 they
1334 3708 88 34 parted
1443 3708 54 27 Jim
1518 3708 90 26 looked
1626 3711 27 23 at
1662 3708 44 26 the
1718 3708 91 26 other's

1250 3745 61 33 face,
1335 3744 50 26 and
1411 3753 77 17 never
1513 3748 26 23 to
1563 3744 38 28 his
1626 3745 78 36 dying
1722 3745 43 27 did
1777 3746 32 26 he

1250 3783 82 36 forget
1352 3782 69 27 what
1441 3782 32 28 he
1492 3792 50 18 saw
1555 3783 149 28 therethe
1718 3784 77 28 bitter-

1250 3830 57 18 ness
1325 3821 28 26 of
1372 3821 75 26 death
1468 3821 49 26 had
1540 3822 87 34 passed
1639 3831 79 25 away,
1731 3823 51 26 and
1794 3832 14 17 a

1249 3863 100 31 strange
1376 3867 72 26 peace
1473 3868 50 17 was
1547 3859 102 35 shining
1662 3859 66 26 forth
1743 3860 64 27 from

1249 3897 40 27 his
1301 3906 66 25 eyes.

1283 3942 27 25 It
1323 3949 51 17 was
1386 3941 43 25 the
1441 3941 49 26 last
1502 3941 99 35 freight.
1650 3942 98 35 George
1772 3943 24 24 al-

1249 3979 76 35 ready
1339 3979 48 26 had
1400 3979 77 26 heard
1490 3979 43 26 the
1546 3979 95 28 distant
1660 3980 110 27 thunder
1782 3980 28 27 of

1248 4016 44 27 the
1306 4019 90 24 waters
1408 4016 117 35 bursting
1537 4017 26 25 in
1589 4017 47 26 full
1662 4017 65 27 flood
1753 4018 54 26 into

1248 4054 44 26 the
1321 4054 74 26 mine.
1445 4054 42 26 He
1512 4054 75 26 knew
1617 4055 43 25 the
1683 4055 50 25 end
1757 4064 51 17 was

1247 4099 77 25 come,
1338 4090 49 27 and
1401 4090 73 27 when
1488 4090 44 27 the
1542 4091 88 27 basket
1644 4101 50 17 was
1708 4092 84 26 ascend-

1248 4129 50 34 ing,
1313 4129 31 26 he
1356 4129 89 26 turned
1455 4137 71 26 away
1537 4129 73 26 down
1621 4139 14 16 a
1643 4130 52 26 side
1706 4139 101 25 passage

1248 4167 56 25 that
1317 4167 31 25 he
1361 4166 80 34 might
1454 4170 46 22 not
1512 4175 39 18 see
1567 4167 41 26 the
1626 4176 82 26 agony
1720 4168 28 25 of
1764 4168 42 25 the

1248 4212 59 25 poor
1321 4212 57 17 men
1392 4203 70 26 when
1477 4203 60 34 they
1555 4204 76 26 found
1645 4205 21 25 it
1691 4214 50 17 was
1765 4208 40 22 too

1247 4240 57 25 late.

1281 4283 62 28 Just
1355 4291 26 20 as
1396 4283 40 28 the
1451 4282 87 29 basket
1552 4282 103 28 reached
1678 4283 42 28 the
1741 4283 62 29 level

1844 164 37 29 'of
1893 166 42 25 the
1954 172 79 27 upper
2057 164 104 34 ground,
2184 164 83 26 where
2286 164 128 26 hundreds

1854 212 65 18 were
1937 202 104 34 waiting
2065 201 133 34 anxiously
2216 204 26 23 to
2267 202 80 26 watch
2372 203 42 26 the

1853 241 92 26 arrival
1958 239 26 26 of
1996 239 59 25 each
2068 247 121 25 company
2200 238 57 26 that
2267 247 51 18 was
2327 239 84 33 saved,

1853 287 14 17 a
1881 276 161 28 tremendous
2055 276 71 26 black
2146 276 74 26 cloud
2233 276 79 26 rolled
2325 285 33 27 up
2371 277 43 27 the

1852 314 59 34 pit's
1924 312 95 33 mouth,
2032 312 117 33 bursting
2163 321 33 25 up
2210 312 62 26 with
2296 322 15 16 a
2323 313 90 26 fearful

1852 359 57 18 roar
1918 349 61 35 high
1994 349 56 26 into
2074 348 50 27 mid
2151 349 45 33 air,
2221 349 50 26 and
2295 350 74 27 when
2393 350 21 27 it

1852 388 50 26 had
1914 387 98 26 cleared
2024 395 72 26 away
2106 385 50 27 and
2180 387 44 26 the
2246 396 56 17 men
2321 388 92 36 peered

1852 426 73 26 down
1939 425 43 26 the
1995 424 74 33 shaft,
2084 424 38 26 far
2135 434 71 25 away
2221 424 27 26 in
2271 425 43 27 the
2340 426 59 27 dark-

1852 471 57 17 ness
1918 462 108 25 beneath
2039 462 60 33 they
2110 462 74 25 could
2195 462 60 25 hear
2266 463 42 25 the
2316 464 62 25 dash
2387 464 27 26 of

1852 500 42 24 the
1907 508 90 22 waves,
2011 498 49 25 and
2074 499 142 25 sometimes
2229 499 108 36 thought
2352 500 61 35 they

1852 536 76 27 could
1941 536 97 25 discern
2051 535 65 26 their
2132 535 74 26 white
2219 536 81 35 gleam
2312 546 27 18 as
2351 537 61 36 they

1852 573 87 35 leaped
1953 582 34 25 up
2000 573 43 25 the
2057 573 64 26 sides
2133 573 28 26 of
2179 573 43 26 the
2241 573 74 29 shaft.
2358 575 54 26 Jim

1853 611 103 32 Massey
1968 610 51 26 and
2031 610 95 26 several
2145 611 84 25 others
2249 611 163 28 volunteered

1852 650 26 23 to
1891 656 31 25 go
1935 648 74 24 down
2019 647 50 25 and
2081 648 58 25 seek
2149 648 39 25 for
2200 657 49 25 any
2263 648 55 27 who
2332 649 80 36 might

1852 685 30 25 be
1893 684 52 26 still
1959 684 141 34 struggling
2110 685 27 25 in
2147 685 42 25 the
2199 690 84 21 water.
2322 686 27 26 It
2361 696 50 17 was

1852 724 40 23 too
1905 721 51 26 late
1969 720 73 27 when
2061 721 60 34 they
2144 721 103 27 reached
2269 722 44 26 the
2333 723 76 35 place,

1851 759 50 25 and
1914 758 61 33 only
1988 767 15 16 a
2015 758 49 25 few
2077 759 27 25 of
2115 759 41 25 the
2170 759 62 25 dead
2252 759 84 27 bodies
2347 770 65 17 were

1851 803 58 19 ever
1922 794 141 28 recovered.

1885 871 54 26 The
1956 871 68 26 mine
2048 871 21 26 is
2087 880 57 17 now
2163 871 120 34 deserted,
2303 873 50 27 and
2375 874 34 27 its

1851 907 128 34 buildings
1991 916 42 16 are
2046 908 26 24 in
2086 909 78 24 ruius.

1890 944 75 26 Some
1975 944 60 26 time
2055 944 64 26 after
2132 944 43 27 the
2188 945 112 35 disaster,
2317 956 15 17 a
2355 950 57 32 part

1850 982 28 26 of
1886 982 42 26 the
1946 982 54 26 cliff
2022 982 77 27 above
2124 982 27 33 it,
2175 984 121 34 probably
2318 985 75 26 under-

1850 1019 85 26 mined
1949 1020 33 33 by
1994 1019 42 25 the
2049 1020 83 24 action
2154 1021 27 23 of
2193 1020 41 25 the
2254 1029 89 24 waves,
2367 1022 43 24 fell

1850 1056 75 26 down
1937 1065 48 17 one
1997 1059 96 31 stormy
2106 1057 80 33 night,
2200 1057 50 26 and
2270 1067 56 17 now
2340 1058 70 27 there

1850 1093 21 26 is
1884 1102 14 17 a
1916 1096 70 32 great
2006 1102 91 17 cavern
2120 1095 146 35 wandering
2289 1104 71 26 away
2380 1095 29 27 in

1850 1131 64 26 dark
1943 1140 114 26 passages
2085 1132 81 26 under
2184 1132 43 26 the
2252 1132 54 27 cliff
2327 1133 83 26 where

1850 1171 57 32 part
1920 1168 27 26 of
1958 1168 43 26 the
2014 1168 53 27 coal
2081 1168 67 27 mine
2163 1168 50 28 had
2232 1170 68 27 been.

1883 1207 27 27 It
1923 1207 21 26 is
1956 1215 58 26 easy
2027 1209 25 24 to
2072 1210 129 31 penetrate
2212 1208 106 26 beneath
2338 1208 69 27 these

1848 1243 101 38 gloomy
1968 1244 86 27 arches
2078 1244 28 27 in
2123 1253 16 18 a
2163 1245 58 27 boat
2245 1245 94 36 during
2360 1246 49 27 fine

1852 1283 117 32 weather,
1982 1283 49 24 and
2046 1292 76 24 many
2136 1283 77 26 times
2226 1284 27 25 in
2266 1285 64 24 after
2342 1285 68 32 days,

1848 1318 185 34 Agnesthen
2046 1327 14 17 a
2072 1319 85 34 happy
2179 1320 57 25 wife
2248 1320 49 25 and
2312 1320 97 26 mother

1846 1356 120 26 would
1978 1365 69 17 come
2061 1356 70 26 there
2145 1357 61 25 with
2227 1358 45 26 her
2292 1358 114 26 children

1847 1401 33 17 on
1906 1402 111 17 summer
2048 1394 61 33 days
2128 1394 51 25 and
2203 1395 43 24 tell
2270 1395 69 25 them
2363 1395 45 25 the

1846 1433 71 31 story
1929 1431 27 25 of
1967 1431 56 25 how
2035 1431 65 25 their
2111 1431 101 26 father's
2224 1431 45 26 life
2283 1432 48 25 had
2346 1432 62 25 been

1847 1468 82 26 saved.
1966 1468 60 26 And
2041 1468 71 26 when
2125 1468 43 26 she
2185 1469 49 25 had
2252 1469 88 32 ended,
2353 1469 50 26 and

1847 1504 87 27 leaned
1947 1505 63 26 back
2022 1505 27 25 in
2064 1506 42 25 the
2119 1506 59 26 boat
2196 1514 27 18 as
2241 1506 61 34 they
2314 1506 91 26 floated

1846 1551 33 17 on
1893 1542 106 35 through
2014 1542 55 27 that
2083 1543 76 27 silent
2168 1544 82 35 gloom
2271 1553 28 18 as
2311 1543 26 28 of
2351 1544 42 26 twi-

1846 1579 72 35 light,
1938 1580 42 27 the
2003 1580 67 34 large
2088 1584 66 23 tears
2177 1581 84 27 would
2280 1581 89 35 gather
2381 1582 27 26 in

1848 1616 44 27 her
1904 1625 58 25 eyes
1974 1617 39 26 for
2025 1617 53 26 him
2103 1617 56 27 who
2177 1618 43 34 lay
2245 1619 28 25 in
2292 1619 57 26 that
2361 1627 32 18 un-

1848 1654 94 26 known
1954 1655 70 26 tomb
2037 1655 28 26 of
2076 1655 45 33 his,
2135 1656 40 25 far
2188 1655 81 27 below
2293 1655 27 27 in
2340 1665 70 18 some

1845 1691 61 25 dark
1919 1700 91 17 cavern
2022 1692 28 25 of
2062 1692 40 26 the
2112 1695 93 24 sea.'
2215 1693 105 32 Temple
2339 1693 68 27 Bar.'

1844 1775 133 27 THINGS
1996 1776 45 27 TO
2060 1777 46 25 BE
2133 1776 267 27 REMEMBERED.

1879 1852 65 27 That
1956 1853 98 35 parsley
2068 1857 72 24 eaten
2155 1855 61 26 with
2232 1854 103 35 vinegar
2354 1854 52 27 will

1843 1898 99 19 remove
1954 1891 43 28 the
2011 1891 148 36 unpleasant
2173 1893 85 28 effects
2272 1893 28 26 of
2320 1893 86 35 eating

1846 1928 96 28 onions.

1877 1966 66 26 That
1960 1966 81 32 cakes,
2062 1967 132 34 puddings,
2219 1968 51 32 &c,
2294 1976 42 18 are
2361 1967 30 26 im-

1843 2001 93 35 proved
1950 2002 33 35 by
1996 2002 103 35 making
2113 2003 42 26 the
2173 2007 123 30 currants,
2320 2013 86 26 sugar,

1842 2039 49 26 and
1904 2039 65 27 flour
1980 2039 45 28 hot
2037 2040 84 27 before
2136 2041 73 36 using
2222 2041 78 28 them.

1877 2077 66 27 That
1961 2078 68 36 lamp
2049 2079 88 26 shades
2157 2079 28 26 of
2211 2080 98 34 ground
2338 2080 68 35 glass

1842 2114 89 26 should
1945 2116 29 25 be
1982 2116 102 26 cleaned
2095 2116 60 26 with
2166 2126 59 25 soap
2235 2126 28 17 or
2273 2117 114 35 pearlash
2400 2126 6 24 ;

1843 2152 69 26 these
1924 2153 52 25 will
1990 2157 44 23 not
2046 2154 84 35 injure
2143 2163 27 17 or
2183 2155 107 26 discolor
2309 2155 76 28 them.

1877 2190 66 24 That
1975 2191 74 24 white
2079 2192 67 23 satin
2176 2192 72 24 shoes
2286 2201 57 23 may
2375 2193 30 23 be

1842 2225 101 24 cleaned
1958 2225 32 33 by
2004 2225 108 34 rubbing
2125 2227 68 23 them
2209 2227 60 24 with
2284 2226 58 25 blue
2354 2227 49 24 and

1842 2263 72 23 stone
1926 2260 100 35 flannel,
2046 2262 50 26 and
2119 2262 147 28 afterwards
2289 2262 117 37 cleaning

1842 2299 67 25 them
1926 2300 61 26 with
2000 2300 86 26 bread.

1876 2336 65 26 That
1962 2336 57 34 gold
2043 2337 51 26 lace
2117 2346 57 25 may
2195 2337 30 26 be
2245 2337 102 27 cleaned
2371 2337 34 35 by

1840 2372 110 35 rubbing
1962 2374 21 24 ifc
1997 2374 60 25 with
2070 2382 14 18 a
2097 2374 49 26 soft
2160 2374 86 33 brash,
2260 2375 92 35 dipped
2375 2374 28 26 in

1841 2409 74 27 roche
1927 2410 75 33 alum,
2017 2410 84 35 burnt,
2115 2412 51 26 and
2178 2412 82 27 sifted,
2275 2417 25 22 to
2313 2422 15 17 a
2342 2421 62 26 very

1842 2448 50 26 tine
1906 2449 107 33 powder.

1875 2485 66 27 That
1952 2487 90 34 earthy
2054 2487 86 26 mould
2159 2488 89 26 should
2270 2497 78 17 never
2371 2488 31 26 be

1842 2523 98 26 washed
1953 2523 64 27 from
2030 2528 120 32 potatoes,
2164 2529 101 28 carrots,
2280 2534 28 17 or
2330 2525 74 27 other

1840 2565 78 31 roots,
1943 2562 66 26 until
2039 2563 172 37 immediately
2234 2563 83 27 before
2342 2563 61 36 they

1841 2607 41 17 are
1892 2603 25 21 to
1932 2600 29 25 be
1974 2600 100 27 cooked.

1875 2637 65 26 That
1957 2638 55 25 cold
2031 2638 81 26 boiled
2143 2642 111 31 potatoes
2284 2638 61 26 used
2376 2647 26 17 as

1842 2682 59 25 soap
1915 2674 51 25 will
1979 2675 70 26 clean
2062 2675 43 26 the
2117 2676 81 26 hands
2210 2676 50 26 and
2273 2675 63 35 keep
2361 2676 41 26 the

1840 2710 59 26 skin
1911 2710 49 26 soft
1972 2711 50 26 and
2035 2711 111 36 healthy.
2183 2713 80 26 Those
2274 2715 45 23 not
2329 2720 73 19 over-,

1841 2747 83 25 boiled
1938 2756 41 18 are
1993 2748 41 26 the
2047 2748 62 28 best.

1875 2784 65 27 That
1962 2785 113 27 charcoal
2103 2787 101 34 powder
2225 2787 21 27 is
2277 2786 64 37 good
2363 2786 39 28 for

1842 2822 123 35 polishing
1977 2824 90 26 knives
2084 2824 106 27 without
2200 2824 146 36 destroying
2359 2824 43 27 the

1840 2858 92 26 blades.

1875 2895 66 26 That
1953 2899 87 31 potato
2053 2900 77 24 water
2142 2898 26 25 in
2191 2897 80 27 which
2290 2900 112 32 potatoes

1840 2931 65 28 have
1919 2933 61 26 been
1993 2935 109 35 scraped,
2117 2936 43 26 the
2174 2938 77 24 water
2272 2935 75 36 being
2359 2935 29 27 al-

1839 2970 79 27 lowed
1932 2974 25 23 to
1969 2972 82 33 settle,
2060 2974 50 26 and
2120 2974 150 26 afterwards
2280 2974 119 34 strained,

1839 3008 22 25 is
1873 3009 63 33 good
1952 3009 39 26 for
2003 3012 122 34 sponging
2139 3012 51 25 dirt
2203 3015 44 23 out
2260 3012 27 25 of
2299 3012 56 26 silk.

1872 3046 66 25 That
1949 3050 76 21 straw
2039 3049 108 33 matting
2166 3058 57 24 may
2243 3049 30 24 bo
2295 3049 104 26 cleaned

1839 3081 60 25 with
1912 3089 15 19 a
1939 3082 68 35 large
2019 3091 82 19 coarse
2112 3085 74 33 cloth,
2202 3085 92 35 dipped
2308 3085 27 27 in
2348 3085 51 27 salt

1837 3118 50 27 and
1907 3123 83 30 water,
2005 3121 49 26 and
2067 3122 61 26 then
2150 3123 80 35 wiped
2253 3123 54 35 dry.
2345 3123 54 27 The

1837 3156 49 25 salt
1910 3161 118 31 prevents
2048 3158 43 27 the
2112 3163 75 23 straw
2209 3160 64 26 from
2293 3161 107 35 turning

1839 3193 99 35 yellow.

1871 3231 65 26 That
1950 3232 148 27 buttermilk
2108 3233 21 26 is
2138 3234 123 27 excellent
2270 3235 40 27 for
2320 3234 66 27 clean-

1837 3267 43 35 ing
1893 3277 111 27 sponges.
2042 3270 74 36 Steep
2130 3272 43 26 the
2191 3280 93 28 sponge
2308 3272 28 27 in
2357 3273 43 26 the

1837 3306 63 26 milk
1915 3306 38 26 for
1977 3316 67 18 some
2066 3308 83 35 hours,
2172 3310 61 27 then
2253 3320 105 26 squeeze
2378 3310 22 27 it

1837 3347 50 28 out,
1902 3345 50 24 and
1966 3345 66 25 wash
2047 3345 20 25 it
2080 3347 26 25 in
2116 3348 55 24 cold
2185 3352 85 22 water.
2300 3349 99 26 Lemon

1832 3379 69 35 juice
1914 3381 21 26 is
1948 3381 52 26 also
2018 3383 70 31 good.

1872 3418 65 26 That
1963 3422 40 23 tea
2025 3419 89 35 leaves,
2138 3421 60 27 used
2219 3423 39 26 for
2290 3423 108 36 keeping

1836 3455 75 26 down
1925 3457 41 25 the
1980 3457 58 26 dust
2052 3459 71 25 when
2143 3465 125 30 sweeping
2291 3465 105 30 carpets,

1836 3501 42 17 are
1890 3496 42 31 apt
1946 3497 27 22 to
1985 3494 66 26 stain
2065 3496 65 34 light
2139 3496 78 26 colors
2231 3506 7 23 ;
2257 3498 50 25 salt
2319 3498 23 26 is
2354 3498 44 25 the

1836 3529 54 26 best
1903 3530 27 25 in
1943 3530 42 26 the
1998 3531 97 34 winter,
2118 3533 48 25 and
2181 3542 151 19 new-mowD
2347 3534 39 35 hay-

1837 3565 27 26 in
1877 3566 42 26 the
1935 3576 117 19 summer.

1871 3603 65 28 That
1948 3612 15 18 a
1974 3604 67 36 piece
2055 3605 27 28 of
2092 3606 69 28 linen
2173 3607 68 28 cloth
2260 3607 94 37 dipped
2366 3608 28 27 in

1838 3642 144 32 turpentine
1994 3644 50 25 and
2058 3645 116 34 wrapped
2187 3646 82 26 round
2293 3647 45 25 the
2357 3649 41 23 toe

1837 3685 32 18 on
1885 3678 76 27 which
1980 3687 14 18 a
2015 3680 50 26 sofc
2086 3689 60 19 corn
2168 3681 21 27 is
2211 3682 112 27 situated
2344 3682 52 27 will

1836 3713 57 35 give
1914 3715 77 33 relief,
2014 3717 50 26 and
2085 3717 64 27 after
2170 3727 15 17 a
2206 3719 48 26 few
2270 3719 63 35 days
2354 3720 44 25 the

1837 3759 59 19 corn
1913 3752 52 27 will
1978 3753 138 36 disappear.

1871 3790 68 28 That
1951 3790 43 28 the
2006 3792 77 27 white
2095 3793 28 26 of
2142 3802 33 18 an
2188 3802 46 28 egg
2246 3794 55 28 into
2314 3794 82 28 which

1836 3837 14 16 a
1876 3828 68 34 piece
1965 3830 27 24 of
2011 3830 68 26 alum
2101 3832 78 25 about
2201 3833 43 25 the
2266 3833 49 26 size
2338 3833 28 26 of
2381 3842 16 16 a

1838 3865 94 26 walnut
1944 3865 45 28 has
2002 3865 62 28 been
2076 3868 92 26 stewed
2181 3869 67 26 until
2261 3869 21 27 it
2294 3870 78 26 forms
2381 3879 16 17 a

1832 3903 71 34 jelly,
1912 3904 21 26 is
1946 3914 15 16 a
1973 3905 91 34 capital
2073 3906 102 33 remedy
2185 3906 39 27 for
2236 3908 108 33 sprains.
2368 3909 28 25 It

1835 3939 90 26 should
1938 3940 30 26 be
1980 3941 52 26 laid
2044 3950 60 17 over
2123 3942 42 26 the
2187 3944 85 34 sprain
2293 3952 68 28 upon
2380 3952 16 18 a

1836 3976 66 35 piece
1915 3978 28 26 of
1954 3978 55 34 lint,
2024 3980 48 26 and
2086 3980 30 26 be
2137 3980 113 36 changed
2271 3990 28 19 as
2323 3981 71 28 often

1835 4023 27 18 as
1874 4014 21 27 it
1908 4015 112 29 becomes
2031 4017 53 34 dry.

958 102 74 29 THE
1049 101 133 30 MOUNT
1199 97 148 30 BENGEK
1365 94 101 29 MAIL.

1920 83 170 37 Wednesday,
2106 84 75 36 April
2201 87 42 32 20,
2271 86 72 27 1881.

169 113 20 20 2

1863 4089 51 23 The
1933 4089 136 30 Presbytery
2089 4090 23 24 of
2128 4091 153 30 Birmingham
2300 4091 41 25 has
2357 4092 24 24 de-

1835 4125 72 24 clined
1917 4126 30 30 by
1958 4135 13 15 a
1980 4128 106 29 majority
2097 4128 23 24 of
2129 4136 68 16 seven
2208 4130 24 22 to
2244 4131 104 23 overture
2355 4131 38 23 the

1835 4163 75 29 Synod
1921 4164 22 23 in
1954 4164 79 24 favour
2044 4166 22 22 of
2076 4173 13 16 a
2100 4166 104 30 Liturgy.

1863 4201 86 23 Bishop
1966 4201 89 28 Craxe,
2078 4203 23 22 of
2121 4203 132 29 Sandhurst,
2271 4212 52 19 says
2352 4205 41 23 the

1834 4230 128 29 depression
1973 4232 22 21 in
2007 4232 34 22 his
2056 4232 88 23 diocese
2159 4233 19 23 is
2201 4234 152 28 unparalleled
2370 4235 23 22 in

1834 4260 34 22 his
1893 4260 60 24 time.
1994 4261 47 24 The
2076 4262 92 24 farmers
2201 4264 58 22 have
2292 4263 99 23 suffered

1832 4290 108 31 severely.
