2500 4410
69 95 160 33 Wednfaday,
255 95 70 33 April
351 95 37 29 20,
406 95 54 25 1881

907 91 90 26 THE
1034 86 154 29 MOUNT
1222 85 184 27 BENGER
1436 88 113 26 MAIL.

2304 86 14 24 3

203 281 295 28 NOTICE.

115 369 53 25 (HE
181 367 123 33 following
315 376 39 15 nre
371 365 41 26 the
425 364 58 32 days
504 360 126 35 appointed

146 409 36 22 for
191 406 98 30 holding
298 405 41 25 the
346 405 115 24 Resident
472 400 160 32 Magistrate's

75 447 45 24 and
140 445 125 25 Warden's
282 445 86 25 Courts
385 445 37 23 for
447 445 40 21 the
509 438 122 26 combined

72 486 137 26 Ooldfields
223 486 113 24 Districts
358 484 27 24 of
409 482 112 25 Dunstan
544 479 88 31 during

75 529 41 21 the
128 527 83 23 month
225 527 25 23 of
263 524 77 33 April,
359 523 54 23 1881
423 531 37 15 :

138 571 115 31 Monday,
261 569 230 31 4th-Qucenstown,
498 564 52 26 RM
557 564 76 24 Court

137 609 119 29 Tuesday,
270 608 224 23 sth—Arrowtown

139 648 157 31 Wednesday,
313 645 244 30 Gih-Q<ieenstown,

393 676 124 26 Warden's
528 677 74 24 Court

139 720 160 30 Wednesday,
319 715 163 31 13th—Clyde

139 758 134 32 Thursday,
288 757 87 24 14th—
385 753 137 27 Alexandra

139 798 96 30 Friday,
248 796 215 25 15th—Cromwell

137 830 160 30 Wednesday,
311 827 225 30 20th—Roxburgh

140 862 157 29 Wednesday,
311 859 164 30 27th—Clyde

141 885 373 40 Thursday/28th—Alexandra

141 927 98 31 Friday,
253 925 217 25 29th—Cromwell

212 970 151 25 JACKSON
379 968 166 25 KEDDELL.

352 1009 106 26 Warden
473 1008 47 25 and
536 1007 63 26 R.M

110 1054 136 27 Cromwell,
259 1054 86 23 March
361 1054 60 25 21st,
438 1053 67 22 1881.

211 1113 300 27 NOTICE.

79 1188 50 23 m
144 1186 26 26 H
186 1186 23 25 O
225 1186 28 25 M
270 1186 23 25 A
308 1186 18 25 S
406 1183 174 25 MAKE
603 1184 24 23 R

89 1209 31 38 i-
169 1229 122 26 TAILOR
315 1228 71 25 AND
402 1226 176 27 CLOTHIER.

259 1266 199 27 ROXBURGH,

82 1309 97 24 Desires
193 1311 25 20 to
230 1308 111 23 intimate
353 1310 25 21 to
398 1307 41 23 the
453 1305 149 24 inhabitants
614 1305 27 24 of

84 1347 133 31 Roxburgh
231 1347 46 23 and
289 1345 160 28 surrounding
462 1345 105 23 districts
585 1345 53 22 that
651 1341 2 37 !

82 1387 30 23 he
134 1386 42 24 has
205 1384 152 25 commenced
383 1383 108 24 business
520 1382 25 25 in
570 1381 67 25 those

83 1426 114 30 premises
209 1427 57 22 next
280 1424 58 23 door
350 1425 24 21 to
386 1423 40 23 Mr
440 1422 114 24 Burton's
562 1421 74 28 office,

82 1464 47 24 and
139 1465 20 22 is
168 1463 116 30 prepared
301 1464 26 22 to
339 1463 98 22 execute
456 1461 66 23 work
541 1467 25 15 in
579 1467 45 15 con-

82 1501 94 24 nection
189 1500 58 25 with
260 1500 41 24 the
318 1498 67 26 trade
394 1499 26 23 in
435 1497 122 25 first-class
568 1496 69 31 style.

82 1540 21 24 A
118 1540 59 26 good
191 1540 27 23 fit
234 1539 19 23 is
266 1538 157 28 guaranteed.

91 1584 39 2 ___

217 1597 296 27 NOTICE.

138 1677 95 23 OTICE
247 1677 25 23 Is
284 1675 98 31 Hereby
395 1675 76 25 Given
484 1674 54 24 that
553 1674 84 24 Poison

163 1721 20 23 is
202 1720 48 23 laid
273 1720 37 23 for
324 1719 101 24 Rabbits
447 1719 47 23 and
513 1717 68 29 Dogs
606 1724 29 17 on

84 1764 67 23 Runs
174 1764 42 22 100
239 1762 46 23 and
305 1762 45 23 3C9
362 1769 5 21 ;
392 1761 56 29 also,
472 1768 31 16 on
529 1759 124 35 freehold;

85 1806 66 28 land.

203 1840 62 25 CAR
272 1839 78 25 GILL
373 1840 20 25 &
419 1838 186 25 ANDERSON.

112 1878 85 24 Teviot
211 1879 102 25 Station,
328 1879 96 28 August
435 1877 64 27 18th,
508 1877 66 22 1880.

209 1936 299 25 NOTICE.

93 2005 4 32 ,
123 2007 175 30 .AWKKRS,
346 2005 199 31 RABBITERS,
590 2006 44 24 and

90 2038 48 30 1.1
179 2046 80 24 others
301 2053 40 17 are
379 2045 124 25 cautioned
545 2044 92 33 against

82 2087 94 29 dealing
197 2085 57 24 with
273 2093 27 17 c-r
326 2085 122 29 removing
471 2084 79 24 rabbit
573 2085 64 23 skins

82 2126 59 23 from
166 2126 53 22 Run
242 2124 52 28 3C9,
317 2133 25 14 as
355 2123 56 24 such
437 2124 20 23 is
478 2122 86 30 illegal,
590 2122 47 25 and

82 2164 46 25 will
141 2164 28 23 be
181 2162 138 33 prosecuted
337 2162 125 29 according
475 2165 25 20 to
513 2162 51 23 ]nw.

227 2206 146 24 CARGILL
386 2207 21 22 *
420 2193 186 37 ANDERSON*

114 2249 86 25 Teviot
214 2249 99 26 Station,
326 2248 83 23 March
421 2248 65 25 20th,
498 2248 66 22 1881.

147 2316 163 26 BOROUGH
326 2316 41 23 OF
381 2314 197 25 ROXBURGH.

272 2385 23 23 Is
320 2384 96 31 Hereby
440 2383 77 23 Given
534 2383 53 23 that
610 2390 29 17 on

178 2431 46 23 and
249 2430 62 23 after
332 2429 49 24 this
406 2429 63 28 date,
491 2429 88 23 Poison
603 2429 37 23 for

87 2469 101 24 Hahhits
202 2468 45 23 will
258 2468 26 23 be
296 2467 46 23 laid
362 2475 30 15 on
416 2467 32 23 all
470 2467 68 23 lands
553 2466 86 24 within

86 2510 41 23 the
143 2507 112 31 Borough
268 2506 25 25 of
306 2506 139 31 Roxburgh,
461 2504 124 33 including
601 2505 41 25 the

85 2546 141 26 Recreation
244 2547 111 23 Reserve.

244 2586 109 24 JAMES
370 2585 180 28 BETGHTON,

331 2618 86 30 Mayor
433 2618 26 23 of
471 2617 142 31 Roxburgh.

120 2657 139 31 Roxburgh,
276 2657 39 24 Bth
330 2657 130 31 February,
473 2657 68 24 1881-'

188 2716 73 23 MOA
293 2716 84 23 FLAT
409 2714 133 24 SCHOOL.

272 2799 41 23 OF
325 2796 165 26 ENGLAND
504 2796 140 25 SERVICE

103 2837 29 25 <J
167 2843 56 24 Will
244 2843 28 22 be
295 2841 56 24 held
366 2841 26 24 in
413 2841 41 24 the
471 2841 74 24 above
560 2840 84 25 School

92 2896 71 23 every
177 2886 132 25 SECOND
321 2884 139 25 SUNDAY
468 2884 25 24 in
502 2884 41 25 the
552 2884 91 25 month.

413 2935 28 25 C.
474 2935 139 24 COOPER.

174 3008 174 26 POSTAL
390 3006 179 26 NOTICE.

204 3076 171 26 EUROPEAN
406 3076 103 24 MAILS-

233 3120 96 25 MAILS
359 3119 125 23 CLOSE—

126 3167 48 23 For
200 3165 95 23 Millers
322 3161 63 28 Flat,
418 3159 139 24 Horseshoe
583 3158 66 24 Bend

94 3201 62 20 T»:tes
183 3196 125 26 Junction,
341 3194 143 26 Beaumont,
518 3191 133 24 Lawrence.

96 3230 123 27 Dnnedin,
233 3229 54 26 &c.,
298 3234 73 21 every
388 3224 119 30 Tuesday,
522 3223 128 30 Thursday

94 3263 45 25 and
158 3260 125 32 Saturday,
296 3262 24 21 at
331 3258 14 25 7
354 3265 53 16 a.m.

127 3296 48 21 For
196 3293 57 25 Coal
279 3292 85 24 Creek,
390 3289 61 25 Bald
478 3288 62 28 Hill,
566 3286 68 26 Mann-

95 3326 100 28 bn-ikia,
220 3325 83 32 Clyde,
330 3321 133 28 Cromwell,
489 3321 93 28 Arrow,
605 3319 46 25 and

96 3361 170 28 Qneenstown,
279 3364 71 23 every
366 3354 116 31 Monday,
494 3352 159 33 Wednesday,

96 3392 46 25 and
154 3392 98 26 Friday,
265 3395 24 18 at
300 3390 12 22 7
323 3396 54 21 p.m.

235 3434 96 22 MAILS
367 3432 146 21 ARRIVF—

126 3481 71 24 From
208 3476 113 26 Dunedin
334 3474 47 25 and
394 3473 168 26 intermediate
574 3472 77 25 offices

96 3521 73 22 every
181 3511 115 30 Monday,
310 3507 159 31 Wednesday,
490 3507 47 23 and
555 3506 97 31 Friday,

94 3555 24 21 at
129 3553 52 20 SV3O
190 3557 54 22 p.m.

132 3584 70 23 From
229 3580 160 30 Qneenstown
416 3576 45 25 and
486 3576 167 25 intermediate

97 3617 79 25 offices
193 3624 73 21 every
287 3612 116 31 Monday,
430 3609 158 32 Wednesday,
606 3610 45 24 and

99 3657 95 29 Friday,
206 3657 25 21 at
243 3655 53 23 7.45
307 3660 59 23 p.m.

130 3705 52 25 The
197 3704 59 24 next
266 3700 102 33 English
385 3699 45 25 and
450 3699 126 31 Europpan
587 3699 57 24 mail

101 3739 39 23 via
164 3739 45 23 San
229 3736 133 27 Francisco,
383 3733 73 25 closes
475 3740 30 16 on
528 3732 124 30 Thursday

102 3773 54 22 21st
185 3769 77 31 April,
289 3770 25 23 at
338 3768 13 23 7
381 3765 175 31 a.m.—Money
585 3764 69 24 order

99 3803 112 31 previous
220 3802 57 30 days
285 3803 25 22 at
320 3802 14 22 4
342 3807 69 24 p.m.,
423 3798 46 24 and
477 3797 129 30 registered
614 3796 39 24 the

99 3836 83 23 letters
195 3838 24 21 at
241 3836 13 21 5
274 3840 47 23 p.m
332 3832 93 23 —Suez
446 3830 59 23 Mail
527 3829 75 24 closes
623 3836 30 16 ou

100 3867 120 32 Tuesday,
239 3866 43 26 4th
303 3865 68 31 May,
386 3866 25 23 at
427 3863 13 27 7
452 3870 56 19 a.m.

327 3913 138 27 THOMAS
486 3913 92 29 COOP,

466 3952 155 25 Postmaster.

130 3988 58 26 Post
206 3989 80 28 Office,
303 3984 139 33 Roxburgh,

162 4036 51 22 3lst
227 4034 90 28 March,
334 4033 68 24 1881.

128 4106 48 21 The
200 4104 66 30 Right
291 4104 54 21 Rev.
373 4102 81 29 Bishop
479 4102 76 21 Moran
584 4101 70 22 leaves

101 4142 101 23 Puncdin
213 4141 42 22 this
265 4141 42 27 day
330 4137 154 31 (Wednesday)
507 4145 38 22 per
564 4144 36 16 s.s.
623 4137 31 23 Te

100 4180 64 20 Anau
175 4184 26 15 en
212 4179 60 19 route
281 4176 32 22 for
325 4176 43 22 San
387 4174 113 22 Francisco
515 4174 43 22 and
576 4174 76 22 Rome.

102 4214 83 27 During
197 4214 42 20 His
247 4211 124 29 Lordship's
380 4212 95 25 absence,
489 4211 36 22 the

99 4248 44 22 will
162 4248 28 22 he
212 4247 70 23 edited
306 4248 29 28 by
359 4254 12 15 a
397 4247 123 27 gentleman
543 4246 49 22 who
617 4247 37 22 has

99 4285 130 29 throughout
240 4285 54 23 been
305 4291 40 16 one
356 4283 24 23 cf
392 4283 37 23 the
439 4282 58 23 chief
507 4282 147 24 contributors.

703 171 110 24 BLACK
848 170 111 25 HORSE
991 167 176 28 BREWERY,

834 213 196 28 MILTON.

745 291 138 28 KOFOED
912 292 71 26 AND
1016 288 110 29 CLIVE,

661 337 37 31 (J.
710 337 27 25 T.
750 336 102 33 Kofoed,
864 337 48 25 late
923 337 25 24 of
960 336 81 30 Hayes
1052 334 48 25 and
1112 330 104 29 Kofoed,

883 375 123 31 Tuapeka)

696 420 26 60 I
726 421 66 24 AVE
809 420 72 25 much
903 420 108 32 pleasure
1029 419 24 23 in
1080 415 138 29 intimating

754 466 24 23 to
799 464 42 25 the
867 463 149 26 inhabitants
1037 461 28 26 of
1082 457 133 32 Roxburgh

663 506 47 26 and
718 508 161 30 surrounding
890 506 121 29 Districts,
1023 508 54 21 that
1088 504 57 31 they
1157 502 60 24 have

662 551 149 27 commenced
820 551 107 32 brewing
936 551 24 23 in
969 550 41 25 the
1019 550 76 24 above
1103 545 114 35 premises

692 602 38 25 All
740 603 82 23 orders
834 610 28 16 or
870 602 83 23 letters
961 604 53 20 sent
1022 603 25 20 to
1056 599 41 24 the
1110 598 107 29 brewery

663 647 48 24 will
725 647 91 24 receive
828 645 136 25 immediate
981 644 126 24 attention.

905 692 2 5 ■

693 717 86 24 Notice
792 720 24 20 to
837 717 139 24 Customers
987 725 5 15 :
1016 715 85 24 Please
1123 715 25 22 to
1161 711 57 25 cork

664 762 91 26 barrels
771 759 67 26 when
852 764 92 28 empfy.

716 832 75 24 Yeast
807 830 47 24 and
867 830 87 23 Graina
967 830 88 30 always
1067 837 30 15 on
1110 828 55 23 sale.

695 901 92 31 Agents
816 899 38 25 for
892 900 112 25 Feraud's
1034 898 75 24 Tonio
1141 896 80 24 Bitter

667 945 79 22 Wines
758 944 46 23 and
817 943 117 24 Cordials.

669 1080 83 56 M.
839 1077 202 57 FRA
1070 1073 148 65 ER,

820 1174 268 30 LAWRENCE,

805 1246 24 24 Is
848 1254 52 16 now
917 1245 105 30 shewing
1042 1244 37 25 his

707 1317 136 26 FIRST
893 1312 301 29 INSTALMENT

667 1456 155 54 NEW
897 1449 324 63 AUTUMN

737 1548 413 66 DRAPERY.

670 1730 134 25 Aberdeen.
833 1730 76 31 Super
941 1729 48 23 and
1015 1729 70 32 Crisp
1112 1728 111 30 Wincies,

792 1774 38 30 Gd,
844 1774 39 30 9d,
895 1773 47 25 and
954 1774 26 23 Is
991 1780 42 25 per
1048 1772 68 31 yard.

671 1846 109 24 Checked
793 1845 46 24 and
851 1845 69 25 Plain
932 1844 163 32 Homef>puns,
1107 1844 61 24 from
1180 1845 31 22 Is.

671 1916 78 31 Large
767 1915 151 24 Assortment
934 1914 27 24 of
978 1914 93 24 Ladies'
1093 1913 45 25 and
1155 1912 71 26 Girls'

691 1961 77 23 Straw
778 1959 62 24 Hats
852 1958 44 32 (all
907 1958 103 31 shapes),
1023 1958 61 24 from
1097 1959 25 22 Is
1130 1957 66 25 each.

672 2031 67 24 Satin
768 2029 91 31 Cloths,
885 2028 96 25 Russell
1009 2028 83 29 Cords,
1118 2028 109 28 Lustres,

677 2100 163 32 Merinos,and
849 2099 129 24 Cashmere
987 2098 92 30 Cloths,
1084 2098 60 23 from
1155 2098 25 23 Is
1189 2097 38 23 3d.

686 2242 176 25 MILLINERY
884 2242 67 21 AND
978 2238 235 24 DRESSMAKING.

809 2384 21 24 A
858 2383 78 31 Largo
966 2382 71 25 Stock
1067 2381 24 23 of

691 2455 101 25 MEN'S
820 2455 71 22 AND
921 2453 93 24 BOYS'
1043 2449 180 26 CLOTHING

689 2601 73 23 NEW
797 2599 101 24 HATS!
943 2597 71 22 NEW
1044 2594 166 25 MERCERY!

675 2743 126 26 CHOICE
818 2738 221 28 ASSORTMENT
1064 2739 42 25 OF
1123 2737 107 29 BOOTS,

867 2813 30 24 Of
914 2811 30 25 all
962 2810 80 25 kinds.

677 2961 65 22 THE
768 2958 172 27 CHEAPEST,
966 2957 77 22 BEST
1066 2954 167 28 SELECTED,

736 3027 69 23 AND
842 3025 142 23 LARGEST
1016 3024 100 22 STOCK
1147 3023 33 24 IN

870 3091 185 25 LAWRENCE.

749 3266 22 24 R
801 3264 148 25 DAVID
980 3260 253 28 FINLAYSON

705 3340 167 27 SOLICITOR
888 3340 68 23 AND
972 3338 243 28 CONVEYANCER,

786 3409 64 23 Ross
864 3407 92 29 Place,
974 3407 153 22 Lawrence.

744 3558 214 26 Offices—Town
973 3557 57 25 Hall
1044 3557 136 30 Buildings.

744 3702 135 32 Roxburgh
895 3701 87 25 visited
994 3701 68 26 when
1074 3700 103 26 desired.

796 3840 125 25 MONEY
950 3839 44 25 TO
1025 3838 103 26 LEND.

758 3945 90 26 JNEY
876 3944 40 25 TO
945 3943 92 26 LEND
1066 3951 31 16 on
1124 3942 108 26 Freeholc

685 4023 118 31 Security,
827 4022 25 24 in
876 4029 66 16 suras
956 4022 25 23 to
997 4019 48 25 suit
1066 4020 158 24 Borrowers.-

685 4092 88 32 Apply,
789 4090 44 25 Mr
855 4090 153 28 Folatbon,
1029 4087 120 29 Solicitor,
1172 4087 57 24 Law

744 4241 210 26 Offices—Town
968 4239 57 25 Hall
1048 4238 132 30 Buildings.

1242 165 115 23 LABOR
1383 165 199 28 EXCHANGE,
1607 167 187 24 LAWRENCE

1277 286 9 5 -
1321 276 163 33 Engagement
1493 279 24 24 of
1522 279 30 25 all
1562 279 71 26 kinds
1642 281 27 25 of
1675 281 119 29 Servants,

1244 316 141 29 Domestics,
1414 318 86 29 Cooks,
1538 318 167 26 Housemaids.
1734 320 60 29 &c.;

1244 354 50 25 also
1306 354 156 34 Ploughmen,
1475 356 192 32 Station-hands,
1679 357 59 26 Pick
1747 358 45 25 and

1245 393 87 24 Shovel
1346 394 67 29 Men,
1423 395 52 29 &c,
1490 396 164 24 &c.—Orders
1661 398 32 30 by
1705 401 52 26 post
1768 405 26 15 or

1245 431 114 32 telegram
1371 432 47 25 will
1429 433 91 24 receive
1533 434 113 31 punctual
1658 436 124 24 attention.

1459 476 25 25 J.
1503 477 25 26 C.
1544 477 160 32 LORIMER,

1480 520 77 24 Labor
1570 521 135 32 Exchange,

1379 558 254 32 Whitebaven-street,
1642 560 136 25 Lawrence.

1381 609 278 57 CRAIG'S

1245 683 318 26 COMMERCIAL
1629 685 166 32 HOTEL,

1350 732 68 23 Peel
1421 739 106 23 -street,
1540 732 151 26 Lawrence.

1409 814 103 24 CRAIG
1537 813 38 31 (of
1593 814 67 25 Cobb
1677 815 46 23 and
1743 814 55 30 Co.)

1303 869 7 3 -
1342 852 55 29 begs
1423 855 25 20 to
1462 859 123 17 announce
1609 852 89 31 having
1719 852 80 23 leased

1249 891 39 23 the
1298 890 74 24 above
1386 889 157 25 well-known
1556 889 79 31 Hotel,
1647 892 47 23 and
1705 890 95 24 intends

1249 929 112 31 devoting
1372 928 37 23 his
1423 929 76 23 entire
1511 929 119 24 attention
1642 929 92 24 thereto

1279 973 49 25 Tne
1341 972 153 25 Commercial
1505 972 75 26 Hotel
1592 973 20 24 is
1625 980 51 18 now
1700 981 27 17 bo
1748 972 52 26 well

1236 1011 2 33 ;
1249 1013 47 24 and
1306 1012 124 32 favorably
1441 1011 87 25 known
1553 1012 54 24 that
1628 1020 47 23 any
1697 1012 103 25 detailed

1237 1049 2 36 j
1250 1050 142 30 description
1403 1051 20 22 is
1432 1049 154 31 superfluous.
1619 1049 25 24 It
1666 1050 20 23 is
1708 1058 14 15 a
1734 1050 67 23 brick

1237 1077 2 41 I
1250 1087 114 31 building,
1383 1086 68 25 fitted
1472 1086 57 24 with
1553 1094 73 24 every
1640 1086 161 25 convenience

1237 1124 2 31 j
1249 1128 38 23 for
1320 1125 96 25 Private
1445 1125 111 25 Families
1583 1125 48 25 and
1657 1124 145 28 Travellers.

1237 1164 2 33 '
1250 1167 49 23 The
1324 1166 179 31 Sitting-rooms
1527 1172 40 17 are
1588 1164 62 31 lofty
1670 1164 49 24 and
1741 1171 47 17 com-

1237 1202 1 31 :
1251 1204 115 29 modious,
1387 1204 47 23 and
1458 1204 40 22 the
1515 1203 143 24 Bed-rooms
1679 1211 40 15 are
1740 1202 64 31 large

1237 1241 1 26 i
1252 1243 44 24 and
1310 1241 201 25 well-ventilated.

1281 1285 47 24 For
1353 1284 42 24 the
1419 1283 157 25 convenience
1602 1282 28 24 of
1649 1281 157 26 Commercial

1237 1320 2 32 !
1251 1323 130 25 Travellers
1396 1322 67 24 there
1474 1322 20 24 is
1505 1329 14 17 a
1529 1322 66 30 large
1613 1321 46 25 and
1668 1320 138 26 well-fitted

1237 1358 2 35 i
1251 1362 182 31 Sample-room.

1281 1439 52 24 The
1343 1437 181 24 Billiard-room
1531 1437 21 23 is
1560 1436 116 31 provided
1689 1435 59 25 with
1762 1444 44 16 one

1249 1477 26 24 of
1290 1476 110 24 Alcock's
1412 1476 51 23 best
1475 1475 44 24 full
1532 1474 62 24 sized
1606 1474 94 24 Tables.

1296 1559 63 30 Hot,
1378 1558 78 30 Cold,
1474 1564 51 16 asd
1540 1557 109 23 Shower
1665 1557 92 23 Baths.

1236 1637 3 36 |
1251 1643 144 24 Permanent
1416 1640 118 25 Eoarders
1555 1638 190 27 accommodated
1774 1646 30 17 on

1411 1679 137 25 reasonable
1561 1682 77 21 terms.

1283 1769 30 24 In
1324 1766 139 27 connection
1474 1766 57 24 with
1543 1766 42 24 the
1602 1765 75 24 Hotel
1698 1765 67 23 there
1783 1764 21 22 is

1239 1794 2 46 I
1252 1816 30 18 an
1294 1807 122 26 extensive
1427 1815 73 25 range
1512 1806 26 26 of
1544 1804 114 32 Stabling,
1668 1803 70 26 fitted
1745 1802 58 28 with

1239 1839 2 45 j
1253 1849 64 24 loose
1329 1849 79 28 boxes,
1419 1848 47 24 and
1478 1847 70 30 being
1564 1846 76 24 under
1653 1844 40 25 Mr
1714 1844 89 31 Craig's

1239 1882 2 36 |
1255 1888 108 30 personal
1399 1884 156 33 supervision,
1589 1884 20 23 is
1642 1891 15 16 a
1687 1882 115 24 sufficient

1253 1929 126 28 guarantee
1407 1924 52 24 that
1481 1924 81 23 horses
1580 1921 48 24 will
1649 1920 91 25 receive
1762 1921 40 24 the

1255 1966 50 23 best
1319 1964 125 24 attention.

1284 2009 88 26 Ladies
1399 2007 48 25 and
1474 2006 82 25 Gents'
1588 2006 87 24 Saddle
1703 2006 97 28 Horses,

1240 2038 2 42 I
1256 2048 109 32 Buggies,
1386 2047 84 32 Trap?,
1483 2046 47 24 and
1546 2045 110 30 Coaches,
1683 2044 26 26 of
1732 2051 71 24 every

1247 2087 160 31 .description,
1419 2086 37 23 for
1467 2084 144 28 Travellers,
1623 2082 182 28 Excursionists,

1257 2126 99 29 Picnics,
1385 2129 48 25 &c,
1456 2122 110 33 supplied
1598 2130 31 17 on
1643 2122 41 24 the
1703 2121 104 24 shortest

1298 2166 40 22 ir*,

1240 2200 2 38 j
1284 2206 67 22 Cobb
1365 2204 47 23 and
1437 2204 61 23 Co.'s
1526 2202 76 30 Royal
1626 2201 60 24 Mr.il
1704 2200 103 25 Coaches

1240 2240 2 32 i
1256 2244 63 23 leavo
1332 2243 40 24 the
1381 2242 73 23 Hotel
1468 2241 120 31 regularly
1600 2240 38 24 for
1648 2241 158 28 Queenstown

1240 2274 3 43 J
1256 2282 44 25 and
1312 2281 32 24 all
1359 2280 165 25 intermediate
1536 2279 85 32 places.

1497 2323 97 25 HUGH
1608 2323 110 29 CRAIG,

1633 2366 145 30 Proprietor.

1286 2438 241 29 N.B.—Passengers
1555 2444 42 16 can
1625 2435 92 32 depend
1743 2442 66 23 upon

1243 2474 3 31 !
1258 2477 69 28 being
1338 2475 75 24 called
1425 2475 36 23 for
1474 2475 40 22 the
1526 2474 64 28 early
1600 2474 72 24 train.

1355 2616 361 66 WOOL,

1259 2724 142 63 OTAGO
1454 2723 90 23 CORN
1593 2721 71 24 AND
1714 2720 96 23 WOOL

1340 2754 200 28 EXCHANGE.
1573 2752 165 26 DUNEDIN.

1318 2822 37 23 To
1367 2821 40 23 the
1504 2820 112 24 Growers
1627 2816 26 25 of
1663 2816 88 32 Otago.

1246 2856 3 31 I
1261 2862 188 24 Gentlemen—

1291 2899 41 25 We
1348 2899 45 30 beg
1414 2900 26 21 to
1463 2896 109 25 intimate
1593 2895 55 24 that
1668 2902 44 17 our
1729 2894 68 24 Ware-

1247 2928 2 30 :
1261 2935 83 23 houses
1353 2939 40 16 are
1404 2938 54 16 now
1479 2931 73 26 ready
1572 2929 37 23 for
1630 2930 42 22 the
1693 2928 120 30 reception

1247 2960 2 33 I
1261 2966 46 24 and
1318 2964 47 25 sale
1376 2964 25 25 of
1422 2963 61 24 wool
1497 2963 88 30 during
1597 2963 42 22 the
1661 2968 91 23 season,
1767 2960 46 24 and

1248 2993 2 33 !
1262 3000 51 23 that
1339 3004 35 18 we
1400 3003 39 17 are
1465 2996 117 30 prepared
1608 2997 25 20 to
1664 2993 69 24 make
1759 2993 55 25 cash

1249 3022 2 40 |
1263 3032 113 24 advances
1386 3029 93 31 against
1501 3028 186 29 consignments,
1708 3026 107 25 whether

1265 3065 34 23 for
1312 3063 46 23 sale
1367 3062 56 23 here
1434 3069 27 15 or
1472 3062 38 22 for
1520 3061 127 29 shipment.

1293 3102 43 25 We
1347 3100 58 25 hold
1417 3100 102 24 Auction
1531 3098 67 25 Sales
1607 3098 25 25 of
1646 3098 75 30 Wool,
1730 3097 85 32 Sheep,

1250 3129 2 34 j
1264 3137 77 26 Skins,
1363 3134 83 27 Hides,
1467 3134 47 22 and
1537 3131 96 30 Tallow,
1648 3139 72 20 every
1743 3132 73 23 week.

1251 3163 2 37 j
1266 3170 105 22 Account
1397 3166 66 23 Sales
1487 3164 124 28 rendered,
1633 3164 49 24 and
1703 3163 113 32 proceeds

1251 3190 2 43 !
1265 3201 52 32 paid
1330 3206 56 17 over
1397 3197 86 25 within
1494 3197 36 24 six
1546 3197 60 30 days
1616 3197 25 23 of
1653 3196 56 24 sale.

1249 3234 3 32 i
1291 3237 43 25 We
1356 3239 38 22 act
1407 3236 92 30 strictly
1512 3243 27 16 as
1560 3234 111 25 Selling
1696 3235 121 24 Brokers

1266 3270 77 30 Only,
1368 3269 47 24 and
1428 3268 69 24 make
1526 3267 90 25 careful
1638 3268 136 24 valuations
1792 3267 28 24 of

1265 3310 71 23 every
1346 3301 79 31 parcel
1441 3301 65 30 prior
1517 3302 25 21 to
1561 3300 55 29 sale,
1628 3300 47 24 and
1697 3307 25 16 as
1745 3307 71 23 every

1266 3337 149 30 department
1428 3333 28 24 of
1465 3333 41 24 the
1517 3333 109 24 business
1649 3333 21 24 is
1685 3331 131 26 conducted

1265 3370 76 24 under
1364 3375 44 16 our
1434 3367 132 24 Pkrsonal
1591 3366 157 31 supervision,
1776 3364 41 23 the

1268 3404 49 21 best
1329 3403 128 28 guarantee
1469 3399 20 23 is
1510 3398 108 24 afforded
1638 3401 25 21 to
1682 3397 136 30 consignors

1252 3427 2 32 !
1267 3435 52 24 that

1252 3460 2 37 I
1267 3473 42 24 NO
1322 3471 120 25 PARCEL
1459 3469 81 24 WILL
1557 3469 39 23 BE
1613 3469 80 24 SOLD
1708 3465 110 26 BELOW

1331 3502 47 23 ITS
1395 3502 82 22 FULL
1492 3501 133 22 MARKET
1639 3499 113 26 VALUE,

1252 3534 2 36 i
1268 3541 45 25 and
1325 3540 52 24 that
1392 3539 64 24 their
1468 3539 113 23 interests
1594 3537 122 33 generally
1730 3534 48 26 will
1790 3534 29 24 be

1253 3571 1 32 ■
1268 3571 112 32 carefully
1393 3573 131 28 protected.

1298 3611 38 26 All
1347 3611 59 23 wool
1420 3610 46 24 and
1494 3609 69 25 other
1589 3608 104 33 produce
1719 3608 21 24 is
1758 3605 61 31 fully

1252 3640 3 39 j
1268 3645 96 25 covered
1388 3643 32 31 by
1439 3645 124 22 insurance
1581 3643 63 24 from
1665 3641 40 25 the
1726 3641 58 24 time
1800 3640 20 22 it

1253 3676 1 26 :
1268 3680 78 22 enters
1355 3683 44 17 our
1411 3676 89 23 Stores.

1297 3714 49 26 The
1355 3714 95 30 charges
1460 3721 29 16 on
1500 3712 68 26 Wool
1578 3712 89 26 offered
1678 3712 35 26 for
1720 3711 47 25 sale
1773 3709 45 26 and

1268 3752 42 21 not
1319 3747 50 24 sold
1380 3755 39 15 are
1431 3746 113 27 nominal,
1555 3747 72 29 being

1253 3783 2 40 |
1289 3786 64 24 ONE
1369 3785 151 23 SHILLING
1536 3785 60 21 PER
1611 3785 80 22 BALE
1707 3783 90 26 ONLY,

1254 3814 1 29 !
1268 3819 77 22 which
1367 3815 108 24 includes
1501 3815 127 28 receiving,
1644 3814 173 28 warehousing,

1253 3839 2 41 I
1268 3850 112 30 delivery,
1393 3847 47 24 and
1454 3846 125 25 insurance
1590 3846 81 25 whilst
1689 3846 24 23 in
1726 3845 74 24 Store.

1298 3888 132 29 Returning
1441 3894 44 16 our
1494 3886 54 24 best
1557 3886 87 25 thanks
1657 3886 37 24 for
1706 3885 41 24 the
1761 3892 42 23 sup-

1254 3918 2 37 !
1267 3927 54 28 port
1333 3930 25 15 so
1372 3919 108 30 liberally
1492 3918 114 24 accorded
1615 3921 25 21 to
1656 3926 28 16 us
1705 3918 112 26 hitherto,

1254 3950 2 32 i
1268 3957 47 23 and
1336 3952 108 30 assuring
1458 3959 48 22 you
1522 3951 25 24 of
1568 3959 44 16 our
1623 3951 78 26 desire
1713 3954 25 21 to
1749 3950 69 23 merit

1254 3983 1 31 i
1268 3991 30 23 its
1308 3985 163 28 continuance,

1408 4025 44 23 We
1466 4024 98 29 remain,
1578 4023 150 30 Gentlemen,

1476 4056 78 23 Yours
1568 4055 130 31 faithfully,

1418 4093 140 25 DONALD
1575 4093 83 23 REID
1671 4093 47 24 and
1738 4093 51 28 Co.,

1254 4135 1 33 !
1269 4140 69 25 Wool
1376 4137 111 30 Brokers,
1522 4137 80 30 Stock,
1642 4137 99 29 Station,
1773 4136 47 25 and

1254 4169 2 34 !
1282 4173 107 25 Produce
1401 4172 99 31 Agents,
1512 4170 66 31 High
1590 4172 82 29 street,
1684 4169 120 25 Dunedin.

1960 162 96 23 FOR
2119 162 145 23 SALE.

1859 242 37 24 \A
1897 242 6 13 T
1906 242 20 24 E
1937 241 104 25 CHEST
2052 241 164 25 DRAWERS
2227 242 25 30 (5
2263 241 114 31 drawers)

1860 273 16 26 /
1908 275 76 26 -£4.

1869 320 52 25 One
1934 320 74 24 Chest
2018 320 76 25 Cedar
2105 320 110 25 Drawers
2229 320 24 32 (7
2263 319 114 32 drawers)

1914 353 70 25 -£b\

1877 392 53 24 One
1942 392 73 24 Chest
2027 392 76 24 Cedar
2114 392 111 25 Drawers
2236 393 25 29 (8
2270 392 103 24 drawers

1914 425 74 24 -£7.

1870 464 50 25 One
1936 463 194 33 Cupboard—£2
2148 466 33 25 ss.

2124 508 48 25 An
2199 508 86 32 SING,

2081 545 104 26 Chinese
2201 547 115 27 Gardens,

2202 586 143 30 Roxburgh.

1907 640 62 22 Lives
1979 641 21 22 of
2015 645 57 25 great
2088 649 47 15 men
2146 642 29 22 all
2189 640 83 23 remind
2287 649 30 19 us,

1904 670 41 23 We
1955 677 38 16 can
2004 672 62 22 make
2076 679 38 15 our
2125 672 51 22 lives
2187 672 90 22 sublime
2286 680 7 19 ;

1905 702 57 25 And,
1972 702 116 28 departing,
2100 703 59 21 leave
2170 702 80 22 behind
2260 709 25 14 us

1874 730 4 29 •
1905 730 122 29 Footprints
2037 738 27 14 on
2075 731 35 21 the
2120 733 62 20 sands
2197 731 23 21 of

1869 797 50 25 iHE
1935 798 73 24 above
2029 799 20 22 ia
2071 799 57 23 read
2153 798 55 23 with
2234 797 101 24 interest
2347 797 32 30 by

1906 830 130 24 thousands
2072 832 26 21 of
2131 838 82 23 young
2246 837 61 16 men.
2355 829 26 24 It

1828 861 100 30 inspires
1952 863 64 21 them
2042 862 56 23 with
2129 863 79 27 Hope,
2237 861 37 23 for
2287 861 25 24 in
2338 861 43 24 the

1829 893 81 31 bright
1924 893 90 25 lexicon
2027 894 28 23 of
2067 894 77 32 youth
2160 894 68 23 there
2243 894 19 23 is
2279 901 31 16 no
2320 894 60 24 such

1829 926 66 23 word
1906 933 25 15 as
1949 926 48 24 fail.
2032 927 70 23 Alas!
2131 935 40 21 say
2194 934 80 22 many,
2289 927 49 22 this
2359 926 20 23 ia

1829 962 96 25 correct,
1926 959 51 22 —is
1989 961 52 21 true
2051 958 56 24 with
2123 959 83 30 regard
2215 962 24 21 to
2250 960 40 22 the
2302 958 77 30 youth

1830 991 52 25 who
1892 990 41 25 has
1948 998 73 17 never
2032 991 86 24 abused
2135 991 36 24 his
2192 991 188 30 strength—and

1830 1028 25 21 to
1866 1025 42 23 the
1921 1032 54 16 man
1990 1023 54 24 who
2056 1025 41 23 has
2112 1027 42 20 not
2176 1024 59 24 been
2269 1023 112 31 passion's

1860 1088 50 26 But
1918 1090 25 22 to
1959 1086 54 26 that
2027 1087 132 32 youth—to
2181 1086 54 25 that
2245 1094 63 21 man,
2328 1085 54 25 who

1831 1121 43 24 has
1889 1121 89 24 wasted
1996 1121 37 24 his
2060 1120 75 31 vigor,
2163 1120 52 23 who
2233 1119 43 24 has
2288 1118 97 32 yielded

1832 1153 96 25 himself
1953 1161 32 23 up
2016 1156 25 22 to
2069 1154 41 23 the
2142 1154 135 29 temporary
2312 1152 73 23 sweet

1833 1187 154 22 allurements
2001 1187 25 22 of
2051 1187 59 27 vice,
2131 1186 52 22 who
2197 1185 42 23 has
2254 1185 70 29 given
2342 1190 28 17 un-

1834 1217 92 25 bridled
1936 1217 86 24 license
2035 1220 25 21 to
2075 1216 37 24 his
2125 1216 105 32 passions
2239 1219 26 20 to
2281 1215 49 24 him
2344 1215 41 24 the

1834 1251 75 24 above
1918 1249 61 25 lines
1985 1257 38 17 are
2038 1250 43 24 but
2089 1256 25 17 as
2124 1257 14 17 a
2156 1248 121 33 reproach'
2311 1247 75 25 What

1834 1284 73 25 Hope
1928 1290 42 17 can
1996 1283 31 24 he
2041 1282 79 25 have?
2136 1281 72 24 What
2229 1281 156 31 aspirations?

1835 1317 73 24 What
1921 1317 87 23 chance
2025 1315 28 25 of
2158 1314 36 24 his
2208 1314 128 31 footprints
2353 1322 33 17 on

1835 1350 41 24 the
1887 1349 70 24 sands
1966 1349 27 23 of
2003 1349 57 23 time
2067 1348 10 23 ?
2092 1347 46 24 For
2148 1347 56 28 him,
2212 1347 64 24 alas!
2291 1348 65 23 there
2365 1347 22 24 ia

1835 1382 94 33 nought
1959 1381 43 24 but
2027 1380 60 25 dark
2123 1380 95 32 despair
2246 1379 47 26 and
2331 1378 45 27 self-

1835 1415 113 32 reproach
1957 1415 46 31 for
2012 1423 13 15 a
2042 1414 43 24 lost
2109 1414 48 31 life.

1864 1449 48 23 For
1927 1456 14 15 a
1957 1455 52 15 man
2019 1449 25 22 to
2067 1448 67 23 leave
2154 1446 37 24 his
2205 1446 129 31 footprints
2354 1454 32 16 on

1836 1481 39 24 the
1886 1480 70 24 sands
1967 1480 25 23 of
2003 1479 64 29 time,
2081 1479 31 23 he
2135 1481 64 21 must
2220 1479 30 23 be
2272 1478 114 24 endowed

1835 1514 58 24 with
1904 1521 13 15 a
1928 1516 84 27 strong
2023 1511 66 24 brain
2105 1512 46 23 and
2172 1518 104 17 nervous
2298 1518 88 24 power,

1835 1547 29 23 be
1872 1549 63 21 must
1944 1552 92 23 possess
2045 1552 13 16 a
2067 1544 82 28 found,
2158 1544 117 31 vigorous,
2287 1543 99 30 healthy

1835 1578 73 28 mind,
1924 1578 26 24 in
1969 1585 13 16 a
1995 1576 98 31 healthy
2112 1576 134 31 body—the
2257 1583 80 24 power
2359 1578 26 21 to

1833 1610 180 26 conceive—the
2036 1617 87 24 energy
2150 1611 25 23 to
2201 1608 113 26 execute!
2340 1608 45 25 but

1833 1644 54 25 look
1910 1648 24 20 at
1945 1651 61 23 your
2024 1642 139 25 Australian
2177 1642 77 30 youth
2263 1642 6 24 !
2289 1642 43 25 See
2343 1641 41 25 the

1832 1676 129 26 emaciated
1982 1676 69 28 form,
2077 1675 40 23 the
2145 1677 84 21 vacant
2251 1674 63 29 look,
2341 1674 43 24 the

1832 1710 87 25 listless
1940 1707 130 30 hesitating
2091 1714 106 22 manner,
2218 1707 41 24 the
2280 1714 103 17 nervous

1832 1743 106 28 distrust,
1952 1742 41 23 the
2006 1739 120 30 senseless,
2151 1740 85 24 almost
2248 1739 82 24 idiotic
2342 1747 28 16 ex-

1832 1774 117 34 pression.
1980 1773 66 24 Note
2061 1772 36 24 his
2107 1773 143 23 demeanour
2263 1771 47 25 and
2325 1779 43 17 con-

1834 1808 124 29 versation,
1971 1806 48 26 and
2032 1804 58 27 then
2105 1813 49 24 say,
2173 1805 20 25 ia
2205 1804 53 26 that
2268 1812 13 18 a
2291 1812 55 18 man
2357 1807 27 23 to

1832 1843 65 25 leave
1909 1841 36 24 his
1954 1839 129 33 footprints
2099 1848 30 16 on
2141 1839 41 25 the
2196 1839 71 25 sands
2277 1839 28 24 of
2314 1839 67 25 time.

1862 1876 38 23 Do
1909 1876 104 29 parents,
2025 1872 98 24 medical
2135 1879 54 17 men
2200 1872 47 23 and
2259 1872 125 23 educators

1832 1908 25 25 of
1870 1906 77 32 youth
1964 1913 47 24 pay
2022 1904 118 25 sufficient
2161 1904 117 25 attention
2298 1906 26 23 to
2335 1903 49 25 thin

1832 1939 110 32 subject?
1973 1939 38 22 Do
2037 1938 59 30 they
2124 1944 56 17 ever
2202 1937 114 24 ascertain
2342 1937 42 24 the

1832 1981 68 18 cause
1910 1972 26 24 of
1948 1971 49 25 this
2020 1969 87 33 decay;
2124 1970 46 24 and
2189 1969 87 32 having
2288 1970 62 24 done
2362 1976 27 17 po

1833 2008 30 24 do
1889 2006 58 30 they
1972 2004 36 30 (as
2038 2012 13 15 a
2081 2004 67 23 strict
2178 2010 66 17 sense
2269 2003 25 22 of
2323 2003 63 29 duty

1834 2037 123 32 demands)
1975 2036 54 25 seek
2044 2036 40 24 the
2096 2036 86 24 skilled
2203 2034 83 25 advice
2307 2034 24 24 of
2345 2033 42 25 the

1821 2067 1 36 |
1834 2071 99 25 medical
1943 2077 61 21 man,
2017 2069 53 23 who
2090 2069 43 23 has
2146 2069 68 23 made
2236 2067 49 24 this
2297 2067 90 23 branch

1821 2098 1 36 I
1835 2105 25 23 of
1871 2104 38 23 his
1919 2101 132 33 profession
2067 2100 37 24 his
2117 2099 128 32 particular
2257 2098 131 31 speciality,

1821 2125 2 37 I
1837 2137 79 25 whose
1928 2136 41 23 life
1985 2135 41 23 has
2041 2133 59 25 been
2114 2131 101 26 devoted
2227 2136 24 20 to
2263 2132 41 24 the
2316 2133 72 23 treat-

1821 2163 2 35 I
1837 2171 65 21 ment
1924 2167 28 22 of
1969 2166 67 22 these
2053 2165 78 24 rases?
2162 2163 100 28 Render,
2283 2164 63 23 what
2367 2164 21 23 is

1835 2208 61 23 yfur
1910 2204 89 18 answer
2009 2197 9 23 ?
2048 2197 44 23 Let
2106 2197 56 23 each
2182 2204 44 16 one
2247 2203 91 17 answer
2350 2195 37 23 for

1836 2231 102 25 himself.
1980 2229 99 23 Parents
2109 2236 38 16 see
2183 2228 62 23 their
2279 2235 108 23 progeny

1836 2265 81 29 fadiDg
1933 2260 123 33 gradually
2072 2261 78 25 before
2171 2260 64 25 their
2255 2260 70 30 sight,
2348 2267 39 17 see

1822 2293 1 33 !
1837 2300 65 23 them
1917 2297 93 23 become
2025 2294 127 25 emaciated
2171 2293 39 25 old
2221 2301 81 24 young
2323 2300 61 21 men,

1822 2325 1 34 |
1837 2331 91 24 broken
1935 2329 70 23 down
2014 2328 25 23 in
2049 2326 87 30 health,
2145 2326 129 29 enfeebled,
2283 2325 104 24 unfitted

1822 2352 2 46 )
1841 2363 36 24 for
1888 2361 41 24 the
1938 2360 75 24 battle
2020 2359 24 23 of
2051 2359 41 23 life
2103 2367 6 20 ;
2124 2361 40 27 yet
2175 2365 45 17 one
2233 2358 66 23 word
2310 2357 77 30 might

1822 2383 2 39 !
1838 2403 55 17 save
1919 2392 71 30 them,
2020 2398 45 17 one
2095 2390 75 25 sound
2199 2389 45 25 and
2276 2389 110 31 vigorous

1839 2425 194 31 healthy-giving
2041 2424 69 24 letter
2118 2424 60 24 from
2189 2431 11 16 a
2213 2421 97 25 medical
2321 2429 63 23 man,

1839 2458 139 27 habituated
2010 2461 25 20 to
2049 2457 41 23 the
2112 2458 127 22 treatment
2264 2454 46 24 and
2328 2461 43 17 con-

1839 2493 99 25 tinuous
1949 2489 150 32 supervision
2114 2488 24 24 of
2150 2488 58 24 such
2220 2493 63 18 cases
2307 2485 78 25 would

1823 2518 2 40 j
1839 2526 24 25 in
1876 2526 62 24 most
1949 2524 124 26 instances,
2085 2521 97 25 succeed
2203 2521 26 24 in
2239 2519 104 32 warding
2354 2518 36 25 off

1823 2552 2 37 !
1839 2559 41 25 the
1893 2556 137 33 impending
2039 2556 69 23 doom
2126 2554 28 25 of
2164 2563 13 15 a
2198 2552 121 26 miserable
2342 2552 46 24 and

1823 2584 2 38 I
1840 2592 95 30 gloomy
1948 2590 89 24 future,
2048 2588 46 23 and
2106 2587 32 32 by
2152 2585 150 32 appropriate
2312 2587 64 20 treat-

1824 2612 1 37 !
1840 2627 64 21 ment
1916 2625 92 21 restore
2016 2620 42 24 the
2068 2619 127 25 enervated
2218 2620 89 29 system
2321 2620 24 19 to
2359 2616 32 23 its

1824 2648 2 40 |
1840 2655 94 26 natural
1949 2655 74 31 vigor,
2037 2652 45 25 and
2106 2659 86 18 ensure
2206 2659 12 15 a
2237 2650 93 33 joyous,
2343 2648 48 25 and

1824 2690 2 32 J
1839 2692 79 29 haDpy
1929 2690 49 23 life.

1871 2723 35 23 Dr
1917 2721 28 24 L.
1966 2721 28 23 L.
2019 2719 116 28 SMITH,
2149 2719 24 23 of
2185 2718 149 26 Melbourne,
2348 2716 44 23 has

1824 2748 3 35 I
1840 2755 68 25 made
1931 2754 41 25 the
2003 2752 100 25 diseases
2123 2751 26 24 of
2162 2750 76 33 youth
2261 2749 47 24 and
2324 2748 69 25 those

1825 2781 2 39 i
1841 2789 88 31 arising
1966 2786 130 24 therefrom
2119 2784 38 24 his
2180 2782 103 34 peculiar
2310 2781 79 31 study.

1825 2815 3 41 j
1842 2822 46 24 His
1912 2820 77 24 whole
2014 2817 154 33 pro'essional
2199 2817 40 23 life
2265 2815 42 24 has
2334 2815 59 23 been

1841 2853 126 32 especially
1988 2850 102 25 devoted
2110 2853 25 20 to
2149 2850 41 23 the
2213 2850 129 22 treatment
2368 2846 25 23 of

1842 2887 110 24 Nervous
1980 2883 130 26 Affections
2142 2882 47 24 and
2215 2880 40 26 the
2285 2880 109 24 Diseases

1842 2918 129 26 incidental
1989 2921 25 21 to
2036 2915 107 25 Harried
2168 2914 62 25 Life,
2271 2913 46 24 His
2338 2911 58 26 skill

1842 2954 21 23 is
1879 2951 116 26 available
2007 2953 25 21 to
2047 2949 93 24 all—no
2160 2951 88 21 matter
2258 2946 53 24 how
2323 2951 72 25 many

1844 2985 124 25 hundreds
1980 2984 24 23 of
2025 2982 66 25 miles
2105 2981 96 24 distant.
2236 2979 47 24 His
2305 2981 91 29 system

1844 3019 28 24 of
1881 3015 198 32 correspondence
2086 3014 33 33 by
2131 3013 70 25 letter
2212 3012 20 25 is
2243 3019 53 17 now
2305 3019 28 16 so
2344 3010 53 24 well

1844 3050 124 32 organised
1999 3048 47 24 and
2070 3047 96 29 known,
2200 3047 52 23 that
2277 3045 119 23 comment

1845 3083 79 25 would
1944 3083 29 23 be
1989 3080 178 32 superfluous—
2171 3078 44 31 (by
2243 3076 48 26 this
2313 3082 81 18 means

1845 3125 72 23 many
1939 3113 133 26 thousands
2086 3113 25 24 of
2130 3112 104 31 patients
2254 3109 60 26 have
2333 3108 61 24 been

1844 3149 80 28 cured,
1934 3148 77 23 whom
2022 3146 29 24 he
2063 3146 42 22 has
2117 3151 73 17 never
2200 3150 55 17 seen
2265 3141 47 24 and
2320 3147 74 17 never

1844 3180 112 30 known);
1976 3178 46 25 and
2033 3178 19 24 it
2066 3177 20 24 is
2098 3175 90 25 carried
2203 3182 31 16 on
2252 3172 57 25 with
2335 3170 57 24 such

1844 3214 119 31 judicious
1978 3210 148 31 supervision
2139 3208 52 23 that
2202 3205 88 30 though
2307 3204 28 23 he
2350 3203 44 23 has

1846 3250 58 21 beeti
1926 3243 127 33 practising
2066 3241 47 23 this
2133 3238 89 26 branch
2236 3237 25 24 of
2282 3236 36 23 his
2337 3241 42 25 pro-

1846 3279 88 25 fession
1956 3277 37 25 for
2016 3273 145 31 twenty-six
2182 3277 69 25 years
2274 3276 26 16 in
2325 3267 68 23 these

1846 3311 109 27 colonies,
1969 3315 30 17 no
2011 3306 73 32 single
2095 3306 104 22 instance
2218 3302 29 23 of
2263 3302 131 23 accidental

1846 3344 123 29 discovery
1980 3340 42 24 has
2029 3346 55 17 ever
2099 3340 41 29 yet
2150 3333 130 34 happened-
2316 3332 22 24 Yi
2347 3332 46 22 hen

1846 3376 126 24 medicines
1996 3380 39 16 are
2058 3370 118 31 required,
2200 3368 67 23 these
2290 3372 37 17 are
2347 3363 35 24 for-

1847 3407 94 24 warded
1968 3405 24 23 in
2024 3404 41 22 the
2095 3409 64 17 same
2185 3398 89 25 careful
2297 3403 97 17 manner

1848 3440 101 24 without
1959 3445 14 16 a
1985 3434 134 34 possibility
2131 3433 25 23 of
2178 3431 40 24 the
2237 3432 107 22 contents
2367 3429 25 22 of

1848 3473 40 24 the
1900 3469 88 34 parcels
2003 3467 69 32 being
2083 3464 142 26 discovered.
2264 3460 67 26 Plain
2345 3460 49 24 and

1848 3508 61 22 clear
1920 3502 126 25 directions
2062 3505 141 23 accompany
2227 3495 67 25 these
2314 3494 82 27 latter,

1847 3537 46 26 and
1902 3536 41 24 the
1953 3542 55 16 cure
2016 3533 20 23 is
2046 3530 98 25 effected
2163 3528 101 25 without
2281 3533 57 17 even
2352 3525 44 24 the

1848 3568 122 31 physician
1982 3563 111 31 knowing
2104 3562 53 23 who
2168 3561 19 23 is
2202 3560 36 24 his
2253 3558 99 32 patient.

1877 3602 34 24 To
1938 3599 58 26 Men
2019 3596 48 26 and
2087 3595 99 24 Women
2206 3591 57 26 with
2286 3589 95 26 Broken-

1848 3637 69 23 down
1942 3629 181 29 Constitutions,
2149 3627 41 24 the
2211 3626 119 28 Nervous,
2353 3623 42 25 the

1848 3665 153 27 Debilitated,
2016 3664 47 23 and
2083 3661 32 24 all
2140 3659 112 29 suffering
2272 3657 61 24 from
2349 3663 47 22 any

1848 3700 88 25 disease
1951 3697 126 24 whatever,
2101 3692 35 25 Dr
2156 3691 27 24 L.
2212 3690 27 24 L.
2263 3687 133 26 SMITH'S

1848 3734 54 29 plan
1935 3730 26 25 of
1997 3729 128 23 treatment
2160 3722 135 26 commends
2324 3720 73 29 itself,

1848 3764 118 31 avoiding,
1978 3769 25 16 as
2026 3760 19 23 it
2062 3759 64 29 does,
2152 3757 42 23 the
2215 3755 183 24 inconvenience

1848 3799 46 23 and
1905 3783 102 44 expanse
2018 3793 25 24 of
2055 3799 12 16 a
2084 3789 108 33 personal
2203 3789 65 25 visit.

1878 3845 102 25 Address
1983 3856 27 5 —

1980 3894 54 24 DR.
2051 3893 27 24 L.
2097 3892 28 24 L.
2149 3890 114 31 SMITH,

1877 3937 45 26 iSz,
1959 3932 130 25 COLLINS
2119 3930 120 23 STREET
2271 3929 87 27 EAST,

2022 3967 202 27 MELBOURNE,

1847 4017 70 32 (Late
1933 4014 40 25 the
1995 4010 131 27 Residence
2145 4009 26 25 of
2196 4009 41 26 the
2262 4008 136 26 Governor.

1909 4080 165 28 Consultation
2084 4080 49 24 Fee
2143 4079 34 30 by
2196 4078 91 27 Letter,
2297 4078 43 25 £l-

1856 4137 209 66 WANTED
2097 4136 126 24 KNOW
2232 4135 118 25 N—That
2363 4136 41 22 the

1959 4170 159 32 undersigned
2130 4169 19 24 ia
2161 4177 14 16 a
2191 4169 62 24 Cash
2271 4169 133 24 Purchaser

1834 4200 3 41 )
1852 4209 22 23 of
1884 4204 90 26 Rabbit
1985 4203 72 25 Skins
2072 4202 47 24 and
2138 4202 64 24 Goat
2213 4200 192 26 Skins.—Jabbz

1835 4233 3 33 I
1853 4240 109 26 Burton,
1993 4236 145 23 Auctioneer
2171 4235 49 24 and
2248 4233 157 26 Commission

1834 4260 3 44 i
1854 4275 84 29 Agent,
1946 4269 140 32 Roxburgh.
