2500 4410
136 160 47 22 The
209 160 101 23 Resident
326 162 143 29 Magistrate's
492 162 42 22 and
553 162 112 23 Warden's

96 212 6 9 r
103 191 88 27 -Courts,
205 191 43 23 will
259 193 26 21 sit
294 196 21 18 at
333 193 116 29 Roxburgh
460 193 41 23 this
512 194 107 28 morning,
633 194 31 22 fur

108 222 36 20 the
157 222 128 22 transaction
296 222 24 22 of
328 224 101 21 business.

137 263 35 21 Mr
183 264 115 26 Arbuckle,
311 264 136 28 Auctioneer,
466 265 121 22 Lawrence,
598 264 39 23 has
654 272 12 15 a

108 294 59 21 trade
178 295 69 21 notice
257 295 20 21 in
288 296 41 20 this
341 296 60 26 issue,
426 299 21 19 to
459 296 69 22 which
548 303 32 15 we
600 296 67 22 desire

108 330 23 14 to
141 325 58 20 draw
210 325 36 21 the
257 327 77 26 special
348 327 102 21 attention
459 327 25 20 of
491 334 39 13 our
544 327 92 21 readers.

137 358 47 23 The
198 359 52 23 Blue
263 361 55 29 Spur
328 362 41 21 and
382 361 98 22 Gabriels
490 362 59 28 gully
572 362 95 28 Sluicing

111 390 38 21 Co.
165 390 104 23 advertise
284 392 55 21 their
360 391 103 23 intention
486 398 21 16 to
528 398 107 16 construct
655 400 12 14 a

111 421 152 21 watf-r-raceof
270 421 31 21 six
314 421 59 22 miles
384 422 20 20 in
412 421 72 27 length
496 421 53 21 bom
557 423 36 19 the
602 429 65 20 gorge

109 453 21 17 at
139 448 103 30 Tuapeka
254 450 59 23 basin
326 456 22 17 to
363 451 35 22 the
416 453 125 26 company's
561 450 63 23 claim
644 451 20 22 in

109 480 98 21 Gabriels
216 480 70 29 (iully.
321 482 18 21 It
354 482 15 21 is
381 482 104 28 proposed
503 485 21 19 to
548 482 68 22 divert
637 482 30 21 six

109 508 67 23 heads
190 510 24 22 of
220 515 70 18 water.

139 545 19 22 It
170 546 15 21 i?
196 548 68 21 stated
274 548 28 28 by
313 547 35 23 the
397 548 81 22 Herald
510 548 44 22 that
566 548 36 22 the
614 548 52 24 Rev.

109 574 20 29 J.
143 574 26 22 W
182 575 72 30 Inglis,
268 584 12 14 a
291 578 90 28 popular
405 578 94 22 minister
520 579 21 21 in
564 578 102 26 Victoria,

111 605 42 22 will
164 606 27 22 be
202 607 78 22 invited
292 612 21 18 to
323 609 87 22 become
421 609 35 21 the
475 612 71 25 pastor
557 609 24 21 of
598 609 68 21 North

111 636 100 21 Dunedin
234 638 146 27 Presbyterian
398 639 92 20 Church.
525 639 20 20 It
567 645 50 21 may
637 639 27 21 be

109 666 145 22 remembered
275 667 45 22 that
341 668 35 21 Mr
402 668 66 28 Inglis
493 668 62 22 made
580 675 12 14 a
616 675 50 21 very

109 696 114 22 successful
233 697 103 28 lecturing
344 702 47 18 tour
402 698 19 21 in
434 699 70 27 Otago
515 699 21 21 in
555 697 82 28 1878-9.

139 730 47 22 The
196 732 86 28 grazing
292 733 56 27 right
363 733 24 21 of
407 734 37 21 the
462 734 83 21 Ettrick
571 734 94 21 Domain

110 765 43 16 was
168 760 47 22 sold
224 761 28 29 by
271 762 93 27 auction,
390 762 39 23 last
455 764 103 27 Saturday
584 763 28 25 by
632 764 34 20 Mr

109 789 88 27 Burton,
210 795 22 18 at
241 792 135 23 Nicholson's
388 793 73 26 Hotel,
472 793 95 22 Ettrick.
597 793 69 22 There

109 826 43 14 was
163 824 36 18 not
210 822 61 21 much
283 823 140 27 competition
433 824 42 21 and
485 824 34 20 Mr
531 824 26 21 R.
570 823 95 21 M'Leod

109 849 87 23 became
210 851 37 22 the
262 852 112 28 purchaser
395 852 31 23 for
447 853 76 22 twelve
541 852 84 23 months
644 856 21 19 at

112 885 20 15 is
143 880 27 21 6d
182 889 37 21 per
230 889 52 15 acre.
313 883 46 21 The
372 884 93 22 Domain
477 885 87 21 extends
572 888 21 17 to
601 884 65 21 about

109 917 42 19 400
160 918 65 14 acres.
320 920 50 21 year
379 915 15 20 it
404 915 85 21 fetched
502 920 21 15 is
533 915 28 26 9J
572 921 26 14 an
615 921 49 15 acre

108 940 42 21 and
162 940 35 22 the
207 948 50 21 year
268 943 96 27 previous
375 949 23 15 2s
409 944 35 27 3d.

139 976 42 22 We
190 984 36 14 are
236 978 104 21 informed
351 978 44 21 that
406 979 53 21 after
468 978 28 22 all
506 985 102 22 expense?
628 986 36 15 are

113 1006 49 27 paid
172 1007 21 21 in
210 1007 126 21 connection
351 1007 51 23 with
423 1009 34 20 the
477 1014 70 16 recent
567 1016 58 14 races
644 1014 20 16 at

111 1035 91 28 Ettrick,
216 1044 12 13 a
238 1037 88 21 balance
336 1037 23 21 of
428 1038 17 21 is
456 1038 35 21 lrft
511 1042 23 18 to
554 1038 36 22 the
609 1039 55 28 good

111 1065 52 23 This
175 1071 55 18 must
250 1067 27 22 be
296 1067 122 23 considered
437 1075 12 15 a
466 1076 50 22 very
532 1068 132 29 satisfactory

111 1100 53 18 state
175 1097 24 21 of
216 1097 76 27 affairs,
320 1098 113 28 especially
457 1100 72 27 seeing
552 1099 38 21 the
607 1099 58 22 short

111 1127 70 21 notice
196 1127 46 21 that
252 1134 43 15 was
305 1128 62 28 given
379 1127 4 30 ;
398 1129 42 20 and
448 1129 76 28 speaks
533 1129 48 21 well
591 1129 32 21 for
630 1130 35 21 the

110 1162 78 23 energy
202 1157 109 28 displayed
321 1158 27 27 by
357 1158 34 22 the
403 1158 128 22 Committee

139 1193 21 21 A
172 1193 89 21 London
273 1193 127 28 cablegram,
416 1194 62 22 dated
489 1195 39 21 last
544 1194 119 30 Thursday,

111 1230 121 15 announces
257 1224 35 21 the
318 1224 64 23 death
407 1225 24 21 of
449 1225 52 23 Rev.
523 1226 34 21 Mr
583 1226 83 28 Morley

111 1254 107 25 l'unshon,
245 1261 26 14 an
294 1254 101 23 eminemt
421 1256 113 28 Wesleyan
559 1256 104 22 Minister,

112 1283 36 22 lie
159 1291 42 14 was
213 1284 50 21 born
275 1289 21 16 at
309 1285 117 21 Dom.aster
441 1285 21 21 in
474 1286 35 21 the
529 1293 49 20 year
604 1285 59 28 1824,

110 1313 41 20 and
164 1321 41 13 was
216 1320 40 14 one
267 1313 23 21 of
299 1313 35 21 the
350 1317 54 17 most
415 1315 89 27 popular
519 1315 112 27 preachers
643 1316 20 20 in

110 1343 36 20 the
158 1342 82 27 Weslej
247 1350 26 14 an
284 1343 62 27 body.
378 1343 86 22 Besides
473 1344 31 21 his
515 1344 75 28 ability
599 1344 22 22 in
630 1345 35 21 the

109 1372 77 29 pulpit,
197 1373 35 22 Mr
245 1373 100 22 Punshon
358 1380 41 15 was
410 1380 13 15 a
431 1378 49 24 poet
492 1374 21 23 of
520 1374 146 24 considerable

111 1404 143 26 prominence.

138 1439 55 20 Rain
219 1440 68 27 began
303 1442 21 18 to
348 1440 92 21 descend
471 1440 84 29 heavily
579 1440 20 21 in
624 1440 40 22 this

108 1468 163 29 neighborhood
282 1470 39 22 last
333 1469 106 30 Saturday
450 1470 90 30 evening
557 1471 43 21 and
613 1477 37 16 con-

109 1499 72 22 tinued
192 1503 21 19 at
234 1501 99 21 intervals
353 1502 130 28 throughout
498 1503 36 21 the
554 1502 110 29 following

108 1530 48 26 day.
187 1531 47 20 The
259 1531 54 21 river
337 1538 47 14 rose
409 1532 154 27 considerably.
602 1533 59 24 This,

108 1559 102 27 although
223 1559 15 21 it
250 1567 47 19 may
308 1559 98 22 interfere
418 1561 116 20 somewhat
556 1560 51 22 with
628 1562 35 20 the

107 1587 65 22 lower
180 1588 106 29 workings
294 1596 28 15 on
328 1589 38 22 the
375 1589 154 23 beachesofthe
537 1590 124 29 Molyneux,

106 1618 18 21 is
133 1622 36 18 not
180 1626 26 14 an
217 1619 99 23 unmixed
326 1619 49 27 evil,
393 1620 31 22 for
431 1628 59 14 some
505 1621 24 21 of
537 1621 35 23 the
590 1621 60 22 claim-

108 1649 83 22 holders
203 1657 35 15 are
249 1657 132 15 commoners
389 1658 27 14 on
425 1651 34 22 the
482 1652 76 21 Mount
579 1652 84 28 Benger

107 1680 146 27 Commonage
264 1680 70 21 where
344 1680 44 21 rain
400 1687 42 14 was
452 1681 64 21 much
534 1682 83 20 wanted
638 1686 22 16 to

107 1715 49 13 save
167 1708 35 21 the
223 1713 111 23 pasturage
345 1709 21 21 in
384 1716 59 15 some
459 1717 95 14 measure
574 1711 33 20 for
627 1711 36 20 the

105 1738 80 20 winter.

136 1774 24 20 In
187 1774 36 21 the
248 1778 76 17 matter
346 1775 21 21 of
393 1775 119 29 scratching
541 1776 35 21 the
601 1776 62 21 horse

106 1803 92 22 Natator
207 1808 21 17 at
255 1804 35 21 ihe
311 1804 39 23 last
374 1805 99 22 Dunedin
499 1804 99 30 meeting,
626 1806 36 21 the

110 1835 6 19 I
123 1835 85 19 Hinedin
218 1833 83 29 Jockey
312 1835 57 21 Club
388 1840 21 16 at
421 1842 12 14 a
453 1837 93 26 meeting
565 1836 49 21 held
635 1843 27 14 on

108 1863 134 29 Wednesday
250 1864 46 25 last,
306 1863 53 23 after
367 1873 12 13 a
388 1865 50 28 long
444 1865 116 22 discussion
569 1866 92 28 adopted

105 1894 28 27 by
144 1901 10 14 a
167 1894 97 28 majority
276 1894 24 22 of
307 1902 48 19 one,
367 1903 13 14 a
391 1895 81 22 motion
484 1896 27 28 by
527 1895 35 22 Mr
580 1897 79 21 Dowse

106 1927 22 18 to
145 1924 35 21 the
190 1924 61 21 effect
271 1925 45 21 that
341 1926 35 21 the
400 1925 71 22 letters
496 1927 20 20 of
543 1926 59 22 Hon.
624 1926 35 22 W.

108 1955 108 21 Robinson
228 1955 41 21 and
283 1955 34 21 Mr
328 1955 70 23 Lance
414 1962 54 15 were
478 1955 75 29 highly
572 1956 77 22 unsatis-

106 1985 78 27 factory
196 1987 42 18 and
257 1985 35 21 the
311 1985 56 21 Club
389 1992 108 21 expresses
523 1992 72 22 strong
616 1987 32 20 dis-

103 2015 142 27 approbation
267 2014 24 22 of
308 2015 35 22 the
363 2022 74 15 course
462 2016 92 28 pursued
574 2016 28 29 by
626 2017 34 21 Mr
670 2014 1 31 I

103 2044 109 23 Robinson
221 2045 43 22 and
275 2045 35 22 Mr
325 2046 77 21 Lance.

134 2081 28 20 At
173 2081 35 20 the
220 2081 38 20 last
270 2082 92 26 meeting
372 2081 24 20 of
403 2081 35 21 the
450 2082 60 21 Land
524 2083 77 24 Bond,
623 2084 35 19 Mr

104 2110 84 24 George
199 2110 58 21 Cock
263 2111 50 20 burn
325 2110 86 29 applied
423 2115 22 18 to
460 2112 102 28 purchase
577 2112 79 22 section
670 2110 1 30 i

104 2145 32 24 35,
148 2140 62 23 block
228 2141 16 27 I,
266 2140 108 24 Eamslaw
393 2148 28 16 on
440 2141 214 31 deferred-payment.

103 2173 47 21 The
158 2170 129 30 application
311 2180 43 13 was
376 2173 88 26 refused,
487 2173 35 22 Mr
541 2174 117 25 Cockburn.
669 2170 2 30 |

103 2202 65 27 beirig
175 2201 85 29 already
272 2202 35 21 the
318 2202 74 21 holder
403 2203 25 20 of
435 2204 89 21 another
534 2204 79 21 section
628 2211 29 16 on;
669 2201 2 29 I

101 2231 280 27 drferred'payment.Mr
383 2231 56 29 John
449 2232 108 22 LaWson's
564 2232 91 29 applica<
670 2231 1 30 i

103 2262 44 20 tion
158 2261 31 21 for
200 2268 25 14 an
238 2261 108 21 extension
358 2261 21 21 of
390 2267 27 22 30
436 2268 58 14 acres
515 2267 21 17 to
553 2263 32 20 his
604 2263 52 21 bush

103 2299 47 13 area
161 2296 20 16 at
194 2291 94 28 Waipori
301 2298 42 15 was
350 2291 90 23 referred
452 2296 21 17 to
482 2292 35 22 the
531 2293 83 28 Ranger
625 2293 32 21 for
670 2286 1 35 |

101 2327 80 23 repoit.
184 2322 98 21 Adam
296 2322 134 21 Stevenson's
444 2323 129 28 application
589 2324 30 21 for
630 2331 26 14 an

101 2352 135 28 agricultural
249 2352 54 21 lease
312 2352 24 21 of
344 2353 89 21 sections
444 2361 34 19 49,
497 2354 42 20 and
552 2359 32 21 51,
593 2354 63 22 block
670 2349 1 31 |

101 2382 20 26 \,
138 2382 120 20 Crookston
270 2389 42 13 was
322 2381 95 27 granted.

130 2416 47 22 The
484 2423 47 22 says
550 2417 45 23 that
623 2418 34 22 Mr
669 2414 2 31 I

105 2445 119 25 Shennan's
238 2447 107 22 extensive
365 2447 102 29 Timothy
486 2455 58 21 grass
560 2453 95 24 pastures

104 2486 35 14 are
149 2478 67 27 domg
226 2478 111 21 remarkab
347 2485 12 20 y
369 2477 47 22 well
429 2478 41 21 and
482 2481 36 19 the
528 2479 44 21 sole
590 2480 23 21 of
623 2480 35 21 the

104 2515 58 21 grass
172 2508 18 20 is
198 2507 82 28 rapidly
289 2507 130 29 thickening.
450 2508 47 21 The
513 2509 113 27 quantities
637 2510 21 21 of

104 2538 49 21 seed
165 2538 51 21 used
231 2545 37 21 per
278 2545 48 14 acre
336 2545 35 14 are
379 2542 35 17 ten
424 2538 82 25 pounds
518 2539 24 21 of
557 2539 101 29 Timothy

104 2568 42 21 and
166 2572 43 17 two
227 2568 83 27 pounds
334 2568 21 21 of
371 2568 80 21 Alsike.
482 2569 79 21 Messrs
583 2570 75 21 Cullen

106 2598 99 22 Brothers
231 2597 150 29 (Crookstoi),
407 2598 54 22 have
470 2606 27 14 an
508 2600 151 28 experimental

103 2627 99 30 paddock
214 2629 20 20 of
244 2628 101 27 Timothy
358 2628 40 22 this
410 2636 80 16 season.

136 2663 149 29 Eighty-three
294 2665 83 27 pounds
385 2664 24 22 of
416 2667 96 26 potatoes
524 2673 53 15 were
585 2674 74 19 grown

106 2693 22 24 in
135 2693 99 31 Tapanui
243 2693 44 24 this
296 2701 73 16 season
384 2695 57 28 (?ays
454 2695 36 22 the

105 2726 29 27 by
144 2726 78 21 Messrs
233 2725 94 27 Mooney
341 2726 41 21 and
392 2725 64 28 Quin,
478 2726 54 22 from
551 2734 41 15 one
611 2728 50 22 seed

104 2755 101 22 obtained
230 2754 53 23 from
310 2755 34 21 Mr
368 2756 95 22 William
489 2756 133 24 M'Clelland
640 2758 23 22 of

106 2785 82 23 Millers
202 2786 51 22 Flat.
286 2786 47 22 The
341 2787 49 21 seed
398 2794 60 14 came
477 2787 112 28 originally
607 2789 52 21 from

106 2816 107 26 America,
226 2817 42 21 and
280 2816 35 23 the
326 2820 96 24 potatoes
438 2824 35 15 are
490 2818 46 21 said
553 2822 22 17 to
593 2818 27 22 be
639 2819 24 21 of

106 2846 104 23 excellent
221 2847 89 27 quality.
341 2846 84 22 Several
436 2847 21 20 of
466 2846 35 23 the
511 2848 71 22 tubers
591 2848 68 29 weigh

106 2876 59 21 three
176 2876 31 21 lbs
218 2877 57 20 each.
280 2877 64 20 Mr
352 2876 133 22 M'Clelland
494 2877 17 21 is
522 2878 48 21 well
581 2879 77 21 known

105 2906 129 27 throughout
250 2907 41 21 this
301 2906 82 21 district
393 2914 23 13 as
431 2912 26 16 an
468 2908 139 28 enterprising
617 2909 42 21 and

106 2935 111 23 successful
225 2936 83 27 farmer.
339 2936 40 22 We
388 2935 53 22 have
449 2943 28 15 on
485 2944 58 15 more
551 2938 108 23 occasions

107 2966 50 22 than
169 2974 47 19 one,
224 2966 42 23 had
275 2970 22 19 to
308 2966 108 23 chrcnicle
430 2967 79 28 special
525 2968 104 22 instances
639 2970 24 20 of

105 2996 32 21 his
149 2997 47 21 skill
210 2997 40 21 and
260 2997 26 20 its
301 2996 120 29 gratifiying
442 2997 82 28 results,
546 2999 113 28 especially
670 2996 1 31 ;

103 3027 20 21 in
133 3027 36 22 the
179 3027 123 23 cultivation
312 3027 24 22 of
344 3027 79 24 clover.

134 3063 47 21 The
194 3064 51 20 Rev.
264 3063 23 22 F.
312 3063 79 21 Martin
414 3063 57 27 (who
490 3064 38 22 has
549 3065 53 22 been
621 3074 24 21 ap-

106 3091 87 29 pointed
220 3097 22 16 10
265 3092 36 22 the
334 3092 115 29 Roxburgh
475 3093 73 24 circuit
573 3095 24 22 of
623 3098 36 21 the

106 3122 113 30 Wesleyan
242 3123 116 22 Methodist
384 3123 103 30 Chinch),
507 3126 105 29 preachrd
638 3132 21 18 at
670 3122 1 33 '

107 3156 51 19 Moa
170 3154 54 25 Flat,
235 3154 38 21 last
285 3154 87 27 Sunday
383 3156 104 27 morning,
511 3157 42 20 and
573 3161 21 17 at
606 3158 52 21 Coal
670 3154 1 29 !

106 3182 68 24 Creek
184 3182 21 23 in
216 3184 35 21 the
265 3183 117 23 afternoon.
416 3184 25 22 In
459 3186 35 22 the
512 3187 97 28 evening,
624 3188 35 23 the

105 3223 43 14 rev.
160 3215 120 27 gentleman
295 3215 105 22 officiated
410 3216 21 21 in
443 3217 123 29 Roxburgh,
580 3220 76 26 where,

104 3244 190 26 notwithstanding
313 3244 45 21 that
379 3246 37 20 the
434 3247 93 20 weather
546 3255 43 13 was
609 3255 50 21 very

104 3272 155 29 impropitious,
270 3280 12 14 a
292 3275 149 27 congregation
453 3276 127 28 numbering
590 3277 65 23 about

104 3304 55 27 forty
170 3309 43 15 was
222 3309 89 23 present.
344 3304 35 22 Mr
388 3304 85 29 Martin,
487 3305 48 23 who
543 3307 17 21 is
568 3315 12 14 a
588 3316 71 21 young
670 3304 1 33 I

104 3342 49 15 man
172 3335 42 20 and
238 3342 12 13 a
275 3334 71 25 fluent,
371 3342 50 22 easy
435 3336 96 28 speaker,
553 3339 105 27 preached

104 3364 53 23 from
169 3364 35 21 the
337 3365 41 26 Lo,
388 3366 9 20 I
409 3366 95 23 am'with
516 3375 41 20 you
577 3369 78 27 always
670 3358 1 38 !

101 3401 53 15 even
165 3397 52 18 unto
229 3394 35 21 the
289 3394 41 22 end
341 3394 24 21 of
384 3397 37 20 t.e
438 3396 220 24 world''Matthew

105 3424 111 25 XXVIII,
243 3425 61 19 latter
334 3428 46 23 part
405 3425 23 21 of
451 3426 40 22 last
516 3429 142 21 verse.The

104 3461 84 15 sermon
201 3460 42 14 was
252 3453 23 21 of
282 3461 11 13 a
301 3453 127 29 thoroughly
438 3456 99 27 practical
549 3457 107 22 character

104 3484 42 21 and
158 3490 42 15 was
210 3483 88 22 listened
308 3487 21 18 to
341 3483 49 22 with
402 3484 35 22 the
448 3490 77 17 utmost
544 3488 111 22 attention.

105 3514 47 21 The
163 3513 69 22 lesson
240 3513 48 21 read
300 3520 43 14 was
358 3512 31 23 St.
407 3514 76 28 John's
503 3516 80 28 Gospel
603 3518 53 20 XVI

103 3544 55 27 chap
171 3542 4 31 ,
186 3542 41 22 and
236 3542 35 22 the
283 3542 76 28 hymns
369 3549 54 22 Fung
433 3551 54 15 were
498 3545 45 25 198,
553 3551 45 21 711,
607 3547 47 26 696,

104 3579 40 22 493
151 3573 24 21 of
181 3572 36 21 the
228 3571 113 28 Wesleyan
353 3572 118 24 collection.
504 3575 46 21 The
570 3582 74 23 congre-

100 3604 72 29 gation
181 3610 23 14 as
214 3601 58 23 usual
280 3601 72 30 joined
369 3602 89 30 heartily
475 3603 22 24 in
514 3605 36 22 the
572 3606 85 30 singing

103 3635 70 22 which
184 3641 42 14 was
237 3634 151 28 accompanied
409 3634 26 28 by
454 3635 53 22 Miss
527 3636 90 29 Morgan
637 3645 19 15 at

103 3667 36 18 the
150 3664 141 26 harmonium,
305 3664 34 19 Mr
348 3664 50 20 Fish
409 3665 71 28 acting
499 3672 24 14 as
543 3666 71 22 leader
635 3668 24 20 of

100 3695 36 21 the
145 3693 65 22 choir.
553 3704 51 14 ^--

131 3729 47 21 The
186 3728 81 27 Bishop
275 3728 24 21 of
308 3728 100 21 Dunedin
423 3728 45 28 (the
481 3729 65 28 Right
559 3730 53 22 Rev.
625 3732 33 20 Dr

104 3758 80 27 Nevill)
197 3764 90 21 appears
297 3757 131 23 determined
440 3761 23 19 to
483 3758 60 23 leave
558 3766 28 15 no
596 3765 61 18 stone

102 3788 105 24 unturned
219 3788 19 22 in
250 3787 62 23 order
323 3792 22 18 to
363 3796 72 15 secure
452 3789 37 23 the
506 3790 89 22 services
612 3791 25 21 of
644 3799 13 13 a
669 3784 1 28 I

102 3820 122 27 clergyman
235 3819 32 21 for
277 3819 36 22 the
323 3825 49 16 cure
385 3819 24 22 of
418 3819 31 23 St.
465 3819 80 28 James'
561 3820 91 27 Church,

102 3849 126 28 Roxburgh-
260 3848 47 22 The
317 3849 99 29 proposal
426 3853 21 18 to
458 3850 88 28 appoint
554 3857 12 14 a
577 3851 67 29 clergy-

101 3887 57 19 man,
171 3880 48 20 who
235 3878 75 22 should
325 3879 28 22 do
370 3880 52 28 duty
435 3879 54 22 from
509 3880 51 21 Moa
572 3881 49 21 Flat
635 3887 20 16 to

104 3912 124 27 Speargrass
244 3909 48 21 Flat
303 3909 36 22 fell
352 3914 22 18 to
393 3910 36 22 the
447 3910 89 29 ground,
560 3911 42 21 and
621 3911 34 23 the

106 3941 78 27 Bishop
195 3940 40 21 lost
245 3946 28 14 no
282 3939 51 22 time
343 3940 22 21 in
373 3940 97 29 devising
476 3941 89 21 another
571 3942 84 22 scheme

102 3971 49 20 vi
153 3979 10 13 z
173 3986 5 10 ,
198 3969 37 22 the
254 3970 148 26 appointment
413 3970 25 21 of
451 3978 12 13 a
484 3973 120 25 clergyman
624 3972 31 24 for

103 4000 96 28 Tapanui
211 3999 41 22 and
265 3999 115 29 Roxburgh
390 3999 85 29 jointly.
498 4000 40 22 We
549 4000 57 29 hope
614 4001 41 22 this

101 4031 63 22 latter
181 4029 99 30 proposal
291 4028 43 24 will
345 4029 26 23 be
382 4030 79 23 carried
473 4030 21 21 in
505 4037 12 15 a
528 4030 65 29 shape
611 4031 44 23 that

101 4060 44 24 will
155 4061 48 28 give
214 4059 128 24 satisfaction
354 4061 20 20 in
387 4061 52 21 both
449 4060 77 28 places.
558 4060 46 25 The
616 4062 26 22 im-

102 4095 85 22 portant
205 4090 61 27 point
276 4090 23 20 of
309 4090 35 20 the
354 4090 140 27 clergyman's
506 4090 149 28 headquarters

100 4127 18 14 js
128 4127 47 14 now
186 4119 67 21 under
260 4118 161 21 consideration.
447 4118 35 21 On
492 4119 36 21 the
536 4125 41 16 one
588 4120 63 26 hand,

101 4150 35 20 the
148 4149 74 21 claims
232 4148 25 20 of
265 4148 97 27 Tapanui
374 4156 35 13 are
418 4148 62 21 based
487 4156 28 13 on
526 4149 36 21 the
571 4151 82 26 ground

100 4179 46 21 that
166 4179 16 21 it
193 4178 37 22 has
241 4177 95 22 hitherto
348 4177 42 21 had
401 4185 13 14 a
429 4177 130 28 clergyman,
572 4179 41 21 and
636 4180 17 21 is

99 4208 91 22 situated
211 4208 20 21 in
252 4215 13 13 a
284 4208 55 20 wide
362 4207 42 21 and
430 4211 106 24 populous
561 4208 88 23 district.

99 4238 126 28 Roxburgh,
242 4245 26 14 on
282 4237 35 21 the
334 4237 61 22 other
410 4236 63 26 hand,
487 4237 72 28 points
576 4242 22 17 to
616 4239 36 22 the

98 4268 41 22 fct
150 4269 44 22 that
206 4269 14 21 it
233 4268 16 22 is
259 4267 124 31 practically
395 4266 73 23 ficeof
477 4268 50 22 debt
538 4268 43 22 and
593 4268 37 23 has
639 4277 12 15 a

695 177 124 23 parsonage,
834 171 63 23 while
913 171 16 23 it
946 171 18 22 is
983 171 64 29 ready
1060 174 22 19 to
1097 170 119 23 contribute
1229 171 22 20 to
1260 163 1 37 |

679 199 2 32 j
696 202 35 21 the
743 202 69 29 salary
823 202 22 22 of
856 203 36 21 the
906 202 122 28 gentleman
1044 206 22 17 to
1083 202 27 22 be
1131 199 119 30 appointed

680 230 2 31 !
696 239 26 13 an
734 236 87 18 amount
841 233 122 28 equivalent
979 236 21 18 to
1016 232 45 22 that
1077 231 108 28 promised
1196 230 53 21 from
1260 230 1 31 |

696 261 104 30 Tapanui.
842 263 33 20 To
885 269 24 14 us
920 263 15 20 it
952 269 67 14 seems
1039 261 45 22 that
1095 261 35 22 the
1140 263 111 26 argument

681 290 1 32 :
695 291 73 24 drawn
783 292 54 23 from
852 293 99 29 Tapanni
971 292 78 29 having
1070 292 91 22 hitherto
1178 290 43 23 had
1238 297 13 15 a

681 322 1 28 ;
696 329 128 21 ciergyman,
846 328 45 16 cuts
912 324 52 21 both
979 330 62 20 ways.
1073 322 118 28 Roxburgh
1212 322 38 20 has

720 352 77 29 hardly
806 358 50 18 ever
891 353 43 21 had
953 360 50 18 one;
1019 351 98 30 Tapanui
1130 352 37 21 has
1186 357 64 15 never

696 382 53 23 been
760 383 48 22 able
819 386 21 19 to
852 383 66 23 retain
936 391 49 19 one;
1000 384 42 21 and
1053 391 27 14 on
1096 383 36 22 the
1146 381 104 30 principle

697 412 23 22 of
736 412 4 26 '
758 417 48 19 turn
821 412 41 23 and
881 417 47 18 turn
1040 414 15 21 it
1068 412 71 21 would
1157 412 27 21 be
1199 412 50 26 only
1260 412 1 26 ,

698 442 38 22 fair
745 445 22 19 to
777 443 48 28 give
837 443 115 28 Roxburgh
963 450 13 14 a
991 447 47 18 turn
1054 442 31 22 for
1101 449 59 15 once.
1202 441 47 22 Toe

698 477 75 17 matter
791 473 37 21 has
839 473 53 22 been
910 475 134 27 represented
1056 477 21 17 to
1089 473 36 21 the
1136 472 80 29 Bishop
1227 471 22 22 in

697 503 46 21 that
754 503 60 28 light,
828 511 31 14 we
870 504 89 25 believe,
981 504 42 21 and
1044 511 27 14 on
1087 502 75 23 behalf
1174 502 24 21 of
1213 502 36 21 the

698 534 150 27 congregation
875 541 31 14 we
929 534 56 28 hope
1009 534 42 21 His
1073 533 108 29 Lordship
1205 532 43 22 will
1260 532 1 30 i

697 562 108 29 favorably
816 564 96 21 consider
923 565 54 20 their
987 571 55 20 case.
1072 563 71 22 There
1153 564 18 20 is
1186 562 63 22 much
1260 560 1 31 i

697 593 91 29 pastoral
800 593 58 22 work
868 598 21 18 to
901 595 25 21 be
934 595 56 21 done
998 595 21 21 in
1030 594 41 22 this
1080 594 88 26 district,
1178 593 71 22 where

697 623 35 23 the
757 624 86 21 Church
866 624 37 22 has
928 630 36 17 not
990 625 41 21 had
1054 632 12 14 a
1090 624 39 22 fair
1143 625 60 21 show
1218 624 31 21 for

696 660 68 21 years.
809 654 40 21 But
865 654 31 21 for
911 654 35 22 the
962 654 90 22 efficient
1068 655 90 21 services
1174 654 21 21 of
1211 654 37 21 the

696 682 34 30 lay
745 683 91 25 readers,
852 684 79 22 Messrs
955 684 85 28 Cooper
1061 684 44 22 and
1126 684 71 26 Coop,
1212 683 36 22 the

678 714 3 29 '
696 715 151 26 congregation
862 718 56 17 must
933 715 53 21 have
999 715 64 21 iallen
1076 720 22 16 to
1113 716 70 27 pieces
1199 714 51 27 long

694 748 47 22 ago.
1110 752 85 11 -,

698 783 3 31 -
722 783 79 29 Friday
814 784 47 27 last,
874 785 65 29 being
958 786 63 22 Good
1042 785 85 28 Friday,
1147 792 43 15 was
1212 784 36 22 ob-
1260 783 1 31 !

694 815 73 20 served
779 815 21 20 in
814 815 116 28 Roxburgh
939 823 22 14 as
971 823 13 14 a
992 816 57 21 close
1059 816 94 27 holiday.
1170 815 79 21 Divine

694 843 78 23 service
789 852 42 14 was
842 845 119 22 celebrated
973 845 20 22 in
1012 845 32 23 St.
1056 845 76 29 James'
1154 845 94 29 (Church

693 874 24 22 of
731 875 108 28 England)
859 875 21 22 in
901 876 35 22 the
956 877 103 28 morning.
1089 876 35 22 Mr
1139 877 26 21 T.
1187 876 61 25 Coop

693 904 113 27 officiated,
826 906 44 21 and
889 907 58 21 there
965 914 43 14 was
1028 915 12 13 a
1055 906 39 21 fair
1113 907 133 22 attendance,
1260 904 1 27 i

694 934 46 21 The
750 935 92 22 weather
852 936 63 28 being
924 936 139 28 exceedingly
1075 936 48 26 fine,
1136 943 12 14 a
1159 936 89 21 number

693 963 24 23 of
725 964 35 22 the
771 966 146 29 townspeople
935 966 36 21 left
990 965 22 23 in
1028 967 36 21 the
1082 972 73 16 course
1173 965 24 22 of
1212 965 35 23 the

694 993 117 26 afternoon,
835 999 21 17 to
876 995 48 21 visit
938 995 85 26 friends,
1044 995 38 22 &c.
1119 995 87 23 Several
1226 995 23 21 of
1259 993 2 28 i

693 1023 58 21 them
776 1024 62 21 made
859 1025 54 20 their
935 1031 46 21 way
1006 1029 22 18 to
1054 1026 35 20 the
1114 1026 93 27 meeting
1226 1028 21 18 at
1259 1023 2 30 I

694 1053 108 29 Mackay's
814 1054 50 28 (late
873 1054 132 30 M'Cunn's),
1017 1063 48 14 near
1075 1056 55 21 Raes
1137 1056 108 28 Junction,

693 1082 70 24 where
780 1092 13 14 a
808 1092 50 21 very
873 1085 112 23 successful
1003 1087 74 25 soiree,
1091 1090 90 22 concert,
1197 1085 47 28 &c,

693 1114 51 20 took
756 1115 65 26 place,
835 1115 21 21 in
864 1116 35 20 aid
907 1117 24 19 of
937 1117 35 20 the
981 1117 78 20 church
1070 1117 69 20 which
1148 1117 37 20 has
1193 1117 54 19 been
1259 1114 2 27 :

693 1143 121 23 sanctioned
826 1144 28 28 by
865 1145 35 21 the
911 1145 84 22 Church
1007 1146 83 26 Courts,
1101 1145 42 22 and
1153 1146 18 21 is
1182 1145 65 22 about

694 1176 21 19 to
727 1174 25 21 be
763 1175 84 21 erected
858 1174 20 22 in
887 1174 45 23 that
943 1176 169 28 neighborhood.
1243 1176 18 21 J

721 1213 46 24 The
778 1214 107 24 extensive
895 1223 47 15 new
957 1216 95 29 building
1068 1224 48 15 now
1136 1216 21 22 in
1174 1223 73 15 course
1259 1213 2 32 :

694 1244 23 21 of
723 1246 92 21 erection
825 1245 30 22 for
865 1246 35 21 Mr
910 1247 68 21 Broad
993 1247 94 28 (Queens
1096 1248 63 21 Head
1171 1247 73 26 Hotel,
1259 1239 2 37 |

695 1275 126 29 Roxbuigh)
835 1275 17 23 is
862 1276 64 29 being
945 1278 83 27 rapidly
1047 1277 118 27 proceeded
1186 1277 58 26 with,

694 1304 35 22 the
747 1310 59 16 outer
819 1305 59 21 walls
898 1306 79 28 having
995 1314 49 13 now
1059 1308 78 20 almost
1155 1301 91 27 reached

694 1333 53 22 their
758 1334 100 21 intended
870 1335 260 29 height.Preparations
1138 1343 36 14 are
1183 1336 64 27 being
1259 1333 2 31 '

694 1364 68 27 made,
776 1371 31 15 we
818 1364 95 28 observe,
925 1365 32 22 for
968 1365 36 23 the
1021 1365 96 30 building
1127 1366 23 22 of
1167 1373 12 14 a
1192 1366 40 22 Sun-

693 1395 43 28 day
758 1395 79 21 School
856 1395 21 21 in
897 1397 126 21 connection
1039 1397 51 21 with
1116 1397 30 22 St.
1170 1395 76 28 fames'

693 1425 159 28 congregation.
894 1426 46 21 The
958 1427 96 20 material
1075 1427 38 20 has
1133 1428 54 19 been
1203 1426 43 20 laid

692 1453 64 22 down
775 1461 27 14 on
814 1454 36 22 the
860 1455 89 29 ground,
967 1456 70 21 which
1053 1456 38 21 lies
1102 1455 144 28 immediately

692 1484 80 23 behind
782 1484 36 24 the
828 1485 85 24 church.
946 1485 40 24 We
1005 1486 53 24 have
1073 1487 42 22 had
1131 1494 26 15 an
1167 1494 65 21 oppor-

692 1515 68 29 (unify
771 1516 24 21 of
802 1516 119 29 inspecting
932 1517 37 21 the
986 1519 61 26 plans
1057 1518 41 21 and
1109 1518 105 21 elevation
1225 1517 24 21 of

694 1545 35 22 the
749 1546 79 25 school,
849 1546 42 20 and
906 1553 35 14 are
961 1546 93 21 satisfied
1069 1547 16 21 it
1103 1547 43 21 will
1164 1546 54 21 form
1234 1553 13 14 a

694 1574 92 29 graceful
797 1581 22 14 as
830 1575 47 21 well
887 1581 23 15 as
920 1576 66 21 useful
994 1576 95 21 addition
1097 1578 22 19 to
1126 1576 35 21 the
1167 1576 79 21 church

691 1608 106 26 property,
811 1605 69 21 which
891 1606 17 21 is
918 1606 86 29 already
1012 1613 12 15 a
1033 1614 49 21 very
1089 1606 99 22 valuable
1196 1613 47 17 one.

719 1646 65 23 Some
804 1647 121 23 uneasiness
945 1655 43 15 was
1009 1648 131 27 manifested,
1161 1656 28 14 on
1209 1649 37 22 the
1258 1644 2 31 !

690 1677 77 20 arrival
777 1677 25 21 of
810 1677 36 21 the
864 1678 101 22 Dunedin
981 1679 52 20 mail
1052 1679 40 21 last
1108 1679 138 27 Wednesday
1258 1676 1 32 j

691 1706 66 27 night,
771 1706 27 27 by
809 1713 12 13 a
832 1708 118 27 paragraph
960 1708 21 20 in
1000 1708 36 21 the
1054 1708 101 21 Dunedin
1169 1715 76 21 papers

690 1741 23 16 as
724 1739 21 17 to
755 1743 13 13 a
784 1736 57 28 John
860 1736 75 23 Mouat
953 1737 62 27 being
1033 1738 66 21 found
1114 1738 55 21 dead
1180 1742 21 17 at
1212 1738 32 21 his

691 1765 108 23 residence
814 1766 21 22 in
856 1766 168 24 Walker-street.
1056 1767 87 23 Several
1163 1768 72 28 gentle

691 1802 48 18 men
748 1795 113 24 interested
871 1797 21 21 in
908 1797 50 28 gold
969 1797 82 29 mining
1068 1797 51 29 (and
1129 1797 46 23 also
1184 1802 59 25 great

691 1825 83 23 readers
793 1827 25 20 of
830 1824 36 23 the
885 1834 145 22 newspapers,
1040 1836 32 14 we
1083 1835 36 15 are
1130 1828 72 28 happy
1222 1833 21 18 to
1256 1824 2 35 j

690 1856 50 28 add)
753 1856 119 23 concluded
882 1858 45 21 that
936 1858 36 21 the
980 1865 75 21 person
1065 1858 21 22 in
1094 1863 98 23 question
1201 1866 42 14 was

690 1886 35 22 the
750 1887 47 22 well
818 1888 80 22 known
913 1887 82 29 mining
1018 1891 83 25 lawyer,
1129 1889 35 21 Mr
1188 1889 54 26 John
1255 1882 2 34 I

690 1917 81 21 Mouat.
804 1918 60 29 They
874 1924 55 15 were
939 1919 92 21 relieved
1040 1922 21 18 to
1073 1919 51 26 find,
1135 1919 105 27 however,

690 1946 44 23 that
746 1948 35 21 the
791 1948 102 22 deceased
906 1955 41 14 was
962 1955 26 14 an
1004 1949 80 28 elderly
1096 1956 49 14 man
1156 1950 87 27 bearing
1255 1946 1 31 I

689 1978 35 19 the
737 1984 57 15 same
805 1986 69 17 name,
891 1985 14 14 a
924 1978 83 21 laborer
1023 1978 21 22 in
1065 1979 107 26 Dunedin,
1193 1980 49 21 who
1255 1978 1 27 I

689 2014 42 13 was
743 2007 22 21 of
774 2009 104 20 eccentric
889 2007 77 27 habits,
984 2009 42 20 and
1038 2008 56 22 lived
1106 2009 28 28 by
1150 2009 90 23 himself.

689 2036 35 23 He
735 2037 37 22 has
785 2039 36 21 left
833 2046 58 14 some
908 2045 72 15 means
991 2040 42 20 and
1044 2046 12 14 a
1067 2038 43 22 will
1121 2039 22 22 in
1153 2039 59 22 favor
1221 2041 23 20 of
1255 2034 1 32 |

686 2074 12 13 a
707 2068 60 21 sister
778 2068 20 21 in
810 2068 111 25 Shetland,
934 2068 24 21 of
967 2069 68 20 which
1047 2069 27 20 he
1085 2075 42 15 was
1139 2075 13 14 a
1162 2070 78 22 native.
1255 2068 1 25 |

715 2144 50 25 The
778 2143 111 32 Borough
899 2143 98 25 Council
1007 2143 25 25 of
1044 2143 127 26 Lawrence
1182 2143 59 27 have

685 2181 66 27 been,
767 2179 24 23 iu
804 2180 41 22 the
859 2178 99 26 opinion
979 2178 30 23 of
1026 2186 72 22 many
1112 2179 83 29 people
1216 2181 24 20 in

685 2213 47 22 this
744 2213 107 28 quartet
862 2209 96 30 making
971 2218 14 14 a
997 2209 137 30 deplorable
1150 2209 78 24 exhibi-

685 2244 50 23 tion
752 2243 28 22 of
789 2242 152 23 themselves.
974 2241 52 23 The
1039 2243 46 20 late
1096 2241 101 24 election
1216 2242 23 22 of

686 2275 40 25 Mr
751 2274 94 24 Walker
858 2282 26 16 as
899 2274 87 31 Mayor
1000 2280 60 24 gave
1082 2274 112 31 umbrage
1215 2276 25 22 to

686 2317 63 17 some
776 2307 116 25 members
919 2309 27 22 of
969 2307 106 29 Council,
1105 2307 47 24 and
1181 2308 58 31 they

687 2342 76 24 would
785 2348 86 23 appear
894 2344 44 20 not
960 2343 25 21 to
1000 2340 58 24 have
1077 2345 41 24 yet
1140 2340 46 24 had
1200 2340 40 25 the

687 2375 73 23 moral
775 2380 100 22 courage
896 2376 24 19 to
933 2373 114 22 reconcile
1060 2375 142 21 themselves
1215 2376 25 21 to

686 2406 25 24 it.
743 2408 35 20 At
796 2405 40 23 the
858 2404 118 23 Council's
998 2405 47 22 last
1064 2404 110 30 meeting,
1198 2407 42 21 the

686 2438 102 26 minutes
802 2444 61 19 were
873 2438 56 23 read
941 2437 46 24 and
998 2435 138 32 confirmed,
1153 2437 47 25 and
1214 2439 25 23 in

685 2473 141 23 accordance
849 2471 57 23 with
927 2471 40 22 the
989 2470 67 23 usual
1075 2475 91 19 custom
1182 2471 56 31 (and

686 2505 24 23 in
724 2509 71 19 terms
811 2503 24 24 of
849 2503 41 23 the
910 2502 118 32 by-laws),
1049 2503 39 23 the
1101 2503 71 24 Clerk
1186 2510 39 25 pro-

685 2538 84 24 ceeded
804 2539 24 22 to
856 2535 56 25 read
939 2540 41 19 the
1007 2536 110 23 outward
1152 2543 75 18 corres-

688 2571 129 31 pondence.
865 2569 31 23 Cr
927 2568 85 29 Storry
1039 2568 117 31 objected,
1192 2569 47 24 and

687 2603 89 31 argued
786 2602 53 24 that
852 2602 40 23 the
906 2601 134 29 Returning
1052 2602 103 23 Odicer's
1169 2602 70 24 letter

688 2635 136 31 intimating
837 2635 40 23 Mr
895 2634 116 31 Tuckey'a
1027 2639 84 19 return
1129 2635 37 23 for
1181 2635 59 23 East

689 2669 72 22 Ward
774 2667 84 24 should
873 2667 27 23 be
917 2668 56 22 read
986 2667 59 22 first
1088 2667 50 23 The
1153 2667 87 31 Mayor

688 2701 68 24 ruled
768 2701 25 23 in
804 2700 69 25 favor
883 2700 26 26 of
921 2700 40 24 the
973 2700 69 24 usual
1055 2700 101 31 prac'ice
1170 2700 70 31 being

690 2734 117 28 followed,
820 2733 46 24 and
881 2733 42 23 the
941 2733 115 30 majority
1073 2738 96 26 present
1183 2742 42 22 sup-

688 2767 84 32 ported
782 2766 41 24 the
836 2765 86 33 ruling.
957 2766 50 24 Tne
1019 2766 113 33 minority
1145 2766 94 24 refused

688 2805 25 20 to
734 2800 121 30 acquiesce
875 2800 25 23 in
922 2799 41 24 the
978 2799 86 30 ruling,
1087 2803 46 19 and
1150 2801 90 22 several

687 2833 117 24 members
825 2832 102 30 adopted
940 2832 41 23 the
994 2831 147 31 undignified
1159 2839 82 17 course

687 2865 28 24 of
728 2865 85 31 calling
823 2865 56 23 each
892 2865 68 23 other
971 2871 88 21 names,
1070 2865 47 23 and
1128 2864 89 30 raising
1228 2872 12 16 a

687 2898 94 25 ruction
800 2897 129 33 generally,
972 2896 32 24 Cr
1026 2896 85 31 Storry
1129 2904 75 17 seems
1216 2901 24 20 to

687 2931 61 24 have
760 2935 68 19 made
842 2932 70 21 much
924 2929 28 24 of
960 2929 40 23 the
1021 2930 85 30 Mayor
1117 2937 84 24 saying
1212 2930 29 24 he

688 2973 47 16 was
751 2972 32 17 no
802 2963 144 32 gentleman,
962 2961 47 24 His
1022 2963 129 30 Worship's
1166 2964 75 23 words

689 2998 69 29 being
769 2997 57 31 only
841 2996 34 30 (as
890 2996 109 29 reported
1014 2996 24 23 in
1051 2997 40 23 the
1108 2995 133 33 "Times'')

687 3031 52 24 that
751 3031 32 24 Cr
794 3027 104 33 Storry's
908 3029 101 24 conduct
1021 3029 103 24 towards
1136 3028 47 25 him
1195 3030 46 25 had

689 3064 58 22 been
759 3070 56 23 very
831 3062 204 31 ungentlemanly.
1066 3064 70 22 After
1148 3063 93 25 further

687 3094 166 25 discreditable
875 3093 151 33 squabbling,
1072 3095 41 24 the
1136 3100 105 28 meeting

687 3130 77 24 ended
771 3128 24 24 in
965 3128 51 24 The
1028 3128 73 26 whole
1115 3128 66 31 thing
1195 3138 45 16 was

688 3170 63 15 more
771 3161 48 24 like
833 3168 13 16 a
862 3168 49 16 row
932 3160 25 23 in
976 3161 156 31 Billingsgate
1147 3166 94 21 market

687 3196 57 24 than
757 3194 115 33 anything
886 3196 47 22 else
946 3202 35 17 we
995 3203 44 17 can
1056 3195 70 25 think
1138 3195 43 32 of;
1200 3201 41 21 but

687 3230 24 22 in
727 3230 40 22 the
790 3227 137 24 estimation
950 3229 24 21 of
993 3236 64 16 some
1071 3230 81 29 people
1171 3236 56 17 noto-

687 3262 61 29 riety
771 3260 20 23 is
812 3267 26 16 as
860 3260 132 30 important
1010 3261 47 23 and
1076 3262 117 24 desirable
1216 3270 25 16 as

686 3294 68 24 fame.

719 3341 42 24 We
786 3340 60 25 have
870 3339 73 25 taken
960 3340 106 26 occasion
1089 3345 24 21 to
1135 3344 105 24 mention

687 3373 58 25 from
771 3374 59 23 time
857 3375 25 21 to
907 3373 58 24 time
992 3374 41 23 the
1054 3376 186 29 unpunctuality

685 3407 75 24 which
770 3406 21 24 is
803 3406 122 31 prevalent
940 3406 25 23 in
982 3406 46 24 this
1048 3407 93 25 district
1160 3408 25 24 in
1200 3409 27 23 ob-

684 3440 95 29 serving
802 3438 42 24 the
868 3438 74 24 hours
958 3438 25 23 of
1009 3440 121 29 meetings.
1174 3440 25 24 It
1221 3441 19 24 is
1250 3432 1 37 |

685 3472 91 24 seldom
790 3471 53 25 that
856 3478 47 22 any
918 3478 103 24 quorum
1035 3478 44 17 can
1094 3472 27 25 be
1141 3474 96 23 secured

685 3504 36 25 for
734 3508 23 20 at
780 3504 58 24 least
855 3503 49 25 half
920 3512 30 15 an
971 3504 62 23 hour
1046 3505 62 23 after
1129 3507 41 22 the
1183 3507 56 22 time

685 3536 63 24 fixed
764 3536 37 23 for
812 3537 41 23 the
869 3540 202 19 commencement
1086 3538 25 22 of
1127 3538 98 30 proceed-

684 3569 60 30 ings.
777 3570 33 22 As
831 3576 14 16 a
861 3567 83 25 set-off'
956 3570 25 22 to
1004 3568 52 24 that
1071 3568 64 25 loose
1148 3578 52 25 way
1214 3571 25 23 of

685 3601 71 33 doiug
767 3601 114 31 business,
899 3608 33 17 we
946 3608 55 25 may
1012 3604 57 22 note
1084 3603 60 30 that,
1157 3606 24 22 at
1197 3601 40 27 the

685 3636 61 23 hour
762 3635 63 23 fixed
840 3636 37 23 for
889 3635 40 24 the
945 3636 104 29 meeting
1064 3636 25 23 of
1099 3637 36 23 St.
1147 3638 89 24 James'

684 3668 95 23 Church
796 3667 150 27 Committee,
964 3675 32 15 on
1018 3666 217 33 Wednesduylast,
1250 3664 1 35 \

684 3700 32 23 all
736 3700 40 23 the
790 3700 116 23 members
920 3700 25 22 of
968 3698 143 25 Committee
1131 3709 60 16 were
1212 3702 24 23 in
1250 3697 1 37 j

684 3732 150 27 attendance,
859 3731 58 22 with
941 3731 40 23 the
1002 3732 126 30 exception
1148 3733 24 23 of
1192 3740 45 16 one

684 3761 51 31 (Mr
758 3763 103 24 William
877 3763 90 31 Smith)
989 3763 52 24 who
1063 3765 47 24 had
1134 3768 52 21 sent
1207 3773 29 16 an

684 3796 101 32 apology
798 3796 37 24 for
847 3804 124 23 necessary
985 3797 106 24 absence.
1117 3798 34 24 As
1161 3806 34 16 we
1207 3798 30 24 do
1250 3791 1 37 j

685 3833 42 19 not
740 3829 101 23 hesitate
857 3832 25 20 to
893 3829 48 23 find
953 3829 63 24 fault
1031 3830 67 23 when
1112 3831 41 23 the
1171 3839 53 16 occa-

682 3862 52 23 sion
750 3862 80 28 arises,
852 3869 25 16 so
893 3869 36 16 we
948 3862 71 23 think
1035 3862 19 24 it
1074 3862 58 31 only
1151 3864 46 23 fair
1212 3868 25 19 to

682 3893 78 25 award
772 3900 76 25 praise
861 3893 79 25 where
961 3893 65 31 such,
1043 3902 25 16 as
1082 3894 24 25 in
1129 3895 41 25 the
1185 3904 52 16 case

678 3926 53 32 just
749 3926 145 30 mentioned,
907 3926 20 24 is
943 3926 70 31 fairly
1025 3926 123 32 deserved.

713 3972 20 22 A
743 3970 48 31 poll
806 3970 25 24 of
842 3970 41 24 the
894 3970 99 24 electors
1019 3972 26 22 of
1061 3972 42 23 the
1124 3972 113 31 Borough
1249 3968 2 35 I

682 4003 24 24 of
720 4003 140 29 Roxburgh,
873 4010 24 15 re
909 4003 41 23 the
966 4003 164 24 water-works
1144 4005 93 24 scheme
1250 4003 1 29 i

682 4045 46 15 was
758 4035 72 25 taken
846 4039 24 20 at
889 4035 40 24 the
955 4034 75 26 Town
1051 4036 90 25 Clerk's
1162 4038 75 24 Office
1250 4029 1 42 |

682 4070 73 27 there,
767 4067 133 32 yesterday,
912 4068 24 24 in
948 4071 73 21 terms
1033 4069 25 23 of
1081 4071 41 21 the
1138 4074 98 21 statute.

681 4100 38 25 On
732 4100 40 23 the
785 4099 90 29 closing
887 4100 24 21 of
926 4100 41 22 the
984 4100 55 30 pool
1052 4103 25 20 at
1090 4101 36 22 six
1146 4102 89 23 o'clock

681 4139 67 24 p.m.,
765 4132 43 23 His
819 4130 115 32 Worship
951 4130 41 24 the
1018 4131 87 31 Mayor
1128 4132 123 26 declared'

680 4166 52 22 that
747 4165 29 22 39
789 4166 67 21 votes
866 4163 46 24 had
932 4163 58 24 been
1003 4164 114 24 recorded
1131 4165 25 23 in
1169 4166 67 23 favor

680 4197 24 25 of
733 4197 41 23 the
800 4195 102 29 scheme,
931 4196 45 23 and
1004 4202 69 17 seven
1088 4198 93 28 against
1195 4198 40 24 the

678 4229 102 29 scheme,
792 4227 78 26 which
882 4228 19 24 is
916 4235 51 17 now
980 4229 87 30 agreed
1091 4233 24 19 to
1140 4229 31 31 by
1193 4231 42 23 the
1249 4222 2 38 !

678 4262 106 25 electors,

1264 163 4 42 i
1311 163 79 33 Major
1400 164 102 27 Keddell
1517 167 77 31 R.M.,
1614 170 47 25 and
1678 170 40 26 Mr
1739 170 90 35 Jeffery

1265 196 3 41 j
1279 196 81 32 (Clerk
1383 198 27 24 of
1420 199 93 32 Court),
1540 202 92 26 arrived
1649 204 25 24 in
1696 205 132 32 Roxburgh

1264 228 4 38 j
1279 230 125 31 yesterday
1418 232 132 31 afternoon,
1566 238 26 21 to
1619 243 60 23 open
1691 239 42 22 the
1760 238 68 24 usual

1279 261 109 33 monthly
1412 263 74 25 Court
1512 267 47 22 this
1582 268 114 32 morning.
1740 269 88 26 Messrs

1279 294 91 26 Wilson
1391 296 105 33 (Clyde),
1522 299 46 24 and
1590 301 84 26 Mouat
1687 303 138 31 (Dunedin)

1263 328 3 27 :
1279 328 59 23 have
1349 329 48 22 a!eo
1413 330 99 25 arrived.

1306 360 33 24 At
1364 361 39 25 the
1425 361 114 26 Dunedin
1568 363 79 27 Police
1682 367 75 26 Court
1781 369 46 25 last

1277 393 114 30 Tuesday,
1425 395 69 30 Mary
1527 396 143 26 M'Pheraon
1697 402 57 23 sued
1785 403 42 23 her

1263 424 1 42 j
1277 424 108 25 husband
1400 426 25 30 (a
1439 435 45 15 van
1500 427 89 28 driver)
1602 430 37 22 for
1655 431 167 28 maintenance.

1280 458 21 22 It
1337 459 116 30 appeared
1492 460 23 23 in
1548 461 112 25 evidence
1690 465 50 23 that
1771 466 54 24 Mrs

1277 490 141 25 M'Pherson
1430 492 46 24 had
1491 492 43 24 left
1547 493 42 24 her
1602 494 127 26 husband's
1745 498 80 30 house,

1261 524 2 32 !
1276 524 46 23 and
1334 532 59 22 gone
1414 529 25 20 to
1460 525 94 24 cohabit
1572 525 55 26 with
1648 528 34 23 Dr
1697 529 128 27 Bakewell.

1261 556 2 32 j
1277 556 49 24 The
1343 557 56 24 Rev.
1415 557 35 24 Dr
1462 558 82 23 Stuart
1556 567 59 21 gave
1626 561 110 25 evidence
1748 567 25 19 to
1784 564 40 23 the

1261 585 2 41 I
1275 589 68 25 effect
1355 588 51 25 that
1416 590 29 24 he
1457 590 46 24 had
1514 592 147 24 endeavored
1674 597 24 20 to
1710 597 114 29 persuade

1276 623 41 23 the
1329 630 89 16 woman
1428 626 25 21 to
1462 623 64 25 leave
1538 624 40 23 the
1591 625 81 25 doctor
1683 629 46 22 and
1740 633 82 19 return

1261 654 2 35 ;
1277 658 24 20 to
1328 654 43 24 her
1398 655 115 29 husband,
1542 656 43 24 but
1601 657 43 24 she
1664 659 91 30 replied
1770 661 53 23 that

1262 681 1 44 j
1277 686 111 31 although
1407 688 40 24 the
1468 689 74 23 result
1566 696 58 17 were
1645 689 119 33 perdition
1783 692 40 25 she

1262 718 1 36 |
1278 720 78 24 would
1367 719 61 24 stick
1449 724 24 20 to
1489 721 42 23 the
1547 721 89 23 doctor.
1672 724 52 24 The
1737 720 72 34 Magis-

1262 752 2 29 i
1277 756 61 20 tratp
1358 752 66 25 ruled
1448 753 53 23 that
1522 753 19 24 it
1562 760 46 17 was
1622 757 41 21 not
1684 764 14 15 a
1719 763 52 18 case
1785 757 36 24 for

1261 785 2 31 '
1277 785 95 31 making
1383 793 28 16 an
1423 786 70 23 order
1504 793 30 16 on
1547 786 40 23 the
1604 786 114 25 husband.

1306 819 38 22 An
1379 817 108 25 estimate
1513 818 29 24 of
1575 818 41 24 the
1644 821 99 30 receipts
1777 821 46 25 and

1275 850 157 31 expenditure
1459 851 25 23 of
1508 851 40 24 the
1577 851 106 29 Tapanni
1710 853 113 32 Borough

1261 877 1 41 I
1275 884 98 26 Council
1385 891 97 24 appears
1493 884 24 24 in
1529 884 41 24 the
1589 884 58 25 local
1661 893 79 25 paper.
1773 887 52 26 The

1274 918 100 29 receipts
1400 924 40 16 are
1470 917 65 24 OIO
1564 918 37 23 17s
1631 919 50 29 lOd,
1714 920 46 24 and
1785 921 41 23 the

1261 949 1 33 I
1274 949 158 30 expenditure
1444 949 203 31 isKepayment
1660 951 24 23 of
1696 953 128 29 overdraft,

1261 981 1 32 ;
1274 983 83 28 500;
1374 981 102 30 salaries,
1493 981 50 30 &c-,
1555 983 66 24 llO
1637 984 39 22 17s
1691 984 52 24 10J.
1776 984 50 25 The

1261 1010 1 37 |
1274 1017 99 21 amount
1393 1018 35 19 set
1454 1018 68 26 apart
1543 1014 38 23 for
1606 1022 123 24 necessary
1745 1017 81 28 public

1261 1045 1 33 i
1275 1047 77 24 works
1362 1045 57 25 does
1431 1050 41 20 not
1484 1053 86 25 appear
1580 1045 60 26 from
1652 1047 45 25 this
1709 1048 114 26 estimate.

1304 1079 49 25 The
1614 1080 77 25 which
1708 1089 119 23 possesses

1261 1112 1 31 ;
1275 1113 39 23 the
1328 1112 162 30 Opposition's
1501 1117 87 19 secrets
1602 1113 28 29 (if
1641 1113 58 30 any)
1710 1115 114 23 remarks:

1266 1146 69 33 JFhat
1351 1145 40 23 the
1402 1144 164 24 Government
1577 1144 190 25 administration
1779 1145 47 25 and

1261 1178 92 31 rpolicy
1364 1177 49 24 will
1436 1178 28 23 be
1478 1178 124 29 subjected
1620 1181 24 20 to
1657 1178 74 31 rough
1748 1179 64 23 hand-

1261 1209 1 33 :
1274 1211 49 31 ling
1346 1210 65 24 when
1435 1210 148 25 Parliament
1606 1213 81 28 meets,
1715 1211 68 26 there
1808 1211 20 24 is

1261 1238 1 38 |
1273 1251 72 24 every
1364 1244 137 22 indication.
1545 1244 42 23 We
1613 1248 30 19 do
1663 1247 43 21 not
1720 1252 38 16 see
1773 1245 54 24 how

1261 1275 1 33 I
1276 1277 121 24 Ministers
1416 1284 40 15 are
1469 1278 24 21 to
1508 1275 89 30 prevail
1609 1276 24 24 in
1654 1277 40 23 the
1710 1277 117 31 struggle.

1261 1308 1 30 i
1274 1310 69 22 Even
1355 1308 18 23 if
1394 1308 59 29 they
1469 1308 46 23 had
1529 1311 42 20 not
1592 1308 93 24 become
1701 1309 126 29 entangled

1274 1341 24 23 in
1309 1340 41 24 the
1366 1339 92 25 meshes
1470 1339 24 23 of
1505 1339 109 31 culpable
1625 1340 202 31 misgovernment

1275 1374 56 32 they
1348 1372 78 25 would
1442 1375 50 25 not,
1507 1379 30 17 on
1561 1372 41 25 the
1623 1372 124 26 threshold
1758 1372 28 25 of
1797 1381 29 16 an

1273 1407 108 28 election,
1392 1406 71 23 suffer
1479 1406 41 23 the
1533 1406 140 31 tantalising
1687 1409 140 28 reproaches

1261 1438 1 32 j
1274 1440 24 22 of
1317 1447 13 14 a
1342 1439 83 22 rallied
1442 1439 151 28 Opposition.
1623 1438 77 23 Their
1713 1440 68 30 reply
1801 1443 24 20 to

1261 1469 1 28 i
1273 1471 180 26 denunciations
1463 1470 79 25 would
1555 1470 27 25 be
1623 1470 72 25 Come
1707 1472 47 24 and
1766 1472 31 24 do
1807 1472 20 24 it

1261 1502 1 35 i
1473 1504 58 24 Last
1554 1505 90 24 session
1663 1505 59 30 they
1746 1506 80 31 testily

1261 1537 1 36 j
1273 1538 79 23 issued
1368 1537 58 23 such
1439 1544 12 16 a
1467 1537 129 29 challenge.
1633 1537 27 22 If
1671 1539 57 28 they
1744 1543 82 24 repeat

1261 1562 1 38 '
1274 1569 40 24 the
1325 1569 149 31 experiment
1486 1572 59 20 next
1554 1568 98 30 session,
1664 1568 40 24 the
1716 1570 107 29 gauntlet

1261 1600 1 33 i
1273 1610 54 23 may
1339 1602 28 25 be
1379 1600 72 26 taken
1464 1609 41 24 up.

1301 1635 51 25 The
1373 1636 50 24 first
1437 1635 58 31 duly
1518 1634 114 26 ordained
1656 1635 165 32 Presbyterian

1261 1663 1 42 |
1272 1668 112 25 Minister
1408 1668 54 25 who
1490 1668 86 24 landed
1607 1668 25 23 in
1657 1669 60 24 New
1745 1670 76 23 South

1261 1700 1 31 ;
1273 1701 79 23 Wales
1371 1708 45 16 was
1428 1700 41 24 the
1482 1700 61 24 Rev.
1556 1700 37 24 Dr
1606 1700 68 31 Lang
1688 1701 60 28 who,
1763 1701 58 23 with

1261 1730 1 35 |
1272 1733 31 23 all
1314 1733 38 23 his
1367 1733 80 28 faults,
1461 1732 79 30 justly
1553 1733 109 24 deserves
1679 1736 24 20 to
1726 1733 26 24 be
1766 1733 54 24 held

1261 1765 1 34 I
1271 1766 25 23 in
1310 1766 102 31 grateful
1423 1765 174 25 remembrance
1612 1766 37 23 for
1661 1766 61 23 what
1736 1766 28 24 he
1774 1774 46 17 was

1261 1797 1 31 j
1271 1798 100 25 enabled
1396 1802 24 20 to
1437 1797 30 24 do
1489 1799 24 22 in
1537 1799 138 23 connection
1701 1798 58 25 with
1780 1800 40 24 the

1261 1828 1 35 |
1272 1831 106 32 planting
1388 1831 28 24 of
1428 1830 212 31 Presbyterianism
1662 1839 31 15 on
1707 1831 48 24 this
1770 1832 49 24 side

1270 1864 25 24 of
1310 1863 40 26 the
1371 1864 78 31 globe.
1477 1863 39 24 He
1536 1863 92 25 arrived
1644 1863 24 24 in
1683 1865 98 31 Sydney
1795 1866 23 24 in

1270 1898 59 24 1823
1341 1907 5 19 ;
1361 1898 44 24 but
1416 1896 211 31 Presbyterianism
1640 1896 47 25 had
1698 1907 29 15 an
1736 1899 84 24 earlier

1271 1930 76 29 origin
1360 1938 85 22 among
1459 1938 27 16 us
1502 1929 57 25 than
1575 1929 55 24 this.
1672 1930 31 24 So
1715 1931 66 31 early
1795 1940 25 15 as

1272 1964 58 24 1802
1351 1971 34 16 we
1399 1963 49 24 find
1465 1971 12 16 a
1500 1970 75 23 group
1599 1963 27 24 of
1649 1962 169 32 Presbyterian

1272 1995 99 25 famines
1395 1995 85 24 settled
1510 2003 30 17 on
1569 1995 40 23 the
1632 1995 75 25 banks
1731 1996 25 24 of
1778 1997 40 23 the

1271 2028 172 32 Hawkcsbury,
1459 2028 40 24 the
1512 2028 135 25 Australian
1663 2028 87 30 Rhine,
1762 2037 25 16 as
1799 2029 20 24 it

1272 2061 40 24 has
1338 2063 57 21 been
1415 2061 81 23 called.
1531 2061 99 29 Though
1646 2061 55 30 they
1722 2063 48 22 had
1787 2070 30 15 no

1271 2093 112 29 minister,
1404 2093 57 29 they
1472 2093 107 23 resolved
1593 2097 26 18 to
1634 2096 61 20 meet
1708 2094 110 28 together

1270 2134 31 17 on
1312 2126 41 24 tbe
1364 2125 83 25 Lord's
1454 2124 44 32 day
1508 2127 25 22 to
1547 2125 102 32 worship
1660 2125 53 24 God
1725 2126 95 24 accord*

1270 2159 127 32 ing.to4he
1411 2160 61 23 form
1480 2160 25 23 of
1516 2159 62 24 their
1590 2159 96 24 fathers.

1456 2193 52 21 that
1527 2192 66 22 there
1617 2199 39 14 a>e
1678 2199 86 23 among
1778 2192 40 24 tbe

1268 2225 96 28 Mayors
1379 2223 28 23 of
1418 2222 110 27 England
1545 2222 47 23 and
1616 2223 77 23 Wales
1715 2227 102 27 twentyi

1268 2262 70 16 seven
1355 2254 57 24 total
1426 2254 138 23 abstai.ers.

1295 2287 51 23 Tbe
1360 2287 115 31 Emperor
1497 2287 135 25 Alexander
1644 2288 40 24 111
1700 2288 42 24 has
1757 2288 46 25 fee-

1268 2320 125 25 shadowed
1414 2321 38 23 his
1468 2321 118 24 inttntiou
1612 2326 25 18 to
1663 2321 68 32 bring
1745 2323 73 24 about

1268 2354 87 24 certain
1368 2355 99 22 reforms
1480 2355 23 22 in
1513 2354 92 29 Russia,
1615 2354 78 24 which
1706 2354 44 24 will
1762 2356 58 23 have

1268 2387 38 22 the
1318 2386 67 23 effect
1398 2387 25 21 of
1437 2385 165 28 ameliorating
1614 2387 42 22 the
1667 2387 120 23 condition
1795 2389 25 21 of

1268 2418 40 24 the
1316 2419 124 30 peasantry
1449 2417 46 24 and
1503 2418 24 23 of
1536 2417 134 32 lightening
1679 2418 39 24 the
1728 2419 90 24 burden

1268 2451 24 24 of
1302 2451 113 24 taxation.
1444 2451 49 24 The
1516 2451 154 24 well-known
1688 2452 131 32 friendship

1268 2484 99 30 existing
1384 2484 105 23 between
1505 2483 42 25 the
1569 2491 52 17 new
1641 2484 58 24 Czar
1715 2486 47 22 and
1778 2488 42 21 the

1268 2516 104 24 Princess
1385 2517 26 24 of
1433 2517 78 24 Wales
1522 2517 21 24 is
1564 2517 137 25 considered
1725 2526 25 16 as
1766 2526 40 16 con-

1268 2549 115 31 tributing
1419 2552 24 21 to
1471 2557 87 17 ensure
1588 2550 89 25 cordhl
1705 2551 113 25 relations

1268 2582 102 24 between
1383 2582 85 24 Russia
1484 2583 47 24 and
1544 2582 121 33 England.

1297 2615 75 24 There
1396 2615 20 24 is
1437 2623 12 16 a
1465 2616 94 25 curious
1576 2616 126 33 prophecy,
1725 2617 93 26 written

1268 2655 55 17 over
1334 2648 49 24 half
1394 2656 14 16 a
1419 2651 101 28 century
1531 2657 51 22 ago,
1593 2650 77 24 which
1680 2658 19 16 is
1707 2650 51 31 just
1767 2659 50 15 now

1268 2680 23 24 in
1317 2687 93 24 process
1439 2681 28 23 of
1502 2681 137 26 fulfilment.
1671 2682 28 25 In
1760 2684 58 24 Tom

1269 2714 111 30 Cringle's
1501 2715 41 23 the
1562 2715 65 29 hero,
1650 2716 133 28 describing
1806 2725 13 15 a

1268 2747 100 31 journey
1393 2754 57 17 over
1472 2747 42 24 the
1538 2747 107 26 Isthmus
1660 2749 25 23 of
1707 2749 111 31 Panama,

1270 2779 75 24 writes
1418 2780 10 23 I
1440 2780 86 24 should
1541 2782 77 28 think,
1628 2781 106 32 judging
1757 2782 61 26 from

1269 2819 38 24 my
1322 2812 207 24 barometerbut
1541 2814 11 23 I
1569 2822 55 22 may
1636 2816 61 22 have
1709 2815 67 24 made
1788 2823 30 16 an

1268 2844 130 23 inaccurate
1423 2844 108 25 calculati
1548 2853 23 21 n,
1593 2846 48 24 and
1663 2847 10 23 I
1696 2847 59 25 have
1776 2853 43 19 not

1268 2876 133 24 Humboldt
1409 2877 33 30 by
1457 2879 121 23 methat
1587 2880 41 22 the
1639 2879 94 31 highest
1743 2881 25 23 of
1780 2882 39 23 the

1268 2909 66 29 ridge
1347 2910 20 22 is
1386 2910 110 28 l,sooft
1510 2912 73 23 above
1597 2911 42 24 the
1660 2912 60 23 level
1735 2914 25 22 of
1778 2914 41 23 the

1269 2950 78 22 ocean,
1360 2942 46 24 and
1416 2943 52 23 that
1480 2943 20 23 it
1515 2944 46 24 will
1571 2943 29 24 be
1616 2947 58 21 next
1690 2948 25 22 to
1729 2947 75 31 impos-

1269 2975 58 23 sible
1339 2978 23 19 to
1375 2975 53 31 join
1441 2976 41 23 the
1494 2979 47 20 two
1551 2984 51 16 seas
1613 2981 24 20 at
1650 2978 48 23 this
1710 2980 69 29 point
1788 2980 30 30 by

1269 3016 13 16 a
1296 3009 63 22 canal
1384 3007 55 24 with
1466 3011 72 21 water
1561 3010 24 23 in
1600 3010 27 24 it.
1655 3009 127 32 However,
1807 3012 12 24 I

1268 3044 82 27 expect
1371 3044 24 20 to
1410 3050 38 15 see
1464 3050 12 15 a
1495 3042 9 30 j
1515 3041 44 26 tint
1572 3042 67 24 stock
1654 3051 115 23 company
1783 3049 37 20 set

1269 3073 83 30 agoing
1369 3081 63 15 some
1454 3074 46 23 fine
1511 3075 46 29 day
1569 3075 37 22 for
1618 3076 41 22 the
1679 3083 101 24 purpose
1795 3079 25 23 of

1269 3105 91 32 cutting
1383 3105 35 30 it;
1451 3105 52 25 that
1527 3105 20 27 is
1570 3107 69 24 when
1654 3107 41 26 the
1711 3110 107 25 national

1268 3140 84 30 capital
1360 3145 56 18 next
1426 3140 159 24 accumulates
1597 3142 58 31 (and
1665 3142 63 24 Lord
1738 3144 82 24 knows

1270 3173 68 23 when
1359 3173 51 23 that
1433 3173 47 23 will
1501 3173 40 31 be)
1553 3176 26 22 to
1602 3183 13 16 a
1630 3175 118 31 plethora,
1771 3178 47 25 and

1270 3205 100 33 people's
1382 3214 82 24 purses
1475 3207 95 25 become
1583 3217 25 13 so
1624 3208 124 26 distended
1766 3213 53 23 that

1269 3239 57 29 they
1352 3239 92 30 require
1651 3242 51 23 The
1724 3244 95 29 author,

1270 3270 101 25 Michael
1379 3271 74 29 Scott,
1465 3270 54 24 died
1531 3272 24 23 in
1566 3273 160 31 1830--years
1739 3276 80 24 before

1270 3304 40 25 the
1319 3302 116 33 inception
1449 3304 24 24 of
1485 3304 41 25 the
1538 3305 61 25 Suez
1611 3307 73 24 canal;

1300 3337 76 24 There
1391 3344 39 17 are
1445 3345 53 16 now
1514 3338 107 26 between
1636 3342 45 22 400
1705 3342 47 24 and
1775 3344 44 22 500

1269 3370 98 26 Chinese
1379 3377 29 15 on
1422 3370 41 23 the
1475 3370 87 25 Round
1576 3372 52 24 Hill
1637 3371 121 32 (Western
1769 3376 37 22 dis-

1268 3403 65 29 trict)
1341 3401 122 31 goldfields
1473 3410 5 21 ;
1490 3403 48 24 and
1547 3403 41 25 the
1598 3404 60 25 local
1666 3413 72 24 paper
1747 3407 60 31 perti-

1268 3436 83 30 nently
1362 3433 53 25 asks
1451 3434 60 24 How
1522 3436 19 23 is
1563 3436 18 24 it
1593 3437 53 24 that
1660 3438 41 23 the
1717 3439 100 24 Chinese

1268 3469 58 22 have
1340 3466 160 32 monopolised
1510 3467 47 24 this
1566 3469 48 24 rich
1629 3470 118 31 goldfield,
1769 3471 45 24 and

1267 3502 53 27 this,
1332 3504 46 24 too,
1391 3500 23 22 in
1426 3500 61 30 spite
1495 3501 25 22 of
1536 3502 42 23 the
1597 3502 123 25 hundreds
1734 3504 28 23 of
1773 3512 29 16 un-

1266 3533 124 29 employed
1401 3532 25 22 in
1437 3532 40 23 the
1489 3532 96 31 Colony,
1594 3536 46 21 and
1653 3536 40 23 the
1702 3536 45 23 low
1756 3537 60 30 price

1266 3566 25 23 of
1303 3565 66 23 labor
1382 3563 86 31 during
1480 3564 40 24 the
1533 3569 54 27 past
1598 3566 83 25 twelve
1703 3568 113 25 months?

1266 3598 24 24 Is
1306 3598 20 24 it
1338 3597 75 31 owing
1423 3599 24 21 to
1461 3597 41 24 the
1519 3601 64 22 want
1593 3599 25 25 of
1629 3601 130 32 enterprise
1770 3601 45 25 and

1266 3639 164 22 perseyerence
1442 3639 30 15 on
1484 3631 40 24 the
1542 3637 53 26 part
1611 3634 24 24 of
1658 3634 138 31 Europeans
1806 3636 8 23 ?

1268 3664 127 23 Whatever
1403 3664 39 22 the
1454 3671 75 21 cause,
1538 3665 67 23 there
1616 3666 19 22 is
1647 3667 40 23 the
1697 3667 106 24 humiliat-

1265 3697 40 29 ing
1332 3694 129 24 conviction
1485 3695 54 24 that
1569 3705 14 15 a
1614 3697 65 29 large
1707 3703 60 20 tract
1792 3700 25 23 of

1265 3728 131 23 auriferous
1406 3730 109 27 country,
1526 3730 25 21 at
1559 3737 45 15 our
1614 3730 79 29 doors,
1705 3731 42 23 has
1757 3733 59 22 been

1265 3759 97 25 allowed
1376 3760 24 23 to
1412 3759 58 23 drift
1482 3759 50 24 into
1549 3761 40 23 the
1599 3761 76 26 hands
1686 3763 27 24 of
1726 3763 90 29 aliens;

1265 3794 47 23 and
1329 3793 38 23 the
1382 3794 93 21 returns
1492 3792 61 26 from
1573 3794 85 31 which,
1684 3796 92 25 instead
1792 3799 27 22 of

1266 3826 69 29 being
1364 3825 103 23 retained
1497 3825 25 24 in
1543 3834 44 16 our
1610 3827 79 29 midst,
1712 3838 25 15 as
1760 3829 56 31 they

1266 3858 77 23 would
1355 3857 29 24 be
1396 3857 18 23 if
1425 3857 41 23 the
1487 3857 56 25 field
1567 3867 63 17 were
1654 3862 112 31 occupied
1781 3863 32 30 by

1266 3891 142 30 European?,
1420 3897 39 16 are
1469 3894 53 20 sent
1543 3895 42 21 out
1602 3893 25 23 of
1640 3893 40 25 the
1707 3897 108 29 country.

1265 3925 50 22 The
1326 3923 137 30 deputatiop
1486 3923 28 28 of
1529 3923 101 26 Chinese
1656 3926 53 25 that
1731 3927 83 25 waited

1265 3964 65 23 upon
1353 3956 42 23 the
1422 3955 110 25 Minister
1560 3958 25 23 of
1614 3952 84 32 Public
1730 3960 85 24 Works

1265 3988 104 31 recently
1380 3988 78 25 stated
1470 3989 52 23 that
1540 3989 62 24 their
1618 3995 156 26 countrymen
1790 3997 24 18 at

1266 4021 87 24 Round
1362 4020 51 24 Hill
1427 4027 60 18 were
1497 4020 97 32 making
1606 4022 62 26 from
1684 4025 34 25 2
1730 4029 25 20 to
1767 4026 49 23 lO

1266 4062 42 24 per
1319 4055 63 23 week
1398 4060 42 25 per
1452 4060 61 23 man,
1525 4055 54 30 and,
1588 4055 102 33 judging
1703 4059 60 24 from
1775 4058 41 25 the

1265 4087 53 29 gold
1327 4090 101 24 returns,
1446 4086 52 23 that
1512 4088 21 22 is
1560 4095 14 15 a
1601 4095 57 22 very
1684 4090 45 23 fair
1755 4092 49 22 esti-

1294 4150 51 23 The
1381 4149 118 28 following
1527 4150 20 23 is
1573 4152 134 32 something
1740 4154 75 24 worth

1265 4180 112 32 knowing
1403 4182 46 23 and
1475 4182 87 25 should
1584 4184 28 24 be
1632 4187 85 28 posted
1745 4194 31 23 up
1791 4188 24 23 in

1265 4221 71 22 every
1347 4214 44 23 hut
1402 4222 26 14 or
1439 4214 69 24 other
1517 4215 75 24 abode
1603 4216 23 23 in
1636 4224 46 22 any
1693 4219 123 31 outlaying

1265 4246 217 31 district:Every
1497 4247 63 29 little
1581 4248 70 25 while
1673 4257 33 17 we
1718 4252 56 23 read
1792 4252 25 23 of

1265 4286 110 18 someone
1390 4278 52 25 who
1457 4280 42 24 has
1510 4280 69 26 stuck
1598 4289 14 16 a
1633 4286 68 28 rusty
1716 4283 48 24 nail
1792 4285 23 23 in

1842 161 2 38 I
1860 167 35 24 his
1907 167 58 31 foot,
1975 175 26 16 or
2012 167 68 30 knee,
2094 176 26 17 or
2132 169 71 30 hand,
2214 178 27 16 or
2252 178 64 17 some
2339 170 69 26 other

1841 199 2 36 |
1859 201 94 31 portion
1969 200 28 24 of
2011 201 36 23 his
2069 202 70 31 body,
2164 203 46 25 and
2233 203 54 25 that
2308 203 100 32 lockjaw

1841 233 2 38 j
1857 234 103 23 resulted
1974 233 137 28 therefrom,
2124 235 24 23 of
2163 235 75 25 which
2254 236 40 23 the
2315 237 93 29 patient

1841 258 2 41 J
1856 266 62 24 died.
1949 266 24 23 If
1986 273 72 24 every
2080 273 85 24 person
2189 275 47 16 was
2257 276 76 17 aware
2348 268 26 24 of
2394 276 14 17 a

1841 293 1 41 |
1856 299 88 31 perfect
1954 299 97 31 remedy
2060 299 36 25 for
2114 299 32 25 all
2168 301 58 24 such
2240 301 106 30 wounds,
2358 301 48 26 and

1840 332 2 33 j
1855 334 79 21 would
1951 335 71 27 apply
2047 332 26 26 it,
2097 332 57 24 then
2177 334 31 23 all
2230 335 58 22 such
2314 337 93 28 reports

1840 362 1 36 !
1856 367 64 23 must
1943 372 72 17 cease.
2061 363 52 26 The
2139 365 97 33 remedy
2262 366 20 24 is
2315 366 92 30 simple,

1850 398 88 24 .almost
1949 398 87 29 always
2045 405 30 16 on
2085 398 69 28 hand,
2164 400 45 21 and
2222 407 42 16 can
2273 400 28 23 be
2313 400 94 30 applied

1854 430 31 29 by
1899 438 47 22 any
1968 437 52 20 one,
2045 430 48 23 and
2117 431 63 22 what
2205 431 19 23 is
2246 432 77 23 better
2342 431 20 24 it
2386 432 22 22 iff

1840 461 1 33 :
1854 461 125 25 infallible.
2011 461 23 24 It
2057 462 19 23 is
2099 462 86 32 simply
2210 467 24 20 to
2255 464 82 24 smoke
2363 464 43 23 the

1840 492 1 32 I
1853 495 94 26 wound,
1959 503 27 15 or
1997 502 46 22 any
2052 492 80 27 bruise
2158 503 27 16 or
2197 496 86 26 wound
2307 497 51 24 that
2386 496 21 24 is

1840 527 1 31 '
1853 527 126 28 imfhmed,
1993 527 54 23 with
2074 527 103 31 burning
2194 529 58 24 vrool
2269 537 26 16 or
2319 529 84 24 wollen

1840 559 1 31 ;
1852 559 71 24 cloth.
1957 560 99 30 Twenty
2068 561 104 23 minutes
2189 561 23 23 in
2226 562 41 24 tba
2280 562 80 24 smoke
2379 562 25 23 of

1840 590 1 33 ,
1852 591 58 25 wool
1924 591 45 25 will
1983 590 55 25 take
2054 592 41 24 the
2108 593 55 30 pain
2175 598 41 20 out
2238 594 25 24 of
2276 594 39 25 the
2333 599 70 20 worst

1840 624 1 34 ;
1852 631 50 16 case
1930 626 25 23 of
1982 624 40 24 inn*
2030 626 121 25 immation
2184 627 89 31 arising
2297 628 61 24 from
2391 636 14 15 a

1840 657 1 23 j
1853 657 98 23 wound.

1883 724 203 25 ATHENUM
2123 727 152 25 CONCERT
2305 729 69 24 AND

2040 758 182 24 DANCE.

1883 819 50 23 The
1946 823 92 21 concert
2054 821 45 24 and
2113 821 74 24 dance
2203 822 38 23 for
2259 822 40 23 the
2317 823 88 26 benefit

1853 850 28 25 of
1892 851 40 24 the
1946 851 73 25 funds
2027 854 25 23 of
2063 853 41 25 the
2116 854 141 25 Athenjeum
2271 855 57 25 took
2341 856 64 33 place

1853 892 32 16 on
1911 884 106 32 Monday
2040 887 109 30 evening.
2201 888 86 32 Owing
2315 892 26 21 to
2363 889 42 26 the

1853 917 121 24 shortness
1982 920 25 21 of
2015 920 40 21 the
2063 919 76 24 notice
2148 920 44 23 and
2203 923 24 21 to
2237 921 40 23 the
2287 922 118 25 unsettled

1854 952 60 20 state
1929 950 25 28 of
1967 950 40 25 the
2022 950 109 29 weather,
2150 953 39 22 the
2204 953 139 25 attendance
2359 962 46 17 was

1854 985 42 20 not
1916 990 26 15 so
1956 982 63 30 large
2033 991 26 14 as
2074 983 19 22 it
2106 985 125 23 otherwise
2251 986 76 24 would
2345 987 61 24 have

1855 1015 67 26 been,
1935 1015 44 22 but
1991 1015 63 22 what
2067 1023 44 16 was
2130 1017 105 30 wanting
2254 1017 26 23 in
2292 1022 111 20 numbers

1855 1054 47 16 was
1916 1047 80 30 amply
2007 1047 69 24 made
2094 1055 31 23 up
2139 1048 26 24 in
2180 1048 143 32 willingness
2338 1054 24 20 to
2376 1051 29 24 be

1855 1079 101 31 pleased.
1989 1079 53 25 The
2055 1079 122 33 following
2193 1089 150 23 programme
2358 1092 46 16 was

1855 1119 59 20 gone
1933 1112 102 29 through
2052 1112 24 24 in
2093 1113 114 24 excellent
2228 1113 60 30 style
2301 1112 4 33 :
2311 1115 94 30 Glee,

2158 1145 59 24 Miss
2243 1144 85 33 Higgs,
2358 1148 48 23 and

1856 1175 88 24 Messrs
1979 1176 131 30 Hyndman
2146 1178 47 23 and
2222 1177 56 25 Fish
2292 1186 5 20 ;
2342 1186 64 24 song,

1882 1208 95 29 Father,
1989 1209 61 29 dear,
2067 1210 89 29 forgire
2252 1210 59 25 Miss
2326 1211 80 25 Annie

1856 1241 78 24 Broad
1945 1252 5 17 ;
1968 1249 66 23 song,
2050 1244 13 11 '
2074 1242 66 24 We'd
2152 1243 77 23 better
2246 1242 54 24 bide
2310 1252 14 15 a

1855 1273 41 24 Mr
1930 1273 123 29 Holman;
2087 1282 66 19 son?,
2366 1277 39 24 Mr

1847 1305 139 31 'Hyndman
2000 1313 5 20 ;
2021 1312 70 24 song,
2105 1308 15 10 '
2131 1306 96 24 Rocked
2238 1306 26 24 in
2275 1306 41 25 the
2327 1308 79 25 cradle

1855 1338 25 22 of
1904 1338 42 24 the
2097 1337 51 23 Mrs
2182 1338 127 29 Michelle;
2339 1347 66 24 song,

1884 1369 81 25 Burke
1975 1369 47 26 and
2154 1369 39 26 Mr
2214 1370 107 32 Mercer;
2338 1380 66 24 sonsr,

1857 1403 14 14 M
1882 1403 44 29 Oh,
1939 1403 45 24 Let
2000 1402 40 24 the
2055 1402 74 26 world
2151 1411 30 23 go
2311 1406 40 24 Mr
2367 1406 36 25 W.

1855 1435 94 28 Smith;
1968 1442 75 24 .song,

1855 1466 40 26 Mr
1911 1467 98 30 Heron;
2036 1475 65 23 song,
2151 1468 115 26 Mother's
2289 1469 117 35 Wedding

1949 1501 39 25 Mr
1994 1501 184 30 James.Giffan;
2191 1511 64 23 song,
2291 1503 115 32 Despised

1854 1534 35 23 for
1907 1534 70 30 being
2087 1534 60 23 Miss
2167 1535 88 29 Higgs;
2272 1537 132 27 recitation,

2056 1566 56 22 Miss
2128 1567 79 23 Annie
2231 1567 94 30 Broad;
2343 1568 59 31 glee,

1877 1597 35 25 Ye
1924 1598 134 30 Shepherds
2069 1598 42 24 tell
2195 1598 59 25 Miss
2266 1600 80 31 Higgj,
2355 1606 47 21 and

1852 1632 87 24 Messrs
1953 1632 127 31 Hyndman
2091 1633 46 23 and
2147 1632 55 24 Fish
2215 1642 6 21 ;
2233 1641 65 23 song,
2336 1634 67 26 Belle

2001 1665 40 23 Mr
2059 1664 37 28 W.
2119 1665 61 29 Orr;
2204 1674 67 19 songr,

1850 1696 57 30 they
1931 1696 105 28 brought
2067 1696 42 24 her
2133 1697 99 23 warrior
2361 1700 41 24 Mr

1850 1727 118 30 Holman;
2000 1736 67 24 song,
2105 1729 18 20 .*
2135 1729 73 24 Hazel
2348 1731 52 24 Mrs

1848 1760 123 30 Michelle;
1985 1769 67 21 song,
2219 1762 80 25 bowed

1850 1793 39 24 Mr
1909 1794 91 24 Heron.
2031 1794 95 24 Several
2149 1795 25 23 of
2197 1794 41 24 the
2261 1797 140 29 performers

1848 1826 106 25 received
1963 1834 103 19 encores,
2078 1828 24 22 to
2110 1827 76 24 which
2196 1828 56 30 they
2261 1830 139 30 responded.

1878 1860 35 23 At
1924 1858 41 25 the
1977 1859 62 24 close
2051 1859 24 23 of
2087 1859 39 25 the
2146 1863 102 26 concert,
2273 1861 38 25 Mr
2324 1861 74 33 Coop,

1848 1892 24 24 in
1885 1900 13 17 a
1909 1892 44 24 few
1965 1891 106 32 graceful
2083 1893 84 29 words,
2185 1894 126 30 expressed
2322 1898 24 21 to
2358 1896 42 25 the

1848 1925 106 30 meeting
1977 1924 42 24 the
2046 1924 87 25 thanks
2149 1926 25 24 of
2198 1927 38 23 the
2256 1927 143 27 Atheuftuim

1849 1957 147 24 Committee.

1877 1990 50 23 The
1944 1990 74 23 dance
2030 1989 75 25 which
2117 1990 108 26 followed
2240 2000 46 16 was
2299 1993 56 31 kept
2367 2002 33 23 up

1847 2022 59 24 with
1918 2024 67 29 great
1995 2023 68 30 spirit
2079 2023 36 24 till
2135 2024 126 32 midnight,
2277 2026 32 31 by
2326 2027 73 25 about

1847 2055 82 23 fifteen
1941 2055 96 29 couples
2050 2056 25 23 of
2086 2057 114 23 excellent
2216 2058 108 24 dancers.
2357 2060 41 23 Mr

1847 2088 93 22 Burton
1953 2087 108 30 presided
2078 2091 23 20 at
2111 2089 40 22 the
2164 2089 77 30 piano,
2255 2090 58 23 both
2321 2093 23 20 at
2359 2091 41 24 the

1847 2122 94 21 concert
1954 2118 47 24 and
2018 2117 42 26 the
2070 2119 81 30 dance,
2167 2121 47 24 and
2235 2124 25 21 at
2272 2122 41 25 the
2329 2122 71 26 latter

1849 2152 40 25 Mr
1925 2152 121 24 M'Douall
2075 2154 68 24 acted
2169 2162 24 16 as
2223 2154 65 26 MC.
2336 2156 64 26 Both

1847 2185 133 30 gentlemen
2016 2186 122 29 acquitted
2167 2187 143 25 themselves
2340 2190 59 26 with

1848 2218 61 22 their
1931 2216 68 23 usual
2023 2216 149 25 we'l-known
2198 2219 92 30 ability.
2332 2221 53 23 Alto-

1847 2248 89 31 gether,
1948 2248 40 23 the
2010 2255 90 17 success
2122 2250 75 23 which
2221 2252 112 24 attended
2359 2253 41 23 the

1848 2281 102 31 opening
1972 2280 104 33 meeting
2100 2282 25 24 of
2149 2283 40 24 the
2211 2291 82 17 season
2308 2293 90 24 augurs

1849 2314 52 26 well
1917 2314 36 24 for
1964 2314 42 23 the
2017 2322 91 17 success
2128 2315 28 24 of
2167 2316 39 24 the
2218 2317 130 32 remaining
2361 2326 25 17 re-

1849 2349 85 23 unions
1946 2347 74 24 which
2033 2355 39 16 are
2085 2348 24 23 in
2126 2349 40 24 the
2180 2350 181 30 contemplation
2374 2352 25 23 of

1849 2382 39 21 the
1901 2379 140 25 Athenaeum
2061 2379 148 26 Committee.
2242 2382 46 24 We
2310 2383 87 23 should

1849 2414 42 22 not
1903 2411 59 24 omit
1974 2415 25 19 to
2010 2411 62 24 refer
2083 2411 25 24 in
2121 2415 71 21 terms
2210 2413 26 24 of
2253 2415 146 31 unqualified

1850 2444 77 30 praise
1943 2448 24 20 to
1983 2443 40 25 the
2035 2444 116 26 excellent
2167 2446 100 25 services
2281 2448 116 26 rendered

1849 2479 32 28 by
1893 2479 40 23 the
1948 2477 72 30 lately
2041 2477 127 30 appointed
2187 2479 154 32 hall-keeper,
2357 2481 40 24 Mr

1849 2510 80 25 Davis.
1966 2510 38 23 He
2016 2509 21 24 is
2048 2510 165 33 emphatically
2224 2512 39 25 the
2272 2513 62 31 right
2343 2521 54 19 man

1848 2544 24 23 in
1885 2544 40 24 the
1938 2542 64 31 right
2013 2542 71 31 place.

1847 2618 127 29 SOIREE,
2008 2619 150 25 CONCERT
2198 2619 68 25 AND
2308 2620 91 32 BALL,

1954 2651 41 23 AT
2024 2652 80 23 RAES
2132 2652 165 28 JUNCTION.

1877 2721 52 24 The
1944 2722 185 26 entertainment
2148 2723 133 24 advertised
2304 2723 36 24 for
2361 2723 40 25 the

1847 2754 101 32 evening
1964 2755 25 24 of
2015 2754 68 25 Good
2108 2755 89 31 Friday
2224 2764 46 16 was
2295 2756 54 25 held
2377 2757 24 24 in

1849 2787 101 31 Mackay
1965 2787 120 25 B-others'
2095 2789 63 31 largo
2181 2788 80 30 house,
2285 2789 47 25 and
2355 2798 46 16 was

1847 2827 28 16 an
1889 2820 147 31 unqualified
2047 2829 99 15 success.
2179 2821 52 24 The
2252 2822 56 31 only
2322 2823 62 23 draw-

1848 2851 67 30 back,
1930 2853 96 28 indeed,
2038 2861 47 17 was
2111 2853 52 25 that
2186 2853 40 25 the
2250 2854 65 31 large
2336 2862 65 16 room

1847 2884 24 23 iu
1883 2884 77 25 which
1976 2885 19 24 it
2005 2893 46 16 was
2066 2886 55 24 held
2134 2893 47 17 was
2192 2890 43 20 not
2244 2887 82 30 nearly
2338 2886 63 31 large

1847 2918 95 31 enough
1952 2921 24 21 to
1984 2918 56 24 hold
2050 2918 40 24 the
2100 2926 116 23 company
2223 2925 94 24 present
2323 2926 30 16 on
2362 2920 39 23 the

1847 2951 113 29 occasion,
1974 2951 52 24 who
2036 2951 94 24 arrived
2147 2952 25 23 in
2195 2951 66 31 large
2278 2951 122 29 numbers,

1848 2983 46 23 and
1908 2984 31 30 by
1961 2991 71 22 every
2053 2984 147 24 conceivable
2216 2985 69 23 mode
2302 2984 25 23 of
2339 2991 45 16 con-

1847 3024 112 22 veyance,
1972 3017 62 24 from
2049 3016 29 24 all
2096 3016 78 32 points
2187 3017 25 23 of
2227 3017 40 23 the
2283 3024 112 24 compass-

1849 3049 51 23 The
1912 3050 141 23 attendance
2065 3058 46 14 was
2124 3050 109 29 upwards
2252 3050 25 23 of
2292 3050 51 23 150.
2379 3050 20 24 A

1848 3081 109 30 splendid
1971 3086 78 26 repast
2061 3082 35 29 (at
2111 3082 75 23 which
2198 3081 80 24 James
2303 3082 96 28 Beunet,

1848 3114 68 32 Esq.,
1941 3114 101 31 M.C.C.,
2068 3113 116 25 officiated
2205 3122 25 16 as
2261 3112 135 32 Chairman)

1848 3156 44 15 was
1908 3148 115 30 provided
2040 3148 75 22 under
2125 3147 40 24 the
2184 3147 212 30 superintendence

1847 3181 26 24 of
1910 3180 136 25 Mesdames
2087 3180 99 30 Rennet,
2212 3179 107 31 Mackay,
2346 3180 47 23 and

1847 3214 156 27 Richardson,
2011 3214 46 24 and
2069 3213 58 24 M's
2137 3213 98 23 Bennet.
2266 3212 49 23 The
2327 3211 50 25 Com-

1847 3248 83 22 mittee
1942 3246 44 23 had
2001 3245 136 29 thoughtful
2143 3244 3 30 :
2148 3252 17 22 y
2177 3244 113 30 provided
2303 3245 36 21 for
2354 3244 41 23 the

1847 3278 115 25 excellent
1977 3277 101 29 lighting
2093 3276 25 23 of
2129 3277 40 22 the
2181 3277 80 27 house,
2277 3275 47 24 and
2337 3275 57 25 with

1847 3311 68 33 equal
1928 3308 152 32 forethought
2091 3311 46 21 two
2148 3309 25 25 of
2186 3308 41 25 the
2242 3316 78 17 rooms
2334 3315 62 17 were

1847 3344 112 29 specially
1974 3345 36 22 set
2021 3345 69 27 apart
2104 3350 25 16 as
2144 3342 199 30 dressing-rooms
2357 3342 36 23 for

1846 3379 37 22 the
1896 3377 82 22 ladies.
2010 3375 108 24 Another
2131 3375 149 30 satisfactory
2303 3375 92 23 feature

1845 3410 28 23 of
1890 3409 41 23 the
1944 3407 105 30 meeting
2076 3414 47 16 wbs
2155 3407 53 23 that
2233 3406 37 29 all,
2295 3406 101 24 without

1845 3440 144 29 distinction,
2041 3446 59 16 were
2143 3439 69 24 made
2252 3438 145 31 thoroughly

1845 3474 117 25 welcome.
1964 3472 100 23 After
2093 3471 41 24 the
2168 3474 38 21 tea
2245 3478 45 16 was
2327 3478 66 23 over,

1845 3506 100 28 dancing
1967 3513 46 15 was
2038 3504 161 29 immediately
2226 3503 104 30 engaged
2360 3504 33 23 in;

1845 3539 39 22 Mr
1897 3537 173 26 Christiansen,
2097 3543 42 15 one
2154 3535 25 23 of
2202 3535 40 24 the
2268 3539 60 19 most
2351 3542 27 16 ac-

1844 3569 145 32 complished
2002 3568 116 24 violinists
2138 3568 24 23 in
2184 3567 41 24 the
2250 3566 96 33 County
2370 3568 25 24 of

1843 3603 119 32 Tuapeka,
1974 3601 106 33 supplied
2093 3600 39 24 the
2145 3600 80 31 music,
2239 3600 154 33 occasionally

1843 3636 99 25 assisted
1972 3640 24 20 at
2025 3635 40 24 the
2096 3634 148 26 harmonium
2275 3635 31 31 by
2336 3634 59 25 Miss

1845 3670 99 23 Benuet.
1990 3668 77 27 Songs
2094 3674 61 15 were
2181 3667 157 28 interspersed
2369 3670 26 20 at

1843 3702 109 30 frequent
1969 3699 120 26 intervals,
2101 3699 40 22 the
2156 3698 89 29 sjrjgers
2259 3699 70 27 being
2341 3697 53 25 Mrs

1843 3734 68 28 Edie,
1930 3733 40 22 Mr
1983 3732 45 22 and
2056 3732 49 21 Mrs
2132 3730 89 27 Ilastie,
2238 3730 47 23 and
2304 3730 89 24 Messrs

1844 3765 115 24 Andrews
1973 3763 46 24 and
2040 3762 119 24 Crawford
2185 3761 104 33 (Benger
2313 3761 85 33 Burn),

1845 3800 89 23 Messrs
1949 3796 101 27 Howell,
2064 3796 129 32 Ifyndman
2205 3796 46 23 and
2266 3795 34 25 W.
2317 3795 78 25 Smith

1845 3830 162 29 (Roxburgh),
2037 3829 46 23 and
2114 3828 30 25 R.
2173 3827 93 31 Waugh
2290 3829 104 29 (Millers

1843 3864 63 31 Flat}
1916 3863 90 23 Miss
2038 3861 93 25 Bennet
2156 3860 49 25 also
2240 3861 85 31 kindly
2349 3862 47 24 and

1843 3895 129 32 effectively
1983 3894 152 25 contributed
2158 3896 26 22 to
2205 3892 41 25 the

1844 3929 95 32 playing
1951 3929 43 23 her
2009 3935 53 16 own
2081 3927 202 30 accompaniment
2309 3935 30 16 on
2353 3928 42 25 the

1843 3961 159 25 harmonium.
2035 3960 178 23 Refreshments
2226 3967 58 17 were
2299 3960 98 26 handed

1843 3994 77 25 round
1930 3996 24 21 at
1970 3992 119 25 intervals,
2103 3992 47 23 and
2174 3992 40 23 the
2228 3993 162 31 proceedings,

1844 4028 25 24 of
1899 4035 14 16 a
1940 4033 57 23 very
2029 4024 150 30 satisfactory
2212 4027 92 28 nature,
2335 4033 63 19 were

1844 4060 104 31 brought
1965 4062 24 23 to
2002 4068 13 15 a
2028 4057 61 26 close
2102 4060 25 21 at
2146 4066 29 15 an
2201 4059 65 29 early
2291 4058 62 25 hour
2371 4060 27 25 in

1845 4094 40 22 the
1895 4092 114 26 morning.
2036 4090 52 23 The
2094 4090 82 28 people
2186 4090 45 23 had
2240 4098 31 15 an
2280 4092 118 23 excellent

1845 4124 42 24 full
1899 4131 69 17 moon
1991 4126 25 20 to
2032 4122 71 31 guide
2132 4122 66 23 them
2223 4125 24 21 to
2273 4122 64 25 their
2358 4132 26 16 re-

1844 4157 103 31 spective
1970 4156 89 25 homes,
2100 4153 39 24 All
2162 4155 127 29 expressed
2316 4158 65 23 them-

1845 4189 73 24 selves
1953 4186 143 30 thoroughly
2132 4186 94 31 pleased
2263 4188 56 24 with
2359 4191 42 24 the

1844 4224 179 28 arrangements
2038 4218 73 24 winch
2124 4219 48 22 h.vd
2195 4219 59 24 been
2276 4222 69 23 made
2362 4222 37 28 for

1845 4254 62 24 their
1922 4254 107 27 comfort,
2041 4252 46 23 and
2110 4251 57 25 with
2195 4252 41 25 the

1845 4291 57 26 tuey
1921 4286 48 25 had
1981 4286 116 26 received.

103 82 159 31 Wednesday,
285 83 73 30 April
384 85 36 28 20,
438 85 57 23 1851

938 87 89 24 THE
1063 85 153 25 MOUNT
1250 84 181 27 BENGEft
1462 89 113 25 MAIL.

2381 142 0 0 5
