2500 4410
118 167 160 28 TUAPEKA
300 164 138 27 COUNTY
464 160 154 28 COUNCIL.

218 251 142 23 EVENING
383 247 134 23 SITTING.

122 293 41 24 Mr
188 291 87 24 Erown
299 288 86 24 moved
413 287 48 23 and
482 286 41 23 Mr
542 283 105 26 Herbert

347 321 39 22 the
412 318 122 30 Engineer
558 316 28 22 be
607 323 27 15 re-

92 355 101 35 quested
205 358 24 20 to
241 357 80 28 report
338 355 23 22 at
374 357 57 19 next
446 348 102 32 meeting
568 348 25 24 of
608 347 39 24 the

93 390 98 25 Council
204 388 40 24 the
263 385 112 33 probable
391 387 50 22 cost
460 383 25 23 of
505 381 142 31 completing

93 423 41 22 the
148 422 57 23 road
227 424 25 19 to
274 418 102 30 Waipori
403 416 36 23 via

93 453 105 26 Carried.

124 493 36 22 On
172 492 41 23 the
225 489 90 25 motion
329 488 25 23 of
367 488 40 22 Mr
419 486 120 28 Tubman,
564 484 20 23 it
601 491 46 16 was

92 524 108 25 agreed-
231 522 64 23 That
303 521 41 22 the
353 520 120 30 Engineer
483 518 28 24 be
520 516 127 31 requested

92 562 26 20 to
132 557 81 29 report
227 562 25 16 as
266 557 25 20 to
306 553 40 23 the
369 552 118 29 necessity
510 549 28 24 of
552 549 96 30 making

91 590 62 23 main
165 587 56 25 road
235 585 104 32 passable
349 592 55 16 near
412 582 124 25 Herbert's
545 582 103 23 sectione

90 623 49 22 xlso
155 619 83 30 bridge
249 625 76 16 across
338 616 69 24 Swift
429 615 83 26 Creek,
527 618 25 21 to
564 613 83 25 enable
660 613 2 36 [

91 655 40 23 the
143 652 95 25 setters
266 654 26 20 to
318 653 39 27 get
384 648 63 25 their
461 648 68 31 grain
551 650 25 22 to
605 647 42 24 the

92 685 98 31 railway
198 683 89 24 station
299 686 25 19 at

121 726 38 23 On
190 722 41 24 the
259 720 91 23 motion
378 720 24 24 of
434 718 41 25 Mr
506 718 139 27 Buchanan,
659 718 2 32 ;

91 756 115 25 seconded
219 755 31 28 by
259 753 40 23 Mr
310 752 95 28 Brown,
418 752 19 23 it
449 759 48 15 was
508 750 139 25 resolved—

90 792 14 11 -44
114 790 62 23 That
192 790 24 20 to
228 785 84 24 enable
325 784 42 23 the
378 783 94 24 settlers
486 783 25 24 of
533 783 114 30 Tuapeka

92 822 68 23 West
167 823 24 21 to
205 825 91 23 convey
308 817 61 23 their
381 816 67 30 grain
461 818 24 21 to
497 815 101 29 market,
607 815 40 24 the

94 852 89 27 R«veral
202 851 69 30 sharp
296 856 82 17 curves
393 856 31 16 on
448 848 41 24 the
509 848 59 24 road
590 855 57 17 near

94 886 129 28 Boundary
231 881 75 26 Creek
321 881 178 31 (Dalhousieto
512 881 135 29 Lawrence)

92 921 30 22 be
136 916 121 26 forthwith
273 914 108 24 widened
401 916 25 22 at
442 921 30 17 an
489 921 104 24 expense
604 915 43 21 not

93 950 128 30 exceeding
651 952 16 21 4>

120 989 41 23 Mr
171 988 92 23 Bennet
277 985 124 31 proposed,
418 985 47 23 and
486 984 41 24 Mr
542 983 105 25 Herbert

263 1018 62 23 That
342 1018 42 23 the
397 1017 128 25 Treasurer
546 1023 100 24 prepare
666 1017 1 30 ,

89 1065 14 16 a
118 1056 128 24 statement
259 1051 32 32 by
312 1055 58 21 next
381 1051 101 25 Council
498 1050 104 31 meeting
621 1049 25 25 of
659 1049 2 34 i

89 1091 40 22 the
143 1090 97 21 amount
251 1084 107 25 received
381 1093 32 15 on
437 1087 101 21 account
553 1083 25 24 of
600 1083 43 24 de-
660 1078 7 37 |l

88 1121 204 29 ferred-paymerit
319 1117 75 28 lands,
417 1117 48 23 also
485 1116 42 24 the
547 1118 99 21 amount
660 1112 7 38 [i

226 1151 23 24 in
263 1150 41 23 the
313 1150 94 23 various
416 1149 115 26 districts,
545 1149 48 24 and
606 1149 41 24 the
660 1153 7 19 I

90 1188 100 24 amount
200 1184 49 24 still

120 1225 38 25 On
169 1223 41 24 the
221 1221 90 25 motion
323 1221 25 24 of
357 1220 40 24 Mr
414 1220 119 30 Tubman,
556 1220 20 24 it
600 1228 48 16 was

90 1255 108 29 resolved
258 1254 65 23 That
333 1254 41 23 the
389 1257 72 20 worst
480 1257 66 26 parts
558 1253 25 24 of
606 1253 42 24 the

91 1290 59 26 road
160 1289 105 25 between
276 1286 74 25 Kelso
364 1286 47 25 and
433 1286 70 25 Swift
517 1286 76 25 Creek
619 1286 30 25 be

91 1321 120 35 gravelled
224 1321 80 23 before
315 1319 41 25 the
366 1321 85 23 winter
461 1322 49 21 sets

120 1361 40 24 Mr
170 1359 109 25 Tubman
294 1357 125 32 proposed,
438 1357 47 26 and
500 1357 41 24 Mr
556 1357 93 23 Bennet

91 1392 116 28 seconded
271 1391 65 24 That
348 1390 40 25 the
402 1394 73 21 worst
487 1393 66 25 parts
569 1390 30 24 of
608 1390 41 25 the

91 1427 59 26 road
174 1427 107 23 between
307 1424 80 23 Edie's
409 1424 46 23 and
477 1422 126 24 Dunrobin
620 1424 29 23 be

92 1463 45 28 put
157 1459 26 23 in
209 1465 12 16 a
244 1455 108 33 passable
377 1458 61 21 state
466 1455 28 24 of

92 1491 105 29 Carried.

124 1526 37 25 On
171 1525 40 23 the
222 1523 91 28 mQtion
324 1522 28 27 qf
358 1522 39 24 Mr
407 1522 113 29 Herbert,
531 1521 118 24 seconded

93 1560 34 29 by
144 1558 40 23 Mr
196 1557 96 23 Brown,
305 1556 20 22 it
334 1563 47 15 was
393 1556 116 29 agreed—
512 1557 16 9 44
536 1554 62 24 Tbat
609 1555 40 23 the

94 1591 118 31 Engineer
223 1588 29 24 be
261 1587 127 32 requested
400 1591 25 20 to
435 1589 82 28 report
524 1587 41 24 the
572 1595 64 16 neces-

94 1632 52 23 sary
158 1622 90 31 repairs
254 1621 30 30 (if
291 1622 59 30 any)
356 1620 91 25 wanted
456 1622 26 21 to
490 1620 41 24 the
540 1620 109 31 Scrubby

96 1658 53 23 Flat
163 1664 51 15 new
228 1653 135 25 settlement
376 1663 6 20 ;
397 1653 50 24 s*id
463 1656 81 27 report
571 1656 26 21 to
619 1653 29 24 be

94 1690 67 25 made
174 1692 26 20 to
211 1688 58 24 next

125 1723 39 24 On
176 1721 41 24 the
230 1719 90 25 motion
334 1720 24 22 of
370 1719 39 23 Mr
421 1718 136 29 Buchanan,
571 1719 19 23 it
600 1726 48 16 was

95 1754 108 26 resolved
328 1751 41 24 the
388 1759 53 16 sum
455 1752 25 22 of
493 1752 50 24 £SO
564 1752 83 30 passed

97 1792 37 21 for
144 1786 57 26 road
214 1784 155 29 Fitzgerald's
381 1788 24 19 to
418 1784 88 30 Hogg's
517 1792 65 16 some
592 1784 56 23 time

96 1822 60 30 peat,
183 1819 29 24 be
233 1817 124 29 expended

97 1854 88 24 Brown
197 1848 123 26 seconded.
324 1848 128 25 —Carried

129 1887 24 24 It
166 1892 48 17 was
364 1881 62 25 That
437 1881 25 27 in
473 1881 81 26 future
566 1890 31 16 no
605 1890 30 23 ap-

97 1919 114 33 plication
226 1916 37 24 for
276 1914 41 25 the
325 1915 156 31 expenditure
490 1916 24 23 of
525 1923 84 23 money
619 1924 30 15 on

97 1952 82 32 public
191 1949 76 24 works
284 1947 47 23 will
343 1948 29 24 be
395 1948 138 24 considered
557 1949 30 29 by
602 1949 49 23 this

98 1984 100 26 Council
211 1982 38 24 till
261 1989 14 16 a
285 1983 82 26 report
376 1988 30 16 on
421 1980 52 25 said
487 1980 77 25 works
576 1980 27 25 be
614 1989 24 16 re-

97 2017 82 26 ceived
192 2016 60 23 from
263 2013 41 23 the

129 2051 26 23 It
169 2055 48 17 was
231 2046 91 31 agreed,
337 2052 30 16 on
381 2046 42 23 the
451 2046 90 23 motion
565 2046 25 23 of
611 2046 40 24 Mr

99 2084 105 28 Mervyn
329 2077 42 24 the
383 2079 94 29 portion
494 2078 25 25 of
532 2077 40 25 the
589 2078 61 24 Tua*

99 2115 61 31 peka
175 2115 95 26 Connty
280 2114 44 19 not
339 2110 112 24 included
466 2112 24 21 in
505 2118 45 20 any
565 2110 85 24 Rabbit

99 2147 99 26 district,
205 2142 143 31 comprising
358 2142 136 30 theridings
504 2143 25 22 of
537 2142 112 31 Waipori,

99 2180 92 29 Clarks,
222 2175 117 28 Gabriels,
372 2174 106 31 Browns,
495 2176 153 28 Waitahuna,

98 2215 47 23 and
158 2222 13 15 a
182 2211 91 31 portion
286 2209 29 22 of
324 2207 40 23 the
376 2208 85 23 Teviot
482 2216 30 14 on
536 2209 41 23 the
600 2213 49 18 eist

96 2246 52 23 side
162 2246 26 22 of
201 2244 39 23 the
254 2240 95 25 Clutha.
365 2239 27 24 be
405 2239 108 25 declared
524 2249 14 16 a
558 2240 91 23 Rabbit

94 2277 101 24 District
205 2277 23 22 in
243 2279 72 17 terms
326 2272 27 22 of
364 2271 40 23 the
426 2272 91 24 Rabbit
529 2273 119 23 Nuisance

93 2313 54 27 Aot,
157 2309 47 24 and
214 2307 54 24 that
278 2306 37 23 his
322 2305 143 31 Excellency
476 2305 40 24 the
524 2305 125 24 Governor

90 2345 29 22 be
130 2341 124 32 requested
267 2343 25 19 to
308 2343 78 18 assent
401 2341 25 20 to
445 2339 43 22 the
507 2346 71 20 same,
601 2338 44 22 and

89 2376 54 24 that
156 2375 41 24 the
211 2371 123 31 following
346 2371 136 30 gentlemen
499 2371 28 23 be
539 2370 107 30 gazetted

88 2414 26 18 to
138 2413 38 19 act
195 2415 26 15 as
244 2406 128 23 Trustees:
378 2404 128 24 —Francis
525 2403 119 28 Oudail'e,

89 2442 81 25 Pavid
195 2439 96 25 Hunter
307 2436 112 31 Mervyn,
452 2437 67 24 John
549 2436 97 24 Francis

92 2477 110 26 Herbert,
226 2472 82 24 James
338 2470 71 23 Clark
441 2470 97 28 Brown,
565 2468 82 25 James

91 2508 135 25 Puohanan,
238 2503 70 23 Alex.
339 2501 92 30 Fraser,
458 2502 69 24 Alex.
545 2500 101 29 M'Nab,

87 2544 47 22 ami
144 2536 99 27 Edward

119 2573 23 23 It
151 2580 47 16 was
207 2569 107 24 resolved
372 2567 65 24 That
445 2567 90 25 Messrs
545 2567 101 29 Bonnet,

87 2605 114 27 Mervvn,
214 2601 117 27 Tubman,
338 2600 45 23 and
395 2600 104 25 Herbert
513 2601 29 23 be
552 2608 13 15 a
572 2601 57 24 Com-

90 2638 83 23 mittee
188 2639 26 20 to
226 2634 69 29 bring
307 2641 32 21 up
348 2642 12 14 a
371 2636 79 26 report
462 2636 24 20 at
497 2636 58 20 next
567 2634 63 23 Coun-

89 2669 30 24 cil
134 2668 105 25 meeting
253 2674 13 14 »
267 2674 11 12 9
295 2667 25 21 to
336 2665 41 24 the
388 2665 151 31 desirability
550 2665 29 24 of
590 2664 44 25 rail-

89 2710 53 23 way
156 2698 123 28 extension
290 2696 104 32 through
409 2698 40 24 the
473 2698 107 30 interior,
598 2698 48 24 and

89 2736 24 23 of
121 2734 108 28 devising
238 2739 80 15 means
330 2738 25 16 as
368 2735 24 18 to
406 2731 98 28 railway
513 2732 116 23 communi-

89 2767 87 25 cation,
183 2764 44 23 and
238 2763 53 22 that
301 2762 40 22 the
348 2762 164 29 co-operation
523 2763 25 22 of
555 2762 75 23 South-

88 2799 56 26 land
157 2797 46 26 and
217 2794 105 27 Wallace
333 2794 114 27 Comities
460 2794 26 26 be

120 2833 40 23 Mr
175 2831 103 28 Mervyn
296 2828 91 28 moved,
403 2829 46 22 and
468 2829 39 22 Mr
517 2829 128 24 Buchanan

89 2863 116 24 seconded
336 2859 23 22 in
378 2860 40 21 the
438 2860 96 29 opinion
555 2862 25 21 of
597 2861 48 21 this

89 2895 97 25 Council
200 2893 40 23 the
255 2891 110 23 Trusteas
384 2891 28 23 of
422 2891 53 24 that
500 2891 96 31 portion
621 2891 28 24 of

87 2930 43 23 thfi
139 2926 115 33 Tuapeka
271 2924 98 30 County
390 2925 87 23 situate
490 2925 25 24 in
539 2924 107 33 Tapanui

90 2962 91 24 Rabbit
193 2959 98 25 District
304 2957 60 24 have
376 2957 71 25 failed
458 2962 24 20 to
494 2957 54 25 take
560 2966 86 24 proper

89 2995 78 22 action
179 2997 25 19 to
214 2999 81 16 secure
304 2991 42 22 the
357 2991 147 22 destruction
514 2992 27 21 of
549 2991 97 26 rabbits,

90 3026 47 22 rod
150 3022 150 31 accordingly
311 3029 92 15 assume
415 3021 40 23 the
471 3022 80 23 duties
559 3022 28 22 of
596 3022 49 24 said

90 3058 123 26 Trustees,
228 3054 46 26 and
289 3054 53 23 that
363 3053 51 25 said
428 3053 110 26 Trustees
553 3054 29 25 be
607 3055 27 24 in-

90 3091 91 25 formed
632 3098 23 28 y

121 3124 50 24 The
182 3121 100 26 circular
293 3119 105 24 received
413 3118 61 25 from
486 3119 42 24 the
548 3119 99 25 Waiwu

90 3159 97 27 County
207 3152 107 27 Council,
330 3152 23 23 in
367 3152 118 23 reference
494 3156 26 20 to
531 3152 102 24 thejion-

89 3190 113 25 stitution
216 3187 25 23 of
250 3184 68 25 Land
329 3183 100 30 Boards,
451 3187 54 27 etc,
519 3192 53 20 war
589 3185 42 24 rep-

89 3223 71 28 eated
172 3225 25 21 to
205 3229 13 16 a
227 3218 149 26 Committee,
387 3218 130 30 consisting
525 3217 121 27 o/Messrs

89 3255 118 28 Oudaille,
231 3253 96 25 Brown,
355 3249 103 29 M'Nab,
481 3250 94 28 Fraser,
600 3252 46 23 and

90 3288 138 26 Buchanan,
256 3284 36 24 for
317 3284 81 29 report
412 3286 25 20 at
461 3286 58 20 next
546 3282 99 25 Council

88 3321 112 29 meeting.

120 3352 55 27 The
183 3348 128 35 subjoined
338 3347 163 31 approximate
515 3350 129 22 statement

88 3387 29 24 of
124 3387 41 24 the
177 3385 77 24 uncier
264 3382 47 24 and
323 3382 74 23 lower
411 3381 101 30 Ridings
525 3382 47 23 and
587 3382 56 23 land
654 3381 1 33 j

87 3419 61 25 fund
163 3418 100 24 account
285 3422 49 15 was
353 3413 46 23 laid
423 3421 30 16 on
475 3413 41 23 the
535 3413 77 31 table:
616 3427 28 4 —

87 3452 85 30 Upper
184 3448 117 30 Ridings:
322 3446 37 30 By
377 3444 96 25 balance
496 3445 83 24 March
609 3446 35 29 11,
654 3438 1 44 |

87 3486 68 25 1881,
167 3483 81 26 £2865
265 3481 57 28 18s;
338 3485 105 18 revenue
461 3481 25 21 to
508 3479 41 23 4th
564 3479 78 30 April,
654 3479 1 32 I

87 3517 124 25 inclusive,
223 3515 46 22 less
285 3516 41 19 ten
338 3519 43 21 per
392 3514 61 20 cent.
468 3511 40 31 £23
522 3511 13 31 L
549 3511 40 31 10s
611 3511 32 23 3d

92 3549 94 26 -total,
200 3547 81 24 £3097
296 3545 26 23 8s
343 3543 32 23 3d
417 3542 37 24 To
475 3543 166 29 expenditure,

87 3582 124 27 including
221 3578 69 32 April
301 3578 121 25 accounts,
447 3575 66 25 £330
543 3578 39 21 14s
597 3576 29 22 2d
637 3585 5 17 ;

87 3614 77 27 credit
174 3613 104 27 balance,
288 3609 83 27 £2760
381 3610 42 22 14s
432 3608 120 24 Id—total
564 3608 79 24 £3097
654 3608 1 33 j

86 3651 27 22 8s
136 3645 156 27 3d.—Lower
328 3641 120 31 Ridings:
481 3641 39 31 By
546 3641 98 24 balance

86 3681 99 24 March*
197 3681 38 25 11,
258 3676 66 24 -£836
347 3675 52 24 18s;
428 3681 104 16 revenue
557 3676 25 22 to
600 3674 42 23 4th

86 3712 78 33 April,
182 3712 46 22 less
239 3712 41 20 ten
291 3715 43 22 per
354 3709 61 26 cent,
431 3706 66 25 £558
522 3707 40 22 lis
582 3707 61 23 9d—
654 3706 1 39 ;

85 3745 68 28 total,
182 3742 79 26 £1295
288 3741 27 23 9s
337 3738 38 25 9d.
416 3737 35 24 To
474 3738 166 26 expenditure,
654 3737 1 36 ;

86 3777 123 26 including
223 3774 66 30 April
301 3773 118 24 accounts,
428 3770 64 26 £262
507 3779 26 16 os
546 3779 6 22 ;
568 3771 74 25 credit

85 3810 105 27 balance,
204 3808 80 25 £1033
294 3807 27 24 4s
332 3803 130 27 9d—total,
474 3803 83 25 £1295
566 3804 26 23 9s
604 3804 38 26 9d.

85 3843 40 30 By
138 3841 96 24 balance
247 3837 83 27 March
340 3836 104 31 11,1881
458 3835 81 27 £1628
553 3837 39 23 lCa
603 3837 39 25 Bd.

85 3875 39 25 To
134 3873 156 29 expenditure
302 3872 38 25 for
360 3869 98 25 months
473 3869 28 24 of
518 3869 124 31 February
654 3864 1 38 j

84 3908 49 24 and
150 3905 92 28 March,
258 3905 66 28 1881,
339 3904 65 24 £790
425 3902 42 24 19s
492 3902 28 24 Id
535 3911 6 20 ;
566 3902 76 24 credit
654 3902 1 35 j

86 3940 103 26 bnlance.
221 3937 123 31 including
373 3935 111 26 deferred
518 3938 123 29 payment,
654 3930 1 38 I

87 3974 65 24 £837
164 3975 41 21 17s
216 3970 130 27 7d-total,
361 3969 83 25 £1628
456 3969 40 23 16s
510 3968 37 24 Bd.

117 4005 50 22 The
181 4003 122 28 following
327 4001 111 33 monthly
462 4004 62 27 punt
545 4003 96 22 returns
654 4001 1 33 j

88 4045 62 17 were
164 4037 47 23 laid
223 4044 31 15 on
265 4035 41 23 the
317 4034 78 24 table:
398 4046 30 4 —

280 4079 119 21 Beaumont
418 4076 83 23 Millers
522 4076 120 31 Roxburgh

430 4107 55 23 Flat

83 4149 129 26 Passengers
255 4153 8 5 -
319 4143 55 27 4.796
431 4148 11 22 3
445 4148 23 15 nl
472 4141 13 22 s
551 4143 55 21 6262

82 4177 101 23 Vehicles
254 4185 7 4 -
334 4177 38 22 325
445 4177 37 22 54*
566 4178 41 21 332

80 4209 84 21 Horses
252 4216 7 4 -
320 4202 52 26 IS7O
430 4206 53 23 145°
562 4208 42 21 999

78 4238 73 22 Cattle
329 4237 40 15 222
442 4236 38 21 135
576 4238 28 21 59
617 4238 18 14 *
651 4230 2 37 J

77 4269 72 28 Sheep
245 4275 8 4 -
327 4266 24 17 21
356 4266 11 22 7
455 4266 23 15 ™
546 4266 53 23 7*>7

703 157 40 23 Mr
771 155 88 25 Brown
1039 157 61 23 That
1129 157 25 24 in
1188 156 40 24 the

673 190 97 33 opinion
787 188 28 25 of
835 188 48 25 this
898 188 110 29 Council,
1031 190 42 25 the
1095 189 134 26 Beaumont

675 223 81 30 bridge
768 222 85 25 should
863 223 30 24 be
904 224 133 24 re-erected
1050 222 4 31 ;
1071 223 48 24 also
1131 233 14 15 a
1167 224 62 29 light

675 256 75 23 traffic
764 255 82 29 bridge
862 262 78 16 across
953 256 40 21 the
1016 256 89 23 Clutha
1126 259 26 20 at
1167 256 48 23 Rox-

676 287 84 27 burgh,
773 286 46 23 and
833 286 53 23 that
908 286 146 26 conditional
1079 288 97 24 tenders
1200 288 31 23 be

676 319 73 24 called
762 317 37 24 for
809 318 51 23 said

706 357 28 26 In
748 355 114 33 speaking
873 359 25 24 to
910 357 42 26 the
967 357 100 31 motion,
1082 357 40 26 Mr
1144 357 86 27 Brown

675 390 106 25 referred
790 394 24 21 to
842 391 42 24 the
897 391 147 31 importance
1070 392 46 23 and
1141 392 76 24 desira-

676 423 69 30 bility
756 423 25 23 of
793 423 145 30 proceeding
950 423 57 25 with
1020 424 41 24 the
1069 424 104 24 erection
1183 424 24 23 of
1218 432 13 15 a

677 455 80 30 b'idge
769 458 25 20 at
807 455 145 26 Beaumont.
985 456 50 24 The
1047 464 52 17 sura
1115 456 28 25 of
1152 457 78 25 £2OOO

676 496 47 16 was
731 488 99 31 already
837 489 116 25 available
962 489 30 31 by
1002 489 165 25 Government
1176 493 54 21 vote

675 521 47 24 and
735 521 41 23 the
791 521 97 24 balance
904 529 124 23 necessary
1051 522 37 23 for
1108 522 40 25 the
1171 529 43 17 con

675 554 115 25 struction
802 554 28 23 of
842 554 42 24 the
905 556 66 23 work
994 555 70 24 could
1089 555 68 23 s*aud
1174 562 57 16 over

675 588 37 23 for
722 594 13 16 a
746 589 61 20 term
819 587 25 23 of
854 595 78 22 years.
966 587 64 24 That
1048 595 45 16 was
1105 587 36 24 his
1152 587 79 31 object

675 620 24 23 in
712 618 87 32 calling
818 620 38 22 for
884 620 148 24 conditional
1053 620 105 27 tenders,
1192 620 38 31 By

675 653 106 29 erecting
793 660 14 16 a
828 652 61 30 light
910 655 75 22 traffic
1006 653 83 29 bridge
1111 661 56 16 over
1190 654 40 22 the

674 684 88 24 Clutha
774 686 25 21 at
811 684 141 32 Roxburgh,
965 693 13 16 a
995 689 66 26 great
1079 686 60 22 boon
1152 685 77 24 would

675 718 28 24 be
715 717 124 24 conferred
852 726 63 23 upon
929 718 41 24 the
987 718 149 23 inhabitants
1152 719 25 23 of
1190 719 40 22 the

676 749 99 24 district.
811 750 50 23 The
874 754 51 19 cost
940 750 80 24 would
1036 751 28 22 be
1077 750 96 30 trifling,
1184 750 45 23 and

675 783 41 23 the
726 782 94 29 saving
835 782 101 24 effected
961 783 24 23 in
1010 790 13 15 a
1047 782 46 23 few
1117 790 68 23 years
1199 782 30 24 bv

675 814 138 30 dispenfiag
824 815 58 24 with
899 815 42 24 the
957 817 97 27 present
1070 818 61 26 punt
1153 814 77 24 would

675 855 64 16 more
752 846 57 24 than
819 850 152 27 compensate
986 848 41 23 the
1040 846 96 31 County
1146 848 37 24 for
1190 848 40 23 the

675 880 90 30 outlay.
797 879 39 24 He
849 881 93 23 trusted
961 880 41 23 the
1025 879 100 23 Council
1150 880 78 23 would

674 912 53 31 give
744 912 68 24 effect
826 915 25 21 to
865 912 37 24 his
916 912 102 24 motion.

761 950 104 31 Mervyn
875 951 118 24 seconded
1014 950 42 25 the
1070 951 99 24 motion.

674 988 4 31 I
705 989 41 23 Mr
759 988 94 24 Bennet
871 988 157 31 disapproved
1042 990 25 23 of
1077 990 40 23 the
1130 990 99 23 motion.

673 1020 26 25 Tt
712 1029 45 15 was
769 1020 131 25 ridiculous
917 1025 24 19 to
955 1022 72 31 speak
1045 1022 25 24 of
1092 1022 105 33 erecting
1218 1031 14 15 a

672 1055 83 31 bridge
766 1058 24 21 at
802 1053 132 33 Roxburgh
944 1056 58 31 only
1009 1057 97 31 capable
1118 1057 23 24 of
1153 1065 65 23 carry-

670 1088 45 30 ing
736 1097 45 15 one
804 1091 42 19 ton
872 1088 98 28 weight.
1002 1090 51 24 The
1075 1091 105 23 member
1195 1091 37 23 for

667 1121 92 32 /Teviot
766 1119 116 31 certainly
893 1121 71 24 could
973 1125 43 20 not
1025 1122 61 25 have
1094 1122 137 25 considered

667 1148 1 32 I
675 1155 40 23 the
727 1154 99 26 motion,
838 1153 127 25 otherwise
974 1154 19 24 it
1016 1156 79 23 would
1110 1159 42 20 not
1174 1156 58 23 have

675 1185 108 26 received
797 1185 37 26 his
849 1189 110 28 support.
992 1187 24 24 If
1027 1187 205 33 MrMorvynhad

676 1220 106 24 occasion
792 1222 26 21 to
833 1227 65 17 cross
910 1228 12 15 a
934 1222 85 29 couple
1033 1222 27 24 of
1070 1222 35 24 fat
1120 1222 112 28 bullocks,

676 1253 30 23 he
717 1251 79 25 would
806 1253 96 31 require
914 1255 26 21 to
952 1254 56 23 take
1020 1253 66 25 them
1109 1263 45 16 one
1172 1258 24 21 at
1220 1262 13 16 a

676 1286 65 28 time,
752 1292 27 17 or
793 1285 20 26 it
825 1292 48 17 was
883 1285 52 32 just
946 1287 104 29 possible
1058 1288 29 24 he
1100 1287 76 28 might
1185 1287 48 24 find

677 1317 106 26 bullocks
810 1318 47 24 and
879 1319 83 30 bridge
982 1320 99 31 floating
1103 1321 69 24 down
1194 1321 40 24 the

677 1357 87 18 stream
771 1351 119 30 together.
923 1355 34 20 As
966 1351 34 24 far
1011 1361 25 16 as
1048 1353 41 24 the
1101 1353 133 24 Beaumont

677 1384 83 32 bridge
769 1392 45 17 was
823 1384 141 31 concerned,
975 1385 41 25 the
1025 1387 100 29 speaker
1134 1387 100 31 thought

677 1418 20 23 it
713 1418 79 23 better
816 1420 25 21 to
858 1417 56 24 wait
939 1418 63 23 until
1027 1419 147 24 Parliament
1198 1427 24 16 re-

677 1449 140 25 assembled.
851 1449 24 24 It
887 1457 47 16 was
944 1451 52 30 just
1017 1451 102 30 possible
1132 1451 89 25 Govern-

678 1486 65 21 ment
753 1483 79 31 might
843 1483 54 31 give
909 1483 66 26 them
991 1484 163 27 considerable
1163 1485 60 25 assis-

678 1521 75 20 tance.
785 1517 35 22 As
832 1517 19 22 it
864 1525 54 20 was,
936 1517 30 23 he
992 1516 106 31 thought
1112 1519 18 23 it
1153 1518 82 32 highly

677 1550 122 29 improper
809 1549 54 22 that
878 1549 144 24 conditional
1036 1551 95 23 tenders
1150 1552 83 23 should

679 1582 28 23 be
716 1581 73 25 called
798 1582 38 23 for
844 1581 40 24 the
891 1583 163 23 construction
1063 1584 26 22 of
1095 1584 40 24 the
1145 1584 89 31 bridge.

677 1614 26 24 If
708 1616 40 23 the
759 1615 83 30 bridge
851 1615 68 30 again
929 1623 54 20 pass
992 1617 51 22 into
1052 1617 93 30 private
1154 1617 81 27 hands,

677 1649 19 23 it
708 1649 78 24 would
799 1648 31 24 do
841 1656 65 16 more
917 1648 68 24 harm
1001 1650 59 23 than
1075 1650 40 24 the
1138 1651 96 23 Council

676 1681 110 31 imagine.
797 1681 78 23 There
889 1689 47 16 was
946 1689 31 16 no
998 1690 45 15 one
1056 1690 66 16 more
1137 1684 98 23 anxious

676 1714 59 23 thau
748 1715 30 23 he
790 1717 25 21 to
832 1721 38 16 see
884 1714 42 23 the
937 1714 83 30 bridge
1033 1717 128 22 re-erected
1171 1714 4 31 ;
1193 1718 42 22 bot

676 1747 63 23 their
747 1747 102 24 finances
861 1746 79 24 would
950 1750 43 21 not
1005 1752 102 20 warrant
1119 1749 40 24 the
1171 1749 63 24 work

677 1779 69 31 being
763 1780 149 23 undertaken
927 1784 25 19 at
963 1785 104 26 present.

708 1813 42 24 Mr
761 1813 88 23 Brown
861 1813 91 28 replied
964 1817 25 19 to
1011 1814 40 23 the
1078 1815 106 23 member
1200 1815 35 23 for

677 1845 142 24 Beaumont.
862 1845 53 24 The
939 1846 116 30 proposed
1080 1847 61 31 light
1161 1848 75 23 traffic

678 1879 82 29 bridge
772 1878 37 25 for
821 1878 132 31 Roxburgh
967 1879 80 25 would
1059 1879 29 25 be
1100 1880 96 31 capable
1211 1881 24 23 of

678 1912 110 30 carrying
796 1920 45 17 one
853 1916 41 20 ton
903 1912 24 25 in
940 1912 94 30 weight,
1046 1912 46 25 and
1107 1914 68 24 there
1190 1923 45 16 was

679 1952 30 16 no
716 1944 130 25 likelihood
855 1946 25 22 of
890 1944 31 26 its
931 1946 69 31 being
1007 1947 91 23 carried
1110 1955 64 23 away
1183 1947 30 32 by
1223 1956 12 15 a

679 1979 83 28 couple
778 1978 26 23 of
814 1977 115 25 bullocks.

710 2010 35 23 On
758 2011 72 27 being
840 2014 46 27 put
897 2014 25 20 to
933 2019 14 15 a
962 2011 112 28 division,
1091 2012 42 22 thp
1145 2012 89 24 motion

667 2038 1 11 1
739 2043 24 6 j_
770 2044 15 5 -i
832 2043 11 6 j
854 2043 6 6 j
866 2048 8 1 _
880 2046 19 3 _i.
966 2043 25 6 i__
1007 2043 18 6 .i
1063 2048 9 1 ..
1225 2045 7 4 i

679 2049 46 17 was
736 2046 109 21 declared
854 2046 60 26 lost;
933 2046 57 27 only
1007 2046 41 21 the
1061 2052 113 23 proposer
1188 2046 45 22 and

678 2076 115 23 seconder
804 2076 83 30 voting
898 2077 25 22 in
940 2076 69 24 favor
1020 2076 26 24 of
1055 2077 25 24 it.

710 2108 40 23 Mr
766 2107 29 25 F.
810 2108 101 24 Hiscock
926 2108 120 28 (Dog-tax
1068 2108 119 26 Collector
1198 2111 36 22 for

679 2140 88 22 Teviot
779 2140 100 30 Biding)
891 2140 132 26 forwarded
1037 2141 40 24 the
1093 2150 52 15 sum
1159 2143 25 24 of
1199 2145 34 23 £5

679 2173 40 25 17s
733 2173 29 23 6d
776 2173 70 27 being
857 2180 103 17 revenue
971 2174 111 26 collected
1093 2175 30 31 by
1136 2174 104 38 hjnrfor.'

679 2206 82 24 month
772 2206 26 21 of
810 2206 89 22 March.
1152 2198 71 25 -^*-<

707 2237 50 23 The
783 2237 139 30 Engineer's
945 2241 88 28 report,
1055 2247 24 16 re
1101 2241 129 23 maximum

661 2265 2 40 j
678 2269 88 29 weight
780 2272 25 20 to
831 2270 27 23 be
871 2270 89 23 carried
985 2279 30 15 on
1038 2272 62 23 main
1120 2273 55 23 road
1199 2274 31 29 by

677 2304 131 23 tenmsters.
819 2303 107 24 received
943 2307 25 20 at
992 2305 44 22 laßt
1050 2306 110 28 meeting,
1174 2314 41 21 pro-

677 2334 78 23 voked
772 2343 14 13 a
800 2335 65 27 large
887 2341 98 18 amount
1011 2338 28 21 of
1058 2338 170 23 discussion.—
1239 2334 1 28 I

676 2366 153 29 Eventually,
842 2367 18 24 it
872 2374 47 18 was
929 2369 106 24 resolved
1049 2372 24 21 to
1085 2369 66 26 defer
1172 2379 56 17 con-
1239 2366 1 38 j

675 2400 128 24 sideration
816 2401 25 23 of
852 2400 40 25 the
906 2405 80 27 report
1002 2403 35 22 till
1050 2407 57 19 next
1115 2405 110 30 meeting.

706 2434 21 22 A
739 2432 100 24 circular
854 2441 45 16 was
910 2435 107 24 received
1028 2436 136 32 containing
1185 2437 41 24 the

675 2466 142 23 resolutions
842 2467 103 29 adopted
969 2468 31 28 by
1025 2468 40 23 the
1091 2470 107 24 Manawa
1200 2475 7 11 f
1211 2479 14 15 u

675 2498 94 28 County
778 2498 97 23 Council
886 2507 24 14 re
924 2500 40 22 the
973 2501 114 30 necessity
1105 2501 28 23 of
1147 2502 78 29 bring-
1239 2498 1 33 1

675 2529 41 32 ing
725 2538 107 23 pressure
852 2533 26 21 to
891 2531 55 24 bear
965 2535 25 21 to
1010 2534 87 30 compel
1118 2534 107 25 Govern*

675 2567 64 20 ment
753 2566 26 21 to
791 2564 70 23 assist
944 2566 80 23 bodies
1037 2567 23 22 in
1073 2568 100 30 opening
1185 2568 40 24 the

675 2598 102 29 country
790 2595 31 30 by
832 2596 104 32 subsidy,
948 2597 54 25 land
1014 2599 66 28 fund,
1094 2608 26 15 or
1130 2601 79 24 endow-

675 2632 65 19 ment
752 2636 25 15 as
788 2635 54 23 may
854 2629 28 23 be
893 2633 62 21 most
973 2632 127 28 applicable
1122 2635 23 21 to
1167 2633 57 24 each
1238 2629 2 31 '

674 2660 86 30 special
779 2668 60 17 case.
880 2661 51 25 The
955 2663 141 25 resolutions
1112 2665 74 31 (eight
1200 2666 24 24 in

674 2693 114 31 number)
802 2693 61 24 have
881 2694 97 32 already
1000 2698 116 30 appeared
1136 2699 24 24 in
1181 2707 44 17 our

673 2726 116 28 columns,
810 2726 87 29 having
919 2728 57 23 been
1001 2731 105 23 received
1128 2732 32 29 by
1184 2733 41 21 the

674 2758 114 30 Borough
802 2759 99 23 Council
914 2766 23 17 at
954 2759 31 25 its
1003 2762 102 28 meeting
1127 2770 30 18 on
1183 2764 42 24 the

673 2790 58 25 28th
746 2790 44 26 alt.

705 2824 23 23 It
741 2832 45 15 was
802 2825 106 24 resolved
922 2830 24 21 to
959 2828 61 23 refer
1033 2828 41 24 the
1086 2829 99 25 circu'ar
1200 2832 25 21 to

674 2863 13 15 a
714 2856 206 28 sub-Committee,
960 2860 127 30 consisting
1125 2863 25 21 of
1184 2862 41 23 the
1238 2856 1 34 ;

674 2887 116 23 members
802 2890 161 29 representing
976 2891 40 24 the
1032 2892 69 25 lower
1115 2893 108 33 Ridings,

673 2921 25 22 to
707 2919 71 29 bring
787 2929 32 23 up
830 2930 14 15 a
855 2927 80 27 report
944 2924 97 26 thereon
1054 2929 23 21 at
1086 2931 56 21 next
1152 2933 57 21 meet-

673 2952 42 27 ingr
727 2954 28 22 of
762 2954 40 24 the
811 2955 106 25 Council.

705 2985 54 23 The
774 2987 98 24 Council
886 2990 57 23 then
1161 2994 47 24 Tua-

658 3017 2 30 ;
675 3017 61 30 peka

659 3046 2 22 I
691 3067 7 1 .

655 3097 63 34 ST.
739 3097 114 24 JAMES'
870 3099 138 26 CHURCH
1025 3102 215 29 ROXBURGH.

704 3178 22 24 A
750 3182 103 29 meeting
875 3181 25 24 of
922 3181 41 25 the
985 3182 139 28 Committee
1148 3188 25 24 of
1189 3186 34 27 St.

673 3212 88 24 James'
771 3212 101 28 Church,
895 3214 138 31 Roxburgh,
1048 3226 47 17 was
1118 3220 53 25 held
1193 3229 30 16 on
1237 3212 1 33 i

675 3244 150 30 Wednesday
855 3249 101 29 evening
994 3249 50 24 last.
1095 3252 128 24 Present—

658 3275 2 41 I
673 3276 89 23 Messrs
789 3277 91 31 Cooper
912 3280 87 31 (chair)
1024 3282 100 31 Burton,
1157 3286 66 30 Coop

658 3309 2 39 ;
671 3309 151 30 (Secretary),
860 3310 96 30 Forbes,
990 3314 119 30 Michelle,
1136 3318 86 30 Roger,

673 3342 77 30 Ryan,
762 3342 47 23 and
831 3342 36 24 Dr
888 3344 161 27 Webb.—The
1072 3351 103 23 minuses
1197 3351 28 23 of

656 3374 2 34 :
672 3375 45 23 last
731 3375 103 28 meeting
858 3384 58 16 were
937 3379 54 24 read
1014 3381 46 24 and
1083 3383 134 25 confirmed.
1234 3374 2 34 i

656 3406 2 39 |
670 3407 50 24 The
732 3406 122 32 Secretary
867 3409 54 23 read
934 3418 12 15 a
957 3411 70 24 letter
1038 3414 104 24 received
1159 3417 61 23 from
1232 3406 2 39 j

656 3438 2 40 i
671 3440 41 22 the
742 3438 90 29 Bishop
857 3440 26 24 of
907 3441 113 27 Dunedin
1049 3448 134 30 suggesting
1206 3457 14 15 a

656 3471 2 43 |
670 3472 134 31 clergyman
816 3471 68 31 (Rev.
907 3473 40 26 Mr
961 3475 83 33 Long),
1066 3480 53 24 who
1140 3481 79 24 would
1232 3471 2 43 I

656 3501 2 43 '.
670 3505 56 22 take
735 3504 87 29 charge
842 3506 25 22 of
889 3506 106 26 Tapanui
1009 3511 46 23 and
1079 3513 137 31 Roxburgh.
1232 3501 1 43 I

671 3537 24 23 It
706 3543 48 16 was
778 3539 114 28 proposed
915 3539 53 24 that
983 3541 39 24 Mr
1043 3543 69 33 Long
1133 3545 85 25 should
1231 3537 2 39 j

656 3565 1 45 :
670 3569 77 24 reside
758 3568 24 23 in
794 3569 114 29 Tapanui,
933 3574 45 22 and
1000 3575 53 29 give
1077 3577 142 33 fortnightly
1231 3565 2 45 '

656 3600 1 37 j
670 3601 102 25 services
781 3600 24 24 in
816 3601 47 24 this
877 3602 99 27 district.
1008 3607 51 25 The
1073 3613 86 22 matter
1171 3619 48 16 was
1232 3600 1 37 i

656 3633 1 35 j
670 3635 63 30 fully
745 3633 118 26 discussed
876 3636 32 30 by
926 3636 40 25 the
987 3638 140 29 Committee
1145 3644 25 24 in
1189 3645 31 23 all

655 3667 8 34 :
670 3670 32 22 its
712 3667 115 29 bearings.
858 3668 38 23 All
908 3675 93 24 present
1011 3680 59 17 were
1078 3676 143 25 unanimous
1233 3667 1 34 '

670 3701 25 23 in
708 3699 97 31 opinion
818 3699 53 24 that
883 3701 41 24 the
945 3704 100 24 services
1056 3707 25 22 of
1098 3716 14 15 a
1131 3708 89 31 clergy-
1233 3699 2 40 '

655 3729 2 41 \
670 3739 56 17 man
749 3739 41 16 are
806 3737 57 25 very
885 3732 116 27 desirable
1016 3736 37 25 for
1077 3738 143 32 Roxburgh,
1234 3729 2 41 j

655 3762 2 42 '
670 3774 26 16 so
708 3772 25 18 as
747 3767 24 22 to
782 3762 62 34 keep
856 3773 33 24 up
900 3766 45 25 and
956 3767 102 28 increase
1069 3772 40 25 the
1123 3781 98 23 congre-
1234 3762 2 42 !

670 3798 80 30 gation
764 3797 48 24 and
825 3802 106 26 promote
946 3800 41 24 the
1003 3805 93 25 general
1117 3807 61 28 good
1197 3807 28 23 of
1234 3797 2 38 ■

655 3829 3 35 \
670 3831 41 24 the
724 3829 106 26 Church.
865 3830 96 27 Instead
978 3835 25 23 of
1017 3843 29 17 an
1060 3839 86 24 annual
1167 3847 54 17 con-
1234 3829 2 35 !

655 3863 2 40 j
670 3863 116 25 tribution
797 3863 25 23 of
831 3863 71 31 £IOO,
914 3866 40 23 the
963 3866 124 27 Chairman
1096 3873 124 30 suggested
1234 3863 2 40 i

655 3895 2 41 !
669 3897 54 24 that
733 3896 59 30 they
806 3895 77 31 could,
900 3904 58 18 were
980 3899 40 25 the
1038 3901 132 35 clergyman
1196 3908 25 21 to
1234 3895 2 41 j

655 3928 2 42 |
670 3929 77 26 reside
757 3929 25 25 in
789 3928 139 33 Roxburgh,
942 3932 67 25 make
1020 3934 41 26 the
1076 3944 99 19 amount
1188 3947 33 22 up

669 3966 26 21 to
706 3962 75 28 £llO,
792 3962 77 24 which
878 3964 57 24 with
947 3964 40 24 the
1004 3974 125 26 parsonage
1140 3972 80 23 would

669 3995 69 24 make
767 3994 151 31 Roxburgh's
945 3998 158 27 contribution
1136 4003 85 30 higher

670 4030 58 22 than
740 4026 53 24 that
804 4026 28 24 of
840 4026 109 32 Tapanui
962 4038 6 21 ;
983 4031 45 23 and
1041 4032 38 24 Mr
1089 4035 67 30 Ryan
1168 4036 52 24 said

669 4061 20 25 it
700 4059 80 26 would
792 4059 28 25 be
838 4061 74 23 easier
924 4064 26 21 to
975 4064 59 24 raise
1054 4066 63 26 £llO
1136 4068 19 24 it
1180 4069 40 25 the
1233 4056 2 41 !

668 4094 136 29 clergyman
819 4101 62 16 were
898 4094 76 30 living
986 4096 25 24 in
1023 4097 129 34 Roxburgh
1162 4101 58 25 than

670 4127 66 24 £IOO
747 4125 37 23 for
795 4133 30 15 an
841 4126 129 25 occasional
982 4129 62 24 visit.
1076 4131 76 26 Stress
1173 4142 47 16 was

669 4158 49 24 laid
729 4165 32 16 on
770 4157 40 24 the
823 4158 48 23 fact
882 4158 53 24 that
954 4160 41 23 the
1017 4162 133 34 Roxburgh
1165 4173 42 17 con-

655 4183 1 48 !
668 4190 124 32 gregation
802 4189 60 25 have
874 4198 14 15 a
896 4190 88 26 church
998 4193 48 25 free
1058 4195 25 23 of
1096 4197 65 29 debt,
1173 4199 46 23 and
1234 4183 3 48 j

655 4222 1 35 j
667 4233 14 13 a
691 4230 139 23 parsonage,
846 4222 71 24 while
928 4226 24 21 at
964 4224 108 32 Tapanui
1082 4228 40 24 the
1130 4230 88 25 church

655 4250 1 38 i
665 4256 18 24 is
696 4254 124 26 burdened
843 4255 57 26 with
924 4256 58 26 debt
1005 4259 45 25 and
1064 4261 67 26 there
1151 4263 20 24 is
1188 4271 31 17 no
1230 4250 2 38 I

1259 156 134 25 parsonage.
1428 148 24 24 It
1466 156 47 15 was
1526 148 168 31 unanimously
1706 148 110 24 resolved
1829 148 2 33 i

1242 177 5 27 1
1258 182 54 25 that
1339 181 89 24 Messrs
1449 181 92 31 Cooper
1567 181 49 24 and
1642 181 66 31 Coop
1729 181 87 24 should

1244 214 3 35 j
1259 215 67 26 write
1338 218 25 21 to
1375 215 41 24 the
1444 214 90 29 Bishop
1547 222 13 16 a
1585 214 71 24 letter
1679 215 138 30 expressing

1259 250 40 21 the
1310 247 99 31 opinion
1423 249 24 21 of
1460 249 41 21 the
1521 247 146 22 Committee
1691 251 54 19 that
1769 248 48 22 this

1258 279 169 31 congregation
1449 278 77 24 would
1548 278 94 23 furnish
1666 278 67 24 £llO
1756 287 25 15 as
1804 287 14 15 a
1831 278 1 32 j

1258 311 81 33 yearly
1351 311 169 28 contribution,
1542 311 48 21 and
1608 311 41 22 the
1663 318 42 16 use
1727 311 25 23 of
1775 311 43 23 the

1242 334 4 43 !
1258 351 137 26 parsonage,
1407 344 18 24 if
1439 342 131 32 Roxburgh
1579 342 20 24 is
1611 342 67 25 made
1691 342 42 25 the
1740 344 62 24 head-

1258 381 108 29 quarters
1392 377 28 23 of
1442 377 42 24 the
1505 377 143 29 clergyman.
1682 377 34 23 Dr
1741 377 76 24 Webb
1831 372 1 41 j

1258 410 98 31 pointed
1376 413 43 20 out
1435 409 54 23 that
1511 409 41 22 ihe
1572 409 65 24 £IOO
1651 407 165 25 contribution

1258 441 115 33 formerly
1387 441 135 24 mentioned
1547 448 45 16 was
1612 449 29 15 on
1665 442 41 22 the
1725 442 92 29 footing

1258 476 52 23 that
1322 475 40 24 the
1384 476 133 28 clergyman
1531 473 85 23 should
1630 475 26 22 be
1668 475 107 22 resident
1792 475 24 22 in

1259 508 198 30 Roxburgh.—A
1475 507 72 22 letter
1564 514 46 15 was
1632 507 108 22 received
1754 508 62 22 from

1258 541 59 24 Rev.
1333 540 34 25 W.
1390 539 138 25 Ronaldson
1544 538 84 31 asking
1649 547 30 15 an
1702 538 114 32 offertory

1258 583 29 13 on
1305 572 79 24 behalf
1405 572 27 24 of
1454 574 41 21 the
1511 570 78 25 Maori
1609 571 102 24 Mission
1735 572 79 29 Fund,

1258 614 24 15 as
1307 605 46 24 had
1384 605 58 23 been
1465 603 85 32 agreed
1577 608 32 25 to,
1637 602 30 24 all
1693 612 58 15 over
1775 606 41 22 the

1258 638 107 26 Diocese.
1395 636 54 26 The
1461 640 96 29 request
1566 645 48 16 was
1621 638 118 30 complied
1750 639 66 27 with,

1258 672 40 22 the
1307 671 45 28 day
1363 671 63 23 fixed
1435 671 72 30 being
1517 670 99 29 Sunday
1625 669 41 23 the
1676 673 34 19 Ist
1721 671 95 30 May.—

1258 704 48 23 The
1318 704 128 23 Chairman
1457 703 138 24 mentioned
1608 704 52 22 that
1672 703 40 24 the
1726 704 55 23 d-ito
1794 704 23 23 of

1242 735 2 32 '
1258 736 60 24 Rev.
1336 735 41 24 Mr
1392 736 88 31 Byng's
1494 736 119 31 promised
1631 736 56 22 visit
1701 742 25 17 to
1748 737 48 23 Rox-

1258 768 76 30 burgh
1366 769 46 24 had
1439 771 43 21 not
1503 772 41 27 yet
1576 768 59 24 been
1663 768 155 28 fixed.—JFhe

1259 802 103 30 meeting
1374 802 58 23 then
1444 802 91 24 closed.
1714 812 33 21 jr

1317 883 193 25 ROXBURGH
1543 883 214 25 ATHENÆUM.

1244 933 2 28 i
1833 933 2 28 |

1289 960 23 23 A
1334 960 87 30 special
1444 960 104 29 meeting
1564 960 24 23 of
1611 960 41 23 the
1675 960 143 23 Committee
1832 960 2 30 i

1244 993 1 30 ;
1260 1000 45 16 was
1320 993 54 22 held
1388 1000 31 14 f>n
1440 993 120 29 Saturday
1573 993 113 30 evening.
1719 993 99 23 Present

1243 1024 3 32 I
1259 1026 121 23 —Messrs
1393 1024 131 30 Chisholm,
1536 1026 73 30 Coop,
1624 1026 81 30 Davi*,
1717 1026 101 30 Mercc,

1244 1052 2 39 I
1260 1060 111 31 Mervyn.
1388 1059 68 29 Rees,
1477 1059 24 24 J.
1518 1059 23 24 J.
1564 1059 85 29 Smith,
1675 1059 35 32 W,
1731 1061 86 28 Smith,

1259 1093 46 24 and
1317 1092 26 25 J,
1359 1092 152 24 Weatherall.

1289 1125 38 25 On
1344 1124 41 25 the
1397 1125 92 24 motion
1503 1124 28 24 of
1545 1124 40 25 Mr
1601 1125 111 31 Mervyn,
1732 1125 41 25 Mr
1793 1126 23 24 J.

1244 1157 2 26 ;
1261 1158 145 23 Weatherall
1423 1166 48 15 was
1483 1157 74 24 called
1570 1163 24 18 to
1612 1159 41 23 the
1668 1159 73 23 chair.

1289 1191 41 24 Mr
1345 1191 104 32 Mervyn
1461 1190 77 24 stated
1550 1191 41 24 the
1606 1194 97 27 present
1715 1191 100 31 position

1245 1223 1 35 j
1260 1225 25 23 of
1308 1225 40 22 the
1366 1224 139 24 institution
1529 1225 58 22 with
1605 1224 41 24 the
1672 1224 145 25 Permanent

1246 1256 1 33 ;
1261 1257 114 30 Building
1386 1258 97 29 Society
1496 1256 24 24 of
1530 1256 84 31 Ofcago.
1646 1256 41 25 He
1702 1258 46 24 had
1764 1264 51 25 proi

1246 1289 1 32 ,
1261 1290 72 25 cured
1346 1291 42 23 the
1400 1294 66 19 exact
1477 1289 87 29 figures
1578 1291 61 22 from
1651 1291 41 24 the
1707 1299 110 22 manager

1246 1323 1 30 !
1261 1332 12 15 a
1290 1323 45 24 few
1352 1324 58 29 days
1425 1331 42 22 ago
1491 1325 68 21 when
1574 1323 26 23 in
1625 1324 122 29 Dunedin,
1769 1324 48 23 and

1260 1364 53 16 now
1324 1355 48 24 laid
1385 1356 63 24 them
1468 1363 30 16 on
1517 1356 42 23 the
1575 1355 74 24 fable.
1682 1356 77 25 There
1779 1364 38 16 are

1246 1387 2 31 •
1261 1393 48 21 two
1322 1390 74 28 loans,
1411 1390 64 24 £250
1492 1389 46 23 and
1550 1388 77 25 £IOO.
1660 1389 50 24 The
1730 1391 87 23 former
1830 1387 2 31 I

1247 1422 1 30 i
1261 1423 20 22 is
1296 1422 128 30 repayable
1437 1423 30 29 by
1477 1422 92 23 sixteen
1582 1422 141 30 half-yearly
1734 1423 71 23 instal-

1247 1447 2 37 |
1262 1458 78 20 ments
1370 1455 25 22 of
1420 1454 52 25 £24
1501 1454 47 28 10s,
1569 1454 162 30 commencing
1750 1455 67 29 July,
1831 1447 1 37 '

1247 1480 2 43 |
1264 1488 64 26 1876.
1374 1485 52 28 The
1446 1486 62 26 iIOO
1526 1487 53 24 loan
1606 1487 20 25 is
1644 1489 126 29 repayable
1787 1489 30 29 by
1830 1480 2 43 j

1247 1513 2 43 j
1262 1520 111 25 fourteen
1393 1520 147 32 half-yearly
1555 1520 152 25 instalments
1728 1522 25 23 of
1767 1523 51 22 £lO
1830 1513 2 43 |

1247 1553 1 30 ;
1262 1555 35 25 7s,
1310 1553 163 30 commencing
1494 1553 68 30 July,
1579 1554 65 24 1877-
1691 1553 50 25 The
1759 1555 57 23 total
1829 1553 2 30 I

1261 1586 57 23 debt
1333 1586 57 30 (and
1406 1586 134 28 insurance)
1556 1586 46 24 due
1622 1588 25 22 at
1661 1587 29 23 29
1704 1587 15 24 h
1738 1586 77 32 April,

1246 1619 2 30 !
1262 1619 65 28 1881,
1353 1619 62 24 after
1437 1619 129 30 deducting
1585 1619 42 23 tho
1651 1623 127 26 payments
1793 1623 24 21 to
1830 1619 2 30 i

1246 1647 2 39 |
1261 1656 106 25 account,
1388 1653 129 23 amounted
1532 1655 25 20 to
1576 1652 52 25 £54
1643 1655 25 21 0s
1689 1653 38 24 3i.
1760 1652 56 25 Add
1830 1647 2 39 j

1247 1679 1 41 i
1261 1687 40 21 the
1308 1689 96 24 present
1414 1685 70 23 vilne
1493 1684 26 25 of
1527 1685 34 24 six
1574 1686 81 24 future
1667 1685 150 25 instalments
1830 1679 2 41 j

1246 1708 2 50 !
1261 1719 25 22 of
1299 1719 50 24 £24
1361 1719 46 26 10a,
1422 1716 66 25 £123
1503 1719 41 23 16s
1562 1719 38 27 3d,
1618 1719 49 22 and
1683 1719 25 23 of
1719 1719 52 24 £lO
1782 1719 32 29 7s,
1830 1708 2 50 |

1246 1751 1 28 :
1261 1751 52 24 £53
1327 1751 27 25 7s
1369 1751 51 28 101,
1440 1751 47 22 and
1501 1752 41 22 the
1557 1752 96 22 balance
1674 1752 47 22 due
1736 1759 30 16 on
1780 1760 37 15 re«
1830 1751 1 28 ,

1247 1783 1 33 :
1261 1783 148 33 adjustment
1420 1783 25 24 of
1460 1783 74 31 loais,
1548 1785 19 22 is
1577 1785 63 24 £231
1651 1785 26 22 4s
1691 1785 38 23 4J.
1734 1785 82 24 —The

1246 1816 2 31 ,
1261 1816 52 23 first
1327 1817 111 30 question
1451 1821 24 18 to
1494 1818 26 22 be
1536 1818 137 23 considered
1693 1818 61 29 (said
1776 1818 40 22 Mr

1264 1849 113 31 Mervyn)
1392 1858 45 14 was
1457 1849 106 24 whether
1574 1850 19 23 it
1605 1850 77 23 would
1696 1851 28 22 be
1738 1851 77 22 bo'tar

1261 1886 25 20 to
1299 1891 30 22 go
1341 1882 52 24 into
1405 1884 40 22 the
1458 1891 85 23 money
1552 1884 93 23 market
1656 1883 46 24 and
1718 1891 96 23 arrange
1828 1882 2 32 1

1261 1916 37 23 for
1309 1925 13 14 a
1339 1920 127 26 mortgage,
1482 1925 26 15 or
1525 1922 25 18 to
1563 1921 40 26 get
1619 1918 40 23 the
1675 1921 139 26 repayment

1247 1945 39 33 jof
1306 1950 40 23 the
1368 1949 103 29 existing
1493 1950 66 24 loans
1576 1950 126 23 extended.
1736 1949 78 24 There
1827 1945 1 33 :

1262 1983 78 23 would
1352 1982 28 24 be
1397 1990 30 14 no
1439 1982 118 32 diffisohy
1571 1983 22 23 in
1606 1983 128 30 procuring
1748 1983 66 23 £2OO

1261 2023 30 14 on
1305 2018 123 26 mortgage
1449 2018 26 19 at
1491 2018 12 20 8
1519 2023 41 22 per
1574 2019 71 24 cent.,
1664 2017 47 22 and
1728 2016 86 30 paying
1827 2016 1 30 ,

1262 2047 34 23 of!'
1317 2047 40 24 the
1374 2047 152 25 Investment
1548 2047 101 32 Society.
1655 2049 62 23 —As
1732 2052 24 20 to
1774 2048 40 25 the

1261 2080 157 28 endowment,
1437 2080 67 24 when
1531 2080 24 24 in
1585 2080 113 25 Dunedin
1721 2082 31 23 he
1768 2091 46 15 saw

1261 2113 40 23 the
1325 2112 69 23 Chief
1420 2112 185 24 Commissiiner
1628 2115 25 22 of
1684 2113 79 25 Lands
1789 2124 25 14 re

1261 2145 120 31 deferring
1397 2145 41 24 the
1458 2145 48 25 sale
1526 2146 25 23 of
1562 2146 42 25 the
1620 2146 61 25 seeii-
1703 2157 16 15 is
1738 2148 75 24 which

1238 2178 4 30 -
1261 2178 45 24 had
1334 2179 58 23 been
1409 2178 92 30 applied
1522 2179 36 24 for
1574 2188 26 14 «s
1615 2188 28 15 an
1661 2185 27 18 ten
1701 2181 113 25 lowmeut

1260 2212 36 21 for
1310 2211 40 23 the
1366 2211 149 26 Atheu&nm.
1567 2213 39 22 Mr
1633 2213 118 26 M#tl»nd
1772 2215 41 23 did

1260 2247 41 19 not
1313 2243 45 24 feel
1378 2245 132 22 warranted
1526 2244 24 24 in
1565 2244 72 31 doing
1658 2247 117 29 anything
1788 2248 24 22 in

1258 2276 40 22 the
1311 2279 86 20 matter
1409 2284 29 16 on
1451 2276 36 24 his
1503 2284 51 16 own
1572 2278 183 31 responsibility,
1769 2279 44 25 but

1258 2309 49 24 said
1326 2310 19 22 it
1358 2308 48 25 will
1430 2310 27 22 be
1470 2318 123 20 necessary
1606 2315 24 18 to
1642 2311 68 24 make
1727 2312 84 24 formal

1242 2334 1 40 I
1257 2341 142 29 application
1418 2344 24 20 to
1456 2342 40 23 the
1508 2342 67 23 Land
1592 2343 85 24 Board.
1710 2343 101 25 Person-
1821 2334 1 40 !

1241 2373 1 33 ;
1257 2373 48 33 ally
1320 2374 37 24 his
1379 2374 52 32 (the
1453 2374 131 31 speaker's)
1605 2376 99 24 interest
1724 2378 24 24 in
1769 2378 42 24 the
1821 2373 1 33 '■

1257 2407 116 30 proposed
1385 2409 150 23 endowment
1549 2417 44 14 was
1605 2410 98 24 adverse
1721 2414 25 20 to
1759 2411 50 23 that

1240 2434 2 38 j
1256 2440 25 23 of
1294 2439 40 24 the
1355 2439 151 33 Athenasum,
1529 2440 43 26 but
1585 2441 29 25 he
1631 2442 79 25 would
1722 2446 42 22 not
1778 2434 44 38 let!

1256 2473 52 22 that
1327 2474 70 22 stand
1414 2475 25 21 in
1463 2475 40 21 the
1526 2482 52 21 way
1598 2476 28 20 of
1642 2476 63 22 their
1717 2478 94 27 getting

1255 2504 41 23 the
1312 2504 63 24 land.
1418 2505 50 23 The
1490 2505 123 33 Secretary
1634 2507 46 24 will
1703 2507 60 26 have
1785 2512 25 22 to

1256 2536 67 26 write
1336 2543 24 18 to
1379 2537 40 27 the
1431 2538 67 25 Land
1517 2540 17 22 13
1544 2541 50 22 >ard
1606 2541 84 28 asking
1706 2543 65 23 them
1783 2546 26 21 to

1256 2574 115 26 postpone
1383 2571 39 24 the
1433 2573 54 24 sale,
1501 2573 47 22 and
1557 2580 26 15 so
1594 2574 82 22 enable
1687 2573 41 24 the
1741 2575 68 24 Com-
1821 2565 1 35 I

1254 2602 82 25 mittee
1359 2607 24 19 to
1405 2608 41 26 get
1468 2605 141 23 themselves
1634 2606 172 30 incorporated.
1821 2601 1 35 I

1239 2635 2 33 '
1254 2635 34 23 To
1305 2635 30 23 do
1347 2636 60 28 that,
1423 2637 69 23 there
1514 2637 47 23 will
1580 2638 92 30 require
1688 2642 25 19 to
1733 2641 27 22 be
1779 2649 30 14 an
1821 2635 1 33 I

1254 2667 184 26 advertisement
1468 2670 25 23 in
1524 2670 41 24 tho
1591 2670 60 24 local
1674 2679 74 24 paper
1773 2673 36 23 for

1254 2701 54 24 four
1320 2702 86 24 weeks.

1239 2734 1 34 j
1286 2734 40 22 Mr
1352 2734 111 28 Mejvyn,
1488 2736 53 21 who
1563 2736 46 23 had
1633 2738 25 22 to
1679 2737 66 23 leave
1768 2739 40 22 the
1821 2734 1 34 i

1254 2764 121 31 meetiing,
1392 2773 45 17 was
1450 2767 104 23 thanked
1567 2768 37 24 for
1616 2768 41 24 the
1672 2769 95 25 trouble
1779 2762 43 34 hr*

1254 2799 47 24 had
1313 2800 71 23 taken
1396 2801 24 24 in
1430 2801 48 24 this
1489 2806 94 20 matter.
1611 2802 87 25 Before
1705 2804 102 30 leaving,
1821 2799 1 40 j

1239 2827 1 38 |
1254 2833 30 22 he
1310 2833 125 29 explained
1461 2834 52 23 that
1541 2835 58 25 they
1623 2836 71 22 could
1717 2837 92 22 borrow
1821 2827 1 38 !

1254 2865 65 22 £2OO
1335 2871 31 15 on
1385 2868 129 26 mortgage,
1537 2868 24 20 at
1579 2868 12 20 8
1607 2874 42 17 per
1669 2870 72 26 cent-.,
1761 2868 48 23 and
1821 2865 1 31 I

1254 2896 60 25 raise
1326 2896 40 25 the
1378 2896 96 26 balance
1487 2898 31 32 by
1528 2907 13 15 a
1550 2898 82 24 bazaar
1642 2908 28 16 or
1680 2902 113 23 concerts.

1285 2930 40 25 Mr
1337 2929 23 26 J.
1372 2929 23 26 J.
1408 2931 76 25 Smith
1496 2933 121 24 remarked
1630 2933 51 25 that
1693 2933 39 26 the
1743 2940 67 19 rents

1255 2966 59 22 from
1326 2964 40 24 the
1380 2964 93 28 Lodges
1493 2965 78 25 would
1586 2974 44 21 pay
1642 2968 41 22 the
1695 2968 109 29 interest,

1254 2997 47 22 and
1324 2996 40 22 the
1391 3000 69 19 extra
1491 2998 92 22 income
1611 2998 60 23 from
1694 3003 112 26 concerts,

1255 3029 53 27 &c.,
1322 3028 77 23 would
1414 3028 61 24 form
1491 3037 14 15 a
1517 3029 96 32 sinking
1624 3030 68 25 fund.

1284 3061 41 24 Mr
1349 3062 67 29 Coop
1435 3063 124 30 proposed,
1612 3064 61 24 That
1687 3072 14 17 a
1722 3073 85 23 person

1254 3095 28 22 be
1294 3095 130 29 appointed
1437 3100 25 18 to
1478 3095 56 24 take
1554 3096 40 24 the
1610 3096 50 25 sole
1679 3098 86 31 charge
1784 3098 37 30 of,

1239 3124 1 38 1
1254 3127 40 23 the
1308 3126 75 24 books
1398 3128 46 22 and
1456 3128 56 26 hall,
1535 3129 82 23 attend
1637 3138 30 16 on
1682 3131 125 31 Mondays,

1256 3159 167 32 Wednesdays,
1444 3161 47 22 and
1513 3161 108 31 Fridays,
1641 3163 60 24 from
1722 3166 12 21 8
1755 3167 24 20 to
1794 3165 13 22 9

1254 3201 66 22 p.m..
1334 3192 47 24 and
1393 3193 60 30 keep
1472 3194 41 24 the
1531 3195 75 31 lamps
1618 3197 24 23 in
1785 3199 22 23 If

1238 3219 1 39 |
1253 3226 40 23 Mr
1306 3226 76 23 Davis
1397 3227 77 22 would
1488 3228 132 23 nndertaka
1633 3230 41 24 the
1686 3231 80 24 duties
1777 3232 29 23 he

1252 3258 79 23 would
1344 3258 29 23 be
1392 3267 29 14 an
1438 3260 116 23 excellent
1567 3269 54 15 man
1642 3262 37 23 for
1700 3264 40 23 the
1754 3264 50 30 job,

1252 3290 115 29 provided
1381 3291 29 23 he
1420 3291 66 25 could
1500 3294 30 22 rto
1542 3293 18 23 it
1573 3296 25 21 at
1609 3303 14 15 a
1640 3295 63 31 price
1722 3297 84 24 within

1252 3323 39 24 the
1306 3331 80 16 means
1398 3324 24 23 of
1434 3325 41 24 the
1487 3324 150 28 Committee.

1281 3356 41 24 Mr
1343 3356 74 25 Davis
1427 3357 46 26 :\Tt
1495 3358 88 25 should
1604 3360 29 25 be
1657 3362 76 23 worth
1753 3371 26 16 os
1793 3371 12 16 a

1251 3393 73 20 weelc.

1279 3422 41 22 Mr
1339 3423 66 29 Coop
1430 3424 78 24 would
1529 3429 98 24 suggest
1657 3427 33 23 £5
1715 3427 37 23 for
1767 3428 37 23 six

1248 3455 107 31 monthe,
1368 3456 46 24 and
1428 3458 28 21 10
1467 3465 41 23 per
1519 3463 62 19 cent,
1598 3467 29 15 on
1641 3458 31 25 all
1684 3468 52 15 new
1748 3461 42 23 sub-

1247 3489 134 27 scription-?.

1278 3521 41 23 Mr
1341 3521 88 32 Davis:
1456 3521 63 24 lam
1543 3523 67 30 quite
1624 3523 105 25 satisfied
1748 3525 57 24 with

1247 3553 52 25 that
1313 3556 171 26 arrangement.

1279 3586 52 24 The
1345 3587 137 27 Chairman,
1505 3587 24 23 in
1547 3589 97 29 putting
1657 3589 41 23 the
1714 3590 90 24 motion

1247 3621 26 22 to
1285 3619 40 25 the
1338 3620 111 31 meeting,
1470 3620 125 24 remarked
1615 3622 52 24 that
1691 3622 19 24 it
1729 3623 76 24 would

1248 3653 29 23 be
1299 3653 40 23 the
1360 3660 81 17 means
1466 3654 25 22 of
1515 3653 124 29 obtaining
1660 3662 65 17 more
1747 3656 43 23 sub-

1249 3684 105 24 scribers.
1388 3684 52 24 The
1449 3685 91 24 motion
1551 3693 47 15 was
1609 3687 58 23 then
1677 3688 86 29 agreed
1772 3691 32 20 to.

1280 3716 41 23 Mr
1343 3716 92 23 Mercer
1456 3717 93 27 moved,
1601 3718 62 23 That
1677 3726 30 16 an
1719 3719 70 23 adver-

1238 3748 1 30 i
1249 3748 112 25 tisement
1367 3749 28 24 be
1403 3749 104 24 inserted
1515 3749 24 24 in
1547 3749 40 24 the
1599 3750 94 25 Mount
1704 3751 101 26 Benorr

1238 3782 1 32 :
1251 3782 76 29 Mail,
1343 3782 137 30 requesting
1490 3782 31 22 all
1534 3784 88 27 parties
1634 3785 89 29 having
1731 3785 73 24 books

1238 3809 1 38 |
1249 3814 127 29 belonging
1390 3817 26 20 to
1435 3814 41 23 the
1491 3815 90 30 library
1600 3818 25 21 to
1639 3819 84 22 return
1739 3817 65 24 them

1238 3846 1 35 :
1249 3846 170 30 immediately,
1428 3855 26 15 so
1467 3846 52 25 that
1532 3855 13 16 a
1553 3849 117 29 complete
1680 3850 124 31 catalogue

1238 3879 1 33 !
1249 3887 54 23 may
1315 3879 30 24 be
1359 3879 113 30 prepared
1486 3887 5 21 ;
1508 3880 47 23 and
1570 3882 48 21 a'so
1633 3883 120 29 notifying
1764 3884 40 23 the

1238 3906 1 41 1
1250 3912 72 24 hours
1338 3912 67 24 when
1418 3912 40 24 the
1470 3911 91 33 library
1574 3913 47 24 will
1635 3914 27 24 be
1676 3923 69 24 open,
1757 3916 47 24 and

1238 3945 1 37 |
1249 3946 41 24 the
1313 3949 64 21 rates
1397 3945 29 24 of
1447 3945 230 30 subscription—viz
1689 3966 5 8 ,
1718 3950 39 21 10s
1774 3950 30 23 b'd

1238 3977 1 34 I
1249 3986 42 21 per
1297 3986 64 22 year,
1374 3980 26 21 6s
1412 3985 42 23 per
1466 3977 133 32 half-year,
1614 3980 46 23 and
1679 3981 26 23 3a
1720 3981 31 24 6d
1764 3989 42 22 per

1238 4008 1 34 |

1280 4043 42 24 Mr
1334 4042 26 31 J.
1380 4042 24 24 J.
1421 4042 79 25 Smith
1518 4042 116 26 seconded
1651 4043 42 26 the
1705 4046 100 27 motion,

1249 4076 77 24 which
1337 4083 48 16 was
1395 4076 99 24 carried.

1280 4109 41 23 Mr
1336 4109 66 29 Coop
1422 4108 51 24 said
1487 4109 67 23 there
1567 4116 48 16 was
1628 4109 73 25 about
1712 4119 21 17 .a
1750 4114 53 20 cwt.

1250 4140 28 24 of
1287 4140 41 24 old
1338 4140 189 30 Parliamentary
1538 4149 91 22 papers,
1638 4142 28 21 of
1674 4150 30 16 no
1713 4144 93 28 general

1238 4172 6 33 !
1249 4180 50 21 use,
1315 4173 46 23 and
1373 4172 113 31 blocking
1503 4173 42 23 tbe
1560 4180 56 22 way.
1649 4173 68 32 They
1728 4175 77 24 would

1238 4198 39 40 |be
1294 4205 102 24 saleable
1407 4207 26 22 to
1445 4205 41 23 the
1506 4205 119 24 butchers.
1660 4206 38 23 He
1710 4208 93 29 moved,

1272 4238 62 22 That
1347 4238 41 22 the
1399 4236 148 30 hall-keeper
1560 4238 93 26 dispose
1662 4238 25 24 of
1697 4238 64 25 them
1773 4248 31 16 on

1248 4269 84 25 behalf
1343 4270 26 23 of
1385 4270 40 25 the
1811 4269 3 33 ,

1877 151 25 23 It
1926 159 47 15 was
1998 151 109 23 resolved
2124 152 53 22 that
2193 151 39 23 the
2255 150 148 32 hall-keeper

1848 184 45 24 and
1913 183 41 25 Mr
1977 183 123 25 Chisholm
2123 183 163 33 immediately
2305 192 98 23 procure

1847 218 40 24 the
1904 218 76 29 lamps
1996 218 46 22 and
2066 218 69 23 other
2160 218 91 29 fittings
2278 225 125 24 necessary

1847 251 37 22 for
1897 250 60 30 fully
1971 250 103 29 lighting
2086 250 41 22 the
2138 249 56 24 ball.

1876 282 38 23 An
1931 281 40 24 old
1994 284 100 21 account
2108 281 25 24 of
2149 281 36 25 £5
2202 282 39 23 14j
2258 281 43 24 lid
2316 281 45 24 due
2379 284 24 21 to

1848 315 52 23 Mrs
1914 313 118 31 Brighton
2048 321 44 16 was
2105 313 84 30 passed
2201 313 36 23 for
2250 318 118 25 payment.

1875 347 42 26 Mr
1938 346 28 27 J.
1986 346 26 26 J.
2028 345 77 26 Smith
2118 355 5 18 :
2142 346 50 25 Has
2208 346 19 25 it
2251 345 98 33 expired
2372 346 31 32 by

1847 381 112 25 effluxion
1971 381 25 23 of
2012 380 57 24 time
2082 380 69 29 ?—(A
2163 380 92 29 laugh.)

1878 414 41 22 Mr
1937 412 82 31 Coop:
2050 412 45 23 itfo.
2123 413 24 22 It
2173 420 46 15 was
2248 413 111 23 incurred
2380 413 23 23 in

1847 446 67 26 1877-
1949 445 78 23 There
2036 445 19 23 is
2064 445 93 30 enough
2170 445 27 23 of
2206 453 85 20 money
2303 446 23 22 in
2340 446 63 24 hand

1847 482 25 19 to
1886 480 63 22 clonr
1964 478 34 24 off
2004 478 91 24 several
2111 478 69 22 other
2195 477 68 23 small
2276 477 127 31 liabilities,

1846 511 122 29 including
1979 519 13 14 a
2005 511 53 23 load
2070 511 25 22 of
2108 511 50 23 coal
2175 510 61 24 from
2250 510 86 23 Messrs
2349 511 54 23 Low

1846 545 47 22 and
1906 545 142 22 Robertson.

1874 577 23 22 It
1914 585 46 15 was
1977 576 113 28 resolved,
2110 583 30 16 on
2160 576 41 23 the
2218 576 91 24 motion
2323 577 24 23 of
2364 576 39 24 Mr

1846 609 82 28 Davis,
1940 609 117 23 seconded
2069 609 31 30 by
2116 609 40 23 Mr
2167 607 24 26 J.
2205 609 25 23 J.
2246 609 87 31 Smith,
2351 609 52 25 that

1930 642 121 23 liabilities
2064 642 29 23 be
2105 650 53 14 now
2173 642 62 30 paid.

1877 674 41 23 Mr
1931 675 101 30 Mervyn
2048 681 47 15 was
2107 675 57 21 then
2182 675 127 30 appointed
2326 675 65 23 Presi-

1846 707 66 27 dent,
1924 715 29 16 on
1964 707 41 22 the
2017 707 91 23 motion
2119 707 25 23 of
2156 708 40 23 Mr
2203 707 73 32 Coop,
2287 708 116 24 seconded

1848 740 31 28 by
1888 741 40 21 Mr
1935 740 203 23 Chisholm.—Mr
2147 741 66 28 Coop
2222 748 45 15 was
2276 741 127 29 appointed

1848 772 134 29 Treasurer,
1995 772 46 22 and
2054 771 40 23 Mr
2109 773 25 22 J.
2156 772 152 29 Weatherall,
2323 773 67 23 Secre-

1848 807 61 27 tary,
1938 812 31 15 on
1997 804 41 23 the
2066 804 91 24 motion
2186 806 25 22 of
2238 805 40 23 Mr
2300 806 103 29 Mercer,

1848 837 116 24 seconded
1981 836 32 32 by
2025 836 40 24 Mr
2079 837 82 24 Davis.

1879 870 23 24 It
1921 878 47 15 waß
1990 870 116 30 resolved,
2124 879 30 14 on
2170 872 41 22 the
2225 872 137 29 suggestion
2379 873 24 22 of

1850 903 39 23 the
1906 903 136 27 Chairman,
2058 905 25 20 to
2108 902 55 24 bold
2179 903 101 23 another
2301 905 102 30 meeting

1850 945 29 14 on
1892 935 128 31 Saturday,
2033 935 58 24 30th
2107 936 77 30 April,
2198 938 26 22 at
2236 937 55 23 8.30
2303 945 63 21 p.m.,
2378 941 25 20 to

1849 969 108 23 consider
1970 969 41 22 the
2023 968 107 24 finaucial
2144 968 45 24 and
2204 969 70 23 other
2291 969 78 23 affairs
2380 971 23 23 of

1849 1001 41 24 the
1905 1001 149 24 institution.

1877 1034 51 25 The
1952 1034 105 31 meeting
2080 1032 79 27 closed
2186 1034 58 26 with
2268 1043 13 17 a
2302 1037 55 24 vote
2378 1035 25 26 of

1848 1068 87 24 thanks
1946 1072 24 19 to
1982 1068 41 23 the
2035 1067 81 26 Chair.

1862 1147 156 24 DUNEDIN
2036 1148 168 23 CRIMINAL
2228 1148 161 30 SESSIONS,

1980 1179 159 26 SUPREME
2152 1181 120 25 COURT.

1996 1251 111 24 Monday
2121 1252 80 23 April
2216 1252 37 26 11,

1846 1294 97 30 (Before
1955 1295 40 23 Mr
2009 1295 94 24 Justice
2115 1295 93 29 Gillies,
2232 1296 47 24 and
2294 1304 13 16 a
2319 1297 83 31 Jury.)

1876 1338 82 23 James
1973 1338 71 23 Mack
2055 1338 100 30 pleaded
2166 1339 79 30 guilty
2258 1341 25 21 to
2305 1339 62 24 theft
2378 1340 25 23 of

1846 1379 14 16 a
1874 1371 76 23 watch
1962 1371 45 23 and
2020 1371 69 24 other
2109 1371 119 25 valuables
2255 1375 24 22 at
2297 1371 106 26 Waitaki

1846 1412 30 14 on
1893 1404 56 24 lGth
1969 1404 124 30 February
2109 1405 47 22 and
2177 1413 48 15 was
2239 1406 127 22 sentenced
2378 1409 25 20 to

1848 1443 46 16 two
1905 1436 77 30 years'
1992 1436 181 31 imprisonment
2185 1437 56 23 with
2255 1438 57 23 hard
2326 1437 75 25 labor.

1878 1468 84 31 Henry
1976 1469 85 23 Potter
2073 1470 37 22 for
2124 1470 63 24 theft
2201 1470 24 24 of
2242 1470 121 32 jewellery
2378 1475 25 19 at

1847 1502 112 23 Dnuedin
1973 1503 100 29 pleaded
2085 1504 76 30 guilty
2187 1504 49 23 and
2258 1503 106 24 received
2387 1512 14 15 a

1846 1534 90 23 similar
1947 1538 119 21 sentence.

1876 1567 90 30 Joseph
1983 1567 84 31 Henry
2080 1568 72 29 Pag;et
2164 1576 47 16 was
2226 1568 101 31 charged
2345 1568 58 25 with

1847 1599 100 32 stealing
1959 1600 29 23 21
2011 1601 31 24 £1
2058 1605 68 19 notes
2151 1600 60 24 from
2239 1610 12 15 a
2273 1602 130 30 registered

1848 1635 76 21 letter.
1958 1633 38 24 He
2006 1633 100 31 pleaded
2128 1637 43 19 not
2196 1635 78 29 guilty
2295 1635 45 23 and
2356 1642 47 16 was

1847 1665 117 24 defended
1978 1667 30 29 by
2027 1666 38 23 Mr
2079 1666 141 24 Denniston.
2253 1668 21 21 A
2300 1668 102 23 number

1846 1699 24 23 of
1907 1699 122 23 witnesses
2061 1698 88 31 having
2182 1700 59 23 been
2268 1701 135 30 examined,

1848 1731 105 30 prisoner
1966 1740 45 14 was
2032 1732 74 23 found
2127 1731 76 29 guilty
2224 1732 46 23 and
2294 1733 108 24 received

1846 1768 110 20 sentence
1968 1765 24 23 of
2006 1764 66 24 three
2093 1765 75 30 years'
2189 1766 68 28 penal
2275 1764 128 26 servitude.

1876 1796 100 25 Dechlin
1990 1797 114 31 Mulcahy
2116 1797 26 24 ch
2233 1798 54 22 with

1844 1828 34 26 £.3
1894 1831 39 22 10s
1949 1833 25 20 at
1986 1830 110 31 Nganara
2110 1839 45 15 was
2171 1830 75 24 fuuu-J
2262 1836 42 18 not
2325 1832 78 29 guilty

1845 1863 46 24 and
1906 1863 148 31 discharged.

1990 1934 119 25 Tuesday
2123 1941 78 19 April
2215 1936 36 23 12.

1874 1979 89 28 Joieph
1975 1979 73 28 Gard,
2061 1981 96 23 accused
2167 1981 25 22 of
2200 1980 100 29 stealing
2312 1988 13 14 a
2337 1980 63 23 lamb

1844 2011 59 22 from
1919 2012 61 23 Hon.
1997 2012 36 23 M.
2053 2011 106 29 Holmes',
2173 2021 45 14 was
2234 2013 116 23 defended
2370 2016 30 25 by

1847 2043 39 7 U_.
1908 2044 26 6 C-4.
1953 2047 25 3 -L
2048 2045 43 5 IP
2149 2046 5 4 1
2215 2046 24 4 'I,

1827 2046 2 28 |
1847 2046 39 22 Mr
1908 2046 77 23 Stout,
2009 2046 49 21 and
2081 2046 76 22 found
2180 2046 39 26 gwi
2223 2046 5 15 T
2232 2048 33 22 tv.
2288 2049 110 20 sentence

1844 2079 28 22 12
1882 2079 293 29 months'imprisonment
2185 2079 54 23 with
2254 2080 56 21 hard
2324 2079 51 23 labo
2392 2095 11 11 ».

1827 2111 2 30 I
1844 2111 70 22 —Mr
1926 2111 70 23 Stout
2012 2119 58 15 crave
2084 2111 77 23 notice
2175 2112 22 21 of
2214 2119 74 22 appe-i
2291 2111 4 30 :
2300 2127 5 5 .

1874 2143 101 24 Thomas
2128 2143 104 29 'charged
2265 2143 26 23 wi
2296 2150 7 10 h
2307 2144 12 23 h
2359 2150 19 16 m-

1827 2176 2 35 j
1843 2176 111 31 d';»contly
1967 2178 131 29 assaulting
2111 2185 12 15 a
2138 2185 81 24 young
2230 2176 43 31 girl
2288 2178 27 21 10
2332 2185 68 21 years

1890 2218 49 19 aee,
1969 2217 53 16 was-
2037 2210 73 23 found
2136 2210 84 30 guilty,
2250 2216 109 17 *en*eiK!S
2386 2212 13 21 9

1827 2242 1 26 i
1844 2242 103 23 moaths'
1959 2242 182 26 imprisonment
2156 2242 55 23 with
2227 2242 56 23 hard
2299 2244 72 21 tabor.

1874 2275 103 23 Andrew
1994 2273 69 26 Rlack
2074 2274 34 25 for
2124 2274 117 32 Burglary
2248 2277 24 21 at
2284 2274 33 23 ()<
2322 2282 21 16 m
2352 2282 44 21 iru,

1825 2307 2 33 I
1842 2307 98 31 pleaded
1953 2307 77 29 guilty
2039 2307 47 24 and
2100 2315 43 16 w»»s
2156 2308 124 23 sentenc.nl
2295 2312 22 19 to

1825 2340 2 31 ;
1841 2340 75 29 years'
1933 2340 68 31 penal
2016 2340 128 24 servitude.

1962 2409 162 26 Wednesday
2139 2412 81 22 Al-ktl
2239 2411 36 23 13.

1871 2455 100 23 Charles
1986 2454 98 29 Fowler,
2102 2455 101 30 charged
2218 2455 54 22 with
2297 2454 100 30 stealing

1823 2486 2 33 j
1842 2487 53 25 £3O,
1909 2488 40 22 the
1960 2492 114 27 pronerfy
2086 2496 24 13 or
2125 2488 86 22 Messrs
2225 2486 106 31 Topham
2349 2488 47 21 and

1823 2519 1 28 .
1840 2519 126 26 Thomson.
1987 2519 188 28 Princes-street,
2203 2519 121 28 Dunedin,
2349 2527 47 16 was

1841 2553 72 23 found
1927 2553 78 30 guilty
2020 2554 45 22 and
2083 2552 108 25 received
2204 2561 14 16 a
2244 2556 112 20 sentence
2370 2554 26 21 of

1839 2587 14 22 4
1865 2585 76 30 years'
1956 2587 67 28 penal
2038 2586 88 23 servit'-.
2137 2587 29 23 le.

1869 2618 55 24 The
1935 2618 75 24 Court
2023 2620 56 22 then
2093 2618 131 31 adjourned
2236 2618 36 23 till
2286 2616 39 25 the
2337 2616 57 25 20th

1822 2646 1 28 I
1838 2651 97 23 instant.

1956 2722 88 24 BLUE
2060 2723 85 22 SPUR
2161 2721 116 26 NOTES.

1868 2785 18 24 A
1900 2784 186 33 correspondent
2098 2785 79 25 writes
2188 2794 25 16 as
2225 2785 105 26 follows:

1865 2825 39 23 Mr
1918 2825 79 28 Perry,
2020 2833 45 15 one
2087 2825 27 22 of
2124 2825 42 23 the
2184 2825 118 28 energatic
2314 2833 63 15 mana-

1839 2864 52 19 gers
1908 2857 25 22 of
1945 2856 40 23 the
1997 2856 58 23 Blue
2067 2857 63 29 Spur
2142 2857 46 22 and
2200 2857 108 24 Gabriels
2320 2857 73 29 Gully

1822 2888 1 33 :
1839 2888 96 31 Mining
1949 2888 131 33 Company,
2106 2890 43 23 has
2171 2894 52 19 rem
2228 2889 57 25 rued
2310 2893 25 21 to
2351 2890 40 24 the

1837 2923 76 28 claim,
1933 2921 109 33 bringing
2058 2923 56 24 with
2133 2923 48 24 him
2199 2922 132 31 appliances
2356 2923 36 24 for

1822 2956 1 30 i
1837 2956 110 28 working
1961 2964 26 15 or
2001 2956 80 24 rather
2093 2956 94 30 driving
2201 2957 42 22 the
2254 2957 59 22 stuff
2323 2957 69 23 down

1821 2988 41 30 ito
1884 2989 39 23 the
1938 2989 43 28 jof.
2019 2988 69 23 Some
2104 2996 58 18 very
2185 2989 61 26 good
2269 2993 123 25 prospects

1821 3018 1 30 ;
1837 3027 61 16 were
1911 3020 111 23 obtained
2039 3028 30 15 on
2092 3020 41 23 the
2151 3020 99 28 bottom,
2272 3019 47 24 and
2340 3020 17 23 it
2372 3022 20 21 is

1837 3053 77 31 hoped
1938 3053 42 25 the
2001 3057 56 21 next
2079 3053 106 31 washing
2200 3061 32 23 up
2255 3053 49 24 will
2326 3053 28 24 be
2378 3062 19 19 a.,

1821 3087 1 29 ;
1836 3087 151 29 satisfactory
2001 3094 52 15 one.

1866 3120 50 24 The
1932 3128 51 15 ;iew
1997 3119 124 30 WesLyan
2138 3119 108 23 minister
2260 3119 72 30 (Rev.
2350 3118 41 24 Mr

1837 3153 67 29 Law)
1922 3154 41 22 has
1978 3152 94 23 arrived
2090 3153 45 21 and
2158 3152 99 23 entered
2275 3160 64 20 upon
2354 3151 36 23 his

1821 3184 1 33 i
1835 3186 87 24 duties.
1967 3185 36 24 He
2024 3185 115 32 preached
2161 3188 25 20 at
2208 3184 40 25 the
2274 3184 63 26 Sour
2358 3193 31 15 ou

1821 3217 7 33 ;
1835 3219 100 31 Sunday
1965 3219 111 27 morning
2102 3217 67 31 (10th
2199 3219 104 28 instant)
2326 3219 63 22 from

1837 3252 77 22 Prfalm
1931 3259 39 21 lx,
1992 3259 66 15 verse
2069 3251 139 23 4—''Thou
2223 3250 53 23 hast
2293 3250 69 29 given
2375 3259 14 15 a

1821 3283 1 26 1
1835 3286 90 21 banner
1940 3288 22 19 tn
1981 3283 65 24 them
2066 3285 53 22 that
2140 3283 50 23 fear
2213 3283 62 26 thee,
2298 3283 52 23 that
2368 3283 19 22 it

1821 3314 1 33 I
1834 3325 54 22 may
1904 3318 27 22 he
1942 3316 125 31 displayed
2084 3316 98 24 because
2197 3316 24 23 of
2241 3315 40 24 tho
2297 3314 92 25 truth.'*

1837 3352 37 22 Mr
1890 3350 55 24 Law
1967 3350 20 23 is
2001 3358 13 15 a
2036 3349 140 25 man.about
2197 3349 65 29 forty
2276 3356 69 23 years
2363 3348 26 23 of

1834 3392 50 21 age,
1901 3384 46 23 and
1963 3391 116 21 possesses
2091 3391 12 14 a
2117 3391 44 18 goo
2170 3382 7 22 I
2190 3381 72 23 voice.
2305 3380 11 23 I
2331 3380 58 23 hear

1821 3413 1 32 j
1834 3417 54 22 that
1904 3417 36 22 his
1956 3415 53 24 wife
2029 3413 11 32 i
2052 3413 11 32 3
2075 3413 57 32 about
2145 3419 25 18 to
2189 3421 62 24 open
2265 3421 14 15 a
2290 3413 59 23 class
2361 3413 26 23 in

1821 3449 1 28 \
1833 3450 133 23 Lawrence.

1972 3488 286 11 nmmmmmmmm-m-mmmi-aam-m-^^^^

830 79 83 24 THE
945 78 148 25 MOUNT
1125 74 177 29 BENGER
1335 75 108 23 MAIL

2017 72 160 32 Wednesday,
2194 73 70 31 April
2283 76 37 27 20,
2341 77 54 22 1881

145 93 11 24 6

1862 3525 35 20 Mr
1917 3523 107 21 Tubman,
2040 3526 20 17 at
2073 3522 36 20 the
2130 3520 40 22 Inst
2190 3521 85 26 County
2296 3518 90 22 Council

1834 3554 99 26 meeting,
1949 3552 109 22 answered
2076 3551 34 22 Mr
2126 3549 108 29 Mervyn's
2249 3550 105 20 strictures
2366 3556 22 14 re

1836 3584 84 27 Ranger
1933 3582 76 23 Smith.
2042 3582 18 21 It
2072 3582 17 20 is
2107 3582 58 27 quite
2175 3586 52 19 true,
2245 3580 106 25 however,
2364 3586 23 13 as

1834 3615 35 21 Mr
1880 3615 90 26 Mervyn
1980 3612 53 27 said,
2046 3612 45 22 that
2100 3611 35 23 the
2148 3612 84 26 Ranker
2243 3610 36 21 did
2292 3613 37 18 not
2341 3608 47 28 pull

1833 3645 47 22 well
1892 3645 50 21 with
1953 3644 36 21 the
2004 3645 63 19 cattle
2084 3650 88 16 owners,
2192 3641 41 21 and
2252 3641 66 21 hence
2333 3639 23 28 (it
2369 3640 16 20 is

1833 3673 136 27 understood)
1983 3673 33 21 his
2026 3678 37 15 not
2073 3673 64 26 being
2147 3680 12 12 a
2174 3670 112 23 candidate
2303 3670 31 20 for
2350 3670 35 21 the

1832 3705 66 20 office.
1931 3704 35 20 Mr
1985 3703 101 20 Tubman
2101 3700 75 29 passed
2194 3707 12 13 a
2216 3700 49 26 high
2277 3699 108 26 eulogium

1832 3741 26 14 on
1868 3733 36 22 the
1913 3733 92 27 Ranger,
2018 3731 42 22 and
2072 3732 21 21 in
2103 3737 39 15 our
2152 3730 87 25 opinion
2250 3729 36 22 the
2297 3728 90 23 Council

1832 3765 55 21 loses
1907 3764 21 22 in
1943 3763 37 22 Mr
1995 3762 70 22 Smith
2085 3770 13 13 a
2120 3761 83 22 faithful
2222 3764 90 18 servant.
2345 3759 41 22 We

1832 3794 60 22 share
1901 3794 35 21 Mr
1943 3791 118 23 Tubman's
2069 3796 67 23 regret
2145 3795 20 17 at
2173 3791 41 21 this
2221 3791 48 25 loss,
2279 3789 108 28 believing

1831 3825 48 22 that
1889 3824 34 23 Mr
1935 3822 88 24 Smith's
2038 3821 123 29 rangership
2173 3827 43 15 was
2234 3819 153 24 characterised

1831 3856 29 27 by
1880 3855 82 26 suavity
1977 3853 24 21 of
2014 3859 88 15 manner
2123 3851 114 22 combined
2258 3851 51 21 with
2328 3854 59 23 great

1832 3892 84 19 energy.
1948 3883 56 21 That
2015 3883 36 20 the
2063 3883 84 27 Ranger
2163 3881 38 21 did
2218 3883 37 19 not
2265 3880 89 21 succeed
2364 3879 23 23 in

1833 3916 94 25 winning
1947 3914 35 22 the
2002 3913 125 22 confidence
2145 3911 24 22 of
2186 3911 121 28 everybody
2326 3910 18 22 is
2363 3918 24 15 as

1832 3947 64 21 much
1916 3946 33 21 his
1968 3944 124 21 misfortune
2110 3950 23 13 as
2147 3942 33 21 his
2199 3942 52 21 fault
2262 3949 5 18 ;
2282 3941 42 21 and
2340 3941 17 20 is
2375 3949 14 14 a

1833 3976 123 20 misfortune
1976 3974 70 20 which
2062 3973 17 20 is
2099 3973 71 20 rather
2189 3972 36 21 the
2245 3971 45 22 rule
2307 3971 21 20 in
2344 3970 43 23 this

1834 4005 64 22 world
1910 4005 50 21 than
1972 4003 36 23 the
2018 4002 117 29 exception.
2168 4001 41 22 We
2220 4004 53 19 tmst
2288 4001 36 21 the
2339 4007 48 15 new

1835 4036 85 27 Ranger
1937 4033 45 29 (Mr
2001 4031 97 29 Gordon)
2120 4031 44 22 will
2179 4031 54 22 have
2248 4038 13 14 a
2275 4030 51 27 long
2342 4031 43 21 and

1834 4064 110 24 successful
1956 4071 71 15 career
2041 4063 21 22 in
2077 4063 37 22 the
2131 4064 148 25 management
2297 4061 24 22 of
2330 4061 56 22 what

1834 4097 24 24 is,
1869 4096 28 27 by
1908 4101 100 16 common
2023 4097 95 21 consent,
2131 4100 13 14 a
2161 4092 99 28 splendid
2274 4095 109 23 property,

1834 4126 41 21 and
1888 4132 40 14 one
1943 4124 69 21 which
2030 4123 39 21 has
2086 4127 59 24 great
2165 4121 136 28 possibilities
2317 4121 21 20 in
2349 4117 36 25 the

1834 4155 76 21 future.
1940 4154 21 21 It
1972 4153 43 21 will
2026 4153 25 21 be
2059 4153 32 21 his
2103 4153 94 20 business
2206 4154 22 18 to
2237 4151 94 26 improve
2340 4150 45 21 that

1834 4187 107 25 property,
1952 4182 66 22 under
2027 4182 36 21 the
2075 4182 103 21 direction
2189 4181 41 20 and
2242 4179 51 23 with
2304 4180 35 21 the
2350 4187 21 14 co-

1833 4214 110 27 operation
1964 4212 22 21 of
2010 4212 36 21 the
2066 4212 135 22 Committee,
2228 4210 48 21 who
2300 4217 37 13 are
2356 4209 29 21 all

1833 4242 130 29 thoroughly
1975 4241 99 28 practical
2093 4248 49 15 men
2153 4240 47 26 and,
2206 4240 66 24 know
2282 4238 57 23 what
2357 4239 27 22 its

1832 4273 132 26 capabilities
1973 4280 43 14 are.
