2500 4410
96 184 257 28 TELEGRAPHIC
368 186 282 27 INTELLIGENCE.

187 272 122 24 BRITISH
330 272 66 24 AND
418 273 143 24 FOREIGN.

299 341 34 23 By
348 341 101 29 (Cable.)

425 384 77 26 Paris,
515 383 66 29 April
593 384 32 23 11.

121 418 48 24 The
187 419 112 23 Chamber
309 420 23 22 of
341 421 109 28 Deputies
461 421 79 29 to-day
551 420 79 30 passed
640 428 13 15 a

92 457 54 22 vote
157 456 22 24 of
188 457 128 24 confidence
326 457 24 24 in
359 458 41 23 the
409 458 116 30 Ministry.

396 519 104 27 London,
513 519 66 29 April
590 519 33 23 12.

122 559 93 24 Consols
225 560 84 23 remain
320 562 25 21 at
357 561 60 29 100£.

121 597 55 22 New
186 597 98 24 Zealand
294 599 117 23 securities
430 606 37 15 are
477 598 132 30 unchanged
628 599 25 22 at

92 635 45 22 last
146 636 209 29 quotations—viz.,
365 638 14 21 5
397 638 101 28 percent
519 637 64 22 10-40
593 636 56 27 loan,

95 673 70 28 102£;
190 674 13 22 5
214 680 39 23 per
273 676 61 21 cent.
346 675 54 23 1889
419 675 58 27 loan,
491 675 54 26 106;
566 675 28 28 4£
614 681 39 22 per

92 712 59 20 cent.
164 710 118 24 1879-1904
296 711 57 27 lean,
367 712 33 22 98.

120 747 110 23 Adelaide
241 748 79 28 wheat,
332 756 28 15 ex
371 749 134 28 warehouse,
517 750 38 22 51s
567 757 6 19 ;
597 749 56 23 New

92 783 103 27 Zealand,
214 784 94 29 ex-ship,
330 785 55 27 475;
409 785 107 22 Adelaide
534 785 62 27 flour,
610 791 29 16 ex-

92 820 135 29 warehouse,
240 821 44 23 345.

120 859 131 22 Australian
261 859 77 23 tallow
355 859 19 23 is
384 860 133 29 unchanged
526 861 24 21 at
561 861 38 22 34s
616 859 35 23 for

92 896 50 21 best
152 896 57 26 beef,
221 896 44 22 and
276 897 38 22 36s
322 896 29 23 6d
365 897 35 22 for
409 897 50 22 best
470 899 96 21 mutton.

120 931 54 24 Best
185 931 80 24 Scotch
275 932 56 29 iron,
340 932 42 25 No.
396 934 18 27 1,
425 932 62 25 f.o.b.
498 932 24 24 in
531 933 40 24 the
579 932 72 31 Clyde

92 971 40 22 has
142 971 102 23 declined
254 973 24 22 to
288 972 46 24 495.

120 1010 21 21 A
152 1008 96 24 bulletin
258 1009 76 23 issued
343 1010 46 22 this
400 1010 95 30 evening
505 1011 87 29 reports
600 1011 51 22 that

94 1046 51 23 Earl
157 1047 150 23 Beaconsfield
327 1049 40 22 has
378 1049 64 30 again
452 1049 147 30 experienced
618 1056 21 14 re-

92 1085 79 22 newed
191 1086 111 28 difficulty
313 1087 24 21 in
360 1087 127 28 breathing,
513 1087 53 21 that
580 1087 28 21 he
632 1086 19 22 is

92 1120 48 23 still
153 1120 23 22 in
187 1127 12 16 a
209 1121 87 23 critical
305 1123 66 21 state.

121 1159 19 23 A
150 1159 130 24 conference
291 1159 22 24 of
324 1160 38 23 the
381 1159 63 24 Land
464 1159 116 31 Leaguers,
598 1159 53 24 held

93 1197 24 21 at
127 1195 91 28 Dublin,
231 1196 41 23 has
291 1197 80 28 passed
385 1196 134 23 resolutions
538 1196 113 29 declaring

92 1232 40 24 the
143 1232 63 24 Land
216 1233 45 23 Bill
270 1233 75 24 before
355 1233 136 24 Parliament
505 1234 24 22 to
539 1233 27 23 be
576 1232 74 25 inade*

92 1270 69 28 quate
171 1270 24 21 to
205 1272 60 20 meet
273 1270 40 22 the
324 1270 106 23 demands
441 1270 23 22 of
473 1270 40 22 the
523 1271 98 22 tenants.

282 1330 215 28 Constantinople,
513 1330 66 30 April
590 1331 33 22 12.

120 1371 48 22 The
178 1371 106 22 Ottoman
294 1371 153 22 Government
459 1371 58 22 have
526 1373 50 20 sent
586 1378 14 15 a
609 1371 31 22 cir-

93 1407 63 24 cular
165 1407 59 24 Note
235 1409 23 21 to
277 1408 40 23 the
327 1408 96 28 Powers,
435 1408 152 31 depreciating
606 1415 43 23 any

93 1446 107 23 violation
211 1446 22 23 of
243 1446 107 27 territory
360 1446 23 22 in
393 1446 76 24 Tunis.

242 1524 256 23 INTERCOLONIAL.

345 1591 155 27 Melbourne,
511 1590 66 29 April
588 1591 32 22 13.

119 1628 22 23 A
151 1628 178 30 meteorological
346 1628 130 23 conference
494 1628 45 23 will
553 1627 54 24 hold
619 1627 30 23 its

92 1663 50 24 first
161 1664 80 30 sitting
260 1665 53 22 here
333 1672 29 15 on
381 1664 40 23 the
442 1665 49 22 21st
508 1664 54 23 inst.
617 1663 32 23 Dr

91 1702 144 23 Hector'will
246 1704 114 27 represent
371 1702 56 23 New
437 1702 103 23 Zealand.

119 1739 79 24 Before
210 1739 39 24 the
260 1739 107 30 breaking
378 1747 31 22 up
419 1739 23 23 of
456 1740 40 23 the
513 1739 136 24 Conference

92 1776 23 22 of
125 1776 40 22 the
184 1776 133 22 Committee
327 1777 23 21 of
359 1777 39 21 the
409 1778 45 21 two
468 1777 89 21 Houses
571 1784 29 14 on
610 1776 39 22 the

91 1814 93 23 Keform
209 1813 44 24 Bill
281 1813 128 31 yesterday,
445 1821 28 16 an
499 1813 150 24 acrimonious

92 1852 81 23 debate
183 1852 55 23 took
248 1852 69 30 place.
357 1852 38 22 Mr
413 1852 71 29 Berry
504 1852 96 23 insisted
619 1859 28 16 on

92 1889 148 29 maintaining
257 1888 40 24 the
323 1888 138 30 Assembly's
490 1890 76 22 terms.
614 1888 35 23 Sir

91 1926 92 24 Charles
194 1927 81 23 Sladen
285 1926 49 23 said
344 1926 39 23 the
393 1926 112 23 Council's
520 1925 129 23 ultimatum

91 1963 45 23 had
150 1964 53 29 only
213 1963 57 23 been
280 1970 61 16 come
355 1964 25 22 to
397 1962 57 23 after
470 1962 52 30 long
541 1962 95 23 delibera-

91 2001 111 29 tion.fand
221 2009 45 21 any
284 2001 120 29 departure
429 2000 58 23 from
501 2001 19 22 it
544 2008 46 15 was
609 2002 40 21 not

91 2038 73 29 likely
175 2040 23 21 to
209 2038 54 23 take
272 2038 62 30 place
344 2045 58 16 now.
442 2037 36 23 He
500 2037 81 22 denied
598 2037 51 22 that

91 2074 40 22 the
156 2073 93 23 Council
282 2073 75 23 would
384 2073 58 23 have
479 2072 107 30 accepted
612 2072 37 22 Mr

92 2111 108 22 Service's
209 2111 92 22 Keform
311 2110 51 23 Bill.

122 2149 26 22 In
167 2149 40 23 the
226 2149 112 29 assembly
364 2148 45 24 last
429 2148 72 30 night,
521 2148 37 23 Mr
578 2148 70 28 Berry

92 2188 64 22 made
171 2195 12 14 a
203 2188 122 22 statement
345 2187 133 29 concerning
497 2186 39 22 the
559 2186 89 23 Reform

92 2225 140 21 Conference.
278 2225 35 19 He
347 2224 47 21 aaid
429 2223 50 21 that
508 2223 57 21 after
585 2223 63 20 three

91 2259 90 30 sittings
192 2259 19 23 it
221 2258 45 24 had
276 2258 67 24 failed
353 2260 25 22 to
388 2258 64 31 bring
473 2258 70 24 about
560 2265 28 16 an
607 2265 27 15 un-

91 2296 146 31 derstanding
246 2298 101 22 between
357 2297 40 22 the
412 2298 45 21 two
475 2296 95 23 Houses.
601 2296 47 22 The

91 2334 144 32 proceedings
253 2334 74 25 would
348 2334 26 25 be
393 2334 96 32 printed,
510 2334 45 24 and
574 2333 74 26 would

90 2374 62 23 show
163 2374 51 23 that
225 2374 39 23 the
271 2373 117 29 Assembly
399 2373 40 22 has
449 2374 56 21 been
515 2372 100 28 justified
625 2372 23 22 in

90 2412 41 23 the
143 2420 77 15 course
232 2412 56 28 they
302 2411 44 23 had
368 2410 110 24 followed.
519 2409 37 24 He
574 2409 73 24 added

89 2450 52 22 that
151 2449 19 23 it
181 2457 44 15 was
235 2449 49 23 still
294 2456 57 23 open
361 2450 24 21 to
396 2449 39 22 the
446 2447 92 24 Council
552 2449 25 21 to
597 2447 50 30 give

91 2487 40 23 the
141 2487 90 23 Reform
241 2486 44 24 Bill
296 2486 88 24 further
393 2486 163 23 consideration
568 2485 80 30 during

90 2526 41 22 the
147 2524 129 30 fortnight's
295 2524 164 30 adjournment.
499 2524 37 22 Mr
555 2523 93 29 Murray

91 2563 74 23 Smith
176 2562 48 23 said
235 2562 28 23 he
278 2569 46 16 was
338 2561 100 30 justified
457 2561 24 22 in
501 2560 147 29 maintaining

89 2601 52 24 that
150 2600 80 23 liberal
240 2600 138 23 concessions
392 2599 81 23 should
492 2599 27 22 be
538 2597 65 24 made
622 2599 24 21 to

90 2639 39 23 the
139 2639 101 22 Council.

117 2675 24 23 It
150 2675 19 23 is
185 2674 137 23 understood
341 2674 51 22 that
409 2674 40 22 the
468 2672 82 23 debate
565 2680 28 15 on
605 2672 40 22 the

89 2712 82 22 second
181 2712 92 28 reading
283 2711 22 22 of
320 2712 38 21 the
371 2711 90 22 Reform
472 2710 44 22 Bill
531 2710 47 22 will
594 2709 53 23 take

89 2749 63 31 place
162 2748 24 25 in
200 2748 40 24 the
261 2748 134 30 Legislative
414 2747 92 24 Conncil
526 2747 65 23 when
608 2746 39 24 the

90 2788 77 23 House
177 2788 69 23 meets
256 2787 59 23 after
324 2786 40 23 the
374 2786 79 23 Easter
464 2793 78 16 recess.

119 2825 74 24 Sailed
203 2835 5 14 :
223 2825 76 23 Union
313 2825 61 23 Co.'s
388 2832 37 16 s.s.
437 2824 31 23 Te
478 2825 73 26 Anau,
564 2823 35 23 for
609 2823 38 23 the

89 2862 67 25 Bluff.

395 2922 101 28 Sydney,
509 2921 63 31 April
585 2921 33 24 13.

117 2960 47 22 The
175 2959 116 23 Wallsend
303 2959 114 28 Company
425 2959 23 22 of
457 2959 126 22 Newcastle
591 2959 57 22 have

90 2996 96 24 reduced
196 2997 60 23 their
266 2997 60 30 price
337 2998 23 22 to
371 2997 24 24 7s
405 3003 40 23 per
456 2998 39 21 ton
505 2996 33 23 for
549 2995 39 25 the
599 2996 49 23 btst

89 3034 54 23 coal.

118 3072 100 30 Samples
237 3072 23 23 of
277 3072 88 24 Boorok
386 3072 67 24 silver
473 3080 37 15 ore
525 3072 56 23 have
592 3071 55 24 been

89 3110 93 30 assayed
191 3110 23 23 in
225 3110 93 23 London
328 3111 56 23 with
394 3111 40 23 the
444 3110 82 24 results
537 3111 23 23 of
576 3112 70 26 13'16,

89 3148 50 28 535,
160 3147 45 24 and
225 3147 41 31 41|
285 3155 40 23 per
334 3150 58 21 cent,
405 3156 39 22 per
454 3150 46 21 ton.
529 3148 48 23 The
587 3155 61 16 news

90 3183 40 23 has
141 3183 81 23 caused
232 3192 60 15 some
302 3185 136 23 excitement
449 3185 23 22 in
482 3185 46 23 this
539 3185 93 29 Colony.

367 3260 127 29 Brisbane,
508 3261 66 30 April
585 3262 33 23 13.

117 3302 38 22 Mr
176 3303 145 28 M'llwraith,
345 3303 40 23 the
400 3304 105 28 Premier,
521 3304 127 29 telegraphs

90 3340 57 24 from
157 3340 94 24 London
261 3340 50 24 that
322 3341 28 23 he
360 3340 98 24 believes
468 3342 51 23 that
529 3342 29 22 he
568 3341 46 23 will
621 3342 27 23 be

88 3378 50 23 able
157 3380 25 20 to
201 3385 62 16 come
277 3380 24 20 to
313 3380 68 21 terms
392 3379 118 29 regarding
520 3378 39 23 the
569 3379 65 22 Trans-

88 3415 138 24 continental
245 3415 93 30 railway
355 3415 80 23 within
456 3423 13 16 a
479 3416 70 28 week,
563 3423 29 16 ou
609 3416 39 23 the

88 3453 61 23 basis
159 3454 23 22 of
193 3453 96 28 £IO,OOO
299 3453 34 23 for
340 3453 39 23 the
389 3453 104 24 Western
501 3454 44 23 and
553 3454 95 29 £12,000

88 3491 35 23 for
133 3491 39 23 the
183 3491 54 23 Gulf
247 3491 53 23 land
310 3499 40 22 per
365 3491 58 23 mile.

116 3530 38 22 Mr
164 3530 137 22 M'llwraith
313 3531 87 28 reports
412 3529 119 30 regarding
538 3530 40 22 the
588 3530 60 22 Steel

90 3568 62 24 Rails
179 3567 134 25 Committee
338 3567 50 23 that
415 3566 28 24 he
468 3567 40 23 has
527 3567 72 24 called
619 3575 29 16 no

87 3606 123 27 witnesses,
231 3613 25 14 as
276 3606 29 21 he
324 3605 19 22 is
363 3604 100 23 satisfied
482 3605 52 22 that
553 3606 35 22 his
599 3613 48 15 case

87 3639 40 24 has
147 3641 56 23 been
222 3639 85 32 proved
327 3640 30 30 by
376 3639 35 24 his
436 3639 144 25 adversaries.
611 3640 36 23 He

87 3679 53 24 sails
148 3681 55 22 next
213 3680 62 23 week
286 3686 29 17 on
327 3678 35 24 his
377 3680 78 22 return
470 3686 91 22 voyage.

378 3759 109 26 Albany,
502 3758 66 29 April
584 3759 32 23 13.

116 3796 94 24 Arrived
223 3806 5 14 :
254 3797 23 23 P.
312 3795 45 24 and
391 3796 25 22 O.
442 3795 58 23 Co.'s
524 3796 123 29 steamship

87 3834 101 28 Rosetta,
211 3834 55 23 with
287 3834 39 23 the
345 3832 87 24 inward
442 3832 56 23 Suez
508 3832 58 28 mail,
579 3832 68 23 dated

87 3870 99 26 London,
197 3870 79 22 March
292 3869 62 22 11th.

221 3939 291 27 INTERPROVINCIAL,

339 4001 143 26 Auckland,
499 3999 66 30 April
582 4000 32 22 14.

115 4037 48 21 The
178 4036 92 29 inquest
283 4043 24 14 re
321 4035 39 21 the
374 4035 40 20 fire
429 4034 74 21 which
526 4033 121 29 destroyed

88 4073 107 25 Irelands'
213 4075 96 29 tannery
330 4071 102 26 resulted
442 4072 23 24 in
474 4079 14 17 a
498 4071 88 25 verdict
595 4071 52 24 that

85 4114 41 21 the
145 4114 63 26 place
227 4119 46 15 was
292 4112 98 25 wilfully
410 4112 35 20 set
460 4111 40 21 fire
509 4112 25 20 to
545 4111 31 27 by
586 4118 61 14 some

86 4155 81 23 person
183 4155 28 15 or
226 4154 92 23 persorib
337 4146 124 22 unknown.
496 4146 48 22 The
559 4145 88 23 verdict

85 4185 41 25 has
146 4184 91 25 created
255 4191 61 17 some
335 4184 105 30 surprise,
461 4184 37 23 Mr
508 4184 26 24 G.
548 4183 96 28 Ireland,

85 4223 40 23 the
150 4222 99 24 resident
258 4221 132 30 proprietor,
403 4221 45 23 and
455 4218 39 26 Mr
501 4221 73 30 Roger
585 4220 59 30 Kay,

85 4268 103 21 manager
208 4260 23 22 of
250 4260 39 22 the
309 4258 81 29 works,
409 4259 56 23 both
482 4265 71 17 swore
562 4258 51 24 that
623 4259 24 22 in

85 4297 61 23 their
155 4297 91 28 opinion
256 4297 40 23 the
308 4297 38 21 fire
357 4303 45 16 was
416 4295 131 24 accidental.

711 188 37 22 Mr
758 189 70 27 Mills,
839 197 29 15 on
876 190 74 22 behalf
957 190 23 22 of
986 190 39 22 the
1032 190 76 22 Union
1115 188 122 28 Company,

683 225 39 22 has
737 226 49 22 sold
801 226 39 23 the
856 228 96 21 steamer
962 226 139 30 Wellington
1112 228 24 19 to
1147 224 93 29 Captain

682 263 124 29 MGregor,
826 271 75 14 owner
920 263 23 22 of
962 264 40 22 the
1021 263 89 22 various
1120 259 120 25 Auckland

682 300 114 29 steamers,
825 299 45 25 and
896 301 80 29 agreed
1000 301 25 23 to
1045 298 119 25 withdraw
1183 296 57 24 from

682 337 108 30 opposing
820 339 46 22 him
896 338 23 23 in
940 339 40 22 the
1004 337 87 28 Russel,
1114 336 123 28 Tauranga,

682 374 127 31 Wangarei,
826 376 46 23 and
882 376 49 29 Bay
943 376 23 23 of
976 375 88 24 Islands
1074 374 71 27 trade,
1158 372 80 29 except

682 411 55 22 with
747 412 55 22 such
813 414 107 21 steamers
930 419 24 16 as
964 419 28 20 go
1006 414 25 20 to
1045 411 57 22 coal.

711 448 112 29 Bowman,
836 449 39 23 the
886 449 111 29 engineer,
1009 449 51 22 who
1075 444 127 33 attempted
1215 445 25 23 to

682 487 91 23 commit
800 487 86 23 suicide
910 487 31 30 by
957 487 80 29 taking
1051 485 131 28 laudunum,
1200 484 40 22 has

682 525 55 22 been
756 525 102 22 arrested
877 532 28 16 on
925 525 40 23 the
984 525 81 29 charge
1080 523 46 23 and
1141 523 55 21 been
1207 527 22 16 re-

682 562 103 22 manded.

710 600 27 23 In
746 600 40 23 the
797 600 75 23 Police
882 601 70 23 Court
962 600 39 23 the
1012 598 142 32 prosecution
1164 598 30 28 by
1203 595 37 23 Mr

682 638 57 22 Rees
759 638 87 30 against
867 638 38 22 Mr
925 638 127 28 Wickham,
1074 637 23 22 of
1118 636 40 22 the
1171 635 5 12 '
1184 634 55 22 Free

681 674 90 27 Lance,'
791 675 34 21 for
845 674 60 28 libel,
919 682 43 15 was
975 673 124 30 proceeded
1110 672 62 23 with.
1202 670 38 22 Mr

682 711 26 22 G.
731 711 31 22 M.
784 711 62 22 Reed
866 718 45 15 was
931 711 40 22 the
980 710 110 30 principal
1100 709 91 22 witness
1202 714 25 15 ex-

681 748 97 23 amined.
809 748 37 22 He
866 748 96 29 deposed
983 748 28 23 he
1032 754 44 16 was
1086 746 40 23 the
1140 745 67 29 agent
1217 743 23 22 of

680 785 39 21 the
738 784 85 22 Belfast
833 784 155 28 Immigration
1007 782 98 23 referred
1126 784 24 20 to
1161 781 24 22 in
1195 780 40 22 the

680 821 84 28 article,
787 821 45 23 and
851 821 37 23 Mr
898 821 58 23 Rees
967 820 44 24 had
1021 828 68 15 never
1098 819 57 24 been
1165 818 74 29 guilty

680 858 23 22 of
714 858 38 22 the
764 857 99 23 conduct
870 858 102 29 imputed
983 859 24 21 to
1016 857 48 23 him
1074 857 23 22 in
1110 856 40 23 the
1160 854 79 23 article

681 896 56 21 with
769 896 87 26 respect
887 896 24 21 to
929 894 64 23 those
1013 894 147 28 immigrants.
1202 891 37 22 He

680 931 82 24 denied
790 931 51 22 that
870 931 38 22 Mr
929 931 57 22 Bees
1006 930 45 23 had
1070 928 126 31 attempted
1215 929 24 22 to

680 970 94 23 swindle
795 970 63 22 them
877 978 25 15 or
922 969 70 23 failed
1011 969 23 23 in
1054 969 35 23 his
1099 967 107 32 promises
1216 969 23 21 to

680 1009 70 27 them,
773 1016 24 14 or
816 1008 52 22 that
888 1007 39 23 the
945 1007 85 29 Judges
1040 1007 45 22 had
1095 1005 105 23 reflected
1210 1012 28 15 on

680 1047 37 22 Mr
736 1047 64 21 Rees,
835 1046 63 29 They
925 1045 45 23 had
988 1044 174 31 complimented
1181 1043 54 24 him,

680 1084 44 22 and
735 1085 39 21 the
788 1084 96 22 Natives
904 1084 45 21 had
968 1084 66 28 given
1051 1083 47 21 him
1107 1082 46 28 (Mr
1167 1080 70 26 Reed)

679 1126 128 15 assurances
827 1119 51 22 that
895 1118 38 22 Mr
958 1118 57 22 Rees
1026 1124 45 15 was
1086 1116 103 29 carrying
1199 1116 40 22 out

680 1157 59 24 their
749 1157 87 24 wishes.
868 1157 47 23 The
923 1164 50 16 case
983 1155 19 24 is
1013 1155 140 31 proceeding.

889 1225 192 27 Chkistchurch,
1098 1223 66 30 April
1176 1223 26 22 14

707 1264 34 22 On
760 1263 98 29 Sunday,
879 1263 43 23 five
940 1263 76 22 stacks
1043 1262 23 22 of
1086 1261 80 27 wheat,
1199 1260 39 22 the

680 1302 105 30 property
795 1301 23 23 of
828 1301 37 23 Mr
875 1300 60 23 John
945 1300 106 29 Murphy,
1073 1298 23 23 of
1110 1297 128 30 Buccleugh

679 1340 90 26 station,
787 1346 58 16 were
855 1338 121 29 destroyed
987 1338 31 28 by
1028 1338 46 22 fire.
1105 1337 64 28 They
1180 1343 58 16 were

679 1374 91 24 insured
780 1374 33 23 for
823 1375 67 23 £SOO.
919 1374 47 22 The
976 1373 72 28 origin
1058 1372 22 23 of
1101 1372 40 22 the
1156 1371 40 23 fire
1218 1371 19 22 is

679 1412 120 23 unknown.

971 1472 104 28 Timaru,
1093 1470 66 31 April
1175 1470 32 23 14.

708 1513 104 22 Between
823 1512 56 23 8000
888 1512 45 22 and
947 1512 55 22 9000
1013 1510 89 23 bushels
1114 1510 22 22 of
1154 1509 81 26 wheat,

679 1547 38 23 the
727 1548 107 28 property
844 1547 23 23 of
877 1547 84 22 Messrs
971 1545 76 24 Gould
1057 1545 45 23 and
1119 1545 116 26 Cameron,

679 1585 194 26 station-holders,
903 1583 141 30 Springfield,
1067 1590 53 15 near
1145 1581 87 23 Rakaia

679 1620 93 22 stacked
781 1619 70 30 ready
861 1620 34 22 for
905 1618 97 24 removal
1013 1626 28 14 on
1061 1618 40 22 the
1122 1615 116 25 Cairnbral

678 1657 91 29 railway
780 1657 83 23 station
873 1656 114 30 platform,
999 1663 54 16 near
1062 1655 93 27 Rakaia,
1177 1661 58 16 were

678 1694 120 29 destroyed
807 1694 31 29 by
848 1694 46 23 fire.
926 1694 47 23 The
983 1694 75 23 wheat
1069 1701 45 16 was
1129 1693 30 22 all
1176 1692 61 29 right

678 1740 28 15 on
716 1732 40 23 the
766 1732 116 23 afternoon
896 1732 22 23 of
927 1731 67 30 April
1009 1732 19 27 5,
1046 1731 42 23 but
1098 1732 56 22 next
1163 1736 59 17 morn-

677 1770 39 29 ing
734 1770 31 22 all
785 1778 44 14 was
850 1770 75 27 burnt,
947 1778 24 14 as
990 1769 50 23 well
1058 1777 24 15 as
1093 1770 39 22 the
1143 1767 91 23 station.

678 1808 47 22 The
735 1808 39 22 fire
784 1808 19 23 is
813 1807 112 31 supposed
934 1809 25 21 to
969 1807 28 23 be
1009 1808 39 22 the
1058 1806 62 24 work
1132 1806 23 23 of
1165 1813 29 15 an
1204 1805 30 28 in,

677 1846 113 29 cendiary.
818 1846 48 22 The
876 1846 74 22 wheat
961 1853 46 15 was
1021 1844 82 24 valued
1118 1846 25 21 at
1153 1844 79 28 £ISOO,

677 1884 45 23 and
739 1891 46 16 was
795 1884 93 23 covered
898 1884 30 27 by
939 1884 118 21 insurance
1065 1882 33 23 for
1110 1882 70 23 £BOO.

705 1971 143 28 MILTON
858 1968 290 31 EARTHENWARE
1162 1968 47 27 AT

720 2017 64 21 THE
795 2016 191 22 MELBOURNE
1002 2014 192 24 EXHIBITION.

706 2098 23 22 It
757 2099 61 23 must
843 2099 27 22 be
895 2105 56 23 very
970 2097 122 30 gratifying
1108 2098 25 22 to
1154 2097 83 22 Messrs

679 2136 85 23 Reeves
774 2136 44 24 and
833 2137 38 23 Co.
889 2138 24 21 to
922 2136 62 23 learn
995 2136 51 23 that
1056 2135 59 23 their
1134 2134 99 24 exhibits

678 2175 23 22 at
714 2173 40 24 the
767 2173 129 24 Melbourne
908 2172 124 24 exhibition
1042 2179 56 16 were
1105 2170 133 27 considered,

679 2211 87 26 worthy
778 2220 17 12 (.•
811 2211 64 26 being
883 2210 84 28 judged
983 2211 23 19 in
1017 2210 37 20 the
1065 2216 60 14 same
1145 2208 56 21 class
1213 2214 22 14 as

678 2246 64 22 those
751 2246 22 22 of
783 2246 40 22 the
847 2246 74 22 oldest
940 2246 118 28 European
1075 2243 113 30 potteries,
1213 2250 23 15 as

678 2291 32 15 we
720 2284 47 21 find
777 2284 22 21 in
810 2284 39 21 the
861 2282 39 24 list
910 2283 23 22 of
943 2283 85 22 awards
1037 2282 23 23 of
1069 2282 112 29 porcelain
1192 2281 43 22 and

677 2321 151 23 earthenware
839 2321 40 22 the
889 2320 77 23 fourth
978 2320 64 23 order
1063 2320 22 23 of
1102 2320 66 22 merit
1190 2326 44 16 was

677 2359 101 21 awarded
790 2360 23 20 to
825 2358 82 22 Messrs
919 2358 85 22 Reeves
1014 2357 44 23 and
1066 2357 46 27 Co.,
1126 2356 104 23 Dunedin

677 2395 125 30 Elbogener
825 2395 114 22 Porcelain
959 2395 116 29 Company
1092 2394 23 22 of
1136 2394 98 29 E'logen,

677 2432 99 27 Austria,
797 2432 76 23 whilst
900 2433 40 22 the
969 2432 144 23 well-known
1146 2432 49 22 firm
1214 2430 23 23 of

677 2470 89 28 Pinder,
775 2470 100 29 Browne,
887 2470 45 23 and
942 2470 38 23 Co.
991 2469 44 24 and
1051 2470 78 28 Banes,
1149 2468 84 28 Gilder,

677 2508 45 23 and
734 2508 49 28 Co.,
799 2508 23 23 of
836 2508 101 30 England
947 2526 6 10 ,
974 2515 59 16 were
1053 2507 104 24 awarded
1173 2507 62 23 third

677 2546 64 23 order
748 2546 23 22 of
795 2547 72 22 merit.
909 2546 42 23 We
962 2546 94 29 ('Daily
1069 2545 90 28 Times')
1179 2552 57 15 were

675 2581 64 30 quite
767 2581 109 30 prepared
895 2583 24 21 to
939 2582 61 23 learn
1020 2583 49 21 thst
1086 2582 35 22 for
1136 2579 100 25 Colonial

676 2620 90 28 pottery
776 2619 41 23 the
835 2619 84 23 Milton
938 2620 75 22 works
1030 2619 75 24 would
1122 2619 54 23 take
1195 2619 40 22 the

676 2656 66 30 palm,
755 2664 24 15 as
800 2656 39 23 the
859 2657 117 23 Victorian
996 2665 79 22 papers
1095 2656 98 24 referred
1212 2658 23 21 to

677 2693 62 21 these
759 2693 116 22 exhibited
890 2700 24 15 as
935 2693 66 29 being
1019 2694 39 21 the
1076 2693 50 22 best
1136 2692 100 23 Colonial

677 2727 157 28 earthenware,
853 2727 43 24 but
906 2736 33 15 we
949 2727 40 24 did
1000 2730 39 21 not
1059 2728 67 22 think
1147 2729 24 21 at
1190 2727 46 23 this

676 2764 61 30 early
748 2766 62 28 stage
819 2765 23 23 of
850 2766 39 22 the
910 2767 90 28 pottery
1020 2765 106 29 industry
1146 2765 23 22 in
1189 2764 46 23 this

677 2802 85 30 Colony
773 2803 50 23 that
830 2811 45 21 any
883 2811 58 16 ware
952 2804 66 23 could
1025 2804 26 23 be
1060 2802 114 32 produced
1184 2802 51 23 that

677 2841 66 22 could
753 2842 24 21 at
788 2841 31 22 all
838 2842 52 22 bear
900 2841 139 29 comparison
1049 2842 57 22 with
1116 2841 117 29 European

677 2878 172 23 manufactures.
887 2879 128 29 According
1030 2881 24 20 to
1072 2879 46 22 this
1134 2877 103 23 award—

676 2915 126 31 theirbeing
809 2923 28 17 no
844 2917 119 23 American
970 2916 23 24 of
1000 2915 131 25 Australian
1140 2915 96 24 exhibits

676 2954 130 22 mentioned
814 2961 33 15 we
855 2961 51 22 may
915 2954 70 29 safely
993 2961 87 16 assume
1091 2954 50 22 that
1152 2954 84 22 Messrs

677 2988 85 24 Reeves
771 2988 45 24 and
824 2989 38 24 Co.
873 2989 47 24 will
938 2990 28 23 be
984 2989 103 24 awarded
1109 2989 50 24 first
1178 2988 59 31 prize

676 3027 34 22 for
724 3027 101 23 Colonial
832 3027 159 24 earthenware.
1025 3027 40 23 We
1081 3027 154 30 congratulate

677 3064 83 24 Messrs
771 3065 85 24 Reeves
866 3065 46 24 and
922 3066 46 28 Co.,
978 3065 45 24 and
1038 3065 86 30 predict
1142 3073 13 16 a
1176 3072 48 23 pros-

676 3109 81 23 perous
767 3103 75 23 future
853 3103 34 23 for
901 3104 40 22 the
955 3103 83 23 Milton
1048 3103 102 29 Pottery.

677 3192 247 27 COMMERCIAL
951 3192 280 27 INTELLIGENCE.

757 3277 143 23 DUNEDIN
915 3279 97 22 STOCK
1027 3277 128 23 REPORT.

705 3335 82 24 Messrs
797 3336 99 30 Wright,
913 3336 147 30 Stephenson,
1078 3336 18 25 &
1106 3336 38 25 Co.
1161 3336 74 30 report

677 3371 34 23 for
720 3371 40 23 the
771 3372 151 29 weekending
934 3373 52 23 13th
997 3373 64 29 April
1069 3381 24 15 as
1103 3373 85 22 follows
1200 3380 33 14 :

705 3407 42 23 Fat
757 3408 135 24 Cattle.-—A
912 3409 42 23 fair
974 3410 82 29 supply
1076 3416 46 16 was
1141 3407 91 31 yarded,

677 3445 41 27 viz,
734 3446 40 24 175
790 3446 64 28 head,
877 3447 82 30 chieily
980 3448 22 22 of
1020 3448 99 22 medium
1138 3446 94 31 quality.

677 3483 43 22 For
730 3483 70 29 prime
811 3483 56 28 beef,
880 3491 28 16 an
923 3484 99 24 advance
1032 3493 29 15 on
1077 3487 77 21 recent
1174 3486 60 21 rates

677 3528 45 15 was
732 3521 112 27 obtained,
858 3523 40 20 but
908 3522 72 28 prices
990 3523 35 22 for
1035 3523 92 22 inferior
1147 3521 88 30 quality

677 3558 89 24 showed
779 3566 28 16 no
818 3559 169 30 improvement.
1019 3561 42 23 We
1072 3560 49 23 sold
1132 3561 27 24 73
1169 3559 64 24 head.

677 3596 43 22 We
729 3599 69 26 quote
808 3597 71 27 prime
898 3598 50 21 beef
967 3600 23 20 at
1007 3599 40 23 23s
1058 3606 39 21 per
1108 3599 64 22 1001b
1181 3605 6 19 ;
1202 3597 22 22 in-

676 3630 67 22 ferior
773 3630 45 23 and
842 3630 104 29 medium,
975 3633 46 22 20s.
1076 3632 116 29 Privately
1212 3632 23 21 at

675 3668 129 30 quotations
814 3676 34 15 we
858 3670 57 23 have
926 3669 78 31 placed
1015 3671 41 23 112
1065 3669 64 29 head,
1142 3669 45 24 and
1203 3668 32 30 by

675 3703 90 23 auction
775 3706 24 20 at
821 3703 106 25 Windsor
938 3706 61 22 Park
1009 3713 30 15 on
1049 3706 83 29 Friday
1143 3706 44 22 last
1202 3712 33 15 we

675 3740 49 23 sold
734 3740 28 23 84
772 3740 70 30 prime
853 3740 101 24 bullocks
964 3743 24 23 at
998 3742 58 24 from
1065 3743 31 23 £6
1107 3744 24 22 to
1141 3742 46 24 £lO
1196 3748 39 23 per

675 3777 64 22 head.

703 3815 42 24 Fat
755 3814 132 32 Sheep.—A
898 3824 55 23 very
962 3817 64 25 short
1045 3817 83 32 supply
1138 3825 62 16 came
1210 3818 25 23 to

675 3853 60 23 hand
745 3853 86 30 to-day,
844 3855 52 28 only
909 3856 60 27 1272,
990 3857 31 22 all
1036 3857 23 22 of
1079 3857 62 22 them
1161 3863 62 16 cross-

675 3891 72 26 breds,
759 3890 67 31 being
840 3892 95 29 penned.
977 3893 75 23 Prices
1071 3892 163 31 consequently

675 3928 116 29 improved
801 3930 24 21 to
835 3929 39 23 the
885 3931 78 21 extent
980 3931 23 22 of
1022 3938 40 21 say
1083 3939 42 15 one
1144 3931 91 28 shilling

677 3974 40 21 per
726 3966 57 23 head
794 3973 53 16 over
857 3967 44 22 last
912 3968 82 23 week's
1013 3970 137 28 quotations.
1191 3968 44 24 We

675 4002 49 23 sold
734 4003 47 24 617.
815 4003 41 22 We
866 4006 68 26 quote
945 4004 71 29 prime
1026 4008 90 20 mutton
1136 4007 24 21 at
1178 4005 57 28 fully

675 4039 44 28 2sd
729 4046 39 21 per
778 4039 30 21 lb.

703 4076 42 25 Fat
755 4076 261 33 Lambs.—Forty-eight
1027 4079 93 30 penned,
1132 4079 42 25 and
1187 4078 49 26 sold

675 4118 24 19 at
708 4123 31 21 up
749 4119 25 18 to
788 4117 25 20 8s
823 4116 36 21 9d.

703 4149 43 21 Fat
769 4149 249 28 Pigs.—Ninety-eight
1037 4150 105 23 forward.
1192 4151 43 21 We

675 4184 49 23 sold
733 4184 28 24 49
771 4185 24 22 at
804 4184 57 23 from
872 4185 38 23 21s
920 4186 24 22 to
958 4185 39 23 46s
1017 4185 62 28 each,
1102 4185 45 23 and
1166 4186 69 30 quote

675 4222 71 30 prime
755 4222 58 30 pork
822 4224 24 22 at
856 4222 30 23 4d
896 4230 40 23 per
945 4222 31 24 lb.

703 4258 64 23 Store
795 4258 158 30 Sheep.—The
986 4258 97 23 demand
1116 4258 34 23 for
1175 4258 56 23 both

675 4295 96 22 merinos
781 4295 45 22 and
846 4295 127 22 crossbreds
983 4295 117 22 continues
1112 4293 121 24 unabated.

1270 184 33 23 At
1312 186 88 22 auction
1415 186 44 23 and
1473 187 112 29 privately
1604 188 80 28 during
1700 187 40 23 the
1759 186 63 23 week

1271 226 33 15 we
1312 220 57 23 have
1378 221 49 22 sold
1436 222 55 22 2145
1510 229 37 15 cro
1558 222 67 22 sbred
1644 229 58 16 ewes
1718 221 46 22 and
1777 221 42 24 400

1270 257 110 22 crossbred
1404 257 72 23 lambs
1494 266 5 18 ;
1524 266 13 14 a
1557 265 13 15 o
1599 259 41 23 814
1660 257 160 24 fall-mouthed

1270 294 82 24 merino
1369 302 63 18 ewes.
1470 295 34 25 On
1524 295 110 32 Tuesday,
1650 295 55 25 26th
1721 297 61 27 inst.,
1796 296 25 23 at

1270 330 96 28 Outram,
1392 339 34 16 we
1440 332 58 23 shall
1512 331 56 24 offer
1583 332 35 23 for
1631 332 46 24 sale
1695 333 56 23 4000
1769 332 44 23 full-

1269 368 106 23 mouthed
1384 368 83 24 merino
1477 375 58 17 ewes
1545 369 22 22 in
1577 369 58 30 good
1644 369 122 24 condition.

1297 405 99 30 Country
1406 406 134 23 Sales.—On
1549 407 118 29 Thursday
1677 407 44 23 last
1726 414 35 16 we
1770 406 54 23 held

1269 448 41 16 onr
1318 442 103 31 monthly
1430 442 47 24 sale
1487 444 24 22 at
1521 442 145 25 Palmerston.
1696 443 72 24 There
1777 449 45 17 was

1269 484 14 17 a
1300 478 57 30 good
1376 478 97 24 demand
1491 478 35 24 for
1545 478 33 24 fat
1597 479 45 24 and
1660 480 59 23 store
1738 480 85 29 sheep;

1269 523 66 21 every
1349 516 33 23 lot
1401 516 83 23 offered
1501 516 70 23 found
1591 517 130 28 purchasers
1738 518 24 21 at
1780 516 44 23 full

1269 554 64 23 rates.
1380 553 44 24 We
1432 553 49 24 sold
1490 553 42 24 496
1542 553 33 24 fat
1585 553 115 24 crossbred
1710 561 58 16 ewes
1777 553 45 24 and

1269 591 94 23 wethers
1374 591 95 30 (prime),
1481 592 24 22 at
1517 591 37 22 lis
1571 590 43 29 9d;
1629 591 39 23 121
1691 592 60 22 store
1770 590 41 24 full-

1269 627 105 23 mouthed
1388 628 84 22 merino
1492 635 63 19 ewes,
1570 629 24 21 at
1603 629 25 22 4s
1638 628 45 27 9d;
1698 628 41 24 140
1749 628 36 27 do,
1799 629 24 21 at

1268 668 25 22 4s
1304 676 5 20 ;
1322 669 40 22 343
1372 668 35 28 do,
1419 669 25 22 at
1458 669 39 27 3s;
1511 668 42 24 210
1573 668 34 26 do,
1629 669 25 22 at
1672 669 25 22 2s
1718 668 45 28 9d;
1777 667 45 23 and

1270 706 39 22 122
1319 707 59 20 store
1387 706 117 22 crossbred
1513 713 64 19 ewes,
1589 708 24 19 at
1620 707 24 21 8s
1655 706 36 22 6d.
1723 705 43 22 We
1776 704 46 23 also

1268 741 48 23 sold
1326 742 27 22 30
1363 741 57 22 head
1429 740 76 23 mixed
1515 740 69 23 cattle
1593 742 24 21 at
1626 741 57 22 from
1692 740 40 23 33s
1750 739 29 24 6d
1799 741 24 21 to

1268 779 30 23 £5
1309 779 31 27 ss,
1352 778 45 24 and
1406 777 85 24 several
1501 778 76 22 horses
1586 779 24 21 at
1624 778 57 22 from
1691 778 30 23 £5
1731 779 24 21 to
1765 777 55 27 £3O,

1268 816 39 24 the
1321 816 68 24 latter
1398 815 60 30 price
1469 815 35 23 for
1514 822 13 16 a
1540 814 174 30 three-year-old
1726 814 97 29 draught

1267 852 54 30 filly.
1365 852 34 23 On
1418 851 90 29 Friday,
1523 851 41 24 Bth
1574 850 91 29 instant,
1678 852 24 21 at
1712 849 106 24 Windsor

1268 887 60 24 Park
1337 888 85 26 Estate,
1435 894 54 15 near
1507 887 101 26 Oamaru,
1629 894 33 15 we
1677 885 53 23 held
1744 892 28 16 an
1782 885 27 23 im-

1269 925 88 30 portant
1367 923 97 30 clearing
1473 923 45 23 sale
1535 923 24 22 of
1575 923 83 27 horses,
1681 922 75 28 cattle,
1778 922 44 22 and

1268 963 74 29 sheep,
1364 970 28 16 on
1402 963 94 23 account
1506 961 23 24 of
1538 960 98 25 Edward
1646 960 110 30 Menlove,
1768 960 56 31 Esq.

1268 1002 71 22 There
1350 1008 44 15 wai
1406 1008 13 15 a
1429 1000 60 30 large
1499 998 133 25 attendance
1643 999 22 23 of
1675 998 81 30 buyers
1766 998 58 23 from

1267 1038 31 24 all
1308 1040 61 28 parts
1384 1038 24 23 of
1417 1038 39 23 the
1470 1037 97 27 district,
1580 1045 24 15 as
1615 1036 50 24 well
1676 1044 24 15 as
1707 1044 13 15 a
1731 1036 94 23 number

1268 1077 56 22 from
1334 1077 39 22 the
1383 1075 80 28 Taieri,
1477 1075 133 26 Southland,
1628 1075 141 28 Canterbury
1780 1073 45 23 and

1268 1113 104 23 Hawke's
1392 1113 56 28 Bay.
1498 1112 43 22 For
1557 1111 40 22 the
1617 1111 34 22 fat
1667 1111 76 26 cattle,
1765 1112 60 21 store

1267 1150 74 31 sheep,
1354 1150 44 24 and
1408 1150 39 23 the
1457 1149 98 30 draught
1564 1148 101 31 geldings
1673 1148 44 23 aud
1727 1155 13 16 a
1751 1147 42 24 few
1803 1147 23 24 of

1267 1190 39 23 the
1316 1191 49 21 best
1371 1196 79 20 mares,
1459 1190 65 21 there
1532 1195 45 15 was
1585 1196 12 13 a
1605 1187 57 29 good
1671 1187 154 29 competition;

1267 1226 41 24 but
1318 1226 34 23 for
1361 1226 40 23 the
1420 1232 55 23 pure
1491 1224 77 28 cattle,
1591 1224 44 23 and
1653 1223 55 24 stud
1728 1223 94 23 Lincoln

1267 1272 57 15 rams
1335 1264 45 23 and
1389 1271 66 20 ewes,
1467 1263 83 28 buyers
1566 1270 58 15 were
1634 1263 24 21 at
1677 1270 13 15 a
1709 1261 111 23 discount.

1267 1302 47 23 The
1324 1301 65 24 stock
1399 1308 59 16 were
1468 1299 31 24 all
1506 1300 24 23 in
1539 1299 104 31 splendid
1651 1298 122 29 condition,
1782 1298 44 24 and

1267 1339 39 23 the
1319 1345 75 22 young
1403 1337 99 29 draught
1598 1339 45 19 and
1660 1335 66 23 fillies
1745 1335 23 23 of
1787 1335 39 23 the

1267 1374 102 24 vendor's
1381 1381 50 16 own
1441 1372 108 30 breeding
1559 1379 59 16 were
1633 1372 67 23 much
1715 1371 109 24 admired.

1267 1412 47 23 The
1323 1411 115 30 following
1448 1411 19 23 is
1477 1418 14 15 a
1502 1410 40 23 list
1561 1409 23 24 of
1603 1409 39 24 the
1651 1409 67 24 stock
1733 1408 50 24 sold
1793 1417 33 15 :

1267 1449 28 24 84
1305 1448 70 30 prime
1385 1447 121 24 shorthorn
1517 1446 108 28 bullocks,
1638 1447 25 22 at
1676 1445 57 24 from
1752 1446 31 24 £9
1801 1447 25 22 to

1268 1486 60 29 £10;
1342 1486 43 25 790
1396 1484 161 25 full-mouthed
1568 1484 13 31 f
1582 1484 56 24 bred
1648 1484 94 24 Lincoln
1759 1491 64 22 ewes,

1267 1527 24 21 at
1301 1525 23 22 9s
1335 1525 29 21 9d
1373 1532 7 19 ;
1395 1524 42 24 370
1447 1522 161 24 full-mouthed
1623 1522 92 23 Lincoln
1730 1529 57 16 ewes
1801 1523 24 21 at

1269 1563 36 22 lis
1317 1570 6 20 ;
1338 1562 42 23 240
1389 1560 51 23 four
1450 1560 45 23 and
1505 1559 110 24 six-tooth
1630 1558 116 24 crossbred
1766 1565 57 16 ewes

1267 1602 24 21 at
1298 1601 24 21 8s
1333 1600 38 26 9J;
1381 1598 44 23 and
1434 1598 42 24 417
1487 1598 70 21 lambs
1567 1599 24 20 at
1601 1598 24 21 6s
1636 1597 28 22 9d
1674 1604 7 19 ;
1695 1597 28 22 32
1737 1596 48 29 pigs
1800 1597 25 21 at

1267 1637 57 23 from
1333 1637 38 23 34s
1382 1638 24 21 to
1417 1636 45 28 60s,
1475 1635 44 23 and
1538 1635 64 23 three
1622 1642 76 22 young
1718 1635 64 22 boars
1800 1635 24 21 at

1267 1677 57 22 from
1333 1675 28 29 4£
1368 1675 91 30 guineas
1470 1676 23 22 to
1502 1675 12 24 7
1523 1674 90 30 guineas
1622 1673 69 28 each;
1700 1674 26 22 19
1733 1673 78 29 Clydes-

1269 1713 48 23 dale
1337 1712 69 24 brood
1424 1719 72 16 mares
1516 1713 24 21 at
1554 1712 56 22 from
1620 1712 26 23 27
1657 1712 91 29 guineas
1758 1713 24 20 to
1796 1710 26 22 41

1267 1751 96 30 guineas,
1372 1750 45 24 and
1427 1757 41 17 one
1480 1750 48 28 (the
1545 1756 60 16 mare
1622 1748 103 24 PriDcess
1736 1748 82 30 Mary),

1267 1787 78 22 Prince
1371 1786 95 27 Charlie,
1499 1787 24 21 at
1555 1785 39 22 145
1621 1785 105 29 guineas;
1756 1791 67 16 seven

1268 1823 131 31 Clydesdale
1418 1823 101 31 geldings
1548 1822 58 29 (four
1627 1821 43 25 aud
1695 1821 43 25 five
1758 1829 64 23 years

1267 1863 45 27 old)
1324 1864 25 21 at
1357 1862 58 22 from
1424 1861 41 28 29£
1474 1861 91 30 guineas
1576 1862 23 21 to
1609 1861 26 21 41
1656 1860 97 29 guineas,
1775 1859 45 23 and

1267 1899 64 25 three
1341 1898 173 31 three-year-old
1524 1898 56 24 colts
1590 1900 24 21 at
1624 1898 57 22 from
1691 1898 27 22 21
1729 1897 91 30 guineas

1268 1940 23 20 to
1302 1939 28 21 30
1340 1938 98 28 guineas.
1477 1937 48 21 The
1540 1936 108 28 principal
1658 1936 131 28 purchasers
1799 1935 23 21 of

1268 1973 39 24 the
1318 1971 132 31 Clydesdale
1461 1971 65 24 stock
1535 1978 56 16 were
1599 1971 84 22 Messrs
1691 1971 22 21 A
1721 1969 101 27 M'Lean,

1268 2008 105 24 Hawke's
1392 2009 48 28 Bay
1451 2016 7 18 ;
1483 2007 75 23 James
1578 2006 83 27 Shand,
1683 2006 90 27 Taieri;
1798 2006 26 21 M

1268 2045 138 27 Studholme,
1429 2044 111 22 Waimate
1553 2052 5 18 ;
1582 2043 44 23 and
1643 2043 20 23 G
1684 2043 135 27 Hutchison,

1267 2084 125 29 Nagapara.

1294 2122 93 22 Horses.
1388 2120 100 23 —There
1505 2119 19 23 is
1541 2127 29 15 no
1591 2120 62 29 great
1672 2118 96 23 demand
1787 2118 35 23 for

1265 2159 73 29 heavy
1354 2158 122 29 draughts;
1491 2165 13 15 a
1531 2157 42 23 fair
1594 2155 96 32 inquiry,
1714 2157 107 24 however,

1267 2195 67 20 exists
1347 2194 33 20 for
1396 2193 57 28 good
1465 2192 136 28 upstaudiDg
1611 2191 77 22 saddle
1702 2190 43 23 and
1756 2191 55 28 light-

1265 2232 90 20 harness
1365 2230 83 21 horses.
1479 2228 48 22 The
1535 2228 45 22 sale
1588 2228 23 21 of
1617 2228 37 21 Mr
1663 2227 59 22 John
1732 2227 88 29 Qrigg's

1265 2266 132 30 Longbeach
1407 2266 83 27 horses,
1507 2265 129 23 advertised
1654 2265 34 23 for
1707 2264 112 30 Saturday

1264 2305 55 28 first,
1333 2305 40 23 has
1383 2303 56 24 been
1450 2303 140 24 withdrawn.
1632 2303 41 23 We
1683 2304 68 29 quote
1761 2301 48 24 first-

1265 2344 56 23 class
1331 2342 109 29 draughts
1453 2343 23 23 at
1486 2341 57 25 from
1552 2341 45 25 £3O
1608 2343 23 21 to
1641 2341 59 28 £4O;
1716 2340 102 29 medium,

1265 2383 44 21 £lB
1323 2383 25 21 to
1368 2381 60 26 £25;
1443 2380 57 29 good
1519 2380 69 22 hacks
1603 2380 44 22 and
1664 2379 160 29 light-harness

1265 2419 82 28 horses,
1357 2419 47 23 £l6
1415 2420 23 22 to
1448 2419 59 27 £25;
1522 2417 58 29 light
1590 2417 44 23 and
1644 2416 96 28 inferior,
1754 2417 33 23 £3
1798 2417 24 22 to

1266 2456 39 23 £B.

1293 2491 216 32 Sheepskins.—We
1519 2490 54 24 held
1584 2498 40 16 our
1634 2490 88 30 weekly
1738 2490 46 23 sale
1795 2498 28 15 on

1265 2531 98 29 Monday
1373 2531 50 22 last.
1460 2530 72 22 There
1543 2537 44 15 was
1598 2537 13 14 a
1621 2528 57 30 good
1688 2529 135 22 attendance

1264 2569 22 23 of
1296 2569 39 22 the
1345 2568 71 28 trade,
1429 2568 45 22 and
1481 2568 62 22 brisk
1554 2566 145 30 competition
1710 2566 34 23 for
1752 2573 68 22 every

1263 2605 33 24 lot
1315 2605 89 22 offered.
1448 2604 116 23 Butchers'
1583 2603 126 23 crossbreds
1730 2601 90 24 fetched

1263 2641 56 23 from
1329 2641 24 22 2s
1359 2641 28 21 4i
1396 2641 24 22 to
1430 2641 24 23 Zi
1466 2639 56 28 lOd;
1538 2639 89 27 merino,
1639 2639 24 22 Is
1672 2637 30 24 8d
1709 2639 24 21 to
1741 2639 25 22 2s
1774 2637 29 25 7d
1814 2645 6 20 ;

1264 2678 83 23 station
1357 2677 63 23 skius
1431 2676 170 30 (full-woolled),
1618 2676 56 22 from
1684 2676 25 22 4s
1720 2675 28 23 Id
1758 2677 24 21 to
1791 2676 26 22 5a

1265 2713 29 23 8d
1303 2721 6 19 ;
1324 2712 130 28 lambskins,
1467 2719 31 22 np
1508 2714 24 20 to
1544 2712 31 23 3s.

1293 2747 70 24 Hides
1383 2748 107 23 continue
1509 2754 81 21 scarce,
1603 2745 44 25 and
1674 2754 36 16 are
1737 2744 85 31 readily

1265 2786 94 25 saleable
1370 2788 24 21 at
1401 2786 135 31 quotations.
1568 2785 64 24 Since
1643 2792 40 16 our
1693 2785 44 23 last
1747 2785 75 29 report

1265 2831 32 15 we
1306 2823 57 23 have
1373 2823 49 22 sold
1433 2823 38 23 191
1484 2825 24 21 at
1519 2822 71 29 prices
1601 2822 65 29 equal
1680 2823 23 21 to
1719 2820 45 24 4H
1783 2827 40 23 per

1264 2860 24 23 lb
1297 2860 34 23 for
1341 2859 98 23 medium
1456 2860 102 28 weights,
1580 2859 43 23 and
1643 2859 27 27 4£
1678 2858 9 23 1
1707 2858 34 23 for
1750 2858 73 28 heavy

1265 2897 99 29 weights.

1291 2933 164 25 Tallow.—We
1466 2933 39 23 did
1517 2935 39 21 not
1563 2933 41 23 sell
1610 2941 45 21 any
1662 2933 46 23 this
1717 2931 68 25 week,

1373 3008 63 24 THE
1453 3009 100 23 GRAIN
1571 3008 139 23 MARKET.

1292 3069 37 24 Mr
1348 3069 89 24 Donald
1456 3070 109 23 Sfcronach
1590 3070 86 29 reports
1686 3067 134 25 :—Wheat:

1265 3107 94 25 Holders
1378 3115 84 23 appear
1481 3107 44 24 less
1547 3107 85 30 willing
1651 3109 25 21 to
1695 3108 59 22 meet
1773 3113 38 16 con-

1265 3145 89 25 sumers'
1366 3145 62 23 ideas
1439 3145 56 23 than
1504 3144 57 31 they
1572 3152 59 16 were
1641 3152 13 16 a
1664 3144 64 24 week
1737 3151 26 17 or
1777 3145 46 22 two

1265 3185 59 23 since
1336 3191 7 20 ;
1357 3183 45 23 and
1421 3191 25 15 as
1465 3184 41 22 the
1522 3184 69 22 latter
1610 3191 38 15 are
1663 3182 127 30 indisposed
1799 3183 24 22 to

1265 3222 103 28 advance,
1390 3221 101 24 business
1512 3221 40 24 has
1572 3220 57 24 been
1649 3220 124 24 somewhat
1790 3226 22 17 re-

1265 3259 99 24 stricted.
1393 3259 43 23 We
1455 3260 83 22 cannot
1557 3259 24 23 in
1602 3259 40 23 the
1657 3258 120 24 meantime
1787 3257 24 24 ad-

1266 3301 67 17 vance
1352 3300 30 16 on
1392 3301 40 15 our
1442 3294 131 29 quotations
1583 3294 24 22 in
1617 3294 39 22 the
1666 3294 45 22 last
1720 3294 103 28 report—

1265 3331 94 30 namely,
1371 3330 71 31 prime
1451 3330 94 31 milling,
1558 3331 25 24 3s
1593 3331 29 23 9d
1631 3332 24 22 to
1665 3330 25 24 3s
1707 3328 42 26 lOd
1759 3337 7 20 ;
1780 3328 43 24 fair

1267 3372 24 21 to
1311 3369 62 30 good,
1386 3370 25 22 3s
1421 3369 30 23 6d
1460 3370 24 22 to
1494 3370 25 22 3s
1529 3369 30 23 8d
1569 3377 7 19 ;
1590 3369 54 23 fowl
1664 3368 49 23 feed
1723 3368 25 23 2i
1759 3366 30 24 3d
1799 3368 24 21 to

1265 3408 25 23 3s
1309 3413 39 23 per
1367 3405 88 24 bushel.
1495 3406 56 23 Oats
1575 3413 38 16 are
1632 3406 24 22 in
1675 3402 148 26 considerable

1267 3443 104 28 demand,
1387 3443 45 23 and
1443 3443 30 23 all
1487 3443 89 30 coming
1585 3442 97 24 forward
1691 3449 37 17 are
1737 3440 86 29 readily

1265 3481 77 32 placed
1361 3482 24 22 at
1404 3480 47 24 late
1470 3481 67 27 rates,
1554 3488 40 21 say
1606 3481 23 23 Is
1640 3480 29 24 6d
1679 3481 23 22 to
1714 3480 23 22 Is
1747 3478 30 26 7d
1787 3478 35 22 for

1264 3517 58 32 good
1340 3516 51 24 feed
1409 3518 56 22 oats.
1495 3516 90 30 Milling
1606 3516 76 24 would
1705 3513 117 26 command

1266 3556 23 21 Is
1309 3553 28 24 8d
1357 3554 25 21 to
1402 3553 23 22 Is
1445 3553 33 27 Bk,
1498 3554 42 22 but
1550 3553 64 22 there
1625 3553 18 22 is
1653 3560 57 16 none
1721 3551 99 29 offering.

1265 3591 81 28 Barley
1357 3598 5 15 :
1377 3589 37 23 No
1423 3590 86 28 change
1518 3591 25 21 to
1558 3591 83 27 report.

1294 3627 82 22 Messrs
1386 3625 92 30 Wright
1484 3625 140 30 Stephenson
1634 3625 45 23 and
1685 3625 39 22 Co.
1732 3624 92 29 report:

1266 3665 98 25 Wheat:
1379 3663 72 24 There
1459 3663 19 24 is
1486 3665 41 22 not
1533 3663 67 25 much
1606 3663 99 31 offering,
1716 3660 108 31 although

1267 3703 71 30 prices
1348 3701 105 23 continue
1463 3701 51 23 firm
1524 3703 24 21 at
1558 3702 46 22 late
1613 3701 137 30 quotations.
1781 3698 43 23 We

1265 3742 68 29 quote
1352 3738 70 31 prime
1443 3738 88 30 milling
1550 3740 24 21 at
1591 3739 25 23 3s
1628 3738 42 24 lOd
1680 3745 39 23 per
1728 3735 96 28 bushel;

1265 3778 104 27 ordinary
1388 3777 25 21 to
1434 3775 64 29 good,
1520 3776 25 22 33
1565 3775 30 24 6d
1614 3777 24 21 to
1661 3776 24 23 3s
1696 3775 29 23 9d
1736 3782 7 20 ;
1753 3773 71 23 fowl's

1265 3815 80 28 wheat,
1357 3814 24 23 2s
1391 3812 29 25 3d
1431 3815 23 21 to
1465 3813 25 24 2s
1501 3813 49 25 10d.
1581 3813 56 24 Oats
1646 3813 105 24 continue
1761 3813 24 22 to
1796 3811 27 23 be

1264 3852 102 31 inquired
1376 3852 40 27 for,
1428 3851 35 23 for
1473 3851 121 30 shipment.
1625 3852 75 23 Prices
1710 3858 37 16 are
1756 3849 68 24 much

1265 3890 39 23 the
1314 3895 59 17 same
1383 3894 23 16 as
1414 3886 44 23 last
1466 3886 64 24 week
1531 3894 68 22 —say
1608 3887 34 23 for
1651 3887 70 30 prime
1727 3885 93 29 milling,

1266 3926 24 23 Is
1308 3924 29 23 9d
1349 3931 7 20 ;
1370 3922 57 31 good
1445 3922 52 23 feed
1517 3924 24 21 Is
1553 3923 30 23 6d
1591 3924 25 22 to
1625 3923 23 22 Is
1659 3923 36 25 7d.
1725 3921 80 29 Barley
1816 3928 6 15 :

1266 3961 131 29 Quotations
1412 3959 105 24 nominal.

1292 4000 83 22 Messrs
1395 3997 101 23 Maclean
1517 3997 19 23 &
1551 3997 39 25 Co.
1602 3999 76 28 report
1689 3997 134 24 .-—Wheat:

1265 4037 74 21 Prime
1353 4034 93 28 samples
1454 4034 24 21 of
1487 4034 87 28 milling
1583 4041 38 15 are
1632 4035 86 27 readily
1729 4032 94 23 saleable

1264 4074 25 24 at
1308 4072 57 25 from
1383 4070 25 25 3s
1428 4069 29 26 7d
1476 4070 25 24 to
1520 4070 25 24 3j
1567 4069 42 26 lOd
1629 4077 39 25 per
1683 4068 85 30 bushel,
1781 4067 43 26 but

1264 4112 78 22 sellers
1361 4117 36 14 are
1407 4109 98 21 inclined
1515 4111 24 19 to
1550 4109 53 22 hold
1613 4109 24 22 in
1651 4109 139 28 expectation
1800 4108 24 22 of

1264 4146 72 29 prices
1355 4142 132 29 improving,
1510 4142 66 22 while
1591 4143 82 28 buyers
1684 4150 60 14 seem
1753 4141 57 23 indis-

1264 4182 69 31 posed
1352 4184 22 20 to
1391 4179 99 24 advance
1510 4187 54 16 over
1583 4180 64 23 these
1671 4179 129 31 quotations
1811 4186 7 20 ;

1264 4220 121 29 secondary
1411 4217 148 31 descriptions
1586 4219 25 23 3s
1639 4218 31 24 5d
1692 4220 25 22 to
1737 4219 24 23 3s
1783 4218 41 28 6d;

1264 4258 71 23 fowl's
1345 4257 49 22 feed
1404 4257 25 21 2s
1440 4255 30 24 3d
1480 4257 24 21 to
1514 4257 24 21 2s
1549 4255 35 24 6d.
1616 4256 55 23 Oats
1685 4263 38 15 are
1737 4255 86 29 readily

1264 4291 105 28 disposed
1387 4291 22 23 of
1427 4292 25 22 at
1471 4291 24 22 la
1515 4291 29 23 Gd
1554 4292 24 22 to
1590 4292 24 22 Is
1624 4291 30 25 7d
1664 4291 35 23 for
1709 4291 57 27 feed,
1779 4290 45 22 and

1855 190 23 22 Is
1897 190 29 22 8d
1946 192 34 20 tor
1995 190 93 29 milling.
2119 190 81 29 Barley
2210 198 6 15 :
2231 190 73 22 Prime
2314 190 94 28 sample*

1854 233 52 22 may
1916 227 117 23 command
2042 228 25 22 3s
2078 229 24 21 to
2112 228 25 22 3s
2147 228 37 26 3d,
2194 227 42 23 bat
2245 227 43 23 few
2299 226 43 23 lots
2353 227 57 22 hare

1854 263 100 31 changed
1964 264 72 23 hands
2050 264 47 23 this
2107 271 84 16 season.

1881 301 84 24 Messrs
1976 301 88 25 Donald
2073 301 56 24 Reid
2137 302 19 24 &
2163 302 38 26 Co,
2212 303 90 29 report:
2318 300 92 25 Wheat:

1854 338 72 24 There
1946 339 19 24 is
1986 347 30 16 no
2035 339 125 25 noticeable
2179 339 85 31 change
2273 338 23 25 in
2306 338 40 25 the
2355 338 57 24 local

1855 380 96 29 market,
1972 381 45 24 last
2036 381 81 24 week's
2136 380 129 31 quotations
2289 379 123 30 remaining

1855 416 56 24 firm.
1951 417 62 27 Oats,
2049 417 71 23 which
2151 423 38 16 are
2219 416 24 22 in
2267 416 92 29 request
2380 416 32 28 by

1855 451 101 31 shippers
1975 452 45 24 and
2031 452 83 28 others,
2126 452 63 24 show
2198 451 61 31 signs
2270 451 23 24 of
2302 451 96 30 improve-

1854 492 69 21 ment.
1955 491 102 28 Supplies
2084 491 25 22 to
2136 490 62 23 hand
2216 490 58 23 have
2302 489 31 24 all
2356 489 56 23 been

1854 526 93 24 cleared.
1986 528 97 29 Barley:
2097 527 75 23 Prime
2204 526 96 31 samples
2329 526 27 24 fit
2378 525 34 23 for

1855 564 96 24 brewers
1970 572 37 16 are
2027 564 96 24 saleable
2146 566 25 22 at
2193 564 137 31 quotations.
2369 563 43 24 We

1853 604 69 28 quote
1946 603 70 30 prime
2030 603 86 29 milling
2130 603 81 28 wheat,
2224 603 25 23 3s
2259 602 30 24 8d
2299 603 24 22 to
2332 602 26 24 3s
2367 600 45 29 9d;

1854 642 64 22 extra
1937 640 36 29 do,
1994 642 25 23 3s
2041 641 56 28 lOd;
2111 640 99 24 medium
2224 641 25 24 3s
2259 639 30 24 4d
2299 641 24 22 to
2334 640 26 24 3s
2369 638 43 28 7d;

1853 678 93 23 inferior
1964 678 45 23 and
2029 678 70 24 fowl's
2120 678 50 23 feed
2189 679 26 22 23
2234 678 30 23 3d
2283 679 25 22 to
2327 678 25 23 3s
2377 676 35 24 Id.

1854 715 71 23 Oats:
1949 715 97 30 Milling,
2079 717 23 22 Is
2121 715 47 28 8d;
2192 715 53 28 long
2274 714 136 28 Tartarians,

1855 753 23 22 Is
1898 752 34 24 61.
1963 753 81 28 Barley
2054 761 6 15 :
2076 752 103 31 Malting,
2201 753 25 22 2s
2245 752 29 24 9d
2293 753 25 22 to
2331 752 25 23 3s
2365 750 45 29 3d;

1853 789 87 30 milling
1949 790 24 22 2s
1983 791 25 21 to
2017 790 25 22 2s
2052 789 36 24 6d.
2118 790 115 27 Potatoes,
2245 789 33 23 £Z
2287 795 40 23 per
2332 790 47 22 ton.

1947 870 122 25 LONDON
2084 872 77 23 SEED
2175 870 140 25 MARKET.

1881 948 84 25 Messrs
1984 949 60 25 John
2063 950 66 25 Shaw
2144 949 44 25 and
2197 957 58 23 sons,
2267 950 24 24 of
2300 950 27 27 37
2337 948 68 27 Mark

1853 986 57 29 lane,
1932 988 99 28 London,
2054 988 63 28 E.C.,
2139 989 88 29 report'
2233 989 99 30 through
2349 988 61 24 their

1853 1025 74 27 agent,
1949 1023 37 23 Mr
2006 1023 100 24 Leonard
2126 1024 36 22 W.
2182 1024 77 28 Blake,
2281 1025 23 22 of
2322 1023 74 24 Christ-

1854 1059 90 28 church,
1957 1061 51 23 that
2018 1061 40 23 the
2068 1061 51 23 seed
2128 1061 65 24 trade
2202 1062 34 23 for
2245 1062 40 24 the
2299 1061 110 31 fortnight

1855 1096 82 30 ending
1946 1098 114 28 February
2071 1098 54 22 24th
2135 1105 45 15 was
2191 1098 69 29 quiet,
2271 1105 14 15 a
2293 1099 78 21 return
2386 1098 22 22 of

1855 1133 160 24 unfavourable
2042 1134 99 24 weather
2169 1134 112 31 naturally
2313 1134 96 32 keeping

1856 1171 58 24 back
1925 1172 39 24 the
1974 1173 154 31 consumptive
2142 1173 103 25 demand.
2274 1173 48 24 The
2333 1173 77 24 stocks

1856 1208 23 22 of
1914 1207 40 23 red
1982 1209 74 22 clover
2079 1209 121 23 continued
2224 1208 120 28 moderate,
2370 1209 40 23 the

1855 1245 94 24 arrivals
1973 1246 57 24 from
2040 1246 100 24 America
2150 1246 66 30 being
2226 1254 91 22 meagre.
2348 1246 64 24 More

1856 1284 101 22 business
1973 1291 47 15 was
2035 1284 90 29 passing
2140 1284 24 22 in
2180 1284 69 23 white
2259 1284 80 28 clover,
2351 1291 13 16 a
2373 1283 25 24 de-

1856 1320 58 25 cline
1933 1320 23 23 in
1975 1321 66 24 value
2052 1322 82 30 having
2144 1321 97 31 brought
2251 1321 96 24 forward
2356 1322 42 30 buy-

1857 1366 40 15 ers.
1927 1359 55 22 Fine
1992 1359 79 29 alsyke
2080 1367 45 15 was
2135 1359 99 29 meeting
2243 1359 57 23 with
2309 1366 61 15 more
2378 1359 22 22 in-

1856 1393 74 30 quiry.
1960 1393 48 23 The
2020 1394 82 30 supply
2112 1394 23 22 of
2144 1393 106 30 Timothy
2259 1400 45 17 was
2318 1393 94 24 limited.

1857 1430 30 24 As
1897 1431 90 30 regards
1996 1439 89 22 canary,
2097 1431 96 29 holders,
2205 1431 126 31 despairing
2338 1431 23 24 of
2367 1439 45 22 any

1855 1469 164 31 improvement
2038 1470 22 23 in
2079 1470 40 24 the
2129 1469 103 31 demand,
2244 1477 59 17 were
2313 1469 97 31 clearing

1857 1509 40 22 out
1907 1509 24 22 at
1941 1515 13 16 a
1963 1508 104 23 sacrifice.

1936 1586 126 23 SYDNEY
2076 1586 97 23 GRAIN
2194 1586 138 23 MARKET.

1881 1671 83 23 Messrs
1980 1671 110 24 Harrison
2100 1671 68 23 Jones
2179 1670 44 24 and
2233 1670 81 24 Delvin
2324 1672 83 29 report,

1859 1710 71 23 under
1940 1709 52 24 date
2003 1709 97 30 Sydney,
2119 1710 35 22 Ist
2167 1708 64 31 April
2239 1717 34 16 :

1883 1755 81 24 Wheat
1974 1755 40 23 has
2025 1755 59 23 risen
2094 1755 61 24 since
2168 1763 40 16 our
2218 1755 42 23 last
2270 1755 76 30 report
2350 1754 58 31 fully

1855 1794 27 22 id
1904 1801 40 21 per
1959 1792 86 28 bushel,
2057 1792 45 23 and
2111 1792 20 23 is
2140 1793 80 30 Belling
2229 1792 70 30 freely
2309 1792 56 23 both
2373 1792 35 23 for

1855 1831 94 24 colonial
1959 1831 156 30 consumption
2125 1831 45 24 and
2179 1831 105 31 shipping
2298 1838 107 23 purposes

1853 1870 55 23 Best
1928 1870 55 22 New
2003 1869 71 23 South
2095 1870 76 23 Wales
2189 1869 95 31 samples
2303 1877 52 21 may
2380 1870 28 22 be

1852 1908 83 30 quotei
1954 1909 25 22 at
1998 1908 24 23 4s
2037 1908 28 23 21
2076 1915 39 23 per
2125 1907 83 25 bushel.
2239 1907 71 24 There
2318 1907 19 23 is
2347 1914 61 16 more

1853 1946 90 28 inquiry
1954 1946 34 20 for
1998 1947 54 24 oats,
2066 1946 119 28 especially
2194 1945 57 30 good
2260 1945 57 27 feed,
2333 1944 76 22 which

1853 1989 37 17 are
1911 1989 54 22 very
1984 1982 94 24 saleable
2092 1983 24 22 at
2126 1982 56 30 good
2193 1982 85 31 figures.
2307 1982 47 24 Our
2363 1980 47 26 sale

1853 2022 24 20 to
1887 2020 45 27 day
1942 2020 123 27 comprised
2074 2020 69 22 about
2153 2020 42 22 250
2204 2020 61 27 bags.

1883 2108 52 23 The
1957 2108 6 13 '
1971 2106 113 25 Elberfeld
2094 2107 107 30 Zeitung'
2212 2114 52 22 says
2273 2106 52 23 tbat
2334 2114 13 15 a
2358 2106 40 23 rail-

1855 2153 48 22 way
1924 2144 79 24 official
2013 2146 25 22 at
2048 2144 138 27 BohuintreJ,
2198 2144 76 23 whilst
2285 2143 101 29 dressing
2396 2151 12 15 a

1853 2181 124 23 Christinas
1998 2183 47 20 tree
2066 2188 28 15 on
2114 2181 122 23 Christmas
2254 2181 48 22 Eve
2320 2180 34 22 for
2373 2180 35 22 his

1853 2216 106 26 children,
1982 2223 39 15 ran
2041 2223 41 15 one
2100 2216 22 21 of
2133 2216 38 21 the
2181 2216 60 22 little
2252 2216 75 28 spikes
2337 2215 23 22 of
2369 2214 39 23 the

1853 2253 26 24 fir
1890 2254 48 23 into
1952 2252 36 25 his
1998 2252 74 31 finger.
2101 2252 47 23 The
2158 2254 55 21 next
2224 2252 50 30 day,
2287 2252 40 23 the
2337 2252 70 30 finger

1853 2292 103 27 festered,
1984 2291 50 28 and,
2066 2292 22 22 in
2109 2291 58 30 spite
2191 2291 23 22 of
2233 2291 39 23 the
2290 2291 54 22 skill
2363 2289 44 24 and

1853 2329 112 26 attention
1973 2329 22 24 of
2003 2329 34 23 his
2044 2329 93 24 medical
2144 2328 136 29 attendants,
2291 2327 105 25 mortifica-

1852 2369 49 23 tion
1916 2369 35 22 set
1961 2368 30 27 in,
2004 2368 44 22 and
2062 2368 39 23 the
2111 2367 144 23 unfortunate
2267 2374 51 16 man
2328 2366 52 23 died
2391 2373 14 15 a

1853 2404 43 24 few
1907 2404 56 29 days
1973 2411 50 23 ago.

1881 2451 22 21 A
1922 2454 146 23 gentleman,
2090 2448 89 30 writing
2196 2448 56 23 from
2274 2446 134 24 Milwaukee

1853 2486 59 23 after
1931 2493 13 16 a
1962 2485 46 30 trip
2027 2484 97 31 through
2139 2484 132 27 Minnesota,
2281 2482 66 29 lowa,
2365 2481 44 25 and

1853 2524 95 27 Dakota,
1972 2531 51 21 says
2037 2524 51 22 that
2099 2523 64 22 there
2172 2522 19 23 is
2202 2522 39 23 the
2252 2522 80 27 largest
2342 2521 65 22 stock

1853 2560 23 22 of
1897 2560 75 23 wheat
1989 2559 23 23 in
2031 2560 141 22 storehouses
2191 2559 64 22 there
2269 2565 52 16 ever
2335 2557 73 23 before

1853 2595 88 24 known.
1972 2595 48 23 The
2031 2595 93 23 number
2134 2595 23 23 of
2166 2593 91 24 bushels
2271 2593 19 23 is
2299 2592 78 31 placed
2386 2593 23 23 at

1854 2633 120 28 8,780,000.
2003 2634 23 21 A
2033 2634 75 22 recent
2114 2633 94 22 number
2218 2632 23 22 of
2248 2631 39 23 the
2300 2632 6 10 '
2313 2630 96 23 Toronto

1853 2670 84 23 Globe'
1954 2670 71 22 states
2042 2669 19 22 it
2080 2669 19 23 is
2116 2667 119 24 estimated
2252 2667 51 23 that
2318 2667 63 22 there
2389 2666 20 22 is

1855 2714 50 15 now
1916 2707 69 22 afloat
1994 2714 29 15 on
2033 2708 107 21 steamers
2151 2705 45 23 and
2206 2712 28 15 on
2248 2704 69 23 board
2331 2704 78 29 sailing

1855 2744 90 29 vessels,
1968 2744 57 23 from
2044 2743 39 24 the
2102 2742 87 25 United
2198 2741 75 25 States
2280 2743 24 21 to
2314 2740 95 31 Europe,

1855 2781 117 28 6,920,000
1983 2780 89 24 bushels
2082 2780 22 23 of
2114 2780 80 27 wheat,
2203 2778 87 31 against
2295 2777 114 29 7,480,000

1855 2819 91 23 bushels
1966 2827 13 14 a
1998 2826 54 21 year
2070 2825 48 22 ago,
2139 2817 45 24 and
2194 2816 116 29 8,058,000
2320 2815 89 24 bushels

1855 2858 35 22 for
1900 2865 13 15 a
1923 2856 172 29 corresponding
2105 2854 77 31 period
2191 2854 24 23 in
2226 2854 61 25 1878.

1882 2907 52 22 The
1944 2905 101 24 heaviest
2055 2904 82 24 soldier
2146 2904 24 23 in
2179 2904 40 23 the
2236 2902 85 24 British
2340 2909 70 23 army,

1855 2945 102 25 Roberts,
1984 2943 19 23 is
2022 2951 29 15 an
2070 2942 117 24 Irishman.
2226 2942 47 22 The
2294 2940 116 29 champion

1855 2982 128 31 pedestrian
1993 2980 24 24 of
2026 2982 40 21 the
2077 2980 76 28 world,
2165 2979 105 29 O'Leary,
2281 2978 18 23 is
2306 2985 28 16 an
2342 2977 57 24 Irish-

1854 3027 59 15 man.
1944 3020 47 22 The
2001 3018 118 30 champion
2128 3024 101 17 oarsman
2239 3016 23 23 of
2271 3016 40 23 the
2330 3015 77 27 world,

1853 3058 20 23 is
1883 3065 29 16 an
1922 3057 117 24 Irishman.
2071 3055 48 24 The
2129 3054 117 30 champion
2261 3053 111 24 swimmer
2387 3052 23 24 of

1853 3094 40 23 the
1903 3093 77 28 world,
1992 3093 95 29 Boyton,
2099 3091 19 24 is
2128 3100 27 14 an
2165 3091 118 23 Irishman.
2314 3089 96 24 Farther

1853 3130 112 23 comment
1975 3129 19 22 is
2004 3135 155 22 unnecessary.
2189 3126 48 23 The
2247 3126 120 29 originator
2386 3123 24 24 of

1853 3168 39 23 the
1902 3166 132 24 Ashburton
2044 3164 124 25 Industrial
2177 3163 132 24 Exhibition
2325 3169 46 17 was
2380 3169 29 16 an

1853 3204 112 24 Irishman
1988 3203 52 26 also,
2084 3203 65 22 Some
2172 3201 78 30 people
2269 3200 68 23 think
2358 3199 51 24 that

1852 3242 75 24 Adam
1937 3249 45 16 was
1991 3249 29 15 an
2031 3240 117 28 Irishman,
2160 3239 93 23 because
2267 3237 29 24 he
2315 3244 46 17 was
2379 3243 29 17 an

1853 3279 88 23 evicted
1951 3280 86 25 tenant,
2049 3278 43 22 but
2110 3277 46 23 this
2175 3276 138 29 assumption
2329 3275 20 21 is
2368 3275 40 21 not

1853 3316 100 23 founded
1963 3323 28 15 on
2003 3315 54 23 fact.

1881 3374 33 22 As
1935 3373 43 22 five
1998 3372 60 23 Irish
2067 3379 61 16 acres
2138 3378 37 16 are
2185 3369 65 30 equal
2259 3369 24 23 in
2293 3369 78 23 extent
2381 3369 24 21 to

1853 3410 63 31 eight
1936 3408 95 31 English
2040 3415 67 21 acres,
2120 3408 20 23 it
2150 3407 85 23 follows
2244 3406 52 23 that
2306 3405 64 23 when
2380 3411 29 17 an

1853 3448 59 24 Irish
1934 3448 82 22 farmer
2036 3453 50 22 says
2102 3446 29 22 he
2150 3452 56 22 pays
2219 3445 29 23 £1
2262 3451 40 23 per
2311 3450 56 20 acre,
2380 3442 29 23 he

1853 3493 75 16 means
1939 3485 50 23 that
1999 3484 29 23 he
2037 3483 70 29 really
2118 3490 55 23 pays
2184 3482 38 23 123
2232 3481 29 24 6d
2268 3488 39 23 per
2316 3480 93 30 English

1852 3531 58 16 acre.
1940 3523 28 23 In
1987 3523 40 22 the
2043 3521 100 24 midland
2152 3520 101 23 counties
2262 3519 23 23 of
2296 3517 90 25 Ireland
2395 3526 14 14 a

1852 3569 56 22 very
1927 3568 102 17 common
2048 3561 51 22 rent
2118 3559 35 23 for
2171 3558 44 24 fair
2231 3564 94 24 average
2336 3555 73 25 arable

1852 3599 54 23 land
1925 3599 19 22 is
1964 3599 39 23 32s
2023 3597 29 24 6d
2061 3604 39 22 per
2111 3597 59 23 Irish
2179 3595 145 30 acre—equal
2336 3596 23 22 to
2370 3594 39 24 20s

1852 3643 39 24 per
1913 3635 93 30 English
2025 3641 57 17 acre.
2112 3633 55 23 This
2184 3632 46 24 will
2240 3631 89 31 explain
2339 3637 56 17 some-

1851 3675 62 24 what
1921 3674 38 24 the
1967 3672 123 31 nominally
2100 3672 54 31 high
2164 3672 63 23 rents
2236 3678 35 17 we
2280 3670 54 25 hear
2348 3669 24 25 of
2385 3669 24 24 in

1852 3710 97 25 Ireland.
1977 3710 75 22 When
2071 3716 34 16 we
2126 3709 54 22 hear
2199 3708 23 23 of
2239 3707 71 30 prime
2321 3706 88 29 feeding

1852 3756 62 23 grass
1932 3747 53 24 land
2004 3747 67 29 being
2088 3745 32 24 let
2134 3747 24 22 at
2169 3745 33 24 £4
2210 3752 39 23 per
2257 3751 57 21 acre,
2326 3743 20 24 it
2355 3743 54 30 only

1853 3792 75 17 means
1938 3787 25 21 to
1971 3792 30 16 an
2010 3783 146 29 Englishman
2165 3783 39 23 50a
2213 3789 40 23 per
2267 3788 56 17 acre.

1881 3841 78 22 Those
1969 3839 50 24 who
2029 3837 109 30 complain
2156 3837 51 23 that
2226 3837 40 23 31s
2288 3835 30 25 6d
2336 3835 20 24 is
2375 3836 38 23 too

1851 3877 67 24 much
1928 3877 34 23 for
1995 3875 127 30 Endymion
2154 3874 23 23 in
2185 3873 93 23 London
2295 3881 42 15 can
2353 3873 59 23 have

1852 3914 59 24 Lord
1923 3912 168 24 Beacon,siield's
2101 3912 44 23 last
2154 3911 66 24 novel
2231 3911 34 24 for
2281 3910 97 31 nothing
2387 3910 25 24 in

1852 3952 70 24 Paris.
1962 3951 114 23 Hachette
2099 3950 41 23 has
2164 3949 98 30 brought
2286 3950 41 23 out
2352 3956 61 16 some

1851 3989 115 26 thousand
1977 3989 100 24 volumes
2087 3988 23 23 of
2119 3988 40 23 the
2169 3986 88 25 French
2272 3986 140 25 translation,

1851 4028 46 22 and
1904 4028 39 21 the
1956 4026 5 14 '
1970 4026 106 22 Gaulois'
2086 4026 40 22 has
2136 4025 88 28 bought
2233 4032 31 21 up
2273 4025 41 22 the
2323 4024 61 29 right
2390 4023 23 23 of

1851 4063 46 26 sale
1907 4063 23 25 of
1940 4062 30 26 all
1980 4063 39 25 the
2029 4062 74 32 copies
2112 4062 52 25 that
2174 4062 59 24 issue
2244 4061 39 25 for
2300 4060 40 26 the
2356 4061 57 25 next

1851 4105 64 21 three
1939 4103 98 22 months.
2082 4102 60 22 That
2165 4109 70 22 paper
2252 4101 53 23 sells
2333 4102 25 21 to
2381 4100 31 23 all

1852 4146 85 15 comers
1947 4138 41 22 the
1997 4140 47 20 two
2053 4138 101 22 volumes
2164 4138 23 21 of
2200 4137 42 23 650
2255 4143 67 23 pages
2331 4137 35 22 for
2375 4137 40 21 the

1852 4176 60 30 price
1923 4175 23 23 of
1958 4175 26 23 3s
1994 4174 29 23 4d
2044 4175 60 27 (four
2121 4174 92 29 francs),
2237 4174 42 23 but
2297 4173 61 30 gives
2377 4172 39 24 the

1852 4214 58 24 book
1921 4214 35 24 for
1965 4213 95 31 nothing
2070 4215 24 22 to
2101 4213 30 23 all
2138 4213 31 24 its
2177 4212 94 31 general
2280 4210 136 26 subscribers

1853 4261 24 16 as
1887 4261 13 15 a
1910 4253 111 30 premium
2032 4255 5 21 !
2067 4253 54 22 This
2133 4252 47 23 will
2195 4251 107 24 circulate
2311 4250 57 23 both
2377 4250 39 22 the

1853 4291 67 23 novel
1930 4290 45 23 and
1983 4290 41 23 the
2033 4297 136 20 newspaper.

356 106 74 34 April
444 108 41 32 20,
501 106 81 28 1881.

950 106 75 29 THE
1043 104 135 32 MOUNT
1197 101 148 32 BENGER
1363 104 100 34 MAII*

2320 109 83 29 7
