2550 4039
572 511 222 42 PUBLISHED
839 512 133 37 EVERY
1015 502 259 44 WEDNESDAY^
1311 502 88 37 AND
1445 497 228 42 SATURDAY
1718 498 209 39 MORNING.

511 631 130 33 PORT
664 627 291 37 NICHOLSON;
973 621 257 37 SATURDAY
1251 618 238 37 MORNING,
1512 614 289 36 SEPTEMBER
1819 614 40 40 $/
1878 607 93 41 t*4l

62 642 64 31 No.
143 639 87 39 173.]

2243 615 99 41 [Vol.
2363 613 68 33 111.

1212 52 98 36 THE

39 116 462 145 NEW
562 149 5 15 •
603 111 873 140 ZEALAND
1580 104 864 142 GAZETTE

1217 272 98 35 AND
1524 299 4 5 .
1827 297 6 13 
1858 276 24 18 '■
2017 301 3 8 ,

693 721 47 23 ON-
751 719 142 24 MONDAY
907 718 67 22 AND
989 713 214 27 WEDNESDAY,;

651 757 150 22 Extensive
826 756 58 20 sale
910 754 30 21 of
963 751 200 24 Merchandize,
1187 749 47 21 cut

651 785 94 24 Glass,
770 782 128 22 valuable
921 780 102 25 Books,
1048 779 50 20 and
1123 776 111 27 elegant

869 807 151 22 Furniture.

652 844 92 49 MR.
760 843 86 22 JOHN
861 841 93 22 WADE
968 839 46 23 will
1032 838 40 22 sell
1088 838 28 26 by
1135 835 97 27 auction,

766 869 102 27 Monday
877 868 44 22 and
926 865 143 27 Wednesday
1078 866 58 24 next,
1149 866 37 18 the
1196 863 37 20 sth

652 897 46 22 and
713 897 40 22 7th
766 897 91 25 instant,
869 899 23 18 at
905 894 35 22 his
956 897 76 22 stores,
1040 892 33 21 Te
1088 890 51 26 A.ro,
1156 892 23 19 at
1192 895 42 15 one

653 924 86 22 o'clock
749 922 118 27 precisely,
877 928 29 15 ex
918 921 120 21 Catherine:
1039 929 29 4 —

681 950 54 27 (For
751 949 123 26 Monday's
881 947 63 27 sale,)
954 954 14 14 a
978 947 61 26 large
1055 944 40 22 and
1109 943 78 23 varied
1202 949 34 14 as-

652 980 109 18 sortment
771 976 26 21 of
806 974 155 23 merchandize
972 972 45 23 and
1031 971 71 28 goods,
1115 972 121 23 consisting

653 1004 51 21 of—
705 1003 59 21 Deal
771 1002 90 25 boards,
1030 1002 5 8 '

690 1048 2 6 ,
709 1029 80 26 Sherry
801 1027 117 28 (superior)
928 1027 23 21 in
960 1029 97 23 octaves,
1169 1035 5 8 '

709 1055 68 23 Flour
788 1055 60 25 (best
857 1053 111 28 colonial,)

707 1082 45 22 Ale
761 1082 24 22 in
794 1081 91 27 barrels.

709 1109 89 27 Brandy
808 1109 24 21 in
843 1108 72 25 hhds.,

709 1135 108 23 Blankets
826 1135 62 27 large
898 1135 61 26 sizes,

709 1163 85 21 Biscuit
803 1163 22 21 in
837 1161 91 26 barrels,

692 1196 4 4 ■
710 1190 47 22 Tea
766 1190 24 21 in
802 1189 52 21 half

710 1216 93 22 Flannel
813 1216 67 22 shirts
890 1215 40 22 red
940 1214 44 22 and
992 1213 60 27 blue,

712 1243 77 27 Shoes,

712 1271 117 26 Guernsey
839 1269 74 21 frocks
924 1267 101 28 (woollen
1036 1266 43 22 and
1087 1264 90 26 cotton,)

711 1297 47 22 Pea
764 1297 95 27 jackets,

712 1323 82 22 Velvet
804 1326 67 24 coats,

712 1350 59 22 Pilot
781 1354 67 23 coats,

714 1377 80 22 Scotch
805 1384 60 19 caps,

714 1403 160 27 Sou-westers,

714 1431 47 21 Jim
772 1431 63 21 Crow
845 1430 57 26 hats,

713 1457 102 22 Woollen
827 1457 119 26 stockings,
956 1454 102 27 together
1072 1452 50 22 with
1134 1459 15 14 a
1158 1453 84 25 variety

659 1484 27 22 of
695 1484 77 27 goods,
784 1488 36 18 too
831 1490 120 15 numerous
960 1485 22 17 to
992 1479 155 29 particularise.

687 1515 67 23 After
763 1516 80 26 which,
855 1522 28 15 on
892 1513 147 28 Wednesday,
1048 1511 36 23 the
1092 1511 38 23 7th
1139 1509 59 26 inst.,
1206 1508 36 22 the

660 1542 115 28 furniture,
785 1542 78 27 books,
874 1546 38 17 cut
921 1541 65 27 glass,
998 1541 47 25 &c,
1058 1537 118 27 consisting
1186 1536 49 22 of—

716 1570 132 27 Mahogany
857 1568 76 27 tables,

716 1597 131 27 Mahogany
856 1595 58 22 book
925 1601 55 20 case,

717 1624 83 27 Chairs,
811 1622 82 23 stuffed
902 1621 45 22 and
955 1628 57 15 cane
1020 1620 99 25 bottoms,

718 1650 141 26 Sideboards,

718 1678 78 22 Chests
806 1677 26 22 of
838 1676 102 26 drawers,

719 1704 50 23 One
779 1704 100 28 superior
883 1704 74 26 4-post
965 1700 107 23 bedstead
1079 1699 49 22 with
1134 1700 109 24 mattrass,

719 1731 112 27 Cut-glass
842 1730 119 25 decanters,

719 1758 63 23 Ditto
793 1758 57 21 ditto
861 1757 72 25 wines,

719 1786 64 21 Ditto
793 1785 56 21 ditto
860 1783 113 27 tumblers,

720 1812 64 22 Ditto
795 1812 55 21 ditto
862 1810 144 27 champagne,
1032 1824 9 5 -

721 1839 63 22 Ditto
795 1838 56 22 ditto
861 1836 116 23 sideboard
987 1837 129 24 ornaments,

720 1866 22 21 A
751 1866 87 26 variety
850 1864 22 22 of
879 1863 92 23 kitchen
979 1862 98 26 utensils,

721 1892 72 23 China
811 1891 114 22 breakfast
939 1890 83 22 service
1041 1887 113 28 complete,
1169 1887 76 26 plates,

775 1918 83 28 dishes,
868 1918 84 26 knives,
962 1916 67 26 forks,
1040 1916 40 21 &c.
1089 1915 38 21 &c.

925 1951 62 19 ALSO,

667 1975 64 21 Some
742 1972 99 28 superior
850 1971 109 28 paintings
966 1970 46 21 and
1020 1967 136 29 engravings,
1163 1967 85 21 beauti-

692 2000 57 25 fully
758 1998 95 26 framed,
861 2008 6 5 -

667 2027 49 22 One
726 2025 98 27 superior
834 2024 104 27 chimney
947 2022 65 28 glass,
1233 2045 4 9 (

667 2054 22 21 A
709 2052 78 22 choice
810 2052 108 21 selection
941 2050 25 21 of
985 2049 77 26 books,
1087 2047 45 27 (the
1156 2053 93 15 owners

693 2079 86 28 private
788 2078 93 27 library)
893 2076 131 27 beautifully
1033 2075 78 22 bound.

872 2116 73 15 AFTER
964 2115 84 19 WHICH,

667 2138 54 22 Two
740 2137 98 27 superior
852 2136 61 27 large
928 2135 92 22 wooden
1037 2134 83 26 houses,
1139 2139 42 14 one
1200 2130 50 23 well

695 2162 73 24 suited
777 2163 34 21 for
821 2170 14 14 a
850 2163 83 27 private
950 2161 109 27 dwelling,
1077 2159 126 25 containing
1216 2158 34 21 six

695 2198 82 18 rooms,
789 2189 45 23 and
843 2197 42 14 one
894 2189 57 21 built
961 2195 28 15 on
999 2195 91 21 purpose
1100 2187 34 21 for
1144 2193 14 14 a
1167 2185 62 27 shop.

695 2226 88 21 Terms.
784 2236 28 3 —
814 2224 44 21 For
874 2223 36 22 the
926 2222 70 23 books
1010 2221 44 22 and
1068 2221 113 26 furniture,
1202 2220 47 25 &c,

669 2252 52 22 cash
728 2259 5 19 ;
750 2252 34 21 for
800 2252 38 21 the
855 2249 162 26 merchandize,
1032 2248 68 21 under
1117 2247 56 27 £20,
1185 2245 51 23 cash
1244 2253 5 19 ;

669 2280 48 23 £20
731 2282 23 18 to
775 2278 54 26 £30,
846 2279 11 20 1
877 2276 77 23 month
962 2284 5 19 ;
984 2276 47 22 £40
1046 2278 23 19 to
1083 2275 49 25 £60,
1151 2276 10 20 1
1179 2273 44 22 and
1238 2275 13 19 2

669 2305 101 27 months;
787 2305 44 22 and
848 2304 71 21 above
934 2304 53 26 £60,
999 2304 19 25 1,
1035 2304 21 25 2,
1072 2301 40 22 and
1126 2303 14 20 3
1154 2299 96 23 months-

669 2332 77 27 credit,
758 2339 29 14 on
797 2330 112 29 approved
919 2329 107 23 endorsed
1036 2331 147 25 acceptances.

909 2383 106 21 Notice.

909 2416 133 27 Wellington
1052 2416 56 21 June
1118 2414 36 27 27,
1165 2416 60 20 1842.

671 2452 92 30 rpHE
778 2451 148 23 BUSINESS
940 2450 96 21 hitherto
1052 2448 121 22 conducted
1182 2447 72 23 under

678 2471 30 32 X
746 2480 38 21 the
801 2479 51 22 firm
862 2479 24 20 of
900 2477 60 22 John
972 2476 43 22 and
1025 2476 81 25 George
1119 2475 73 22 Wade
1203 2475 50 26 will,

671 2507 57 22 after
738 2507 38 22 the
793 2508 34 19 Ist
836 2506 43 26 day
897 2504 25 22 of
935 2504 61 26 July,
1011 2504 60 26 1842,
1085 2503 24 21 be
1125 2502 86 21 carried
1227 2509 27 14 on

672 2533 72 23 under
753 2534 38 21 the
798 2540 67 15 name
874 2531 26 22 of
907 2531 60 22 John
974 2530 70 21 Wade
1055 2530 40 21 and
1105 2530 40 21 Co.
1154 2537 5 13 :
1172 2529 45 22 and
1226 2529 28 21 all

671 2568 92 20 persons
770 2560 106 22 indebted
884 2562 23 18 to
917 2558 37 22 the
961 2558 51 21 firm
1020 2558 25 21 of
1052 2557 55 21 John
1116 2553 47 25 arid
1168 2557 87 26 George

671 2588 80 26 Wade,
763 2594 36 15 are
813 2585 119 29 requested
945 2584 112 23 forthwith
1068 2587 20 18 to
1095 2591 45 19 pay
1151 2583 58 22 their
1220 2590 35 14 re-

672 2614 99 28 spective
781 2617 107 19 accounts
898 2616 23 18 to
931 2612 37 21 the
978 2610 151 28 undersigned,
1140 2610 115 22 otherwise

672 2642 53 27 they
735 2641 46 22 will
789 2642 28 21 be
831 2640 92 22 handed
931 2642 22 19 to
964 2646 14 15 a
992 2638 98 23 Solicitor
1097 2638 35 21 for
1141 2644 114 20 recovery.

1071 2671 59 22 John
1146 2671 82 21 Wade.

846 2718 78 21 Land
937 2717 29 21 in
980 2716 106 22 Karori.

672 2753 188 49 WANTED/
861 2755 5 9 4
865 2753 7 23 ;
884 2751 41 23 TO
952 2749 169 28 PURCHASE,
1151 2748 55 23 land
1233 2748 22 22 in

771 2779 82 22 Karori
863 2778 91 22 district.
983 2777 76 28 Apply
1069 2780 19 18 to

1071 2811 60 22 John
1146 2810 83 22 Wade.

702 2839 201 28 Te>Aro,,Jun6l,
915 2840 60 20 1842.
1101 2849 3 7 ■

897 2884 54 20 For
965 2884 69 24 Sale,

676 2917 51 49 A
742 2917 59 27 good
819 2916 133 23 substantial
965 2916 57 22 'well
1042 2916 55 22 built
1118 2915 71 23 house
1213 2915 44 22 and

756 2944 113 27 premises,
895 2943 52 22 with
970 2950 14 14 a
1007 2943 123 21 Publican's
1146 2942 112 23 'General

676 2971 95 22 License
788 2971 110 26 attached,
917 2970 23 21 in
959 2977 15 14 a
992 2969 155 28 commanding
1163 2969 45 22 and
1224 2969 33 22 in-

676 2998 102 27 creasing
801 2997 183 27 neighbourhood
1005 2997 24 21 in
1052 2996 141 27 Wellington,
1214 2996 43 22 and

676 3025 51 21 well
735 3023 87 28 worthy
836 3025 38 20 the
892 3024 107 21 attention
1015 3023 24 21 of
1055 3023 61 21 small
1130 3023 126 28 capitalists.

676 3051 48 22 The
738 3054 69 19 terms
821 3051 123 26 moderate,
963 3050 47 22 and
1026 3057 52 20 may
1090 3050 26 21 be
1131 3050 84 21 known
1229 3049 29 28 by

676 3078 108 28 applying
792 3081 23 18 to

674 3123 5 8 ,
838 3104 24 22 J.
876 3105 129 26 Zillwood,
1015 3103 216 23 Wiltshire-Tavern*

703 3139 224 26 Hawkstone-street,
939 3139 88 26 August
1035 3140 33 25 19,
1079 3139 58 21 1842.

871 3191 59 20 20s.
942 3190 125 21 Reward.

678 3225 29 21 T
727 3224 63 27 OST,
801 3224 22 22 A
832 3224 105 21 BLACK
951 3224 73 26 SOW,
1034 3223 51 22 with
1093 3231 12 14 a
1115 3223 68 22 white
1196 3223 63 22 mark

677 3245 48 28 JLi
754 3258 73 15 across
837 3251 37 21 the
885 3250 122 28 shoulders,
1017 3251 95 21 branded
1122 3251 40 22 JS.
1192 3250 67 22 Wh6-

678 3285 52 14 ever
738 3277 46 22 will
799 3278 51 27 give
865 3277 143 22 information
1019 3277 48 22 that
1075 3278 41 21 will
1125 3277 53 22 lead
1187 3280 23 19 to
1222 3277 37 21 the

677 3312 108 20 recovery
800 3305 25 21 of
841 3304 44 21 this
902 3312 49 19 sow,
967 3304 45 21 will
1029 3305 27 21 be
1069 3305 50 27 paid
1134 3305 39 21 the
1188 3305 76 21 above:

678 3331 86 22 reward
773 3338 28 15 on
813 3331 38 22 the
861 3331 87 22 animal,
952 3331 67 28 being
1028 3332 102 21 restored.

1045 3366 72 21 Jambs
1132 3366 101 21 Symons.
1260 3379 4 2 ■

707 3390 77 28 Ohiro,
796 3392 90 26 August
894 3392 34 26 26,
940 3392 59 21 1842.
1024 3407 4 4 -

767 3444 175 21 Dissolution
956 3444 31 20 of
998 3444 181 26 Partnership.

679 3476 157 50 NOTICE.
837 3488 28 4 —
865 3477 48 21 The
922 3477 102 22 business
1031 3477 94 22 hitherto
1136 3477 91 22 carried-
1233 3484 27 14 on

761 3503 186 25 under^the^firm
962 3504 26 22 of
1004 3504 52 27 Hay
1072 3504 40 22 and
1127 3504 133 27 Machattie,

679 3529 131 23 Merchants
819 3531 45 21 and
873 3531 146 22 Commission
1027 3531 92 28 Agents,
1135 3531 21 22 is
1165 3531 45 22 this
1219 3531 42 27 day

674 3557 158 28 idissolvedby
848 3557 87 22 mutual
949 3561 100 24 consent,
1069 3556 41 24 and
1124 3558 33 22 all
1170 3566 91 20 persons

678 3583 109 23 indebted
796 3586 22 20 to
829 3584 56 27 Hay
883 3586 3 7 1
893 3585 46 21 and
947 3585 132 27 Machattie,
1093 3593 36 14 are
1143 3585 118 28 requested

679 3614 23 18 to
711 3618 45 20 pay
764 3609 44 26 tHe.
811 3618 61 15 same
883 3614 23 19 to
916 3612 44 21 Mr.
971 3613 27 21 T.
1016 3613 33 21 M.
1067 3612 128 27 Machattie,
1213 3611 48 22 who

679 3637 46 23 will
733 3637 120 28 discharge
863 3638 30 22 all
903 3639 77 22 claims
990 3640 88 26 against
1086 3640 37 21 the
1132 3639 50 22 said
1190 3639 58 22 firm.

731 3661 23 19 **
825 3687 2 7 .
1005 3673 106 22 W.Hay.
1134 3688 3 5 .

1005 3701 26 22 T.
1042 3701 34 21 M.
1086 3701 149 21 Machattie.

705 3725 99 22 Witness
804 3736 28 5 —
833 3726 76 22 James
918 3726 79 23 Smith.
1012 3729 3 6 '

705 3759 77 22 Dated
791 3762 23 19 at
823 3759 145 29 Wellington,
979 3760 90 28 August
1077 3762 16 26 9,
1105 3762 56 21 1842

679 3811 75 50 ON
770 3811 114 22 SALE.—
885 3811 53 22 Best
947 3812 112 22 Hollands
1067 3813 22 21 in
1095 3813 52 21 half
1154 3811 68 23 cases'.

1002 3839 25 22 T.
1043 3839 33 22 M.
1092 3839 143 22 Partridge.

678 3864 2 13 !
707 3864 165 23 Farish-street.

678 3903 3 39 j
725 3926 3 8 ,
857 3922 23 6 .-
889 3907 4 2 '
902 3910 57 24 -For
974 3910 76 21 Sale:'
1071 3929 5 7 ,
1120 3920 3 4 •

679 3942 125 51 SEEDS,
815 3942 39 23 the
863 3942 97 28 produce
975 3943 26 21 of
1013 3943 38 22 the
1068 3944 90 28 Colony.
1169 3941 38 28 foV
1220 3945 44 23 sale

745 3972 24 20 at
778 3969 39 23 the
977 3970 79 23 Office.

1986 696 23 10 '"
2040 699 3 6 '
2106 700 49 26 'To
2168 705 60 26 Let,

1888 741 27 22 ■iA
1921 744 3 4 '
1946 739 148 22 GENTEEL
2102 739 149 22 BODGING
2260 739 35 22 for
2304 746 13 15 a
2325 745 76 21 young
2409 746 55 20 gen-

1884 770 48 19 XJL
1960 763 89 31 tlemah,
2070 766 24 21 in
2113 773 14 14 a
2145 766 62 27 quiet
2227 766 142 21 comfortable
2387 766 76 26 house,

1884 793 93 22 situated
1984 793 26 22 in
2019 793 38 22 the
2066 795 58 20 most
2139 792 108 23 centrical
2254 796 51 24 part
2314 793 25 21 of
2349 792 38 22 the
2396 796 67 19 town.

1884 820 42 21 For
1943 819 135 29 particulars,
2090 819 66 28 apply
2169 822 24 19 to
2209 819 44 28 W.,
2271 822 23 19 at
2309 819 37 22 the
2361 819 63 22 office
2440 817 29 24 'of

1884 846 41 22 this
1934 853 75 23 paper.
2015 866 5 3 .

1886 890 172 49 WANTED
2073 891 23 21 A
2110 889 177 23 SHEPHERD.
2294 901 29 5 —
2330 890 65 22 None
2409 889 59 22 Meed

2039 914 49 25 Ithat
2097 917 57 22 have
2168 919 42 20 not
2222 917 59 22 been
2295 916 94 28 brought
2403 924 30 20 up
2443 919 23 19 to

1884 944 22 21 it.
1935 944 77 28 Apply
2020 947 23 19 to

2058 970 36 22 W.
2105 970 92 27 Hulke,
2209 970 148 28 Cbwpasturcs
2366 970 74 22 Farm.
2466 984 5 7 >

2040 1017 90 25 Maps,
2142 1017 106 24 Charts,
2259 1017 54 24 &c,
2384 1033 5 5 .
2425 1036 3 4 .

1885 1050 91 33 npHE
1992 1049 152 27 undersigned
2157 1049 41 22 has
2211 1049 48 27 just
2275 1047 102 23 received
2393 1055 14 14 a
2416 1054 55 15 con-

1891 1071 30 28 JL
1941 1098 7 2 .
1960 1078 112 26 signment
2090 1076 26 21 of
2131 1083 64 21 maps
2214 1076 46 21 and
2278 1075 73 22 charts
2369 1075 59 21 from
2448 1074 23 21 J.

1885 1104 93 27 Wyld's,
2003 1104 95 26 Charing
2122 1103 71 27 Cross,
2219 1102 144 28 Geographer
2386 1105 23 18 to
2433 1100 38 22 the

1885 1131 86 26 Queen,
1982 1131 48 21 viz:
2031 1142 28 4 —

1913 1158 71 26 Large
1996 1161 42 18 two
2048 1157 63 22 sheet
2121 1163 51 21 map
2183 1156 27 21 of
2215 1156 57 21 New
2282 1155 106 27 Zealand,

1913 1185 49 20 One
1974 1184 63 21 sheet
2045 1191 52 20 map
2107 1183 26 22 of
2140 1183 56 21 New
2207 1182 106 26 Zealand,

1913 1211 106 21 Chaffers'
2037 1210 62 23 chart
2115 1210 26 21 of
2156 1209 81 22 Cook's
2257 1209 85 27 Straits,
2360 1207 55 23 with
2435 1206 38 23 the

1884 1238 69 21 latest
1962 1238 118 25 additions,
2113 1253 2 6 ,

1914 1264 107 22 Chaffers'
2032 1264 62 21 chart
2104 1263 25 21 of
2135 1263 54 22 Port
2198 1262 133 27 Nicholson,

1914 1291 133 22 Mercator's
2057 1290 64 22 chart
2130 1290 26 21 of
2167 1290 38 21 the
2215 1289 77 27 world,
2303 1289 40 22 &c.
2355 1288 39 22 &c.
2405 1288 42 21 &c.

2246 1316 111 21 William
2372 1315 75 22 Lyon.

1888 1346 86 21 Corner
1982 1344 26 22 of
2014 1344 153 21 Willis-street
2175 1342 45 23 and
2230 1342 191 27 Lambton-quay.

2059 1371 59 21 June
2127 1372 35 25 21,
2172 1371 63 21 1842.

1890 1417 68 48 ON
1977 1415 84 27 SALE,
2076 1415 31 28 by
2116 1415 37 21 the
2162 1415 150 26 undersigned
2314 1426 27 4 —

1968 1443 61 21 Mess
2039 1443 55 27 pork
2102 1443 25 21 in
2138 1442 93 22 barrels.

2240 1469 24 22 J.
2275 1469 34 22 M.
2318 1469 103 22 Taylor.

1917 1497 55 27 July
1982 1498 32 25 19,
2026 1497 59 21 1842.
2426 1514 49 16 .__

2118 1541 42 20 On
2179 1541 70 24 Sale,

1892 1575 92 50 THE
1999 1574 75 23 BEST
2088 1574 77 22 CASE
2180 1574 65 27 GIN,
2261 1574 24 21 in
2294 1579 61 16 cases
2367 1573 47 22 and
2430 1573 52 22 half

1968 1609 68 15 cases.

2207 1626 83 23 Waitt
2306 1626 45 22 and
2363 1627 87 22 Tyseh.

1888 1666 2 5 •
1921 1656 60 22 June
1991 1657 33 25 24,
2036 1656 60 21 1842.

2076 1701 68 20 Seed
2153 1701 140 20 Potatoes.

1998 1734 63 22 TON
2070 1734 24 21 of
2100 1734 38 21 the
2146 1734 50 21 best
2203 1733 219 28 Derwent'potatoes,
2431 1733 50 27 just

1895 1767 46 18 V/
1972 1761 104 22 received
2086 1761 30 28 by
2125 1761 38 22 the
2176 1761 116 27 Exporter,
2309 1761 56 21 from
2381 1760 99 27 Sydney,

1922 1789 45 23 For
1976 1789 45 21 sale
2033 1789 30 26 by

2219 1814 83 23 Waitt
2313 1814 45 22 and
2366 1813 88 22 TrsER.

1922 1842 146 27 Wellington,
2080 1841 53 27 July
2143 1842 34 26 22,
2189 1843 60 20 1842.

1897 1888 89 49 FOR
2000 1886 83 27 SALE,
2098 1893 30 15 ex
2141 1887 62 25 Lady
2217 1886 66 25 Leigh
2299 1885 45 22 and
2359 1885 64 21 other
2436 1884 46 22 late

1970 1913 91 22 arrivals
2069 1921 5 13 :
2076 1923 28 5 —

1925 1941 97 22 Seconds
2031 1941 64 26 flourj

1887 1979 3 9 i
1905 1991 13 4 „
1925 1968 72 21 Patna
2005 1967 52 27 rice,
2073 1977 36 22 ■_
2137 1975 5 9 l
2195 1974 3 4 '
2357 1963 24 29 ',
2403 1970 4 4 '
2431 1984 2 5 .

1925 1994 59 21 Java
1993 1993 76 27 coffee,
2090 1991 6 8 *

1925 2020 96 23 Manilla
2030 2027 73 20 sugar,

1925 2047 65 22 Pitch
1999 2047 46 21 and
2053 2050 41 24 tar,

1926 2075 51 21 Coir
1984 2081 61 20 rope,

1925 2101 92 27 Brandy
2026 2100 23 22 in
2059 2099 64 23 wood
2130 2099 44 23 and
2184 2107 69 19 cases,
2264 2106 54 20 very
2327 2099 69 26 good,-

1927 2129 54 21 Best
1989 2127 103 22 hollands
2101 2127 23 21 in
2133 2126 41 22 red
2184 2134 70 19 cases,

1927 2156 60 21 Rum
1996 2154 44 22 and
2048 2154 77 22 arrack
2133 2154 25 22 in
2165 2153 68 22 hhds.

1928 2182 44 22 Gin
1981 2182 24 21 in
2014 2181 64 22 hhds.
2090 2181 44 21 and
2143 2181 70 28 pipes,

1927 2209 54 22 Port
1988 2208 45 22 and
2041 2209 77 26 sherry
2126 2207 25 22 in
2160 2207 64 22 hhds.
2235 2205 44 23 and
2289 2209 88 24 quarter
2386 2205 71 27 casks,

1927 2236 59 26 Port,
2004 2235 82 27 sherry,
2104 2235 44 22 and
2162 2234 110 27 Madiera,
2287 2232 137 23 Rutherford
2442 2231 45 23 and

1899 2263 96 27 Drury's
2003 2263 75 26 brand,

1928 2290 143 27 Champagne
2080 2289 24 21 in
2115 2294 69 20 cases,

1929 2316 91 23 Powder
2028 2323 23 14 in
2062 2316 26 21 25
2095 2315 30 22 lb.
2137 2315 71 26 casks,

1928 2343 92 23 Several
2030 2341 201 23 double-barrelled
2240 2347 64 21 guns,
2362 2348 3 3 •
2396 2355 4 5 -

1928 2371 91 22 Timber
2030 2369 93 22 suitable
2132 2369 35 21 for
2176 2368 31 22 all
2215 2368 101 27 building
2324 2373 113 22 purposes.

2222 2402 83 22 Waitt
2318 2400 44 23 and
2375 2400 85 23 Tyser.

1930 2432 143 26 Wellington,
2083 2430 54 27 July
2147 2430 33 26 12,
2192 2430 60 21 1842.
2448 2456 41 5 __

1958 2477 52 20 For
2029 2476 62 21 Sale
2110 2476 29 20 at
2160 2475 46 21 the
2229 2474 105 21 Nelson
2352 2472 83 26 Dairy

2183 2503 31 19 at

2083 2529 106 21 Nelson
2203 2529 105 20 Haven.
2326 2531 3 10 '

1908 2562 65 27 qa
1991 2556 84 22 COWS
2090 2556 34 21 IN
2141 2555 86 27 CALF,

1903 2577 71 33 O\J
2004 2586 27 19 30
2040 2583 82 22 heifers
2130 2583 25 21 in
2165 2582 51 27 calf,

2004 2612 27 20 50
2040 2617 76 20 young
2125 2609 90 26 heifers,

1933 2639 15 20 4
1958 2637 115 22 hair-bred
2083 2636 103 23 Durham
2198 2635 66 27 bulls,

1933 2666 25 20 11
1969 2668 75 23 steers,

1960 2693 14 20 6
1984 2690 99 27 working
2092 2689 111 27 bullocks,

1960 2719 14 20 4
1984 2717 63 22 stock
2053 2717 86 27 horses,
2405 2721 3 4 '
2436 2718 5 13 '•

1962 2747 40 20 100
2012 2751 63 20 ewes,

1961 2773 27 20 50
1998 2771 102 26 wethers,
2408 2784 3 5 •
2506 2788 3 10 ,

1933 2799 48 22 The
1996 2798 72 22 above
2081 2804 38 15 are
2133 2797 57 22 from
2206 2797 41 22 Dr.
2259 2796 93 27 Imlay's
2369 2794 128 23 celebrated

1906 2826 63 22 stock
1979 2830 22 17 at
2011 2824 100 24 Twofold
2124 2824 57 25 Bay.
2209 2824 49 22 The
2269 2823 66 22 cattle
2349 2830 37 14 are
2396 2822 39 22 the
2447 2822 50 21 best

1909 2853 62 25 bred*
1979 2852 58 22 have
2048 2852 57 21 been
2115 2851 86 22 landed
2209 2851 24 21 in
2245 2850 38 21 the
2294 2850 66 21 finest
2369 2849 71 26 order,
2452 2847 45 23 and

1906 2881 59 20 form
1975 2880 38 21 the
2027 2879 49 22 best
2085 2878 106 22 selection
2200 2877 26 21 of
2232 2884 44 20 any
2282 2877 32 21 lot
2322 2879 38 24 yet
2368 2875 98 28 brought
2475 2878 22 18 to

1908 2907 56 22 New
1975 2906 107 22 Zealand.
2111 2903 265 29 Forparticulars,-apply
2385 2906 22 18 to

2098 2932 22 21 S.
2135 2932 102 26 Revans,
2253 2929 143 28 Wellington,
2409 2936 25 14 or
2442 2931 3 5 '

2098 2958 29 22 D.
2139 2958 146 22 Drwmmoot).
2298 2956 84 22 Nelson
2393 2956 90 22 Haven.

2144 3004 39 19 To
2198 3003 60 24 Jtet',

1925 3040 23 22 A.
2267 3035 95 22 BUILT
2382 3034 115 27 HOUSE,

1907 3059 53 31 .XjL
1970 3064 126 27 .consisting
2112 3063 27 22 of
2154 3063 51 21 four
2220 3070 81 19 rooms,
2313 3061 53 23 with
2381 3069 13 15 a
2410 3061 54 23 roof
2475 3062 28 22 of

1908 3093 52 21 Van
1972 3091 124 23 'Dieman's
2119 3089 67 23 Land
2193 3112 5 3 .
2210 3089 106 28 shingles,
2323 3106 4 4 .
2336 3089 44 22 and
2398 3096 14 15 a
2435 3088 64 22 brick

1907 3119 117 27 chimney,'
2030 3117 109 28 together,
2146 3116 54 22 with,
2208 3117 86 27 .nearly
2302 3124 42 14 one
2355 3123 49 15 acre
2415 3115 27 22 of
2446 3115 53 23 -cul-

1908 3145 85 23 tivated
2003 3145 44 22 and
2055 3144 51 23 well
2113 3143 83 23 fenced
2204 3143 64 22 land.
2326 3160 4 9 ,

1908 3183 12 15 .i
1934 3173 49 22 The
1993 3168 70 26 liouse
2072 3171 20 22 is
2099 3170 126 29 pleasantly
2235 3169 95 23 situated
2335 3170 25 22 in
2368 3178 14 14 a
2387 3169 114 23 sheltered

1907 3203 56 25 spot,
1973 3199 24 22 in
2006 3198 224 28 Majoribank-street

1935 3233 45 23 For
1994 3232 139 29 particulars,
2145 3231 69 28 apply
2228 3234 22 18 to
2268 3231 49 22 Mr.
2329 3231 108 27 Brewer,
2449 3230 50 22 Mr.

1908 3261 74 26 Park,
1994 3266 25 16 or
2029 3259 49 22 Mr.
2090 3259 96 22 Robert
2196 3259 122 21 Langpon.
2378 3263 3 8 '
2405 3273 5 4 -

1910 3299 90 58 E'OJt
2003 3324 4 5 ,
2013 3304 86 28 SALE,
2109 3304 32 28 by
2150 3303 38 22 the
2198 3303 151 28 undersigned
2349 3313 28 5 —

1968 3346 13 12 i-
1998 3348 17 9 »•.
2095 3348 5 4 -
2219 3341 3 5 ■
2286 3348 2 5 '
2292 3341 17 10 <v
2312 3348 3 6 i

1937 3358 105 28 Superior
2050 3360 52 26 port
2110 3357 168 31 afid'sherry^in
2289 3364 67 20 cases,

1937 3386 147 26 Champagne
2094 3385 24 22 in
2128 3385 65 27 ditto,
2222 3388 6 21 \

1938 3412 93 28 Brandy
2040 3412 24 22 in
2074 3416 91 24 quarter
2174 3411 73 28 casks,

1914 3452 5 4 -
1939 3439 47 22 Gin
1995 3439 24 22 in
2029 3439 66 22 hhds.

2238 3465 26 22 T.
2278 3465 33 22 M.
2326 3465 145 21 Partridge.

1912 3493 83 22 March
2003 3494 35 26 25,
2049 3494 62 21 1842.
2123 3514 13 5 ..
2202 3491 107 27 ,',,'■'
2393 3508 45 4 ...

1912 3538 201 50 JSUTTON
2134 3538 21 22 is
2172 3545 51 14 now
2247 3534 106 30 prepared
2370 3538 23 18 to
2413 3534 87 28 supply,

1953 3577 10 12 •
1994 3565 125 27 wholesale,
2128 3565 38 21 the
2180 3563 121 29 profession
2313 3562 24 21 of
2344 3562 54 21 Port
2407 3561 94 22 Nichol-

1912 3600 48 20 son,
1971 3592 93 28 Nelson,
2081 3591 129 26 Auckland,
2226 3589 46 23 and
2291 3589 37 22 the
2347 3588 63 22 other
2425 3588 77 22 settle-

1913 3623 73 19 ments
1996 3620 27 21 of
2036 3620 56 22 New
2106 3618 106 26 Zealand,
2223 3616 54 23 with
2290 3616 72 26 drugs,
2374 3614 127 28 chemicals,

1913 3646 75 28 stop'd
2003 3646 87 27 bottles,
2106 3648 55 25 pots,
2179 3645 40 21 &c.
2235 3644 48 26 &c:,
2299 3642 45 22 and
2361 3649 60 20 upon
2439 3648 64 15 more

1913 3673 166 28 advantageous
2088 3675 68 19 terms
2166 3671 55 22 than
2231 3670 38 22 the
2280 3669 90 28 Sydney
2378 3668 106 22 markets.

1939 3703 22 19 A
1970 3701 125 26 respectable
2102 3700 66 25 youth
2177 3705 39 14 wai
2224 3698 68 25 ted^s
2302 3703 27 14 an
2337 3696 137 26 Apprentice.
2482 3711 19 15 (l)

1901 3731 1 33 j
1914 3733 100 23 Medical
2023 3731 220 28 Hall,.Wellington,!
2247 3729 61 22 June
2317 3730 34 25 10,
2362 3729 62 21 1842.
2471 3749 3 4 ,
2494 3739 9 13 «,

1915 3778 93 28 npHE
2028 3775 154 24 PREMISES
2202 3774 70 26 lately
2287 3772 106 28 occupied
2412 3772 31 28 by
2461 3772 43 22 Dr.

1923 3797 30 30 JL
1993 3804 93 26 Gilbert,
2097 3806 23 18 at
2129 3802 38 22 the
2177 3807 78 16 corner
2265 3800 27 21 of
2298 3799 153 22 Willis-street
2458 3799 47 22 and

1915 3832 39 21 the
1961 3831 80 26 beach,
2052 3829 44 22 will
2111 3829 30 22 be
2250 3826 87 28 opened
2351 3825 53 23 with
2414 3833 15 15 a
2440 3826 65 22 stock

1914 3859 25 21 of
1953 3858 94 27 genuine
2056 3856 73 26 'drugs
2144 3854 45 23 and
2205 3853 119 24 chemicals
2334 3853 58 23 from
2402 3853 104 29 Apothe^

1915 3886 71 21 caries
1996 3883 61 28 Hall,
2070 3882 102 23 London.
2190 3902 4 12 ;
2204 3886 4 5 '
2215 3901 2 5 ,
2268 3885 3 4 '
2306 3900 5 1 -
2435 3885 3 4 '

1942 3912 43 21 An.
2000 3908 149 30 experienced
2164 3908 114 23 Assistant
2292 3908 96 28 wanted,
2405 3907 70 29 apply
2483 3910 25 22 to

1916 3938 22 22 J.
1951 3938 90 26 Sutton,-
2050 3935 100 24 Medical
2158 3933 64 26 Hall.
2229 3938 7 7 J
2248 3933 3 6 '
2280 3932 132 26 ■■•"•',*

1944 3973 61 21 June
2014 3973 33 26 10,
2059 3972 61 22 1842.

1429 709 91 21 Beach
1532 706 145 27 Froititage.
1840 719 2 7 .

1263 744 44 48 T
1312 743 20 22 0
1341 742 39 23 BE
1394 742 86 26 SOLD,
1488 742 25 21 in
1521 742 42 21 lots
1574 740 26 23 of
1606 744 41 18 not
1654 740 43 22 less
1705 739 55 23 than
1769 741 28 20 20
1802 733 47 28 feet
1857 745 4 18 j

1350 768 31 23 in'
1513 765 37 25 the
1569 765 72 28 w,hble
1660 767 25 22 of
1706 767 38 21 the
1763 766 85 22 section

1262 796 45 23 No.
1314 797 40 20 485
1365 803 29 15 on
1404 796 37 22 the
1449 796 55 21 Plan
1514 795 26 22 of
1544 794 37 22 the
1590 794 70 22 Town
1669 794 26 21 of
1701 793 147 27 Wellington,
1860 815 2 5 ,

1262 822 84 28 having
1354 823 113 26 frontages
1476 829 61 20 upon
1547 821 181 27 Lambton-quay
1734 820 45 21 and
1788 827 60 20 upon

1262 849 242 27 Wellington-terrace.
1533 847 110 22 One-half
1655 848 23 21 ot
1693 847 38 21 the
1739 846 110 28 purchase

1264 883 80 20 money
1352 876 44 22 will
1405 876 28 21 be
1440 874 94 26 allowed
1542 878 21 17 to
1569 874 88 21 remain
1664 881 60 18 upon
1734 877 116 22 mortgage

1264 904 35 21 for
1307 903 43 22 five
1360 908 71 22 years;
1447 906 24 18 at
1487 903 26 20 10
1527 909 38 19 per
1580 903 58 19 cent.
1667 900 79 21 Terms
1756 907 52 19 may
1822 900 28 21 be

1263 930 91 22 learned
1365 937 29 14 on
1404 928 135 28 application
1549 932 23 17 to

1532 962 99 21 Hanson
1646 959 44 23 and
1705 960 118 21 Alzdorf.

1379 1015 123 24 Country
1517 1013 77 21 Land
1608 1013 42 20 for
1664 1012 69 21 Sale.

1267 1048 67 49 TO
1349 1048 38 22 BE
1402 1048 78 21 SOLD
1498 1046 35 23 IN
1547 1046 84 27 LOTS,
1647 1049 22 18 to
1686 1045 44 22 suit
1744 1045 38 22 the
1799 1051 54 15 con-

1340 1075 109 22 venience
1460 1075 25 21 of
1491 1073 138 28 purchasers,
1638 1073 43 21 No.
1689 1074 13 19 3
1711 1073 24 20 in
1746 1072 38 21 the
1793 1075 59 18 town

1267 1101 91 27 district,
1369 1102 43 21 No.
1421 1102 30 21 44
1458 1102 24 21 in
1492 1100 38 23 the
1544 1100 61 21 Hutt
1614 1099 92 26 district,
1717 1098 46 22 and
1772 1098 43 22 No.
1826 1098 27 22 68

1266 1130 24 21 in
1307 1128 37 22 the
1363 1128 92 22 Porirua
1474 1127 85 22 district
1566 1134 6 14 :
1587 1126 51 22 half
1648 1126 26 22 of
1690 1125 38 22 the
1744 1125 109 28 purchase

1267 1162 82 21 money
1358 1155 45 22 will
1415 1155 29 21 be
1454 1154 94 22 allowed
1561 1156 24 19 to
1594 1153 86 22 remain
1690 1160 30 13 on
1729 1155 123 24 mortgage,

1268 1186 23 19 at
1300 1184 27 20 10
1334 1189 39 21 per
1384 1185 58 18 cent.
1472 1181 44 22 For
1525 1180 137 28 particulars,
1674 1179 67 27 apply
1749 1182 24 18 to

1539 1214 98 22 Hanson
1650 1213 45 22 and
1705 1213 122 21 -Alzdori\

1288 1268 86 20 Town
1391 1267 54 20 and
1459 1266 123 25 Country
1596 1264 77 21 Land
1687 1266 29 19 to
1731 1264 34 21 be
1781 1264 57 21 Let.

1272 1300 166 50 SECTIONS
1454 1299 46 22 and
1515 1299 100 26 portions
1632 1298 25 22 of
1670 1297 102 22 Sections
1787 1297 25 21 in
1826 1295 31 23 all

1340 1330 60 24 parts
1416 1327 27 20 of
1457 1325 38 22 the
1513 1326 70 21 Town
1602 1324 27 22 of
1643 1323 147 28 Wellington,
1810 1323 46 21 also

1271 1354 99 27 Country
1379 1353 101 22 Sections
1493 1353 25 21 in
1528 1352 38 22 the
1582 1351 96 22 districts
1695 1351 26 21 of
1734 1350 38 22 the
1789 1349 66 27 Hutt,

1271 1381 38 22 the
1322 1380 87 27 Karori,
1423 1380 37 21 the
1470 1379 83 26 Ohiro,'
1558 1378 47 22 and
1617 1378 37 22 the
1664 1377 99 22 Porirua.
1793 1377 64 26 Long

1271 1408 70 22 leases
1351 1407 26 22 of
1383 1407 37 22 the
1438 1409 95 23 country
1541 1405 55 22 land
1611 1404 46 22 ■will
1671 1405 29 21 be
1714 1403 109 28 granted,
1828 1411 29 14 on

1271 1434 129 23 reasonable
1411 1437 75 18 terms.
1515 1434 43 20 For
1567 1432 132 28 particulars
1707 1431 68 28 apply
1785 1434 23 18 to

1299 1467 97 23 Hanson
1406 1467 47 21 and
1467 1466 115 25 Alzdorf,
1591 1465 201 27 Thorndon-quay,
1801 1471 25 14 or
1836 1467 22 18 to

1299 1495 95 21 Robert
1403 1495 94 25 Stokes,
1509 1493 63 22 Land
1587 1494 111 25 Surveyor
1714 1492 46 21 and
1775 1491 82 27 Agent,

1455 1520 218 22 Woolcomb-street.

1328 1574 66 20 Port
1406 1574 153 20 Nicholson
1574 1572 55 21 and
1639 1570 166 28 Wanganui.

1275 1607 166 51 SEVERAL
1454 1606 69 22 Town
1540 1605 42 22 and
1600 1605 99 26 Country
1719 1603 99 22 Sections
1836 1603 23 21 in

1340 1634 61 21 these
1410 1633 96 21 districts
1516 1637 23 17 to
1549 1633 27 20 be
1586 1631 50 22 sold
1645 1638 24 15 or
1683 1630 40 22 let.
1753 1630 45 23 For
1810 1636 50 21 par-

1273 1661 90 22 ticulars
1373 1660 46 22 and
1428 1663 74 24 terms,
1513 1659 66 28 apply
1589 1663 23 17 to

1579 1691 95 22 Robert
1688 1689 29 23 R.
1732 1689 101 22 Strano.

1292 1720 99 27 'August
1399 1721 20 25 4,
1431 1720 62 21 1842.

1277 1771 67 49 TO
1365 1771 39 22 BE
1424 1770 80 23 SOLD
1526 1769 112 26 CHEAP,
1662 1768 54 23 with
1734 1768 128 21 immediate

1351 1798 129 26 possession,
1501 1804 13 15 a
1533 1796 117 22 well-built
1671 1795 93 22 wooden
1785 1795 76 26 house,

1275 1825 55 22 with
1339 1824 54 28 shop
1404 1824 100 26 window,
1516 1831 27 14 on
1553 1824 36 21 the
1601 1824 78 21 beach.
1707 1822 77 28 Apply
1793 1825 23 18 to

1446 1859 49 21 Mr.
1511 1857 74 27 Neal,
1601 1857 80 22 Watch
1693 1856 88 27 Maker,

1643 1884 110 22 Lambton
1765 1883 72 27 Quay.

1278 1940 87 20 Town
1389 1939 54 20 and
1468 1938 121 24 Country
1608 1937 78 20 Land
1707 1937 29 19 to
1758 1936 51 20 Let
1829 1941 35 14 on

1306 1982 3 4 
1315 1976 32 16 „-.
1467 1965 79 26 Long
1565 1965 109 19 Leases.

1278 1991 98 50 NOS.
1394 1990 26 22 of
1436 1991 38 21 the
1492 1995 59 17 town
1570 1997 63 14 acres
1652 1996 28 14 on
1697 1989 39 21 the
1755 1988 111 27 Surveyor

1478 2016 116 22 General's
1605 2016 63 27 Plan,

1387 2045 40 21 224
1553 2044 41 21 510
1715 2043 42 21 263

1279 2071 46 22 For
1332 2071 139 28 particulars,
1482 2070 65 28 apply
1558 2075 22 16 to

1443 2104 122 26 Wallace,
1579 2104 91 25 White,
1682 2102 46 22 and
1742 2102 124 22 Wallace.

1309 2139 55 26 May
1372 2140 33 25 31,
1417 2139 61 21 1842.

1283 2190 66 49 TO
1368 2190 38 22 BE
1427 2190 87 25 SOLD,
1529 2189 24 22 in
1567 2189 43 22 lots
1625 2192 23 18 to
1667 2189 44 21 suit
1729 2188 137 28 purchasers,

1348 2217 37 21 the
1400 2217 71 21 whole
1488 2217 26 21 of
1525 2219 59 19 town
1600 2222 50 15 acre
1666 2216 44 22 No.
1721 2217 47 24 134,
1786 2222 29 14 on
1830 2215 38 21 the

1281 2245 52 26 plan
1344 2244 26 22 of
1372 2243 36 22 the
1413 2244 68 21 Town
1489 2243 25 22 of
1518 2243 142 26 Wellington,
1666 2242 85 27 having
1756 2243 113 26 frontages

1282 2276 22 16 to
1313 2271 191 22 Taranaki-stveet
1513 2270 44 22 and
1568 2270 196 27 Ingestrie-street.
1793 2269 76 21 Terms

1279 2298 86 22 liberal.
1394 2298 75 27 Apply
1480 2302 22 16 to

1619 2323 36 22 W.
1667 2322 33 25 V.,
1707 2323 108 26 Brewer,

1678 2350 192 22 Manners-street.

1311 2378 57 22 June
1379 2379 31 22 17.
1423 2379 61 21 1842.

1284 2423 116 48 LAND
1416 2426 22 18 to
1447 2423 29 21 be
1487 2422 53 23 Sold
1550 2430 24 13 or
1585 2423 43 20 Let
1641 2428 28 15 on
1687 2421 102 26 building
1801 2421 70 21 leases

1360 2450 23 21 in
1393 2450 29 21 all
1433 2453 60 24 parts
1500 2449 28 28 ,of
1535 2449 37 22 the
1581 2449 78 22 Town.
1688 2447 77 29 Apply
1775 2452 22 17 to

1327 2490 5 9 \
1393 2483 90 22 Messrs.
1499 2483 78 22 Evans
1591 2482 44 21 and
1650 2482 124 26 Chetham,

1588 2514 119 26 Solicitors,

1655 2541 190 26 Lambton-quay.

1314 2569 54 27 May
1378 2570 32 25 23,
1423 2570 61 20 1842.
1721 2565 5 4 '

1286 2614 171 26 Wellington
1478 2614 55 21 and
1550 2612 185 27 Wanganui—
1736 2612 93 21 Lands
1844 2612 28 19 to

1525 2642 33 19 be
1573 2642 58 19 Let.

1288 2673 119 33 rpOWN
1433 2673 210 23 ALLOTMENTS
1667 2672 23 22 in
1714 2672 31 22 all
1768 2675 60 24 parts
1852 2671 22 21 of

1295 2695 30 27 JL
1361 2701 137 27 Wellington
1515 2701 45 21 and
1570 2699 131 28 Wanganui,
1714 2699 47 21 and
1776 2699 98 26 Country

1288 2727 96 23 Sections
1399 2729 23 21 in
1439 2728 54 22 both
1509 2727 103 26 districts,
1629 2730 23 18 to
1667 2727 25 21 be
1709 2726 32 22 let
1750 2732 29 15 on
1796 2725 78 23 leases.

1288 2755 44 21 For
1340 2755 63 27 plans
1412 2755 47 22 and.
1467 2755 139 28 particulars,
1618 2753 65 28 apply
1693 2757 22 17 to

1620 2788 86 22 Henry
1721 2787 39 22 St.
1776 2786 71 23 Hill.

1316 2814 54 29 July
1379 2817 19 25 1,
1409 2817 61 21 1842.

1454 2861 90 21 Beach
1560 2861 146 25 Frontage.

1291 2894 65 49 TO
1371 2894 38 23 BE
1424 2895 66 27 LET,
1506 2894 70 22 beach
1586 2894 102 26 frontage
1702 2893 44 22 lots
1757 2893 23 21 in
1791 2896 84 19 section

1361 2923 41 20 490
1412 2929 29 14 on
1459 2922 37 21 the
1506 2922 55 21 Plan
1572 2921 27 22 of
1607 2920 37 22 the
1654 2920 67 23 Town
1737 2920 26 21 of
1770 2920 105 25 Welling-

1288 2952 46 23 ton,
1345 2949 116 27 adjoining
1471 2949 43 21 Mr.
1522 2948 90 22 Taine's
1619 2950 68 24 store;
1702 2946 47 22 and
1758 2947 23 21 in
1792 2946 83 22 section

1288 2977 47 25 616,
1343 2975 99 22 between
1452 2976 76 27 Major
1536 2975 90 22 Baker's
1637 2974 43 22 and
1688 2974 46 22 Mr.
1742 2972 134 23 Swainsori's

1288 3002 87 22 houses.

1317 3029 54 22 Also
1381 3028 36 23 the
1426 3028 116 28 following
1550 3028 97 23 sections
1657 3034 29 15 on
1695 3027 39 22 the
1742 3026 57 23 Plan
1807 3026 26 22 of
1840 3026 36 22 the

1289 3056 77 27 Town,
1375 3056 46 21 viz:
1423 3067 29 5 —
1785 3073 3 7 ,
1815 3075 2 9 ,

1391 3084 26 20 55
1554 3083 42 21 319
1746 3073 42 35 9$

1378 3111 42 20 240
1554 3107 42 24 718
1732 3106 55 23 1079
1788 3105 3 13 !

1302 3143 5 3 ■
1317 3136 75 28 Apply
1406 3140 23 18 to

1466 3163 26 22 E.
1507 3163 23 22 J.
1544 3162 151 26 Wakefield,
1711 3168 26 15 or

1465 3197 37 21 W.
1516 3197 28 21 V.
1559 3196 111 27 Brewer;
1682 3195 195 24 Manners-street,

1278 3256 1 19 ;
1291 3249 120 26 Country
1426 3248 129 25 Sections,
1569 3247 44 21 for
1632 3247 59 22 Sale
1713 3252 37 16 on
1769 3245 108 22 Liberal

1535 3275 101 20 Terms'.

1293 3306 164 51 SEVERAL
1491 3307 100 22 Sections
1619 3307 26 21 of
1676 3306 101 27 Country
1805 3304 71 28 Land,

1355 3334 91 28 already
1456 3334 83 22 chosen
1547 3334 25 21 in
1581 3334 39 21 the
1633 3332 94 23 Porirua
1741 3332 92 27 district,
1844 3332 34 21 for

1279 3357 4 36 |
1292 3361 57 27 Sale,
1360 3369 74 14 terms
1444 3368 105 16 liberal.
1579 3360 76 28 Apply
1664 3363 27 19 to'

1386 3395 24 22 F.
1426 3395 29 22 A.
1470 3395 171 26 Mol'esworth,
1658 3393 186 28 Murphy-street,
1855 3399 23 15 or

1280 3428 3 33 j
1387 3422 34 29 W.
1436 3428 30 23 V,
1480 3429 107 26 Brewer,
1598 3428 196 22 Manners-street.

1281 3463 2 11 i
1425 3456 2 4 '
1627 3463 21 4 —
1648 3463 3 3 ■
1651 3463 23 4 —
1674 3463 30 4 —
1704 3462 24 4 —
1728 3461 56 5 —^—
1784 3461 24 4 —
1808 3461 21 4 —
1829 3461 21 4 —
1850 3460 28 5 —

1308 3494 3 4 .
1340 3491 2 10 ,
1443 3486 4 5 -
1457 3498 5 5 L
1481 3479 92 20 House
1589 3479 31 20 to
1630 3479 57 19 Let.

1292 3513 52 48 A
1366 3512 86 22 GOOD
1472 3511 131 23 substantial
1621 3510 76 27 house,
1717 3509 54 23 with
1789 3508 90 23 kitchen

1371 3539 44 21 and
1426 3539 135 26 out-houses,
1569 3542 27 18 to
1606 3538 32 21 let
1645 3538 24 21 in
1679 3536 200 24 Manners-street.

1293 3566 44 21 For
1344 3566 140 26 particulars,'
1493 3565 65 28 apply
1570 3569 23 17 to
1604 3564 44 22 Mr.
1659 3564 123 22 Brewer's
1801 3563 78 22 Office.

1413 3610 173 27 Wellington
1600 3609 162 21 Almanack.

1281 3643 61 50 I\T
1350 3642 41 23 has
1399 3644 63 22 been,
1467 3642 110 27 arranged
1587 3646 22 17 to
1618 3642 59 22 issue
1687 3648 13 15 a
1714 3641 88 22 Pocket
1814 3641 45 23 and
1868 3649 12 14 a

1318 3689 4 4 .
1350 3670 68 23 Sheet
1426 3670 128 23 Almanack
1562 3669 35 22 for
1607 3670 62 25 1843;
1677 3668 58 22 from
1746 3668 37 22 the
1796 3669 84 21 Gazettt

1284 3706 2 18 \
1294 3697 78 22 Office.
1400 3698 95 21 Persons
1509 3696 69 28 being
1590 3696 24 21 in
1623 3695 124 27 possession
1757 3696 27 21 of
1795 3703 45 20 any
1848 3696 32 22 in-

1293 3724 119 23 formation
1423 3724 73 22 which
1506 3723 52 34 they
1568 3722 66 22 think
1643 3722 70 28 likely
1722 3726 23 17 to
1755 3722 46 22 add
1810 3727 24 18 to
1845 3724 35 21 the

1285 3756 2 26 |
1293 3751 116 22 attraction
1419 3751 27 22 of
1452 3751 38 22 the
1500 3745 61 27 work
1570 3750 24 21 in
1609 3749 110 27 question,
1730 3757 38 14 are
1781 3750 99 23 solicited

1293 3781 24 19 to
1327 3778 85 21 furnish
1421 3778 39 21 the
1471 3780 61 19 saTne
1542 3780 21 19 to
1574 3776 38 22 the
1622 3776 85 21 Gazette
1713 3776 78 27 Office,
1800 3778 35 21 for
1845 3777 35 22 the

1294 3812 39 15 use
1343 3806 26 20 of
1374 3804 38 22 the
1422 3804 78 23 Editor
1509 3804 27 22 of
1542 3810 12 15 a
1555 3813 3 5 1
1563 3803 63 22 work
1633 3804 80 26 which,
1722 3803 22 22 if
1749 3804 50 21 well
1809 3804 71 23 stored

1293 3831 54 23 with
1354 3832 58 21 local
1429 3834 91 24 matter,'
1528 3833 83 20 cannot
1619 3830 40 23 fail
1673 3833 22 19 to
1712 3837 65 16 serve
1786 3831 38 22 the
1834 3832 47 21 best

1293 3859 104 21 interests
1406 3858 27 22 of
1440 3858 38 22 the
1487 3857 135 23 settlement.
1648 3878 3 4 .

1325 3891 83 21 Gazette
1418 3890 79 27 Office,
1508 3890 54 27 July
1572 3891 35 26 30,
1619 3891 65 21 1842.-

1302 3942 85 25 TUST
1401 3941 134 28 OPENED,
1542 3941 46 23 and
1596 3949 30 15 on
1636 3941 129 23 Sfcleafthe
1765 3936 3 26 l
1779 3942 70 22 Office
1859 3943 22 21 of

1294 3965 28 28 «l
1358 3970 43 23 this
1410 3971 80 27 Paper,
1500 3969 40 23 ink
1549 3969 78 23 stands
1637 3969 26 22 of
1668 3969 90 23 various
1768 3969 62 22 sixes.

235 732 55 20 For
303 730 115 22 Kelson,
437 745 3 4 .

90 770 29 20 To
128 768 43 21 sail
179 773 26 14 on
214 765 93 25 Monday
316 765 59 23 next,
387 762 38 20 6th
438 761 126 26 September,

43 801 94 25 sf^a
186 796 92 30 rpHE
300 795 56 22 'fast
386 792 76 33 sailing
491 791 129 26 brigantine

65 817 96 37 ifl'^EL
193 815 30 31 X
262 822 101 24 Hannahi
383 820 91 28 Captain
493 819 63 27 Bell;
580 818 40 21 has

36 845 147 34 >ra6i*i»2_'
199 850 101 29 superior
330 846 200 25 accommodation.
577 845 45 22 For

36 871 147 38 32gSSffis
199 877 84 27 freight
300 883 24 15 or
338 881 99 22 passage,
455 873 67 28 apply
541 876 23 18 to
584 872 37 21 the

35 899 148 40 <j___fgjSp
202 904 95 28 Captain
306 910 30 15 on
342 903 78 25 board,
431 908 23 15 or
464 904 23 18 to

392 935 88 22 Willis
495 933 47 23 ond
556 933 38 21 Co.

64 968 147 27 Wellington,
223 966 89 27 August
319 966 35 25 30,
364 964 61 21 1842.
535 980 3 4 ■

37 1015 54 21 For
105 1012 150 22 Auckland
269 1010 54 21 and
334 1009 45 20 the
394 1008 54 25 Bay
460 1006 30 21 of
502 1004 120 25 Islands,

219 1046 35 20 To.
259 1045 41 19 sail
308 1045 23 19 in
341 1045 34 18 ten
385 1042 58 25 days,

190 1078 94 28 rfiHE
299 1076 99 28 superioi'
407 1074 42 22 fast
457 1073 80 26 sailing
546 1071 77 22 schoo-

197 1097 31 30 X
253 1111 40 15 ncr
303 1103 118 25 Catherine,
429 1102 38 21 180
476 1102 59 23 tons,
547 1099 77 21 James

44 1122 136 38 jMb&gg&L
204 1132 141 26 Bannatyne,
361 1132 87 19 master.
484 1126 42 21 For
542 1123 82 28 freight

37 1151 148 35 Z^tiJfSSBJiML
205 1165 26 15 or
243 1163 99 21 passage,
361 1155 65 28 apply
433 1155 29 20 'to
476 1153 39 22 the
531 1153 93 26 Captain

37 1178 148 43 fls^-jqjpp
206 1193 30 14 on
245 1184 78 27 board,
335 1190 24 15 or
370 1186 22 18 to

438 1217 63 23 John
511 1215 85 23 Wade.

39 1259 144 28 Wellington,
197 1255 129 29 September
336 1256 20 25 2,
368 1254 61 21 1842.

152 1303 53 20 For
220 1300 114 26 Freight
349 1304 31 16 or
396 1298 117 20 Charter.

118 1339 41 21 jg-
216 1335 45 17 nn
265 1332 44 22 HE
316 1332 108 22 schooner
428 1330 98 26 Loot-in,
537 1330 27 21 80
570 1331 61 23 tons,-

75 1352 110 38 jS^K^v
223 1368 31 14 -*-
278 1360 18 21 F
297 1358 31 22 m^
329 1366 13 14 a
343 1365 15 21 y
368 1360 81 19 master
455 1365 5 19 ;
473 1364 43 14 can
525 1356 28 21 be
560 1354 68 28 ready

75 1380 131 35 Kgagrajfrf
229 1386 37 22 for
288 1393 38 14 sea
350 1387 25 19 at
397 1387 41 19 two
461 1383 63 27 days'
545 1382 82 21 notice.

66 1405 142 43 J_sjlEgF'
230 1412 75 28 Apply
314 1419 30 15 on
352 1410 72 23 board
434 1414 20 18 to
464 1411 64 26 Capt.
539 1408 88 27 Finlay,

357 1474 64 22 John
434 1473 81 27 Wade,
526 1473 77 26 Agent

72 1506 91 26 August
170 1504 34 26 25,
217 1504 60 21 1842.

46 1552 39 20 To
104 1551 47 19 the
175 1547 170 27 Consignees
371 1546 31 21 of
426 1546 44 21 the
495 1544 135 22 schooner

88 1606 76 37 U__sL
213 1604 163 39 "QARTIES'
387 1612 23 19 to
424 1609 73 22 whom
509 1607 70 29 goods
593 1615 38 14 are

81 1640 108 29 __3Pk_\.
214 1640 29 22 X.
287 1637 124 27 consigned
426 1637 23 21 in
468 1636 38 21 the
526 1635 106 22 schooner

75 1658 131 38 J^^_y
230 1666 115 25 Catherine,
357 1671 39 14 are
413 1662 115 29 requested
544 1666 22 17 to
582 1669 50 21 pass

53 1686 154 38 _gg4__agT
227 1693 59 21 their
317 1691 81 22 entries
427 1694 21 18 at
474 1690 39 21 the
542 1690 91 26 Custom,

52 1713 159 33 f^S^^T*^
228 1720 85 25 House,
329 1718 47 21 and
390 1717 85 22 receive
490 1716 59 22 their
564 1716 69 27 goods

48 1748 24 20 in
82 1751 68 18 terms
160 1747 25 21 of
196 1746 59 22 their
262 1746 41 22 hill
313 1746 25 21 of
348 1744 86 26 lading,
443 1743 94 22 without
552 1742 66 28 delay
625 1751 6 19 ;

49 1774 114 22 otherwise
172 1774 19 21 it
201 1773 46 22 will
260 1772 28 23 be
303 1772 60 21 done
378 1774 24 19 at
417 1771 56 22 their
488 1777 102 19 expense,
609 1777 25 14 or

49 1801 53 27 they
111 1800 46 22 will
165 1800 28 21 be
202 1800 69 22 liable
281 1799 35 22 for
324 1799 114 26 damages.

347 1832 65 22 John
425 1831 81 26 Wade,
522 1831 84 26 Agent.

78 1862 89 25 August
175 1861 34 26 25,
222 1861 60 21 1842.

220 1906 145 24 Bottomry
379 1904 85 21 Bond.

209 1939 173 23 rtIENDERS
396 1938 45 22 will
452 1938 30 22 be
493 1937 103 23 received
605 1937 30 27 by

85 1962 86 34 JjteGjgl
217 1960 29 29 X
284 1966 37 22 the
330 1965 149 28 undersigned
493 1965 35 21 for
538 1964 36 22 the
587 1971 48 15 sum

63 1990 104 34 J«pkE
173 2009 22 15 _.
223 1994 27 21 of
257 1993 67 27 Eight
330 1992 111 22 Hundred
446 1990 63 23 Pound
512 1991 26 21 s
545 1991 80 26 (£800)
629 2007 5 10 ,

52 2014 115 36 Lgßpftgia
176 2019 25 25 [X
222 2019 103 26 required
336 2024 28 14 on
381 2024 13 14 a
405 2018 114 26 Bottomry
530 2017 65 23 Bond
606 2023 28 15 on

51 2040 152 38 |_a_S___|
222 2049 38 17 tne
276 2045 83 26 barque
378 2045 124 25 Indemnity,
521 2044 51 22 who
591 2043 44 22 will

159 2066 40 19 **^
223 2071 45 22 also
277 2071 87 21 furnish
375 2071 29 21 all
413 2071 136 27 particulars.

368 2104 80 21 Waitt
463 2103 46 22 and
522 2103 86 22 Tyser.

78 2137 145 28 Wellington,
236 2138 88 27 August
335 2139 34 26 26,
381 2139 60 20 1842.

176 2189 100 21 Notice
290 2191 30 19 to
337 2189 174 27 Consignees.

63 2238 9 7 '
72 2233 15 12 -s
91 2233 76 27 ___f_,
206 2225 93 35 npHE
331 2224 202 23 undermentioned
570 2224 68 27 thirty

88 2247 96 36 l&|ng»R
213 2247 31 27 X
295 2252 71 27 casks,
400 2252 91 22 marked
518 2251 36 22 JB
577 2251 24 22 in
624 2258 14 14 a

220 2280 107 21 diamond
337 2287 72 14 across
419 2287 12 14 a
441 2278 103 22 diamond

55 2301 150 38 __«g|||§§ite
235 2308 45 20 Ito
291 2308 32 25 10,
336 2309 37 19 ten
384 2306 62 21 hhds.
457 2306 65 26 wine,

221 2335 27 20 10
257 2336 22 19 to
288 2335 33 24 30,
329 2336 84 24 twenty
418 2336 88 24 quarter
511 2332 64 22 casks
580 2332 57 22 wine

224 2360 93 28 shipped
332 2367 29 14 on
377 2360 66 21 board
460 2359 38 22 the
512 2360 53 20 New
582 2360 57 20 York

53 2388 82 20 Packet
152 2388 30 27 by
201 2387 85 27 Joseph
305 2386 91 28 Bishop,
415 2389 37 19 not
460 2408 5 4 ,
474 2386 87 28 having
580 2387 56 22 been

54 2414 96 22 claimed
161 2417 22 18 at
197 2421 44 20 any
253 2414 24 21 of
289 2413 38 22 the
341 2416 60 25 ports
416 2413 71 23 whetfe
503 2413 49 22 that
568 2414 71 21 vessel

54 2441 103 26 touched,
168 2440 58 23 have
241 2440 57 22 been
310 2440 85 22 landed
404 2443 24 18 at
443 2440 48 27 Bay
505 2440 26 22 of
544 2440 94 27 Islands,

54 2467 37 22 the
105 2468 45 21 last
165 2471 50 24 port
225 2468 26 21 of
265 2467 122 27 discharge)
396 2467 47 22 and
455 2467 146 22 warehoused
607 2468 31 21 in

53 2494 36 22 W.
101 2494 105 22 Wilson's
215 2492 175 28 bonded^store,
400 2494 71 22 where
486 2494 54 27 they
550 2501 52 21 may
610 2494 29 23 be

55 2520 45 23 had
110 2529 28 14 on
150 2520 144 28 application.

82 2548 145 26 Wellington,
232 2548 13 26 '
245 2548 83 26 August
334 2549 37 25 .30,
382 2548 60 21 1842.
458 2546 4 4 '
530 2556 17 7 •■■•
563 2556 3 3 •
602 2569 4 5 ,

269 2591 73 23 THIS
356 2592 73 22 DAY.

189 2625 29 31 /({,
239 2626 84 20 Stock
337 2625 42 21 for
393 2626 66 21 Sale.

58 2647 165 59 MESSRS.'
242 2658 153 22 BETHUNE
418 2658 66 22 AND
511 2659 131 22 HUNTER

135 2685 44 22 will
186 2685 43 22 'sell
239 2684 31 28 by
281 2685 78 22 Public
375 2685 103 28 Auction,
489 2693 29 15 on
535 2686 45 22 this
590 2686 50 27 day,

58 2712 115 27 Saturday,
183 2711 39 23 the
238 2712 39 22 3rd
290 2712 26 22 of
327 2712 142 27 September,-
474 2716 24 18 at
513 2715 27 20 12
557 2713 86 22 o'cloct

57 2739 107 26 precisely
171 2746 5 14 :
192 2742 24 18 at
224 2739 58 21 their
291 2739 147 27 stock-yards,
447 2740 32 22 Te
489 2739 55 28 Aro,

85 2765 26 21 25
123 2765 99 26 superior
232 2772 57 15 cows
299 2765 44 22 and
350 2765 82 22 heifers
441 2765 23 23 in
475 2766 51 27 calf,
537 2766 45 22 and
589 2766 54 22 with

61 2791 73 21 calves
143 2794 23 18 at
175 2791 58 22 their
241 2791 52 22 feet.

88 2817 123 22 Particular
220 2818 108 21 attention
338 2817 19 21 is
367 2817 71 22 called
446 2821 21 18 to
474 2818 44 23 this
527 2819 45 21 fine
578 2819 34 21 lot
622 2819 24 22 of

60 2844 64 31 dairy
143 2851 65 20 cows,
224 2847 59 19 most
301 2844 25 21 of
345 2844 63 21 them
475 2845 39 21 the
535 2845 64 28 point
622 2846 25 21 of

60 2870 97 27 calving,
169 2870 45 22 and
222 2877 52 15 now
282 2871 24 21 in
316 2870 38 21 the
363 2870 50 21 best
423 2871 110 22 condition
542 2880 6 19 ;
563 2871 82 28 having

60 2897 57 21 been
133 2897 101 27 running
237 2917 6 11 }
251 2897 35 21 for
302 2896 102 28 upwards
423 2897 23 21 of
466 2898 62 22 three
547 2899 96 26 months,

61 2924 62 21 since
133 2923 57 22 their
199 2922 82 23 arrival
289 2927 45 24 per^
338 2924 87 20 lsabella
434 2925 47 19 Ann
491 2925 46 21 and
545 2926 98 20 Eleanor.

233 2961 7 5 -
270 2957 74 15 AFTER
358 2946 85 32 WHft?H,

89 2979 9 19 1
110 2976 72 22 brood
194 2984 63 14 mare
272 2984 84 20 young,
372 2977 46 22 and
432 2978 60 22 three
506 2981 62 25 parts
582 2979 61 28 bred,

60 3004 79 27 heavy'
143 3004 23 21 in
175 3003 52 27 foal,

90 3032 12 20 1
113 3031 62 21 three
185 3037 55 20 year
249 3030 37 21 old
295 3029 68 28 filley.

248 3064 75 14 TERMS
323 3067 27 4 —
352 3064 103 15 LIBERAL.

61 3083 143 27 Wellington,
217 3083 130 28 September
355 3085 20 26 3,
387 3085 59 21 1842.

99 3129 67 20 Just
188 3128 127 22 received
328 3129 54 20 -Ex

169 3162 53 21 And
229 3167 28 15 on
266 3162 43 20 sale
317 3162 27 26 by
354 3162 36 21 the
397 3161 142 27 Undersigned

63 3195 156 49 PORTER,
234 3195 26 22 in
273 3195 74 28 hhds.,
359 3196 2 6 '
387 3195 24 23 -sg
413 3198 2 6 '
431 3196 6 3 '

119 3223 68 21 Wine
197 3223 108 27 (sherry,)
315 3223 25 21 in
350 3225 96 25 octaves,

114 3249 52 28 Ale,
175 3250 24 22 in
210 3249 147 22 three-dozen
368 3256 61 16 cases
440 3249 128 28 (Taylor's,)

91 3288 2 8 ■
116 3275 67 23 Flour
190 3276 51 22 first
250 3276 86 28 quality
346 3276 66 27 (very
420 3277 65 26 new;)

115 3303 44 22 Ale
168 3304 24 21 in
200 3303 94 27 barrels,
337 3301 29 34 '^
394 3312 2 6 ■
408 3306 2 6 '

83 3342 3 9 i
114 3329 60 23 Beef
183 3330 24 22 in
216 3330 93 27 barrels,
314 3339 3 9 ■

78 3364 7 12 •.
115 3356 110 29 Herrings
233 3357 90 28 pickled
331 3357 25 22 in
364 3357 91 27 barrels,
584 3366 3 3 -
612 3372 3 6 ,
626 3358 3 7 '

80 3399 6 5 -
115 3382 89 29 Brandy
213 3384 26 22 in
248 3384 72 27 hhds.,

115 3409 108 23 Blankets
233 3414 38 18 ten
281 3411 47 22 and
326 3414 4 5 I
337 3411 81 22 eleven
425 3413 106 26 quarters,

106 3446 4 1 -
116 3436 85 22 Biscuit
207 3437 27 22 in
243 3437 92 28 barrels,
338 3459 4 4 .
387 3450 5 5 •

115 3462 88 23 Biscuit
212 3464 86 28 (sweet)
309 3465 25 21 in
344 3465 130 28 kilderkins,

115 3489 49 22 Tea
172 3496 55 20 very
236 3492 99 25 superior
342 3492 173 27 imhalf-chests,
542 3508 4 9 ,

116 3515 72 28 Sugar
197 3517 56 26 (fine
262 3517 115 29 Manilla,)
450 3520 3 6 '
557 3532 4 3 •

116 3542 59 22 Deal
183 3543 178 29 boardsplaned,

116 3568 80 29 Doors,
206 3570 195 29 window-frames,
412 3573 41 22 and
462 3573 93 26 sashes,.
585 3576 4 5 '

100 3595 3 5 '
117 3595 124 24 Bedsteads
251 3597 44 23 and
303 3599 78 22 tables.
542 3593 22 28 £

91 3622 48 22 One
159 3623 91 23 wooden
267 3625 70 22 house
356 3626 112 28 complete,
489 3628 27 21 of
534 3634 50 15 new
602 3627 46 23 and

65 3649 99 26 superior
182 3651 158 28 construction,
350 3652 83 22 -which
448 3661 54 20 may
519 3654 29 23 be
566 3658 33 19 set
617 3661 30 20 up

65 3675 93 22 without
173 3676 37 23 the
230 3684 95 21 expense
335 3679 37 21 'of
382 3679 64 28 nails;
465 3680 40 23 the
520 3680 64 23 walls
601 3680 47 23 and

64 3701 117 27 partitions
197 3703 69 27 being
277 3704 38 22 -of
334 3705 107 22 two-inch
461 3707 76 27 plank,
561 3708 85 23 match-

65 3728 82 25 plianed
155 3728 47 22 into
211 3729 39 22 the
260 3730 115 27 uprights,?
377 3736 2 7 1
384 3731 45 22 and
440 3732 44 23 into
504 3734 57 23 each
575 3735 71 22 other.

65 3754 68 22 Plans
142 3761 51 21 may
206 3755 30 21 be
248 3763 52 15 seen
312 3759 23 19 at
347 3755 157 27 thevoffice'of
514 3761 134 23 the'-under-

65 3793 9 14 s
74 3780 73 27 igned,
159 3781 46 22 and
214 3781 43 23 the'
261 3781 70 24 house
339 3784 85 27 maybe
434 3793 51 15 seen
495 3795 29 14 on
534 3788 70 23 board
609 3789 38 22 the

66 3809 114 21 Catherine.
197 3810 3 5 '
395 3816 10 11 >'■

91 3861 18 3 _
141 3861 5 7 ,
360 3847 8 7 *
459 3839 64 24 John
537 3842 81 25 Wade!

91 3861 96 28 Te-Aro,
198 3862 92 27 August
298 3864 33 27 25,
344 3863 61 23 1842:

203 3929 3 4 .
256 3908 27 25 J>
297 3909 38 21 M.
350 3910 107 26 Taylor,

79 3932 152 25 LICENSED
255 3935 238 26 CUSTOM-HOUSE
516 3939 116 31 AGENT,

310 3970 28 15 TE
352 3971 52 15 ARO.
