2550 4039
1901 3909 77 17 Printed
1990 3911 37 16 and
2039 3911 103 21 published'
2155 3917 54 18 every
2225 3914 114 23 Wednesday
2354 3916 38 16 and
2402 3916 83 19 Saturday

1922 3930 91 22 morning,
2027 3932 26 21 by
2069 3933 86 17 Samcxl
2168 3935 90 19 RsvAira,
2274 3937 19 16 at
2307 3937 31 16 the
2354 3937 62 19 Office,
2425 3937 20 16 of
2454 3937 30 16 the

1920 3953 52 15 Nbw
1985 3953 101 17 Zealand
2096 3954 92 18 Gazbttjb
2199 3960 42 17 aud
2253 3956 138 19 Wxlhngton
2406 3958 79 16 Specta-

1922 3977 44 12 tor.
1977 3973 158 23 Manners-stret*,
2272 3978 43 18 Port
2327 3979 105 20 Kloholion,
2444 3978 41 16 Ntir

548 39 100 47 Wtp
671 40 120 41 Wfeto
817 39 211 42 afratarnti
1049 40 195 46 GStwpttt
1269 40 91 40 atib
1385 39 304 47 WBMUnqtim
1713 37 264 49 &pttto«or»

1906 130 223 24 WHOLESALE
2158 131 126 25 PRICES
2317 132 177 27 CURRENT.

2001 169 142 15 .CORRECTED
2157 171 29 14 UP
2199 171 29 15 TO
2241 171 58 15 LAST
2315 165 89 21 NIGHT.'
2444 179 4 10 ,

2247 197 16 18 £
2284 201 17 14 «.
2326 198 19 17 4.
2399 197 18 18 £
2438 203 16 13 S.
2478 200 18 16 d.

1907 222 66 22 Alb:
1988 222 29 23 In
2025 222 79 29 bottle,
2111 230 42 21 per
2161 223 58 24 hhd,
2221 240 9 11 «
2249 226 135 22 700..
2402 228 55 20 00
2483 230 14 19 0

2084 257 41 20 per
2130 251 100 24 barrel*.
2248 253 13 21 5
2289 254 16 21 0
2331 254 15 20 0
2363 266 20 8 ..
2401 254 14 21 0
2441 255 15 20 0
2482 256 14 20 0

2083 277 91 27 perdoz
2250 281 13 20 0
2277 280 28 21 IS
2331 281 15 21 0
2362 294 21 7 ..
2401 282 15 21 0
2441 281 14 20 0
2482 283 15 19 0

1906 302 101 22 Arrack
2014 310 9 14 t
2035 303 45 22 Per
2089 304 44 25 gal.
2142 304 25 23 in
2175 304 62 23 bond
2251 308 13 20 0
2292 307 12 22 1
2332 307 15 21 9
2364 320 19 9 
2401 308 15 21 0
2442 308 14 21 2
2482 312 14 19 0

1906 329 94 22 Bread:
2016 329 44 22 Per
2067 330 45 23 2lb.
2124 331 50 22 loaf
2187 345 47 10 ..„
2251 334 14 20 0
2289 334 18 20 O
2333 333 13 22 7
2363 346 20 8 ..
2401 335 15 20 0
2442 335 14 20 0
2482 336 15 19 0

1906 355 74 23 Beep':
1995 356 79 27 Fresh,
2093 364 90 15 carcase
2197 365 40 20 per

2023 382 24 22 lb
2209 398 20 10 *,
2247 387 14 20 0
2288 386 13 19 0
2316 387 29 21 10
2361 400 20 7 ~
2398 388 15 20 0
2439 388 15 20 0
2480 389 15 19 0

2015 409 55 27 Salt,
2080 416 40 21 per
2133 411 67 22 tierce
2214 426 6 7 .
2226 425 6 7 .
2272 419 60 16 none
2362 414 134 21 ..000

2015 435 45 23 Do.
2068 444 42 19 per
2117 437 80 23 .barrel
2212 452 7 7 .
2225 452 7 7 .
2271 446 59 15 none
2361 441 134 20 ..000

1906 462 107 22 Buttjbrj
2028 463 68 27 Irish,
2105 464 78 27 perlb.
2214 478 19 8 ..
2362 468 134 21 ..000

2028 489 71 23 Fresh
2251 494 13 20 0
2290 494 15 21 3
2331 494 19 21 3.
2362 504 21 10 .
2401 495 14 20 0
2442 495 13 20 0
2482 495 14 20 0

1906 515 112 23 bRANurt
2032 516 61 22 First
2098 517 91 28 quality,
2197 525 40 20 per

2055 543 77 26 gallon
2141 544 25 21 in
2175 544 61 23 bond
2249 548 14 19 0
2290 545 15 24 7
2331 548 14 20 0
2362 560 6 7 .
2375 561 6 6 .
2400 548 14 21 0
2441 548 14 20 9
2481 549 15 20 0

1906 569 87 22 Brown
2012 569 89 23 Stout:
2124 578 41 20 per
2176 571 54 22 hhd.
2246 574 13 19 6
2274 574 27 20 10
2328 575 13 20 0
2359 588 20 6 ..
2399 574 14 22 7
2440 575 13 20 0
2480 576 14 19 0

1906 596 100 22 Cigars:
2019 596 103 28 Manilla,
2130 604 39 20 per
2174 599 61 26 1000,
2249 600 14 20 3
2290 601 15 20 0
2331 602 50 19 0..
2400 602 13 20 0
2441 602 13 19 0
2481 602 14 20 0

2016 622 97 23 Inferior
2250 626 54 22 1-18
2331 628 13 20 0
2361 640 20 7 ..
2399 628 14 20 2
2440 628 13 21 0
2481 630 13 19 0

2016 649 136 28 Havannah,
2157 651 77 27 perlb.
2270 659 59 15 none
2360 656 133 19 ..000

2015 676 170 28 Chinsurahper
2190 679 70 21 10001
2276 680 27 21 10
2330 681 14 20 0
2361 692 19 8 ..
2398 682 14 19 0
2439 682 13 19 0
2479 683 14 19 0

2014 703 214 23 Alexandrian....
2248 706 11 21 1
2275 707 28 20 10
2329 708 13 20 0
2359 720 21 7 ..
2397 708 14 21 0
2439 708 13 21 0
2479 710 15 19 0

1905 730 101 22 Coffee:
2018 730 64 28 Java,
2093 731 78 28 perlb.
2183 745 47 8 ....
2247 734 14 20 0
2289 734 14 20 0
2317 734 26 21 10
2360 748 20 6 ..
2397 736 14 19 0
2439 736 11 19 1
2479 736 15 20 S

1905 757 104 22 Cheese:
2025 757 106 22 Cheshire
2248 761 13 20 0
2289 761 11 20 1
2329 762 13 19 6
2360 774 20 7 ..
2398 762 14 20 0
2439 762 13 20 0
2479 763 14 20 0

2023 783 56 23 Pine
2089 785 75 27 Apple
2183 799 47 8 ....
2249 787 12 20 0
2289 788 14 19 0
2329 788 14 20 0
2360 802 20 5 ..
2399 790 12 19 0
2441 789 9 20 1
2478 790 15 19 2

2023 811 77 21 Dutch
2249 814 13 21 0
2289 815 14 20 0
2330 815 51 20 0..
2419 821 68 16 none,

1905 837 106 22 Candles
2020 844 4 14 :
2031 837 95 27 English
2133 846 55 20 wax,
2195 847 40 19 per

2049 863 24 22 lb
2249 868 12 20 0
2288 868 14 20 3
2329 861 14 28 6
2361 882 19 7 ..
2399 870 13 20 0
2440 870 13 19 0
2480 872 11 19 0

2036 891 81 22 Mould
2247 895 13 20 0
2289 895 11 20 1
2328 896 13 19 3
2359 909 21 6 ..
2398 896 13 20 0
2439 897 14 20 0
2479 899 13 18 0

2037 917 70 28 Dips.
2247 922 13 19 0
2287 922 13 20 1
2327 922 14 20 0
2358 935 21 6 ..
2397 924 14 19 0
2434 924 17 21 ,0
2479 925 12 19 0

1905 943 94 23 Flour:
2008 944 132 28 lstquality,
2150 952 40 20 per
2194 948 40 19 ton

2028 973 27 19 of
2064 972 55 21 2000
2129 971 34 22 lbs
2232 974 27 21 28
2287 975 14 20 0
2328 976 13 19 0
2359 976 52 21 .-30
2438 977 13 20 0
2478 979 13 18 0

2004 997 144 23 2ndditto..
2248 1002 14 21 0
2288 1002 14 19 0
2329 1002 13 20 0
2359 1004 53 19 ..20
2439 1004 13 19 0
2479 1005 13 19 0

1905 1024 61 22 Gin:
1986 1024 54 22 Pale
2057 1025 25 21 in
2093 1025 59 22 bond
2247 1029 14 19 0
2287 1028 14 21 3
2329 1030 12 19 0
2359 1043 20 6 ..
2397 1031 13 20 0
2437 1030 14 21 4
2478 1032 12 19 6

1955 1052 63 26 Case,
2025 1053 15 20 4
2046 1052 38 27 gal
2093 1053 37 20 4-5
2138 1053 25 21 in
2172 1053 61 22 bond
2247 1056 14 19 0
2287 1056 14 19 0
2328 1057 50 19 0..
2398 1058 11 19 1
2437 1058 14 20 8
2479 1059 12 19 0

1905 1077 21 22 II
1931 1086 44 14 ams
1982 1086 5 14 :
2003 1079 130 28 Yorkshire,
2147 1087 40 20 per
2195 1080 23 22 lb
2226 1096 6 7 .
2249 1082 12 20 0
2289 1083 14 20 0
2330 1084 13 19 0
2360 1097 6 6 .
2373 1097 7 6 .
2398 1085 14 20 0
2439 1085 13 19 0
2480 1086 13 19 0

1904 1105 128 22 Mustard:
2047 1105 46 22 Per
2100 1105 72 23 dozen
2184 1121 46 8 ....
2248 1110 13 19 0
2276 1110 27 19 18
2329 1111 14 19 0
2360 1124 20 6 ..
2398 1112 14 19 0
2439 1111 14 20 0
2480 1113 13 19 0

1893 1145 2 8 :
1904 1132 116 21 Mutton:
2040 1133 94 22 Carcase
2143 1141 42 19 per
2192 1134 24 22 lb
2226 1150 6 6 .
2247 1137 14 19 0
2287 1137 15 19 0
2329 1137 13 20 9
2360 1150 19 7 ..
2397 1138 14 20 0
2439 1138 13 20 0
2466 1138 22 21 11

1893 1155 2 32 [
1904 1159 124 21 Muskets:
2043 1159 94 22 Walnut
2143 1160 92 23 stocked
2249 1163 12 20 0
2288 1164 15 19 0
2329 1164 13 20 0
2359 1177 21 8 ..
2398 1166 13 19 0
2427 1164 24 21 15
2480 1166 13 19 0

1904 1185 79 22 Milk:
1999 1185 100 28 Perpint
2193 1189 8 18 '.
2210 1200 19 8 ..
2247 1190 14 19 0
2288 1190 13 19 0
2329 1190 50 21 3..
2398 1192 13 19 0
2439 1192 13 19 0
2479 1192 13 20 4

1893 1214 2 23 i
1905 1213 56 21 Oil:
1978 1212 104 26 Linseed,
2093 1220 40 20 per
2140 1213 76 27 gallon
2225 1230 7 6 .
2247 1216 14 20 0
2287 1216 13 19 5
2329 1218 13 19 0
2360 1230 20 7 ..
2397 1219 14 19 0
2439 1216 13 23 7
2481 1220 12 19 0

1978 1239 78 27 Black,
2061 1239 25 21 in
2091 1239 171 28 cask,pertonl7
2277 1243 27 20 10
2331 1244 12 19 0
2361 1257 19 7 ..
2399 1246 13 19 0
2440 1246 13 19 0
2480 1247 13 19 0

2016 1266 155 26 5perm.......
2180 1268 77 22 ....75
2285 1270 14 19 0
2327 1270 11 19 0
2357 1284 20 7 ..
2395 1272 13 19 0
2437 1272 12 19 0
2478 1274 11 17 0

1904 1292 77 22 Pork:
1996 1292 77 28 Fresh,
2091 1300 89 15 carcase
2195 1301 40 21 per
2352 1300 6 8 3

2021 1319 23 22 lb
2246 1324 14 19 0
2287 1324 14 20 0
2328 1323 12 21 5
2359 1338 20 6 ..
2397 1326 13 20 0
2438 1327 13 20 0
2478 1328 13 19 0

1904 1345 65 22 Pork
1976 1353 5 14 :
1998 1346 66 27 Irish,
2075 1354 40 20 per
2123 1347 74 22 barrel
2209 1363 5 6 .
2221 1363 6 6 .
2245 1350 15 20 0
2287 1352 14 19 0
2329 1352 36 20 0.
2373 1366 6 6 .
2411 1359 59 15 none

1904 1373 131 22 Potatoes:
2055 1369 57 26 New
2126 1374 107 28 Zealand,

2080 1407 40 20 per
2129 1404 38 19 ton
2181 1416 45 7 ....
2244 1404 14 19 5
2286 1405 14 20 0
2327 1406 13 20 0
2358 1420 5 5 .
2371 1420 7 6 .
2397 1407 14 20 0
2437 1407 14 21 0
2478 1409 13 19 0

1903 1427 95 22 Porter
2007 1433 6 15 :
2041 1427 103 28 Dunbar,
2154 1428 24 22 in
2186 1429 45 22 hot.

2071 1454 93 27 perdoz
2246 1458 13 20 0
2274 1459 26 20 13
2327 1460 13 20 0
2358 1473 20 6 ..
2396 1461 13 20 0
2437 1461 14 21 0
2478 1463 12 19 0

2012 1480 88 28 Bryant
2108 1481 45 22 and
2163 1482 68 23 Davis
2246 1485 13 20 0
2286 1486 14 19 0
2327 1487 13 20 0
2358 1500 19 7 ..
2396 1489 14 19 0
2437 1489 13 19 0
2477 1489 12 20 0

1903 1507 99 22 Pickles
2013 1515 6 14 :
2050 1508 116 27 Assorted,
2194 1517 40 19 per

2077 1534 57 28 doz.,
2159 1540 75 22 quarts
2249 1538 9 21 1
2289 1539 11 20 1
2329 1540 12 20 0
2359 1554 21 6 ..
2397 1543 14 19 0
2438 1543 13 19 0
2479 1543 11 19 0

1904 1561 74 22 Pitch
1990 1568 5 15 :
2027 1559 139 30 Stockholm,
2194 1571 40 19 per

2053 1588 74 22 barrel
2248 1593 13 20 0
2287 1594 14 19 0
2329 1595 50 20 0..
2398 1595 11 21 1
2424 1596 28 20 10
2480 1598 13 19 0

1904 1615 95 22 Plank:
2026 1615 55 22 Port
2102 1615 131 30 Nicholson,

2053 1649 41 21 per
2103 1644 40 21 100
2152 1643 76 22 feet..
2247 1647 13 20 0
2287 1648 16 19 a
2328 1648 13 20 0
2358 1661 20 7 ..
2397 1649 11 20 1
2438 1650 10 20 1
2477 1651 12 19 0

1903 1668 70 22 Rice:
1987 1668 110 23 Common
2106 1677 41 20 per
2152 1674 47 19 cwt.
2211 1686 18 7 ..
2248 1674 15 20 0
2288 1676 16 18 4*
2329 1675 12 20 0
2359 1689 19 6 ..
2397 1677 14 19 0
2437 1677 14 20 0
2477 1679 12 19 0

1986 1696 66 22 Good
2247 1701 11 20 1
2285 1701 18 21 <J
2327 1703 15 19 o-
2357 1715 22 8 ►»
2396 1704 13 20 1
2436 1704 53 21 80

1903 1722 56 22 Rum
1966 1729 6 15 :
1988 1723 25 22 P.
2024 1724 26 21 B.
2061 1723 35 27 P.,
2109 1731 40 20 per
2157 1725 75 27 gallon

2025 1750 24 21 in
2063 1750 62 23 bond
2246 1755 13 20 0
2286 1756 15 20 4
2328 1756 11 19 0
2358 1769 20 7 ..
2396 1758 15 20 0
2435 1756 14 22 5
2477 1759 14 21 9

1903 1776 89 23 Sugari
2009 1777 120 23 Mauritius
2138 1786 40 20 per
2185 1783 49 19 cwt.
2248 1783 13 19 0
2288 1783 15 19 0
2329 1784 51 20 0..
2411 1791 57 15 none

2012 1804 82 22 Brown
2108 1805 55 22 ditto
2179 1820 46 8 ....
2244 1809 12 21 1
2272 1809 26 21 14
2326 1811 82 21 0..2
2435 1813 13 19 0
2475 1814 15 19 0^

2012 1831 97 23 Refined
2124 1832 52 28 loaf,
2194 1841 40 21 per

2037 1858 24 22 lb
2247 1863 13 21 0
2287 1864 13 20 0
2329 1865 12 19 9
2359 1878 19 6 ..
2397 1866 13 20 0
2437 1867 12 19 0
2477 1867 15 20 a

2003 1903 5 4 ,
2013 1885 96 22 Manilla
2128 1894 39 20 per
2180 1891 48 19 cwt.
2244 1891 13 19 0
2284 1891 14 19 0
2326 1892 12 20 0
2356 1904 20 7 ..
2395 1891 65 23 None

1903 1912 59 21 Salt
1970 1919 6 14 :
1992 1912 127 28 Liverpool,
2129 1921 40 22 per
2178 1917 38 20 ton
2224 1931 6 6 .
2245 1917 13 20 3
2286 1919 14 19 0
2327 1919 13 20 0
2357 1930 6 8 .
2369 1931 8 7 .
2395 1919 14 21 4
2436 1921 13 20 0
2477 1922 11 19 0

1903 1938 59 22 Soap
1971 1947 6 14 :
2003 1939 104 22 Hawes's
2129 1940 103 29 London,

2030 1974 39 20 per
2075 1970 40 19 ton
2231 1971 27 20 35
2286 1972 14 20 0
2327 1973 13 19 0
2358 1985 6 6 .
2371 1986 6 6 .
2396 1973 13 19 0
2438 1975 13 19 0
2477 1976 14 19 0

2020 1993 120 27 Liverpool
2217 1999 41 18 ,26
2286 1999 14 19 0
2326 2001 13 17 0
2356 2011 20 7 ..
2394 2002 14 18 O1O
2409 2004 2 4 1
2435 2001 14 17 O
2476 2002 15 18 ft

1902 2019 91 23 Starch
2001 2027 5 13 :
2022 2020 43 21 Per
2073 2020 25 21 lb
2246 2025 13 19 0
2287 2025 13 19 0
2327 2025 12 19 y
2357 2038 7 6 .
2370 2038 7 6 .
2395 2027 16 19 O
2437 2028 13 19 0
2477 2028 15 19 0

1901 2047 145 20 Scantling:
2061 2046 44 22 Per
2112 2048 40 21 100
2160 2048 67 22 feet..
2246 2051 14 19 0
2287 2050 14 20 0
2328 2052 50 21 0...
2397 2053 11 20 1
2437 2054 12 20 0
2477 2055 12 20 0

1901 2073 129 22 Shingles:
2046 2073 44 22 Per
2097 2075 60 27 1000,
2166 2075 29 21 N.
2203 2076 26 21 Z.
2247 2077 9 19 1
2288 2078 8 19 1
2327 2079 12 19 0
2357 2091 22 7 ..
2397 2080 11 19 1
2436 2079 13 21 5
2476 2081 13 20 Q

2032 2100 71 27 Ditto,
2125 2100 28 22 V.
2164 2102 28 21 D.
2203 2102 27 22 L.
2244 2103 14 21 2
2286 2105 14 20 0
2327 2107 12 18 0
2357 2117 21 8 .»
2395 2108 15 19 0
2436 2109 15 19 0
2476 2109 13 19 0

1900 2126 65 22 Tau»
1980 2127 54 22 Coal
2108 2140 24 8 
2247 2131 9 20 1
2286 2132 12 19 5
2327 2132 51 20 ()'..
2397 2135 13 19 0
2437 2135 13 20 0
2477 2138 13 18 0

1984 2154 129 22 Stockholm
2249 2159 9 19 1
2275 2159 27 20 10
2329 2160 12 20 0
2359 2172 19 7 ..
2397 2161 13 20 0
2438 2163 12 19 0
2477 2164 13 18 (/

1901 2180 49 23 Tea
1957 2189 7 14 i
1973 2181 82 27 Hyson
2060 2181 55 27 skin,
2122 2189 40 20 per
2171 2182 63 23 chest
2246 2184 13 22 7
2288 2185 13 22 7
2328 2187 13 19 0
2358 2188 52 20 ..10
2437 2189 13 20 0
2477 2191 11 18 0

1977 2208 95 27 Congou
2221 2212 40 21 .12
2286 2213 16 20 O
2328 2214 13 20 0
2358 2223 20 11 .»
2396 2215 13 20 0
2437 2216 12 20 0
2476 2218 13 18 0

1900 2234 107 22 Tobacco
2016 2243 5 13 :
2034 2235 142 28 Negrohead,
2194 2245 40 19 per

2061 2262 32 22 lb.
2105 2262 25 22 in
2145 2263 59 23 bond
2246 2267 13 19 0
2287 2267 7 20 ]
2327 2268 36 20 0.
2371 2281 8 6 .
2395 2269 14 20 0
2437 2270 13 20 0
2476 2271 14 20 0

1901 2288 166 23 Turpentine:
2082 2290 44 21 Per
2129 2290 98 27 gallon..
2247 2294 13 20 0
2287 2296 13 18 6
2328 2296 13 19 0
2359 2307 21 8 ..
2397 2296 14 20 0
2437 2298 13 19 0
2477 2298 12 19 0

1901 2315 152 23 Whalebone
2059 2323 6 15 :
2081 2316 43 22 Per
2133 2321 39 18 ton
2182 2331 45 9 ....
2233 2321 26 20 85
2287 2323 13 19 0
2328 2323 12 19 0
2359 2334 5 7 .
2371 2335 7 6 .
2384 2323 26 20 90
2437 2324 13 20 0
2476 2326 13 19 0

1901 2342 70 23 Wine
1979 2350 6 14 >
2000 2343 91 28 Sherry,
2100 2351 40 20 per
2148 2345 79 27 pipe..
2232 2348 27 20 28
2287 2349 14 19 0
2328 2349 12 20 0
2358 2350 53 20 ..40
2437 2352 13 19 0
2476 2352 12 19 0

2011 2370 73 28 Ditto,
2098 2378 40 19 per
2152 2371 78 23 dozen.
2247 2375 9 20 1
2285 2377 15 18 4
2327 2377 13 19 0
2358 2389 19 6 ..
2395 2377 14 19 2
2437 2378 12 19 0
2476 2380 12 18 0

2011 2397 61 28 Port,
2083 2405 40 20 per
2132 2398 49 28 pipe
2206 2402 52 20 ..28
2284 2403 16 20 0
2326 2404 12 19 0
2357 2404 52 20 ..60
2436 2405 13 20 0
2475 2406 13 19 0

2080 2432 40 20 per
2130 2426 47 22 doz.
2207 2439 6 8 .
2220 2441 5 7 .
2246 2429 10 21 1
2284 2429 14 21 8
2327 2430 12 21 0
2357 2443 5 6 .
2370 2443 6 7 .
2394 2431 22 20 2-
2435 2432 13 19 8
2475 2433 11 19 0

2011 2451 151 28 Champagne,
2176 2453 55 23 ditto
2244 2456 14 20 2
2286 2456 13 20 6
2327 2458 13 19 0
2357 2470 5 6 .
2369 2468 7 8 .
2394 2458 55 20 310
2475 2460 12 19 0

1901 2477 123 23 Poultry:
2039 2479 81 27 Fowls,
2127 2487 40 20 per
2173 2481 48 27 pair
2227 2497 5 7 .
2248 2484 13 20 0
2289 2485 12 19 8
2329 2486 13 18 0
2359 2497 20 7 ..
2397 2486 14 19 0
2425 2486 26 20 16
2478 2487 13 19 0

2037 2505 87 29 Ducks,
2134 2507 56 22 ditto
2209 2510 92 21 ..016
2328 2512 13 19 0
2358 2523 6 8 .
2371 2524 7 7 .
2397 2512 13 21 0
2437 2513 14 20 0
2477 2514 13 19 0

2029 2550 4 2 .
2039 2533 80 28 Geese,
2131 2534 56 22 each
2207 2548 7 8 .
2221 2549 6 8 .
2247 2538 10 19 1
2286 2540 14 18 0
2327 2539 13 20 0
2357 2550 7 7 .
2370 2550 8 8 .
2395 2540 15 19 0
2436 2541 15 19 0
2476 2541 12 19 0

2037 2559 110 29 Turkeys,
2158 2561 55 23 each
2248 2564 10 21 1
2287 2565 14 20 0
2328 2566 13 20 0
2359 2578 7 7 .
2373 2577 7 8 .
2397 2567 14 20 0
2438 2568 13 19 0
2477 2568 12 20 0

2037 2587 105 28 Pigc-ons,
2152 2589 78 28 (wild,)

2063 2621 42 20 per
2112 2615 50 27 pair
2182 2618 77 20 ....0
2287 2619 14 20 0
2328 2620 83 21 0..0
2436 2621 13 20 2
2477 2622 13 19 0

2036 2640 89 28 Ducks,'
2131 2641 36 23 do.
2176 2643 52 21 do..
2247 2645 13 20 0
2287 2645 13 20 5
2328 2646 15 20 0
2359 2650 20 16 .'.
2397 2641 31 27 0'
2437 2649 14 20 0
2477 2649 13 19 0

1900 2667 62 22 Eggs
1969 2674 7 14 :
1992 2667 43 22 Per
2044 2667 73 22 dozen
2221 2682 18 9 .-
2247 2672 13 20 0
2287 2672 14 20 3
2327 2673 38 20 0.
2371 2687 9 6 .
2397 2675 13 20 0
2438 2676 13 20 0
2478 2676 14 19 0

1900 2721 78 22 Cows:
1992 2721 160 25 Mi1ch.......
2231 2726 29 19 20
2286 2727 14 20 0
2327 2727 13 20 0
2357 2728 52 21 ..30
2437 2722 13 27 6
2477 2730 13 19 0

1900 2748 85 22 Mares
1992 2756 5 13 :
2012 2749 77 21 Brood
2230 2752 28 21 50
2285 2754 13 19 0
2326 2754 12 20 0
2356 2755 53 21 ..90
2436 2756 13 20 0
2477 2757 12 20 0

1901 2775 117 22 Working
2034 2775 133 24 Bullocks:
2189 2778 44 22 Per

1927 2802 50 27 pair
2181 2807 80 20 ....40
2287 2807 15 20 0
2329 2808 12 20 0
2359 2809 52 20 ..60
2438 2810 13 20 0
2478 2810 13 20 0

1900 2828 65 23 Hire
1976 2836 26 15 ok
2014 2837 68 14 ditto
2090 2837 5 14 :
2110 2831 44 22 Per
2160 2831 51 29 day,
2220 2839 14 15 a

1928 2859 60 19 team
1999 2856 45 22 and
2051 2856 75 23 driver
2248 2861 10 20 1
2288 2862 13 19 0
2329 2862 81 21 0..2
2439 2864 12 19 0
2478 2864 12 20 0

1901 2883 89 22 Sheep:
2005 2883 100 22 Each...
2247 2888 11 21 1
2287 2890 28 19 0■
2327 2885 13 24 6
2358 2900 20 9 ..
2397 2890 11 20 1
2437 2891 13 20 8
2477 2892 12 19 0

1900 2911 64 21 Boat
1976 2911 73 22 Hire:
2065 2911 43 22 Per
2114 2912 50 28 day,
2170 2913 64 22 with-

2094 2942 39 19 out
2141 2940 89 23 hands.
2245 2943 13 20 0
2274 2944 26 19 10
2327 2944 13 20 0
2358 2957 20 6 ..
2398 2944 10 20 1
2437 2945 13 21 0
2477 2947 12 18 0

1901 2991 87 23 Wages
1995 2999 5 14 :
2029 2992 141 30 Mechanics,
2194 3002 41 20 per

2055 3020 64 22 week
2247 3024 14 20 2
2288 3024 14 20 0
2329 3025 81 21 0..3
2438 3027 13 20 0
2477 3027 13 19 0

2037 3046 129 25 Labourers
2181 3062 46 9 ....
2247 3051 11 21 1
2274 3051 27 21 10
2328 3052 13 20 0
2359 3065 20 7 ..
2398 3053 11 20 1
2425 3053 26 20 16
2477 3053 12 20 0

2138 3076 121 23 DUTIES.

1901 3100 100 23 British
2012 3101 93 24 Spirits
2119 3112 182 14 ..'.........,..
2319 3107 31 20 4s.
2360 3113 41 20 per
2409 3106 80 27 gallon.

1901 3127 105 22 Foreign
2020 3128 55 23 ditto
2318 3133 32 22 ss.
2361 3140 40 21 per
2408 3133 80 28 gallon.

1900 3155 106 22 Tobacco
2016 3157 179 28 manufactured,
2321 3161 29 21 Is.
2360 3167 41 20 per
2409 3161 31 22 lb.

2015 3183 217 25 Unmanufactured.
2238 3199 7 8 .
2254 3200 4 7 .
2265 3199 7 8 .
2281 3199 6 8 .
2293 3198 7 9 »
2318 3187 36 22 9d.
2364 3194 42 20 per
2412 3187 32 23 lb.

1901 3209 75 22 Snuff
2103 3224 23 9 
2318 3215 30 21 2s.
2358 3213 80 28 perlb;

1901 3236 87 22 Cigars
2147 3247 19 13 jl,
2174 3252 6 8 
2187 3252 6 8 .
2200 3253 6 7 ,
2319 3243 31 19 2s.
2360 3248 41 20 per
2409 3241 32 22 lb.

1900 3262 83 23 Wines
2310 3267 24 21 15
2348 3271 107 24 percent.

1900 3290 56 27 Tea,
1971 3292 87 27 Sugar,
2075 3293 87 28 Flour,
2180 3294 115 34 Whmjit,]

1919 3318 45 21 and
1968 3318 70 22 -other
2049 3319 87 29 Grain,
2147 3323 13 19 5
2170 3328 39 20 per
2218 3326 58 18 cent.
2289 3316 7 28 I
2388 3337 7 6 ,

1900 3344 41 22 All
1950 3344 63 23 other
2022 3345 108 25 F6reign
2134 3348 143 27 productions
2289 3347 13 23 f
2321 3335 28 23 ad
2359 3337 38 22 ral
2399 3345 66 16 <*em.

1913 3371 46 23 and
1963 3373 170 23 manufactures
2141 3377 25 19 10
2171 3382 40 19 per
2218 3379 56 19 cent.
2280 3370 14 31 J

2105 3401 184 25 EXCHANGE.

1901 3439 68 23 Bank
1978 3440 52 24 bills
2039 3448 30 16 on
2079 3442 95 22 London
2194 3430 31 39 .-f.
2228 3431 28 20 30
2272 3431 55 23 dava
2340 3433 19 22 si
2359 3434 49 33 &H
2425 3436 14 21 2
2451 3443 14 21 P
2467 3443 22 15 er

1901 3480 21 10 n
1947 3481 13 9 o
1983 3481 8 7 ,
2037 3466 21 10 "'
2211 3462 12 21 L
2260 3463 55 18 cent
2315 3475 7 6 «
2331 3467 118 19 premium.

1901 3480 37 22 On
1946 3481 91 27 Sydney
2286 3490 8 3 -
2322 3480 32 29 i$i
2355 3491 33 19 tto
2390 3505 7 5 .

1901 3507 90 23 Private
2000 3508 51 22 bills
2133 3516 8 14 ;
2215 3514 6 18 ;
2281 3533 6 8 /
2298 3513 117 26 Nominal.

1922 3571 38 16 The
1971 3572 50 15 Next
2140 3573 93 19 Gazette
2239 3577 37 16 and
2287 3577 137 19 Wblzivoxo^
2435 3580 54 16 Spec-

1900 3596 66 12 tator
1970 3592 17 16 is
1993 3592 98 21 published
2098 3598 54 17 every
2157 3595 114 24 Wednesday
2280 3599 38 16 and
2328 3600 89 20 Saturday
2445 3601 41 16 Sub-

1898 3613 63 20 joined
1967 3617 32 12 are
2005 3613 31 16 the
2042 3615 66 16 terms:
2109 3623 24 4 —
2200 3617 2 9 '
2228 3621 4 4 ■
2397 3612 17 12 -'

1922 3634 64 16 Price
1993 3638 25 12 op
2023 3639 42 13 the
2072 3635 97 18 Papeb.—
2169 3637 55 22 Forty
2228 3639 86 22 shillings
2320 3645 32 17 per
2362 3646 76 13 annum,
2448 3646 41 16 pay-

1900 3655 41 16 able
1947 3654 19 17 in
1973 3655 90 20 advance;
2075 3660 21 13 or
2102 3661 34 13 one
2143 3657 76 23 shilling
2223 3658 30 18 for
2258 3660 59 21 single
2323 3663 93 17 numbers.

1922 3676 158 17 Advertisements
2086 3678 38 16 will
2130 3680 33 15 not
2168 3684 66 17 appear
2243 3681 21 17 in
2274 3682 32 17 the
2316 3684 80 20 ensuing
2406 3685 82 17 numbew

1901 3697 17 16 if
1926 3697 83 16 received
2015 3697 47 17 later
2068 3699 45 16 than
2126 3700 19 16 10
2152 3699 73 23 o'clock,
2232 3707 49 16 a.m.,
2288 3707 24 13 on
2319 3704 31 17 the
2357 3705 92 19 mornings
2455 3706 30 15 be-

1900 3718 43 21 fore,
1952 3718 119 20 publication.
2093 3720 158 20 Advertisements
2263 3724 38 16 \rtll
2312 3725 21 16 be
2344 3725 99 17 continued
2449 3725 35 17 and

1900 3739 80 20 charged
1989 3739 49 17 until
2047 3742 167 22 counter-ordered;
2225 3745 47 16 such
2277 3745 53 17 order
2335 3747 53 16 must
2393 3747 22 16 be
2422 3748 39 15 sent
2467 3747 17 15 to

1901 3760 32 15 the
1943 3760 54 16 Office
2010 3761 36 16 two
2051 3777 3 3 .
2064 3761 44 21 days
2127 3763 60 17 before
2197 3765 119 21 publication,
2327 3767 37 16 and
2374 3767 51 17 iriust
2434 3768 20 16 be
2463 3767 21 16 in

1901 3782 79 19 writing;
1988 3784 5 3 -
2004 3781 158 20 Advertisements
2173 3786 83 17 received
2274 3787 53 21 after
2343 3788 22 17 10
2381 3788 66 17 o'clock
2460 3791 24 14 on

1901 3801 84 21 Tuesday
1997 3802 37 17 and
2044 3802 67 22 Friday
2121 3805 94 22 mornings
2225 3807 38 17 will
2274 3808 22 16 be
2307 3808 80 21 charged
2395 3809 51 17 twice
2454 3808 30 17 the

1901 3822 54 17 usual
1960 3823 54 16 rates.

1922 3843 31 16 All
1959 3843 68 20 orders,
2037 3845 159 22 advertisements,
2206 3848 38 16 and
2253 3850 164 17 communications
2428 3850 18 16 to
2456 3849 30 17 tht

1901 3864 70 19 Editor,
1977 3868 31 13 are
2013 3866 99 20 requested
2117 3868 49 19 to.be
2171 3868 99 18 addressed
2275 3871 19 16 to
2300 3870 38 17 this
2344 3871 70 17 Office.-

1525 129 40 19 To
1579 129 61 24 Let,

1288 154 88 50 FOR
1390 153 57 23 such
1457 158 79 18 a'term
1546 155 26 21 of
1576 161 66 21 years
1652 161 24 15 as
1691 162 53 19 may
1753 155 30 22 be
1796 156 83 27 agreed

1360 188 38 19 on,
1409 177 36 25 six
1454 188 61 15 acres
1531 181 68 27 along
1614 181 39 22 the
1662 181 45 23 Kai
1722 181 155 28 Warra-road;

1287 215 28 14 on
1325 208 89 22 Section
1423 207 45 23 No.
1477 209 21 26 4,
1513 207 35 25 in.
1553 215 44 15 one
1614 215 26 15 or
1656 215 60 15 more
1730 208 53 23 lots.
1811 209 66 27 Also,

1278 234 96 22 'wanted
1392 242 15 14 a
1425 237 125 19 contractor
1567 235 37 21 for
1621 235 101 27 building
1740 242 15 15 a
1769 235 110 23 weather-

1285 261 100 22 boarded
1398 261 77 26 house,
1493 261 54 22 with
1564 261 65 23 brick
1647 261 117 28 chimnies,
1779 269 30 15 on
1828 262 51 23 said

1285 287 93 23 section.
1407 288 78 28 Apply
1494 291 23 19 to

1477 315 48 21 Mr.
1539 315 156 27 Macdonald,
1706 315 46 23 Kai
1761 315 88 23 Warra.

1313 341 45 22 Kai
1368 341 89 27 Warra,
1468 341 54 28 July
1532 343 20 26 8,
1564 343 63 21 1842.
1881 360 2 5 ,

1435 386 40 21 To
1490 386 34 21 be
1538 387 68 20 Sold
1625 393 31 14 or
1668 388 58 20 Let.

1285 419 9 13 rFWOr
1299 418 79 22 FWO
1391 418 102 21 Wooden
1503 418 97 27 Houses,
1612 418 264 29 ontheTinakore-road,

1295 441 25 24 JL
1362 445 38 21 the
1418 444 84 22 second
1520 452 51 14 acre
1588 445 59 21 from
1667 445 93 28 Captain
1778 445 98 28 Smith's,

1329 472 133 26 containing
1474 472 51 21 four
1533 478 76 16 rooms
1618 472 45 22 and
1677 479 14 15 a
1703 480 101 20 passage,
1820 473 57 21 each

1287 498 52 22 with
1356 498 52 22 zinc
1426 498 68 26 roofs,
1519 498 46 22 and
1587 499 26 21 in
1637 506 66 20 every
1719 503 90 24 respect
1826 499 52 22 well

1285 524 102 23 finished.
1416 525 107 22 Terms—
1523 525 25 22 lf
1555 525 56 27 sold,
1622 525 60 23 £150
1691 526 36 22 for
1732 526 56 22 each
1793 525 70 23 house
1870 534 6 20 ;

1285 552 20 21 if
1316 552 37 27 let,
1365 552 32 22 £1
1408 559 41 20 per
1459 552 61 22 week
1530 553 35 21 for
1574 552 57 22 each
1639 552 78 23 house.
1744 553 78 28 Apply
1832 556 22 19 to

1679 586 74 23 James
1769 586 80 23 Watt.

1298 611 144 28 Wellington,
1452 612 58 22 Nov.
1520 612 33 28 27,
1564 614 61 21 1841.
1860 627 4 5 .

1423 659 87 20 Town
1523 659 79 21 Land
1614 654 48 26 for'
1670 661 68 20 Sale.

1287 691 91 35 rpHE
1393 691 73 22 whole
1484 692 26 21 of
1521 694 60 19 town
1593 693 95 22 sections
1702 693 55 22 Nos.
1768 694 48 27 285,
1827 696 48 26 106,

1293 714 30 26 X
1360 718 46 21 and
1422 719 48 26 878,
1482 718 45 22 and
1539 722 52 24 part
1600 720 27 21 of
1640 722 58 19 town
1713 721 100 21 sections
1826 722 49 26 204,

1285 746 47 25 248,
1344 745 45 21 and
1403 745 42 21 528
1462 752 36 15 are
1512 746 83 21 offered
1604 746 36 21 for
1649 746 51 23 sale.
1730 747 62 22 Half
1801 748 25 21 of
1837 748 40 21 the

1285 771 108 28 purchase
1409 779 84 20 money
1502 775 23 18 to
1534 773 87 21 remain
1633 779 28 15 on
1677 776 123 25 mortgage,
1812 778 23 18 at
1849 776 28 21 10

1285 802 108 23 percent.
1421 799 45 22 For
1474 799 139 27 particulars,
1625 800 66 28 apply
1699 804 23 18 to

1557 826 100 22 Hanson
1671 827 45 22 and
1729 828 119 21 A&sdor*.

1461 872 108 21 Heifers
1583 872 31 21 in
1630 873 67 21 Calf.

1286 898 88 48 FOR
1388 898 87 27 SALE,
1487 899 68 21 about
1569 900 28 21 50
1607 900 100 27 superior
1715 900 58 22 bred
1785 894 90 34 heifers^

1345 928 59 19 most
1420 926 27 21 of
1457 925 62 22 them
1532 926 76 27 heavy
1621 927 23 21 in
1663 927 49 27 calf,
1731 927 46 22 and
1792 927 85 28 having

1286 952 57 21 been
1361 960 62 14 some
1438 952 54 22 time
1506 953 24 21 in
1543 953 38 22 the
1603 953 91 28 Colony,
1712 957 41 19 not
1767 954 68 22 liable
1853 959 22 17 to

1285 980 67 20 suffer
1360 979 58 21 from
1427 980 39 21 the
1476 980 76 22 effects
1562 981 25 21 of
1599 980 38 22 the
1654 981 61 21 Toot.
1743 981 50 22 The
1805 982 70 22 above

1287 1006 65 22 cattle
1369 1013 43 15 can
1425 1006 29 21 be
1471 1007 100 27 strongly
1583 1008 183 27 recommended,
1785 1015 22 15 as
1821 1009 55 27 they

1285 1032 58 22 have
1358 1033 58 21 been
1433 1032 97 23 selected
1543 1034 60 22 from
1619 1035 37 21 the
1673 1042 122 15 numerous
1808 1035 67 22 cattle

1286 1059 59 28 ships
1353 1059 73 23 which
1436 1060 58 22 have
1511 1061 88 22 arrived
1612 1061 61 22 here.
1701 1062 78 27 Apply
1793 1065 23 19 to
1828 1063 46 21 Mr.

1285 1086 97 27 Revans,
1395 1087 89 21 Gazette
1492 1087 71 27 office,
1574 1096 26 14 or
1609 1091 23 19 to
1643 1089 43 21 Mr.
1697 1089 88 27 Hulke,
1793 1089 82 23 Evans'

1285 1113 56 27 Bay.
1429 1129 3 7 ,
1881 1110 2 33 j

1275 1154 4 5 .
1312 1140 62 27 Also,
1385 1140 63 22 three
1459 1140 115 23 well-bred
1583 1149 74 15 mares
1662 1142 25 22 in
1694 1142 55 27 foal,
1760 1147 24 17 to
1793 1143 82 28 impor-

1285 1167 38 21 ted
1331 1167 84 21 horses.
1452 1185 195 5 ...

1285 1213 64 26 Ship
1364 1213 86 21 Hotel
1465 1214 21 20 &
1500 1213 116 25 Tavern,
1632 1214 131 20 Manners
1776 1214 98 26 Street,

1435 1246 42 22 BY
1491 1246 85 22 JOHN
1592 1247 131 27 FULLER,

1485 1280 46 16 AND
1541 1281 64 15 MALT
1614 1282 98 16 LIQUORS
1722 1282 28 14 OF
1760 1282 115 14 SUPERIOR

1524 1308 109 16 QUALITY.

1355 1327 160 22 Commodious
1525 1335 74 15 rooms
1610 1328 52 22 with
1672 1328 56 27 good
1737 1328 63 22 beds.

1311 1355 93 20 Dinners
1421 1357 38 23 got
1479 1355 63 26 ready
1562 1362 26 14 on
1609 1356 35 20 the
1657 1357 91 19 shortest
1769 1357 76 20 notice.

1365 1389 32 14 AN
1407 1389 120 15 ORDINARY
1538 1390 71 14 DAILY
1619 1390 29 15 AT
1657 1385 14 19 2
1688 1383 104 22 O'CLOCK.

1474 1428 94 20 James
1583 1428 100 26 Spiers,

1285 1461 193 23 PROSPECT
1500 1461 210 23 BOARDING
1736 1462 136 28 HOUSE,

1358 1496 132 14 GUILDFORD
1505 1496 111 19 TERRACE,
1633 1496 55 15 KILL
1702 1497 94 20 STREET,

1337 1517 27 19 In
1383 1517 38 19 the
1440 1522 51 14 rear
1508 1517 27 24 of
1543 1517 42 21 Dr.
1600 1517 89 20 Evans's
1703 1518 115 25 residence,

1467 1550 74 15 TERMS
1555 1551 132 15 MODERATE.

1284 1588 82 49 DR.
1398 1588 175 27 TURNBULL,
1604 1588 153 28 SURGEON,
1783 1589 92 22 intends

1351 1615 122 27 practising
1482 1615 37 22 the
1529 1616 89 21 various
1626 1616 108 22 branches
1744 1616 27 22 of
1781 1616 33 22 his
1823 1624 52 20 pro-

1284 1642 87 26 fession,
1383 1642 46 21 and
1444 1649 52 20 may
1505 1642 34 22 for
1553 1642 40 22 the
1609 1647 89 23 present
1711 1644 29 21 be
1757 1644 118 21 consulted

1284 1672 22 18 at
1316 1669 74 21 Baron
1404 1668 94 23 Alzdorf
1501 1669 23 22 's.

1310 1696 69 22 River
1390 1696 137 26 Hutt,,June
1538 1696 33 27 17,
1582 1698 62 21 1842.

1426 1741 145 22 CHARLES
1586 1742 141 27 HARVEY,

1492 1769 103 25 Tailor,
1610 1770 55 24 &c,

1411 1796 115 25 Adjoining
1539 1797 73 19 Kumu
1628 1797 51 21 Toto
1692 1797 56 26 Pah,

1500 1830 159 20 WELLINGTON,

1284 1849 107 49 BEGS
1406 1852 22 18 to
1445 1853 77 18 return
1539 1850 83 22 thanks
1639 1854 22 18 to
1678 1851 37 21 the
1731 1854 82 24 gentry
1828 1851 45 21 and

1358 1876 77 28 public
1447 1876 23 21 of
1479 1876 56 22 New
1546 1877 101 22 Zealand
1656 1877 35 22 for
1697 1878 38 21 the
1743 1881 93 24 support
1844 1878 29 22 he

1283 1903 41 22 has
1338 1903 104 22 received
1458 1903 57 22 from
1531 1903 62 23 them
1609 1905 61 21 since
1684 1905 28 21 he
1727 1905 147 22 commenced

1283 1931 108 26 business,
1409 1930 47 22 and
1473 1930 29 22 he
1519 1938 88 15 assures
1623 1931 61 22 them
1700 1932 50 21 that
1766 1931 18 22 it
1801 1931 19 22 is
1839 1931 34 23 his

1282 1957 112 22 intention
1404 1960 23 19 to
1437 1957 106 23 continue
1552 1958 35 21 his
1604 1961 60 19 most
1677 1961 119 19 strenuous
1809 1966 55 14 exer
1870 1971 4 4 •

1284 1985 58 21 tions
1352 1988 22 18 to
1385 1985 67 21 merit
1461 1992 13 13 a
1484 1985 150 21 continuance
1644 1985 26 21 of
1676 1985 57 22 their
1741 1989 131 22 patronage.

1310 2011 24 21 C.
1345 2011 29 21 H.
1385 2011 64 21 takes
1465 2011 43 21 this
1529 2011 145 28 opportunity
1688 2012 26 21 of
1724 2012 84 26 stating
1825 2012 48 21 that

1282 2037 35 21 his
1327 2038 63 22 stock
1400 2038 94 22 consists
1504 2037 25 23 of
1541 2046 13 13 a
1563 2038 60 26 good
1632 2038 85 27 variety
1727 2039 26 22 of
1759 2039 113 26 superfine

1283 2064 77 27 cloths,
1372 2064 112 27 doeskins,
1499 2065 90 24 tweeds,
1606 2065 128 27 moleskins,
1745 2065 126 26 velveteen,

1283 2091 55 27 pilot
1352 2091 67 27 cloth,
1431 2092 41 21 &c.
1484 2092 47 26 &c,
1546 2091 46 22 and
1607 2091 35 22 his
1653 2092 93 27 charges
1757 2093 48 24 (for
1823 2093 50 20 cash

1282 2119 59 25 only)
1352 2118 122 22 moderate.

1419 2164 89 19 Town
1525 2164 30 20 of
1567 2164 168 21 Manewatu.

1284 2189 92 50 THE
1398 2189 218 23 PROPRIETORS
1640 2190 26 22 of
1689 2190 38 23 the
1747 2190 62 23 three
1824 2192 49 22 first

1371 2216 90 23 choices
1476 2220 23 18 at
1564 2217 44 22 last
1623 2217 105 22 selection
1738 2218 28 22 of
1779 2222 94 25 country

1282 2244 71 26 lands,
1366 2243 86 28 having
1471 2244 139 22 determined
1623 2252 61 18 upon
1699 2245 39 22 the
1753 2245 43 22 site
1810 2246 35 21 for
1859 2254 14 14 a

1296 2270 94 23 TOWN
1405 2270 45 23 ON
1465 2270 64 23 THE
1545 2271 190 23 MANEWATU
1749 2272 108 28 RIVER,

1283 2298 56 22 after
1343 2299 80 20 several
1430 2299 61 20 visits
1500 2301 22 18 to
1531 2298 38 22 the
1578 2298 188 32 neighbourhood,
1778 2300 47 22 and
1834 2300 38 23 the

1282 2328 58 19 most
1358 2325 85 22 careful
1450 2325 2 5 '
1462 2324 44 23 and
1524 2325 85 22 minute
1630 2326 151 22 examination
1796 2328 26 21 of
1834 2328 38 21 the

1283 2356 70 18 entire
1369 2352 94 27 district,
1479 2352 65 22 aided
1560 2352 32 28 by
1600 2352 39 22 the
1654 2353 145 27 professional
1813 2354 57 28 skill,

1283 2379 136 27 knowledge,
1440 2379 45 22 and
1499 2380 133 27 experience
1647 2380 25 21 of
1683 2380 37 21 the
1736 2384 62 19 most
1811 2389 61 14 com-

1282 2409 76 24 petent
1364 2406 90 28 judges,
1471 2413 93 21 propose
1579 2410 24 18 to
1619 2406 55 22 offer
1684 2408 33 20 for
1733 2408 105 28 disposal,
1850 2412 23 18 at

1432 2433 38 22 the
1484 2436 88 24 present
1581 2434 62 26 time,
1656 2434 66 21 about

1282 2460 221 22 TWENTY-FIVE
1536 2460 108 26 ACRES,
1682 2460 35 22 IN
1755 2462 117 23 ALLOT-

1283 2487 114 27 MENTS,
1412 2487 86 22 EACH
1519 2486 40 23 OF
1583 2487 65 22 ONE
1668 2487 150 25 QUARTER
1832 2490 40 22 OF

1499 2514 45 21 AN
1560 2514 91 22 ACRE.

1307 2540 48 23 The
1364 2544 50 25 spot
1423 2541 51 21 thus
1484 2540 96 23 selected
1592 2548 111 21 possesses
1711 2540 38 23 the
1758 2547 60 18 most
1832 2550 40 16 ex-

1281 2568 84 22 tensive
1379 2568 103 26 frontage
1496 2570 23 19 to
1536 2568 57 28 deep
1605 2571 68 19 water
1688 2568 25 22 of
1724 2576 46 20 any
1785 2578 28 14 on
1833 2571 38 22 the

1282 2596 63 21 river.
1374 2595 23 21 It
1414 2594 19 22 is
1453 2594 97 22 situated
1564 2595 48 25 just
1625 2597 23 19 at
1663 2595 47 22 that
1731 2597 64 27 point
1812 2598 60 22 from

1343 2621 73 23 which
1426 2628 14 15 a
1449 2621 54 22 road
1514 2621 72 22 would
1596 2622 85 21 branch
1691 2622 34 22 off
1731 2627 22 17 to
1763 2623 39 23 the

1282 2656 93 15 WOODED
1399 2656 47 15 AND
1468 2655 97 15 FERTILE
1585 2656 118 15 DISTRICTS
1724 2658 78 14 ALONG
1825 2658 46 16 THE

1452 2683 56 14 BASE
1522 2683 28 14 OF
1564 2683 47 14 THE
1626 2683 73 21 HILLS,

1282 2702 43 22 and
1337 2702 71 22 above
1419 2702 73 22 which
1501 2702 38 22 the
1553 2702 129 27 navigation
1695 2704 36 21 for
1739 2704 83 22 vessels
1832 2704 40 22 be-

1283 2737 72 15 comes
1366 2730 87 24 tedious,
1464 2730 24 25 if
1492 2731 37 19 not
1538 2730 96 26 difficult.
1662 2730 23 22 It
1690 2730 18 22 is
1715 2731 110 23 therefore
1832 2732 38 22 the

1480 2756 63 28 point
1551 2757 74 21 where
1636 2756 37 22 the

1283 2791 94 22 LAND'
1385 2790 69 22 AND
1470 2791 113 21 WATER
1598 2791 162 22 CARRIAGE
1776 2792 94 23 MEET,

1282 2817 44 22 and
1335 2817 74 22 where
1419 2825 13 14 a
1442 2818 70 21 Town
1529 2825 60 14 must
1604 2825 29 14 be
1647 2825 91 15 formed
1755 2820 66 21 when
1832 2820 39 23 the

1282 2845 85 21 district
1381 2844 19 22 is
1411 2845 87 21 settled.
1527 2845 23 21 It
1558 2851 45 16 was
1614 2845 95 22 selected
1726 2846 30 27 by
1767 2846 38 22 the
1818 2848 54 21 Sur-

1281 2872 80 27 veying
1372 2872 59 21 Staff
1437 2878 30 15 'as
1477 2872 38 21 the
1523 2871 139 22 rendezvous
1670 2872 36 22 for
1720 2872 60 23 their
1793 2874 61 28 body
1863 2883 6 19 ;

1282 2898 42 22 and
1334 2898 40 22 has
1383 2898 59 22 been
1452 2905 51 16 now
1515 2898 78 28 found,
1604 2899 58 22 after
1672 2900 86 22 several
1774 2902 97 21 months'

1280 2925 104 27 location,
1396 2929 22 18 to
1432 2926 29 21 be
1470 2925 38 22 the
1517 2929 58 18 most
1589 2926 166 28 advantageous
1766 2928 104 28 position,

1270 2959 3 8 1
1282 2952 56 22 from
1353 2953 29 21 its
1397 2952 99 28 peculiar
1516 2952 87 28 facility
1618 2953 26 22 of
1655 2954 113 28 approach
1778 2955 54 23 both
1841 2956 31 28 by

1280 2979 59 22 land'
1344 2979 45 22 and
1398 2984 75 17 water.
1494 2997 10 4 _

1308 3006 29 22 In
1348 3006 155 23 confirmation
1513 3005 26 23 of
1544 3006 38 23 the
1593 3007 131 28 superiority
1734 3008 26 22 of
1770 3008 43 23 this
1823 3013 50 24 spot

1281 3041 53 14 over
1343 3041 45 20 any
1397 3034 65 21 other
1469 3036 39 25 yet
1516 3034 90 27 known,
1618 3034 38 22 the
1666 3034 91 23 Messrs.
1766 3036 104 28 Kebbell,

1281 3060 57 22 after
1355 3060 38 22 the
1414 3061 151 22 examination
1581 3061 28 22 of
1625 3061 38 22 the
1680 3062 59 22 river
1755 3062 58 23 from
1833 3064 38 21 the

1282 3087 89 22 Paneiri
1381 3088 47 21 Pah
1439 3092 24 17 to
1472 3088 28 21 its
1509 3088 86 26 mouth,
1607 3088 140 24 determined
1759 3097 31 14 on
1801 3094 71 18 erect-

1520 3115 40 27 ing
1572 3115 61 22 their

1282 3147 66 23 SAW
1362 3147 83 23 MILL
1466 3147 230 25 IMMEDIATELY
1711 3149 160 25 OPPOSITE.

1281 3175 48 23 The
1346 3175 73 23 works
1436 3175 33 22 of-
1478 3175 49 22 that
1544 3176 170 22 establishment
1731 3184 39 15 are
1790 3182 23 17 at
1828 3179 44 21 this

1282 3205 100 19 moment
1399 3203 24 21 in
1438 3202 64 27 rapid
1517 3210 109 19 progress,
1644 3203 43 21 and
1705 3203 38 23 the
1760 3206 112 26 proposed

1281 3230 70 22 Town
1358 3229 47 22 will
1414 3229 134 27 necessarily
1552 3230 94 26 partake
1652 3230 27 22 of
1684 3230 43 22 this
1736 3230 134 30 advantage.

1307 3257 49 22 The
1374 3256 96 22 nucleus
1485 3255 25 23 of
1525 3263 13 14 a
1555 3258 71 20 Town
1642 3257 26 27 is,
1677 3257 23 22 in
1715 3258 53 27 fact,
1779 3259 93 28 already

1282 3283 96 26 created,
1386 3283 32 28 by
1427 3283 39 21 the
1476 3283 167 22 concentration
1658 3284 26 22 of
1696 3284 38 22 the
1745 3285 127 29 Surveying

1282 3310 58 22 Staff
1346 3317 29 15 on
1385 3309 48 23 that
1444 3312 55 25 spot,
1510 3317 24 14 as
1543 3310 38 22 the
1592 3314 76 18 centre
1683 3311 25 22 of
1719 3314 153 22 communica-

1280 3338 47 21 tion
1337 3340 23 19 to
1370 3337 38 21 the
1418 3336 150 28 surrounding
1577 3337 98 28 district;
1691 3338 38 23 the
1739 3340 100 23 erection
1849 3342 26 21 of

1281 3365 90 22 Messrs.
1383 3363 117 23 Kebbell's
1515 3364 50 22 Saw
1581 3364 65 22 Mills
1661 3366 98 27 opposite
1767 3373 7 21 ;
1790 3367 30 27 by

1282 3394 165 25 arrangements
1461 3391 34 21 for
1510 3398 29 14 an
1555 3392 115 21 extensive
1682 3393 99 22 General
1786 3399 4 7 1
1793 3394 77 28 Store;

1282 3418 45 22 and
1336 3418 29 27 by
1372 3417 39 22 the
1420 3417 45 22 late
1475 3417 134 32 application
1615 3419 34 21 for
1658 3426 14 15 a
1677 3419 110 24 Licensed
1795 3421 77 23 House

1280 3453 28 14 on
1317 3445 37 22 the
1361 3447 55 29 part
1424 3445 27 21 of
1463 3452 28 14 an
1500 3445 125 22 individual
1639 3445 49 23 who
1701 3446 49 28 has,
1761 3448 62 22 since
1833 3449 39 22 the

1280 3473 118 21 formation
1416 3472 27 21 of
1457 3471 38 22 the
1511 3472 93 28 Colony,
1619 3473 97 27 pursued
1732 3481 14 14 a
1764 3474 108 24 lucrative

1280 3499 63 22 trade
1353 3499 53 22 with
1416 3498 38 22 the
1465 3498 92 28 natives,
1569 3499 47 21 and
1626 3499 72 22 whose
1709 3500 133 30 knowledge
1849 3504 26 21 of

1279 3526 38 22 the
1327 3526 138 26 advantages
1475 3525 25 22 of
1506 3525 38 22 the
1553 3526 103 27 position,
1663 3528 120 28 prompted
1792 3528 47 23 him
1849 3533 24 18 at

1280 3561 56 14 once
1346 3558 23 17 to
1376 3553 76 31 prefer
1462 3552 48 22 that
1522 3553 144 31 application.

1306 3580 47 22 The
1364 3579 96 23 Natives
1473 3579 30 28 by
1512 3579 74 22 whom
1602 3580 45 21 this
1656 3580 54 22 land
1719 3588 47 16 wa3
1771 3582 101 23 'claimed

1279 3615 38 14 are
1327 3607 61 27 quite
1398 3605 110 29 prepared
1517 3609 23 22 to,
1548 3606 51 27 give
1606 3613 31 21 up
1643 3608 133 29 possession,
1784 3610 44 22 and
1834 3618 38 15 are

1279 3633 147 28 exceedingly
1435 3633 95 22 anxious
1543 3633 23 22 to
1580 3633 60 22 have
1649 3641 14 14 a
1672 3634 121 30 European
1802 3645 71 20 popu-

1278 3660 68 23 lation
1357 3667 83 20 among
1451 3660 67 27 them,
1529 3660 86 27 having
1631 3660 56 22 been
1695 3669 62 21 upon
1767 3663 38 22 the
1814 3667 59 19 most

1278 3687 97 29 friendly
1381 3687 89 27 footing
1479 3686 53 23 with
1541 3687 38 21 the
1592 3688 125 28 Surveying
1727 3690 61 21 Staff
1792 3690 81 28 during

1277 3715 38 22 the
1324 3714 50 23 four
1383 3722 26 15 or
1418 3714 44 22 five
1472 3713 88 22 months
1569 3713 55 27 they
1644 3714 56 23 have
1716 3716 58 22 been
1785 3716 95 24 located*

1277 3742 70 23 there.

1305 3768 34 23 As
1349 3768 37 23 the
1395 3767 139 29 Proprietors
1542 3774 97 20 purpose
1647 3771 23 18 to
1680 3768 88 28 dispose
1778 3770 26 22 of
1809 3770 42 23 but
1860 3778 13 15 a

1277 3795 87 23 limited
1378 3794 91 30 portion
1486 3794 26 22 of
1521 3794 39 21 the
1574 3795 72 22 Town
1661 3798 24 19 at
1699 3800 100 24 present,
1818 3798 55 30 they

1277 3822 79 29 pledge
1365 3822 136 23 themselves
1509 3820 55 28 that,
1575 3824 24 19 at
1608 3827 30 16 no
1656 3821 74 24 future
1739 3823 65 29 sales,
1815 3825 58 22 shall

1278 3850 38 22 the
1327 3850 131 22 allotments
1465 3848 29 23 be
1503 3851 40 25 put
1548 3855 31 20 up
1588 3850 26 20 at
1623 3856 14 15 a
1646 3845 44 26 /ess
1699 3857 51 15 sum
1758 3851 56 22 than
1823 3859 50 16 now

1278 3877 91 22 offered.

1275 3921 3 6 ,
1305 3906 23 21 A
1346 3904 135 26 Prospectus
1499 3902 46 22 and
1564 3902 58 23 Plan
1642 3903 26 22 of
1680 3903 39 23 the
1736 3904 72 23 Town
1826 3906 47 22 will

1277 3930 86 28 shortly
1371 3931 29 22 be
1409 3929 71 28 ready
1488 3929 34 22 for
1531 3930 126 27 inspection
1672 3934 22 19 at
1706 3930 39 24 the
1755 3932 85 24 Offioes
1849 3934 28 21 of

1275 3958 95 23 •Messrs.
1379 3956 76 23 Waitf
1461 3956 45 22 and
1515 3956 77 28 Tyfier,
1602 3956 33 23 Te
1644 3957 55 24 Art),
1722 3977 3 3 .

1306 3983 149 27 Wellington,
1466 3982 65 28 April
1539 3984 35 27 22,
1584 3984 62 23 1840,

853 127 116 21 Gazette
984 127 89 21 Office.

667 160 203 23 STATIONERY
884 160 197 23 WHOLESALE
1095 161 22 21 &
1131 160 126 23 RETAIL.

666 195 90 49 WE
778 195 45 24 beg
845 197 23 19 to
890 200 118 16 announce
1025 194 39 22 the
1085 194 90 27 arrival,
1198 195 61 21 from

763 219 112 33 England,
887 221 25 21 of
920 221 38 21 the
973 221 48 21 first
1030 223 50 25 part
1088 221 27 21 of
1124 228 41 24 pur
1179 224 80 19 exten-

667 247 48 23 sive
723 247 76 23 orders
807 248 24 21 in
842 247 45 22 this
896 247 142 28 department
1047 247 27 22 of
1079 247 111 23 business.
1211 248 48 22 Our

668 274 63 22 stock
740 274 91 27 already
842 274 93 22 consists
950 275 26 21 of
987 281 67 20 every
1063 274 77 22 article
1155 275 104 27 required

667 301 36 21 for
717 301 97 26 Schools,
831 301 82 26 Banks,
930 301 86 26 Courts,
1035 301 54 22 Law
1105 301 90 27 Offices,
1213 301 46 22 and

668 327 89 27 Artists,
768 327 41 22 &c.
817 334 7 20 ;
830 344 3 5 .
839 327 75 22 whilst
922 327 38 21 the
976 327 140 22 ornamental
1127 327 44 22 and
1188 328 70 22 draw-

666 354 40 27 ing
718 361 63 14 room
796 354 124 27 stationery
935 353 41 23 has
988 357 42 18 not
1040 355 61 21 been
1116 354 150 24 overlooked..

667 380 49 22 The
725 380 128 22 difficulties
863 380 116 27 attending
988 380 38 22 the
1035 381 49 22 first
1091 380 168 23 establishment

666 407 151 28 haying-been
832 414 124 20 overcome,
967 407 45 22 and
1023 414 68 21 every
1106 407 82 22 arrival
1201 408 57 22 from

668 433 104 27 England
791 433 85 28 adding
890 433 61 23 fresh
967 434 111 22 additions
1092 437 24 18 to
1132 440 40 15 our
1187 435 76 26 stock,'

667 459 49 23 will
730 460 79 22 enable
824 467 26 15 us
859 463 24 19 to
897 460 82 22 reduce
997 468 40 14 our
1052 461 94 26 charges
1156 468 29 14 on
1200 465 59 19 most

668 487 88 21 articles
765 490 25 18 at
797 487 59 21 least
864 487 27 21 50
899 494 41 20 per
948 491 59 19 cent.
1024 493 4 3 '

694 513 157 28 Storekeepers
869 516 44 20 and
931 513 118 23 wholesale
1068 513 87 23 dealers
1174 522 42 14 can
1228 515 30 22 be

668 540 101 27 supplied
784 543 23 19 to
823 547 45 21 any
877 543 84 24 extent,
979 541 44 21 and
1038 548 30 14 on
1085 545 68 17 terms
1170 541 88 29 equally

668 567 165 27 advantageous
842 571 25 18 to
877 575 44 20 any
929 567 104 23 obtained
1043 568 23 21 in
1078 567 97 28 Sydney,

694 593 97 28 Writing
798 601 77 21 paper,

695 619 114 30 Imperial,

695 647 79 28 Royal,

695 674 115 27 Foolscap,
823 674 88 22 various
921 674 109 28 qualities,

659 705 3 4 '
695 701 72 27 Large
775 701 63 21 thick
846 705 57 28 post,
913 709 64 15 wove
986 701 47 23 and
1042 701 54 27 laid,

693 727 60 22 Thin
760 731 59 30 post,
830 727 64 28 ditto,

695 754 56 22 Fine
760 754 56 22 bath
824 757 58 24 post,
893 754 48 28 gilt.
950 771 3 3 .
1021 765 11 7 *

694 781 90 22 Double
800 781 111 28 elephant,
928 781 150 28 antiquarian,
1093 782 108 28 imperial,
1212 782 47 22 and

666 807 65 28 royal
740 807 100 28 drawing
847 815 76 21 paper,

697 834 91 28 Oblong
797 834 92 28 clasped
897 835 171 23 memorandum
1077 835 79 28 books,

694 861 87 23 French
791 861 87 28 tracing
886 869 76 20 paper,
1074 867 3 5 '
1113 864 2 6 '

694 888 90 22 Ladies'
794 888 44 22 and
849 889 148 26 gentlemen's
1007 889 53 22 card
1070 896 69 20 cases,

695 915 64 22 Ditto
830 915 35 22 do.
922 916 73 22 tinted
1005 916 44 22 and
1060 916 119 22 embossed
1186 916 70 27 cards,

694 943 96 27 Sponge,
801 941 80 23 wafers
889 943 23 21 in
922 945 14 19 2
946 950 33 14 oz.
989 943 76 26 boxes,

694 969 69 23 Black
780 969 55 27 edge
855 969 46 22 and
920 969 116 28 bordered,
1056 969 66 23 letter
1141 969 45 23 and
1204 974 53 18 note

666 1003 76 20 paper.
752 1022 6 5 _

694 1022 92 22 Invoice
797 1022 75 27 books,
884 1022 53 22 with
946 1023 100 27 indexes,
1057 1023 91 22 various
1157 1023 62 28 sizes,

694 1049 58 21 Cash
758 1049 80 27 books,
849 1044 63 28 rilled
923 1049 88 28 double,
1021 1050 90 22 various
1121 1051 62 26 sizes,

692 1076 132 27 Envelopes,

692 1103 87 21 Pewter
784 1102 125 28 inkstands,

692 1129 81 27 Ebony
781 1129 125 28 inkstands,
917 1130 55 22 with
980 1130 103 27 drawers,

661 1164 2 5 ■
692 1156 74 22 Broad
777 1156 46 22 and
831 1164 87 15 narrow
927 1164 69 21 green
1006 1157 41 22 silk
1058 1157 88 27 ribboiv,

662 1202 2 4 ,
693 1183 65 21 Brief
765 1183 45 22 and
821 1183 58 22 deed
887 1191 75 21 paper,

680 1215 7 11 '
693 1209 74 23 Ruled
776 1217 70 20 paper
854 1211 35 21 for
897 1211 42 21 bill
948 1211 75 26 heads,

692 1236 73 28 Royal
782 1237 68 28 nand,
864 1237 80 23 double
962 1238 61 22 hand
1038 1238 87 27 brown,
1141 1237 46 23 and
1194 1239 63 27 royal

664 1263 77 22 brown
751 1265 117 27 wrapping
875 1272 75 21 paper,

694 1290 100 27 Ledgers
803 1291 46 22 and
858 1296 97 18 account
963 1291 77 28 books,
1051 1291 89 22 various
1151 1291 62 28 sizes,

692 1317 85 22 Pocket
785 1317 90 28 ledgers
884 1319 44 21 and
937 1318 171 23 memorandum
1117 1319 78 27 books,

692 1344 122 27 Engraved
823 1353 57 20 copy
887 1346 54 28 slips
950 1345 47 22 and
1005 1345 77 27 books,

693 1371 53 22 Best
755 1371 80 23 Welch
845 1375 73 24 slates,
928 1373 62 27 large
998 1372 44 22 and
1051 1372 73 27 small,

693 1397 74 23 Blank
776 1399 72 22 music
857 1399 78 28 books,

693 1425 104 27 Message
807 1426 72 27 cards,
1020 1446 4 8 ,

692 1451 111 23 Coloured
816 1460 78 21 papers
896 1466 5 13 t

693 1479 70 26 Sugar
772 1486 88 21 papers,

694 1505 20 21 1m
719 1508 34 19 ote
763 1513 87 20 papers,

692 1532 94 28 Playing
796 1533 70 28 cards,
878 1533 104 22 coloured
993 1534 43 21 and
1042 1534 54 27 gold
1104 1534 75 27 backs,

692 1559 62 28 Copy
763 1559 78 28 books,

691 1586 71 22 Black
770 1587 53 21 lead
831 1587 92 28 pencils,

692 1613 65 21 India
765 1614 90 27 rubber,
867 1615 71 20 bottle
948 1615 44 21 and
1005 1618 86 24 patent,

691 1639 69 28 Ivory
769 1640 83 22 folders
862 1641 46 22 and
917 1642 86 26 knives,

691 1667 50 21 Pen
750 1667 85 27 knives,

691 1693 87 26 Rulers,
789 1695 83 26 pocket
881 1695 77 27 books,

692 1720 73 22 Blank
774 1721 53 22 bills
837 1722 26 21 of
870 1722 123 27 exchange,

692 1747 77 22 Letter
777 1748 47 21 and
833 1748 40 22 bill
885 1749 56 27 files,

692 1774 44 21 Ink
745 1775 44 22 and
798 1775 40 22 ink
847 1776 106 27 powders,

691 1801 76 22 Bibles
776 1802 45 21 and
831 1806 136 23 testaments,

691 1828 99 28 Spelling
799 1829 77 27 books,
887 1830 94 27 various,

691 1855 102 27 Primers,

692 1881 126 24 Children's
826 1883 71 22 books
906 1884 25 21 in
941 1886 63 25 great
1012 1884 95 28 variety,

691 1909 73 22 Blank
774 1910 173 23 Custom-house
962 1911 75 27 forms,
1055 1911 36 22 for
1108 1912 145 27 auctioneers,

664 1936 46 21 and
720 1936 28 22 all
758 1936 39 22 the
814 1937 64 22 other
889 1938 171 21 Custom-house
1070 1938 69 22 forms
1150 1938 34 23 for
1193 1940 61 21 Mer-

664 1962 84 23 chants.

691 1990 115 22 Seamen's
816 1991 101 22 advance
927 1995 71 18 notes.

692 2017 117 22 Seamen's
819 2018 87 22 articles
917 2019 25 21 of
949 2022 137 23 agreement.

692 2043 138 27 Log-books.

690 2070 75 23 Blank
774 2071 69 27 ivjrits,

690 2097 147 22 Parchments
848 2098 35 22 for
909 2098 75 22 deeds.

691 2124 79 25 Quills.
803 2140 2 3 •

692 2152 58 21 Ever
758 2152 92 28 pointed
859 2152 75 28 pencil
943 2160 62 15 cases
1013 2152 24 23 in
1044 2154 101 28 superior
1155 2154 100 21 German

664 2178 77 23 Silver.

691 2205 90 22 Lucifer
790 2206 77 22 boxes.

690 2232 77 22 Wafer
776 2236 90 24 stamps.

757 2278 95 21 Union
866 2279 80 20 Bank
960 2279 31 20 of
1007 2280 151 22 Australia.

663 2311 95 22 London
776 2312 95 27 Office,
887 2312 45 22 No.
946 2314 36 26 33,
1001 2313 50 22 Old
1068 2314 186 24 Broad-street.

718 2344 93 27 Capital,
822 2344 122 28 £800,000;
965 2345 52 27 paid
1026 2353 38 20 up,
1080 2346 119 27 £500,000.

651 2371 2 27 |
898 2383 120 13 SIK£CTOAS:

651 2399 2 25 I
732 2416 2 5 .
768 2404 69 21 George
845 2405 39 17 Fife
890 2406 68 19 Angas,
966 2406 50 20 Esq.,

767 2426 70 17 Robert
844 2426 74 19 Brooks,
929 2427 48 19 Esq.,
988 2441 4 5 ,

766 2447 63 16 James
837 2447 48 16 John
893 2448 100 19 Cummins,
1002 2448 49 20 Esq.,

767 2468 70 16 Robert
844 2468 96 20 Gardener,
952 2469 49 20 Esq.,
1012 2469 124 20 Manchester,

767 2489 49 16 John
824 2489 46 16 Gore
887 2490 49 19 Esq.,

651 2517 2 8 i
766 2510 50 16 John
823 2509 80 17 William
910 2509 76 20 Buckle,
991 2510 49 21 Esq.,

766 2531 97 20 Benjamin
871 2531 21 16 E.
899 2531 65 19 Lindo,
971 2531 48 20 Esq.,

651 2557 2 14 ;
767 2551 74 17 Charles
849 2552 77 16 Edward
933 2552 88 20 Mangles,
1030 2552 49 21 Esq.,

766 2573 118 20 Christopher
890 2573 84 19 Rawson,
982 2573 49 20 Esq.,
1042 2573 84 21 Halifax,

766 2594 80 16 Thomas
853 2594 64 19 Sands,
925 2594 49 20 Esq.,
981 2594 102 21 Liverpool,

765 2615 63 16 James
835 2615 57 20 Bogle
899 2615 66 19 Smith,
970 2615 49 20 Esq.,

765 2636 63 15 James
835 2635 82 17 Ruddell
923 2636 56 19 Xodd,
987 2636 44 21 Esq.

660 2664 95 16 Trustees:
772 2664 82 16 George
866 2664 57 16 Carr
934 2664 61 19 Glyn,
1007 2664 50 20 Esq.,
1066 2665 55 17 Jobk
1132 2666 62 21 Gore,
1203 2667 51 21 Esq.,
1260 2676 4 5 <

807 2684 38 17 and
851 2684 67 17 James
925 2684 18 17 J.
950 2685 101 20 Cummins,
1060 2686 44 21 Esq.

688 2705 81 17 Bankers
774 2710 12 11 :-
791 2705 77 17 Messrs.
875 2706 62 19 Glyn,
948 2706 115 20 Hallifax,
1071 2707 73 21 Mills,
1151 2709 37 15 and
1195 2709 31 17 Co;

781 2727 103 20 Secretary:
895 2728 84 16 Samuel
985 2727 96 20 Jackson,
1088 2729 44 20 Esq.

750 2747 83 17 Colonial
838 2748 105 20 Inspector:
955 2748 17 16 J.
980 2749 19 15 C.
1006 2749 105 21 M'Larex,
1118 2751 44 20 Esq.

783 2796 70 20 New
871 2796 124 21 Zealand
1013 2797 118 21 Branch.

661 2822 55 16 Local
722 2822 92 17 Directors
819 2827 5 12 :
840 2822 47 17 Geo.
899 2823 18 16 S.
928 2823 73 19 Evans,
1014 2824 49 21 Esq.,
1075 2825 65 17 D.C.L.
1158 2826 37 17 and
1206 2827 48 17 Gko.

884 2844 92 20 Hunter,
987 2845 45 20 Esq.

661 2864 96 21 Manager:
768 2864 51 17 John
826 2864 73 20 Smith,
906 2865 50 20 Esq.,
964 2865 36 17 late
1008 2866 21 17 of
1035 2866 33 17 the
1075 2867 118 18 Commercial
1200 2869 53 17 Bank

830 2886 21 16 of
859 2886 90 20 England,
960 2886 125 18 Manchester.

770 2905 117 23 Branches
897 2910 24 18 at
936 2907 98 28 Sydney,

936 2934 89 23 Hobart
1033 2935 77 28 Town,

937 2961 149 29 Launceston,
1099 2963 46 22 and

937 2988 54 22 Port
1000 2989 82 28 Philip.

661 3015 54 21 Port
723 3013 133 29 Nicholson,
868 3015 80 22 March
958 3017 35 26 24,
1004 3017 62 22 1840.

661 3068 91 50 THE
768 3068 118 23 Directors
902 3069 27 21 of
943 3069 40 23 the
1000 3070 56 22 New
1071 3071 103 24 Zealand
1188 3073 66 23 Land

735 3096 119 28 Company
868 3096 85 28 hereby
969 3097 50 27 give
1036 3099 82 26 notice,
1136 3099 50 22 that
1200 3100 54 29 they

659 3121 58 23 have
723 3130 115 15 effected
849 3130 30 15 an
889 3131 173 15 arrangement
1070 3125 55 22 with
1132 3126 37 22 the
1177 3127 76 23 Union

659 3149 66 23 Bank
739 3151 26 21 of
780 3150 123 27 Australia,
920 3151 45 22 No.
981 3152 34 27 38,
1031 3152 45 21 Old
1090 3152 162 30 Broad-street,

659 3176 102 29 London,
772 3177 37 22 for
817 3177 39 22 the
869 3178 169 22 establishment
1052 3179 27 22 of
1091 3187 15 14 a
1122 3180 132 25 BRANCH

659 3203 89 23 BANK
762 3204 37 22 IN
812 3204 75 22 NEW
899 3205 164 29 ZEALAND;
1073 3206 98 29 through
1180 3208 74 23 which

659 3230 38 22 the
705 3231 104 22 business
813 3232 36 21 -of
860 3231 39 22 the
916 3232 58 22 New
990 3232 102 23 Zealand
1105 3234 66 23 Land
1188 3236 66 23 Com-

658 3265 62 21 pany
727 3259 46 22 will
781 3259 30 21 be
820 3259 137 22 transacted.
984 3259 49 22 The
1047 3260 117 23 Directors
1179 3262 75 23 there-

657 3285 49 22 fore
715 3286 148 21 recommend
870 3289 24 18 to
911 3286 112 23 Colonists
1038 3286 39 23 the
1094 3288 78 22 Union
1188 3290 66 22 Bank

659 3312 26 21 of
703 3312 116 23 Australia
835 3319 26 15 as
878 3320 29 15 an
934 3313 172 23 establishment
1127 3318 127 28 possessing

658 3339 59 22 their
732 3339 71 22 entire
826 3340 139 28 confidence,
985 3340 46 23 and
1049 3341 52 22 able
1120 3345 23 18 to
1160 3344 93 29 provide

658 3366 127 28 effectually
800 3366 36 22 for
851 3366 39 22 the
903 3366 108 23 financial
1024 3371 73 19 wants
1114 3369 27 22 of
1151 3369 37 22 the
1204 3372 50 22 first

657 3393 136 22 settlement.

826 3420 37 28 By
872 3420 67 22 order
948 3421 27 21 of
984 3420 38 23 the
1032 3422 81 28 Board,

904 3454 87 22 JOHN
1005 3455 105 28 WARD,
1127 3457 124 30 Secretary.

658 3481 56 22 New
723 3481 102 22 Zealand
833 3481 66 25 Land
909 3482 136 28 Company's
1055 3483 79 28 Offioe,
1164 3499 1 6 ,
1196 3495 9 8 --
1226 3497 4 3 -

684 3514 20 23 1.
716 3513 161 27 Adam-street,
888 3513 107 28 Adolphi,
1001 3514 32 22 '2f
1034 3514 24 23 th
1067 3515 62 27 Aug.
1148 3518 61 22 1869.

659 3558 91 22 HHHE
772 3560 84 20 Nelson
878 3560 118 21 Examiner
1018 3562 44 20 and
1082 3563 54 20 New
1158 3565 95 21 Zealand

665 3582 29 25 X
733 3586 111 22 Chronicle
860 3586 128 26 (published
997 3591 23 18 at
1030 3588 102 29 Nelson,)
1148 3590 19 22 is
1185 3599 67 21 regu-

655 3612 60 28 larly
732 3613 146 22 transmitted
890 3617 23 18 to
929 3613 147 30 Wellington,
1096 3617 45 22 and
1156 3625 52 22 may
1221 3620 30 22 be

657 3638 43 22 had
711 3643 23 17 at
743 3639 38 22 the
791 3640 65 22 office
866 3641 26 21 of
903 3640 44 22 this
956 3648 76 21 paper.

683 3665 49 23 The
741 3667 80 21 Nelson
829 3669 119 20 Examiner
963 3669 46 22 will
1016 3669 28 22 be
1054 3669 72 24 found
1135 3678 30 15 an
1176 3673 75 23 excel-

656 3692 49 21 lent
713 3693 101 23 medium
823 3695 36 21 for
869 3695 138 23 advertisers.

683 3719 78 23 Terms
771 3721 35 22 for
816 3721 38 23 the
863 3728 76 21 paper,
949 3726 37 18 ten
995 3723 103 28 shillings
1111 3732 40 20 per
1160 3730 91 23 quarter

657 3746 93 27 payable
758 3747 152 28 in-advance..

684 3772 83 23 Orders
790 3774 34 22 for
844 3775 38 22 the
892 3791 4 4 .
903 3782 70 22 paper
995 3777 45 22 and
1063 3777 188 26 advertisements

657 3800 103 22 received
770 3803 23 19 at
802 3801 38 21 the
851 3802 73 22 Office
934 3803 26 22 of
971 3803 44 23 this
1023 3812 79 20 paper.

658 3848 139 33 rpEGG'S
811 3850 102 23 SHEET
927 3852 201 25 ALMANACKS
1144 3855 34 23 for
1188 3859 60 22 1842,

664 3874 30 22 JL
732 3876 82 27 Tegg's
824 3876 111 29 Washing
945 3879 71 28 Book,

682 3902 83 28 Tegg's
775 3904 149 23 Commercial
935 3905 84 23 Pocket
1029 3907 97 23 Diariea.

657 3946 73 49 ON
744 3947 87 28 SALE,
838 3951 32 20 .at
878 3949 46 23 this
934 3950 72 28 office,
1016 3951 71 23 blank
1096 3953 61 23 Biw
1165 3954 85 24 Books.

758 3974 96 24 GSaette
890 3976 72 27 office,
974 3977 57 23 Deo.
1039 3979 22 21 4;

275 130 55 20 For
344 129 70 23 Sale,

50 164 92 49 THE
158 163 144 22 COTTAGE
317 162 95 22 situated
422 162 24 21 in
463 162 102 22 Oriental
581 162 57 28 Bay,

124 190 45 22 and
183 189 69 28 lately
262 189 106 28 occupied
382 189 32 27 by
423 188 38 22 the
478 188 160 28 undersigned.

49 219 22 20 A
86 217 54 27 long
157 217 60 21 lease
235 217 27 21 of
278 216 38 22 the
331 215 84 22 section
430 222 59 21 upon
506 215 76 23 'which
600 216 38 22 the

49 244 68 21 house
127 243 77 21 stands
214 244 45 20 will
267 243 28 21 be
304 242 103 28 granted.

75 271 69 21 Town
155 270 55 21 land
219 270 45 21 will
264 270 35 21 Tie
309 268 67 22 taken
386 276 24 14 in
420 268 124 28 exchange*.

76 298 44 20 For
127 296 87 22 further
222 296 136 28 particulars,
369 295 67 27 apply
445 298 23 19 to

370 327 98 22 George
483 327 89 27 Duppa,
587 334 25 15 or

370 353 37 22 W.
422 353 28 23 V.
466 354 111 22 Brewer.

76 381 55 28 July
141 382 21 23 7.
173 383 60 21 1842.

55 433 88 22 TUST
156 431 160 23 RECEIVED
327 435 23 18 at
358 431 37 23 the
405 432 70 21 Office
482 432 26 22 of
514 431 37 22 the
563 432 76 22 '-'New

48 454 26 27 0
112 459 99 21 Zealand
352 466 13 14 a
374 459 43 21 few
433 458 74 28 copies
516 459 27 21 of
549 459 37 22 the
596 459 44 22 fol-

47 486 81 26 lowing
140 485 79 27 works,
232 485 26 21 of
266 485 44 21 last
319 485 73 27 year's
402 485 142 28 publication,
555 486 45 24 and
614 487 24 21 in

48 512 112 22 excellent
170 512 113 22 condition
290 520 35 14 :—

73 545 48 22 The
136 545 99 22 Poetical
250 545 81 22 Works
348 546 26 21 of
383 545 95 28 Milton,
489 545 56 23 with
560 553 14 18 a
591 554 49 15 me-

45 572 64 27 moir,
128 572 45 22 and
196 579 68 14 seven
289 572 193 23 embellishments
504 572 33 28 by
554 573 85 28 Fuseliy

46 599 100 27 Westall,
171 599 45 21 and
241 599 94 22 Martin.
349 616 6 9 
382 599 62 27 Also,
469 607 32 14 an
528 600 113 22 excellent

46 626 94 26 portrait
159 626 27 21 of
202 626 90 26 Milton,
313 626 116 27 engraved
441 627 31 28 by
485 626 25 23 J.
529 626 108 28 Cochran,

44 652 58 21 from
113 659 13 14 a
135 652 127 27 miniature,
274 652 119 28 originally
403 653 24 22 in
437 653 38 22 the
481 654 125 28 possession
616 654 27 22 of

47 679 75 22 Oliver
130 679 124 22 Cromwell.
285 679 10 22 I
307 680 46 21 vol.
360 682 57 24 Bvo.,
425 680 79 24 bound
511 680 26 22 in
542 680 68 22 cloth.

75 705 49 22 Life
141 706 27 21 of
183 705 38 22 the
238 706 68 21 Duke
323 706 26 22 of
363 706 146 28 Wellington,
528 705 112 29 compiled

48 732 58 21 from
130 732 35 21 his
189 732 92 22 Grace's
304 733 145 28 Despatches,
473 732 120 28 published
615 734 25 22 in
646 742 2 11 ;

48 760 60 25 1840,
121 759 30 26 by
163 759 88 27 George
260 760 81 26 Soane,
353 759 70 22 A.B^'
438 762 14 19 2
461 759 55 23 vols.
525 759 62 24 cloth
593 761 47 22 and

49 785 101 22 lettered.

71 812 49 22 The
130 812 65 28 Holy
204 813 71 26 Bible,
286 813 130 27 containing
426 812 37 23 the
471 812 47 23 Old
527 813 46 22 and
583 814 56 23 New

47 839 148 27 Testaments,
219 840 54 21 with
295 843 72 23 notes,
387 840 31 27 by
441 840 39 21 the
499 840 57 22 Rev.
576 841 62 22 John

48 866 88 21 Hobart
149 867 105 26 Caunter,
272 866 61 27 8.C.,
349 866 80 22 author
443 867 25 21 of
475 866 39 23 the

47 893 26 21 of
83 893 37 21 the
309 893 47 22 and
365 893 148 22 embellished
522 894 54 23 with
587 895 53 22 four

46 926 63 20 maps
123 920 46 21 and
184 921 40 20 144
238 920 141 27 engravings,
399 920 59 23 from
476 920 114 29 paintings
607 922 32 28 by

46 946 94 21 Westall
149 946 46 22 and
206 946 91 27 Martin,
309 949 49 20 Bvo.
369 947 68 22 cloth.

73 973 49 21 The
132 973 133 27 Beginner's
275 974 89 22 French
379 974 70 28 Book,
463 975 45 22 and
520 975 38 22 the
569 976 70 22 Scho-

46 999 52 22 lar's
118 1000 87 21 French
221 1000 71 27 Book,
309 1001 30 27 by
349 1002 63 21 Ren6
430 1001 76 28 Aliva,
517 1002 80 23 author
615 1003 27 22 of

47 1026 38 21 the
120 1027 168 27 Anti-Spelling

75 1053 144 22 Montacute:
235 1061 26 14 or
270 1061 14 14 a
293 1054 56 22 New
366 1054 67 22 horne
433 1066 28 4 —
461 1054 76 23 who'll
549 1056 89 22 follow?

47 1079 34 28 By
90 1080 56 21 Mrs.
158 1080 66 27 Mary
234 1081 98 21 Clavers.
361 1083 13 20 2
381 1082 54 21 vols.
445 1084 50 19 Bvo.

73 1107 113 27 Scripture
202 1107 134 28 Biography,
351 1109 35 21 for
397 1108 38 22 the
449 1109 92 27 Young,
552 1109 86 22 embel-

46 1133 72 22 lished
127 1134 55 21 with
191 1134 78 28 plates.

73 1160 112 27 Voyages,
197 1160 149 28 Adventures,
363 1161 46 22 and
423 1162 97 27 Escapes
534 1163 28 21 of
574 1164 62 27 Capt.

47 1186 99 23 Richard
155 1187 116 27 Falconer,
282 1188 87 22 written
379 1188 31 27 by
420 1188 97 28 himself,
529 1192 11 19 1
551 1190 44 23 vol.

73 1214 97 21 Fisher's
181 1214 105 22 Juvenile
296 1215 69 34 Scrap
374 1215 71 28 Book,
455 1216 37 21 for
500 1218 61 20 1842.

73 1240 49 22 Life
143 1240 47 23 and
209 1242 71 26 Reign
299 1242 27 21 of
337 1242 100 22 William
450 1243 39 21 the
506 1243 90 27 Fourth,
606 1244 32 26 by

45 1267 37 22 the
92 1268 57 21 Rev.
162 1268 30 22 G.
202 1268 29 22 N.
242 1268 97 28 Wright,
351 1270 73 26 M.A.,
435 1271 13 20 2
458 1270 55 22 vols.

73 1294 50 22 Life
132 1295 44 22 and
187 1295 135 28 Campaigns
332 1295 26 22 of
369 1296 37 22 the
416 1296 68 23 Duke
494 1297 26 22 of
527 1297 110 29 Welling-

45 1325 44 22 ton,
100 1322 30 27 by
141 1322 38 21 the
190 1330 60 14 same
260 1322 96 23 Author.
383 1324 15 21 4
409 1323 54 22 vols.

73 1349 49 22 Life
137 1349 46 21 and
197 1349 95 22 services
309 1350 27 21 of
349 1350 94 21 Horatio
456 1350 111 23 Viscount
582 1352 55 22 Nel-

46 1383 46 19 son,
113 1376 56 21 from
183 1376 35 21 his
236 1376 119 28 lordship's
373 1377 156 28 manuscripts,
550 1379 30 27 by
598 1379 38 22 the

46 1403 55 21 Rev.
113 1402 22 22 J.
147 1403 22 21 S.
181 1402 87 28 Clarke,
278 1404 90 26 F.R.S.,
379 1404 47 21 and
435 1404 62 22 John
508 1405 127 28 M'Arthur,

45 1430 60 26 Esq.,
116 1429 89 22 L.L.D.
232 1431 13 20 3
257 1430 55 21 vols.

40 1477 9 5 _
72 1456 48 22 The
138 1456 80 26 Rhine,
230 1456 67 28 Italy,
309 1456 46 22 and
370 1457 87 22 Greece
467 1458 134 28 illustrated,
612 1459 24 22 in

45 1491 13 13 a
69 1484 67 21 series
146 1483 26 22 of
179 1483 111 27 drawings
307 1484 57 21 from
379 1488 87 24 nature,
478 1485 53 22 with
547 1485 89 23 histori-

46 1510 34 21 cal
90 1510 45 21 and
145 1510 123 27 legendary
278 1510 153 28 descriptions.

72 1537 157 27 Shakspeare's
240 1538 117 21 Dramatic
367 1538 87 27 Works,
465 1538 55 22 with
529 1538 79 28 plates.
624 1541 11 21 1

44 1564 44 21 vol.

72 1590 145 23 Buchanan's
226 1590 86 28 history
322 1590 26 23 of
355 1591 114 23 Scotland.
499 1594 10 20 1
520 1592 45 23 vol.

72 1618 95 27 History
177 1618 26 21 of
215 1618 108 26 England,
336 1621 23 18 to
374 1618 37 22 the
428 1619 67 22 death
510 1620 26 21 of
548 1620 87 27 George

45 1644 37 22 the
94 1644 96 27 Second,
200 1644 29 28 by
240 1645 78 22 Oliver
328 1645 126 22 Goldsmith
461 1655 5 18 ;
483 1647 122 21 continued
613 1651 22 17 to

45 1671 37 22 the
93 1672 128 21 coronation
231 1672 27 21 of
271 1672 79 24 Queen
362 1672 106 26 Victoria,
485 1674 30 24 by
525 1674 37 21 the
578 1674 57 22 Rev.

47 1699 27 20 G.
87 1698 29 22 N.
127 1698 99 28 Wright,
236 1700 66 21 M.A.

71 1725 110 27 Wesley's
206 1727 110 25 Sermons,
336 1725 52 22 with
406 1733 15 14 a
438 1727 101 27 memoir,
562 1727 31 28 by
612 1728 23 22 S.

44 1751 74 28 Drew,
132 1753 66 21 M.A.

71 1780 99 21 Memoir
179 1780 26 21 of
211 1779 57 22 Rev.
278 1779 110 22 Rowland
403 1780 55 26 Hill,
469 1780 30 28 by
510 1781 35 21 W.
556 1780 77 29 Jones,

43 1806 89 21 Author
157 1806 26 21 of
228 1806 171 28 Testamentary
424 1808 115 27 Counsels,
590 1809 46 21 2nd

44 1832 90 23 edition.
163 1835 9 20 1
187 1833 42 22 vol.

71 1860 122 27 Magnall's
203 1860 133 27 Questions;
351 1860 103 28 pictorial
464 1861 92 22 edition.

69 1887 106 22 Barton's
187 1888 82 27 Gospel
278 1888 85 27 history
371 1888 26 21 of
404 1888 80 22 Christ.
515 1890 9 23 J
535 1888 45 22 vol.

69 1914 47 21 The
127 1914 81 22 Easter
217 1914 55 25 Gift,
284 1915 29 27 by
323 1914 93 22 L.E.L.'
438 1917 9 19 1
460 1915 45 21 vol.

69 1940 48 22 The
128 1941 101 21 Parents'
241 1941 89 27 Friend,
339 1942 28 27 by
376 1942 62 21 John
447 1942 109 27 Morison,
565 1942 68 27 D.D.,

42 1967 89 22 Author
141 1968 25 22 of
316 1972 21 17 to
349 1976 13 14 a
373 1969 181 27 newly-wedded

70 1995 112 27 Scripture
200 1995 93 27 History
306 1996 36 20 for
358 1996 85 21 Youth.
471 1997 15 21 2
501 1997 64 26 vols.,
582 1997 53 21 with

42 2028 63 20 maps
116 2021 44 21 and
170 2021 77 27 plates.

69 2048 48 21 The
138 2048 95 21 Women
253 2048 25 22 of
295 2048 110 27 England,
425 2048 58 22 their
504 2049 74 22 Social
591 2050 44 22 and

41 2074 116 22 Domestic
172 2075 87 27 Duties,
276 2076 31 26 by
317 2076 55 22 Mrs.
390 2076 55 22 Ellis
452 2084 7 18 ;
476 2076 53 22 15th
544 2077 89 22 edition.

43 2103 9 20 1
66 2102 42 21 vol.

69 2129 102 21 Summer
186 2129 45 22 and
240 2129 87 22 Winter
342 2129 23 22 in
379 2129 40 22 the
430 2129 118 28 Pyrenees,
560 2130 29 28 by
596 2131 38 22 the

41 2163 61 13 same
112 2156 96 22 Author.
238 2157 11 21 1
260 2156 44 22 vol.

69 2182 139 23 Goldsmiths
217 2183 83 27 history
311 2183 25 21 of
345 2183 35 21 the
391 2183 71 23 earth.
490 2185 15 21 4
515 2184 55 22 vols.

68 2209 107 23 Burder's
185 2210 88 27 Village
284 2211 111 21 Sermons.
426 2211 11 21 I
448 2211 46 22 vol.

68 2236 90 22 Wood's
168 2237 132 27 Dictionary
311 2237 26 22 of
344 2237 37 22 the
391 2237 72 23 Bible.
493 2240 15 20 2
516 2239 57 21 vols.

68 2264 92 22 Smith's
170 2264 112 27 Mecanic,
294 2266 14 20 2
316 2264 54 22 vols.

41 2298 4 6 '
66 2290 48 22 The
124 2291 65 22 Book
200 2291 24 22 of
237 2292 110 21 Common
358 2292 89 27 Prayer,
458 2291 132 24 illustrated.

66 2317 147 23 Fleetwood's
222 2318 39 22 life
273 2319 24 21 of
305 2318 80 22 Christ.

67 2345 67 21 Fox's
145 2345 111 22 Christain
268 2345 163 28 Martyrology.

66 2371 47 22 The
125 2372 72 22 whole
207 2372 54 28 duty
273 2372 24 22 of
304 2373 65 26 Man,
383 2373 32 27 by
425 2372 37 22 the
472 2373 57 22 Rev.
541 2373 91 23 Charles

39 2398 102 26 Atmore,

66 2425 132 23 Morrison's
207 2425 88 28 Family
306 2426 103 28 Prayers.

67 2453 117 27 Bunyan's
201 2453 114 27 Pilgrim's
330 2454 112 27 Progress,
458 2454 135 29 beautifully
605 2455 16 22 il

37 2479 115 23 lustrated.

66 2507 112 21 Sermon's
188 2507 29 26 by
227 2506 62 22 Blair
297 2506 46 22 and
353 2507 137 23 Whitefield.

66 2533 113 22 Buchan's
190 2534 115 22 Domestic
316 2535 123 21 Medicine.

66 2560 112 22 Walker's
189 2561 157 26 Pronouncing
356 2561 138 28 Dictionary.

66 2587 137 24 Jamiesonls
209 2587 132 27 Dictionary
348 2589 24 21 of
376 2588 144 23 Mechanical
531 2590 99 27 Science,

38 2615 61 26 Arts,
112 2614 176 27 Manufactures,
299 2615 40 21 &c.
368 2617 13 19 2
391 2616 63 27 vols.,
465 2617 46 22 4to.

66 2641 174 27 Encyclopaedia
249 2641 128 23 Edinensis.
406 2644 13 20 C
429 2643 55 22 vols.

66 2668 192 27 Drawing-Room
269 2669 68 28 Scrap
348 2669 62 22 Book
419 2670 35 21 for
464 2672 62 21 1842.

66 2695 101 22 Mathew
177 2695 74 22 Wald.

67 2721 82 23 Close's
159 2723 88 27 Family
257 2723 91 27 Prayer.

67 2749 73 27 Guy's
149 2749 100 28 Spelling
259 2749 80 28 Books,
351 2751 40 21 &c.
400 2751 41 21 &c.
451 2752 43 22 &c.

38 2803 40 20 To
94 2803 165 20 Gentlemen
273 2802 148 28 intending
435 2805 29 19 to
480 2806 77 19 enter
571 2805 59 22 into

66 2830 44 20 the
139 2830 146 25 profitable
315 2831 109 25 pursuit
452 2831 31 20 of
511 2832 121 28 Grazing

66 2857 55 21 and
142 2857 138 26 Breeding
299 2857 92 26 Stock,
414 2857 43 21 for
476 2858 91 21 which
587 2860 44 21 the

66 2884 89 21 fertile
175 2884 111 20 Islands
309 2884 30 20 of
356 2885 70 20 New
443 2885 124 22 Zealand
586 2892 45 15 are

65 2917 30 14 so
111 2911 153 26 peculiarly
278 2911 128 26 adapted.

38 2945 91 49 THE
141 2945 153 27 undersigned
303 2946 45 27 beg
357 2949 22 19 to
387 2946 85 22 inform
482 2946 149 24 theirfriends

108 2972 46 22 and
171 2972 38 22 the
223 2972 76 27 public
316 2973 124 28 generally,
455 2974 52 22 that
523 2974 54 28 they
586 2975 45 22 will

36 3002 101 19 contract
162 3000 36 21 for
216 2999 38 22 the
279 2999 102 29 delivery
406 3001 27 21 of
452 3001 40 21 the
516 3001 116 28 following

36 3025 135 28 description
185 3027 26 21 of
218 3026 74 28 Stock,
300 3028 25 21 in
334 3035 45 20 any
389 3028 54 22 Port
452 3029 28 21 of
492 3028 39 22 the
542 3029 89 23 Islands

36 3053 26 20 of
69 3053 55 21 New
135 3053 102 23 Zealand
244 3062 5 13 :
251 3065 29 4 —

64 3079 96 23 Horned
176 3081 67 21 cattle
261 3081 127 28 (improved
396 3082 96 27 .breeds)
508 3082 29 22 of
546 3082 31 22 all
591 3082 40 23 de-

36 3107 126 27 ■criptions,

65 3133 91 27 Horses,
178 3134 58 22 from
259 3135 36 21 the
319 3135 50 23 best
389 3136 96 27 English
506 3136 45 23 and
556 3138 11 26 f
567 3137 63 22 Arab

35 3160 69 27 studs,
122 3161 95 21 suitable
233 3161 35 21 for
287 3163 84 27 racing,
388 3163 84 28 saddle,
484 3171 27 14 or
521 3163 94 24 harness
622 3173 6 19 ;

35 3187 47 22 and
90 3187 110 27 breeding
209 3196 80 19 mares,

66 3215 56 23 Pure
134 3215 76 21 Saxon
219 3215 45 21 and
274 3216 87 22 merino
370 3224 66 20 ewes,

64 3241 123 22 Half-bred
203 3241 113 23 Leicester
330 3244 45 22 and
390 3245 88 21 merino
497 3252 65 20 ewes,
567 3255 4 5 1
578 3253 52 21 par-

35 3268 105 28 ticularly
149 3268 98 27 adapted
261 3269 34 21 for
304 3269 45 23 this
358 3274 102 25 country,
471 3279 25 15 as
504 3272 56 30 they
565 3274 64 21 unite

35 3295 83 27 vyeight
127 3296 28 21 of
161 3302 88 16 carcass
260 3295 52 22 with
322 3296 97 23 fineness
429 3299 25 21 of
461 3299 64 22 wool.

61 3323 48 21 The
135 3323 152 26 undersigned
310 3330 43 15 can
380 3326 169 22 accommodate
576 3334 53 21 pur-

35 3349 89 26 chasers
140 3350 27 22 of
179 3349 59 22 their
248 3349 68 23 Stock
334 3351 54 21 with
405 3353 115 22 extensive
534 3354 95 28 grazing

33 3384 62 19 runs,
106 3376 80 23 within
197 3378 39 20 100
245 3376 103 26 miles.,of
354 3377 44 22 this
402 3374 11 27 '
413 3374 55 27 Port.

300 3408 36 22 W.
351 3409 26 22 B.
393 3410 93 23 Rhodm
501 3412 46 22 and
562 3413 37 23 Co.

212 3455 43 20 Ex

36 3488 89 49 FOR
139 3488 87 27 SALE,
237 3488 30 27 by
277 3487 39 22 the
326 3487 156 29 undersigned,
495 3490 38 22 the
543 3492 85 22 follow-

107 3516 41 26 ing
156 3515 75 27 cattle,
242 3514 99 23 selected
349 3514 59 22 from
417 3515 37 22 the
464 3516 58 22 herd
531 3518 27 21 of
564 3519 61 28 Capt.

34 3542 98 26 Rhodes,
151 3546 25 18 at
195 3542 102 26 Broulee,
315 3542 56 22 New
391 3542 72 23 South
478 3543 84 29 Wales,
581 3546 46 22 and

32 3569 84 22 landed
126 3570 53 21 here
189 3570 24 21 in
223 3570 72 27 prime
303 3568 126 28 condition,

61 3598 27 21 28
98 3604 57 15 cows
164 3596 25 21 in
200 3596 51 28 calf,

62 3626 13 19 9
83 3624 112 26 bullocks,
250 3639 3 3 •
591 3622 11 16 >(

62 3652 25 21 13
97 3655 71 17 steers
177 3650 45 22 and
235 3647 93 30 heifers,
340 3650 103 27 eighteen
454 3651 92 22 months
556 3652 44 22 old.

300 3685 65 20 ALSO,

61 3706 26 21 70
100 3704 60 22 head
170 3704 27 22 of
208 3704 44 23 fine
268 3704 68 23 cattle
351 3704 110 28 expected
475 3708 23 19 to
515 3706 73 22 arrive
603 3707 25 21 in

33 3731 38 22 the
81 3732 102 20 Eleanor.

61 3758 106 28 Wanted,
184 3766 15 14 a
210 3766 81 20 person
306 3762 130 25 competent
445 3763 24 19 to
484 3760 53 22 take
546 3760 82 28 charge

33 3785 27 22 of
67 3793 13 14 a
89 3786 73 21 Cattle
172 3786 94 22 Station.

299 3812 37 23 W.
351 3814 26 21 B.
393 3814 97 22 Rhodes
506 3814 45 22 and
562 3814 38 22 Co.

61 3838 55 28 July
125 3840 35 26 14,
174 3841 62 21 1842.

129 3883 158 30 Stationery
302 3884 63 27 just
378 3886 155 25 unpacked.
572 3902 3 4 .

35 3916 72 49 ON
122 3916 87 26 SA^E.
224 3920 23 19 at
256 3916 39 23 the
295 3928 4 13 f
307 3918 87 21 Gazette
410 3918 79 28 Office,
507 3926 29 14 an
549 3922 79 20 exten-

111 3943 48 25 sive
168 3940 47 29 an<|
222 3944 79 25 yaried
310 3948 136 20 assortment
461 3946 28 21 of
505 3946 123 29 stationery

31 3970 28 22 of
70 3977 67 21 every
147 3970 144 28 description.
531 3987 4 9 ,
