2540 4029
93 127 61 19 terns,
175 118 28 25 in.
219 118 126 27 preference
363 118 25 21 to
410 116 58 28 lead,
483 117 64 28 .zinc,
567 118 57 26 tiles,
644 126 24 15 or

92 148 59 22 slate.
186 144 26 23 In
221 148 30 18 its
260 143 119 31 durability
388 143 45 22 and
446 151 74 21 power
528 144 25 23 of
565 144 103 28 resisting

92 174 35 22 the
136 172 71 21 effects
214 170 27 21 of
246 169 147 26 atmospheric
402 170 164 28 inclemencies,
577 171 44 22 and
629 171 38 22 the

90 199 68 24 action
168 197 26 22 of
200 200 80 23 water;
290 197 23 20 in
321 195 31 22 its
360 196 116 28 lightness,
483 197 128 28 cheapness,
622 198 45 22 and

90 228 35 21 the
141 225 106 21 immense
264 222 78 27 saving
361 219 30 29 of
408 223 108 33 material,
539 224 63 27 time,
621 224 46 22 and

90 253 79 24 labour,
184 249 44 22 and
246 249 29 21 its
293 248 76 23 effects
383 256 58 15 were
459 251 29 20 its
505 250 62 23 chief
581 257 86 16 recom-

90 276 146 27 mendations,,
244 278 23 18 to
283 274 61 23 these
355 275 174 23 circumstances
545 284 37 15 are
599 280 23 19 to
638 278 28 22 be

91 302 111 27 attributed
212 299 38 23 the
259 303 141 26 patronageit
409 302 41 22 has
458 303 108 22 received.

113 329 54 24 Such
181 327 119 28 properties
310 328 67 23 could
391 328 78 29 hardly
482 329 40 22 fail
537 334 23 17 to
574 331 63 27 point
648 331 18 22 it

90 362 33 20 out
131 360 22 18 to
165 355 35 21 the
211 360 41 21 eye
261 354 26 22 of
297 355 37 21 the
343 355 119 28 intending
471 356 106 27 Colonist,
588 364 24 15 as
621 358 44 21 cmi

89 383 70 27 nently
173 380 95 27 adapted
283 384 28 19 to-
322 381 37 22 the
375 386 72 20 .wants
462 383 53 26 and.
522 390 104 21 purposes
642 385 26 21 of

89 409 93 26 building
187 407 27 22 in
220 414 18 17 .a
247 414 49 15 new
302 407 93 28 Colony.
426 409 43 22 But
478 409 61 22 there
547 416 37 15 are
590 411 64 26 objec
659 423 5 5 •

90 439 52 22 tions
151 438 21 18 to
181 434 29 22 its
219 434 151 27 .exportation,
381 434 73 22 which
464 435 107 28 originate
588 438 23 20 in
626 437 38 23 the

90 468 87 23 expense
187 460 25 22 of
223 461 110 26 securing,
349 460 106 28 packing,
466 463 104 27 carriage,
581 463 83 28 freigh-

88 496 51 22 tage,
148 486 43 23 and
199 485 52 28 risk,
262 486 88 22 besides
358 487 54 22 othe
424 489 158 26 contingences
591 490 73 23 which

87 514 67 26 would
163 517 23 18 at
194 519 56 15 once
261 513 88 32 destroy
356 513 29 23 its
394 518 58 18 most
458 515 114 23 attractive
578 517 85 22 feature

88 548 20 19 to
116 542 42 22 the.
162 539 104 26 Colonist,
276 539 51 26 viz.,
338 539 28 23 its
376 540 130 28 cheapness.

111 567 57 23 With
182 565 61 23 these
255 565 176 24 considerations
445 567 24 22 in
478 569 63 26 view,
551 576 15 14 a
579 569 84 24 license

86 598 35 22 has
129 595 54 21 been
191 591 124 28 purchased
323 593 26 21 of
356 593 38 22 the
404 597 114 23 patentees
527 595 22 22 in
560 595 102 28 England

85 628 21 18 to
113 619 149 25 manufacture
272 618 46 22 and
327 619 41 22 sell
377 619 39 23 the
426 621 82 22 Patent
517 622 145 27 Oropholithe

85 651 21 22 in
121 648 51 22 New
186 645 106 27 Zealand,
302 652 25 14 so
342 645 54 26 that,
407 646 38 22 the
464 647 112 23 Colonists
590 650 73 27 might

83 680 85 25 procure
181 673 17 21 it
213 672 46 23 free
275 672 26 21 of
313 672 127 23 additional
454 681 104 21 expeuse,
577 676 45 23 and
639 678 26 21 of

84 707 58 21 every
151 699 44 22 risk
205 698 26 22 of
237 698 45 22 loss
292 705 24 15 or
325 698 103 29 damage.

108 728 31 22 Its
150 725 144 28 composition
308 725 19 22 is
336 726 126 28 extremely
471 727 78 29 simple
563 729 47 23 and
622 730 39 23 the

82 752 128 30 ingredients
215 752 70 27 easily
291 753 117 26 procured.
429 755 21 21 A
458 759 87 18 cement
550 755 18 22 is
574 756 88 24 formed

83 783 23 21 of
111 781 55 22 river
174 785 24 15 or
206 778 34 27 pit
254 779 62 26 sand,
323 779 101 28 whiting,
433 780 43 23 and
485 781 101 28 litharge,
593 783 69 29 finely

84 806 60 25 sifted
158 804 42 23 and
208 805 82 23 .mixed
302 805 54 23 with
372 805 88 25 linseed
469 807 37 28 oil,
517 808 37 22 the
570 816 92 22 propor-

84 835 52 22 tions
144 832 24 22 of
177 831 94 28 litharge
280 832 43 22 and
333 832 30 22 oil
377 833 70 28 being
456 835 123 26 extremely
588 837 72 22 small.

83 860 47 24 This
139 861 86 20 cement
241 865 20 15 is
276 858 44 22 laid
334 866 29 14 on
375 866 44 15 one
435 867 26 15 or
473 860 55 23 both
539 861 59 23 sides
609 864 27 21 of
648 872 13 14 a

80 892 68 17 coarse
158 891 82 15 canvas
247 885 98 27 forming
356 886 64 22 when
431 886 40 29 dry
481 894 14 15 a
508 887 64 23 sheet
587 889 74 24 three-

58 924 4 5 '
81 912 66 27 eights
157 912 25 20 of
186 918 28 14 an
224 912 54 22 inch
283 912 69 27 thick,
363 913 45 22 and
418 914 68 22 about
494 916 28 20 32
528 915 47 22 feet
579 924 81 21 square

80 941 21 21 in
108 941 82 19 extent.
206 938 49 22 The
259 939 114 27 operation
379 940 24 21 of
410 941 117 28 spreading
532 942 36 22 the
574 948 87 18 cement

80 964 95 28 together
194 964 53 24 with
266 966 38 22 the
322 966 46 23 size
386 967 47 23 and
450 967 115 24 thickness
579 970 28 22 of
622 971 37 22 the

79 993 16 21 is
116 990 113 28 regulated
252 992 30 27 by
305 1000 15 14 a
343 993 80 27 simple
447 995 109 27 machine,
584 997 73 23 which

80 1018 43 23 The
138 1018 72 21 sheets
226 1025 38 15 are
285 1019 125 27 suspended
431 1020 31 22 till
482 1020 41 29 dry
537 1023 45 22 and
595 1023 64 23 when

78 1044 97 28 required
184 1044 34 22 for
226 1051 41 15 use
276 1053 37 13 are
321 1050 40 17 cut
372 1051 23 16 to
405 1054 29 14 an
443 1047 96 24 uniform
549 1050 45 22 size
605 1058 29 14 on
645 1059 14 13 a

78 1071 81 27 cutting
172 1070 58 22 table
240 1072 142 22 constructed
391 1073 36 21 for
436 1073 42 22 this
492 1082 101 21 purpose,
605 1077 54 28 they

80 1106 34 16 are
123 1098 52 21 then
182 1097 84 22 carried
276 1098 38 21 flat
320 1106 28 13 on
358 1099 88 22 aboard
457 1104 21 18 to
490 1101 169 28 thespotwhere

78 1126 49 27 they
136 1131 36 15 are
186 1124 108 27 required,
306 1125 45 21 and
367 1125 47 22 laid
424 1126 52 22 with
485 1136 15 14 a
513 1128 37 31 lap
566 1136 24 15 or
600 1130 58 23 close

76 1152 55 28 joint
140 1154 22 19 to
172 1150 37 23 the
221 1150 59 28 roof,
290 1150 117 29 boarding,
419 1153 56 27 wall,
487 1162 25 14 or
521 1156 94 27 cistern,'
619 1157 39 22 the

76 1180 63 27 joints
147 1177 44 22 and
200 1177 69 22 heads
276 1178 23 21 of
307 1178 56 22 nails
374 1179 68 27 being
452 1181 106 28 carefully
564 1184 93 26 stopped

78 1205 42 22 and
134 1204 93 23 covered
237 1204 52 22 with
302 1205 38 22 the
350 1209 96 19 cement.
473 1207 55 23 This
542 1210 113 25 operation

77 1231 93 29 requires
186 1231 68 22 much
269 1231 43 22 less
327 1232 55 22 time
398 1233 46 22 and
453 1235 85 21 trouble
554 1235 54 23 than
618 1238 38 21 the

77 1261 53 20 most
139 1257 115 32 ordeinary
262 1258 90 28 roofing
360 1266 50 15 now
419 1260 23 21 in
453 1268 45 15 use.

102 1285 45 22 The
157 1284 119 28 durability
286 1285 25 22 of
322 1286 38 21 the
368 1286 147 27 Oropholithe
523 1288 20 22 is
553 1296 13 14 a
577 1297 77 15 conse-

78 1319 80 22 quence
175 1311 25 22 of
216 1310 39 23 the
276 1312 109 22 chemical
408 1314 151 23 combination
581 1317 26 21 of
627 1317 28 23 its

76 1340 126 26 component
210 1338 118 28 materials,
340 1339 74 22 which
422 1341 91 23 renders
522 1343 18 21 ie
556 1350 25 15 so
598 1343 58 24 hard

78 1366 45 22 that
130 1364 53 23 steel
197 1371 53 21 may
266 1365 28 22 be
310 1366 90 27 ground
415 1374 28 16 on
460 1368 18 22 it
494 1369 93 24 without
603 1378 52 21 pro-

77 1392 79 27 ducing
163 1391 73 28 injury
246 1395 22 19 to
278 1392 27 22 its
314 1393 96 22 surface.

100 1419 45 21 The
165 1421 94 24 cement,
279 1418 110 29 however,
408 1421 20 21 is
447 1421 30 28 by
495 1430 30 14 no
543 1430 78 16 means
642 1433 13 14 a

76 1446 63 22 novel
151 1444 122 28 invention,
288 1446 74 27 being,
373 1446 25 22 in
409 1447 52 28 fact,
472 1456 15 15 a
502 1450 153 24 modification

76 1473 24 22 of
111 1471 126 23 Hameleins
247 1475 95 25 cement,
356 1473 60 27 (well
426 1475 82 23 known
516 1476 23 22 in
551 1477 38 22 the
599 1480 53 25 arts)

75 1499 52 23 both
141 1498 65 28 being
227 1496 121 31 composed
366 1500 28 22 of
413 1502 113 24 materials
540 1503 113 24 insoluble

74 1527 23 21 in
107 1528 65 20 water
179 1533 5 19 ;
194 1525 47 22 and
250 1526 86 27 though
345 1526 39 22 the
395 1528 146 28 Oropholithe
555 1531 20 21 ia
591 1539 63 15 more

76 1552 87 23 durable
172 1552 43 22 and
229 1552 106 23 adhesive
353 1554 64 27 than,
424 1555 37 22 the
478 1557 64 21 other
556 1563 96 24 cement,

74 1580 28 22 its
111 1579 60 28 plact
179 1579 80 28 might,
275 1580 71 22 under
361 1581 180 29 circumstances,
560 1585 27 21 be
602 1587 52 21 sub-

76 1606 87 22 stituted
177 1606 30 27 by
220 1606 25 22 it.
274 1606 47 23 The
338 1612 65 22 great
416 1609 98 28 novelty,
530 1618 25 14 as
570 1612 49 22 well
630 1620 24 15 as

76 1633 35 21 the
120 1632 72 28 utility
201 1633 27 21 of
239 1633 45 21 this
292 1634 123 28 invention,
432 1637 93 22 consists
540 1638 25 22 in
582 1640 72 26 laying

76 1661 33 21 the
117 1661 76 20 cement
204 1667 27 14 on
248 1667 84 15 canvats
339 1668 6 20 ;
357 1661 93 24 wijhout
465 1664 71 22 which
552 1665 19 22 it
587 1667 65 22 could

76 1694 65 15 never
158 1687 56 23 have
233 1688 58 23 been
307 1689 90 26 applied
413 1694 22 17 to
450 1690 38 23 the
506 1693 105 28 covering
630 1694 26 22 of

74 1714 56 22 roofs
139 1722 29 16 or,.
172 1714 67 22 floors
248 1722 25 14 as
282 1722 13 14 a
303 1715 121 23 substitute
433 1717 35 22 for
476 1717 30 22 oil
516 1718 67 23 cloth.

99 1741 22 22 It
129 1748 50 20 may
188 1741 27 22 be
226 1741 102 28 objected
338 1741 56 28 that,
406 1743 105 28 although
521 1745 37 23 the
565 1751 88 20 cement

73 1768 71 22 resists
162 1768 37 22 the
218 1770 75 20 action
313 1769 26 21 of
355 1769 38 22 the
409 1771 140 28 atmosphere
566 1774 45 22 and
630 1775 26 21 of

73 1799 71 23 water,
154 1794 38 23 the
201 1802 94 16 canvass
303 1802 113 21 possesses
424 1798 30 27 by
463 1804 31 16 no
504 1806 75 15 means
589 1801 63 22 these

72 1821 124 28 properties,
207 1821 45 23 and
264 1823 49 22 thus
323 1823 38 23 the
372 1823 61 23 hond
442 1824 72 25 which
529 1827 73 22 unites
613 1828 38 22 the

71 1853 88 18 cement
167 1849 24 21 in
199 1856 15 15 a
222 1849 69 28 layer,
302 1849 45 23 and
356 1851 91 22 renders
456 1851 18 23 it
489 1853 110 22 available
616 1855 36 22 for

71 1875 37 23 the
118 1882 102 21 purposes
229 1877 28 21 of
266 1876 103 28 building
384 1878 68 27 being
467 1878 117 29 destroyed
599 1881 23 22 in
638 1889 14 14 a

71 1902 60 22 short
139 1903 52 22 time
200 1903 31 26 by
240 1902 62 23 these
312 1905 103 21 external
422 1908 85 24 agents,
518 1905 37 23 the
562 1912 87 17 cement

71 1929 71 22 would
157 1929 116 26 collapse;,
280 1929 51 26 and,
344 1931 167 27 consequently,
529 1940 24 13 as
567 1941 27 14 an
611 1942 38 13 ex-

70 1955 71 23 ternal
147 1959 105 21 covering
266 1954 106 22 becomes
386 1956 90 22 useless.
485 1975 3 3 .
515 1957 22 21 It
553 1966 52 19 may
621 1961 28 21 be

76 1978 103 23 answered
187 1978 22 23 in
216 1979 41 22 the
262 1979 49 32 Ijrst
318 1980 67 27 place
395 1981 55 26 that,
462 1989 25 15 so
495 1979 59 31 'long
568 1992 23 14 as
608 1985 39 23 the

76 2005 100 27 boarding
193 2009 22 18 to
233 2005 74 23 which
325 2006 39 23 the
381 2008 146 27 Oropholithe
541 2011 19 21 is
574 2012 74 22 nailed

73 2032 111 23 maintains
193 2032 27 23 its
229 2032 103 28 position,
344 2041 57 15 even
411 2042 57 15 were
480 2035 20 23 it
509 2037 94 27 possible
613 2038 36 23 for

72 2059 36 22 the
118 2066 87 15 canvass
215 2059 61 22 bond
285 2064 23 17 to
317 2060 29 22 be
356 2062 126 27 destroyed,
494 2070 24 14 so
533 2064 53 27 long
603 2066 44 22 will

71 2086 36 21 the
117 2091 83 16 cement
208 2087 72 21 retain
289 2087 28 22 its
327 2088 71 27 place,
410 2089 30 27 by
449 2089 38 22 the
499 2096 59 16 mere
573 2099 76 20 power

71 2113 26 22 of
107 2113 106 27 cohesion,
231 2113 71 22 which
316 2114 18 22 it
351 2122 99 20 posesses
466 2116 24 22 in
504 2124 28 16 an
548 2119 100 22 eminent

71 2139 84 28 degree.
177 2140 47 22 .But
229 2140 18 22 it
256 2140 19 21 ia
287 2141 122 28 absolutely
415 2142 126 28 impossible
552 2145 48 22 that
609 2145 38 23 the

69 2173 88 16 ennvasß
183 2167 79 22 should
290 2168 38 26 be.
347 2170 151 27 prematurely
522 2171 123 29 destroyed,

69 2193 71 22 unless
148 2193 36 22 the
194 2198 89 18 cement
290 2202 75 15 ceases
375 2199 23 18 to
408 2204 67 14 cover
484 2198 24 21 it.
546 2198 45 22 For
608 2207 34 15 we

70 2220 27 22 all
111 2220 63 23 know
196 2221 48 22 that
268 2221 38 22 the
327 2230 95 15 canvass
441 2223 71 23 which
531 2225 39 22 has
589 2225 57 24 been

69 2247 65 22 found
146 2251 68 24 wrapt
227 2248 74 22 round
323 2249 38 22 the
381 2251 120 21 mummies
518 2253 23 20 of
563 2252 80 29 Egypt,

67 2274 54 23 after
130 2274 35 23 the
174 2274 60 24 lapse
245 2276 26 21 of
282 2283 68 20 many
360 2277 103 27 centries,
474 2285 58 15 owes
548 2279 29 22 its
593 2287 39 20 pre
640 2294 3 4 •

66 2301 106 22 servation
181 2302 80 27 chiefly
271 2306 22 18 to
308 2302 39 23 the
362 2304 95 23 absence
471 2305 26 22 of
511 2306 29 22 its
556 2311 90 18 contact

68 2328 50 22 with
132 2328 146 33 atmospheric
292 2330 41 22 air.
372 2331 23 21 It
414 2331 91 29 follows,
525 2333 118 28 therefore,

67 2354 46 23 that
121 2355 21 22 if
147 2353 37 24 the
193 2356 58 22 sides
261 2356 43 22 and
313 2357 69 27 edges
392 2357 26 22 of
425 2358 37 22 the
468 2366 94 15 canvass
572 2361 73 22 which

67 2381 64 23 forms
139 2382 36 22 the
185 2382 62 22 bond
257 2383 26 22 of
293 2383 44 23 this
347 2389 96 23 cement,
453 2386 27 22 be
490 2387 115 27 protected
615 2389 30 27 by

66 2415 12 14 a
87 2409 87 27 coating
182 2410 26 24 of
218 2415 90 17 cement
316 2410 163 29 impenetrable
489 2417 22 18 to
522 2413 38 23 the
570 2415 74 22 action

66 2436 23 20 of
95 2436 37 22 the
141 2436 145 29 atmosphere,
295 2439 28 21 its
334 2439 104 22 duration
449 2444 60 18 must
518 2441 64 27 equal
593 2443 50 21 that

66 2462 24 22 of
107 2463 36 22 the
161 2467 87 19 cement
266 2465 66 27 itself,
349 2465 73 23 which
440 2467 108 28 certainly
566 2469 75 26 rivals,

65 2490 49 27 and,
123 2490 23 22 in
155 2498 66 20 many
230 2491 119 28 instances,
361 2500 113 18 surpasses
484 2494 48 22 that
539 2494 26 22 of
575 2495 57 24 lead.

90 2523 33 20 As
140 2530 28 14 an
182 2523 101 23 instance
300 2524 25 21 of
341 2524 46 23 this
405 2524 34 23 for
455 2525 37 23 the
508 2533 95 21 purpose
620 2528 27 22 of

62 2549 94 27 cisterns,
167 2550 17 21 it
197 2557 51 20 may
257 2550 77 23 suffice
349 2555 23 18 to
382 2555 64 24 state,
458 2560 29 14 an
502 2555 141 25 experiment

64 2574 61 24 made
134 2575 29 29 by
173 2576 37 23 the
220 2577 131 29 Oropholite
361 2578 115 29 Company
494 2580 22 21 in
527 2580 38 23 the
576 2587 65 17 court

63 2603 51 33 yard
123 2604 26 21 of
160 2603 55 22 their
229 2606 156 27 manufactory
400 2606 24 22 in
441 2606 101 28 London,
560 2615 27 15 an
605 2613 38 17 out

64 2629 66 23 house
140 2630 25 22 of
174 2630 87 23 framed
271 2632 81 22 timber
367 2640 46 15 was
428 2634 149 27 constructed,
594 2636 47 21 and

64 2657 90 22 covered
163 2658 125 29 externally
297 2659 59 22 with.
361 2660 154 28 Oropholithe,
531 2668 14 15 a
560 2661 82 23 cistern

62 2690 28 15 on
100 2684 36 22 the
144 2686 90 21 summit
241 2687 28 20 14
279 2686 44 22 feet
339 2693 88 21 square,
438 2688 35 27 ,by
489 2689 14 20 2
517 2688 46 22 feet
578 2688 63 28 deep,

64 2717 42 15 was
114 2711 59 22 lined
184 2712 52 22 with
247 2712 154 28 Oropholithe,
414 2714 124 27 composed*
542 2715 26 22 of
579 2723 63 15 some

63 2742 63 18 waste
137 2740 71 26 pieces
221 2740 79 27 joined
313 2740 103 27 together
426 2741 33 22 for
467 2742 38 21 the
515 2749 95 21 purpose
620 2744 27 21 of

62 2763 95 29 showing
166 2766 37 22 the
212 2766 116 28 efficiency
339 2774 30 15 an
381 2767 108 27 tightness
496 2768 26 22 of
527 2769 28 22 its
563 2770 79 26 joints.

64 2790 19 23 It
91 2799 43 16 was
142 2789 71 26 Billed
221 2793 55 22 with
287 2797 74 24 water,
372 2794 47 23 and
429 2794 39 23 has
477 2796 112 22 remained
607 2797 36 22 for

61 2820 41 20 two
111 2826 63 20 years
184 2820 97 28 exposed
290 2821 43 22 and
342 2822 136 27 uncovered,
490 2822 83 28 having
582 2823 58 23 been

60 2844 74 25 frozen
144 2854 52 15 over
205 2847 86 22 several
301 2848 72 26 times,
386 2848 93 23 without
489 2849 36 22 the
539 2850 103 28 slightest

61 2878 132 22 appearance
202 2874 26 22 of
239 2874 93 28 leakage
344 2882 24 15 or
384 2874 94 30 damage
494 2877 24 21 of
530 2883 44 21 any
591 2877 50 23 dcs-

48 2918 2 6 ,
60 2899 98 28 cription,
170 2901 82 27 arising
262 2902 71 22 either
341 2902 60 22 from
412 2902 38 22 the
460 2907 57 18 most
531 2905 108 26 powerful

60 2932 44 20 sun,
115 2934 26 15 or
148 2928 86 22 intense
245 2928 61 22 frost.

84 2953 22 22 It
114 2954 19 21 is
142 2954 87 28 equally
238 2955 51 22 well
298 2955 97 28 adapted
405 2964 25 14 as
447 2965 14 13 a
472 2958 119 22 substitute
606 2959 34 22 for

60 2978 28 23 oil
97 2980 65 28 cloth,
174 2981 72 22 which
255 2982 19 21 it
282 2982 34 23 far
331 2983 76 22 excels
422 2984 24 22 in
461 2984 119 29 durability
594 2987 46 22 and

59 3006 79 29 beauty
146 3008 26 21 of
182 3015 145 21 appearance,
348 3017 24 14 as
387 3010 19 22 it
420 3010 18 22 is
453 3011 93 30 capable
562 3012 25 22 of
605 3020 35 14 re-

58 3033 86 29 ceiving
152 3034 44 21 the.
201 3034 109 27 brightest
323 3036 89 22 colours
426 3036 71 23 which
511 3038 70 22 forms
589 3043 51 24 part

58 3060 24 22 of
92 3060 38 23 the
149 3060 108 26 material,
264 3061 66 29 itself,
348 3062 46 22 and
415 3065 162 28 consequently
601 3073 39 15 are

56 3086 345 33 eftually'durabLe^and.canbe
415 3090 65 24 made
495 3094 22 18 to
532 3098 45 20 any
590 3097 50 22 pat-

54 3115 56 22 tern,
121 3112 102 22 however
231 3113 155 28 complicated.
425 3117 21 20 It
463 3116 125 29 effectually
598 3126 42 15 ex-

55 3138 77 23 cludes
142 3138 37 23 the
189 3139 67 29 damp
271 3140 58 23 from
344 3140 39 23 the
396 3141 73 27 floors,
486 3144 46 21 and
546 3145 35 21 for
595 3145 45 23 this

54 3172 93 21 purpose
166 3173 15 16 a
194 3170 64 24 great
273 3168 103 27 quantity
391 3168 26 23 of
430 3170 17 21 it
462 3170 26 21 of
498 3177 13 15 a
520 3171 119 24 tesselated

55 3196 86 24 pattern
160 3192 41 24 has
219 3194 58 23 been
293 3194 46 23 laid
359 3202 23 16 in
400 3195 38 22 the
459 3197 118 23 vestibules
593 3199 46 23 and

55 3219 72 24 offices
142 3218 26 24 of
177 3220 162 29 .Buckingham
356 3222 94 28 Palace.,,
460 3223 25 24 in
499 3224 46 24 Ji.eu
560 3225 27 22 of
600 3226 39 22 the

55 3246 30 23 oil.
90 3246 61 23 cloth
168 3246 73 24 which
257 3255 44 16 was
316 3248 120 29 originally
454 3250 125 33 employed,
594 3253 45 22 and

54 3274 109 28 generally
173 3275 103 22 renewed
286 3283 67 21 every
363 3276 56 23 nine
428 3278 95 27 months,
539 3279 100 23 whereas

54 3299 34 22 the
98 3300 152 29 Oropholithe,
263 3302 83 28 though
361 3303 49 22 laid
426 3303 65 23 down
511 3309 42 18 two
571 3314 66 20 years

55 3332 56 17 since
121 3328 44 23 and
180 3329 87 27 subject
282 3333 21 18 to
318 3333 65 24 great
397 3338 59 16 wear
471 3331 43 23 and
530 3335 54 25 tsar,
602 3341 36 15 re-

54 3354 68 23 mains
132 3363 23 14 as
163 3355 62 27 good
232 3364 24 15 as
267 3364 58 18 ever.

76 3387 22 22 It
117 3388 39 23 has
178 3389 57 23 been
259 3391 120 29 employed
401 3392 25 22 in
450 3392 72 23 under
544 3395 91 26 ground

52 3415 148 26 Kitchens.and
208 3417 140 23 warehouses
358 3420 36 21 for
401 3419 39 24 the
456 3427 61 16 same
531 3428 104 21 purpose,

52 3441 39 22 and
106 3442 51 23 with
174 3443 36 23 the
225 3452 63 14 same
304 3446 115 23 excellent
435 3446 76 23 result.
540 3448 63 23 Thus
617 3449 19 22 it

51 3472 93 23 suggests
161 3469 63 24 itself
240 3478 25 15 as
284 3479 29 14 an
330 3473 131 24 invaluable
483 3475 102 22 material
613 3479 23 19 to

52 3496 143 29 storekeepers
209 3497 24 23 in
249 3506 14 14 a
278 3499 92 29 Colony,
382 3500 55 23 both
451 3508 24 15 as
490 3509 30 15 an
532 3503 104 22 external

52 3523 39 21 and
109 3524 94 23 internal
220 3526 114 27 covering.
363 3527 47 22 Mr.
428 3528 104 28 Loudon,
552 3529 24 23 in
595 3530 40 22 the

54 3551 109 21 Vardenert
176 3553 125 33 Magazine,^
311 3553 41 22 hat
370 3555 172 24 recommended
560 3556 20 23 it
598 3557 37 22 for

50 3577 78 24 garden
143 3579 73 28 walks,
228 3580 46 23 and
290 3579 19 23 ft
322 3587 74 16 seems
412 3586 23 18 to
452 3589 85 16 answer
554 3583 44 23 this
609 3591 26 15 as

50 3604 44 21 well
102 3611 25 15 as
135 3612 66 21 every
207 3606 66 23 other
280 3614 103 21 purpose.
414 3609 103 23 Another
527 3614 108 24 property

49 3631 15 18 it
72 3636 104 18 possesses
185 3640 25 20 is,
221 3633 50 24 that
281 3634 85 26 though
374 3635 20 22 it
401 3636 74 22 resists
482 3637 97 28 friction,
587 3638 46 22 and

50 3659 38 19 will
101 3659 64 25 grind
181 3659 37 22 the
225 3660 101 23 'hardest
340 3661 65 26 knife
422 3667 22 17 to
459 3671 14 14 a
490 3667 80 25 stump,
582 3664 23 24 ft,
614 3665 19 23 is

50 3685 33 19 cut
99 3685 92 23 without
210 3686 70 24 much
302 3688 118 29 difficulty,
445 3690 52 23 thus
520 3692 113 28 affording

49 3714 60 23 every
116 3711 84 29 facility
210 3717 22 19 to
242 3714 39 23 the
291 3714 123 24 workman.

71 3740 40 24 We
121 3743 55 24 have
184 3746 73 22 stated
265 3747 55 28 that,
330 3754 26 15 as
364 3754 30 16 an
401 3750 103 22 external
514 3751 116 27 covering,

80 3775 58 21 price
151 3772 19 21 is
184 3773 92 23 inferior
290 3777 24 19 to
330 3774 50 23 that
389 3775 27 23 of
428 3783 43 21 any
480 3777 71 23 other.
581 3778 50 23 The

48 3799 86 25 average
144 3798 24 22 of
182 3800 36 22 the
228 3805 140 19 commonest
384 3801 82 30 slating
482 3804 23 22 in
523 3804 108 29 England

47 3826 15 15 »
70 3825 25 18 35
106 3825 96 28 shillings
211 3826 38 24 the
258 3835 80 21 square
349 3829 26 21 of
388 3830 42 22 100
439 3831 126 27 superficial
575 3832 53 28 feet,

48 3853 47 18 »ucn
105 3853 79 27 slating
193 3855 98 26 requires
302 3863 14 15 a
329 3859 79 24 strong
423 3857 98 24 boarded
537 3860 51 21 roof
606 3865 23 16 to

48 3881 23 33 .f
95 3883 31 16 ais
127 3878 27 22 ed
165 3883 21 17 to
200 3887 14 15 a
229 3881 61 27 pitch
302 3882 113 29 certainly
425 3888 39 18 not
473 3885 44 22 less
534 3885 54 23 than
598 3894 30 15 an

47 3904 59 23 angle
115 3905 26 21 of
149 3906 46 26 45°,
206 3907 44 23 and
259 3909 126 28 providing,
396 3910 59 23 after
464 3911 38 28 all,
512 3920 29 15 an
551 3913 77 24 ineffi-

47 3934 55 17 cient
118 3937 110 24 covering,
246 3937 126 27 constantly
381 3937 117 27 requiring
511 3940 117 23 extensive

709 1776 36 19 An
756 1776 147 24 Oropholithe
918 1776 50 21 roof
982 1777 129 27 presenting
1121 1786 29 14 an
1167 1779 102 27 uniform,

680 1801 87 21 surface
778 1804 22 17 to
809 1800 36 22 the
852 1802 102 26 weather,
962 1806 24 18 at
990 1810 28 15 an
1026 1804 186 29 inclinatiohjust-

680 1827 75 22 ficient
765 1830 23 19 to
798 1827 70 25 admit
878 1828 26 21 of
911 1828 35 23 the
958 1829 115 28 discharge
1091 1832 26 21 of
1129 1832 136 28 rain-water,
1270 1842 2 4 •

680 1858 99 27 presents
802 1858 88 23 greater
913 1863 83 19 powers
1027 1858 26 21 of
1078 1858 134 28 resistance;
1233 1867 33 15 ,an

679 1884 109 28 instance^
796 1881 26 22 of
835 1882 43 23 this
893 1883 107 22 occurred
1014 1888 25 18 at
1062 1884 115 28 Brighton,
1193 1886 73 22 where

678 1907 18 21 it
706 1914 43 14 was
759 1907 46 22 laid
816 1915 28 14 on
854 1908 38 21 the
906 1910 52 20 roof
964 1910 26 21 of
1001 1917 13 14 a
1023 1910 69 23 house
1103 1913 132 27 contiguous
1241 1917 30 18 to-

678 1940 42 14 one
727 1933 97 22 covered
834 1934 53 21 with
894 1935 57 27 lead,
962 1936 46 21 and
1014 1936 85 31 during
1110 1946 17 14 a-
1132 1939 74 28 heavy

678 1959 37 21 the
725 1959 52 23 lead
784 1967 44 15 was
838 1961 96 27 stripped
944 1962 35 26 off;
990 1963 38 22 the
1034 1958 157 34 >vind\havin«
1197 1966 69 24 lifted

677 1985 38 21 the
724 1985 98 27 flashing
832 1987 62 21 wHile
906 1988 36 21 the
959 1989 232 29 Oroplioltthebeing
1207 1993 54 22 corf-
1266 1994 3 6 1
1269 1995 2 13 *

677 2012 82 21 nected
776 2011 136 29 throughout
925 2015 32 26 by
971 2022 15 15 a
1002 2016 57 21 close
1076 2016 60 27 joint
1146 2018 120 23 remained

676 2038 77 22 intact.
782 2039 54 22 This
847 2041 157 22 circumstance
1016 2050 43 14 was
1070 2045 38 20 the
1118 2051 66 15 cause
1195 2046 26 21 of
1230 2053 30 14 an
1270 2046 2 29 j

676 2065 130 21 immediate
838 2067 44 21 and
911 2069 115 21 extensive
1057 2070 98 22 demand
1183 2071 43 22 for'
1245 2073 20 22 it

669 2097 1 5 1
677 2091 136 28 throughout
822 2092 37 22 the
869 2095 96 26 exposed
976 2099 59 22 parts
1045 2096 26 21 of
1078 2096 36 22 the
1125 2100 67 19 town.
1268 2103 3 4 '

702 2118 47 22 The
767 2119 87 23 surface
864 2121 26 21 of
903 2121 37 21 the
957 2121 146 28 Oropholithe
1117 2124 69 28 being
1198 2131 65 21 even,

675 2144 43 33 the_
724 2146 83 27 beauty
817 2147 25 21 of
852 2147 28 21 its
889 2154 138 21 appearance
1039 2149 18 21 is
1068 2150 69 22 much
1146 2152 118 22 enhanced

675 2172 66 22 &hile
756 2172 29 22 its
801 2173 77 22 colour
892 2181 51 20 may
955 2175 25 21 be
997 2175 82 22 chosen
1096 2179 22 20 to
1134 2177 73 28 please
1226 2178 38 23 the

675 2206 41 20 eye
728 2200 44 21 and
784 2204 56 18 taste
850 2201 25 21 of
883 2208 65 21 every
958 2202 131 23 individual.

702 2226 69 22 Little
783 2235 59 14 more
857 2229 58 20 need
925 2229 27 21 be
962 2229 47 22 said
1019 2230 26 21 of
1059 2230 37 22 the
1111 2231 120 28 properties
1242 2233 25 21 of

675 2253 37 22 the
729 2253 146 28 Oropholithe
891 2262 24 14 as
925 2263 14 13 a
950 2256 100 27 bnilding
1066 2258 108 26 material,
1186 2259 17 21 it
1218 2259 46 22 will

673 2280 29 22 be
710 2280 112 22 sufficient
832 2285 22 17 to
864 2281 56 26 add,-
927 2282 46 21 that
983 2283 18 21 it
1010 2283 40 22 has
1060 2284 58 22 been
1136 2285 126 29 invariably

673 2307 109 22 observed
797 2307 48 22 that
861 2309 87 22 neither
958 2310 84 22 vermin
1054 2317 26 15 or
1086 2312 53 26 Jrats
1153 2312 69 23 infest
1236 2313 28 22 its

672 2333 103 29 .vicinity.

901 2385 140 26 BIRTHS.

707 2441 38 23 On
765 2441 38 24 the
824 2441 41 24 Bth
887 2442 108 30 October,
1014 2443 61 26 Mrs.
1097 2444 94 26 Pilcher
1209 2446 26 24 of
1249 2455 14 15 a

674 2474 121 31 daughter.

707 2507 39 24 On
765 2507 39 25 the
826 2508 57 25 19th
902 2509 108 30 October,
1031 2510 62 25 Mrs.
1107 2511 156 26 Kibblewhite

672 2540 26 24 of
709 2549 13 15 a
732 2549 51 16 son.
865 2559 2 5 ,
903 2556 3 7 >

729 2596 196 24 ENGLISH
957 2597 246 28 EXTRACTS.

705 2639 51 23 The
769 2639 171 25 balance-sheet
952 2642 24 22 of
987 2643 37 22 the
1037 2650 97 17 revenue
1146 2643 42 24 has
1202 2644 57 25 been

671 2672 123 31 published
806 2673 34 23 for
854 2673 38 24 the
912 2681 53 23 year
983 2675 86 31 ending
1089 2676 40 24 sth
1148 2677 111 32 January,

674 2707 72 28 1843,
760 2706 45 24 and
816 2707 18 23 it
851 2714 62 17 more
932 2707 53 24 than
1005 2707 66 25 bears
1092 2714 40 19 out
1150 2711 40 23 the
1201 2716 60 19 most

671 2738 92 32 gloomy
774 2739 146 32 forebodings
932 2741 26 23 of
972 2740 65 24 those
1058 2742 50 24 who
1120 2744 140 24 condemned

671 2773 39 23 Sir
723 2772 90 24 Robert
824 2772 75 24 Peel's
913 2781 123 17 measures.
1074 2775 69 24 From
1162 2777 43 24 this
1218 2778 41 23 do-

671 2811 99 23 cument,
784 2806 18 23 it
813 2813 95 24 appears
920 2806 48 25 that
980 2807 38 24 the
1036 2811 39 21 net
1094 2817 105 22 revenue,
1214 2811 44 25 and

670 2838 38 25 the
720 2838 150 33 expenditure
882 2839 34 24 for
929 2841 37 23 the
977 2849 56 23 year
1044 2842 71 24 ended
1129 2844 43 23 sth
1185 2844 73 25 Janu-

670 2880 40 24 ary
722 2872 54 30 last,
789 2879 58 18 were
849 2885 33 4 —

697 2904 117 27 Revenue,
826 2904 115 29 including
949 2905 122 25 incidental
1080 2915 34 15 re-

742 2934 3 4 '
751 2931 70 25 ceipts
834 2933 4 4 *
1110 2935 149 28 £46,965,000

674 2963 3 8 1
695 2958 155 28 Expenditure
1128 2964 130 27 50,945,000

696 3012 85 24 Excess
791 3013 27 21 of
825 3013 96 28 expend,
933 3020 53 16 over
993 3014 98 24 income.
1099 3031 5 5 .
1122 3017 135 26 £3,980,000

669 3041 50 28 But.
735 3041 39 23 the
792 3049 105 22 revenue,
919 3050 25 15 as
965 3043 70 24 above
1056 3045 76 32 given,
1153 3046 103 24 includes

668 3074 132 29 £571,000
812 3075 25 23 of
851 3075 149 30 income-tax,
1012 3077 83 30 which,
1107 3078 20 24 if
1137 3079 117 29 deducted,

668 3106 74 24 would
753 3107 61 23 raise
831 3108 39 24 the
890 3116 79 17 excess
989 3111 27 22 of
1030 3111 151 31 expenditure
1200 3120 64 19 over,

668 3140 88 23 income
768 3144 23 19 to
803 3140 50 24 four
865 3141 100 24 millions
975 3144 46 22 and
1032 3152 14 15 a
1062 3144 56 24 half.

702 3172 51 24 The
774 3172 173 26 balance-sheet
965 3175 25 24 of
1007 3176 45 24 .the
1070 3178 109 31 previous,
1200 3187 56 24 year

668 3204 54 33 (sth
730 3231 3 5 ,
742 3205 110 33 January,
867 3207 86 32 1842,)
963 3209 101 25 exhibits
1082 3219 40 15 an.
1130 3219 81 18 excess
1232 3213 26 23 of

668 3239 150 32 expenditure
841 3248 53 16 over
916 3242 88 24 income
1033 3243 26 24 of
1084 3244 168 31 £2,101,000.

668 3272 58 24 This
749 3281 53 23 may
822 3274 28 23 be
871 3274 70 24 called
966 3275 39 24 the
1026 3276 73 34 Whig
1119 3278 134 33 deficiency.

668 3305 38 25 Sir
717 3305 91 25 Robert
819 3314 63 17 came
892 3307 24 25 in
935 3310 128 31 promising
1073 3315 24 20 to
1109 3312 63 25 work
1192 3321 62 16 won-

666 3339 51 24 ders
729 3340 24 23 in
765 3347 119 25 economy,
896 3342 45 24 and
953 3342 27 24 he
999 3343 41 24 has
1061 3346 75 25 raised
1155 3346 39 24 the
1210 3352 44 18 two

665 3372 101 25 millions
779 3379 22 18 to
814 3373 50 25 four
876 3375 98 25 millions
986 3377 45 23 and
1041 3386 13 15 a
1066 3377 52 25 half
1125 3379 5 25 !
1168 3380 58 25 This
1235 3380 19 23 is

666 3406 43 26 the.
722 3406 64 32 Tory
798 3407 124 33 deficiency
931 3410 6 23 I
974 3410 40 24 He
1035 3412 67 24 made
1122 3413 132 24 reductions

666 3439 29 32 by
706 3439 36 24 his
764 3441 64 23 tariff
843 3449 28 16 on
891 3443 88 30 timber,
1000 3445 78 30 coffee,
1100 3446 79 32 drugs,
1198 3447 54 29 &c.,

664 3473 45 24 and
730 3481 29 16 on
780 3479 64 26 stage
864 3476 103 30 coaches,
980 3482 23 18 to
1023 3478 40 24 the
1082 3479 123 33 computed
1225 3488 27 16 a-

664 3512 79 19 mount
755 3507 26 23 of
795 3508 165 31 £1,200,000,
972 3511 45 23 and
1036 3511 29 25 he
1085 3513 47 24 laid
1144 3521 29 16 on
1186 3513 65 25 other

663 3544 66 20 taxes
741 3548 30 17 on
778 3541 62 24 coals
849 3542 43 25 and
902 3551 30 16 on
946 3543 61 25 Irish
1016 3549 88 29 stamps
1116 3547 50 25 and
1169 3547 82 33 spirits

663 3579 23 18 to
697 3573 39 25 the
747 3579 96 20 amount
853 3575 27 24 of
892 3577 141 29 £600,000.
1057 3572 137 41 Deducting
1202 3580 53 25 half

662 3615 14 16 a
687 3607 76 31 year's
774 3608 99 31 produce
885 3609 26 24 of
920 3610 38 24 the
969 3619 43 16 one
1019 3612 61 25 from
1091 3613 52 25 half
1150 3622 16 16 a
1176 3613 75 32 year's

661 3641 100 32 produce
782 3641 26 23 of
823 3641 182 33 the.other^the
1025 3646 74 25 entire
1115 3646 50 25 loss
1174 3652 25 26 tp
1212 3646 38 26 the

659 3681 101 17 revenue
772 3673 127 32 (exclusive
912 3677 26 23 of
953 3676 38 25 the
1002 3679 90 25 income
1103 3679 54 32 tax)
1168 3673 90 38 should^

661 3707 28 24 be
700 3708 141 29 £300,000.
877 3709 66 31 Now,
956 3711 28 24 he
1005 3712 120 25 estimated
1133 3721 3 15 i
1145 3714 40 23 the
1195 3716 62 23 t>ro4,

661 3740 57 25 duce
730 3741 26 24 of
772 3741 38 25 the
822 3746 72 26 taxes,
906 3751 26 16 as
944 3744 38 24 the
994 3744 84 33 Whigs
1090 3746 42 24 left
1143 3746 76 29 them,,
1226 3750 25 21 at

660 3775 182 28 £48,350,000.
885 3776 134 33 Deducting
1036 3779 135 29 £300,000
1191 3779 59 25 from

660 3807 53 29 this,
726 3815 33 17 we
763 3808 64 26 .have
839 3810 174 30 £48,05.0,000
1020 3819 29 19 .as
1061 3811 39 27 the
1111 3812 138 28 sum.which

659 3841 38 24 the
708 3849 108 22 revenue,
828 3850 26 16 as
875 3843 94 29 altered,
980 3843 74 31 ought
1073 3848 24 19 to
1108 3845 62 30 yield
1179 3854 8 20 ;
1207 3845 42 26 but

659 3874 38 25 the
717 3874 77 25 actual
809 3875 100 31 produce
929 3874 138 34 (dedacting
1087 3877 38 23 the
1144 3879 103 24 income-

659 3907 51 33 tax)
730 3908 21 24 is
770 3907 54 32 only
845 3909 181 30 £46,130,000,
1044 3910 81 33 nearly
1137 3915 45 22 two
1193 3912 42 26 mil
1235 3927 12 15 T

659 3942 57 25 lions
729 3941 46 24 less
788 3940 54 27 than
854 3941 29 25 he
895 3942 140 28 calculated!
1094 3937 121 33 ..,'•'-,

1278 127 11 22 f
1304 136 10 25 ;
1327 126 3 4 '
1341 127 30 24 In
1382 129 46 24 this
1439 134 123 21 statement
1578 132 39 24 Sir
1635 132 91 25 Robert
1743 134 43 24 has
1798 134 39 24 the
1850 135 40 23 ad-

1301 163 101 29 '-Vantage
1414 162 25 24 of
1447 163 51 24 twb'
1502 162 119 27 windfalls'.
1645 163 53 26 'He
1709 165 43 25 has
1759 168 131 28 £lo6,ooo

1300 191 69 33 'pßc±
1380 194 55 25 than
1445 195 30 24 he
1487 197 117 24 estimated
1615 197 59 24 from
1686 198 39 24 the
1738 199 151 25 Post-office':

1278 230 10 25 f-
1358 226 64 30 jwEafc
1432 236 39 16 are
1482 229 73 24 called
1573 230 39 24 the
1623 231 8 12 «
1632 231 10 14 c
1649 231 69 24 small
1720 233 4 14 1
1738 232 111 25 branches
1868 234 24 23 of

1278 254 207 47 rv|«.f9reditary
1625 263 116 34 produced
1758 264 134 30 £520,000.'

1278 294 3 34 [
1308 293 108 29 m>!B42,
1428 292 67 26 while
1506 293 65 33 they,
1581 295 90 32 yielded
1688 293 58 35 inly
1757 298 97 29 £5,000
1862 293 30 29 in'

1278 329 7 31 [.
1416 327 139 32 Separating
1564 327 38 24 the
1619 330 119 23 uncertain
1753 330 78 30 heads,
1845 332 44 23 and

1278 372 3 15 r
1308 357 114 33 confining
1433 360 116 24 ourselves
1562 365 21 19 to
1591 360 36 24 the
1638 361 52 24 four
1701 367 67 26 great
1777 363 110 24 branches

1278 400 1 14 s
1308 390 22 22 of
1346 390 38 26 the
1395 399 106 22 revenue,
1515 393 39 24 the
1571 393 114 32 following
1696 395 61 24 table
1769 396 45 25 will
1826 397 62 23 show

1278 427 1 13 i
1307 422 58 24 what
1377 431 13 16 a
1400 425 83 24 fearful
1496 426 133 25 defalcation
1642 427 64 24 there
1717 429 21 23 is
1746 437 7 15 :
1755 441 34 5 —

1336 659 45 16 -Let
1391 660 28 17 us
1438 661 53 16 sum
1511 661 31 24 up
1564 659 37 19 the
1619 659 89 27 merits,
1721 659 63 28 then,
1804 659 26 23 of
1845 667 40 16 our

1303 689 64 26 great
1378 686 118 25 financier.

1309 729 9 12 j
1336 717 29 24 In
1376 718 36 24 his
1423 720 125 29 estimates,
1561 720 29 24 he
1605 722 110 30 expected
1726 731 15 15 a
1751 731 100 17 revenue
1863 726 25 23 of

1303 752 170 29 $48,000,000
1480 762 7 20 ;
1500 753 29 23 he
1536 753 42 23 has
1586 759 39 25 got
1631 762 43 16 one
1684 752 26 27 of
1718 758 154 28 46,000,000
1877 759 5 23 \

1336 783 38 24 He
1385 785 71 24 found
1467 793 13 16 a
1499 786 122 32 deficiency
1631 788 26 23 of
1672 792 44 19 two
1734 789 100 25 millions
1856 799 29 15 on

1303 816 34 24 his
1348 816 125 26 admission
1484 823 24 19 to
1527 819 71 29 office,
1612 820 44 24 and
1675 820 31 25 he
1725 821 43 25 has
1781 823 75 24 raised
1868 824 18 23 it

1301 847 83 28 tMbur
1397 851 99 23 millious
1507 852 46 23 and
1564 860 14 15 a
1588 852 59 25 half!
1685 867 14 8 >.
1715 873 14 4 ..
1746 878 2 3 .

1335 882 35 23 To
1383 882 59 24 clear
1454 884 35 22 off
1502 884 46 23 this
1560 884 129 33 deficiency,
1702 886 29 24 he
1742 887 103 32 imposed
1856 898 36 15 an.

1302 914 145 25 Income-tax
1459 924 30 16 on
1500 916 39 25 the
1552 922 100 27 country,
1669 919 81 30 which,
1763 922 122 31 according

1299 950 25 22 io
1360 947 37 24 his
1433 951 162 29 computation;
1628 952 75 24 would
1738 954 62 31 yield
1837 955 47 24 him

1301 981 162 30 £3,700,000,
1475 983 92 32 leaving
1585 985 45 23 him
1649 985 55 24 with
1723 995 16 14 a
1755 986 64 32 large
1832 996 50 16 sur-

1302 1013 47 31 plus
1374 1019 23 18 to
1420 1021 60 18 meet
1503 1018 175 31 contingencies.
1714 1019 36 24 As
1771 1021 19 22 it
1811 1021 71 31 yields

1301 1046 82 32 merely
1395 1047 38 25 the
1445 1056 52 16 sum
1508 1050 143 32 anticipated,
1665 1052 19 23 it
1703 1053 45 23 will
1759 1053 64 25 leave
1835 1054 47 25 him

1299 1080 52 23 with
1364 1088 13 15 a
1389 1081 124 31 deficiency
1524 1083 46 24 still
1583 1084 24 22 of
1621 1085 133 28 £800,000
1765 1087 6 23 !

1305 1126 3 3 •
1332 1113 47 23 But
1390 1113 66 25 while
1468 1115 28 23 he
1509 1117 117 23 estimated
1643 1118 37 23 the
1692 1119 100 30 produce
1804 1120 26 24 of
1844 1121 38 24 tho

1301 1145 144 26 Income-tax
1467 1153 24 18 at
1515 1150 163 31 £3,700,000,
1703 1152 38 23 the
1770 1150 112 35 Morning

1299 1178 57 24 Post
1367 1188 90 16 assures
1469 1189 28 15 us
1509 1182 50 24 that
1572 1183 18 24 it
1609 1183 45 24 will
1672 1185 62 30 yield
1755 1188 78 30 nearly
1845 1188 36 23 six

1299 1213 106 24 millions.

1408 1255 29 15 an
1443 1253 103 19 accurate
1553 1249 126 31 calculator,
1687 1251 194 33 whataprofound

1298 1279 116 29 financier,
1426 1281 20 22 is
1459 1281 39 22 Sir
1512 1281 88 24 Robert
1611 1283 56 24 Peel
1675 1285 6 23 !
1685 1296 33 5 —
1718 1284 128 26 Scotsman.

1330 1312 65 24 New
1423 1320 73 17 mode
1526 1322 32 16 of
1584 1322 180 19 prorogating
1798 1319 83 25 Fruit

1298 1345 94 24 Trees.
1393 1358 35 4 —
1428 1346 51 24 The
1490 1346 59 25 Ncto
1562 1345 137 35 Hampshire
1713 1350 72 28 Whig
1793 1360 54 23 says

1298 1378 6 13 1
1317 1379 55 24 Two
1384 1378 27 24 of
1425 1379 38 23 the
1471 1380 53 24 best
1534 1381 94 24 farmers
1636 1382 81 24 -within
1736 1390 42 17 our
1798 1385 81 24 know-

1297 1412 65 32 ledge
1374 1419 78 17 secure
1465 1413 59 24 their
1534 1414 55 23 fruit
1605 1420 60 19 trees
1681 1416 54 24 thus
1744 1425 7 16 :
1768 1418 53 31 they
1843 1420 39 31 dig

1290 1450 30 19 •nt
1330 1453 63 16 some
1404 1446 102 24 distance
1517 1447 59 23 from
1588 1447 37 24 the
1634 1449 60 31 body
1707 1450 26 24 of
1743 1458 13 16 a
1769 1452 111 25 favourite

1289 1476 55 27 'tree
1354 1479 59 24 until
1423 1479 54 31 they
1489 1480 47 24 find
1547 1489 16 14 a
1571 1486 56 24 root,
1639 1482 73 25 which
1724 1484 54 31 they
1790 1490 39 19 cut
1841 1487 38 23 off.

1297 1512 50 24 The
1365 1517 52 26 part
1435 1512 124 33 disjointed
1569 1514 57 24 from
1638 1515 38 23 the
1693 1521 48 19 tree
1758 1518 21 23 is
1799 1520 81 23 turned

1287 1554 111 22 ■upsoas
1409 1550 22 19 to
1442 1554 86 24 appear
1535 1547 70 24 above
1612 1549 97 29 ground.
1746 1550 58 24 This
1812 1553 68 23 sends

1293 1578 63 25 forth
1367 1579 78 23 shoots
1458 1580 38 24 the
1503 1580 55 24 -first
1574 1588 87 22 season,
1679 1582 46 24 and
1743 1583 66 25 bears
1826 1586 24 23 in
1868 1595 13 15 a

1291 1610 46 29 'few
1346 1620 65 22 years
1421 1613 56 24 fruit
1487 1613 111 32 precisely
1607 1614 45 24 like
1666 1615 39 24 the
1724 1622 81 26 parent
1823 1623 55 20 tree.

1286 1642 56 26 •Let
1351 1646 65 23 those
1426 1646 76 24 whose
1513 1646 55 24 fruit
1579 1653 59 18 trees
1658 1656 39 16 are
1715 1650 120 33 decaying,
1856 1661 24 15 or

1296 1679 61 23 wish:
1370 1684 22 18 to
1411 1679 87 24 increse
1522 1679 57 32 good
1603 1682 112 30 varieties,
1738 1688 35 27 try
1788 1684 37 24 the
1838 1694 40 16 ex-

1296 1713 120 31 periment;

1285 1750 16 9 '-
1330 1746 101 23 Candid
1459 1752 54 18 and
1541 1747 180 26 Pathetic—
1726 1750 94 32 Among
1842 1752 38 24 the

1285 1778 134 30 •Maiaotes,
1433 1779 149 25 descendants
1591 1782 23 23 of
1624 1782 37 23 the
1674 1783 120 31 Spartans,
1805 1785 74 24 theiv-

1287 1813 50 30 ,ing.
1351 1813 21 22 is
1381 1813 131 24 considered
1531 1822 13 15 a
1557 1822 51 23 very
1621 1815 138 25 honourable
1778 1819 101 32 employ-

1291 1842 73 27 Wnt.
1383 1846 40 24 An
1433 1846 100 31 English
1543 1848 108 29 traveller,
1661 1849 70 32 being
1739 1853 140 24 entertained

1294 1884 24 18 at
1329 1879 37 23 the
1378 1879 71 23 house
1461 1880 25 23 of
1496 1888 42 16 one
1548 1881 27 23 of
1584 1881 37 23 the
1634 1885 176 29 mountaineers,
1824 1886 55 24 took

1289 1910 67 26 'some
1367 1912 76 24 -silver
1462 1914 93 23 articles
1565 1914 56 24 from
1633 1923 14 15 a
1666 1916 102 31 packing
1788 1926 52 16 case
1852 1919 28 24 he

1288 1943 51 26 4iad
1349 1945 54 24 with
1414 1946 57 29 him,
1480 1951 23 18 to
1517 1952 37 18 eat
1564 1947 35 23 his
1609 1948 79 24 dinner
1698 1950 62 23 with.
1797 1952 34 24 At
1842 1952 37 24 the

1366 1979 26 23 ef
1405 1979 59 23 such
1607 1988 35 16 an-
1647 1982 42 22 old
1697 1989 88 17 woman

1329 2019 46 23 cry.
1411 2011 51 24 The
1480 2011 137 33 Englisman
1634 2013 87 33 having
1736 2016 71 25 asked
1819 2018 61 24 what

1283 2044 103 26 -affected
1398 2044 40 24 her
1449 2053 30 15 so,
1612 2047 57 23 Alas
1676 2048 6 24 !
1702 2056 39 24 my
1752 2050 59 31 good

1285 2077 48 24 •she
1344 2078 93 31 replied,
1481 2078 13 24 I
1513 2086 62 25 weep
1587 2080 95 25 because
1700 2089 39 25 my
1757 2091 40 16 sou
1810 2085 22 22 is
1840 2089 40 20 not

1292 2110 53 24 here
1357 2116 22 18 to
1392 2111 39 24 rob
1444 2119 45 23 you
1501 2112 25 24 of
1535 2111 63 25 those
1610 2114 110 24 beautiful
1732 2116 105 32 things.!'

1285 2169 4 4 ,
1325 2143 58 25 The
1404 2144 102 25 Aerial
1529 2146 89 24 Steam
1640 2147 145 26 Carriage.
1793 2163 33 5 —
1828 2151 51 24 Our

1285 2177 96 28 .readers
1400 2185 37 16 are
1457 2178 92 31 already
1567 2187 72 16 aware
1657 2181 51 23 that
1729 2191 15 15 a
1767 2183 41 24 bill
1832 2192 45 16 was

1282 2210 108 31 .brought
1401 2211 46 23 into
1461 2212 139 24 Parliament
1612 2214 46 23 last
1677 2216 88 23 session
1778 2218 34 23 for
1824 2226 53 23 pro-

1281 2264 4 4 .
1292 2245 84 30 tectiug
1389 2245 38 22 tb>e
1438 2245 74 31 rights
1532 2246 25 23 of
1571 2246 137 25 individuals
1727 2250 24 22 in
1769 2258 16 15 a
1805 2256 71 19 steam

1292 2277 110 32 carriage,,
1412 2277 73 26 which
1498 2279 19 24 is
1536 2284 23 19 to
1579 2288 51 16 soar
1649 2283 24 22 in
1686 2282 48 23 mid
1746 2284 34 23 air
1798 2284 47 24 like
1865 2293 14 16 a

1285 2310 62 28 •bird,
1360 2311 44 23 and
1416 2312 123 31 supersede
1551 2312 108 31 balloons,
1671 2323 25 15 as
1709 2316 51 24 well
1772 2325 25 15 as
1809 2326 69 23 every

1292 2343 67 24 other-
1364 2345 68 26 aerial
1442 2353 26 15 or
1479 2346 88 30 earthly
1579 2347 94 24 vehicle.
1711 2349 24 23 It
1752 2350 20 23 is
1790 2350 37 24 the
1839 2352 38 23 in-

1292 2377 89 24 vention
1393 2378 26 23 of
1433 2387 14 15 a
1457 2386 56 24 poor
1524 2380 42 23 but
1583 2381 120 30 ingenious
1715 2383 125 31 mechanic,
1854 2385 24 23 of

1290 2410 39 24 the
1340 2418 65 16 name
1417 2412 26 23 of
1460 2411 105 31 Henson,
1577 2414 43 23 aud
1641 2420 81 26 strong
1739 2416 78 25 efforts
1837 2427 38 16 are

1290 2443 94 33 making
1395 2445 22 23 in
1431 2445 109 31 England
1552 2451 22 19 to
1597 2448 64 30 bring
1682 2449 18 23 it
1711 2450 74 24 under
1798 2451 77 31 public

1290 2483 130 26 patronage.
1457 2479 35 23 To
1504 2479 40 24 the
1556 2486 112 25 spectator
1680 2482 38 24 the
1731 2489 60 18 most
1802 2484 72 25 strik-

1280 2519 4 5 '
1290 2511 39 31 ing
1341 2517 50 25 part
1402 2511 25 24 of
1442 2512 39 23 the
1493 2513 104 24 machine
1618 2516 18 21 is
1653 2514 39 24 the
1705 2517 110 24 immense
1828 2519 47 23 web

1278 2560 4 4 -
1290 2544 79 29 which,
1382 2545 22 25 in
1417 2545 39 24 the
1470 2550 59 21 most
1539 2547 123 31 important
1680 2556 109 25 respects,
1802 2551 74 24 fulfils

1290 2576 37 25 the
1346 2578 65 23 office
1432 2579 26 23 of
1472 2580 82 30 wings.
1589 2576 23 28 It
1630 2583 99 23 consists
1749 2584 25 23 of
1791 2584 84 25 frame-

1288 2611 62 23 work
1372 2611 25 23 of
1421 2617 67 26 great
1508 2613 103 31 strength
1634 2615 45 24 and
1703 2617 173 33 extraordinary

1288 2643 120 31 lightness,
1421 2646 95 24 covered
1529 2646 53 24 with
1594 2647 46 23 silk
1658 2657 26 15 or
1696 2649 61 24 linen
1769 2660 6 18 ;
1795 2652 30 22 its
1836 2652 38 23 di-

1289 2677 114 25 mensions
1415 2686 38 16 are
1466 2683 39 19 not
1517 2679 46 24 less
1574 2680 53 24 than
1645 2688 43 17 one
1708 2682 103 25 hundred
1830 2686 45 23 and

1289 2712 32 22 50
1334 2711 45 24 feet
1390 2711 31 31 by
1434 2713 42 23 30.
1513 2712 24 24 It
1548 2712 40 25 has
1602 2714 86 24 neither
1697 2716 73 31 joints
1783 2725 41 16 nor
1835 2719 40 23 the

1287 2744 101 31 peculiar
1400 2746 84 23 motion
1498 2746 26 24 of
1539 2748 70 30 wings
1621 2756 5 20 ;
1647 2748 40 23 but
1703 2750 19 23 it
1733 2750 20 23 is
1765 2751 109 32 perfectly

1286 2778 51 23 stiff
1350 2778 57 25 from
1420 2778 43 24 end
1476 2784 22 19 to
1511 2780 51 24 end.
1599 2781 50 23 One
1663 2782 24 23 of
1703 2783 29 23 its
1746 2784 54 31 long
1812 2785 62 23 sides

1286 2818 55 23 goes
1352 2811 118 30 foremost,
1484 2813 43 23 and
1546 2814 19 22 is
1584 2822 13 14 a
1616 2815 57 23 little
1687 2817 73 24 raised
1772 2825 6 16 :
1797 2822 23 19 to
1834 2818 39 25 the

1287 2844 86 27 middle,
1382 2845 23 24 of
1423 2845 38 24 the
1473 2846 64 25 other
1549 2848 19 23 is
1578 2847 88 31 jointed
1677 2849 39 23 the
1729 2850 47 29 tail,
1789 2851 25 23 of
1823 2850 51 33 fifty

1287 2878 45 23 feet
1344 2879 22 23 in
1379 2878 87 31 length,
1480 2880 96 24 beneath
1593 2881 72 24 which
1681 2883 20 22 is
1713 2891 14 15 a
1739 2884 83 23 rudder
1833 2893 7 21 ;
1860 2894 13 14 a
1880 2887 2 10 '

1285 2911 66 24 small
1364 2912 94 24 vertical
1478 2913 56 29 web,
1546 2914 77 30 placed
1642 2923 78 15 across
1739 2917 40 23 the
1800 2919 72 30 wings
1884 2916 3 25 1

1285 2949 24 18 at
1320 2944 58 24 their
1388 2945 85 24 middle
1484 2947 74 30 point,
1571 2954 74 17 serves
1657 2954 23 17 to
1700 2949 72 24 check
1793 2951 78 24 lateral
1884 2953 3 20 !

1285 2978 134 25 oscillation.
1456 2978 51 24 The
1520 2980 85 23 several
1618 2987 69 24 parts,
1700 2982 48 24 like
1760 2983 37 23 the
1810 2985 62 23 main

1278 3011 85 29 fframe,
1376 3019 37 16 are
1426 3013 145 23 constructed
1583 3013 52 24 with
1652 3022 30 16 an
1704 3017 98 30 eapecial
1809 3018 63 23 .view

1285 3049 21 19 to
1320 3045 36 23 the
1369 3045 152 24 combination
1533 3046 27 23 of
1573 3046 38 24 the
1624 3055 119 24 necessary
1757 3051 113 31 strength,

1285 3078 52 24 with
1348 3083 101 19 extreme
1461 3078 112 32 lightness
1581 3089 7 20 ;
1607 3080 38 24 the
1665 3083 144 24 contrivance
1821 3092 49 16 em-

1284 3111 81 31 ployed
1384 3112 35 23 for
1439 3112 46 23 this
1501 3120 102 24 .purpose
1621 3114 20 23 is
1659 3115 51 23 that
1728 3116 27 23 of
1776 3117 96 31 upright

1284 3150 71 25 posts,
1367 3152 27 16 or
1403 3145 129 30 standards,
1545 3151 23 19 to
1579 3145 39 25 the
1637 3152 50 27 tops
1710 3149 44 24 and
1771 3150 99 25 bottoms

1283 3177 25 24 of
1325 3177 78 27 .which
1429 3179 91 24 various
1541 3180 75 32 points
1638 3181 26 24 in
1682 3181 40 25 the
1743 3182 128 26 horizontal

1282 3214 70 21 frame
1372 3219 42 18 .are
1445 3213 124 26 connected
1591 3213 30 32 by
1647 3215 103 24 metallic
1779 3217 89 25 braces.

1282 3243 76 25 These
1370 3250 63 26 parts
1445 3253 39 18 are
1496 3246 31 23 all
1539 3246 87 33 shaped
1635 3255 25 17 so
1672 3257 27 15 as
1711 3253 23 19 to
1745 3257 54 26 pass
1809 3250 60 24 thro'

1282 3277 38 24 the
1330 3278 34 24 air
1376 3278 54 24 with
1442 3279 38 23 the
1492 3279 59 25 least
1559 3281 97 30 possible
1668 3283 136 24 resistance.

1315 3311 50 24 The
1384 3319 46 23 car,
1438 3312 54 28 ,and
1511 3320 14 18 a
1543 3321 55 24 very
1616 3314 59 31 light
1694 3316 46 23 and
1757 3318 115 29 powerful

1280 3344 175 33 steam-engine,
1469 3354 38 17 are
1519 3346 128 33 suspended
1656 3347 61 25 from
1734 3349 39 24 the
1785 3351 84 24 middle

1280 3378 26 23 of
1321 3378 37 24 the
1371 3379 80 31 wings,
1464 3380 44 24 and
1520 3387 39 16 are
1578 3379 60 24 close
1651 3385 67 20 touts
1730 3382 72 24 under
1814 3391 55 17 sur-
1891 3389 2 6 '

1280 3410 49 24 face
1340 3420 6 21 ;
1366 3412 38 24 the
1415 3413 169 31 steam-engine
1603 3419 102 19 actuates
1722 3419 43 20 two
1786 3422 48 18 sets
1845 3418 27 24 of

1280 3452 76 22 yanes,
1369 3446 26 23 of
1404 3451 85 26 twenty
1499 3446 47 25 feet
1555 3446 114 30 diameter,
1682 3448 46 25 and
1740 3449 38 25 six
1788 3457 79 23 vanes,

1279 3478 57 24 each
1346 3478 80 32 placed
1437 3484 24 20 at
1473 3479 39 25 the
1522 3479 81 25 hinder
1614 3480 56 32 edge
1689 3481 28 24 of
1731 3482 41 24 the
1784 3484 82 31 wings,
1891 3495 2 11 <

1278 3511 46 25 and
1334 3519 25 17 as
1372 3520 54 17 near
1437 3516 25 21 to
1473 3512 57 25 each
1541 3513 64 25 other
1616 3521 26 17 as
1652 3513 49 26 the.
1710 3514 64 33 joint
1785 3516 26 26 of
1825 3518 41 24 the
1891 3523 2 10 '

1278 3544 44 26 tail'
1330 3546 46 24 will
1386 3546 92 29 permit.
1576 3566 4 4 .
1832 3565 17 4 -.

1301 3579 62 29 .The
1375 3579 85 32 weight
1477 3579 26 25 of
1518 3579 40 25 the
1575 3580 112 31 machine,
1699 3582 68 24 when
1786 3583 80 25 loaded

1277 3612 50 26 and
1334 3612 110 33 prepared
1454 3612 36 25 for
1499 3613 77 32 flight,
1589 3611 27 28 is.
1621 3615 124 25 estimated
1753 3620 26 20 at
1790 3619 76 26 3,000

1277 3645 48 28 lbs;
1331 3655 8 21 ;
1351 3667 3 4 ,
1367 3646 38 24 the
1429 3653 53 18 area
1485 3655 6 8 T
1504 3647 27 24 of
1553 3646 44 25 the-
1615 3648 73 31 wings
1713 3654 106 20 amounts
1843 3655 23 20 to

1277 3680 17 23 4t5004
1294 3696 9 18 t
1303 3681 49 23 5OO
1365 3687 83 24 square
1468 3680 54 24 feet.
1535 3706 3 3 .
1560 3680 49 24 The
1628 3681 54 26 load
1703 3683 27 32 is;
1744 3683 122 31 therefore,

1278 3709 133 33 l,wp»thirds
1422 3711 26 26 of
1463 3721 14 16 a
1494 3714 78 32 pound
1590 3718 22 20 to
1630 3714 57 27 each
1706 3723 88 24 square-
1808 3717 58 30 foot,

1277 3744 73 26 which
1362 3746 21 25 is
1393 3746 47 26 less
1452 3746 56 24 than
1522 3746 49 26 that
1581 3747 26 24 of
1621 3755 69 25 many
1701 3748 72 25 birds.

1276 3796 3 9 ,
1310 3779 61 28 This,
1399 3780 128 30 invention,
1557 3780 110 30 however,
1698 3781 79 26 differs
1805 3789 61 19 most

1275 3812 81 32 widely
1367 3813 61 24 from
1440 3813 33 24 all
1484 3814 31 23 its
1533 3814 158 31 predecessors
1711 3816 27 23 in
1757 3817 31 23 its
1798 3817 68 24 mode

1275 3846 25 24 of
1315 3847 98 31 starting
1424 3855 6 20 ;
1450 3854 15 15 a
1476 3846 79 25 device
1574 3847 31 31 by
1615 3847 75 24 which
1711 3848 39 25 the
1765 3850 100 24 difficul-

1275 3880 43 24 ties
1327 3879 50 24 that
1388 3879 61 26 have,
1457 3878 101 26 hitherto
1567 3880 57 26 been
1635 3880 73 25 found
1718 3883 147 31 insuperable

1274 3920 39 17 are
1324 3911 109 31 avoided,,
1439 3912 51 28 and
1501 3911 104 31 'success,
1616 3913 102 33 brought
1736 3916 79 25 within
1825 3917 40 25 the

1273 3953 72 25 imnge
1355 3945 27 25 of
1396 3953 14 17 a
1431 3943 135 34 likelihood,
1586 3949 138 30 amounting
1740 3948 90 29 almost,
1842 3955 23 20 to

1919 135 117 30 certainty.
2071 135 60 24 The-
2141 137 101 31 carriage
2261 143 116 27 sets^.out.
2387 140 117 26 fromvthe

1919 171 38 27 top
1969 167 25 24 of
2008 175 29 16 an
2047 167 368 36 incUiiedaplanei.J.n.dftaffiendiprg
2426 170 83 30 winch'

1917 200 19 23 it
1947 200 102 31 acquires
2061 200 96 31 velocity
2164 209 24 20 sp
2196 207 64 26 great
2268 203 231 30 thas-ihe.Tesistance
2502 219 4 14 :

1918 232 25 24 of
1958 232 40 27 the
2008 233 35 24 air
2053 233 108 24 admitted
2180 238 31 21 to.
2224 236 30 23 its
2273 237 72 27 under
2357 238 49 29 face
2418 238 30 31 by
2460 239 40 25 the

1917 264 149 27 ele&tioitof
2079 266 31 23 its
2120 266 65 25 front
2192 267 65 31 edge;
2270 270 94 25 suffices
2374 275 23 19 to
2402 272 96 25 sustain

1917 298 25 32 is.
1963 310 5 12 :
1988 298 49 24 But
2058 298 45 26 this
2120 297 133 32 resistance,
2273 301 67 26 ■white
2359 303 31 25 its
2407 304 93 30 upward

1917 331 232 30 operation-prevents
2161 332 38 24 the
2212 332 92 28 descent
2313 334 26 23 of
2354 335 39 23 the
2404 336 94 30 vehicle,

1917 371 102 23 opposes,
2032 364 87 31 though
2135 365 25 23 in
2179 373 14 16 a
2213 365 69 26 much
2300 367 92 24 smaller
2409 369 89 30 degree,

1916 395 30 24 its
1958 397 95 23 forward
2065 405 103 24 progress
2178 407 7 20 ;
2193 409 4 3 ■
2204 398 47 26 and
2270 398 45 24 this
2335 401 135 29 opposition,
2477 403 26 25 .if

1916 433 39 19 not
1967 430 164 29 counteracted,
2144 431 81 27 would,
2233 439 61 18 soon,
2300 439 33 20 so,
2338 432 109 24 diminish
2458 434 40 24 the

1915 461 96 32 velocity
2023 462 26 23 of
2063 463 65 31 flight
2139 471 26 16 as
2176 468 23 19 to
2211 464 68 32 bring
2290 465 19 23 it
2320 465 73 24 below
2409 466 38 23 the
2458 466 41 24 de-

1915 501 54 23 gree
1981 499 24 19 at
2024 495 74 27 which
2115 496 38 25 the
2171 493 92 34 iipwatd
2283 498 124 24 resistance
2419 499 26 23 of
2454 499 44 33 Jbe

1915 527 33 23 air
1960 527 74 24 would
2044 529 85 24 sustain
2150 529 38 24 the
2207 531 131 30 carriage;,
2343 532 20 23 it
2382 532 28 29 is,
2423 531 75 24 there-

1914 559 56 29 fore,
1984 560 38 24 the
2029 561 67 24 office
2117 562 25 23 of
2157 561 38 24 the
2216 565 176 30 steam-engine,
2404 564 51 28 and,
2468 566 30 22 its

1913 599 79 23 vanes,
2004 601 26 15 or
2040 594 132 31 propellers,
2185 598 23 20 to
2225 600 130 20 counteract
2366 597 49 24 that
2427 605 70 24 oppo-

1914 626 77 29 sition,
2002 626 44 23 and
2058 626 135 32 continually
2203 628 117 30 maintain*
2331 634 25 19 at
2364 630 30 24 its
2404 631 96 31 original

1913 663 102 24 amount,
2028 659 38 23 the
2077 659 97 31 velocity
2185 661 26 22 of
2226 661 75 30 flight.

1948 691 51 24 The
2010 692 107 30 covering
2131 693 25 23 of
2171 692 38 24 the
2228 694 73 30 wings
2322 695 44 24 and
2385 695 40 24 tail
2442 696 21 24 is
2474 697 27 23 of

1915 723 45 24 silk
1972 732 27 16 or
2009 724 61 24 linen
2081 734 6 20 ;
2107 725 50 24 that
2176 725 26 24 of
2217 725 38 25 the
2273 727 73 31 wings
2369 729 20 22 is
2407 728 91 27 divide.d

1913 757 48 22 into
1974 757 63 24 three
2047 757 91 31 lengths
2157 758 35 23 for
2212 759 56 23 each
2280 760 44 23 end
2340 760 92 32 joining
2442 762 57 24 each

1914 789 65 23 other
1990 794 23 19 at
2025 790 38 24 the
2075 791 81 23 double
2164 812 3 5 .
2173 792 84 23 frames
2269 800 6 21 ;
2296 793 45 24 this
2353 793 97 25 division
2461 795 36 23 fa-

1914 822 97 25 cilitates
2032 823 40 24 the
2091 824 65 32 rapid
2173 825 87 31 reefing
2279 826 43 23 and
2343 826 122 32 spreading
2475 828 26 24 of

1913 855 39 24 the
1964 857 113 37 covering
2089 857 73 24 which
2180 858 20 22 is
2219 858 97 27 .effected
2322 872 3 4 •
2336 859 31 31 by
2380 859 37 27 the
2428 861 67 23 cords

1913 889 99 30 running
2023 889 94 31 parallel
2127 889 54 24 with
2192 890 40 25 the
2250 891 152 31 longitudinal
2420 893 76 31 pieces
2500 908 7 11 r

1913 920 26 25 of
1954 921 39 24 the
2005 923 79 30 wings.
2119 922 51 24 The
2189 924 41 22 tail
2249 924 44 23 and
2313 925 84 26 rudder
2416 933 38 16 are
2472 927 26 23 in
2514 938 1 5 •

1912 953 48 24 like
1978 962 94 16 manner
2091 956 113 30 governed
2225 957 29 29 by
2275 957 65 24 cords
2361 959 147 31 proceeding,

1912 986 59 25 from
1982 988 38 23 the
2032 995 46 17 car.
2080 1000 33 5 —
2113 988 82 26 Bell's.
2197 988 57 30 Life
2264 990 25 22 in
2301 989 103 25 London.

1946 1020 122 24 Manner
2091 1028 29 17 on
2146 1022 106 24 Sowing
2276 1023 164 24 Grass-seed
2467 1031 29 16 ik
2507 1041 3 5 .
2514 1040 1 11 :

1912 1052 140 26 England.
2054 1066 33 5 —
2089 1054 73 24 Grass
2170 1055 66 23 seeds
2243 1063 38 16 are
2288 1057 139 31 universally
2435 1065 63 21 spwn
2502 1063 6 11 f

1912 1086 29 30 by
1953 1094 14 16 a
1979 1086 51 24 drill
2041 1087 72 23 which
2124 1087 49 31 lays
2193 1087 61 25 them
2272 1089 54 24 with
2343 1095 65 25 great
2428 1097 68 23 regu-

1910 1119 77 31 larity;
2001 1120 43 23 and
2056 1120 77 24 avoids
2152 1121 29 24 all
2202 1122 38 23 the
2256 1122 177 26 inconvenience
2451 1124 47 22 and

1911 1153 99 30 unequal
2019 1153 146 25 distribution
2178 1155 134 24 occasioned
2323 1156 35 31 by.
2372 1157 142 28 unfavqur-..

1910 1185 51 24 able
1972 1186 71 23 winds
2056 1187 24 23 in
2091 1188 85 30 sowing
2188 1188 30 30 by
2226 1188 68 25 hand.
2313 1188 23 24 It
2348 1190 21 22 is
2377 1189 76 24 drawn
2466 1190 39 30 by.

1910 1226 44 15 one
1967 1219 67 24 horse
2047 1220 44 23 and
2099 1221 107 23 attended
2218 1220 55 31 by'a
2285 1223 115 26 maa.whp
2419 1223 77 23 drives

1910 1252 54 23 with
1976 1253 61 22 reins
2049 1252 66 24 while
2126 1253 29 24 he
2162 1254 72 23 walks
2243 1254 84 24 behind
2337 1254 39 24 the
2384 1255 112 30 machine,

1910 1285 43 22 and
1966 1293 50 15 sees
2026 1286 49 22 that
2084 1286 30 23 all
2126 1287 20 22 is
2157 1287 71 30 going
2239 1287 70 31 right.
2356 1287 51 24 The
2427 1287 68 25 horse

1910 1317 72 24 walks
1994 1319 23 22 in
2026 1319 38 23 the
2068 1319 87 25 .furrow
2164 1319 99 24 between
2277 1320 38 23 the
2327 1321 83 31 ridges,
2422 1320 75 25 which,

1910 1350 59 31 keep
1980 1350 48 24 him
2040 1352 24 22 in
2075 1359 14 15 a
2099 1352 98 31 straight
2216 1360 87 22 course,
2326 1354 45 23 and
2390 1354 37 24 the
2443 1362 51 16 ma*

1910 1383 66 24 chine
1989 1392 58 16 sows
2059 1389 23 19 to
2093 1385 38 23 the
2142 1385 83 26 middle
2234 1386 25 23 of
2270 1386 37 28 the.
2316 1387 76 31 ridges
2400 1395 29 16 on
2440 1387 60 25 each-

1910 1416 57 30 side,
1981 1418 44 23 and
2037 1422 22 19 to
2072 1418 84 24 deliver
2167 1420 89 22 various
2266 1421 123 29 quantities
2397 1421 26 23 of
2428 1421 65 29 .seed,
2504 1436 6 15 ;

1910 1450 121 31 according
2042 1456 24 19 to
2078 1451 37 24 the
2126 1456 94 19 amount
2237 1460 39 24 per
2293 1461 50 16 acre
2366 1454 85 23 wished
2471 1459 23 19 to-

1910 1482 28 24 be
1956 1491 70 17 sown.
2070 1484 39 24 All
2128 1485 138 31 description
2282 1486 26 23 of
2324 1486 53 24 seed
2388 1487 108 24 intended

1910 1516 34 24 for
1956 1518 86 30 sowing
2054 1526 37 15 are
2103 1518 75 23 mixed
2191 1519 135 31 thoroughly
2339 1520 110 30 together,
2463 1522 32 28 by

1910 1549 104 31 frequent
2025 1552 92 29 turning
2136 1559 31 15 on
2186 1551 39 23 the
2243 1560 97 23 granary
2351 1553 56 23 floor
2418 1553 77 24 before

1910 1582 68 32 being
2001 1584 86 23 carried
2108 1589 22 19 to
2150 1584 37 24 the
2208 1585 52 23 field
2279 1586 45 22 and
2343 1590 42 26 put
2400 1587 46 22 into
2456 1586 44 30 the,

1908 1616 113 25 machine.
2065 1616 24 25 A
2108 1625 52 16 man
2172 1618 45 23 and
2228 1618 68 23 horse
2309 1618 45 24 will
2366 1619 70 31 easily
2447 1627 47 15 sow
2500 1634 2 14 ;

1910 1649 69 32 thirty
1989 1658 63 16 acres
2064 1658 13 16 a
2089 1649 43 32 day
2144 1658 28 16 on
2185 1651 76 30 ridges
2273 1651 27 24 of
2316 1654 30 22 15
2359 1652 46 23 feet
2425 1653 66 24 wide.
2500 1669 5 13 ,

1910 1682 71 24 Seeds
1993 1691 63 16 sown
2068 1691 60 23 upon
2137 1684 74 24 wheat
2223 1692 37 16 are
2273 1685 129 32 commonly
2418 1686 73 23 rolled

1908 1715 45 24 and
1964 1716 82 31 lightly
2058 1716 122 25 harrowed.
2218 1717 77 25 Those
2303 1719 55 24 with
2367 1719 77 31 barley
2455 1727 39 16 are

1909 1757 62 16 sown
1983 1754 23 19 at
2017 1750 38 24 the
2066 1757 62 17 same
2140 1751 53 23 time
2195 1762 35 6 —
2230 1751 48 24 that
2297 1752 27 28 is,
2344 1753 105 30 previous
2470 1757 23 19 to

1909 1782 37 24 the
1968 1782 44 24 last
2032 1787 53 19 turn
2103 1783 30 25 of.
2153 1783 38 24 the
2212 1784 88 24 harrow
2319 1785 30 31 by
2369 1785 72 24 which
2454 1785 40 25 the

1910 1815 65 24 seeds
1988 1823 37 16 are
2037 1816 101 30 covered,
2152 1825 13 16 a
2176 1817 70 24 roller
2256 1818 118 31 following
2385 1824 22 18 to
2426 1819 63 23 leave

1909 1856 13 16 a
1934 1849 90 24 smooth
2035 1850 96 24 surface.
2174 1850 51 24 The
2245 1852 65 23 seeds
2328 1860 69 20 sown,
2409 1853 99 28 consist,

1910 1882 25 23 of
1949 1890 13 15 a
1974 1883 99 24 mixture
2086 1884 25 23 of
2119 1883 40 24 red
2171 1884 45 23 and
2223 1885 67 23 white
2303 1884 92 30 clover,,
2407 1893 13 15 a
2432 1886 57 23 little

1909 1915 83 30 trefoil,
2004 1916 99 31 perejiial
2122 1924 40 23 rye
2182 1924 74 24 grass,
2279 1918 45 24 aud
2343 1919 155 31 occasionally,

1908 1949 98 31 timothy
2018 1957 25 16 or
2059 1949 85 24 Italian
2162 1958 40 23 rye
2223 1959 65 23 grass
2313 1952 43 23 and
2381 1952 122 24 cockfoot.-
2514 1966 1 7 -

1898 1982 41 25 'In
1960 1982 40 23 the
2011 1983 102 30 -portion'
2131 1983 108 24 intended
2260 1984 36 24 for
2317 1984 45 31 hay
2383 1992 15 16 a
2418 1984 76 31 larger

1908 2015 106 31 quantity
2025 2015 26 23 of
2065 2015 39 24 red
2116 2015 74 24 clover
2201 2016 21 23 is
2234 2017 149 30 introduced,.
2387 2018 46 23 and
2445 2018 48 23 less

1908 2048 26 22 of
1945 2055 62 16 some
2020 2048 26 23 of
2056 2048 36 24 the
2102 2048 84 25 others.
2219 2050 81 24 Clover
2309 2050 44 32 hay
2365 2051 20 22 is
2397 2051 96 31 thought

1908 2085 23 19 to
1943 2081 29 23 be
1985 2081 115 31 improved
2109 2082 34 23 for
2155 2082 66 23 horse
2233 2083 51 24 feed
2294 2084 31 30 by
2337 2084 39 23 the
2395 2084 98 24 mixture

1908 2114 26 23 of
1948 2122 41 23 rye
2000 2122 73 23 grass,
2086 2115 44 27 and
2140 2122 62 20 more
2216 2117 70 30 easily
2300 2117 74 24 made.

1943 2147 184 25 Unkindness.
2127 2161 35 5 —
2162 2149 68 24 More
2242 2150 77 23 hearts
2331 2151 52 30 pine
2393 2158 62 24 away
2468 2153 25 22 in

1908 2186 74 19 secret
2000 2182 98 30 anguish
2116 2182 58 24 from
2192 2182 144 25 unkindness
2353 2183 60 25 from
2428 2183 65 25 those

1907 2214 49 23 who
1969 2214 81 24 should
2059 2215 28 23 be
2098 2215 59 24 their
2169 2216 142 30 comforters,
2324 2216 56 25 than
2391 2218 35 23 for
2443 2225 47 24 any

1907 2248 108 31 calamity
2027 2248 24 23 in
2063 2248 48 24 life.

1940 2281 112 24 Society
2081 2289 51 16 tor
2160 2289 51 18 the
2249 2283 178 26 Suppression
2460 2291 31 19 os

1907 2314 147 24 Duelling.
2057 2327 34 4 —
2091 2316 38 23 An
2153 2317 136 23 association
2311 2317 41 24 has
2371 2318 57 24 been
2441 2318 52 32 just

1905 2347 87 24 formed
2012 2348 37 23 for
2061 2348 37 24 the
2110 2350 146 30 suppression
2269 2351 25 22 of
2310 2350 109 32 duelling.
2453 2354 40 22 ,It

1906 2382 86 22 consist
2004 2381 26 23 of
2045 2383 48 23 326
2102 2382 123 29 members,
2235 2383 118 32 including
2366 2387 31 21 21
2411 2385 80 24 noble-

1905 2422 60 21 men,
1981 2416 29 23 13
2023 2422 54 17 sons
2094 2415 26 24 of
2134 2415 127 31 noblemen,
2285 2418 30 23 16
2334 2418 113 24 members
2468 2418 26 25 of

1905 2448 142 31 parliament,
2073 2450 29 22 15
2126 2449 116 30 baronets,
2267 2451 32 23 30
2319 2450 107 25 admirals
2446 2451 46 25 and

1904 2481 105 31 generals
2021 2484 35 22 44
2066 2483 102 30 captains
2178 2483 76 29 R.N.,
2274 2485 32 22 23
2326 2484 99 25 colonels
2446 2485 45 24 and

1903 2514 246 30 lieutenant-colonels,
2175 2517 31 25 17
2228 2517 92 32 majors,
2341 2519 36 23 26
2390 2519 101 31 captains*

1903 2548 24 23 in
1939 2548 39 23 the
1998 2556 70 24 army,
2088 2550 32 23 20
2141 2549 138 24 lieutenants
2298 2549 78 31 R.N.,
2393 2551 44 25 and
2458 2553 34 23 24

1903 2580 129 26 barristers.
2069 2582 65 31 They
2146 2582 117 25 denounce
2276 2584 102 32 duelling
2385 2592 24 17 as
2420 2585 70 25 sinful

1903 2614 125 30 irrational,
2041 2615 45 24 and
2096 2620 104 27 contrary
2221 2621 23 19 to
2263 2617 38 23 the
2320 2617 56 24 laws
2396 2618 25 24 of
2436 2617 54 26 God

1903 2648 45 24 and
1969 2656 61 17 man.
2073 2649 66 31 They
2156 2650 48 22 also
2223 2650 82 31 pledge
2318 2650 135 25 themselves
2466 2656 23 19 to

1891 2679 2 28 !
1903 2681 198 30 discountenance,
2114 2683 30 30 by
2157 2683 113 24 influence
2282 2684 45 23 and
2338 2685 113 31 example,
2473 2693 15 16 a

1903 2716 99 29 practice
2025 2715 73 25 which
2117 2724 25 15 so
2162 2716 89 31 greatly
2270 2716 137 25 dishonours
2426 2718 61 24 God.

1903 2748 99 32 Captain
2014 2748 78 32 Hope,
2104 2749 77 29 R.N.,
2193 2751 46 22 and
2252 2750 47 24 Mr.
2313 2751 39 24 W.
2362 2751 126 29 Dunmore,

1903 2781 57 23 have
1981 2781 93 25 become
2096 2783 115 31 honorary
2233 2785 134 23 secretaries
2399 2788 21 20 to
2450 2785 39 24 the

1903 2815 147 24 association.
2052 2827 35 6 —
2088 2815 72 25 Bell's
2171 2815 57 30 Life
2239 2816 22 24 in
2273 2817 104 25 London.

1936 2848 111 24 Thames
2060 2849 119 24 Tunnel.
2181 2862 34 4 —
2217 2850 51 24 The
2285 2851 97 24 number
2395 2851 24 24 of
2433 2860 54 23 per-

1901 2889 54 15 sons
1977 2881 49 24 who
2047 2883 81 30 passed
2149 2883 98 31 through
2267 2884 60 24 from
2348 2884 95 32 Sunday
2465 2890 22 19 to

1902 2914 144 32 Wednesday
2064 2917 20 22 is
2103 2918 99 26 33,000,
2216 2916 96 32 making
2330 2918 25 23 in
2374 2918 37 29 all,
2425 2919 63 23 since

1901 2947 38 24 the
1950 2949 106 30 opening,
2070 2949 30 26 57
2106 2950 84 28 4,000.
2228 2949 77 24 There
2326 2958 38 16 are
2387 2959 48 15 now
2454 2954 33 22 20

1900 2980 70 31 shops
1982 2981 85 32 opened
2079 2982 60 30 daily
2148 2982 26 24 in
2186 2982 40 24 the
2239 2984 86 27 tunnel,
2339 2984 36 24 for
2390 2984 37 24 the
2439 2985 48 23 sale

1901 3015 25 23 of
1939 3015 68 31 fancy
2019 3015 98 30 articles,
2129 3015 171 30 refreshments,
2314 3017 54 29 &c,
2380 3018 79 32 giving
2472 3026 15 15 a

1899 3048 69 31 lively
1979 3056 138 23 appearance
2129 3053 23 19 to
2160 3048 39 24 the
2206 3049 145 25 sub-marine
2359 3050 127 33 thorough-

1899 3081 55 24 fare.
1990 3082 36 23 At
2037 3081 64 24 these
2113 3081 119 32 standings
2243 3090 38 16 are
2301 3084 126 25 numbered
2437 3085 46 24 and

1899 3114 101 24 referred
2007 3119 23 19 to
2042 3115 24 23 in
2075 3115 40 23 the
2120 3116 91 22 various
2223 3115 132 32 shop-bills,
2367 3118 20 22 it
2397 3118 21 24 is
2429 3125 57 24 sup-

1898 3147 71 32 posed
1980 3147 79 25 letters
2076 3148 44 24 Will
2139 3156 54 24 very
2206 3156 55 17 soon
2280 3149 30 25 be
2328 3150 112 25 delivered
2452 3151 32 33 by

1898 3185 60 28 post,
1971 3189 55 16 even
2038 3180 73 25 under
2118 3181 42 25 the
2173 3182 109 28 Thames.

1926 3213 62 21 New
1999 3213 56 21 Post
2063 3214 87 21 Orricß
2159 3213 206 24 Arrangements.
2366 3227 28 4 —
2394 3217 20 21 A
2419 3220 69 25 treaty

1898 3240 52 21 with
1958 3241 79 21 France
2045 3248 29 14 on
2084 3241 50 21 Post
2141 3241 69 21 Office
2214 3243 70 21 affairs
2293 3243 38 21 has
2336 3244 54 20 been
2396 3245 91 26 brought
2510 3246 2 5 '

1892 3270 28 19 .to
1936 3274 14 14 a
1959 3269 131 25 conclusion,
2106 3269 43 21 and
2158 3276 42 14 was
2214 3272 24 18 to
2247 3276 61 19 cpme
2316 3271 47 21 into
2373 3272 57 21 force
2446 3273 44 21 la«fc

1897 3295 66 21 June.
1992 3296 51 21 This
2053 3297 26 24 is,
2089 3297 97 26 perhaps,
2197 3297 40 26 tjhe.
2242 3300 58 19 jnost
2309 3299 107 28 extensive
2424 3300 23 21 in
2453 3300 33 26 -its

1898 3324 118 25 operation,
2034 3324 43 20 and
2092 3325 118 20 calculated
2218 3328 32 17 to..
2254 3326 93 26 produce
2357 3327 37 20 the
2409 3327 78 27 largest

1897 3351 77 20 results
1992 3351 25 20 of
2028 3358 43 20 any
2087 3354 86 24 postage
2181 3353 130 25 convention
2326 3354 48 20 that
2382 3361 41 14 was
2439 3361 48 14 ever

1896 3378 116 20 concluded
2021 3379 28 26 by
2059 3379 42 20 this
2112 3382 98 24 country.
2238 3380 46 21 The
2294 3387 59 15 more
2367 3382 119 21 immediate

1896 3406 67 22 result
1980 3406 25 20 of
2026 3406 136 27 diminishing
2181 3407 30 27 by
2230 3408 99 21 one-half
2343 3409 37 20 the
2399 3411 45 18 cost
2458 3409 29 21 xif

1897 3432 89 27 sending
1995 3433 73 21 letters
2077 3434 54 22 from
2141 3433 99 29 England
2250 3438 22 18 to
2282 3436 87 24 France,
2380 3436 40 23 and
2430 3436 56 22 from

1896 3460 80 21 France
1992 3464 23 17 to
2029 3460 105 28 England,
2154 3462 19 22 ia
2190 3462 39 22 but
2247 3469 13 14 a
2268 3463 63 22 small
2348 3465 49 25 part
2405 3463 23 22 of
2446 3464 39 21 the

1895 3487 71 27 object
1975 3488 26 21 of
2011 3488 44 21 this
2065 3490 75 28 treat?.
2171 3490 21 21 It
2200 3490 146 27 considerably
2353 3490 85 21 reduces
2443 3483 41 30 &•

1894 3518 49 19 cost
1962 3516 25 21 of
2006 3519 86 25 postage
2111 3523 28 16 on
2157 3518 28 21 all
2200 3518 75 21 letters
2280 3517 97 27 'passing
2393 3518 92 28 through

1896 3543 87 25 France,
1993 3550 23 15 as
2025 3544 49 21 well
2089 3551 23 14 as
2121 3551 29 15 on
2157 3545 64 21 those
2235 3544 111 22 addressed
2357 3549 23 16 to
2397 3546 87 25 France,

1894 3571 44 20 and
1946 3570 111 23 therefore.
2060 3574 23 19 at
2098 3578 59 16 once,
2160 3572 72 21 affects
2249 3572 37 21 the
2293 3575 47 18 vast
2360 3579 124 21 correspon-

1896 3598 65 21 dence
1977 3599 94 25 between
2087 3600 43 20 this
2145 3602 95 24 country,
2246 3600 41 20 and
2304 3606 39 14 our
2353 3600 53 21 East
2423 3601 61 21 India

1894 3626 146 29 possessions.-
2063 3627 22 21 It
2101 3627 44 21 also
2162 3627 104 26 regulates
2286 3627 42 21 and
2343 3627 93 22 reduces-
2446 3629 47 22 the.

1894 3655 49 19 cost
1953 3652 25 33 ofj
1989 3655 179 26 correspondence
2178 3654 94 20 between
2281 3655 37 20 the
2414 3656 70 20 colox-

1894 3676 47 27 ules
1950 3681 43 20 ud
2001 3679 98 25 TFrarice,'
2106 3681 61 25 aricT,,
2166 3681 24 21 of
2202 3687 82 18 eour.se,
2293 3681 100 25 between,
2405 3682 91 31 Franjce*

1894 3702 48 39 inj
1950 3714 43 16 .our
2011 3709 102 21 colonies.
2138 3709 24 20 It
2177 3707 122 22 facilitates'
2306 3708 37 22 ttie
2359 3716 131 21 cprresnera-.

1894 3735 65 21 dence
1976 3737 51 20 with
2043 3737 60 21 those
2120 3736 113 27 European
2241 3732 114 26 Countries
2375 3739 24 18 to
2414 3737 76 23 wtucE.

1894 3763 80 21 France
1990 3764 19 20 is
2025 3764 37 20 the
2078 3763 95 26 highway
2186 3763 57 21 from
2258 3763 66 22 Great
2334 3764 90 26 Britain,
2440 3764 41 23 anil

1892 3791 59 26 gives
1961 3793 23 19 to
1993 3791 43 21 this
2047 3793 89 24 country
2146 3791 36 20 the
2193 3791 115 26 advantage
2317 3791 24 21 of
2353 3792 38 20 the
2397 3795 86 25 postage

1892 3821 158 23 arrangements
2065 3816 113 27 subsisting
2192 3817 95 22 between
2296 3819 63 21 those
2375 3821 107 25 countries

1892 3846 44 20 and
1945 3846 85 21 France.
2060 3845 57 21 Thus
2126 3845 19 21 it
2154 3845 43 21 will
2209 3845 28 21 be
2247 3846 112 27 iib;-)onger
2374 3853 109 23 necessary

1892 3875 23 19 to
1932 3880 89 20 pre-pay
2036 3873 72 21 letters
2122 3873 35 20 for
2167 3873 80 21 certain
2262 3876 60 24 parts
2332 3874 25 21 of
2369 3874 113 28 Germany,

1892 3906 26 15 or
1936 3900 35 21 for
1979 3907 3 3 ■
1990 3900 116 25 Piedmont,
2126 3900 107 27 Tuscany,
2252 3907 25 14 or
2298 3900 36 22 the
2352 3902 130 28 Neapolitan

1892 3927 79 26 States,
1979 3928 42 21 and
2034 3928 36 20 the
2079 3930 87 24 postage
2182 3929 24 20 to
2216 3928 59 23 thine
2286 3929 64 27 .parts
2360 3930 26 22 of
2397 3930 85 29 Europe

1894 3955 47 22 will.
1944 3956 28 21 bo
1983 3955 64 22 much'
2054 3956 98 21 reduced.

582 30 100 47 Etjt
706 33 120 40 recto
851 34 208 42 Scarab
1085 37 193 49 <fta?ttti
1302 45 90 39 ano
1416 40 302 50 WUUWQton
1743 42 255 50 giptcUitot.

696 125 90 22 repairs,
806 124 23 18 at
843 127 30 16 an
888 121 86 23 infinite
989 130 105 21 expense,
1111 123 46 24 arid
1172 129 67 19 waate
1259 127 27 22 of

696 148 53 19 time
759 146 46 22 and
814 146 83 24 labour.
914 160 4 4 -
926 148 48 22 The
986 150 147 27 Oropholithe
1143 152 26 26 is,
1186 152 23 22 in
1218 153 64 27 Eng-.

694 172 61 27 land,
766 172 83 23 laid.on
859 174 59 28 roofs
926 175 27 22 of
958 183 45 20 any
1012 176 62 28 pitch
1083 185 27 15 or
1117 179 109 27 perfectly
1232 179 58 28 flat/;

695 198 27 22 of
728 199 67 22 much
804 199 80 27 lighter
894 202 153 28 construction,
1059 207 24 18 at
1099 205 128 28 something
1236 201 54 27 less*

694 224 55 23 than
767 227 28 20 35
801 247 3 4 .
810 226 99 28 shillings.
919 228 40 30 the,
971 236 80 21 square
1066 230 28 22 of
1104 232 40 21 ICO
1155 225 133 34 superficial

694 251 51 27 feet,
756 252 118 29 providing
892 256 23 19 at
934 251 36 26 the
988 263 62 15 same
1070 257 53 22 time
1142 265 15 15 a
1176 259 114 28 covering-

694 278 65 27 equal
769 283 24 18 to
801 278 63 29 lead;
882 280 64 23 while
956 280 39 24 the
1005 282 115 29 Company
1134 284 76 22 makes
1220 285 64 24 itself
1287 285 3 7 '

692 304 68 23 liable
769 305 36 22 for
813 313 44 21 any
866 307 83 27 repairs
958 308 18 21 it
991 315 52 21 may
1052 311 89 25 require
1151 311 82 28 during
1242 312 39 22 the

693 337 65 20 space
768 332 27 21 of
805 332 44 23 fire
865 341 70 19 years,
947 334 44 22 and
1001 334 22 23 in
1033 335 42 22 few
1085 340 111 21 instances
1207 339 40 21 has
1262 339 23 21 if

691 358 58 21 been
760 365 118 22 necessary
885 360 34 22 for
929 360 36 23 the
977 361 113 23 workmen
1098 367 20 17 to
1127 371 30 20 go
1163 371 53 15 over
1223 365 58 22 their

694 384 59 23 work
762 392 57 15 even
828 393 29 15 on
868 387 36 22 the
914 386 59 28 large
980 388 44 22 and
1035 390 96 26 exposed
1141 391 58 21 roofs
1210 391 26 22 of
1243 391 36 23 the

692 410 59 22 dock
769 412 45 22 and
831 413 129 27 victualling
977 415 74 27 yards,
1073 416 40 22 but
1132 417 72 22 where
1224 419 55 21 such

692 438 40 20 has
746 438 113 28 occurred,
878 440 37 21 the
934 440 85 28 fucility
1036 442 53 23 with
1106 443 72 23 which
1191 452 12 14 a
1214 452 62 16 seam

692 467 40 18 not
750 466 103 28 properly
870 466 116 23 cemented
1005 475 52 21 may
1071 469 30 22 be
1119 470 102 28 stopped,
1238 471 41 23 has

691 490 108 23 rendered
808 492 18 21 it
836 500 14 14 a
864 496 82 19 matter
960 494 26 21 of
996 493 178 26 inconsiderable
1184 498 93 23 trouble.

718 517 49 22 The
777 518 60 27 price
847 520 27 21 of
881 519 35 22 the
925 522 98 19 mattrial
1031 522 64 21 itself
1101 522 17 22 is
1128 522 49 28 low,
1186 524 40 22 but
1236 524 18 22 it
1259 525 19 22 is

691 543 38 22 the
748 545 78 27 saving
845 546 27 21 of
891 546 86 28 roofing
1002 547 73 23 which
1094 548 19 22 it
1132 550 80 22 effects
1230 551 49 23 that

692 570 89 22 renders
796 571 18 22 it
829 579 29 14 an
874 572 72 28 object
962 574 26 21 of
1000 574 37 22 the
1053 579 97 23 greatest
1166 578 112 22 consider-

691 600 69 19 ation.
788 598 54 21 This
856 599 108 22 immense
979 601 79 27 saving
1072 602 20 21 is
1108 603 92 22 effected
1217 605 61 26 prin-

691 623 81 28 cipally
782 624 30 27 by
822 625 36 22 the
873 625 106 27 lightness
989 627 26 22 of
1024 627 39 23 the
1072 628 91 23 timbers
1172 631 105 27 required

690 656 24 16 in
733 658 13 14 a
762 651 51 22 roof
828 651 95 23 covered
937 653 53 22 with
1007 654 152 29 Oropholithe,
1178 658 45 22 and
1238 658 37 22 the

690 677 96 22 absence
807 677 26 22 of
850 685 44 20 any
912 680 110 27 necessity
1040 685 23 17 to
1083 682 57 23 raise
1161 683 36 22 the
1216 684 61 28 pitch

690 703 26 21 of
723 703 38 22 the
772 705 51 20 roof
828 704 87 28 beyond
931 706 36 22 the
983 707 99 23 smallest
1098 708 67 28 angle
1174 712 103 25 required

690 733 22 18 to
722 737 64 20 carry
796 731 33 22 off
835 731 37 22 the
882 732 48 22 rain
937 737 74 23 water,
1021 733 73 24 which
1103 735 40 23 has
1150 736 38 23 the
1195 737 82 23 double

690 756 65 22 effect
765 757 28 22 of
805 757 144 29 diminishing
965 760 36 22 the
1014 762 121 26 quantities
1145 763 26 22 of
1179 763 37 22 the
1227 765 51 22 roof

690 783 97 28 timbers,
807 785 44 21 and
875 785 45 22 also
940 787 25 21 of
980 786 38 23 the
1041 790 102 21 external
1167 791 108 27 covering

690 810 112 23 whatever
820 811 49 22 that
886 819 52 20 may
954 813 32 22 be.
1016 814 40 27 (In
1071 816 44 21 this
1132 823 33 15 we
1181 817 59 22 refer
1254 821 22 19 to

689 837 58 21 rdofs
757 841 41 17 not
807 839 93 21 covered
911 840 52 21 with
972 842 75 25 metal,
1058 849 25 14 as
1094 842 53 28 they
1157 842 26 22 of
1196 851 77 17 course

689 870 43 14 can
746 863 28 22 be
789 863 45 23 laid
850 868 23 18 to
887 872 43 21 any
943 866 60 27 pitch
1011 875 5 19 ;
1037 868 41 22 but
1092 868 18 21 it
1122 873 61 18 must
1195 870 29 21 be
1239 878 35 14 re-

689 891 128 21 membered
831 891 50 22 that
895 892 56 23 such
965 901 14 14 a
993 895 56 26 roof,
1069 894 99 23 whether
1180 895 51 24 lead
1250 905 25 14 or

688 917 55 26 zinc,
756 917 72 22 would
838 921 47 19 cost
894 926 61 15 more
964 920 56 22 than
1028 921 82 22 double
1127 929 43 14 one
1185 922 86 24 formed

688 943 26 21 of
725 944 155 27 Oropholithe.

715 969 27 23 In
752 971 65 21 order
826 976 22 17 to
857 972 106 23 illustrate
969 974 62 24 .what
1035 975 38 22 'we
1088 974 56 23 have
1156 976 116 23 advanced

689 996 52 22 with
751 997 79 27 regard
840 1003 22 17 to
879 999 37 22 the
930 1000 105 27 lightness
1045 1002 27 21 of
1086 1003 152 22 construction
1248 1005 23 21 in

687 1030 30 14 an
734 1024 145 27 Oropholithe
895 1026 54 26 roof,
968 1034 32 15 we
1016 1035 53 20 may
1088 1032 63 23 state,
1172 1029 49 22 that
1235 1031 38 22 the

687 1050 66 22 slates
762 1058 94 21 average
866 1052 23 22 in
897 1053 81 26 weight
983 1055 29 20 46
1017 1059 50 17 cwt.
1078 1059 24 17 to
1111 1055 39 22 the
1160 1056 109 23 thousand

687 1076 73 22 which
774 1079 62 25 gives
845 1086 30 14 an
889 1086 92 20 average
991 1081 26 20 of
1030 1081 102 23 between
1149 1083 27 20 14
1185 1084 45 21 and
1247 1086 25 20 15

687 1107 48 18 cwt.
754 1108 23 18 to
792 1105 37 22 the
846 1112 77 21 square
934 1106 25 21 of
972 1108 40 21 100
1026 1108 124 27 superficial
1169 1109 52 28 feet,
1237 1119 35 14 re-

687 1130 89 27 quiring
792 1132 57 21 from
865 1133 40 21 275
920 1136 22 18 to
955 1134 40 21 325
1011 1134 73 22 slates.
1113 1136 23 21 A
1150 1136 67 27 plane
1235 1138 37 22 tile

686 1157 83 26 weighs
777 1159 58 26 2\tß,
846 1159 43 21 and
900 1166 14 14 a
922 1166 79 20 square
1012 1160 115 28 requiring
1137 1170 28 14 an
1177 1170 95 21 average

686 1183 26 21 of
723 1183 40 22 700
781 1185 43 21 will
842 1185 70 27 weigh
927 1186 100 27 upwards
1037 1188 27 21 of
1078 1188 54 22 1500
1145 1193 50 18 cwt.
1224 1187 52 26 The'

685 1216 94 21 average
789 1211 82 27 weight
882 1212 23 21 of
917 1213 94 26 pantiles
1027 1214 18 22 is
1060 1215 51 25 s£lb
1126 1216 62 26 each,
1198 1217 46 22 and
1258 1225 14 15 a

685 1243 78 20 square
773 1237 113 28 requiring
892 1240 40 21 180
941 1240 94 27 pantiles
1042 1242 75 21 would
1122 1242 72 27 weigh
1199 1246 71 22 9221b.

685 1262 71 27 Ridge
772 1263 50 23 tiles
829 1265 73 26 weigh
912 1267 50 24 4^16
972 1268 62 26 each,
1047 1268 46 22 and
1110 1268 37 22 the
1158 1270 82 28 weight
1249 1272 25 21 of

684 1296 13 14 a
712 1296 80 21 square
806 1291 18 21 is
838 1292 121 22 somewhat
974 1301 61 14 more
1049 1294 55 22 than
1114 1297 72 23 900JBS.
1215 1298 56 22 Now

684 1315 43 23 five
737 1317 75 22 sheets
818 1318 25 21 of
850 1318 143 28 Oropholithe
1004 1327 66 16 cover
1080 1329 14 14 a
1103 1329 65 19 space
1176 1323 26 22 of
1209 1331 61 16 more

683 1343 54 21 than
755 1345 40 21 120
806 1344 45 22 feet
869 1346 136 27 superficial,-
1017 1347 46 22 and
1078 1348 59 22 their
1155 1350 82 27 weight
1252 1352 19 22 is

684 1370 126 27 something
818 1371 43 22 less
871 1372 54 22 than
936 1374 68 27 1451b,
1017 1374 43 22 this
1074 1373 110 25 immense
1195 1378 76 22 differ-

683 1404 55 14 ence
753 1404 25 15 as
792 1405 67 20 every
870 1406 42 14 one
929 1404 59 18 must
1002 1401 109 31 perceive,
1128 1402 75 24 allows
1218 1405 28 22 of
1257 1411 14 16 a

683 1430 54 21 very
746 1428 64 23 great
824 1425 115 23 reduction
954 1427 23 22 in
993 1428 38 21 the
1045 1429 99 27 strength
1155 1431 28 21 of
1191 1431 80 22 timber

683 1451 23 21 in
716 1458 14 14 a
739 1451 56 23 roof.
824 1451 28 23 In
869 1453 51 27 fact,
932 1453 78 22 almost
1025 1454 30 23 all
1071 1455 49 22 that
1133 1456 19 22 is
1167 1458 103 27 required

683 1484 21 14 in
719 1484 29 15 an
765 1478 145 27 Oropholithe
927 1481 53 27 roof,
991 1481 19 21 is
1020 1481 50 22 that
1086 1482 37 21 the
1134 1484 92 23 timbers
1242 1486 27 21 be
1276 1481 4 3 '

682 1507 38 19 not
729 1507 38 19 too
776 1505 67 27 slight
852 1509 23 18 to
885 1506 116 23 withstand
1012 1508 57 23 their
1075 1516 50 15 own
1135 1511 77 27 strain,
1224 1512 46 22 arid

683 1530 60 22 thick
753 1532 89 27 enough
852 1536 23 18 to
884 1533 64 22 allow
958 1534 26 22 of
991 1536 136 21 convenient
1136 1537 104 29 framing.

709 1557 47 22 Nor
772 1563 59 17 must
846 1559 17 22 it
878 1560 25 22 be
913 1561 111 27 forgotten
1042 1562 48 22 that
1104 1562 44 23 this
1165 1571 105 21 arrange-

683 1588 62 18 ment
754 1586 95 22 extends
859 1587 26 21 its
895 1587 74 22 effects
979 1591 23 19 to
1012 1589 38 22 the
1061 1589 61 22 walls
1132 1590 26 22 of
1169 1599 13 14 a
1192 1592 74 22 build-

682 1611 43 27 ing,
745 1613 175 27 accomplishing
939 1614 136 28 throughout
1091 1616 38 22 the
1144 1618 85 27 objects
1246 1620 26 21 of

682 1645 114 21 economy,
804 1639 45 22 and
859 1648 24 14 as
893 1641 138 28 itrquantiry
1039 1643 20 21 is
1068 1643 69 27 easily
1144 1644 125 24 calculated

682 1665 45 21 and
736 1666 38 22 the
789 1666 46 22 risk
844 1667 25 21 of
883 1667 108 28 breakage
1007 1668 186 30 inconsiderable,
1205 1672 63 22 there

681 1699 41 15 can
737 1693 28 21 be
782 1692 56 23 little
848 1693 84 28 danger
939 1696 27 20 of
979 1695 65 23 fraud
1055 1704 25 14 or
1095 1696 48 28 loss,
1156 1698 46 24 and
1217 1698 51 23 thus

680 1718 37 23 the
736 1719 89 22 builder
843 1728 24 14 as
885 1722 49 21 well
949 1729 22 15 as
991 1722 35 23 his
1042 1723 121 29 employer,
1180 1725 44 23 will
1240 1727 28 21 be

681 1747 88 25 equally
780 1747 93 22 secured
884 1748 55 22 from
950 1748 76 24 either.

1427 460 51 22 Jan.
1489 461 20 26 5,
1522 463 59 20 1842.
1592 461 52 23 Jan.
1653 463 21 26 5,
1686 464 62 21 1843.
1758 464 120 23 Deficiency

1322 483 99 26 Custom!
1435 487 149 26 £21,899,000
1597 489 146 29 £21,025,000
1757 491 21 22 £
1799 492 79 23 874.001

1319 510 80 26 Excise
1443 518 4 5 '
1461 515 124 26 13,679/,00
1617 517 126 25 12,518,000
1777 519 101 25 1.161,001

1317 537 89 28 Stamps
1474 540 113 27 7,135,000
1630 544 114 25 6,983,000
1799 546 79 25 152,001

1319 563 74 23 Taxes
1474 568 111 26 4,483,000
1628 570 121 27 4,274,000.
1797 573 81 25 202,001

1385 618 132 30 Deficiency
1754 624 124 27 £2,396,001
