<?xml version="1.0" encoding="UTF-8"?>
<alto xmlns:xsi="http://www.w3.org/2001/XMLSchema-instance" xsi:noNamespaceSchemaLocation="//docstorage/impdata$/docWORKS/schema/alto-1-2.xsd" xmlns:xlink="http://www.w3.org/TR/xlink">
	<Description>
		<MeasurementUnit>mm10</MeasurementUnit>
		<sourceImageInformation>
			<fileName>//nasserver-9/impdata$/IN/NZ_5/OO/1896/06/27/00400.TIF</fileName>
		</sourceImageInformation>
		<OCRProcessing ID="OCRPROCESSING_1">
			<preProcessingStep>
				<processingSoftware>
					<softwareCreator>CCS Content Conversion Specialists GmbH, Germany</softwareCreator>
					<softwareName>CCS docWORKS</softwareName>
					<softwareVersion>6.2-1.18</softwareVersion>
				</processingSoftware>
			</preProcessingStep>
			<ocrProcessingStep>
				<processingSoftware>
					<softwareCreator>ABBYY (BIT Software), Russia</softwareCreator>
					<softwareName>Finereader</softwareName>
				</processingSoftware>
			</ocrProcessingStep>
		</OCRProcessing>
	</Description>
	<Styles>
		<TextStyle ID="TXT_0" FONTSIZE="10" FONTFAMILY="Times New Roman"/>
		<TextStyle ID="TXT_1" FONTSIZE="9" FONTFAMILY="Times New Roman"/>
		<TextStyle ID="TXT_2" FONTSIZE="9" FONTFAMILY="Times New Roman" FONTSTYLE="italics"/>
		<TextStyle ID="TXT_3" FONTSIZE="6" FONTFAMILY="Times New Roman" FONTSTYLE="bold"/>
		<TextStyle ID="TXT_4" FONTSIZE="10" FONTFAMILY="Times New Roman" FONTSTYLE="italics"/>
		<TextStyle ID="TXT_5" FONTSIZE="12" FONTFAMILY="Times New Roman" FONTSTYLE="bold"/>
		<TextStyle ID="TXT_6" FONTSIZE="12" FONTFAMILY="Times New Roman"/>
		<TextStyle ID="TXT_7" FONTSIZE="21" FONTFAMILY="Times New Roman"/>
		<TextStyle ID="TXT_8" FONTSIZE="15" FONTFAMILY="Times New Roman"/>
		<TextStyle ID="TXT_9" FONTSIZE="15" FONTFAMILY="Times New Roman" FONTSTYLE="italics"/>
		<TextStyle ID="TXT_10" FONTSIZE="18" FONTFAMILY="Times New Roman" FONTSTYLE="bold"/>
		<TextStyle ID="TXT_11" FONTSIZE="17" FONTFAMILY="Times New Roman" FONTSTYLE="bold"/>
		<TextStyle ID="TXT_12" FONTSIZE="18" FONTFAMILY="Times New Roman" FONTSTYLE="bold italics"/>
		<TextStyle ID="TXT_13" FONTSIZE="9" FONTFAMILY="Times New Roman" FONTSTYLE="bold"/>
		<TextStyle ID="TXT_14" FONTSIZE="18" FONTFAMILY="Times New Roman"/>
		<TextStyle ID="TXT_15" FONTSIZE="16" FONTFAMILY="Times New Roman" FONTSTYLE="bold"/>
		<TextStyle ID="TXT_16" FONTSIZE="17" FONTFAMILY="Times New Roman"/>
		<TextStyle ID="TXT_17" FONTSIZE="19" FONTFAMILY="Times New Roman"/>
		<TextStyle ID="TXT_18" FONTSIZE="15" FONTFAMILY="Arial" FONTSTYLE="bold"/>
		<TextStyle ID="TXT_19" FONTSIZE="2" FONTFAMILY="Times New Roman"/>
		<TextStyle ID="TXT_20" FONTSIZE="8" FONTFAMILY="Times New Roman" FONTSTYLE="bold"/>
		<TextStyle ID="TXT_21" FONTSIZE="19" FONTFAMILY="Arial" FONTSTYLE="bold"/>
		<TextStyle ID="TXT_22" FONTSIZE="14" FONTFAMILY="Courier New"/>
		<TextStyle ID="TXT_23" FONTSIZE="10" FONTFAMILY="Times New Roman" FONTSTYLE="bold"/>
		<TextStyle ID="TXT_24" FONTSIZE="7" FONTFAMILY="Times New Roman" FONTSTYLE="bold"/>
		<TextStyle ID="TXT_25" FONTSIZE="13" FONTFAMILY="Times New Roman"/>
		<TextStyle ID="TXT_26" FONTSIZE="36" FONTFAMILY="Times New Roman"/>
		<TextStyle ID="TXT_27" FONTSIZE="22" FONTFAMILY="Arial" FONTSTYLE="bold"/>
		<TextStyle ID="TXT_28" FONTSIZE="6" FONTFAMILY="Arial" FONTSTYLE="bold"/>
		<TextStyle ID="TXT_29" FONTSIZE="1" FONTFAMILY="Times New Roman"/>
		<TextStyle ID="TXT_30" FONTSIZE="11" FONTFAMILY="Times New Roman"/>
		<TextStyle ID="TXT_31" FONTSIZE="36" FONTFAMILY="Times New Roman" FONTSTYLE="italics"/>
		<TextStyle ID="TXT_32" FONTSIZE="40" FONTFAMILY="Times New Roman" FONTSTYLE="bold"/>
		<TextStyle ID="TXT_33" FONTSIZE="15" FONTFAMILY="Times New Roman" FONTSTYLE="bold"/>
		<ParagraphStyle ID="PAR_LEFT" ALIGN="Left"/>
		<ParagraphStyle ID="PAR_BLOCK" ALIGN="Block"/>
		<ParagraphStyle ID="PAR_CENTER" ALIGN="Center"/>
	</Styles>
	<Layout>
		<Page ID="P4" PHYSICAL_IMG_NR="4" HEIGHT="4630" WIDTH="3500" ACCURACY="98.08">
			<TopMargin ID="P4_TM00001" HPOS="0" VPOS="0" WIDTH="3500" HEIGHT="90"/>
			<LeftMargin ID="P4_LM00001" HPOS="0" VPOS="90" WIDTH="34" HEIGHT="4482"/>
			<RightMargin ID="P4_RM00001" HPOS="3481" VPOS="90" WIDTH="19" HEIGHT="4482"/>
			<BottomMargin ID="P4_BM00001" HPOS="0" VPOS="4572" WIDTH="3500" HEIGHT="57"/>
			<PrintSpace ID="P4_PS00001" HPOS="34" VPOS="90" WIDTH="3447" HEIGHT="4482">
				<TextBlock ID="P4_TB00001" HPOS="76" VPOS="229" WIDTH="506" HEIGHT="30" STYLEREFS="TXT_0 PAR_LEFT">
					<TextLine ID="P4_TL00001" HPOS="76" VPOS="230" WIDTH="462" HEIGHT="29">
						<String ID="P4_ST00001" HPOS="76" VPOS="238" WIDTH="69" HEIGHT="21" CONTENT="THE" WC="1.00" CC="000"/>
						<SP ID="P4_SP00001" HPOS="145" VPOS="259" WIDTH="19"/>
						<String ID="P4_ST00002" HPOS="164" VPOS="233" WIDTH="135" HEIGHT="26" CONTENT="WIZARD" WC="0.93" CC="202010"/>
						<SP ID="P4_SP00002" HPOS="299" VPOS="259" WIDTH="18"/>
						<String ID="P4_ST00003" HPOS="317" VPOS="232" WIDTH="43" HEIGHT="24" CONTENT="OF" WC="1.00" CC="00"/>
						<SP ID="P4_SP00003" HPOS="360" VPOS="259" WIDTH="16"/>
						<String ID="P4_ST00004" HPOS="376" VPOS="230" WIDTH="162" HEIGHT="26" CONTENT="FINANCE." WC="0.95" CC="10102101"/>
					</TextLine>
				</TextBlock>
				<TextBlock ID="P4_TB00002" HPOS="34" VPOS="287" WIDTH="548" HEIGHT="1063" STYLEREFS="TXT_1 PAR_LEFT">
					<TextLine ID="P4_TL00002" HPOS="69" VPOS="287" WIDTH="342" HEIGHT="26">
						<String ID="P4_ST00005" HPOS="69" VPOS="294" WIDTH="48" HEIGHT="19" CONTENT="I've" WC="0.96" CC="0110"/>
						<SP ID="P4_SP00004" HPOS="117" VPOS="313" WIDTH="14"/>
						<String ID="P4_ST00006" HPOS="131" VPOS="287" WIDTH="109" HEIGHT="23" CONTENT="travelled" WC="0.96" CC="011101001"/>
						<SP ID="P4_SP00005" HPOS="240" VPOS="313" WIDTH="14"/>
						<String ID="P4_ST00007" HPOS="254" VPOS="293" WIDTH="14" HEIGHT="13" CONTENT="a" WC="0.93" CC="1"/>
						<SP ID="P4_SP00006" HPOS="268" VPOS="313" WIDTH="12"/>
						<String ID="P4_ST00008" HPOS="280" VPOS="287" WIDTH="36" HEIGHT="19" CONTENT="bit" WC="0.96" CC="110"/>
						<SP ID="P4_SP00007" HPOS="316" VPOS="313" WIDTH="13"/>
						<String ID="P4_ST00009" HPOS="329" VPOS="287" WIDTH="82" HEIGHT="24" CONTENT="lately;" WC="0.93" CC="0110112"/>
					</TextLine>
					<TextLine ID="P4_TL00003" HPOS="97" VPOS="319" WIDTH="394" HEIGHT="28">
						<String ID="P4_ST00010" HPOS="97" VPOS="322" WIDTH="105" HEIGHT="25" CONTENT="Through" WC="0.79" CC="1100067"/>
						<SP ID="P4_SP00008" HPOS="202" VPOS="347" WIDTH="17"/>
						<String ID="P4_ST00011" HPOS="219" VPOS="319" WIDTH="105" HEIGHT="27" CONTENT="England" WC="0.95" CC="1120111"/>
						<SP ID="P4_SP00009" HPOS="324" VPOS="347" WIDTH="13"/>
						<String ID="P4_ST00012" HPOS="337" VPOS="319" WIDTH="46" HEIGHT="20" CONTENT="and" WC="0.93" CC="111"/>
						<SP ID="P4_SP00010" HPOS="383" VPOS="347" WIDTH="14"/>
						<String ID="P4_ST00013" HPOS="397" VPOS="319" WIDTH="94" HEIGHT="23" CONTENT="France," WC="0.90" CC="2201111"/>
					</TextLine>
					<TextLine ID="P4_TL00004" HPOS="67" VPOS="350" WIDTH="406" HEIGHT="29">
						<String ID="P4_ST00014" HPOS="67" VPOS="357" WIDTH="53" HEIGHT="22" CONTENT="And" WC="0.83" CC="131"/>
						<SP ID="P4_SP00011" HPOS="120" VPOS="379" WIDTH="13"/>
						<String ID="P4_ST00015" HPOS="133" VPOS="358" WIDTH="24" HEIGHT="19" CONTENT="at" WC="0.98" CC="10"/>
						<SP ID="P4_SP00012" HPOS="157" VPOS="379" WIDTH="13"/>
						<String ID="P4_ST00016" HPOS="170" VPOS="355" WIDTH="40" HEIGHT="20" CONTENT="the" WC="0.97" CC="010"/>
						<SP ID="P4_SP00013" HPOS="210" VPOS="379" WIDTH="14"/>
						<String ID="P4_ST00017" HPOS="224" VPOS="353" WIDTH="68" HEIGHT="20" CONTENT="Town" WC="0.93" CC="0121"/>
						<SP ID="P4_SP00014" HPOS="292" VPOS="379" WIDTH="15"/>
						<String ID="P4_ST00018" HPOS="307" VPOS="352" WIDTH="25" HEIGHT="20" CONTENT="of" WC="0.96" CC="01"/>
						<SP ID="P4_SP00015" HPOS="332" VPOS="379" WIDTH="14"/>
						<String ID="P4_ST00019" HPOS="346" VPOS="352" WIDTH="64" HEIGHT="20" CONTENT="View" WC="0.94" CC="2001"/>
						<SP ID="P4_SP00016" HPOS="410" VPOS="379" WIDTH="13"/>
						<String ID="P4_ST00020" HPOS="423" VPOS="350" WIDTH="50" HEIGHT="21" CONTENT="Hill" WC="0.96" CC="1010"/>
					</TextLine>
					<TextLine ID="P4_TL00005" HPOS="92" VPOS="386" WIDTH="371" HEIGHT="27">
						<String ID="P4_ST00021" HPOS="92" VPOS="392" WIDTH="49" HEIGHT="20" CONTENT="Met" WC="0.99" CC="001"/>
						<SP ID="P4_SP00017" HPOS="141" VPOS="412" WIDTH="14"/>
						<String ID="P4_ST00022" HPOS="155" VPOS="391" WIDTH="40" HEIGHT="20" CONTENT="the" WC="0.97" CC="010"/>
						<SP ID="P4_SP00018" HPOS="195" VPOS="412" WIDTH="15"/>
						<String ID="P4_ST00023" HPOS="210" VPOS="387" WIDTH="94" HEIGHT="20" CONTENT="Wizard" WC="0.84" CC="512011"/>
						<SP ID="P4_SP00019" HPOS="304" VPOS="412" WIDTH="13"/>
						<String ID="P4_ST00024" HPOS="317" VPOS="386" WIDTH="25" HEIGHT="27" CONTENT="pf" WC="0.76" CC="32"/>
						<SP ID="P4_SP00020" HPOS="342" VPOS="413" WIDTH="14"/>
						<String ID="P4_ST00025" HPOS="356" VPOS="387" WIDTH="107" HEIGHT="19" CONTENT="Finance." WC="0.97" CC="20100010"/>
					</TextLine>
					<TextLine ID="P4_TL00006" HPOS="65" VPOS="439" WIDTH="486" HEIGHT="28">
						<String ID="P4_ST00026" HPOS="65" VPOS="447" WIDTH="15" HEIGHT="20" CONTENT="I" WC="1.00" CC="0"/>
						<SP ID="P4_SP00021" HPOS="80" VPOS="467" WIDTH="15"/>
						<String ID="P4_ST00027" HPOS="95" VPOS="444" WIDTH="73" HEIGHT="22" CONTENT="did'nt" WC="0.94" CC="101101"/>
						<SP ID="P4_SP00022" HPOS="168" VPOS="467" WIDTH="13"/>
						<String ID="P4_ST00028" HPOS="181" VPOS="442" WIDTH="75" HEIGHT="21" CONTENT="stroke" WC="0.88" CC="201050"/>
						<SP ID="P4_SP00023" HPOS="256" VPOS="467" WIDTH="14"/>
						<String ID="P4_ST00029" HPOS="270" VPOS="441" WIDTH="48" HEIGHT="20" CONTENT="him" WC="0.90" CC="112"/>
						<SP ID="P4_SP00024" HPOS="318" VPOS="467" WIDTH="14"/>
						<String ID="P4_ST00030" HPOS="332" VPOS="439" WIDTH="139" HEIGHT="24" CONTENT="backwards," WC="0.84" CC="1019110112"/>
						<SP ID="P4_SP00025" HPOS="471" VPOS="467" WIDTH="76"/>
						<String ID="P4_ST00031" HPOS="547" VPOS="451" WIDTH="4" HEIGHT="10" CONTENT="/" WC="0.85" CC="2"/>
					</TextLine>
					<TextLine ID="P4_TL00007" HPOS="92" VPOS="473" WIDTH="322" HEIGHT="26">
						<String ID="P4_ST00032" HPOS="92" VPOS="479" WIDTH="36" HEIGHT="20" CONTENT="No" WC="1.00" CC="00"/>
						<SP ID="P4_SP00026" HPOS="128" VPOS="499" WIDTH="13"/>
						<String ID="P4_ST00033" HPOS="141" VPOS="476" WIDTH="71" HEIGHT="22" CONTENT="morn" WC="0.95" CC="1001"/>
						<SP ID="P4_SP00027" HPOS="212" VPOS="499" WIDTH="13"/>
						<String ID="P4_ST00034" HPOS="225" VPOS="474" WIDTH="13" HEIGHT="20" CONTENT="I" WC="1.00" CC="0"/>
						<SP ID="P4_SP00028" HPOS="238" VPOS="499" WIDTH="9"/>
						<String ID="P4_ST00035" HPOS="247" VPOS="473" WIDTH="75" HEIGHT="21" CONTENT="would" WC="0.90" CC="20211"/>
						<SP ID="P4_SP00029" HPOS="322" VPOS="499" WIDTH="14"/>
						<String ID="P4_ST00036" HPOS="336" VPOS="480" WIDTH="14" HEIGHT="13" CONTENT="a" WC="0.96" CC="1"/>
						<SP ID="P4_SP00030" HPOS="350" VPOS="499" WIDTH="13"/>
						<String ID="P4_ST00037" HPOS="363" VPOS="474" WIDTH="38" HEIGHT="20" CONTENT="cat" WC="0.97" CC="110"/>
						<String ID="P4_ST00038" HPOS="408" VPOS="482" WIDTH="6" HEIGHT="15" CONTENT=";" WC="0.96" CC="1"/>
					</TextLine>
					<TextLine ID="P4_TL00008" HPOS="66" VPOS="508" WIDTH="400" HEIGHT="28">
						<String ID="P4_ST00039" HPOS="66" VPOS="514" WIDTH="101" HEIGHT="20" CONTENT="Because" WC="0.90" CC="3000410"/>
						<SP ID="P4_SP00031" HPOS="167" VPOS="534" WIDTH="13"/>
						<String ID="P4_ST00040" HPOS="180" VPOS="510" WIDTH="51" HEIGHT="21" CONTENT="he'd" WC="0.93" CC="1021"/>
						<SP ID="P4_SP00032" HPOS="231" VPOS="534" WIDTH="12"/>
						<String ID="P4_ST00041" HPOS="243" VPOS="509" WIDTH="46" HEIGHT="27" CONTENT="spit" WC="0.93" CC="1112"/>
						<SP ID="P4_SP00033" HPOS="289" VPOS="536" WIDTH="13"/>
						<String ID="P4_ST00042" HPOS="302" VPOS="508" WIDTH="45" HEIGHT="20" CONTENT="and" WC="0.97" CC="011"/>
						<SP ID="P4_SP00034" HPOS="347" VPOS="536" WIDTH="15"/>
						<String ID="P4_ST00043" HPOS="362" VPOS="508" WIDTH="104" HEIGHT="26" CONTENT="splatter," WC="0.89" CC="701000011"/>
					</TextLine>
					<TextLine ID="P4_TL00009" HPOS="93" VPOS="543" WIDTH="286" HEIGHT="28">
						<String ID="P4_ST00044" HPOS="93" VPOS="547" WIDTH="56" HEIGHT="21" CONTENT="Like" WC="0.94" CC="0121"/>
						<SP ID="P4_SP00035" HPOS="149" VPOS="568" WIDTH="13"/>
						<String ID="P4_ST00045" HPOS="162" VPOS="553" WIDTH="15" HEIGHT="13" CONTENT="a" WC="0.93" CC="1"/>
						<SP ID="P4_SP00036" HPOS="177" VPOS="568" WIDTH="14"/>
						<String ID="P4_ST00046" HPOS="191" VPOS="544" WIDTH="125" HEIGHT="27" CONTENT="Tipperary" WC="0.94" CC="001111111"/>
						<SP ID="P4_SP00037" HPOS="316" VPOS="571" WIDTH="13"/>
						<String ID="P4_ST00047" HPOS="329" VPOS="543" WIDTH="50" HEIGHT="20" CONTENT="Pat." WC="0.93" CC="1121"/>
					</TextLine>
					<TextLine ID="P4_TL00010" HPOS="64" VPOS="597" WIDTH="428" HEIGHT="26">
						<String ID="P4_ST00048" HPOS="64" VPOS="603" WIDTH="38" HEIGHT="20" CONTENT="He" WC="0.85" CC="30"/>
						<SP ID="P4_SP00038" HPOS="102" VPOS="623" WIDTH="13"/>
						<String ID="P4_ST00049" HPOS="115" VPOS="600" WIDTH="57" HEIGHT="21" CONTENT="ived" WC="0.78" CC="1800"/>
						<SP ID="P4_SP00039" HPOS="172" VPOS="623" WIDTH="12"/>
						<String ID="P4_ST00050" HPOS="184" VPOS="600" WIDTH="24" HEIGHT="20" CONTENT="to" WC="1.00" CC="00"/>
						<SP ID="P4_SP00040" HPOS="208" VPOS="623" WIDTH="13"/>
						<String ID="P4_ST00051" HPOS="221" VPOS="599" WIDTH="29" HEIGHT="20" CONTENT="be" WC="0.96" CC="01"/>
						<SP ID="P4_SP00041" HPOS="250" VPOS="623" WIDTH="14"/>
						<String ID="P4_ST00052" HPOS="264" VPOS="597" WIDTH="134" HEIGHT="25" CONTENT="converting" WC="0.85" CC="1003101119"/>
						<SP ID="P4_SP00042" HPOS="398" VPOS="623" WIDTH="14"/>
						<String ID="P4_ST00053" HPOS="412" VPOS="597" WIDTH="63" HEIGHT="20" CONTENT="souls" WC="0.93" CC="10211"/>
						<SP ID="P4_SP00043" HPOS="475" VPOS="623" WIDTH="10"/>
						<String ID="P4_ST00054" HPOS="485" VPOS="606" WIDTH="7" HEIGHT="11" CONTENT=":" WC="0.89" CC="1"/>
					</TextLine>
					<TextLine ID="P4_TL00011" HPOS="92" VPOS="631" WIDTH="381" HEIGHT="24">
						<String ID="P4_ST00055" HPOS="92" VPOS="635" WIDTH="48" HEIGHT="19" CONTENT="But" WC="0.96" CC="111"/>
						<SP ID="P4_SP00044" HPOS="140" VPOS="654" WIDTH="13"/>
						<String ID="P4_ST00056" HPOS="153" VPOS="639" WIDTH="50" HEIGHT="14" CONTENT="now" WC="0.95" CC="101"/>
						<SP ID="P4_SP00045" HPOS="203" VPOS="654" WIDTH="14"/>
						<String ID="P4_ST00057" HPOS="217" VPOS="632" WIDTH="47" HEIGHT="20" CONTENT="he's" WC="0.95" CC="0021"/>
						<SP ID="P4_SP00046" HPOS="264" VPOS="654" WIDTH="14"/>
						<String ID="P4_ST00058" HPOS="278" VPOS="631" WIDTH="54" HEIGHT="20" CONTENT="took" WC="0.99" CC="0001"/>
						<SP ID="P4_SP00047" HPOS="332" VPOS="654" WIDTH="13"/>
						<String ID="P4_ST00059" HPOS="345" VPOS="631" WIDTH="25" HEIGHT="18" CONTENT="to" WC="0.98" CC="01"/>
						<SP ID="P4_SP00048" HPOS="370" VPOS="654" WIDTH="15"/>
						<String ID="P4_ST00060" HPOS="385" VPOS="636" WIDTH="88" HEIGHT="19" CONTENT="money," WC="0.96" CC="001011"/>
					</TextLine>
					<TextLine ID="P4_TL00012" HPOS="66" VPOS="664" WIDTH="509" HEIGHT="28">
						<String ID="P4_ST00061" HPOS="66" VPOS="668" WIDTH="53" HEIGHT="22" CONTENT="And" WC="0.94" CC="111"/>
						<SP ID="P4_SP00049" HPOS="119" VPOS="690" WIDTH="13"/>
						<String ID="P4_ST00062" HPOS="132" VPOS="668" WIDTH="39" HEIGHT="21" CONTENT="the" WC="0.95" CC="020"/>
						<SP ID="P4_SP00050" HPOS="171" VPOS="690" WIDTH="10"/>
						<String ID="P4_ST00063" HPOS="181" VPOS="673" WIDTH="48" HEIGHT="19" CONTENT="way" WC="0.90" CC="211"/>
						<SP ID="P4_SP00051" HPOS="229" VPOS="692" WIDTH="16"/>
						<String ID="P4_ST00064" HPOS="245" VPOS="665" WIDTH="30" HEIGHT="21" CONTENT="he" WC="0.94" CC="10"/>
						<SP ID="P4_SP00052" HPOS="275" VPOS="692" WIDTH="9"/>
						<String ID="P4_ST00065" HPOS="284" VPOS="665" WIDTH="93" HEIGHT="21" CONTENT="reckons" WC="0.93" CC="0001131"/>
						<SP ID="P4_SP00053" HPOS="377" VPOS="692" WIDTH="16"/>
						<String ID="P4_ST00066" HPOS="393" VPOS="664" WIDTH="35" HEIGHT="20" CONTENT="six" WC="0.84" CC="114"/>
						<SP ID="P4_SP00054" HPOS="428" VPOS="692" WIDTH="21"/>
						<String ID="P4_ST00067" HPOS="449" VPOS="670" WIDTH="41" HEIGHT="20" CONTENT="per" WC="0.97" CC="101"/>
						<SP ID="P4_SP00055" HPOS="490" VPOS="692" WIDTH="14"/>
						<String ID="P4_ST00068" HPOS="504" VPOS="665" WIDTH="71" HEIGHT="24" CONTENT="cents," WC="0.88" CC="022113"/>
					</TextLine>
					<TextLine ID="P4_TL00013" HPOS="94" VPOS="700" WIDTH="261" HEIGHT="29">
						<String ID="P4_ST00069" HPOS="94" VPOS="703" WIDTH="24" HEIGHT="21" CONTENT="Is" WC="0.94" CC="01"/>
						<SP ID="P4_SP00056" HPOS="118" VPOS="724" WIDTH="14"/>
						<String ID="P4_ST00070" HPOS="132" VPOS="702" WIDTH="71" HEIGHT="27" CONTENT="really" WC="0.97" CC="010011"/>
						<SP ID="P4_SP00057" HPOS="203" VPOS="729" WIDTH="9"/>
						<String ID="P4_ST00071" HPOS="212" VPOS="708" WIDTH="56" HEIGHT="19" CONTENT="very" WC="0.95" CC="1010"/>
						<SP ID="P4_SP00058" HPOS="268" VPOS="729" WIDTH="8"/>
						<String ID="P4_ST00072" HPOS="276" VPOS="700" WIDTH="79" HEIGHT="25" CONTENT="funny." WC="0.96" CC="110110"/>
					</TextLine>
					<TextLine ID="P4_TL00014" HPOS="66" VPOS="754" WIDTH="377" HEIGHT="31">
						<String ID="P4_ST00073" HPOS="66" VPOS="759" WIDTH="57" HEIGHT="20" CONTENT="He's" WC="0.89" CC="1031"/>
						<SP ID="P4_SP00059" HPOS="123" VPOS="779" WIDTH="9"/>
						<String ID="P4_ST00074" HPOS="132" VPOS="757" WIDTH="99" HEIGHT="28" CONTENT="dropped" WC="0.70" CC="9111811"/>
						<SP ID="P4_SP00060" HPOS="231" VPOS="785" WIDTH="12"/>
						<String ID="P4_ST00075" HPOS="243" VPOS="757" WIDTH="37" HEIGHT="19" CONTENT="his" WC="0.97" CC="011"/>
						<SP ID="P4_SP00061" HPOS="280" VPOS="785" WIDTH="12"/>
						<String ID="P4_ST00076" HPOS="292" VPOS="754" WIDTH="137" HEIGHT="27" CONTENT="theological" WC="0.81" CC="01207191100"/>
						<String ID="P4_ST00077" HPOS="438" VPOS="763" WIDTH="5" HEIGHT="11" CONTENT=":" WC="0.96" CC="1"/>
					</TextLine>
					<TextLine ID="P4_TL00015" HPOS="95" VPOS="789" WIDTH="376" HEIGHT="24">
						<String ID="P4_ST00078" HPOS="95" VPOS="793" WIDTH="51" HEIGHT="20" CONTENT="And" WC="0.91" CC="111"/>
						<SP ID="P4_SP00062" HPOS="146" VPOS="813" WIDTH="14"/>
						<String ID="P4_ST00079" HPOS="160" VPOS="799" WIDTH="49" HEIGHT="14" CONTENT="now" WC="0.95" CC="101"/>
						<SP ID="P4_SP00063" HPOS="209" VPOS="813" WIDTH="16"/>
						<String ID="P4_ST00080" HPOS="225" VPOS="791" WIDTH="46" HEIGHT="20" CONTENT="he's" WC="0.94" CC="1111"/>
						<SP ID="P4_SP00064" HPOS="271" VPOS="813" WIDTH="15"/>
						<String ID="P4_ST00081" HPOS="286" VPOS="789" WIDTH="53" HEIGHT="20" CONTENT="took" WC="0.96" CC="1011"/>
						<SP ID="P4_SP00065" HPOS="339" VPOS="813" WIDTH="14"/>
						<String ID="P4_ST00082" HPOS="353" VPOS="789" WIDTH="25" HEIGHT="20" CONTENT="to" WC="0.96" CC="10"/>
						<SP ID="P4_SP00066" HPOS="378" VPOS="813" WIDTH="13"/>
						<String ID="P4_ST00083" HPOS="391" VPOS="789" WIDTH="65" HEIGHT="20" CONTENT="brass" WC="0.93" CC="10112"/>
						<SP ID="P4_SP00067" HPOS="456" VPOS="813" WIDTH="9"/>
						<String ID="P4_ST00084" HPOS="465" VPOS="797" WIDTH="6" HEIGHT="14" CONTENT=";" WC="0.93" CC="1"/>
					</TextLine>
					<TextLine ID="P4_TL00016" HPOS="67" VPOS="821" WIDTH="455" HEIGHT="26">
						<String ID="P4_ST00085" HPOS="67" VPOS="825" WIDTH="55" HEIGHT="22" CONTENT="He's" WC="0.94" CC="1021"/>
						<SP ID="P4_SP00068" HPOS="122" VPOS="847" WIDTH="13"/>
						<String ID="P4_ST00086" HPOS="135" VPOS="824" WIDTH="77" HEIGHT="22" CONTENT="ratted" WC="0.90" CC="121040"/>
						<SP ID="P4_SP00069" HPOS="212" VPOS="847" WIDTH="12"/>
						<String ID="P4_ST00087" HPOS="224" VPOS="823" WIDTH="59" HEIGHT="20" CONTENT="from" WC="0.97" CC="0001"/>
						<SP ID="P4_SP00070" HPOS="283" VPOS="847" WIDTH="9"/>
						<String ID="P4_ST00088" HPOS="292" VPOS="821" WIDTH="40" HEIGHT="21" CONTENT="the" WC="0.64" CC="911"/>
						<SP ID="P4_SP00071" HPOS="332" VPOS="847" WIDTH="18"/>
						<String ID="P4_ST00089" HPOS="350" VPOS="821" WIDTH="92" HEIGHT="21" CONTENT="Liberal" WC="0.96" CC="1010101"/>
						<SP ID="P4_SP00072" HPOS="442" VPOS="847" WIDTH="14"/>
						<String ID="P4_ST00090" HPOS="456" VPOS="821" WIDTH="66" HEIGHT="25" CONTENT="Ho«ss," WC="0.81" CC="115312"/>
					</TextLine>
					<TextLine ID="P4_TL00017" HPOS="96" VPOS="854" WIDTH="353" HEIGHT="25">
						<String ID="P4_ST00091" HPOS="96" VPOS="858" WIDTH="53" HEIGHT="21" CONTENT="And" WC="0.93" CC="111"/>
						<SP ID="P4_SP00073" HPOS="149" VPOS="879" WIDTH="13"/>
						<String ID="P4_ST00092" HPOS="162" VPOS="856" WIDTH="57" HEIGHT="22" CONTENT="rides" WC="0.95" CC="00012"/>
						<SP ID="P4_SP00074" HPOS="219" VPOS="879" WIDTH="19"/>
						<String ID="P4_ST00093" HPOS="238" VPOS="863" WIDTH="14" HEIGHT="13" CONTENT="a" WC="0.96" CC="1"/>
						<SP ID="P4_SP00075" HPOS="252" VPOS="879" WIDTH="13"/>
						<String ID="P4_ST00094" HPOS="265" VPOS="854" WIDTH="109" HEIGHT="21" CONTENT="National" WC="0.99" CC="11000100"/>
						<SP ID="P4_SP00076" HPOS="374" VPOS="879" WIDTH="25"/>
						<String ID="P4_ST00095" HPOS="399" VPOS="854" WIDTH="50" HEIGHT="20" CONTENT="Ass." WC="0.94" CC="1111"/>
					</TextLine>
					<TextLine ID="P4_TL00018" HPOS="69" VPOS="908" WIDTH="338" HEIGHT="28">
						<String ID="P4_ST00096" HPOS="69" VPOS="913" WIDTH="44" HEIGHT="23" CONTENT="Oh," WC="0.93" CC="121"/>
						<SP ID="P4_SP00077" HPOS="113" VPOS="936" WIDTH="30"/>
						<String ID="P4_ST00097" HPOS="143" VPOS="912" WIDTH="19" HEIGHT="21" CONTENT="'f" WC="0.91" CC="11"/>
						<SP ID="P4_SP00078" HPOS="162" VPOS="936" WIDTH="8"/>
						<String ID="P4_ST00098" HPOS="170" VPOS="912" WIDTH="11" HEIGHT="20" CONTENT="I" WC="1.00" CC="0"/>
						<SP ID="P4_SP00079" HPOS="181" VPOS="936" WIDTH="14"/>
						<String ID="P4_ST00099" HPOS="195" VPOS="917" WIDTH="45" HEIGHT="14" CONTENT="was" WC="0.79" CC="114"/>
						<SP ID="P4_SP00080" HPOS="240" VPOS="936" WIDTH="13"/>
						<String ID="P4_ST00100" HPOS="253" VPOS="910" WIDTH="36" HEIGHT="20" CONTENT="his" WC="0.94" CC="101"/>
						<SP ID="P4_SP00081" HPOS="289" VPOS="936" WIDTH="13"/>
						<String ID="P4_ST00101" HPOS="302" VPOS="908" WIDTH="105" HEIGHT="25" CONTENT="creditor," WC="0.95" CC="102100101"/>
					</TextLine>
					<TextLine ID="P4_TL00019" HPOS="97" VPOS="941" WIDTH="313" HEIGHT="25">
						<String ID="P4_ST00102" HPOS="97" VPOS="945" WIDTH="35" HEIGHT="21" CONTENT="I'd" WC="0.95" CC="011"/>
						<SP ID="P4_SP00082" HPOS="132" VPOS="966" WIDTH="18"/>
						<String ID="P4_ST00103" HPOS="150" VPOS="944" WIDTH="43" HEIGHT="21" CONTENT="roll" WC="0.98" CC="1010"/>
						<SP ID="P4_SP00083" HPOS="193" VPOS="966" WIDTH="17"/>
						<String ID="P4_ST00104" HPOS="210" VPOS="943" WIDTH="40" HEIGHT="21" CONTENT="the" WC="0.95" CC="011"/>
						<SP ID="P4_SP00084" HPOS="250" VPOS="966" WIDTH="25"/>
						<String ID="P4_ST00105" HPOS="275" VPOS="941" WIDTH="83" HEIGHT="21" CONTENT="dollars" WC="0.98" CC="0001011"/>
						<SP ID="P4_SP00085" HPOS="358" VPOS="966" WIDTH="14"/>
						<String ID="P4_ST00106" HPOS="372" VPOS="942" WIDTH="38" HEIGHT="20" CONTENT="m:" WC="0.93" CC="20"/>
					</TextLine>
					<TextLine ID="P4_TL00020" HPOS="34" VPOS="974" WIDTH="458" HEIGHT="27">
						<String ID="P4_ST00107" HPOS="34" VPOS="980" WIDTH="23" HEIGHT="21" CONTENT="*d" WC="0.74" CC="51"/>
						<SP ID="P4_SP00086" HPOS="57" VPOS="1001" WIDTH="9"/>
						<String ID="P4_ST00108" HPOS="66" VPOS="980" WIDTH="21" HEIGHT="20" CONTENT="l3" WC="0.61" CC="17"/>
						<String ID="P4_ST00109" HPOS="91" VPOS="980" WIDTH="8" HEIGHT="8" CONTENT="L" WC="0.89" CC="1"/>
						<String ID="P4_ST00110" HPOS="96" VPOS="992" WIDTH="3" HEIGHT="5" CONTENT="." WC="0.85" CC="2"/>
						<SP ID="P4_SP00087" HPOS="99" VPOS="1001" WIDTH="12"/>
						<String ID="P4_ST00111" HPOS="111" VPOS="980" WIDTH="19" HEIGHT="19" CONTENT="'v" WC="0.78" CC="14" STYLEREFS="TXT_2"/>
						<SP ID="P4_SP00088" HPOS="130" VPOS="1001" WIDTH="12"/>
						<String ID="P4_ST00112" HPOS="142" VPOS="985" WIDTH="23" HEIGHT="14" CONTENT='"n' WC="0.76" CC="32"/>
						<SP ID="P4_SP00089" HPOS="165" VPOS="1001" WIDTH="21"/>
						<String ID="P4_ST00113" HPOS="186" VPOS="983" WIDTH="10" HEIGHT="7" CONTENT="n" WC="0.56" CC="4" STYLEREFS="TXT_2"/>
						<String ID="P4_ST00114" HPOS="193" VPOS="976" WIDTH="59" HEIGHT="20" CONTENT=".\&gt;\'~&gt;" WC="0.74" CC="1536113" STYLEREFS="TXT_2"/>
						<SP ID="P4_SP00090" HPOS="252" VPOS="1001" WIDTH="19"/>
						<String ID="P4_ST00115" HPOS="271" VPOS="975" WIDTH="38" HEIGHT="20" CONTENT="Hh" WC="0.52" CC="64"/>
						<SP ID="P4_SP00091" HPOS="309" VPOS="1001" WIDTH="44"/>
						<String ID="P4_ST00116" HPOS="353" VPOS="974" WIDTH="78" HEIGHT="27" CONTENT="stupid" WC="0.96" CC="101011"/>
						<SP ID="P4_SP00092" HPOS="431" VPOS="1001" WIDTH="12"/>
						<String ID="P4_ST00117" HPOS="443" VPOS="974" WIDTH="49" HEIGHT="25" CONTENT="self," WC="0.80" CC="11414"/>
					</TextLine>
					<TextLine ID="P4_TL00021" HPOS="95" VPOS="1002" WIDTH="291" HEIGHT="24">
						<String ID="P4_ST00118" HPOS="95" VPOS="1006" WIDTH="53" HEIGHT="20" CONTENT="And" WC="0.97" CC="100"/>
						<SP ID="P4_SP00093" HPOS="148" VPOS="1026" WIDTH="13"/>
						<String ID="P4_ST00119" HPOS="161" VPOS="1004" WIDTH="82" HEIGHT="21" CONTENT="reckon" WC="0.96" CC="110101"/>
						<SP ID="P4_SP00094" HPOS="243" VPOS="1026" WIDTH="15"/>
						<String ID="P4_ST00120" HPOS="258" VPOS="1003" WIDTH="21" HEIGHT="20" CONTENT="it" WC="0.98" CC="10"/>
						<SP ID="P4_SP00095" HPOS="279" VPOS="1026" WIDTH="17"/>
						<String ID="P4_ST00121" HPOS="296" VPOS="1008" WIDTH="30" HEIGHT="15" CONTENT="no" WC="0.93" CC="20"/>
						<SP ID="P4_SP00096" HPOS="326" VPOS="1026" WIDTH="18"/>
						<String ID="P4_ST00122" HPOS="344" VPOS="1002" WIDTH="42" HEIGHT="21" CONTENT="sin." WC="0.95" CC="1010"/>
					</TextLine>
					<TextLine ID="P4_TL00022" HPOS="69" VPOS="1056" WIDTH="399" HEIGHT="26">
						<String ID="P4_ST00123" HPOS="69" VPOS="1059" WIDTH="70" HEIGHT="21" CONTENT="Don't" WC="0.95" CC="10121"/>
						<SP ID="P4_SP00097" HPOS="139" VPOS="1080" WIDTH="7"/>
						<String ID="P4_ST00124" HPOS="146" VPOS="1056" WIDTH="73" HEIGHT="23" CONTENT='think"' WC="0.93" CC="021012"/>
						<SP ID="P4_SP00098" HPOS="219" VPOS="1080" WIDTH="3"/>
						<String ID="P4_ST00125" HPOS="222" VPOS="1056" WIDTH="20" HEIGHT="21" CONTENT="it" WC="0.98" CC="10"/>
						<SP ID="P4_SP00099" HPOS="242" VPOS="1080" WIDTH="14"/>
						<String ID="P4_ST00126" HPOS="256" VPOS="1056" WIDTH="89" HEIGHT="26" CONTENT="worthy" WC="0.95" CC="200011"/>
						<SP ID="P4_SP00100" HPOS="345" VPOS="1082" WIDTH="13"/>
						<String ID="P4_ST00127" HPOS="358" VPOS="1056" WIDTH="26" HEIGHT="21" CONTENT="of" WC="0.93" CC="02"/>
						<SP ID="P4_SP00101" HPOS="384" VPOS="1082" WIDTH="7"/>
						<String ID="P4_ST00128" HPOS="391" VPOS="1056" WIDTH="77" HEIGHT="26" CONTENT="reply:" WC="0.97" CC="001011"/>
					</TextLine>
					<TextLine ID="P4_TL00023" HPOS="95" VPOS="1088" WIDTH="461" HEIGHT="32">
						<String ID="P4_ST00129" HPOS="95" VPOS="1092" WIDTH="13" HEIGHT="19" CONTENT="I" WC="1.00" CC="0"/>
						<SP ID="P4_SP00102" HPOS="108" VPOS="1111" WIDTH="15"/>
						<String ID="P4_ST00130" HPOS="123" VPOS="1091" WIDTH="52" HEIGHT="25" CONTENT="only" WC="0.96" CC="0110"/>
						<SP ID="P4_SP00103" HPOS="175" VPOS="1116" WIDTH="18"/>
						<String ID="P4_ST00131" HPOS="193" VPOS="1090" WIDTH="60" HEIGHT="20" CONTENT="want" WC="0.93" CC="1111"/>
						<SP ID="P4_SP00104" HPOS="253" VPOS="1116" WIDTH="16"/>
						<String ID="P4_ST00132" HPOS="269" VPOS="1095" WIDTH="60" HEIGHT="15" CONTENT="some" WC="0.98" CC="1001"/>
						<SP ID="P4_SP00105" HPOS="329" VPOS="1116" WIDTH="18"/>
						<String ID="P4_ST00133" HPOS="347" VPOS="1088" WIDTH="41" HEIGHT="21" CONTENT="fun" WC="0.95" CC="111"/>
						<SP ID="P4_SP00106" HPOS="388" VPOS="1116" WIDTH="158"/>
						<String ID="P4_ST00134" HPOS="546" VPOS="1108" WIDTH="10" HEIGHT="12" CONTENT="v" STYLE="subscript" WC="0.81" CC="2"/>
					</TextLine>
					<TextLine ID="P4_TL00024" HPOS="71" VPOS="1118" WIDTH="451" HEIGHT="32">
						<String ID="P4_ST00135" HPOS="71" VPOS="1123" WIDTH="51" HEIGHT="22" CONTENT="And" WC="0.96" CC="110"/>
						<SP ID="P4_SP00107" HPOS="122" VPOS="1145" WIDTH="8"/>
						<String ID="P4_ST00136" HPOS="130" VPOS="1123" WIDTH="19" HEIGHT="21" CONTENT="if" WC="0.89" CC="21"/>
						<SP ID="P4_SP00108" HPOS="149" VPOS="1145" WIDTH="18"/>
						<String ID="P4_ST00137" HPOS="167" VPOS="1129" WIDTH="44" HEIGHT="21" CONTENT="you" WC="0.97" CC="101"/>
						<SP ID="P4_SP00109" HPOS="211" VPOS="1150" WIDTH="9"/>
						<String ID="P4_ST00138" HPOS="220" VPOS="1122" WIDTH="62" HEIGHT="21" CONTENT="treat" WC="0.97" CC="01001"/>
						<SP ID="P4_SP00110" HPOS="282" VPOS="1150" WIDTH="8"/>
						<String ID="P4_ST00139" HPOS="290" VPOS="1128" WIDTH="37" HEIGHT="15" CONTENT="me" WC="1.00" CC="00"/>
						<SP ID="P4_SP00111" HPOS="327" VPOS="1150" WIDTH="16"/>
						<String ID="P4_ST00140" HPOS="343" VPOS="1118" WIDTH="57" HEIGHT="25" CONTENT="with*" WC="0.67" CC="20149"/>
						<SP ID="P4_SP00112" HPOS="400" VPOS="1150" WIDTH="9"/>
						<String ID="P4_ST00141" HPOS="409" VPOS="1121" WIDTH="113" HEIGHT="27" CONTENT="contempt" WC="0.95" CC="01110102"/>
					</TextLine>
					<TextLine ID="P4_TL00025" HPOS="96" VPOS="1154" WIDTH="471" HEIGHT="24">
						<String ID="P4_ST00142" HPOS="96" VPOS="1158" WIDTH="13" HEIGHT="20" CONTENT="I" WC="1.00" CC="0"/>
						<SP ID="P4_SP00113" HPOS="109" VPOS="1178" WIDTH="18"/>
						<String ID="P4_ST00143" HPOS="127" VPOS="1157" WIDTH="45" HEIGHT="20" CONTENT="will" WC="0.97" CC="1001"/>
						<SP ID="P4_SP00114" HPOS="172" VPOS="1178" WIDTH="23"/>
						<String ID="P4_ST00144" HPOS="195" VPOS="1157" WIDTH="39" HEIGHT="19" CONTENT="not" WC="0.93" CC="002"/>
						<SP ID="P4_SP00115" HPOS="234" VPOS="1178" WIDTH="18"/>
						<String ID="P4_ST00145" HPOS="252" VPOS="1162" WIDTH="52" HEIGHT="14" CONTENT="care" WC="0.97" CC="1010"/>
						<SP ID="P4_SP00116" HPOS="304" VPOS="1178" WIDTH="25"/>
						<String ID="P4_ST00146" HPOS="329" VPOS="1161" WIDTH="14" HEIGHT="14" CONTENT="a" WC="0.93" CC="1"/>
						<SP ID="P4_SP00117" HPOS="343" VPOS="1178" WIDTH="18"/>
						<String ID="P4_ST00147" HPOS="361" VPOS="1155" WIDTH="55" HEIGHT="21" CONTENT="bun." WC="0.96" CC="1111"/>
						<SP ID="P4_SP00118" HPOS="416" VPOS="1178" WIDTH="137"/>
						<String ID="P4_ST00148" HPOS="553" VPOS="1154" WIDTH="14" HEIGHT="16" CONTENT="*•" WC="0.74" CC="33"/>
					</TextLine>
					<TextLine ID="P4_TL00026" HPOS="68" VPOS="1209" WIDTH="454" HEIGHT="26">
						<String ID="P4_ST00149" HPOS="68" VPOS="1211" WIDTH="76" HEIGHT="21" CONTENT="Tou'll" WC="0.93" CC="201101"/>
						<SP ID="P4_SP00119" HPOS="144" VPOS="1232" WIDTH="18"/>
						<String ID="P4_ST00150" HPOS="162" VPOS="1216" WIDTH="40" HEIGHT="19" CONTENT="say" WC="0.97" CC="101"/>
						<SP ID="P4_SP00120" HPOS="202" VPOS="1235" WIDTH="22"/>
						<String ID="P4_ST00151" HPOS="224" VPOS="1211" WIDTH="65" HEIGHT="19" CONTENT="these" WC="0.93" CC="01120"/>
						<SP ID="P4_SP00121" HPOS="289" VPOS="1235" WIDTH="17"/>
						<String ID="P4_ST00152" HPOS="306" VPOS="1210" WIDTH="58" HEIGHT="19" CONTENT="lines" WC="0.93" CC="01101"/>
						<SP ID="P4_SP00122" HPOS="364" VPOS="1235" WIDTH="18"/>
						<String ID="P4_ST00153" HPOS="382" VPOS="1215" WIDTH="38" HEIGHT="14" CONTENT="are" WC="0.91" CC="121"/>
						<SP ID="P4_SP00123" HPOS="420" VPOS="1235" WIDTH="18"/>
						<String ID="P4_ST00154" HPOS="438" VPOS="1209" WIDTH="84" HEIGHT="25" CONTENT="stupid," WC="0.93" CC="1110112"/>
					</TextLine>
					<TextLine ID="P4_TL00027" HPOS="99" VPOS="1241" WIDTH="312" HEIGHT="25">
						<String ID="P4_ST00155" HPOS="99" VPOS="1242" WIDTH="51" HEIGHT="21" CONTENT="And" WC="0.97" CC="110"/>
						<SP ID="P4_SP00124" HPOS="150" VPOS="1263" WIDTH="18"/>
						<String ID="P4_ST00156" HPOS="168" VPOS="1241" WIDTH="83" HEIGHT="21" CONTENT="foolish" WC="0.95" CC="0110012"/>
						<SP ID="P4_SP00125" HPOS="251" VPOS="1263" WIDTH="23"/>
						<String ID="P4_ST00157" HPOS="274" VPOS="1241" WIDTH="12" HEIGHT="21" CONTENT="I" WC="1.00" CC="0"/>
						<SP ID="P4_SP00126" HPOS="286" VPOS="1263" WIDTH="15"/>
						<String ID="P4_ST00158" HPOS="301" VPOS="1241" WIDTH="94" HEIGHT="25" CONTENT="daresay" WC="0.95" CC="1011101"/>
						<SP ID="P4_SP00127" HPOS="395" VPOS="1266" WIDTH="10"/>
						<String ID="P4_ST00159" HPOS="405" VPOS="1249" WIDTH="6" HEIGHT="15" CONTENT=";" WC="0.89" CC="1"/>
					</TextLine>
					<TextLine ID="P4_TL00028" HPOS="73" VPOS="1270" WIDTH="475" HEIGHT="30">
						<String ID="P4_ST00160" HPOS="73" VPOS="1276" WIDTH="45" HEIGHT="19" CONTENT="But" WC="0.90" CC="111"/>
						<SP ID="P4_SP00128" HPOS="118" VPOS="1295" WIDTH="9"/>
						<String ID="P4_ST00161" HPOS="127" VPOS="1274" WIDTH="48" HEIGHT="21" CONTENT="still" WC="0.92" CC="12111"/>
						<SP ID="P4_SP00129" HPOS="175" VPOS="1295" WIDTH="16"/>
						<String ID="P4_ST00162" HPOS="191" VPOS="1279" WIDTH="45" HEIGHT="21" CONTENT="you" WC="0.90" CC="121"/>
						<SP ID="P4_SP00130" HPOS="236" VPOS="1300" WIDTH="18"/>
						<String ID="P4_ST00163" HPOS="254" VPOS="1272" WIDTH="61" HEIGHT="21" CONTENT="can't" WC="0.87" CC="01034"/>
						<SP ID="P4_SP00131" HPOS="315" VPOS="1300" WIDTH="18"/>
						<String ID="P4_ST00164" HPOS="333" VPOS="1272" WIDTH="80" HEIGHT="27" CONTENT="expect" WC="0.72" CC="131282"/>
						<SP ID="P4_SP00132" HPOS="413" VPOS="1300" WIDTH="11"/>
						<String ID="P4_ST00165" HPOS="424" VPOS="1270" WIDTH="67" HEIGHT="22" CONTENT="much" WC="0.92" CC="1111"/>
						<SP ID="P4_SP00133" HPOS="491" VPOS="1300" WIDTH="11"/>
						<String ID="P4_ST00166" HPOS="502" VPOS="1271" WIDTH="46" HEIGHT="20" CONTENT="else" WC="0.94" CC="1012"/>
					</TextLine>
					<TextLine ID="P4_TL00029" HPOS="99" VPOS="1305" WIDTH="341" HEIGHT="29">
						<String ID="P4_ST00167" HPOS="99" VPOS="1308" WIDTH="67" HEIGHT="21" CONTENT="From" WC="0.95" CC="1001"/>
						<SP ID="P4_SP00134" HPOS="166" VPOS="1329" WIDTH="13"/>
						<String ID="P4_ST00168" HPOS="179" VPOS="1313" WIDTH="55" HEIGHT="21" CONTENT="poor" WC="0.85" CC="1051"/>
						<SP ID="P4_SP00135" HPOS="234" VPOS="1334" WIDTH="18"/>
						<String ID="P4_ST00169" HPOS="252" VPOS="1306" WIDTH="38" HEIGHT="21" CONTENT="old" WC="1.00" CC="000"/>
						<SP ID="P4_SP00136" HPOS="290" VPOS="1334" WIDTH="18"/>
						<String ID="P4_ST00170" HPOS="308" VPOS="1305" WIDTH="62" HEIGHT="27" CONTENT="Billy" WC="0.93" CC="21011"/>
						<SP ID="P4_SP00137" HPOS="370" VPOS="1334" WIDTH="13"/>
						<String ID="P4_ST00171" HPOS="383" VPOS="1305" WIDTH="57" HEIGHT="26" CONTENT="Day." WC="0.94" CC="2110"/>
					</TextLine>
				</TextBlock>
				<TextBlock ID="P4_TB00003" HPOS="45" VPOS="1356" WIDTH="537" HEIGHT="3216" STYLEREFS="TXT_0 PAR_BLOCK">
					<TextLine ID="P4_TL00030" HPOS="112" VPOS="1374" WIDTH="398" HEIGHT="19">
						<String ID="P4_ST00172" HPOS="112" VPOS="1378" WIDTH="15" HEIGHT="15" CONTENT="A" WC="0.85" CC="2" STYLEREFS="TXT_3"/>
						<SP ID="P4_SP00138" HPOS="127" VPOS="1393" WIDTH="11"/>
						<String ID="P4_ST00173" HPOS="138" VPOS="1376" WIDTH="77" HEIGHT="17" CONTENT="REPLY" WC="0.69" CC="44341" STYLEREFS="TXT_3"/>
						<SP ID="P4_SP00139" HPOS="215" VPOS="1393" WIDTH="13"/>
						<String ID="P4_ST00174" HPOS="228" VPOS="1376" WIDTH="29" HEIGHT="16" CONTENT="TO" WC="1.00" CC="00" STYLEREFS="TXT_3"/>
						<SP ID="P4_SP00140" HPOS="257" VPOS="1393" WIDTH="20"/>
						<String ID="P4_ST00175" HPOS="277" VPOS="1374" WIDTH="99" HEIGHT="17" CONTENT="CAPTAIN" WC="0.89" CC="0131112" STYLEREFS="TXT_3"/>
						<SP ID="P4_SP00141" HPOS="376" VPOS="1393" WIDTH="20"/>
						<String ID="P4_ST00176" HPOS="396" VPOS="1374" WIDTH="114" HEIGHT="16" CONTENT="RUSSELL." WC="0.86" CC="21211240" STYLEREFS="TXT_3"/>
					</TextLine>
					<TextLine ID="P4_TL00031" HPOS="79" VPOS="1404" WIDTH="495" HEIGHT="29">
						<String ID="P4_ST00177" HPOS="79" VPOS="1408" WIDTH="40" HEIGHT="25" CONTENT="He" WC="0.94" CC="11"/>
						<SP ID="P4_SP00142" HPOS="119" VPOS="1433" WIDTH="12"/>
						<String ID="P4_ST00178" HPOS="131" VPOS="1407" WIDTH="73" HEIGHT="24" CONTENT="asked" WC="0.83" CC="43101"/>
						<SP ID="P4_SP00143" HPOS="204" VPOS="1433" WIDTH="19"/>
						<String ID="P4_ST00179" HPOS="223" VPOS="1414" WIDTH="50" HEIGHT="16" CONTENT="was" WC="0.93" CC="201"/>
						<SP ID="P4_SP00144" HPOS="273" VPOS="1433" WIDTH="19"/>
						<String ID="P4_ST00180" HPOS="292" VPOS="1405" WIDTH="20" HEIGHT="25" CONTENT="it" WC="0.93" CC="11"/>
						<SP ID="P4_SP00145" HPOS="312" VPOS="1433" WIDTH="20"/>
						<String ID="P4_ST00181" HPOS="332" VPOS="1405" WIDTH="103" HEIGHT="25" CONTENT="because" WC="0.90" CC="0111213"/>
						<SP ID="P4_SP00146" HPOS="435" VPOS="1433" WIDTH="21"/>
						<String ID="P4_ST00182" HPOS="456" VPOS="1404" WIDTH="42" HEIGHT="24" CONTENT="the" WC="0.80" CC="132"/>
						<SP ID="P4_SP00147" HPOS="498" VPOS="1433" WIDTH="13"/>
						<String ID="P4_ST00183" HPOS="511" VPOS="1404" WIDTH="63" HEIGHT="24" CONTENT="Gov" SUBS_TYPE="HypPart1" SUBS_CONTENT="Government" WC="0.96" CC="1010"/>
						<HYP CONTENT="-"/>
					</TextLine>
					<TextLine ID="P4_TL00032" HPOS="46" VPOS="1442" WIDTH="530" HEIGHT="32">
						<String ID="P4_ST00184" HPOS="46" VPOS="1448" WIDTH="114" HEIGHT="24" CONTENT="ernment" SUBS_TYPE="HypPart2" SUBS_CONTENT="Government" WC="0.88" CC="1122021"/>
						<SP ID="P4_SP00148" HPOS="160" VPOS="1472" WIDTH="11"/>
						<String ID="P4_ST00185" HPOS="171" VPOS="1445" WIDTH="49" HEIGHT="25" CONTENT="had" WC="0.84" CC="122"/>
						<SP ID="P4_SP00149" HPOS="220" VPOS="1472" WIDTH="11"/>
						<String ID="P4_ST00186" HPOS="231" VPOS="1444" WIDTH="146" HEIGHT="30" CONTENT="completely" WC="0.94" CC="0011201121"/>
						<SP ID="P4_SP00150" HPOS="377" VPOS="1474" WIDTH="11"/>
						<String ID="P4_ST00187" HPOS="388" VPOS="1442" WIDTH="188" HEIGHT="26" CONTENT="revolutionised" WC="0.94" CC="00101112011121"/>
					</TextLine>
					<TextLine ID="P4_TL00033" HPOS="45" VPOS="1480" WIDTH="531" HEIGHT="30">
						<String ID="P4_ST00188" HPOS="45" VPOS="1486" WIDTH="42" HEIGHT="24" CONTENT="the" WC="0.99" CC="001"/>
						<SP ID="P4_SP00151" HPOS="87" VPOS="1510" WIDTH="12"/>
						<String ID="P4_ST00189" HPOS="99" VPOS="1483" WIDTH="126" HEIGHT="25" CONTENT="incidence" WC="0.93" CC="130111101"/>
						<SP ID="P4_SP00152" HPOS="225" VPOS="1510" WIDTH="20"/>
						<String ID="P4_ST00190" HPOS="245" VPOS="1482" WIDTH="27" HEIGHT="25" CONTENT="of" WC="0.85" CC="03"/>
						<SP ID="P4_SP00153" HPOS="272" VPOS="1510" WIDTH="16"/>
						<String ID="P4_ST00191" HPOS="288" VPOS="1482" WIDTH="111" HEIGHT="26" CONTENT="taxation" WC="0.90" CC="21211101"/>
						<SP ID="P4_SP00154" HPOS="399" VPOS="1510" WIDTH="20"/>
						<String ID="P4_ST00192" HPOS="419" VPOS="1480" WIDTH="49" HEIGHT="25" CONTENT="and" WC="0.97" CC="001"/>
						<SP ID="P4_SP00155" HPOS="468" VPOS="1510" WIDTH="12"/>
						<String ID="P4_ST00193" HPOS="480" VPOS="1480" WIDTH="96" HEIGHT="25" CONTENT="thrown" WC="0.83" CC="021071"/>
					</TextLine>
					<TextLine ID="P4_TL00034" HPOS="45" VPOS="1518" WIDTH="531" HEIGHT="30">
						<String ID="P4_ST00194" HPOS="45" VPOS="1524" WIDTH="45" HEIGHT="24" CONTENT="the" WC="0.95" CC="111"/>
						<SP ID="P4_SP00156" HPOS="90" VPOS="1548" WIDTH="13"/>
						<String ID="P4_ST00195" HPOS="103" VPOS="1522" WIDTH="90" HEIGHT="25" CONTENT="burden" WC="0.90" CC="221201"/>
						<SP ID="P4_SP00157" HPOS="193" VPOS="1548" WIDTH="19"/>
						<String ID="P4_ST00196" HPOS="212" VPOS="1520" WIDTH="27" HEIGHT="25" CONTENT="of" WC="0.91" CC="11"/>
						<SP ID="P4_SP00158" HPOS="239" VPOS="1548" WIDTH="17"/>
						<String ID="P4_ST00197" HPOS="256" VPOS="1519" WIDTH="111" HEIGHT="25" CONTENT="taxation" WC="0.94" CC="10212001"/>
						<SP ID="P4_SP00159" HPOS="367" VPOS="1548" WIDTH="20"/>
						<String ID="P4_ST00198" HPOS="387" VPOS="1527" WIDTH="33" HEIGHT="17" CONTENT="on" WC="0.94" CC="01" STYLEREFS="TXT_4"/>
						<SP ID="P4_SP00160" HPOS="420" VPOS="1548" WIDTH="20"/>
						<String ID="P4_ST00199" HPOS="440" VPOS="1518" WIDTH="72" HEIGHT="25" CONTENT="those" WC="0.93" CC="12011"/>
						<SP ID="P4_SP00161" HPOS="512" VPOS="1548" WIDTH="11"/>
						<String ID="P4_ST00200" HPOS="523" VPOS="1518" WIDTH="53" HEIGHT="24" CONTENT="best" WC="0.85" CC="0151"/>
					</TextLine>
					<TextLine ID="P4_TL00035" HPOS="47" VPOS="1557" WIDTH="533" HEIGHT="31">
						<String ID="P4_ST00201" HPOS="47" VPOS="1562" WIDTH="54" HEIGHT="26" CONTENT="able" WC="0.93" CC="2101"/>
						<SP ID="P4_SP00162" HPOS="101" VPOS="1588" WIDTH="12"/>
						<String ID="P4_ST00202" HPOS="113" VPOS="1564" WIDTH="25" HEIGHT="23" CONTENT="to" WC="1.00" CC="00"/>
						<SP ID="P4_SP00163" HPOS="138" VPOS="1588" WIDTH="12"/>
						<String ID="P4_ST00203" HPOS="150" VPOS="1561" WIDTH="57" HEIGHT="25" CONTENT="bear" WC="0.94" CC="1101"/>
						<SP ID="P4_SP00164" HPOS="207" VPOS="1588" WIDTH="11"/>
						<String ID="P4_ST00204" HPOS="218" VPOS="1560" WIDTH="19" HEIGHT="24" CONTENT="it" WC="0.91" CC="11"/>
						<SP ID="P4_SP00165" HPOS="237" VPOS="1588" WIDTH="23"/>
						<String ID="P4_ST00205" HPOS="260" VPOS="1560" WIDTH="54" HEIGHT="24" CONTENT="that" WC="0.94" CC="1111"/>
						<SP ID="P4_SP00166" HPOS="314" VPOS="1588" WIDTH="11"/>
						<String ID="P4_ST00206" HPOS="325" VPOS="1559" WIDTH="44" HEIGHT="25" CONTENT="the" WC="0.95" CC="111"/>
						<SP ID="P4_SP00167" HPOS="369" VPOS="1588" WIDTH="11"/>
						<String ID="P4_ST00207" HPOS="380" VPOS="1558" WIDTH="161" HEIGHT="26" CONTENT="self-reliance" WC="0.94" CC="1100121000210"/>
						<SP ID="P4_SP00168" HPOS="541" VPOS="1588" WIDTH="11"/>
						<String ID="P4_ST00208" HPOS="552" VPOS="1557" WIDTH="28" HEIGHT="25" CONTENT="of" WC="0.96" CC="01"/>
					</TextLine>
					<TextLine ID="P4_TL00036" HPOS="46" VPOS="1598" WIDTH="531" HEIGHT="36">
						<String ID="P4_ST00209" HPOS="46" VPOS="1604" WIDTH="45" HEIGHT="25" CONTENT="tbe" WC="0.93" CC="110"/>
						<SP ID="P4_SP00169" HPOS="91" VPOS="1629" WIDTH="11"/>
						<String ID="P4_ST00210" HPOS="102" VPOS="1602" WIDTH="86" HEIGHT="32" CONTENT="people" WC="0.94" CC="200201"/>
						<SP ID="P4_SP00170" HPOS="188" VPOS="1634" WIDTH="11"/>
						<String ID="P4_ST00211" HPOS="199" VPOS="1601" WIDTH="49" HEIGHT="24" CONTENT="had" WC="0.88" CC="131"/>
						<SP ID="P4_SP00171" HPOS="248" VPOS="1634" WIDTH="11"/>
						<String ID="P4_ST00212" HPOS="259" VPOS="1600" WIDTH="62" HEIGHT="24" CONTENT="been" WC="0.95" CC="0111"/>
						<SP ID="P4_SP00172" HPOS="321" VPOS="1634" WIDTH="8"/>
						<String ID="P4_ST00213" HPOS="329" VPOS="1599" WIDTH="171" HEIGHT="25" CONTENT="undermined." WC="0.85" CC="62112211111"/>
						<SP ID="P4_SP00173" HPOS="500" VPOS="1634" WIDTH="19"/>
						<String ID="P4_ST00214" HPOS="519" VPOS="1598" WIDTH="58" HEIGHT="24" CONTENT="Was" WC="0.83" CC="114"/>
					</TextLine>
					<TextLine ID="P4_TL00037" HPOS="46" VPOS="1637" WIDTH="530" HEIGHT="29">
						<String ID="P4_ST00215" HPOS="46" VPOS="1642" WIDTH="21" HEIGHT="24" CONTENT="It" WC="0.94" CC="01"/>
						<SP ID="P4_SP00174" HPOS="67" VPOS="1666" WIDTH="12"/>
						<String ID="P4_ST00216" HPOS="79" VPOS="1642" WIDTH="103" HEIGHT="24" CONTENT="because" WC="0.95" CC="1002111"/>
						<SP ID="P4_SP00175" HPOS="182" VPOS="1666" WIDTH="20"/>
						<String ID="P4_ST00217" HPOS="202" VPOS="1639" WIDTH="43" HEIGHT="25" CONTENT="the" WC="0.97" CC="110"/>
						<SP ID="P4_SP00176" HPOS="245" VPOS="1666" WIDTH="20"/>
						<String ID="P4_ST00218" HPOS="265" VPOS="1638" WIDTH="170" HEIGHT="25" CONTENT="Government" WC="0.96" CC="2010110001"/>
						<SP ID="P4_SP00177" HPOS="435" VPOS="1666" WIDTH="20"/>
						<String ID="P4_ST00219" HPOS="455" VPOS="1637" WIDTH="47" HEIGHT="24" CONTENT="had" WC="0.97" CC="100"/>
						<SP ID="P4_SP00178" HPOS="502" VPOS="1666" WIDTH="12"/>
						<String ID="P4_ST00220" HPOS="514" VPOS="1637" WIDTH="62" HEIGHT="24" CONTENT="done" WC="0.97" CC="1001"/>
					</TextLine>
					<TextLine ID="P4_TL00038" HPOS="46" VPOS="1674" WIDTH="530" HEIGHT="36">
						<String ID="P4_ST00221" HPOS="46" VPOS="1687" WIDTH="71" HEIGHT="23" CONTENT="away" WC="0.82" CC="4112"/>
						<SP ID="P4_SP00179" HPOS="117" VPOS="1710" WIDTH="12"/>
						<String ID="P4_ST00222" HPOS="129" VPOS="1678" WIDTH="58" HEIGHT="24" CONTENT="with" WC="0.92" CC="2111"/>
						<SP ID="P4_SP00180" HPOS="187" VPOS="1710" WIDTH="12"/>
						<String ID="P4_ST00223" HPOS="199" VPOS="1677" WIDTH="43" HEIGHT="24" CONTENT="the" WC="0.81" CC="510"/>
						<SP ID="P4_SP00181" HPOS="242" VPOS="1710" WIDTH="11"/>
						<String ID="P4_ST00224" HPOS="253" VPOS="1677" WIDTH="113" HEIGHT="31" CONTENT="property" WC="0.95" CC="01010102"/>
						<SP ID="P4_SP00182" HPOS="366" VPOS="1710" WIDTH="12"/>
						<String ID="P4_ST00225" HPOS="378" VPOS="1677" WIDTH="50" HEIGHT="28" CONTENT="tax," WC="0.90" CC="1022"/>
						<SP ID="P4_SP00183" HPOS="428" VPOS="1710" WIDTH="22"/>
						<String ID="P4_ST00226" HPOS="450" VPOS="1674" WIDTH="126" HEIGHT="25" CONTENT="establish" SUBS_TYPE="HypPart1" SUBS_CONTENT="established" WC="0.93" CC="0110211111"/>
						<HYP CONTENT="-"/>
					</TextLine>
					<TextLine ID="P4_TL00039" HPOS="47" VPOS="1714" WIDTH="531" HEIGHT="35">
						<String ID="P4_ST00227" HPOS="47" VPOS="1719" WIDTH="32" HEIGHT="25" CONTENT="ed" SUBS_TYPE="HypPart2" SUBS_CONTENT="established" WC="0.94" CC="11"/>
						<SP ID="P4_SP00184" HPOS="79" VPOS="1744" WIDTH="10"/>
						<String ID="P4_ST00228" HPOS="89" VPOS="1720" WIDTH="26" HEIGHT="23" CONTENT="m" WC="1.00" CC="0"/>
						<SP ID="P4_SP00185" HPOS="115" VPOS="1744" WIDTH="12"/>
						<String ID="P4_ST00229" HPOS="127" VPOS="1719" WIDTH="33" HEIGHT="24" CONTENT="its" WC="0.85" CC="014"/>
						<SP ID="P4_SP00186" HPOS="160" VPOS="1744" WIDTH="20"/>
						<String ID="P4_ST00230" HPOS="180" VPOS="1718" WIDTH="67" HEIGHT="31" CONTENT="place" WC="0.93" CC="10030"/>
						<SP ID="P4_SP00187" HPOS="247" VPOS="1749" WIDTH="22"/>
						<String ID="P4_ST00231" HPOS="269" VPOS="1725" WIDTH="15" HEIGHT="16" CONTENT="a" WC="0.93" CC="1"/>
						<SP ID="P4_SP00188" HPOS="284" VPOS="1749" WIDTH="20"/>
						<String ID="P4_ST00232" HPOS="304" VPOS="1717" WIDTH="91" HEIGHT="30" CONTENT="system" WC="0.93" CC="211002"/>
						<SP ID="P4_SP00189" HPOS="395" VPOS="1749" WIDTH="21"/>
						<String ID="P4_ST00233" HPOS="416" VPOS="1715" WIDTH="26" HEIGHT="25" CONTENT="of" WC="1.00" CC="00"/>
						<SP ID="P4_SP00190" HPOS="442" VPOS="1749" WIDTH="16"/>
						<String ID="P4_ST00234" HPOS="458" VPOS="1715" WIDTH="60" HEIGHT="24" CONTENT="land" WC="0.97" CC="0110"/>
						<SP ID="P4_SP00191" HPOS="518" VPOS="1749" WIDTH="11"/>
						<String ID="P4_ST00235" HPOS="529" VPOS="1714" WIDTH="49" HEIGHT="25" CONTENT="and" WC="0.73" CC="621"/>
					</TextLine>
					<TextLine ID="P4_TL00040" HPOS="47" VPOS="1751" WIDTH="534" HEIGHT="35">
						<String ID="P4_ST00236" HPOS="47" VPOS="1758" WIDTH="95" HEIGHT="24" CONTENT="income" WC="0.84" CC="021007"/>
						<SP ID="P4_SP00192" HPOS="142" VPOS="1782" WIDTH="12"/>
						<String ID="P4_ST00237" HPOS="154" VPOS="1761" WIDTH="50" HEIGHT="24" CONTENT="tax," WC="0.85" CC="1042"/>
						<SP ID="P4_SP00193" HPOS="204" VPOS="1785" WIDTH="21"/>
						<String ID="P4_ST00238" HPOS="225" VPOS="1755" WIDTH="33" HEIGHT="31" CONTENT="by" WC="0.93" CC="11"/>
						<SP ID="P4_SP00194" HPOS="258" VPOS="1786" WIDTH="19"/>
						<String ID="P4_ST00239" HPOS="277" VPOS="1754" WIDTH="79" HEIGHT="25" CONTENT="which" WC="0.92" CC="21111"/>
						<SP ID="P4_SP00195" HPOS="356" VPOS="1786" WIDTH="23"/>
						<String ID="P4_ST00240" HPOS="379" VPOS="1754" WIDTH="41" HEIGHT="24" CONTENT="the" WC="0.96" CC="110"/>
						<SP ID="P4_SP00196" HPOS="420" VPOS="1786" WIDTH="15"/>
						<String ID="P4_ST00241" HPOS="435" VPOS="1753" WIDTH="96" HEIGHT="25" CONTENT="settlers" WC="0.96" CC="11010101"/>
						<SP ID="P4_SP00197" HPOS="531" VPOS="1786" WIDTH="23"/>
						<String ID="P4_ST00242" HPOS="554" VPOS="1751" WIDTH="27" HEIGHT="25" CONTENT="of" WC="0.98" CC="10"/>
					</TextLine>
					<TextLine ID="P4_TL00041" HPOS="47" VPOS="1792" WIDTH="534" HEIGHT="29">
						<String ID="P4_ST00243" HPOS="47" VPOS="1797" WIDTH="62" HEIGHT="24" CONTENT="New" WC="0.77" CC="512"/>
						<SP ID="P4_SP00198" HPOS="109" VPOS="1821" WIDTH="22"/>
						<String ID="P4_ST00244" HPOS="131" VPOS="1795" WIDTH="108" HEIGHT="25" CONTENT="Zealand" WC="0.98" CC="0001100"/>
						<SP ID="P4_SP00199" HPOS="239" VPOS="1821" WIDTH="29"/>
						<String ID="P4_ST00245" HPOS="268" VPOS="1794" WIDTH="51" HEIGHT="24" CONTENT="had" WC="0.97" CC="001"/>
						<SP ID="P4_SP00200" HPOS="319" VPOS="1821" WIDTH="24"/>
						<String ID="P4_ST00246" HPOS="343" VPOS="1793" WIDTH="62" HEIGHT="26" CONTENT="been" WC="0.98" CC="0011"/>
						<SP ID="P4_SP00201" HPOS="405" VPOS="1821" WIDTH="22"/>
						<String ID="P4_ST00247" HPOS="427" VPOS="1792" WIDTH="104" HEIGHT="26" CONTENT="relieved" WC="0.97" CC="10011110"/>
						<SP ID="P4_SP00202" HPOS="531" VPOS="1821" WIDTH="23"/>
						<String ID="P4_ST00248" HPOS="554" VPOS="1792" WIDTH="27" HEIGHT="24" CONTENT="of" WC="1.00" CC="00"/>
					</TextLine>
					<TextLine ID="P4_TL00042" HPOS="47" VPOS="1832" WIDTH="531" HEIGHT="34">
						<String ID="P4_ST00249" HPOS="47" VPOS="1835" WIDTH="94" HEIGHT="31" CONTENT="having" WC="0.92" CC="112111"/>
						<SP ID="P4_SP00203" HPOS="141" VPOS="1866" WIDTH="19"/>
						<String ID="P4_ST00250" HPOS="160" VPOS="1835" WIDTH="26" HEIGHT="24" CONTENT="to" WC="0.98" CC="10"/>
						<SP ID="P4_SP00204" HPOS="186" VPOS="1866" WIDTH="21"/>
						<String ID="P4_ST00251" HPOS="207" VPOS="1840" WIDTH="48" HEIGHT="25" CONTENT="pay" WC="0.95" CC="002"/>
						<SP ID="P4_SP00205" HPOS="255" VPOS="1866" WIDTH="19"/>
						<String ID="P4_ST00252" HPOS="274" VPOS="1832" WIDTH="111" HEIGHT="25" CONTENT="taxation" WC="0.97" CC="00201001"/>
						<SP ID="P4_SP00206" HPOS="385" VPOS="1866" WIDTH="21"/>
						<String ID="P4_ST00253" HPOS="406" VPOS="1840" WIDTH="31" HEIGHT="16" CONTENT="on" WC="1.00" CC="00"/>
						<SP ID="P4_SP00207" HPOS="437" VPOS="1866" WIDTH="22"/>
						<String ID="P4_ST00254" HPOS="459" VPOS="1832" WIDTH="119" HEIGHT="31" CONTENT="improve" SUBS_TYPE="HypPart1" SUBS_CONTENT="improvements" WC="0.94" CC="11000301"/>
						<HYP CONTENT="-"/>
					</TextLine>
					<TextLine ID="P4_TL00043" HPOS="49" VPOS="1869" WIDTH="531" HEIGHT="30">
						<String ID="P4_ST00255" HPOS="49" VPOS="1875" WIDTH="84" HEIGHT="24" CONTENT="ments" SUBS_TYPE="HypPart2" SUBS_CONTENT="improvements" WC="0.92" CC="21101"/>
						<SP ID="P4_SP00208" HPOS="133" VPOS="1899" WIDTH="12"/>
						<String ID="P4_ST00256" HPOS="145" VPOS="1881" WIDTH="32" HEIGHT="16" CONTENT="on" WC="0.96" CC="01"/>
						<SP ID="P4_SP00209" HPOS="177" VPOS="1899" WIDTH="20"/>
						<String ID="P4_ST00257" HPOS="197" VPOS="1871" WIDTH="66" HEIGHT="25" CONTENT="their" WC="0.95" CC="21000"/>
						<SP ID="P4_SP00210" HPOS="263" VPOS="1899" WIDTH="21"/>
						<String ID="P4_ST00258" HPOS="284" VPOS="1871" WIDTH="75" HEIGHT="24" CONTENT="farms" WC="0.96" CC="00120"/>
						<SP ID="P4_SP00211" HPOS="359" VPOS="1899" WIDTH="20"/>
						<String ID="P4_ST00259" HPOS="379" VPOS="1870" WIDTH="49" HEIGHT="24" CONTENT="and" WC="0.97" CC="010"/>
						<SP ID="P4_SP00212" HPOS="428" VPOS="1899" WIDTH="18"/>
						<String ID="P4_ST00260" HPOS="446" VPOS="1870" WIDTH="44" HEIGHT="29" CONTENT="jbhe" WC="0.84" CC="4102"/>
						<SP ID="P4_SP00213" HPOS="490" VPOS="1899" WIDTH="20"/>
						<String ID="P4_ST00261" HPOS="510" VPOS="1869" WIDTH="70" HEIGHT="25" CONTENT="stock" WC="0.98" CC="10001"/>
					</TextLine>
					<TextLine ID="P4_TL00044" HPOS="49" VPOS="1908" WIDTH="531" HEIGHT="33">
						<String ID="P4_ST00262" HPOS="49" VPOS="1913" WIDTH="111" HEIGHT="28" CONTENT="thereon," WC="0.95" CC="30000011"/>
						<SP ID="P4_SP00214" HPOS="160" VPOS="1941" WIDTH="21"/>
						<String ID="P4_ST00263" HPOS="181" VPOS="1911" WIDTH="56" HEIGHT="25" CONTENT="that" WC="0.99" CC="0001"/>
						<SP ID="P4_SP00215" HPOS="237" VPOS="1941" WIDTH="23"/>
						<String ID="P4_ST00264" HPOS="260" VPOS="1910" WIDTH="51" HEIGHT="24" CONTENT="this" WC="0.94" CC="1211"/>
						<SP ID="P4_SP00216" HPOS="311" VPOS="1941" WIDTH="35"/>
						<String ID="P4_ST00265" HPOS="346" VPOS="1909" WIDTH="161" HEIGHT="25" CONTENT="self-reliance" WC="0.96" CC="1101210001100"/>
						<SP ID="P4_SP00217" HPOS="507" VPOS="1941" WIDTH="22"/>
						<String ID="P4_ST00266" HPOS="529" VPOS="1908" WIDTH="51" HEIGHT="24" CONTENT="had" WC="0.97" CC="010"/>
					</TextLine>
					<TextLine ID="P4_TL00045" HPOS="48" VPOS="1948" WIDTH="532" HEIGHT="29">
						<String ID="P4_ST00267" HPOS="48" VPOS="1952" WIDTH="62" HEIGHT="25" CONTENT="been" WC="0.90" CC="3001"/>
						<SP ID="P4_SP00218" HPOS="110" VPOS="1977" WIDTH="13"/>
						<String ID="P4_ST00268" HPOS="123" VPOS="1950" WIDTH="162" HEIGHT="25" CONTENT="undermined" WC="0.97" CC="0110001101"/>
						<SP ID="P4_SP00219" HPOS="285" VPOS="1977" WIDTH="8"/>
						<String ID="P4_ST00269" HPOS="293" VPOS="1950" WIDTH="12" HEIGHT="23" CONTENT="?" WC="0.96" CC="1"/>
						<SP ID="P4_SP00220" HPOS="305" VPOS="1977" WIDTH="23"/>
						<String ID="P4_ST00270" HPOS="328" VPOS="1956" WIDTH="47" HEIGHT="17" CONTENT="was" WC="0.79" CC="501"/>
						<SP ID="P4_SP00221" HPOS="375" VPOS="1977" WIDTH="17"/>
						<String ID="P4_ST00271" HPOS="392" VPOS="1949" WIDTH="21" HEIGHT="23" CONTENT="it" WC="1.00" CC="00"/>
						<SP ID="P4_SP00222" HPOS="413" VPOS="1977" WIDTH="11"/>
						<String ID="P4_ST00272" HPOS="424" VPOS="1948" WIDTH="103" HEIGHT="24" CONTENT="because" WC="0.97" CC="0100110"/>
						<SP ID="P4_SP00223" HPOS="527" VPOS="1977" WIDTH="11"/>
						<String ID="P4_ST00273" HPOS="538" VPOS="1949" WIDTH="42" HEIGHT="23" CONTENT="the" WC="0.96" CC="011"/>
					</TextLine>
					<TextLine ID="P4_TL00046" HPOS="47" VPOS="1988" WIDTH="531" HEIGHT="34">
						<String ID="P4_ST00274" HPOS="47" VPOS="1992" WIDTH="164" HEIGHT="30" CONTENT="storekeeper," WC="0.95" CC="110011010111"/>
						<SP ID="P4_SP00224" HPOS="211" VPOS="2022" WIDTH="29"/>
						<String ID="P4_ST00275" HPOS="240" VPOS="1988" WIDTH="129" HEIGHT="26" CONTENT="merchant" WC="0.93" CC="00111211"/>
						<SP ID="P4_SP00225" HPOS="369" VPOS="2022" WIDTH="23"/>
						<String ID="P4_ST00276" HPOS="392" VPOS="1996" WIDTH="27" HEIGHT="17" CONTENT="or" WC="0.93" CC="11"/>
						<SP ID="P4_SP00226" HPOS="419" VPOS="2022" WIDTH="19"/>
						<String ID="P4_ST00277" HPOS="438" VPOS="1988" WIDTH="140" HEIGHT="25" CONTENT="tradesman" WC="0.95" CC="011201002"/>
					</TextLine>
					<TextLine ID="P4_TL00047" HPOS="46" VPOS="2028" WIDTH="533" HEIGHT="33">
						<String ID="P4_ST00278" HPOS="46" VPOS="2032" WIDTH="54" HEIGHT="24" CONTENT="Lad" WC="0.79" CC="601"/>
						<SP ID="P4_SP00227" HPOS="100" VPOS="2056" WIDTH="11"/>
						<String ID="P4_ST00279" HPOS="111" VPOS="2039" WIDTH="56" HEIGHT="17" CONTENT="now" WC="0.91" CC="201"/>
						<SP ID="P4_SP00228" HPOS="167" VPOS="2056" WIDTH="12"/>
						<String ID="P4_ST00280" HPOS="179" VPOS="2030" WIDTH="58" HEIGHT="31" CONTENT="only" WC="0.93" CC="0112"/>
						<SP ID="P4_SP00229" HPOS="237" VPOS="2061" WIDTH="11"/>
						<String ID="P4_ST00281" HPOS="248" VPOS="2031" WIDTH="25" HEIGHT="23" CONTENT="to" WC="0.94" CC="11"/>
						<SP ID="P4_SP00230" HPOS="273" VPOS="2061" WIDTH="18"/>
						<String ID="P4_ST00282" HPOS="291" VPOS="2036" WIDTH="47" HEIGHT="24" CONTENT="pay" WC="0.94" CC="011"/>
						<SP ID="P4_SP00231" HPOS="338" VPOS="2061" WIDTH="21"/>
						<String ID="P4_ST00283" HPOS="359" VPOS="2036" WIDTH="31" HEIGHT="16" CONTENT="on" WC="0.98" CC="01"/>
						<SP ID="P4_SP00232" HPOS="390" VPOS="2061" WIDTH="11"/>
						<String ID="P4_ST00284" HPOS="401" VPOS="2028" WIDTH="33" HEIGHT="24" CONTENT="its" WC="0.97" CC="001"/>
						<SP ID="P4_SP00233" HPOS="434" VPOS="2061" WIDTH="11"/>
						<String ID="P4_ST00285" HPOS="445" VPOS="2028" WIDTH="96" HEIGHT="24" CONTENT="income" WC="0.99" CC="000010"/>
						<SP ID="P4_SP00234" HPOS="541" VPOS="2061" WIDTH="11"/>
						<String ID="P4_ST00286" HPOS="552" VPOS="2028" WIDTH="27" HEIGHT="23" CONTENT="m" WC="1.00" CC="0"/>
					</TextLine>
					<TextLine ID="P4_TL00048" HPOS="49" VPOS="2065" WIDTH="531" HEIGHT="36">
						<String ID="P4_ST00287" HPOS="49" VPOS="2070" WIDTH="70" HEIGHT="31" CONTENT="place" WC="0.95" CC="10011"/>
						<SP ID="P4_SP00235" HPOS="119" VPOS="2101" WIDTH="13"/>
						<String ID="P4_ST00288" HPOS="132" VPOS="2068" WIDTH="27" HEIGHT="25" CONTENT="of" WC="0.98" CC="01"/>
						<SP ID="P4_SP00236" HPOS="159" VPOS="2101" WIDTH="17"/>
						<String ID="P4_ST00289" HPOS="176" VPOS="2068" WIDTH="32" HEIGHT="24" CONTENT="its" WC="0.99" CC="010"/>
						<SP ID="P4_SP00237" HPOS="208" VPOS="2101" WIDTH="21"/>
						<String ID="P4_ST00290" HPOS="229" VPOS="2066" WIDTH="77" HEIGHT="28" CONTENT="stock," WC="0.96" CC="100101"/>
						<SP ID="P4_SP00238" HPOS="306" VPOS="2101" WIDTH="19"/>
						<String ID="P4_ST00291" HPOS="325" VPOS="2068" WIDTH="123" HEIGHT="29" CONTENT="property," WC="0.97" CC="100001111"/>
						<SP ID="P4_SP00239" HPOS="448" VPOS="2101" WIDTH="13"/>
						<String ID="P4_ST00292" HPOS="461" VPOS="2066" WIDTH="50" HEIGHT="28" CONTENT="&amp;c," WC="0.90" CC="211"/>
						<SP ID="P4_SP00240" HPOS="511" VPOS="2101" WIDTH="13"/>
						<String ID="P4_ST00293" HPOS="524" VPOS="2065" WIDTH="56" HEIGHT="24" CONTENT="that" WC="1.00" CC="0000"/>
					</TextLine>
					<TextLine ID="P4_TL00049" HPOS="47" VPOS="2104" WIDTH="533" HEIGHT="30">
						<String ID="P4_ST00294" HPOS="47" VPOS="2108" WIDTH="162" HEIGHT="26" CONTENT="self-reliance" WC="0.96" CC="1002110001110"/>
						<SP ID="P4_SP00241" HPOS="209" VPOS="2134" WIDTH="22"/>
						<String ID="P4_ST00295" HPOS="231" VPOS="2106" WIDTH="50" HEIGHT="25" CONTENT="had" WC="0.95" CC="020"/>
						<SP ID="P4_SP00242" HPOS="281" VPOS="2134" WIDTH="31"/>
						<String ID="P4_ST00296" HPOS="312" VPOS="2105" WIDTH="62" HEIGHT="24" CONTENT="been" WC="0.99" CC="0001"/>
						<SP ID="P4_SP00243" HPOS="374" VPOS="2134" WIDTH="23"/>
						<String ID="P4_ST00297" HPOS="397" VPOS="2104" WIDTH="183" HEIGHT="25" CONTENT="undermined?" WC="0.97" CC="21100000011"/>
					</TextLine>
					<TextLine ID="P4_TL00050" HPOS="48" VPOS="2146" WIDTH="532" HEIGHT="27">
						<String ID="P4_ST00298" HPOS="48" VPOS="2150" WIDTH="65" HEIGHT="23" CONTENT="Was" WC="0.89" CC="201"/>
						<SP ID="P4_SP00244" HPOS="113" VPOS="2173" WIDTH="16"/>
						<String ID="P4_ST00299" HPOS="129" VPOS="2148" WIDTH="21" HEIGHT="25" CONTENT="it" WC="1.00" CC="00"/>
						<SP ID="P4_SP00245" HPOS="150" VPOS="2173" WIDTH="15"/>
						<String ID="P4_ST00300" HPOS="165" VPOS="2148" WIDTH="102" HEIGHT="24" CONTENT="because" WC="0.96" CC="0001110"/>
						<SP ID="P4_SP00246" HPOS="267" VPOS="2173" WIDTH="19"/>
						<String ID="P4_ST00301" HPOS="286" VPOS="2146" WIDTH="43" HEIGHT="25" CONTENT="the" WC="0.96" CC="110"/>
						<SP ID="P4_SP00247" HPOS="329" VPOS="2173" WIDTH="21"/>
						<String ID="P4_ST00302" HPOS="350" VPOS="2146" WIDTH="169" HEIGHT="24" CONTENT="Government" WC="0.95" CC="2011102001"/>
						<SP ID="P4_SP00248" HPOS="519" VPOS="2173" WIDTH="10"/>
						<String ID="P4_ST00303" HPOS="529" VPOS="2152" WIDTH="51" HEIGHT="17" CONTENT="cre" SUBS_TYPE="HypPart1" SUBS_CONTENT="created" WC="0.98" CC="0001"/>
						<HYP CONTENT="-"/>
					</TextLine>
					<TextLine ID="P4_TL00051" HPOS="48" VPOS="2185" WIDTH="530" HEIGHT="31">
						<String ID="P4_ST00304" HPOS="48" VPOS="2188" WIDTH="60" HEIGHT="26" CONTENT="ated" SUBS_TYPE="HypPart2" SUBS_CONTENT="created" WC="0.89" CC="3101"/>
						<SP ID="P4_SP00249" HPOS="108" VPOS="2214" WIDTH="11"/>
						<String ID="P4_ST00305" HPOS="119" VPOS="2197" WIDTH="15" HEIGHT="16" CONTENT="a" WC="1.00" CC="0"/>
						<SP ID="P4_SP00250" HPOS="134" VPOS="2214" WIDTH="11"/>
						<String ID="P4_ST00306" HPOS="145" VPOS="2188" WIDTH="48" HEIGHT="25" CONTENT="live" WC="0.99" CC="0010"/>
						<SP ID="P4_SP00251" HPOS="193" VPOS="2214" WIDTH="11"/>
						<String ID="P4_ST00307" HPOS="204" VPOS="2186" WIDTH="60" HEIGHT="26" CONTENT="land" WC="0.98" CC="0010"/>
						<SP ID="P4_SP00252" HPOS="264" VPOS="2214" WIDTH="10"/>
						<String ID="P4_ST00308" HPOS="274" VPOS="2186" WIDTH="38" HEIGHT="25" CONTENT="for" WC="0.99" CC="001"/>
						<SP ID="P4_SP00253" HPOS="312" VPOS="2214" WIDTH="12"/>
						<String ID="P4_ST00309" HPOS="324" VPOS="2186" WIDTH="155" HEIGHT="24" CONTENT="settlements" WC="0.98" CC="10110010001"/>
						<SP ID="P4_SP00254" HPOS="479" VPOS="2214" WIDTH="11"/>
						<String ID="P4_ST00310" HPOS="490" VPOS="2185" WIDTH="88" HEIGHT="31" CONTENT="policy," WC="0.96" CC="0001012"/>
					</TextLine>
					<TextLine ID="P4_TL00052" HPOS="49" VPOS="2225" WIDTH="531" HEIGHT="36">
						<String ID="P4_ST00311" HPOS="49" VPOS="2230" WIDTH="33" HEIGHT="31" CONTENT="by" WC="0.87" CC="21"/>
						<SP ID="P4_SP00255" HPOS="82" VPOS="2261" WIDTH="16"/>
						<String ID="P4_ST00312" HPOS="98" VPOS="2228" WIDTH="79" HEIGHT="25" CONTENT="which" WC="0.88" CC="41001"/>
						<SP ID="P4_SP00256" HPOS="177" VPOS="2261" WIDTH="19"/>
						<String ID="P4_ST00313" HPOS="196" VPOS="2228" WIDTH="86" HEIGHT="30" CONTENT="people" WC="0.99" CC="000100"/>
						<SP ID="P4_SP00257" HPOS="282" VPOS="2261" WIDTH="23"/>
						<String ID="P4_ST00314" HPOS="305" VPOS="2226" WIDTH="92" HEIGHT="30" CONTENT="having" WC="0.98" CC="000001"/>
						<SP ID="P4_SP00258" HPOS="397" VPOS="2261" WIDTH="21"/>
						<String ID="P4_ST00315" HPOS="418" VPOS="2225" WIDTH="64" HEIGHT="24" CONTENT="little" WC="1.00" CC="000000"/>
						<SP ID="P4_SP00259" HPOS="482" VPOS="2261" WIDTH="11"/>
						<String ID="P4_ST00316" HPOS="493" VPOS="2232" WIDTH="87" HEIGHT="17" CONTENT="means" WC="0.95" CC="20011"/>
					</TextLine>
					<TextLine ID="P4_TL00053" HPOS="48" VPOS="2263" WIDTH="532" HEIGHT="29">
						<String ID="P4_ST00317" HPOS="48" VPOS="2267" WIDTH="76" HEIGHT="25" CONTENT="could" WC="0.87" CC="50001"/>
						<SP ID="P4_SP00260" HPOS="124" VPOS="2292" WIDTH="19"/>
						<String ID="P4_ST00318" HPOS="143" VPOS="2266" WIDTH="64" HEIGHT="24" CONTENT="lease" WC="0.99" CC="00010"/>
						<SP ID="P4_SP00261" HPOS="207" VPOS="2292" WIDTH="11"/>
						<String ID="P4_ST00319" HPOS="218" VPOS="2265" WIDTH="59" HEIGHT="24" CONTENT="land" WC="0.99" CC="0100"/>
						<SP ID="P4_SP00262" HPOS="277" VPOS="2292" WIDTH="11"/>
						<String ID="P4_ST00320" HPOS="288" VPOS="2264" WIDTH="64" HEIGHT="24" CONTENT="from" WC="0.94" CC="1200"/>
						<SP ID="P4_SP00263" HPOS="352" VPOS="2292" WIDTH="15"/>
						<String ID="P4_ST00321" HPOS="367" VPOS="2265" WIDTH="42" HEIGHT="23" CONTENT="the" WC="1.00" CC="000"/>
						<SP ID="P4_SP00264" HPOS="409" VPOS="2292" WIDTH="20"/>
						<String ID="P4_ST00322" HPOS="429" VPOS="2263" WIDTH="87" HEIGHT="24" CONTENT="Crown" WC="0.99" CC="00010"/>
						<SP ID="P4_SP00265" HPOS="516" VPOS="2292" WIDTH="11"/>
						<String ID="P4_ST00323" HPOS="527" VPOS="2269" WIDTH="25" HEIGHT="18" CONTENT="at" WC="0.98" CC="10"/>
						<SP ID="P4_SP00266" HPOS="552" VPOS="2292" WIDTH="12"/>
						<String ID="P4_ST00324" HPOS="564" VPOS="2264" WIDTH="16" HEIGHT="22" CONTENT="4" WC="0.78" CC="2"/>
					</TextLine>
					<TextLine ID="P4_TL00054" HPOS="50" VPOS="2300" WIDTH="530" HEIGHT="36">
						<String ID="P4_ST00325" HPOS="50" VPOS="2313" WIDTH="44" HEIGHT="23" CONTENT="per" WC="0.96" CC="101"/>
						<SP ID="P4_SP00267" HPOS="94" VPOS="2336" WIDTH="11"/>
						<String ID="P4_ST00326" HPOS="105" VPOS="2312" WIDTH="54" HEIGHT="21" CONTENT="cenq" WC="0.72" CC="0019"/>
						<SP ID="P4_SP00268" HPOS="159" VPOS="2336" WIDTH="13"/>
						<String ID="P4_ST00327" HPOS="172" VPOS="2310" WIDTH="32" HEIGHT="17" CONTENT="on" WC="0.96" CC="01"/>
						<SP ID="P4_SP00269" HPOS="204" VPOS="2336" WIDTH="21"/>
						<String ID="P4_ST00328" HPOS="225" VPOS="2303" WIDTH="40" HEIGHT="23" CONTENT="the" WC="1.00" CC="000"/>
						<SP ID="P4_SP00270" HPOS="265" VPOS="2336" WIDTH="21"/>
						<String ID="P4_ST00329" HPOS="286" VPOS="2301" WIDTH="91" HEIGHT="30" CONTENT="capital" WC="0.98" CC="0100010"/>
						<SP ID="P4_SP00271" HPOS="377" VPOS="2336" WIDTH="17"/>
						<String ID="P4_ST00330" HPOS="394" VPOS="2300" WIDTH="70" HEIGHT="24" CONTENT="value" WC="0.97" CC="11000"/>
						<SP ID="P4_SP00272" HPOS="464" VPOS="2336" WIDTH="11"/>
						<String ID="P4_ST00331" HPOS="475" VPOS="2300" WIDTH="50" HEIGHT="24" CONTENT="and" WC="0.97" CC="110"/>
						<SP ID="P4_SP00273" HPOS="525" VPOS="2336" WIDTH="11"/>
						<String ID="P4_ST00332" HPOS="536" VPOS="2308" WIDTH="44" HEIGHT="16" CONTENT="use" WC="0.95" CC="200"/>
					</TextLine>
					<TextLine ID="P4_TL00055" HPOS="49" VPOS="2337" WIDTH="533" HEIGHT="34">
						<String ID="P4_ST00333" HPOS="49" VPOS="2342" WIDTH="67" HEIGHT="26" CONTENT="their" WC="0.97" CC="10100"/>
						<SP ID="P4_SP00274" HPOS="116" VPOS="2368" WIDTH="22"/>
						<String ID="P4_ST00334" HPOS="138" VPOS="2348" WIDTH="54" HEIGHT="18" CONTENT="own" WC="0.96" CC="011"/>
						<SP ID="P4_SP00275" HPOS="192" VPOS="2368" WIDTH="21"/>
						<String ID="P4_ST00335" HPOS="213" VPOS="2338" WIDTH="88" HEIGHT="33" CONTENT="capital" WC="0.93" CC="0110131"/>
						<SP ID="P4_SP00276" HPOS="301" VPOS="2371" WIDTH="19"/>
						<String ID="P4_ST00336" HPOS="320" VPOS="2338" WIDTH="38" HEIGHT="25" CONTENT="for" WC="0.94" CC="201"/>
						<SP ID="P4_SP00277" HPOS="358" VPOS="2371" WIDTH="20"/>
						<String ID="P4_ST00337" HPOS="378" VPOS="2338" WIDTH="42" HEIGHT="25" CONTENT="tbe" WC="0.94" CC="111"/>
						<SP ID="P4_SP00278" HPOS="420" VPOS="2371" WIDTH="20"/>
						<String ID="P4_ST00338" HPOS="440" VPOS="2345" WIDTH="105" HEIGHT="24" CONTENT="purpose" WC="0.95" CC="1111110"/>
						<SP ID="P4_SP00279" HPOS="545" VPOS="2371" WIDTH="8"/>
						<String ID="P4_ST00339" HPOS="553" VPOS="2337" WIDTH="29" HEIGHT="25" CONTENT="of" WC="0.54" CC="90"/>
					</TextLine>
					<TextLine ID="P4_TL00056" HPOS="50" VPOS="2378" WIDTH="530" HEIGHT="36">
						<String ID="P4_ST00340" HPOS="50" VPOS="2381" WIDTH="142" HEIGHT="33" CONTENT="improving" WC="0.97" CC="011100011"/>
						<SP ID="P4_SP00280" HPOS="192" VPOS="2414" WIDTH="21"/>
						<String ID="P4_ST00341" HPOS="213" VPOS="2380" WIDTH="48" HEIGHT="24" CONTENT="and" WC="0.97" CC="011"/>
						<SP ID="P4_SP00281" HPOS="261" VPOS="2414" WIDTH="19"/>
						<String ID="P4_ST00342" HPOS="280" VPOS="2378" WIDTH="110" HEIGHT="33" CONTENT="settling," WC="0.99" CC="100100100"/>
						<SP ID="P4_SP00282" HPOS="390" VPOS="2414" WIDTH="23"/>
						<String ID="P4_ST00343" HPOS="413" VPOS="2378" WIDTH="56" HEIGHT="24" CONTENT="that" WC="1.00" CC="0000"/>
						<SP ID="P4_SP00283" HPOS="469" VPOS="2414" WIDTH="18"/>
						<String ID="P4_ST00344" HPOS="487" VPOS="2378" WIDTH="48" HEIGHT="25" CONTENT="self" WC="0.99" CC="1000"/>
						<SP ID="P4_SP00284" HPOS="535" VPOS="2414" WIDTH="8"/>
						<String ID="P4_ST00345" HPOS="543" VPOS="2386" WIDTH="37" HEIGHT="16" CONTENT="re" SUBS_TYPE="HypPart1" SUBS_CONTENT="reliance" WC="0.99" CC="001"/>
						<HYP CONTENT="-"/>
					</TextLine>
					<TextLine ID="P4_TL00057" HPOS="51" VPOS="2416" WIDTH="529" HEIGHT="33">
						<String ID="P4_ST00346" HPOS="51" VPOS="2421" WIDTH="81" HEIGHT="25" CONTENT="liance" SUBS_TYPE="HypPart2" SUBS_CONTENT="reliance" WC="0.99" CC="000100"/>
						<SP ID="P4_SP00285" HPOS="132" VPOS="2446" WIDTH="20"/>
						<String ID="P4_ST00347" HPOS="152" VPOS="2427" WIDTH="50" HEIGHT="17" CONTENT="was" WC="0.94" CC="111"/>
						<SP ID="P4_SP00286" HPOS="202" VPOS="2446" WIDTH="20"/>
						<String ID="P4_ST00348" HPOS="222" VPOS="2418" WIDTH="74" HEIGHT="31" CONTENT="being" WC="0.94" CC="30000"/>
						<SP ID="P4_SP00287" HPOS="296" VPOS="2449" WIDTH="19"/>
						<String ID="P4_ST00349" HPOS="315" VPOS="2416" WIDTH="161" HEIGHT="25" CONTENT="undermined" WC="0.98" CC="0010000101"/>
						<SP ID="P4_SP00288" HPOS="476" VPOS="2449" WIDTH="11"/>
						<String ID="P4_ST00350" HPOS="487" VPOS="2417" WIDTH="12" HEIGHT="23" CONTENT="?" WC="0.85" CC="2"/>
						<SP ID="P4_SP00289" HPOS="499" VPOS="2449" WIDTH="23"/>
						<String ID="P4_ST00351" HPOS="522" VPOS="2416" WIDTH="58" HEIGHT="24" CONTENT="Was" WC="0.93" CC="111"/>
					</TextLine>
					<TextLine ID="P4_TL00058" HPOS="51" VPOS="2457" WIDTH="530" HEIGHT="32">
						<String ID="P4_ST00352" HPOS="51" VPOS="2461" WIDTH="21" HEIGHT="25" CONTENT="it" WC="0.96" CC="01"/>
						<SP ID="P4_SP00290" HPOS="72" VPOS="2486" WIDTH="10"/>
						<String ID="P4_ST00353" HPOS="82" VPOS="2461" WIDTH="103" HEIGHT="24" CONTENT="because" WC="0.96" CC="1000021"/>
						<SP ID="P4_SP00291" HPOS="185" VPOS="2486" WIDTH="20"/>
						<String ID="P4_ST00354" HPOS="205" VPOS="2458" WIDTH="56" HEIGHT="31" CONTENT="they" WC="0.95" CC="0102"/>
						<SP ID="P4_SP00292" HPOS="261" VPOS="2489" WIDTH="12"/>
						<String ID="P4_ST00355" HPOS="273" VPOS="2457" WIDTH="46" HEIGHT="25" CONTENT="had" WC="0.95" CC="111"/>
						<SP ID="P4_SP00293" HPOS="319" VPOS="2489" WIDTH="12"/>
						<String ID="P4_ST00356" HPOS="331" VPOS="2465" WIDTH="36" HEIGHT="17" CONTENT="na" WC="0.83" CC="13"/>
						<SP ID="P4_SP00294" HPOS="367" VPOS="2489" WIDTH="14"/>
						<String ID="P4_ST00357" HPOS="381" VPOS="2458" WIDTH="84" HEIGHT="30" CONTENT="longer" WC="0.92" CC="001031"/>
						<SP ID="P4_SP00295" HPOS="465" VPOS="2489" WIDTH="13"/>
						<String ID="P4_ST00358" HPOS="478" VPOS="2458" WIDTH="25" HEIGHT="23" CONTENT="to" WC="1.00" CC="00"/>
						<SP ID="P4_SP00296" HPOS="503" VPOS="2489" WIDTH="12"/>
						<String ID="P4_ST00359" HPOS="515" VPOS="2464" WIDTH="31" HEIGHT="24" CONTENT="go" WC="1.00" CC="00"/>
						<SP ID="P4_SP00297" HPOS="546" VPOS="2489" WIDTH="9"/>
						<String ID="P4_ST00360" HPOS="555" VPOS="2460" WIDTH="26" HEIGHT="21" CONTENT="to" WC="1.00" CC="00"/>
					</TextLine>
					<TextLine ID="P4_TL00059" HPOS="49" VPOS="2494" WIDTH="531" HEIGHT="34">
						<String ID="P4_ST00361" HPOS="49" VPOS="2499" WIDTH="45" HEIGHT="25" CONTENT="the" WC="0.99" CC="010"/>
						<SP ID="P4_SP00298" HPOS="94" VPOS="2524" WIDTH="12"/>
						<String ID="P4_ST00362" HPOS="106" VPOS="2498" WIDTH="56" HEIGHT="25" CONTENT="land" WC="0.95" CC="1110"/>
						<SP ID="P4_SP00299" HPOS="162" VPOS="2524" WIDTH="16"/>
						<String ID="P4_ST00363" HPOS="178" VPOS="2496" WIDTH="138" HEIGHT="32" CONTENT="speculator" WC="0.96" CC="1101001101"/>
						<SP ID="P4_SP00300" HPOS="316" VPOS="2528" WIDTH="19"/>
						<String ID="P4_ST00364" HPOS="335" VPOS="2497" WIDTH="24" HEIGHT="23" CONTENT="to" WC="0.94" CC="10"/>
						<SP ID="P4_SP00301" HPOS="359" VPOS="2528" WIDTH="19"/>
						<String ID="P4_ST00365" HPOS="378" VPOS="2495" WIDTH="118" HEIGHT="31" CONTENT="purchase" WC="0.97" CC="11111011"/>
						<SP ID="P4_SP00302" HPOS="496" VPOS="2528" WIDTH="18"/>
						<String ID="P4_ST00366" HPOS="514" VPOS="2494" WIDTH="66" HEIGHT="30" CONTENT="land," WC="0.81" CC="01117"/>
					</TextLine>
					<TextLine ID="P4_TL00060" HPOS="50" VPOS="2534" WIDTH="530" HEIGHT="37">
						<String ID="P4_ST00367" HPOS="50" VPOS="2547" WIDTH="48" HEIGHT="24" CONTENT="pay" WC="0.95" CC="101"/>
						<SP ID="P4_SP00303" HPOS="98" VPOS="2571" WIDTH="12"/>
						<String ID="P4_ST00368" HPOS="110" VPOS="2539" WIDTH="71" HEIGHT="24" CONTENT="down" WC="0.98" CC="0011"/>
						<SP ID="P4_SP00304" HPOS="181" VPOS="2571" WIDTH="12"/>
						<String ID="P4_ST00369" HPOS="193" VPOS="2545" WIDTH="15" HEIGHT="16" CONTENT="a" WC="1.00" CC="0"/>
						<SP ID="P4_SP00305" HPOS="208" VPOS="2571" WIDTH="20"/>
						<String ID="P4_ST00370" HPOS="228" VPOS="2535" WIDTH="94" HEIGHT="26" CONTENT="certain" WC="0.98" CC="0100100"/>
						<SP ID="P4_SP00306" HPOS="322" VPOS="2571" WIDTH="21"/>
						<String ID="P4_ST00371" HPOS="343" VPOS="2536" WIDTH="103" HEIGHT="23" CONTENT="amount" WC="0.97" CC="100011"/>
						<SP ID="P4_SP00307" HPOS="446" VPOS="2571" WIDTH="19"/>
						<String ID="P4_ST00372" HPOS="465" VPOS="2534" WIDTH="49" HEIGHT="25" CONTENT="and" WC="1.00" CC="000"/>
						<SP ID="P4_SP00308" HPOS="514" VPOS="2571" WIDTH="11"/>
						<String ID="P4_ST00373" HPOS="525" VPOS="2534" WIDTH="55" HEIGHT="32" CONTENT="give" WC="0.96" CC="0011"/>
					</TextLine>
					<TextLine ID="P4_TL00061" HPOS="51" VPOS="2574" WIDTH="529" HEIGHT="35">
						<String ID="P4_ST00374" HPOS="51" VPOS="2589" WIDTH="14" HEIGHT="15" CONTENT="a" WC="0.96" CC="1"/>
						<SP ID="P4_SP00309" HPOS="65" VPOS="2604" WIDTH="12"/>
						<String ID="P4_ST00375" HPOS="77" VPOS="2581" WIDTH="127" HEIGHT="28" CONTENT="mortgage" WC="0.96" CC="12001000"/>
						<SP ID="P4_SP00310" HPOS="204" VPOS="2609" WIDTH="11"/>
						<String ID="P4_ST00376" HPOS="215" VPOS="2584" WIDTH="58" HEIGHT="18" CONTENT="over" WC="0.95" CC="0101"/>
						<SP ID="P4_SP00311" HPOS="273" VPOS="2609" WIDTH="11"/>
						<String ID="P4_ST00377" HPOS="284" VPOS="2576" WIDTH="42" HEIGHT="24" CONTENT="the" WC="0.94" CC="111"/>
						<SP ID="P4_SP00312" HPOS="326" VPOS="2609" WIDTH="12"/>
						<String ID="P4_ST00378" HPOS="338" VPOS="2576" WIDTH="108" HEIGHT="28" CONTENT="balance," WC="0.97" CC="01101001"/>
						<SP ID="P4_SP00313" HPOS="446" VPOS="2609" WIDTH="20"/>
						<String ID="P4_ST00379" HPOS="466" VPOS="2575" WIDTH="76" HEIGHT="24" CONTENT="which" WC="0.93" CC="21111"/>
						<SP ID="P4_SP00314" HPOS="542" VPOS="2609" WIDTH="12"/>
						<String ID="P4_ST00380" HPOS="554" VPOS="2574" WIDTH="26" HEIGHT="25" CONTENT="m" WC="1.00" CC="0"/>
					</TextLine>
					<TextLine ID="P4_TL00062" HPOS="48" VPOS="2613" WIDTH="532" HEIGHT="33">
						<String ID="P4_ST00381" HPOS="48" VPOS="2616" WIDTH="127" HEIGHT="26" CONTENT="hundreds" WC="0.95" CC="11111010"/>
						<SP ID="P4_SP00315" HPOS="175" VPOS="2642" WIDTH="17"/>
						<String ID="P4_ST00382" HPOS="192" VPOS="2615" WIDTH="27" HEIGHT="25" CONTENT="of" WC="0.98" CC="01"/>
						<SP ID="P4_SP00316" HPOS="219" VPOS="2642" WIDTH="16"/>
						<String ID="P4_ST00383" HPOS="235" VPOS="2622" WIDTH="68" HEIGHT="17" CONTENT="cases" WC="0.98" CC="00101"/>
						<SP ID="P4_SP00317" HPOS="303" VPOS="2642" WIDTH="23"/>
						<String ID="P4_ST00384" HPOS="326" VPOS="2614" WIDTH="90" HEIGHT="32" CONTENT="proved" WC="0.96" CC="110101"/>
						<SP ID="P4_SP00318" HPOS="416" VPOS="2646" WIDTH="19"/>
						<String ID="P4_ST00385" HPOS="435" VPOS="2613" WIDTH="101" HEIGHT="25" CONTENT="ruinous" WC="0.94" CC="0111111"/>
						<SP ID="P4_SP00319" HPOS="536" VPOS="2646" WIDTH="19"/>
						<String ID="P4_ST00386" HPOS="555" VPOS="2615" WIDTH="25" HEIGHT="23" CONTENT="to" WC="0.98" CC="10"/>
					</TextLine>
					<TextLine ID="P4_TL00063" HPOS="48" VPOS="2651" WIDTH="532" HEIGHT="31">
						<String ID="P4_ST00387" HPOS="48" VPOS="2656" WIDTH="71" HEIGHT="26" CONTENT="those" WC="0.96" CC="01020"/>
						<SP ID="P4_SP00320" HPOS="119" VPOS="2682" WIDTH="12"/>
						<String ID="P4_ST00388" HPOS="131" VPOS="2654" WIDTH="55" HEIGHT="25" CONTENT="who" WC="0.96" CC="110"/>
						<SP ID="P4_SP00321" HPOS="186" VPOS="2682" WIDTH="20"/>
						<String ID="P4_ST00389" HPOS="206" VPOS="2653" WIDTH="50" HEIGHT="25" CONTENT="had" WC="0.97" CC="100"/>
						<SP ID="P4_SP00322" HPOS="256" VPOS="2682" WIDTH="21"/>
						<String ID="P4_ST00390" HPOS="277" VPOS="2655" WIDTH="26" HEIGHT="22" CONTENT="to" WC="1.00" CC="00"/>
						<SP ID="P4_SP00323" HPOS="303" VPOS="2682" WIDTH="19"/>
						<String ID="P4_ST00391" HPOS="322" VPOS="2652" WIDTH="56" HEIGHT="25" CONTENT="take" WC="0.97" CC="0100"/>
						<SP ID="P4_SP00324" HPOS="378" VPOS="2682" WIDTH="17"/>
						<String ID="P4_ST00392" HPOS="395" VPOS="2651" WIDTH="61" HEIGHT="25" CONTENT="land" WC="0.98" CC="0011"/>
						<SP ID="P4_SP00325" HPOS="456" VPOS="2682" WIDTH="19"/>
						<String ID="P4_ST00393" HPOS="475" VPOS="2660" WIDTH="33" HEIGHT="17" CONTENT="on" WC="1.00" CC="00"/>
						<SP ID="P4_SP00326" HPOS="508" VPOS="2682" WIDTH="13"/>
						<String ID="P4_ST00394" HPOS="521" VPOS="2651" WIDTH="59" HEIGHT="25" CONTENT="such" WC="0.94" CC="1011"/>
					</TextLine>
					<TextLine ID="P4_TL00064" HPOS="47" VPOS="2690" WIDTH="534" HEIGHT="31">
						<String ID="P4_ST00395" HPOS="47" VPOS="2697" WIDTH="86" HEIGHT="24" CONTENT="terms," WC="0.86" CC="001161"/>
						<SP ID="P4_SP00327" HPOS="133" VPOS="2721" WIDTH="25"/>
						<String ID="P4_ST00396" HPOS="158" VPOS="2693" WIDTH="55" HEIGHT="23" CONTENT="that" WC="0.96" CC="1110"/>
						<SP ID="P4_SP00328" HPOS="213" VPOS="2721" WIDTH="25"/>
						<String ID="P4_ST00397" HPOS="238" VPOS="2691" WIDTH="42" HEIGHT="24" CONTENT="the" WC="1.00" CC="000"/>
						<SP ID="P4_SP00329" HPOS="280" VPOS="2721" WIDTH="29"/>
						<String ID="P4_ST00398" HPOS="309" VPOS="2690" WIDTH="160" HEIGHT="25" CONTENT="self-reliance" WC="0.88" CC="1009001112101"/>
						<SP ID="P4_SP00330" HPOS="469" VPOS="2721" WIDTH="23"/>
						<String ID="P4_ST00399" HPOS="492" VPOS="2690" WIDTH="27" HEIGHT="24" CONTENT="of" WC="1.00" CC="00"/>
						<SP ID="P4_SP00331" HPOS="519" VPOS="2721" WIDTH="20"/>
						<String ID="P4_ST00400" HPOS="539" VPOS="2690" WIDTH="42" HEIGHT="24" CONTENT="the" WC="1.00" CC="000"/>
					</TextLine>
					<TextLine ID="P4_TL00065" HPOS="47" VPOS="2727" WIDTH="532" HEIGHT="37">
						<String ID="P4_ST00401" HPOS="47" VPOS="2733" WIDTH="88" HEIGHT="31" CONTENT="people" WC="0.96" CC="100110"/>
						<SP ID="P4_SP00332" HPOS="135" VPOS="2764" WIDTH="17"/>
						<String ID="P4_ST00402" HPOS="152" VPOS="2738" WIDTH="49" HEIGHT="17" CONTENT="was" WC="0.79" CC="412"/>
						<SP ID="P4_SP00333" HPOS="201" VPOS="2764" WIDTH="21"/>
						<String ID="P4_ST00403" HPOS="222" VPOS="2729" WIDTH="158" HEIGHT="24" CONTENT="undermined" WC="0.91" CC="0010110107"/>
						<SP ID="P4_SP00334" HPOS="380" VPOS="2764" WIDTH="10"/>
						<String ID="P4_ST00404" HPOS="390" VPOS="2729" WIDTH="12" HEIGHT="23" CONTENT="?" WC="0.85" CC="2"/>
						<SP ID="P4_SP00335" HPOS="402" VPOS="2764" WIDTH="16"/>
						<String ID="P4_ST00405" HPOS="418" VPOS="2727" WIDTH="60" HEIGHT="25" CONTENT="Was" WC="0.95" CC="101"/>
						<SP ID="P4_SP00336" HPOS="478" VPOS="2764" WIDTH="22"/>
						<String ID="P4_ST00406" HPOS="500" VPOS="2728" WIDTH="21" HEIGHT="24" CONTENT="it" WC="0.94" CC="01"/>
						<SP ID="P4_SP00337" HPOS="521" VPOS="2764" WIDTH="19"/>
						<String ID="P4_ST00407" HPOS="540" VPOS="2727" WIDTH="39" HEIGHT="25" CONTENT="be" SUBS_TYPE="HypPart1" SUBS_CONTENT="because" WC="0.96" CC="101"/>
						<HYP CONTENT="-"/>
					</TextLine>
					<TextLine ID="P4_TL00066" HPOS="47" VPOS="2767" WIDTH="533" HEIGHT="31">
						<String ID="P4_ST00408" HPOS="47" VPOS="2779" WIDTH="76" HEIGHT="18" CONTENT="cause" SUBS_TYPE="HypPart2" SUBS_CONTENT="because" WC="0.96" CC="11110"/>
						<SP ID="P4_SP00338" HPOS="123" VPOS="2797" WIDTH="20"/>
						<String ID="P4_ST00409" HPOS="143" VPOS="2771" WIDTH="40" HEIGHT="23" CONTENT="the" WC="0.96" CC="011"/>
						<SP ID="P4_SP00339" HPOS="183" VPOS="2797" WIDTH="13"/>
						<String ID="P4_ST00410" HPOS="196" VPOS="2769" WIDTH="167" HEIGHT="24" CONTENT="Government" WC="0.96" CC="1011001101"/>
						<SP ID="P4_SP00340" HPOS="363" VPOS="2797" WIDTH="16"/>
						<String ID="P4_ST00411" HPOS="379" VPOS="2767" WIDTH="51" HEIGHT="24" CONTENT="had" WC="1.00" CC="000"/>
						<SP ID="P4_SP00341" HPOS="430" VPOS="2797" WIDTH="12"/>
						<String ID="P4_ST00412" HPOS="442" VPOS="2767" WIDTH="93" HEIGHT="31" CONTENT="opened" WC="0.99" CC="000100"/>
						<SP ID="P4_SP00342" HPOS="535" VPOS="2798" WIDTH="12"/>
						<String ID="P4_ST00413" HPOS="547" VPOS="2775" WIDTH="33" HEIGHT="23" CONTENT="up" WC="0.98" CC="01"/>
					</TextLine>
					<TextLine ID="P4_TL00067" HPOS="49" VPOS="2805" WIDTH="530" HEIGHT="30">
						<String ID="P4_ST00414" HPOS="49" VPOS="2809" WIDTH="73" HEIGHT="26" CONTENT="roads" WC="0.98" CC="10110"/>
						<SP ID="P4_SP00343" HPOS="122" VPOS="2835" WIDTH="12"/>
						<String ID="P4_ST00415" HPOS="134" VPOS="2811" WIDTH="25" HEIGHT="22" CONTENT="to" WC="0.98" CC="10"/>
						<SP ID="P4_SP00344" HPOS="159" VPOS="2835" WIDTH="12"/>
						<String ID="P4_ST00416" HPOS="171" VPOS="2806" WIDTH="74" HEIGHT="26" CONTENT="assist" WC="0.98" CC="001011"/>
						<SP ID="P4_SP00345" HPOS="245" VPOS="2835" WIDTH="23"/>
						<String ID="P4_ST00417" HPOS="268" VPOS="2806" WIDTH="98" HEIGHT="24" CONTENT="settlers" WC="0.97" CC="01011011"/>
						<SP ID="P4_SP00346" HPOS="366" VPOS="2835" WIDTH="21"/>
						<String ID="P4_ST00418" HPOS="387" VPOS="2805" WIDTH="57" HEIGHT="24" CONTENT="vrho" WC="0.75" CC="9000"/>
						<SP ID="P4_SP00347" HPOS="444" VPOS="2835" WIDTH="17"/>
						<String ID="P4_ST00419" HPOS="461" VPOS="2813" WIDTH="63" HEIGHT="17" CONTENT="were" WC="0.83" CC="6100"/>
						<SP ID="P4_SP00348" HPOS="524" VPOS="2835" WIDTH="10"/>
						<String ID="P4_ST00420" HPOS="534" VPOS="2813" WIDTH="45" HEIGHT="16" CONTENT="un" SUBS_TYPE="HypPart1" SUBS_CONTENT="unable" WC="0.94" CC="210"/>
						<HYP CONTENT="-"/>
					</TextLine>
					<TextLine ID="P4_TL00068" HPOS="47" VPOS="2844" WIDTH="533" HEIGHT="35">
						<String ID="P4_ST00421" HPOS="47" VPOS="2849" WIDTH="57" HEIGHT="25" CONTENT="able" SUBS_TYPE="HypPart2" SUBS_CONTENT="unable" WC="0.92" CC="2111"/>
						<SP ID="P4_SP00349" HPOS="104" VPOS="2874" WIDTH="19"/>
						<String ID="P4_ST00422" HPOS="123" VPOS="2850" WIDTH="26" HEIGHT="23" CONTENT="to" WC="1.00" CC="00"/>
						<SP ID="P4_SP00350" HPOS="149" VPOS="2874" WIDTH="22"/>
						<String ID="P4_ST00423" HPOS="171" VPOS="2848" WIDTH="42" HEIGHT="31" CONTENT="get" WC="0.94" CC="102"/>
						<SP ID="P4_SP00351" HPOS="213" VPOS="2879" WIDTH="16"/>
						<String ID="P4_ST00424" HPOS="229" VPOS="2853" WIDTH="32" HEIGHT="18" CONTENT="on" WC="0.98" CC="01"/>
						<SP ID="P4_SP00352" HPOS="261" VPOS="2879" WIDTH="21"/>
						<String ID="P4_ST00425" HPOS="282" VPOS="2845" WIDTH="64" HEIGHT="25" CONTENT="their" WC="0.93" CC="11101"/>
						<SP ID="P4_SP00353" HPOS="346" VPOS="2879" WIDTH="20"/>
						<String ID="P4_ST00426" HPOS="366" VPOS="2844" WIDTH="73" HEIGHT="26" CONTENT="lands" WC="0.77" CC="11218"/>
						<SP ID="P4_SP00354" HPOS="439" VPOS="2879" WIDTH="18"/>
						<String ID="P4_ST00427" HPOS="457" VPOS="2844" WIDTH="56" HEIGHT="25" CONTENT="that" WC="0.94" CC="1101"/>
						<SP ID="P4_SP00355" HPOS="513" VPOS="2879" WIDTH="12"/>
						<String ID="P4_ST00428" HPOS="525" VPOS="2844" WIDTH="55" HEIGHT="25" CONTENT="self" SUBS_TYPE="HypPart1" SUBS_CONTENT="selfreliance" WC="0.98" CC="10001"/>
						<HYP CONTENT="-"/>
					</TextLine>
					<TextLine ID="P4_TL00069" HPOS="49" VPOS="2884" WIDTH="532" HEIGHT="30">
						<String ID="P4_ST00429" HPOS="49" VPOS="2890" WIDTH="106" HEIGHT="24" CONTENT="reliance" SUBS_TYPE="HypPart2" SUBS_CONTENT="selfreliance" WC="0.94" CC="01001300"/>
						<SP ID="P4_SP00356" HPOS="155" VPOS="2914" WIDTH="28"/>
						<String ID="P4_ST00430" HPOS="183" VPOS="2894" WIDTH="50" HEIGHT="18" CONTENT="was" WC="0.94" CC="101"/>
						<SP ID="P4_SP00357" HPOS="233" VPOS="2914" WIDTH="30"/>
						<String ID="P4_ST00431" HPOS="263" VPOS="2884" WIDTH="183" HEIGHT="26" CONTENT="undermined?" WC="0.94" CC="11101100112"/>
						<SP ID="P4_SP00358" HPOS="446" VPOS="2914" WIDTH="34"/>
						<String ID="P4_ST00432" HPOS="480" VPOS="2884" WIDTH="59" HEIGHT="25" CONTENT="Was" WC="0.91" CC="111"/>
						<SP ID="P4_SP00359" HPOS="539" VPOS="2914" WIDTH="22"/>
						<String ID="P4_ST00433" HPOS="561" VPOS="2884" WIDTH="20" HEIGHT="25" CONTENT="it" WC="0.98" CC="01"/>
					</TextLine>
					<TextLine ID="P4_TL00070" HPOS="49" VPOS="2922" WIDTH="531" HEIGHT="32">
						<String ID="P4_ST00434" HPOS="49" VPOS="2928" WIDTH="104" HEIGHT="25" CONTENT="because" WC="0.95" CC="1111110"/>
						<SP ID="P4_SP00360" HPOS="153" VPOS="2953" WIDTH="23"/>
						<String ID="P4_ST00435" HPOS="176" VPOS="2925" WIDTH="44" HEIGHT="25" CONTENT="the" WC="0.95" CC="002"/>
						<SP ID="P4_SP00361" HPOS="220" VPOS="2953" WIDTH="20"/>
						<String ID="P4_ST00436" HPOS="240" VPOS="2924" WIDTH="169" HEIGHT="25" CONTENT="Government" WC="0.93" CC="1010131111"/>
						<SP ID="P4_SP00362" HPOS="409" VPOS="2953" WIDTH="19"/>
						<String ID="P4_ST00437" HPOS="428" VPOS="2922" WIDTH="51" HEIGHT="25" CONTENT="had" WC="0.91" CC="111"/>
						<SP ID="P4_SP00363" HPOS="479" VPOS="2953" WIDTH="12"/>
						<String ID="P4_ST00438" HPOS="491" VPOS="2922" WIDTH="89" HEIGHT="32" CONTENT="cheap" SUBS_TYPE="HypPart1" SUBS_CONTENT="cheapened" WC="0.99" CC="000010"/>
						<HYP CONTENT="-"/>
					</TextLine>
					<TextLine ID="P4_TL00071" HPOS="49" VPOS="2962" WIDTH="532" HEIGHT="33">
						<String ID="P4_ST00439" HPOS="49" VPOS="2967" WIDTH="64" HEIGHT="25" CONTENT="ened" SUBS_TYPE="HypPart2" SUBS_CONTENT="cheapened" WC="0.94" CC="1110"/>
						<SP ID="P4_SP00364" HPOS="113" VPOS="2992" WIDTH="20"/>
						<String ID="P4_ST00440" HPOS="133" VPOS="2966" WIDTH="42" HEIGHT="25" CONTENT="the" WC="0.97" CC="010"/>
						<SP ID="P4_SP00365" HPOS="175" VPOS="2992" WIDTH="20"/>
						<String ID="P4_ST00441" HPOS="195" VPOS="2964" WIDTH="71" HEIGHT="25" CONTENT="value" WC="0.95" CC="10111"/>
						<SP ID="P4_SP00366" HPOS="266" VPOS="2992" WIDTH="11"/>
						<String ID="P4_ST00442" HPOS="277" VPOS="2963" WIDTH="27" HEIGHT="26" CONTENT="of" WC="0.93" CC="11"/>
						<SP ID="P4_SP00367" HPOS="304" VPOS="2992" WIDTH="9"/>
						<String ID="P4_ST00443" HPOS="313" VPOS="2971" WIDTH="90" HEIGHT="24" CONTENT="money" WC="0.96" CC="10101"/>
						<SP ID="P4_SP00368" HPOS="403" VPOS="2995" WIDTH="11"/>
						<String ID="P4_ST00444" HPOS="414" VPOS="2962" WIDTH="49" HEIGHT="25" CONTENT="and" WC="0.93" CC="211"/>
						<SP ID="P4_SP00369" HPOS="463" VPOS="2995" WIDTH="12"/>
						<String ID="P4_ST00445" HPOS="475" VPOS="2962" WIDTH="106" HEIGHT="25" CONTENT="reduced" WC="0.97" CC="0011001"/>
					</TextLine>
					<TextLine ID="P4_TL00072" HPOS="49" VPOS="3003" WIDTH="531" HEIGHT="36">
						<String ID="P4_ST00446" HPOS="49" VPOS="3008" WIDTH="102" HEIGHT="31" CONTENT="charges" WC="0.96" CC="0110012"/>
						<SP ID="P4_SP00370" HPOS="151" VPOS="3039" WIDTH="18"/>
						<String ID="P4_ST00447" HPOS="169" VPOS="3006" WIDTH="38" HEIGHT="24" CONTENT="for" WC="0.96" CC="100"/>
						<SP ID="P4_SP00371" HPOS="207" VPOS="3039" WIDTH="12"/>
						<String ID="P4_ST00448" HPOS="219" VPOS="3007" WIDTH="144" HEIGHT="28" CONTENT="mortgages," WC="0.95" CC="0011020021"/>
						<SP ID="P4_SP00372" HPOS="363" VPOS="3039" WIDTH="18"/>
						<String ID="P4_ST00449" HPOS="381" VPOS="3003" WIDTH="49" HEIGHT="26" CONTENT="and" WC="0.95" CC="020"/>
						<SP ID="P4_SP00373" HPOS="430" VPOS="3039" WIDTH="8"/>
						<String ID="P4_ST00450" HPOS="438" VPOS="3003" WIDTH="64" HEIGHT="25" CONTENT="done" WC="0.98" CC="0010"/>
						<SP ID="P4_SP00374" HPOS="502" VPOS="3039" WIDTH="11"/>
						<String ID="P4_ST00451" HPOS="513" VPOS="3011" WIDTH="67" HEIGHT="24" CONTENT="away" WC="0.89" CC="2211"/>
					</TextLine>
					<TextLine ID="P4_TL00073" HPOS="49" VPOS="3040" WIDTH="531" HEIGHT="35">
						<String ID="P4_ST00452" HPOS="49" VPOS="3045" WIDTH="62" HEIGHT="27" CONTENT="•with" WC="0.94" CC="11101"/>
						<SP ID="P4_SP00375" HPOS="111" VPOS="3072" WIDTH="11"/>
						<String ID="P4_ST00453" HPOS="122" VPOS="3045" WIDTH="43" HEIGHT="25" CONTENT="the" WC="0.97" CC="101"/>
						<SP ID="P4_SP00376" HPOS="165" VPOS="3072" WIDTH="17"/>
						<String ID="P4_ST00454" HPOS="182" VPOS="3042" WIDTH="158" HEIGHT="33" CONTENT="procuration" WC="0.97" CC="11011101001"/>
						<SP ID="P4_SP00377" HPOS="340" VPOS="3075" WIDTH="19"/>
						<String ID="P4_ST00455" HPOS="359" VPOS="3042" WIDTH="50" HEIGHT="24" CONTENT="fees" WC="0.94" CC="1111"/>
						<SP ID="P4_SP00378" HPOS="409" VPOS="3075" WIDTH="21"/>
						<String ID="P4_ST00456" HPOS="430" VPOS="3040" WIDTH="107" HEIGHT="33" CONTENT="charged" WC="0.89" CC="4110111"/>
						<SP ID="P4_SP00379" HPOS="537" VPOS="3075" WIDTH="12"/>
						<String ID="P4_ST00457" HPOS="549" VPOS="3041" WIDTH="31" HEIGHT="31" CONTENT="by" WC="0.94" CC="01"/>
					</TextLine>
					<TextLine ID="P4_TL00074" HPOS="48" VPOS="3081" WIDTH="533" HEIGHT="36">
						<String ID="P4_ST00458" HPOS="48" VPOS="3093" WIDTH="78" HEIGHT="24" CONTENT="many" WC="0.92" CC="2011"/>
						<SP ID="P4_SP00380" HPOS="126" VPOS="3117" WIDTH="12"/>
						<String ID="P4_ST00459" HPOS="138" VPOS="3083" WIDTH="197" HEIGHT="31" CONTENT="money-lenders" WC="0.95" CC="1110011011011"/>
						<SP ID="P4_SP00381" HPOS="335" VPOS="3117" WIDTH="12"/>
						<String ID="P4_ST00460" HPOS="347" VPOS="3081" WIDTH="26" HEIGHT="25" CONTENT="m" WC="1.00" CC="0"/>
						<SP ID="P4_SP00382" HPOS="373" VPOS="3117" WIDTH="13"/>
						<String ID="P4_ST00461" HPOS="386" VPOS="3081" WIDTH="42" HEIGHT="25" CONTENT="the" WC="0.97" CC="010"/>
						<SP ID="P4_SP00383" HPOS="428" VPOS="3117" WIDTH="11"/>
						<String ID="P4_ST00462" HPOS="439" VPOS="3084" WIDTH="64" HEIGHT="29" CONTENT="past," WC="0.93" CC="11121"/>
						<SP ID="P4_SP00384" HPOS="503" VPOS="3117" WIDTH="22"/>
						<String ID="P4_ST00463" HPOS="525" VPOS="3081" WIDTH="56" HEIGHT="25" CONTENT="that" WC="1.00" CC="0000"/>
					</TextLine>
					<TextLine ID="P4_TL00075" HPOS="49" VPOS="3120" WIDTH="530" HEIGHT="28">
						<String ID="P4_ST00464" HPOS="49" VPOS="3124" WIDTH="44" HEIGHT="24" CONTENT="the" WC="0.95" CC="011"/>
						<SP ID="P4_SP00385" HPOS="93" VPOS="3148" WIDTH="13"/>
						<String ID="P4_ST00465" HPOS="106" VPOS="3124" WIDTH="168" HEIGHT="23" CONTENT="Government" WC="0.97" CC="1010111010"/>
						<SP ID="P4_SP00386" HPOS="274" VPOS="3148" WIDTH="10"/>
						<String ID="P4_ST00466" HPOS="284" VPOS="3120" WIDTH="50" HEIGHT="23" CONTENT="had" WC="0.97" CC="100"/>
						<SP ID="P4_SP00387" HPOS="334" VPOS="3148" WIDTH="17"/>
						<String ID="P4_ST00467" HPOS="351" VPOS="3120" WIDTH="160" HEIGHT="23" CONTENT="undermined" WC="0.95" CC="1112010100"/>
						<SP ID="P4_SP00388" HPOS="511" VPOS="3148" WIDTH="11"/>
						<String ID="P4_ST00468" HPOS="522" VPOS="3120" WIDTH="57" HEIGHT="24" CONTENT="self" SUBS_TYPE="HypPart1" SUBS_CONTENT="selfreliance?" WC="0.98" CC="10001"/>
						<HYP CONTENT="-"/>
					</TextLine>
					<TextLine ID="P4_TL00076" HPOS="49" VPOS="3158" WIDTH="530" HEIGHT="31">
						<String ID="P4_ST00469" HPOS="49" VPOS="3162" WIDTH="125" HEIGHT="27" CONTENT="reliance?" SUBS_TYPE="HypPart2" SUBS_CONTENT="selfreliance?" WC="0.89" CC="100126011"/>
						<SP ID="P4_SP00389" HPOS="174" VPOS="3189" WIDTH="23"/>
						<String ID="P4_ST00470" HPOS="197" VPOS="3160" WIDTH="61" HEIGHT="25" CONTENT="Was" WC="0.95" CC="101"/>
						<SP ID="P4_SP00390" HPOS="258" VPOS="3189" WIDTH="20"/>
						<String ID="P4_ST00471" HPOS="278" VPOS="3159" WIDTH="20" HEIGHT="24" CONTENT="it" WC="0.85" CC="03"/>
						<SP ID="P4_SP00391" HPOS="298" VPOS="3189" WIDTH="22"/>
						<String ID="P4_ST00472" HPOS="320" VPOS="3159" WIDTH="105" HEIGHT="24" CONTENT="because" WC="0.98" CC="0010001"/>
						<SP ID="P4_SP00392" HPOS="425" VPOS="3189" WIDTH="22"/>
						<String ID="P4_ST00473" HPOS="447" VPOS="3158" WIDTH="43" HEIGHT="25" CONTENT="the" WC="0.99" CC="010"/>
						<SP ID="P4_SP00393" HPOS="490" VPOS="3189" WIDTH="25"/>
						<String ID="P4_ST00474" HPOS="515" VPOS="3159" WIDTH="64" HEIGHT="24" CONTENT="Gov" SUBS_TYPE="HypPart1" SUBS_CONTENT="Government" WC="0.97" CC="0010"/>
						<HYP CONTENT="-"/>
					</TextLine>
					<TextLine ID="P4_TL00077" HPOS="49" VPOS="3196" WIDTH="529" HEIGHT="34">
						<String ID="P4_ST00475" HPOS="49" VPOS="3201" WIDTH="114" HEIGHT="25" CONTENT="ernment" SUBS_TYPE="HypPart2" SUBS_CONTENT="Government" WC="0.92" CC="2012011"/>
						<SP ID="P4_SP00394" HPOS="163" VPOS="3226" WIDTH="25"/>
						<String ID="P4_ST00476" HPOS="188" VPOS="3206" WIDTH="61" HEIGHT="24" CONTENT="gave" WC="0.95" CC="1110"/>
						<SP ID="P4_SP00395" HPOS="249" VPOS="3230" WIDTH="23"/>
						<String ID="P4_ST00477" HPOS="272" VPOS="3197" WIDTH="43" HEIGHT="25" CONTENT="the" WC="1.00" CC="000"/>
						<SP ID="P4_SP00396" HPOS="315" VPOS="3230" WIDTH="37"/>
						<String ID="P4_ST00478" HPOS="352" VPOS="3197" WIDTH="96" HEIGHT="25" CONTENT="settlers" WC="0.94" CC="11120101"/>
						<SP ID="P4_SP00397" HPOS="448" VPOS="3230" WIDTH="27"/>
						<String ID="P4_ST00479" HPOS="475" VPOS="3196" WIDTH="27" HEIGHT="24" CONTENT="of" WC="0.98" CC="01"/>
						<SP ID="P4_SP00398" HPOS="502" VPOS="3230" WIDTH="19"/>
						<String ID="P4_ST00480" HPOS="521" VPOS="3197" WIDTH="57" HEIGHT="24" CONTENT="New" WC="0.81" CC="213"/>
					</TextLine>
					<TextLine ID="P4_TL00078" HPOS="49" VPOS="3236" WIDTH="531" HEIGHT="33">
						<String ID="P4_ST00481" HPOS="49" VPOS="3240" WIDTH="109" HEIGHT="26" CONTENT="Zealand" WC="0.96" CC="2101001"/>
						<SP ID="P4_SP00399" HPOS="158" VPOS="3266" WIDTH="11"/>
						<String ID="P4_ST00482" HPOS="169" VPOS="3239" WIDTH="42" HEIGHT="24" CONTENT="the" WC="0.96" CC="111"/>
						<SP ID="P4_SP00400" HPOS="211" VPOS="3266" WIDTH="18"/>
						<String ID="P4_ST00483" HPOS="229" VPOS="3237" WIDTH="102" HEIGHT="25" CONTENT="benefits" WC="0.96" CC="10001111"/>
						<SP ID="P4_SP00401" HPOS="331" VPOS="3266" WIDTH="18"/>
						<String ID="P4_ST00484" HPOS="349" VPOS="3236" WIDTH="27" HEIGHT="26" CONTENT="of" WC="0.96" CC="01"/>
						<SP ID="P4_SP00402" HPOS="376" VPOS="3266" WIDTH="21"/>
						<String ID="P4_ST00485" HPOS="397" VPOS="3244" WIDTH="33" HEIGHT="17" CONTENT="an" WC="0.87" CC="03"/>
						<SP ID="P4_SP00403" HPOS="430" VPOS="3266" WIDTH="23"/>
						<String ID="P4_ST00486" HPOS="453" VPOS="3238" WIDTH="127" HEIGHT="31" CONTENT="organised" WC="0.83" CC="001410901"/>
					</TextLine>
					<TextLine ID="P4_TL00079" HPOS="51" VPOS="3274" WIDTH="528" HEIGHT="36">
						<String ID="P4_ST00487" HPOS="51" VPOS="3277" WIDTH="168" HEIGHT="33" CONTENT="Agricultural" WC="0.98" CC="101001111000"/>
						<SP ID="P4_SP00404" HPOS="219" VPOS="3310" WIDTH="20"/>
						<String ID="P4_ST00488" HPOS="239" VPOS="3276" WIDTH="171" HEIGHT="31" CONTENT="Department," WC="0.98" CC="10000000001"/>
						<SP ID="P4_SP00405" HPOS="410" VPOS="3310" WIDTH="32"/>
						<String ID="P4_ST00489" HPOS="442" VPOS="3274" WIDTH="33" HEIGHT="33" CONTENT="by" WC="0.93" CC="02"/>
						<SP ID="P4_SP00406" HPOS="475" VPOS="3310" WIDTH="22"/>
						<String ID="P4_ST00490" HPOS="497" VPOS="3275" WIDTH="82" HEIGHT="25" CONTENT="which" WC="0.91" CC="21012"/>
					</TextLine>
					<TextLine ID="P4_TL00080" HPOS="51" VPOS="3316" WIDTH="529" HEIGHT="34">
						<String ID="P4_ST00491" HPOS="51" VPOS="3321" WIDTH="43" HEIGHT="23" CONTENT="the" WC="0.99" CC="010"/>
						<SP ID="P4_SP00407" HPOS="94" VPOS="3344" WIDTH="12"/>
						<String ID="P4_ST00492" HPOS="106" VPOS="3318" WIDTH="107" HEIGHT="32" CONTENT="produce" WC="0.96" CC="1101100"/>
						<SP ID="P4_SP00408" HPOS="213" VPOS="3350" WIDTH="12"/>
						<String ID="P4_ST00493" HPOS="225" VPOS="3316" WIDTH="26" HEIGHT="24" CONTENT="of" WC="0.96" CC="01"/>
						<SP ID="P4_SP00409" HPOS="251" VPOS="3350" WIDTH="9"/>
						<String ID="P4_ST00494" HPOS="260" VPOS="3316" WIDTH="42" HEIGHT="24" CONTENT="the" WC="0.99" CC="001"/>
						<SP ID="P4_SP00410" HPOS="302" VPOS="3350" WIDTH="16"/>
						<String ID="P4_ST00495" HPOS="318" VPOS="3317" WIDTH="104" HEIGHT="30" CONTENT="country" WC="0.98" CC="1011000"/>
						<SP ID="P4_SP00411" HPOS="422" VPOS="3350" WIDTH="19"/>
						<String ID="P4_ST00496" HPOS="441" VPOS="3316" WIDTH="73" HEIGHT="24" CONTENT="could" WC="0.98" CC="01101"/>
						<SP ID="P4_SP00412" HPOS="514" VPOS="3350" WIDTH="10"/>
						<String ID="P4_ST00497" HPOS="524" VPOS="3323" WIDTH="56" HEIGHT="17" CONTENT="now" WC="0.99" CC="001"/>
					</TextLine>
					<TextLine ID="P4_TL00081" HPOS="49" VPOS="3352" WIDTH="531" HEIGHT="30">
						<String ID="P4_ST00498" HPOS="49" VPOS="3357" WIDTH="33" HEIGHT="25" CONTENT="be" WC="0.96" CC="10"/>
						<SP ID="P4_SP00413" HPOS="82" VPOS="3382" WIDTH="11"/>
						<String ID="P4_ST00499" HPOS="93" VPOS="3359" WIDTH="53" HEIGHT="22" CONTENT="sent" WC="0.96" CC="1001"/>
						<SP ID="P4_SP00414" HPOS="146" VPOS="3382" WIDTH="20"/>
						<String ID="P4_ST00500" HPOS="166" VPOS="3357" WIDTH="26" HEIGHT="22" CONTENT="to" WC="0.98" CC="10"/>
						<SP ID="P4_SP00415" HPOS="192" VPOS="3382" WIDTH="25"/>
						<String ID="P4_ST00501" HPOS="217" VPOS="3354" WIDTH="43" HEIGHT="24" CONTENT="the" WC="0.95" CC="110"/>
						<SP ID="P4_SP00416" HPOS="260" VPOS="3382" WIDTH="25"/>
						<String ID="P4_ST00502" HPOS="285" VPOS="3352" WIDTH="108" HEIGHT="25" CONTENT="markets" WC="0.97" CC="0110011"/>
						<SP ID="P4_SP00417" HPOS="393" VPOS="3382" WIDTH="18"/>
						<String ID="P4_ST00503" HPOS="411" VPOS="3353" WIDTH="34" HEIGHT="24" CONTENT="all" WC="0.99" CC="100"/>
						<SP ID="P4_SP00418" HPOS="445" VPOS="3382" WIDTH="15"/>
						<String ID="P4_ST00504" HPOS="460" VPOS="3361" WIDTH="57" HEIGHT="17" CONTENT="over" WC="0.98" CC="0001"/>
						<SP ID="P4_SP00419" HPOS="517" VPOS="3382" WIDTH="20"/>
						<String ID="P4_ST00505" HPOS="537" VPOS="3354" WIDTH="43" HEIGHT="24" CONTENT="the" WC="0.97" CC="110"/>
					</TextLine>
					<TextLine ID="P4_TL00082" HPOS="52" VPOS="3392" WIDTH="527" HEIGHT="32">
						<String ID="P4_ST00506" HPOS="52" VPOS="3397" WIDTH="74" HEIGHT="23" CONTENT="world" WC="0.85" CC="70000"/>
						<SP ID="P4_SP00420" HPOS="126" VPOS="3420" WIDTH="10"/>
						<String ID="P4_ST00507" HPOS="136" VPOS="3396" WIDTH="26" HEIGHT="22" CONTENT="m" WC="0.74" CC="4"/>
						<SP ID="P4_SP00421" HPOS="162" VPOS="3420" WIDTH="18"/>
						<String ID="P4_ST00508" HPOS="180" VPOS="3395" WIDTH="36" HEIGHT="22" CONTENT="far" WC="0.97" CC="100"/>
						<SP ID="P4_SP00422" HPOS="216" VPOS="3420" WIDTH="13"/>
						<String ID="P4_ST00509" HPOS="229" VPOS="3394" WIDTH="77" HEIGHT="24" CONTENT="better" WC="0.97" CC="101101"/>
						<SP ID="P4_SP00423" HPOS="306" VPOS="3420" WIDTH="11"/>
						<String ID="P4_ST00510" HPOS="317" VPOS="3392" WIDTH="125" HEIGHT="24" CONTENT="condition" WC="0.97" CC="001101011"/>
						<SP ID="P4_SP00424" HPOS="442" VPOS="3420" WIDTH="11"/>
						<String ID="P4_ST00511" HPOS="453" VPOS="3393" WIDTH="62" HEIGHT="23" CONTENT="than" WC="0.96" CC="0101"/>
						<SP ID="P4_SP00425" HPOS="515" VPOS="3420" WIDTH="11"/>
						<String ID="P4_ST00512" HPOS="526" VPOS="3401" WIDTH="53" HEIGHT="23" CONTENT="pre" SUBS_TYPE="HypPart1" SUBS_CONTENT="previously," WC="1.00" CC="0000"/>
						<HYP CONTENT="-"/>
					</TextLine>
					<TextLine ID="P4_TL00083" HPOS="49" VPOS="3430" WIDTH="530" HEIGHT="35">
						<String ID="P4_ST00513" HPOS="49" VPOS="3434" WIDTH="104" HEIGHT="31" CONTENT="viously," SUBS_TYPE="HypPart2" SUBS_CONTENT="previously," WC="0.85" CC="90111001"/>
						<SP ID="P4_SP00426" HPOS="153" VPOS="3465" WIDTH="23"/>
						<String ID="P4_ST00514" HPOS="176" VPOS="3432" WIDTH="49" HEIGHT="24" CONTENT="and" WC="0.97" CC="011"/>
						<SP ID="P4_SP00427" HPOS="225" VPOS="3465" WIDTH="22"/>
						<String ID="P4_ST00515" HPOS="247" VPOS="3431" WIDTH="37" HEIGHT="25" CONTENT="for" WC="0.97" CC="001"/>
						<SP ID="P4_SP00428" HPOS="284" VPOS="3465" WIDTH="23"/>
						<String ID="P4_ST00516" HPOS="307" VPOS="3430" WIDTH="78" HEIGHT="32" CONTENT="prices" WC="0.91" CC="112031"/>
						<SP ID="P4_SP00429" HPOS="385" VPOS="3465" WIDTH="22"/>
						<String ID="P4_ST00517" HPOS="407" VPOS="3430" WIDTH="87" HEIGHT="26" CONTENT="almost" WC="0.85" CC="313121"/>
						<SP ID="P4_SP00430" HPOS="494" VPOS="3465" WIDTH="13"/>
						<String ID="P4_ST00518" HPOS="507" VPOS="3432" WIDTH="72" HEIGHT="31" CONTENT="equal" WC="0.97" CC="01010"/>
					</TextLine>
					<TextLine ID="P4_TL00084" HPOS="51" VPOS="3469" WIDTH="529" HEIGHT="29">
						<String ID="P4_ST00519" HPOS="51" VPOS="3476" WIDTH="26" HEIGHT="22" CONTENT="to" WC="0.96" CC="10"/>
						<SP ID="P4_SP00431" HPOS="77" VPOS="3498" WIDTH="12"/>
						<String ID="P4_ST00520" HPOS="89" VPOS="3472" WIDTH="70" HEIGHT="24" CONTENT="those" WC="0.96" CC="01010"/>
						<SP ID="P4_SP00432" HPOS="159" VPOS="3498" WIDTH="12"/>
						<String ID="P4_ST00521" HPOS="171" VPOS="3470" WIDTH="33" HEIGHT="25" CONTENT="all" WC="1.00" CC="000"/>
						<SP ID="P4_SP00433" HPOS="204" VPOS="3498" WIDTH="12"/>
						<String ID="P4_ST00522" HPOS="216" VPOS="3477" WIDTH="56" HEIGHT="18" CONTENT="over" WC="0.96" CC="0110"/>
						<SP ID="P4_SP00434" HPOS="272" VPOS="3498" WIDTH="12"/>
						<String ID="P4_ST00523" HPOS="284" VPOS="3470" WIDTH="40" HEIGHT="23" CONTENT="the" WC="0.97" CC="101"/>
						<SP ID="P4_SP00435" HPOS="324" VPOS="3498" WIDTH="21"/>
						<String ID="P4_ST00524" HPOS="345" VPOS="3469" WIDTH="83" HEIGHT="29" CONTENT="world," WC="0.90" CC="401011"/>
						<SP ID="P4_SP00436" HPOS="428" VPOS="3498" WIDTH="21"/>
						<String ID="P4_ST00525" HPOS="449" VPOS="3469" WIDTH="55" HEIGHT="26" CONTENT="that" WC="0.96" CC="1001"/>
						<SP ID="P4_SP00437" HPOS="504" VPOS="3498" WIDTH="11"/>
						<String ID="P4_ST00526" HPOS="515" VPOS="3470" WIDTH="65" HEIGHT="25" CONTENT="self" SUBS_TYPE="HypPart1" SUBS_CONTENT="selfreliance" WC="0.93" CC="10012"/>
						<HYP CONTENT="-"/>
					</TextLine>
					<TextLine ID="P4_TL00085" HPOS="51" VPOS="3509" WIDTH="528" HEIGHT="29">
						<String ID="P4_ST00527" HPOS="51" VPOS="3513" WIDTH="105" HEIGHT="25" CONTENT="reliance" SUBS_TYPE="HypPart2" SUBS_CONTENT="selfreliance" WC="0.98" CC="10010100"/>
						<SP ID="P4_SP00438" HPOS="156" VPOS="3538" WIDTH="20"/>
						<String ID="P4_ST00528" HPOS="176" VPOS="3510" WIDTH="50" HEIGHT="25" CONTENT="had" WC="0.97" CC="100"/>
						<SP ID="P4_SP00439" HPOS="226" VPOS="3538" WIDTH="20"/>
						<String ID="P4_ST00529" HPOS="246" VPOS="3510" WIDTH="59" HEIGHT="25" CONTENT="been" WC="0.96" CC="0011"/>
						<SP ID="P4_SP00440" HPOS="305" VPOS="3538" WIDTH="12"/>
						<String ID="P4_ST00530" HPOS="317" VPOS="3509" WIDTH="160" HEIGHT="26" CONTENT="undermined" WC="0.85" CC="0019010121"/>
						<SP ID="P4_SP00441" HPOS="477" VPOS="3538" WIDTH="9"/>
						<String ID="P4_ST00531" HPOS="486" VPOS="3511" WIDTH="12" HEIGHT="24" CONTENT="?" WC="0.85" CC="2"/>
						<SP ID="P4_SP00442" HPOS="498" VPOS="3538" WIDTH="23"/>
						<String ID="P4_ST00532" HPOS="521" VPOS="3510" WIDTH="58" HEIGHT="26" CONTENT="Was" WC="0.95" CC="101"/>
					</TextLine>
					<TextLine ID="P4_TL00086" HPOS="51" VPOS="3550" WIDTH="527" HEIGHT="28">
						<String ID="P4_ST00533" HPOS="51" VPOS="3554" WIDTH="21" HEIGHT="24" CONTENT="it" WC="0.94" CC="11"/>
						<SP ID="P4_SP00443" HPOS="72" VPOS="3578" WIDTH="20"/>
						<String ID="P4_ST00534" HPOS="92" VPOS="3553" WIDTH="102" HEIGHT="24" CONTENT="because" WC="0.97" CC="0110110"/>
						<SP ID="P4_SP00444" HPOS="194" VPOS="3578" WIDTH="20"/>
						<String ID="P4_ST00535" HPOS="214" VPOS="3550" WIDTH="42" HEIGHT="25" CONTENT="the" WC="0.97" CC="110"/>
						<SP ID="P4_SP00445" HPOS="256" VPOS="3578" WIDTH="24"/>
						<String ID="P4_ST00536" HPOS="280" VPOS="3550" WIDTH="166" HEIGHT="25" CONTENT="Government" WC="0.95" CC="1001102101"/>
						<SP ID="P4_SP00446" HPOS="446" VPOS="3578" WIDTH="28"/>
						<String ID="P4_ST00537" HPOS="474" VPOS="3551" WIDTH="47" HEIGHT="24" CONTENT="bad" WC="0.91" CC="120"/>
						<SP ID="P4_SP00447" HPOS="521" VPOS="3578" WIDTH="21"/>
						<String ID="P4_ST00538" HPOS="542" VPOS="3559" WIDTH="36" HEIGHT="16" CONTENT="re" SUBS_TYPE="HypPart1" SUBS_CONTENT="restored" WC="0.95" CC="101"/>
						<HYP CONTENT="-"/>
					</TextLine>
					<TextLine ID="P4_TL00087" HPOS="52" VPOS="3590" WIDTH="526" HEIGHT="32">
						<String ID="P4_ST00539" HPOS="52" VPOS="3592" WIDTH="82" HEIGHT="25" CONTENT="stored" SUBS_TYPE="HypPart2" SUBS_CONTENT="restored" WC="0.95" CC="100102"/>
						<SP ID="P4_SP00448" HPOS="134" VPOS="3617" WIDTH="12"/>
						<String ID="P4_ST00540" HPOS="146" VPOS="3592" WIDTH="42" HEIGHT="23" CONTENT="the" WC="0.91" CC="121"/>
						<SP ID="P4_SP00449" HPOS="188" VPOS="3617" WIDTH="12"/>
						<String ID="P4_ST00541" HPOS="200" VPOS="3590" WIDTH="111" HEIGHT="30" CONTENT="railways" WC="0.98" CC="01101100"/>
						<SP ID="P4_SP00450" HPOS="311" VPOS="3620" WIDTH="11"/>
						<String ID="P4_ST00542" HPOS="322" VPOS="3595" WIDTH="25" HEIGHT="19" CONTENT="to" WC="0.87" CC="30"/>
						<SP ID="P4_SP00451" HPOS="347" VPOS="3620" WIDTH="19"/>
						<String ID="P4_ST00543" HPOS="366" VPOS="3590" WIDTH="42" HEIGHT="24" CONTENT="the" WC="0.99" CC="100"/>
						<SP ID="P4_SP00452" HPOS="408" VPOS="3620" WIDTH="11"/>
						<String ID="P4_ST00544" HPOS="419" VPOS="3591" WIDTH="92" HEIGHT="31" CONTENT="people," WC="0.95" CC="1111011"/>
						<SP ID="P4_SP00453" HPOS="511" VPOS="3622" WIDTH="14"/>
						<String ID="P4_ST00545" HPOS="525" VPOS="3591" WIDTH="53" HEIGHT="24" CONTENT="tak" SUBS_TYPE="HypPart1" SUBS_CONTENT="taking" WC="0.97" CC="1010"/>
						<HYP CONTENT="-"/>
					</TextLine>
					<TextLine ID="P4_TL00088" HPOS="50" VPOS="3628" WIDTH="528" HEIGHT="34">
						<String ID="P4_ST00546" HPOS="50" VPOS="3631" WIDTH="44" HEIGHT="31" CONTENT="ing" SUBS_TYPE="HypPart2" SUBS_CONTENT="taking" WC="0.97" CC="010"/>
						<SP ID="P4_SP00454" HPOS="94" VPOS="3662" WIDTH="21"/>
						<String ID="P4_ST00547" HPOS="115" VPOS="3630" WIDTH="68" HEIGHT="24" CONTENT="them" WC="0.91" CC="1102"/>
						<SP ID="P4_SP00455" HPOS="183" VPOS="3662" WIDTH="19"/>
						<String ID="P4_ST00548" HPOS="202" VPOS="3630" WIDTH="44" HEIGHT="23" CONTENT="out" WC="0.96" CC="010"/>
						<SP ID="P4_SP00456" HPOS="246" VPOS="3662" WIDTH="19"/>
						<String ID="P4_ST00549" HPOS="265" VPOS="3628" WIDTH="27" HEIGHT="24" CONTENT="of" WC="0.98" CC="01"/>
						<SP ID="P4_SP00457" HPOS="292" VPOS="3662" WIDTH="18"/>
						<String ID="P4_ST00550" HPOS="310" VPOS="3628" WIDTH="38" HEIGHT="23" CONTENT="the" WC="0.97" CC="011"/>
						<SP ID="P4_SP00458" HPOS="348" VPOS="3662" WIDTH="21"/>
						<String ID="P4_ST00551" HPOS="369" VPOS="3628" WIDTH="78" HEIGHT="24" CONTENT="hands" WC="0.91" CC="01301"/>
						<SP ID="P4_SP00459" HPOS="447" VPOS="3662" WIDTH="23"/>
						<String ID="P4_ST00552" HPOS="470" VPOS="3629" WIDTH="26" HEIGHT="24" CONTENT="of" WC="0.93" CC="02"/>
						<SP ID="P4_SP00460" HPOS="496" VPOS="3662" WIDTH="17"/>
						<String ID="P4_ST00553" HPOS="513" VPOS="3630" WIDTH="65" HEIGHT="25" CONTENT="three" WC="0.98" CC="00011"/>
					</TextLine>
					<TextLine ID="P4_TL00089" HPOS="53" VPOS="3665" WIDTH="524" HEIGHT="35">
						<String ID="P4_ST00554" HPOS="53" VPOS="3667" WIDTH="212" HEIGHT="28" CONTENT="Commissioners," WC="0.92" CC="10320210011111"/>
						<SP ID="P4_SP00461" HPOS="265" VPOS="3695" WIDTH="13"/>
						<String ID="P4_ST00555" HPOS="278" VPOS="3665" WIDTH="55" HEIGHT="25" CONTENT="who" WC="0.99" CC="010"/>
						<SP ID="P4_SP00462" HPOS="333" VPOS="3695" WIDTH="9"/>
						<String ID="P4_ST00556" HPOS="342" VPOS="3665" WIDTH="49" HEIGHT="25" CONTENT="had" WC="1.00" CC="000"/>
						<SP ID="P4_SP00463" HPOS="391" VPOS="3695" WIDTH="11"/>
						<String ID="P4_ST00557" HPOS="402" VPOS="3674" WIDTH="33" HEIGHT="16" CONTENT="no" WC="0.98" CC="10"/>
						<SP ID="P4_SP00464" HPOS="435" VPOS="3695" WIDTH="11"/>
						<String ID="P4_ST00558" HPOS="446" VPOS="3668" WIDTH="131" HEIGHT="32" CONTENT="sympathy" WC="0.79" CC="01590011"/>
					</TextLine>
					<TextLine ID="P4_TL00090" HPOS="50" VPOS="3703" WIDTH="528" HEIGHT="32">
						<String ID="P4_ST00559" HPOS="50" VPOS="3705" WIDTH="62" HEIGHT="25" CONTENT="■with" WC="0.93" CC="02111"/>
						<SP ID="P4_SP00465" HPOS="112" VPOS="3730" WIDTH="12"/>
						<String ID="P4_ST00560" HPOS="124" VPOS="3705" WIDTH="41" HEIGHT="25" CONTENT="the" WC="0.96" CC="110"/>
						<SP ID="P4_SP00466" HPOS="165" VPOS="3730" WIDTH="19"/>
						<String ID="P4_ST00561" HPOS="184" VPOS="3705" WIDTH="113" HEIGHT="23" CONTENT="interests" WC="0.96" CC="111010101"/>
						<SP ID="P4_SP00467" HPOS="297" VPOS="3730" WIDTH="11"/>
						<String ID="P4_ST00562" HPOS="308" VPOS="3703" WIDTH="26" HEIGHT="24" CONTENT="of" WC="0.96" CC="01"/>
						<SP ID="P4_SP00468" HPOS="334" VPOS="3730" WIDTH="20"/>
						<String ID="P4_ST00563" HPOS="354" VPOS="3705" WIDTH="41" HEIGHT="23" CONTENT="the" WC="0.97" CC="010"/>
						<SP ID="P4_SP00469" HPOS="395" VPOS="3730" WIDTH="12"/>
						<String ID="P4_ST00564" HPOS="407" VPOS="3705" WIDTH="82" HEIGHT="30" CONTENT="people" WC="0.96" CC="110100"/>
						<SP ID="P4_SP00470" HPOS="489" VPOS="3735" WIDTH="12"/>
						<String ID="P4_ST00565" HPOS="501" VPOS="3705" WIDTH="28" HEIGHT="25" CONTENT="of" WC="0.96" CC="01"/>
						<SP ID="P4_SP00471" HPOS="529" VPOS="3735" WIDTH="8"/>
						<String ID="P4_ST00566" HPOS="537" VPOS="3706" WIDTH="41" HEIGHT="24" CONTENT="the" WC="1.00" CC="000"/>
					</TextLine>
					<TextLine ID="P4_TL00091" HPOS="48" VPOS="3743" WIDTH="529" HEIGHT="34">
						<String ID="P4_ST00567" HPOS="48" VPOS="3745" WIDTH="97" HEIGHT="32" CONTENT="colony," WC="0.95" CC="2100011"/>
						<SP ID="P4_SP00472" HPOS="145" VPOS="3777" WIDTH="29"/>
						<String ID="P4_ST00568" HPOS="174" VPOS="3745" WIDTH="54" HEIGHT="24" CONTENT="that" WC="0.98" CC="0101"/>
						<SP ID="P4_SP00473" HPOS="228" VPOS="3777" WIDTH="34"/>
						<String ID="P4_ST00569" HPOS="262" VPOS="3743" WIDTH="161" HEIGHT="26" CONTENT="self-reliance" WC="0.96" CC="0210001100200"/>
						<SP ID="P4_SP00474" HPOS="423" VPOS="3777" WIDTH="22"/>
						<String ID="P4_ST00570" HPOS="445" VPOS="3745" WIDTH="50" HEIGHT="25" CONTENT="had" WC="0.99" CC="100"/>
						<SP ID="P4_SP00475" HPOS="495" VPOS="3777" WIDTH="23"/>
						<String ID="P4_ST00571" HPOS="518" VPOS="3747" WIDTH="59" HEIGHT="24" CONTENT="been" WC="1.00" CC="0000"/>
					</TextLine>
					<TextLine ID="P4_TL00092" HPOS="49" VPOS="3784" WIDTH="527" HEIGHT="27">
						<String ID="P4_ST00572" HPOS="49" VPOS="3784" WIDTH="161" HEIGHT="26" CONTENT="undermined" WC="0.93" CC="5010010100"/>
						<SP ID="P4_SP00476" HPOS="210" VPOS="3810" WIDTH="10"/>
						<String ID="P4_ST00573" HPOS="220" VPOS="3785" WIDTH="11" HEIGHT="24" CONTENT="?" WC="0.89" CC="1"/>
						<SP ID="P4_SP00477" HPOS="231" VPOS="3810" WIDTH="16"/>
						<String ID="P4_ST00574" HPOS="247" VPOS="3784" WIDTH="60" HEIGHT="26" CONTENT="Was" WC="0.89" CC="121"/>
						<SP ID="P4_SP00478" HPOS="307" VPOS="3810" WIDTH="10"/>
						<String ID="P4_ST00575" HPOS="317" VPOS="3784" WIDTH="20" HEIGHT="25" CONTENT="it" WC="0.98" CC="01"/>
						<SP ID="P4_SP00479" HPOS="337" VPOS="3810" WIDTH="11"/>
						<String ID="P4_ST00576" HPOS="348" VPOS="3785" WIDTH="99" HEIGHT="25" CONTENT="because" WC="0.97" CC="1010110"/>
						<SP ID="P4_SP00480" HPOS="447" VPOS="3810" WIDTH="11"/>
						<String ID="P4_ST00577" HPOS="458" VPOS="3785" WIDTH="43" HEIGHT="25" CONTENT="the" WC="0.97" CC="110"/>
						<SP ID="P4_SP00481" HPOS="501" VPOS="3810" WIDTH="12"/>
						<String ID="P4_ST00578" HPOS="513" VPOS="3785" WIDTH="63" HEIGHT="26" CONTENT="Gov" SUBS_TYPE="HypPart1" SUBS_CONTENT="Government" WC="0.99" CC="0010"/>
						<HYP CONTENT="-"/>
					</TextLine>
					<TextLine ID="P4_TL00093" HPOS="49" VPOS="3824" WIDTH="528" HEIGHT="32">
						<String ID="P4_ST00579" HPOS="49" VPOS="3827" WIDTH="111" HEIGHT="23" CONTENT="ernment" SUBS_TYPE="HypPart2" SUBS_CONTENT="Government" WC="0.90" CC="2132001"/>
						<SP ID="P4_SP00482" HPOS="160" VPOS="3850" WIDTH="19"/>
						<String ID="P4_ST00580" HPOS="179" VPOS="3824" WIDTH="48" HEIGHT="24" CONTENT="had" WC="0.94" CC="101"/>
						<SP ID="P4_SP00483" HPOS="227" VPOS="3850" WIDTH="19"/>
						<String ID="P4_ST00581" HPOS="246" VPOS="3824" WIDTH="155" HEIGHT="32" CONTENT="re-arranged" WC="0.97" CC="00020011010"/>
						<SP ID="P4_SP00484" HPOS="401" VPOS="3856" WIDTH="19"/>
						<String ID="P4_ST00582" HPOS="420" VPOS="3825" WIDTH="41" HEIGHT="24" CONTENT="the" WC="0.94" CC="110"/>
						<SP ID="P4_SP00485" HPOS="461" VPOS="3856" WIDTH="12"/>
						<String ID="P4_ST00583" HPOS="473" VPOS="3825" WIDTH="70" HEIGHT="25" CONTENT="tariff" WC="0.77" CC="111155"/>
						<SP ID="P4_SP00486" HPOS="543" VPOS="3856" WIDTH="7"/>
						<String ID="P4_ST00584" HPOS="550" VPOS="3826" WIDTH="27" HEIGHT="24" CONTENT="m" WC="0.74" CC="1"/>
					</TextLine>
					<TextLine ID="P4_TL00094" HPOS="50" VPOS="3864" WIDTH="528" HEIGHT="33">
						<String ID="P4_ST00585" HPOS="50" VPOS="3865" WIDTH="61" HEIGHT="25" CONTENT="such" WC="0.98" CC="1001"/>
						<SP ID="P4_SP00487" HPOS="111" VPOS="3890" WIDTH="11"/>
						<String ID="P4_ST00586" HPOS="122" VPOS="3873" WIDTH="15" HEIGHT="16" CONTENT="a" WC="0.96" CC="1"/>
						<SP ID="P4_SP00488" HPOS="137" VPOS="3890" WIDTH="19"/>
						<String ID="P4_ST00587" HPOS="156" VPOS="3872" WIDTH="52" HEIGHT="24" CONTENT="way" WC="0.97" CC="100"/>
						<SP ID="P4_SP00489" HPOS="208" VPOS="3896" WIDTH="24"/>
						<String ID="P4_ST00588" HPOS="232" VPOS="3873" WIDTH="26" HEIGHT="16" CONTENT="as" WC="0.94" CC="11"/>
						<SP ID="P4_SP00490" HPOS="258" VPOS="3896" WIDTH="20"/>
						<String ID="P4_ST00589" HPOS="278" VPOS="3867" WIDTH="25" HEIGHT="22" CONTENT="to" WC="0.98" CC="10"/>
						<SP ID="P4_SP00491" HPOS="303" VPOS="3896" WIDTH="24"/>
						<String ID="P4_ST00590" HPOS="327" VPOS="3864" WIDTH="53" HEIGHT="32" CONTENT="give" WC="0.98" CC="1010"/>
						<SP ID="P4_SP00492" HPOS="380" VPOS="3896" WIDTH="20"/>
						<String ID="P4_ST00591" HPOS="400" VPOS="3865" WIDTH="75" HEIGHT="25" CONTENT="much" WC="0.97" CC="0111"/>
						<SP ID="P4_SP00493" HPOS="475" VPOS="3896" WIDTH="23"/>
						<String ID="P4_ST00592" HPOS="498" VPOS="3867" WIDTH="80" HEIGHT="30" CONTENT="larger" WC="0.99" CC="001000"/>
					</TextLine>
					<TextLine ID="P4_TL00095" HPOS="49" VPOS="3905" WIDTH="527" HEIGHT="32">
						<String ID="P4_ST00593" HPOS="49" VPOS="3905" WIDTH="150" HEIGHT="32" CONTENT="advantages" WC="0.87" CC="1117210101"/>
						<SP ID="P4_SP00494" HPOS="199" VPOS="3937" WIDTH="18"/>
						<String ID="P4_ST00594" HPOS="217" VPOS="3906" WIDTH="25" HEIGHT="24" CONTENT="to" WC="1.00" CC="00"/>
						<SP ID="P4_SP00495" HPOS="242" VPOS="3937" WIDTH="20"/>
						<String ID="P4_ST00595" HPOS="262" VPOS="3905" WIDTH="43" HEIGHT="25" CONTENT="the" WC="0.91" CC="111"/>
						<SP ID="P4_SP00496" HPOS="305" VPOS="3937" WIDTH="22"/>
						<String ID="P4_ST00596" HPOS="327" VPOS="3905" WIDTH="86" HEIGHT="32" CONTENT="people" WC="0.96" CC="110011"/>
						<SP ID="P4_SP00497" HPOS="413" VPOS="3937" WIDTH="19"/>
						<String ID="P4_ST00597" HPOS="432" VPOS="3905" WIDTH="26" HEIGHT="26" CONTENT="of" WC="0.94" CC="01"/>
						<SP ID="P4_SP00498" HPOS="458" VPOS="3937" WIDTH="16"/>
						<String ID="P4_ST00598" HPOS="474" VPOS="3907" WIDTH="43" HEIGHT="24" CONTENT="the" WC="0.97" CC="010"/>
						<SP ID="P4_SP00499" HPOS="517" VPOS="3937" WIDTH="12"/>
						<String ID="P4_ST00599" HPOS="529" VPOS="3906" WIDTH="47" HEIGHT="25" CONTENT="col" SUBS_TYPE="HypPart1" SUBS_CONTENT="colony," WC="0.98" CC="1001"/>
						<HYP CONTENT="-"/>
					</TextLine>
					<TextLine ID="P4_TL00096" HPOS="49" VPOS="3945" WIDTH="527" HEIGHT="33">
						<String ID="P4_ST00600" HPOS="49" VPOS="3954" WIDTH="57" HEIGHT="23" CONTENT="ony," SUBS_TYPE="HypPart2" SUBS_CONTENT="colony," WC="0.93" CC="1112"/>
						<SP ID="P4_SP00500" HPOS="106" VPOS="3977" WIDTH="13"/>
						<String ID="P4_ST00601" HPOS="119" VPOS="3954" WIDTH="25" HEIGHT="15" CONTENT="or" WC="0.93" CC="02"/>
						<SP ID="P4_SP00501" HPOS="144" VPOS="3977" WIDTH="21"/>
						<String ID="P4_ST00602" HPOS="165" VPOS="3945" WIDTH="31" HEIGHT="32" CONTENT="by" WC="1.00" CC="00"/>
						<SP ID="P4_SP00502" HPOS="196" VPOS="3977" WIDTH="22"/>
						<String ID="P4_ST00603" HPOS="218" VPOS="3945" WIDTH="116" HEIGHT="32" CONTENT="reducing" WC="0.95" CC="01110011"/>
						<SP ID="P4_SP00503" HPOS="334" VPOS="3977" WIDTH="20"/>
						<String ID="P4_ST00604" HPOS="354" VPOS="3946" WIDTH="99" HEIGHT="32" CONTENT="railway" WC="0.95" CC="1111011"/>
						<SP ID="P4_SP00504" HPOS="453" VPOS="3978" WIDTH="19"/>
						<String ID="P4_ST00605" HPOS="472" VPOS="3947" WIDTH="104" HEIGHT="31" CONTENT="freights" WC="0.96" CC="10111101"/>
					</TextLine>
					<TextLine ID="P4_TL00097" HPOS="47" VPOS="3984" WIDTH="529" HEIGHT="34">
						<String ID="P4_ST00606" HPOS="47" VPOS="3992" WIDTH="33" HEIGHT="17" CONTENT="on" WC="0.98" CC="01"/>
						<SP ID="P4_SP00505" HPOS="80" VPOS="4009" WIDTH="13"/>
						<String ID="P4_ST00607" HPOS="93" VPOS="3984" WIDTH="42" HEIGHT="24" CONTENT="the" WC="0.97" CC="010"/>
						<SP ID="P4_SP00506" HPOS="135" VPOS="4009" WIDTH="17"/>
						<String ID="P4_ST00608" HPOS="152" VPOS="3984" WIDTH="104" HEIGHT="31" CONTENT="produce" WC="0.97" CC="1101001"/>
						<SP ID="P4_SP00507" HPOS="256" VPOS="4015" WIDTH="19"/>
						<String ID="P4_ST00609" HPOS="275" VPOS="3984" WIDTH="26" HEIGHT="25" CONTENT="of" WC="0.93" CC="02"/>
						<SP ID="P4_SP00508" HPOS="301" VPOS="4015" WIDTH="18"/>
						<String ID="P4_ST00610" HPOS="319" VPOS="3985" WIDTH="40" HEIGHT="25" CONTENT="the" WC="0.96" CC="110"/>
						<SP ID="P4_SP00509" HPOS="359" VPOS="4015" WIDTH="21"/>
						<String ID="P4_ST00611" HPOS="380" VPOS="3985" WIDTH="44" HEIGHT="25" CONTENT="soil" WC="0.99" CC="1000"/>
						<SP ID="P4_SP00510" HPOS="424" VPOS="4015" WIDTH="13"/>
						<String ID="P4_ST00612" HPOS="437" VPOS="3985" WIDTH="73" HEIGHT="33" CONTENT="being" WC="0.98" CC="00100"/>
						<SP ID="P4_SP00511" HPOS="510" VPOS="4018" WIDTH="11"/>
						<String ID="P4_ST00613" HPOS="521" VPOS="3988" WIDTH="55" HEIGHT="24" CONTENT="sent" WC="0.96" CC="1010"/>
					</TextLine>
					<TextLine ID="P4_TL00098" HPOS="49" VPOS="4016" WIDTH="527" HEIGHT="32">
						<String ID="P4_ST00614" HPOS="49" VPOS="4020" WIDTH="27" HEIGHT="22" CONTENT="to" WC="1.00" CC="00"/>
						<SP ID="P4_SP00512" HPOS="76" VPOS="4042" WIDTH="10"/>
						<String ID="P4_ST00615" HPOS="86" VPOS="4017" WIDTH="60" HEIGHT="31" CONTENT="good" WC="0.98" CC="1001"/>
						<SP ID="P4_SP00513" HPOS="146" VPOS="4048" WIDTH="13"/>
						<String ID="P4_ST00616" HPOS="159" VPOS="4016" WIDTH="111" HEIGHT="30" CONTENT="markets," WC="0.97" CC="20000010"/>
						<SP ID="P4_SP00514" HPOS="270" VPOS="4048" WIDTH="24"/>
						<String ID="P4_ST00617" HPOS="294" VPOS="4025" WIDTH="28" HEIGHT="18" CONTENT="or" WC="0.94" CC="01"/>
						<SP ID="P4_SP00515" HPOS="322" VPOS="4048" WIDTH="11"/>
						<String ID="P4_ST00618" HPOS="333" VPOS="4018" WIDTH="102" HEIGHT="26" CONTENT="because" WC="0.97" CC="0000111"/>
						<SP ID="P4_SP00516" HPOS="435" VPOS="4048" WIDTH="11"/>
						<String ID="P4_ST00619" HPOS="446" VPOS="4018" WIDTH="20" HEIGHT="25" CONTENT="it" WC="0.98" CC="01"/>
						<SP ID="P4_SP00517" HPOS="466" VPOS="4048" WIDTH="11"/>
						<String ID="P4_ST00620" HPOS="477" VPOS="4020" WIDTH="99" HEIGHT="24" CONTENT="averted" WC="0.97" CC="0100021"/>
					</TextLine>
					<TextLine ID="P4_TL00099" HPOS="51" VPOS="4051" WIDTH="525" HEIGHT="32">
						<String ID="P4_ST00621" HPOS="51" VPOS="4060" WIDTH="14" HEIGHT="14" CONTENT="a" WC="0.93" CC="1"/>
						<SP ID="P4_SP00518" HPOS="65" VPOS="4074" WIDTH="11"/>
						<String ID="P4_ST00622" HPOS="76" VPOS="4051" WIDTH="116" HEIGHT="25" CONTENT="financial" WC="0.95" CC="111100010"/>
						<SP ID="P4_SP00519" HPOS="192" VPOS="4076" WIDTH="10"/>
						<String ID="P4_ST00623" HPOS="202" VPOS="4051" WIDTH="71" HEIGHT="31" CONTENT="panic" WC="0.94" CC="01300"/>
						<SP ID="P4_SP00520" HPOS="273" VPOS="4082" WIDTH="11"/>
						<String ID="P4_ST00624" HPOS="284" VPOS="4051" WIDTH="31" HEIGHT="32" CONTENT="by" WC="0.98" CC="01"/>
						<SP ID="P4_SP00521" HPOS="315" VPOS="4083" WIDTH="12"/>
						<String ID="P4_ST00625" HPOS="327" VPOS="4051" WIDTH="33" HEIGHT="25" CONTENT="its" WC="0.97" CC="001"/>
						<SP ID="P4_SP00522" HPOS="360" VPOS="4083" WIDTH="11"/>
						<String ID="P4_ST00626" HPOS="371" VPOS="4053" WIDTH="85" HEIGHT="24" CONTENT="action'" WC="0.90" CC="1030022"/>
						<SP ID="P4_SP00523" HPOS="456" VPOS="4083" WIDTH="16"/>
						<String ID="P4_ST00627" HPOS="472" VPOS="4053" WIDTH="28" HEIGHT="25" CONTENT="m" WC="0.98" CC="0"/>
						<SP ID="P4_SP00524" HPOS="500" VPOS="4083" WIDTH="11"/>
						<String ID="P4_ST00628" HPOS="511" VPOS="4053" WIDTH="65" HEIGHT="25" CONTENT="deal" SUBS_TYPE="HypPart1" SUBS_CONTENT="dealing" WC="0.92" CC="00031"/>
						<HYP CONTENT="-"/>
					</TextLine>
					<TextLine ID="P4_TL00100" HPOS="49" VPOS="4084" WIDTH="527" HEIGHT="30">
						<String ID="P4_ST00629" HPOS="49" VPOS="4084" WIDTH="44" HEIGHT="30" CONTENT="ing" SUBS_TYPE="HypPart2" SUBS_CONTENT="dealing" WC="0.88" CC="031"/>
						<SP ID="P4_SP00525" HPOS="93" VPOS="4114" WIDTH="12"/>
						<String ID="P4_ST00630" HPOS="105" VPOS="4085" WIDTH="56" HEIGHT="24" CONTENT="wit&gt;i" WC="0.81" CC="11252"/>
						<SP ID="P4_SP00526" HPOS="161" VPOS="4114" WIDTH="24"/>
						<String ID="P4_ST00631" HPOS="185" VPOS="4084" WIDTH="41" HEIGHT="25" CONTENT="the" WC="0.93" CC="110"/>
						<SP ID="P4_SP00527" HPOS="226" VPOS="4114" WIDTH="21"/>
						<String ID="P4_ST00632" HPOS="247" VPOS="4084" WIDTH="72" HEIGHT="25" CONTENT="Bank" WC="0.99" CC="1000"/>
						<SP ID="P4_SP00528" HPOS="319" VPOS="4114" WIDTH="21"/>
						<String ID="P4_ST00633" HPOS="340" VPOS="4086" WIDTH="23" HEIGHT="23" CONTENT="o?" WC="0.74" CC="05"/>
						<SP ID="P4_SP00529" HPOS="363" VPOS="4114" WIDTH="20"/>
						<String ID="P4_ST00634" HPOS="383" VPOS="4086" WIDTH="61" HEIGHT="24" CONTENT="New" WC="0.96" CC="100"/>
						<SP ID="P4_SP00530" HPOS="444" VPOS="4114" WIDTH="23"/>
						<String ID="P4_ST00635" HPOS="467" VPOS="4086" WIDTH="109" HEIGHT="25" CONTENT="Zealand" WC="0.92" CC="2211001"/>
					</TextLine>
					<TextLine ID="P4_TL00101" HPOS="49" VPOS="4116" WIDTH="527" HEIGHT="27">
						<String ID="P4_ST00636" HPOS="49" VPOS="4116" WIDTH="56" HEIGHT="24" CONTENT="that" WC="0.94" CC="0012"/>
						<SP ID="P4_SP00531" HPOS="105" VPOS="4140" WIDTH="12"/>
						<String ID="P4_ST00637" HPOS="117" VPOS="4116" WIDTH="157" HEIGHT="25" CONTENT="self-reliance" WC="0.97" CC="1011100001100"/>
						<SP ID="P4_SP00532" HPOS="274" VPOS="4141" WIDTH="19"/>
						<String ID="P4_ST00638" HPOS="293" VPOS="4117" WIDTH="50" HEIGHT="23" CONTENT="had" WC="0.99" CC="100"/>
						<SP ID="P4_SP00533" HPOS="343" VPOS="4141" WIDTH="19"/>
						<String ID="P4_ST00639" HPOS="362" VPOS="4118" WIDTH="61" HEIGHT="24" CONTENT="been" WC="1.00" CC="0000"/>
						<SP ID="P4_SP00534" HPOS="423" VPOS="4142" WIDTH="12"/>
						<String ID="P4_ST00640" HPOS="435" VPOS="4119" WIDTH="141" HEIGHT="24" CONTENT="undermin" SUBS_TYPE="HypPart1" SUBS_CONTENT="undermined?" WC="0.98" CC="111001010"/>
						<HYP CONTENT="-"/>
					</TextLine>
					<TextLine ID="P4_TL00102" HPOS="52" VPOS="4149" WIDTH="525" HEIGHT="28">
						<String ID="P4_ST00641" HPOS="52" VPOS="4149" WIDTH="49" HEIGHT="24" CONTENT="ed?" SUBS_TYPE="HypPart2" SUBS_CONTENT="undermined?" WC="0.95" CC="111"/>
						<SP ID="P4_SP00535" HPOS="101" VPOS="4173" WIDTH="24"/>
						<String ID="P4_ST00642" HPOS="125" VPOS="4149" WIDTH="25" HEIGHT="24" CONTENT="If" WC="0.96" CC="01"/>
						<SP ID="P4_SP00536" HPOS="150" VPOS="4173" WIDTH="17"/>
						<String ID="P4_ST00643" HPOS="167" VPOS="4149" WIDTH="42" HEIGHT="24" CONTENT="the" WC="0.97" CC="110"/>
						<SP ID="P4_SP00537" HPOS="209" VPOS="4173" WIDTH="21"/>
						<String ID="P4_ST00644" HPOS="230" VPOS="4149" WIDTH="165" HEIGHT="26" CONTENT="Government" WC="0.96" CC="1021111000"/>
						<SP ID="P4_SP00538" HPOS="395" VPOS="4175" WIDTH="19"/>
						<String ID="P4_ST00645" HPOS="414" VPOS="4150" WIDTH="51" HEIGHT="25" CONTENT="had" WC="0.96" CC="011"/>
						<SP ID="P4_SP00539" HPOS="465" VPOS="4175" WIDTH="12"/>
						<String ID="P4_ST00646" HPOS="477" VPOS="4152" WIDTH="100" HEIGHT="25" CONTENT="allowed" WC="0.82" CC="1100191"/>
					</TextLine>
					<TextLine ID="P4_TL00103" HPOS="51" VPOS="4182" WIDTH="523" HEIGHT="29">
						<String ID="P4_ST00647" HPOS="51" VPOS="4183" WIDTH="42" HEIGHT="24" CONTENT="the" WC="0.95" CC="111"/>
						<SP ID="P4_SP00540" HPOS="93" VPOS="4207" WIDTH="11"/>
						<String ID="P4_ST00648" HPOS="104" VPOS="4182" WIDTH="70" HEIGHT="24" CONTENT="Bank" WC="0.92" CC="1111"/>
						<SP ID="P4_SP00541" HPOS="174" VPOS="4207" WIDTH="12"/>
						<String ID="P4_ST00649" HPOS="186" VPOS="4185" WIDTH="24" HEIGHT="22" CONTENT="to" WC="1.00" CC="00"/>
						<SP ID="P4_SP00542" HPOS="210" VPOS="4207" WIDTH="12"/>
						<String ID="P4_ST00650" HPOS="222" VPOS="4191" WIDTH="30" HEIGHT="18" CONTENT="so" WC="0.74" CC="50"/>
						<SP ID="P4_SP00543" HPOS="252" VPOS="4209" WIDTH="8"/>
						<String ID="P4_ST00651" HPOS="260" VPOS="4182" WIDTH="77" HEIGHT="29" CONTENT="down," WC="0.93" CC="10111"/>
						<SP ID="P4_SP00544" HPOS="337" VPOS="4211" WIDTH="20"/>
						<String ID="P4_ST00652" HPOS="357" VPOS="4185" WIDTH="150" HEIGHT="24" CONTENT="commercial" WC="0.91" CC="2011010005"/>
						<SP ID="P4_SP00545" HPOS="507" VPOS="4211" WIDTH="14"/>
						<String ID="P4_ST00653" HPOS="521" VPOS="4185" WIDTH="53" HEIGHT="25" CONTENT="ruin" WC="0.97" CC="1101"/>
					</TextLine>
					<TextLine ID="P4_TL00104" HPOS="51" VPOS="4216" WIDTH="523" HEIGHT="35">
						<String ID="P4_ST00654" HPOS="51" VPOS="4216" WIDTH="81" HEIGHT="24" CONTENT="would" WC="0.94" CC="10111"/>
						<SP ID="P4_SP00546" HPOS="132" VPOS="4240" WIDTH="11"/>
						<String ID="P4_ST00655" HPOS="143" VPOS="4217" WIDTH="62" HEIGHT="23" CONTENT="have" WC="0.95" CC="1101"/>
						<SP ID="P4_SP00547" HPOS="205" VPOS="4240" WIDTH="13"/>
						<String ID="P4_ST00656" HPOS="218" VPOS="4217" WIDTH="85" HEIGHT="31" CONTENT="spread" WC="0.97" CC="110001"/>
						<SP ID="P4_SP00548" HPOS="303" VPOS="4248" WIDTH="11"/>
						<String ID="P4_ST00657" HPOS="314" VPOS="4218" WIDTH="34" HEIGHT="23" CONTENT="all" WC="1.00" CC="000"/>
						<SP ID="P4_SP00549" HPOS="348" VPOS="4248" WIDTH="11"/>
						<String ID="P4_ST00658" HPOS="359" VPOS="4227" WIDTH="57" HEIGHT="16" CONTENT="over" WC="0.97" CC="0101"/>
						<SP ID="P4_SP00550" HPOS="416" VPOS="4248" WIDTH="11"/>
						<String ID="P4_ST00659" HPOS="427" VPOS="4219" WIDTH="41" HEIGHT="23" CONTENT="the" WC="1.00" CC="000"/>
						<SP ID="P4_SP00551" HPOS="468" VPOS="4248" WIDTH="12"/>
						<String ID="P4_ST00660" HPOS="480" VPOS="4218" WIDTH="94" HEIGHT="33" CONTENT="colonj." WC="0.84" CC="0000191"/>
					</TextLine>
					<TextLine ID="P4_TL00105" HPOS="51" VPOS="4248" WIDTH="525" HEIGHT="33">
						<String ID="P4_ST00661" HPOS="51" VPOS="4248" WIDTH="60" HEIGHT="24" CONTENT="Was" WC="0.95" CC="101"/>
						<SP ID="P4_SP00552" HPOS="111" VPOS="4272" WIDTH="11"/>
						<String ID="P4_ST00662" HPOS="122" VPOS="4249" WIDTH="20" HEIGHT="23" CONTENT="it" WC="0.89" CC="21"/>
						<SP ID="P4_SP00553" HPOS="142" VPOS="4272" WIDTH="16"/>
						<String ID="P4_ST00663" HPOS="158" VPOS="4248" WIDTH="107" HEIGHT="29" CONTENT="because," WC="0.94" CC="10003001"/>
						<SP ID="P4_SP00554" HPOS="265" VPOS="4277" WIDTH="23"/>
						<String ID="P4_ST00664" HPOS="288" VPOS="4250" WIDTH="27" HEIGHT="23" CONTENT="m" WC="0.98" CC="0"/>
						<SP ID="P4_SP00555" HPOS="315" VPOS="4277" WIDTH="21"/>
						<String ID="P4_ST00665" HPOS="336" VPOS="4251" WIDTH="62" HEIGHT="30" CONTENT="spite" WC="0.97" CC="01010"/>
						<SP ID="P4_SP00556" HPOS="398" VPOS="4281" WIDTH="18"/>
						<String ID="P4_ST00666" HPOS="416" VPOS="4251" WIDTH="27" HEIGHT="24" CONTENT="of" WC="0.96" CC="01"/>
						<SP ID="P4_SP00557" HPOS="443" VPOS="4281" WIDTH="9"/>
						<String ID="P4_ST00667" HPOS="452" VPOS="4252" WIDTH="124" HEIGHT="24" CONTENT="universal" WC="0.96" CC="100111100"/>
					</TextLine>
					<TextLine ID="P4_TL00106" HPOS="50" VPOS="4281" WIDTH="526" HEIGHT="37">
						<String ID="P4_ST00668" HPOS="50" VPOS="4281" WIDTH="139" HEIGHT="31" CONTENT="depression" WC="0.97" CC="1010110101"/>
						<SP ID="P4_SP00558" HPOS="189" VPOS="4312" WIDTH="18"/>
						<String ID="P4_ST00669" HPOS="207" VPOS="4290" WIDTH="15" HEIGHT="15" CONTENT="a" WC="1.00" CC="0"/>
						<SP ID="P4_SP00559" HPOS="222" VPOS="4312" WIDTH="19"/>
						<String ID="P4_ST00670" HPOS="241" VPOS="4283" WIDTH="78" HEIGHT="24" CONTENT="sound" WC="0.95" CC="10110"/>
						<SP ID="P4_SP00560" HPOS="319" VPOS="4312" WIDTH="21"/>
						<String ID="P4_ST00671" HPOS="340" VPOS="4283" WIDTH="119" HEIGHT="26" CONTENT="financial" WC="0.95" CC="111011010"/>
						<SP ID="P4_SP00561" HPOS="459" VPOS="4312" WIDTH="10"/>
						<String ID="P4_ST00672" HPOS="469" VPOS="4285" WIDTH="107" HEIGHT="33" CONTENT="position" WC="0.94" CC="10000311"/>
					</TextLine>
					<TextLine ID="P4_TL00107" HPOS="50" VPOS="4315" WIDTH="524" HEIGHT="33">
						<String ID="P4_ST00673" HPOS="50" VPOS="4323" WIDTH="48" HEIGHT="15" CONTENT="was" WC="0.91" CC="211"/>
						<SP ID="P4_SP00562" HPOS="98" VPOS="4338" WIDTH="11"/>
						<String ID="P4_ST00674" HPOS="109" VPOS="4315" WIDTH="151" HEIGHT="25" CONTENT="maintained" WC="0.98" CC="1001010000"/>
						<SP ID="P4_SP00563" HPOS="260" VPOS="4340" WIDTH="19"/>
						<String ID="P4_ST00675" HPOS="279" VPOS="4318" WIDTH="29" HEIGHT="29" CONTENT="by" WC="1.00" CC="00"/>
						<SP ID="P4_SP00564" HPOS="308" VPOS="4347" WIDTH="19"/>
						<String ID="P4_ST00676" HPOS="327" VPOS="4317" WIDTH="60" HEIGHT="26" CONTENT="New" WC="0.99" CC="001"/>
						<SP ID="P4_SP00565" HPOS="387" VPOS="4347" WIDTH="22"/>
						<String ID="P4_ST00677" HPOS="409" VPOS="4318" WIDTH="115" HEIGHT="30" CONTENT="Zealand," WC="0.94" CC="30001111"/>
						<SP ID="P4_SP00566" HPOS="524" VPOS="4348" WIDTH="24"/>
						<String ID="P4_ST00678" HPOS="548" VPOS="4327" WIDTH="26" HEIGHT="17" CONTENT="as" WC="0.98" CC="10"/>
					</TextLine>
					<TextLine ID="P4_TL00108" HPOS="51" VPOS="4347" WIDTH="525" HEIGHT="36">
						<String ID="P4_ST00679" HPOS="51" VPOS="4356" WIDTH="28" HEIGHT="16" CONTENT="co" WC="1.00" CC="00"/>
						<SP ID="P4_SP00567" HPOS="79" VPOS="4372" WIDTH="3"/>
						<String ID="P4_ST00680" HPOS="82" VPOS="4358" WIDTH="4" HEIGHT="13" CONTENT="i" WC="0.96" CC="1"/>
						<SP ID="P4_SP00568" HPOS="86" VPOS="4372" WIDTH="5"/>
						<String ID="P4_ST00681" HPOS="91" VPOS="4347" WIDTH="32" HEIGHT="25" CONTENT="lid" WC="0.99" CC="100"/>
						<SP ID="P4_SP00569" HPOS="123" VPOS="4372" WIDTH="11"/>
						<String ID="P4_ST00682" HPOS="134" VPOS="4347" WIDTH="29" HEIGHT="25" CONTENT="be" WC="1.00" CC="00"/>
						<SP ID="P4_SP00570" HPOS="163" VPOS="4372" WIDTH="20"/>
						<String ID="P4_ST00683" HPOS="183" VPOS="4349" WIDTH="89" HEIGHT="29" CONTENT="proved" WC="0.99" CC="000101"/>
						<SP ID="P4_SP00571" HPOS="272" VPOS="4378" WIDTH="19"/>
						<String ID="P4_ST00684" HPOS="291" VPOS="4351" WIDTH="26" HEIGHT="22" CONTENT="at" WC="0.78" CC="41"/>
						<SP ID="P4_SP00572" HPOS="317" VPOS="4378" WIDTH="19"/>
						<String ID="P4_ST00685" HPOS="336" VPOS="4351" WIDTH="42" HEIGHT="24" CONTENT="the" WC="0.96" CC="110"/>
						<SP ID="P4_SP00573" HPOS="378" VPOS="4378" WIDTH="22"/>
						<String ID="P4_ST00686" HPOS="400" VPOS="4354" WIDTH="98" HEIGHT="29" CONTENT="present" WC="0.98" CC="0101001"/>
						<SP ID="P4_SP00574" HPOS="498" VPOS="4383" WIDTH="19"/>
						<String ID="P4_ST00687" HPOS="517" VPOS="4352" WIDTH="59" HEIGHT="25" CONTENT="time" WC="0.94" CC="0021"/>
					</TextLine>
					<TextLine ID="P4_TL00109" HPOS="51" VPOS="4380" WIDTH="525" HEIGHT="32">
						<String ID="P4_ST00688" HPOS="51" VPOS="4380" WIDTH="31" HEIGHT="32" CONTENT="by" WC="0.96" CC="10"/>
						<SP ID="P4_SP00575" HPOS="82" VPOS="4412" WIDTH="12"/>
						<String ID="P4_ST00689" HPOS="94" VPOS="4382" WIDTH="32" HEIGHT="24" CONTENT="its" WC="0.97" CC="001"/>
						<SP ID="P4_SP00576" HPOS="126" VPOS="4412" WIDTH="13"/>
						<String ID="P4_ST00690" HPOS="139" VPOS="4380" WIDTH="88" HEIGHT="28" CONTENT="stocks," WC="0.95" CC="1101011"/>
						<SP ID="P4_SP00577" HPOS="227" VPOS="4412" WIDTH="19"/>
						<String ID="P4_ST00691" HPOS="246" VPOS="4382" WIDTH="55" HEIGHT="24" CONTENT="that" WC="0.98" CC="0001"/>
						<SP ID="P4_SP00578" HPOS="301" VPOS="4412" WIDTH="19"/>
						<String ID="P4_ST00692" HPOS="320" VPOS="4383" WIDTH="41" HEIGHT="25" CONTENT="the" WC="0.95" CC="110"/>
						<SP ID="P4_SP00579" HPOS="361" VPOS="4412" WIDTH="16"/>
						<String ID="P4_ST00693" HPOS="377" VPOS="4385" WIDTH="161" HEIGHT="25" CONTENT="self-reliance" WC="0.97" CC="1201110001100"/>
						<SP ID="P4_SP00580" HPOS="538" VPOS="4412" WIDTH="12"/>
						<String ID="P4_ST00694" HPOS="550" VPOS="4386" WIDTH="26" HEIGHT="25" CONTENT="of" WC="0.94" CC="11"/>
					</TextLine>
					<TextLine ID="P4_TL00110" HPOS="51" VPOS="4413" WIDTH="524" HEIGHT="32">
						<String ID="P4_ST00695" HPOS="51" VPOS="4413" WIDTH="43" HEIGHT="25" CONTENT="the" WC="0.99" CC="100"/>
						<SP ID="P4_SP00581" HPOS="94" VPOS="4438" WIDTH="26"/>
						<String ID="P4_ST00696" HPOS="120" VPOS="4414" WIDTH="86" HEIGHT="31" CONTENT="people" WC="0.99" CC="000100"/>
						<SP ID="P4_SP00582" HPOS="206" VPOS="4445" WIDTH="27"/>
						<String ID="P4_ST00697" HPOS="233" VPOS="4414" WIDTH="47" HEIGHT="25" CONTENT="had" WC="0.96" CC="101"/>
						<SP ID="P4_SP00583" HPOS="280" VPOS="4445" WIDTH="27"/>
						<String ID="P4_ST00698" HPOS="307" VPOS="4414" WIDTH="61" HEIGHT="26" CONTENT="been" WC="0.95" CC="1101"/>
						<SP ID="P4_SP00584" HPOS="368" VPOS="4445" WIDTH="28"/>
						<String ID="P4_ST00699" HPOS="396" VPOS="4417" WIDTH="179" HEIGHT="27" CONTENT="undermined?" WC="0.94" CC="11111102002"/>
					</TextLine>
					<TextLine ID="P4_TL00111" HPOS="51" VPOS="4447" WIDTH="523" HEIGHT="30">
						<String ID="P4_ST00700" HPOS="51" VPOS="4447" WIDTH="61" HEIGHT="24" CONTENT="Was" WC="0.89" CC="211"/>
						<SP ID="P4_SP00585" HPOS="112" VPOS="4471" WIDTH="14"/>
						<String ID="P4_ST00701" HPOS="126" VPOS="4447" WIDTH="20" HEIGHT="24" CONTENT="it" WC="1.00" CC="00"/>
						<SP ID="P4_SP00586" HPOS="146" VPOS="4471" WIDTH="16"/>
						<String ID="P4_ST00702" HPOS="162" VPOS="4447" WIDTH="101" HEIGHT="25" CONTENT="because" WC="0.97" CC="1000111"/>
						<SP ID="P4_SP00587" HPOS="263" VPOS="4472" WIDTH="17"/>
						<String ID="P4_ST00703" HPOS="280" VPOS="4447" WIDTH="42" HEIGHT="25" CONTENT="the" WC="0.95" CC="110"/>
						<SP ID="P4_SP00588" HPOS="322" VPOS="4472" WIDTH="21"/>
						<String ID="P4_ST00704" HPOS="343" VPOS="4448" WIDTH="166" HEIGHT="28" CONTENT="Government" WC="0.97" CC="0011111000"/>
						<SP ID="P4_SP00589" HPOS="509" VPOS="4476" WIDTH="20"/>
						<String ID="P4_ST00705" HPOS="529" VPOS="4452" WIDTH="45" HEIGHT="25" CONTENT="hat" WC="0.95" CC="101"/>
					</TextLine>
					<TextLine ID="P4_TL00112" HPOS="47" VPOS="4479" WIDTH="527" HEIGHT="33">
						<String ID="P4_ST00706" HPOS="47" VPOS="4479" WIDTH="90" HEIGHT="33" CONTENT="passed" WC="0.94" CC="201101"/>
						<SP ID="P4_SP00590" HPOS="137" VPOS="4512" WIDTH="19"/>
						<String ID="P4_ST00707" HPOS="156" VPOS="4479" WIDTH="43" HEIGHT="25" CONTENT="the" WC="0.97" CC="011"/>
						<SP ID="P4_SP00591" HPOS="199" VPOS="4512" WIDTH="22"/>
						<String ID="P4_ST00708" HPOS="221" VPOS="4479" WIDTH="113" HEIGHT="26" CONTENT="Pastoral" WC="0.95" CC="21100001"/>
						<SP ID="P4_SP00592" HPOS="334" VPOS="4512" WIDTH="23"/>
						<String ID="P4_ST00709" HPOS="357" VPOS="4482" WIDTH="115" HEIGHT="25" CONTENT="Tenant's" WC="0.89" CC="10114121"/>
						<SP ID="P4_SP00593" HPOS="472" VPOS="4512" WIDTH="22"/>
						<String ID="P4_ST00710" HPOS="494" VPOS="4484" WIDTH="80" HEIGHT="26" CONTENT="Relief" WC="0.93" CC="300001"/>
					</TextLine>
					<TextLine ID="P4_TL00113" HPOS="49" VPOS="4512" WIDTH="525" HEIGHT="32">
						<String ID="P4_ST00711" HPOS="49" VPOS="4512" WIDTH="52" HEIGHT="25" CONTENT="Bill" WC="0.97" CC="1000"/>
						<SP ID="P4_SP00594" HPOS="101" VPOS="4537" WIDTH="16"/>
						<String ID="P4_ST00712" HPOS="117" VPOS="4512" WIDTH="27" HEIGHT="26" CONTENT="of" WC="0.96" CC="01"/>
						<SP ID="P4_SP00595" HPOS="144" VPOS="4538" WIDTH="16"/>
						<String ID="P4_ST00713" HPOS="160" VPOS="4512" WIDTH="48" HEIGHT="25" CONTENT="last" WC="0.93" CC="1111"/>
						<SP ID="P4_SP00596" HPOS="208" VPOS="4538" WIDTH="18"/>
						<String ID="P4_ST00714" HPOS="226" VPOS="4513" WIDTH="92" HEIGHT="26" CONTENT="session" WC="0.82" CC="9111000"/>
						<SP ID="P4_SP00597" HPOS="318" VPOS="4539" WIDTH="21"/>
						<String ID="P4_ST00715" HPOS="339" VPOS="4514" WIDTH="56" HEIGHT="26" CONTENT="that" WC="0.96" CC="1101"/>
						<SP ID="P4_SP00598" HPOS="395" VPOS="4540" WIDTH="19"/>
						<String ID="P4_ST00716" HPOS="414" VPOS="4515" WIDTH="160" HEIGHT="29" CONTENT="self-reliance" WC="0.96" CC="1012101000101"/>
					</TextLine>
					<TextLine ID="P4_TL00114" HPOS="45" VPOS="4546" WIDTH="333" HEIGHT="26">
						<String ID="P4_ST00717" HPOS="45" VPOS="4546" WIDTH="54" HEIGHT="26" CONTENT="had" WC="0.75" CC="233" STYLEREFS="TXT_4"/>
						<SP ID="P4_SP00599" HPOS="99" VPOS="4572" WIDTH="19"/>
						<String ID="P4_ST00718" HPOS="118" VPOS="4546" WIDTH="62" HEIGHT="26" CONTENT="been" WC="0.95" CC="0011"/>
						<SP ID="P4_SP00600" HPOS="180" VPOS="4572" WIDTH="19"/>
						<String ID="P4_ST00719" HPOS="199" VPOS="4546" WIDTH="179" HEIGHT="26" CONTENT="undermined?" WC="0.88" CC="17100101022"/>
					</TextLine>
				</TextBlock>
				<TextBlock ID="P4_TB00004" HPOS="1221" VPOS="90" WIDTH="1092" HEIGHT="42" STYLEREFS="TXT_5 PAR_CENTER">
					<TextLine ID="P4_TL00115" HPOS="1222" VPOS="91" WIDTH="1091" HEIGHT="41">
						<String ID="P4_ST00720" HPOS="1222" VPOS="94" WIDTH="170" HEIGHT="31" CONTENT="OXFORD" WC="0.81" CC="023043"/>
						<SP ID="P4_SP00601" HPOS="1392" VPOS="125" WIDTH="45"/>
						<String ID="P4_ST00721" HPOS="1437" VPOS="93" WIDTH="223" HEIGHT="33" CONTENT="OBSERVER" WC="0.88" CC="01112302"/>
						<SP ID="P4_SP00602" HPOS="1660" VPOS="126" WIDTH="30"/>
						<String ID="P4_ST00722" HPOS="1690" VPOS="96" WIDTH="239" HEIGHT="36" CONTENT="SATURDAY," WC="0.81" CC="190221012"/>
						<SP ID="P4_SP00603" HPOS="1929" VPOS="132" WIDTH="37"/>
						<String ID="P4_ST00723" HPOS="1966" VPOS="93" WIDTH="112" HEIGHT="34" CONTENT="JUNE" WC="0.85" CC="0151"/>
						<SP ID="P4_SP00604" HPOS="2078" VPOS="132" WIDTH="49"/>
						<String ID="P4_ST00724" HPOS="2127" VPOS="91" WIDTH="53" HEIGHT="36" CONTENT="27," WC="0.93" CC="002"/>
						<SP ID="P4_SP00605" HPOS="2180" VPOS="132" WIDTH="44"/>
						<String ID="P4_ST00725" HPOS="2224" VPOS="91" WIDTH="89" HEIGHT="30" CONTENT="1896." WC="0.92" CC="02111"/>
					</TextLine>
				</TextBlock>
				<TextBlock ID="P4_TB00005" HPOS="2896" VPOS="4246" WIDTH="557" HEIGHT="285" STYLEREFS="TXT_0 PAR_LEFT">
					<TextLine ID="P4_TL00116" HPOS="2905" VPOS="4327" WIDTH="540" HEIGHT="36">
						<String ID="P4_ST00726" HPOS="2905" VPOS="4327" WIDTH="103" HEIGHT="25" CONTENT="Printed" WC="0.90" CC="5101100"/>
						<SP ID="P4_SP00606" HPOS="3008" VPOS="4352" WIDTH="24"/>
						<String ID="P4_ST00727" HPOS="3032" VPOS="4328" WIDTH="51" HEIGHT="25" CONTENT="and" WC="0.81" CC="014"/>
						<SP ID="P4_SP00607" HPOS="3083" VPOS="4353" WIDTH="39"/>
						<String ID="P4_ST00728" HPOS="3122" VPOS="4329" WIDTH="139" HEIGHT="26" CONTENT="Published" WC="0.81" CC="111402431"/>
						<SP ID="P4_SP00608" HPOS="3261" VPOS="4355" WIDTH="26"/>
						<String ID="P4_ST00729" HPOS="3287" VPOS="4330" WIDTH="34" HEIGHT="33" CONTENT="ly" WC="0.87" CC="21"/>
						<SP ID="P4_SP00609" HPOS="3321" VPOS="4363" WIDTH="35"/>
						<String ID="P4_ST00730" HPOS="3356" VPOS="4328" WIDTH="89" HEIGHT="27" CONTENT="Latjea." WC="0.72" CC="2411461"/>
					</TextLine>
					<TextLine ID="P4_TL00117" HPOS="2938" VPOS="4366" WIDTH="491" HEIGHT="34">
						<String ID="P4_ST00731" HPOS="2938" VPOS="4366" WIDTH="82" HEIGHT="25" CONTENT="Annib" WC="0.67" CC="33433"/>
						<SP ID="P4_SP00610" HPOS="3020" VPOS="4391" WIDTH="23"/>
						<String ID="P4_ST00732" HPOS="3043" VPOS="4367" WIDTH="104" HEIGHT="31" CONTENT="]?abish," WC="0.81" CC="33331111"/>
						<SP ID="P4_SP00611" HPOS="3147" VPOS="4398" WIDTH="24"/>
						<String ID="P4_ST00733" HPOS="3171" VPOS="4370" WIDTH="28" HEIGHT="24" CONTENT="at" WC="0.94" CC="01"/>
						<SP ID="P4_SP00612" HPOS="3199" VPOS="4398" WIDTH="22"/>
						<String ID="P4_ST00734" HPOS="3221" VPOS="4368" WIDTH="47" HEIGHT="25" CONTENT="her" WC="0.86" CC="113"/>
						<SP ID="P4_SP00613" HPOS="3268" VPOS="4398" WIDTH="30"/>
						<String ID="P4_ST00735" HPOS="3298" VPOS="4368" WIDTH="131" HEIGHT="32" CONTENT="Begipter*" WC="0.75" CC="300090019"/>
					</TextLine>
					<TextLine ID="P4_TL00118" HPOS="2905" VPOS="4405" WIDTH="548" HEIGHT="40">
						<String ID="P4_ST00736" HPOS="2905" VPOS="4419" WIDTH="5" HEIGHT="4" CONTENT="■" WC="0.52" CC="5"/>
						<SP ID="P4_SP00614" HPOS="2910" VPOS="4423" WIDTH="8"/>
						<String ID="P4_ST00737" HPOS="2918" VPOS="4418" WIDTH="5" HEIGHT="5" CONTENT="-" WC="0.59" CC="4"/>
						<SP ID="P4_SP00615" HPOS="2923" VPOS="4423" WIDTH="8"/>
						<String ID="P4_ST00738" HPOS="2931" VPOS="4406" WIDTH="326" HEIGHT="39" CONTENT="'PrintingtQfficeHHigk" WC="0.63" CC="222212063913331492299"/>
						<SP ID="P4_SP00616" HPOS="3257" VPOS="4445" WIDTH="11"/>
						<String ID="P4_ST00739" HPOS="3268" VPOS="4408" WIDTH="105" HEIGHT="30" CONTENT="&amp;tr6ef.L" WC="0.70" CC="90040342"/>
						<SP ID="P4_SP00617" HPOS="3373" VPOS="4445" WIDTH="8"/>
						<String ID="P4_ST00740" HPOS="3381" VPOS="4405" WIDTH="57" HEIGHT="37" CONTENT="J&amp;a" WC="0.51" CC="473"/>
						<String ID="P4_ST00741" HPOS="3446" VPOS="4418" WIDTH="7" HEIGHT="23" CONTENT=";" WC="0.89" CC="1"/>
					</TextLine>
					<TextLine ID="P4_TL00119" HPOS="2937" VPOS="4452" WIDTH="276" HEIGHT="37">
						<String ID="P4_ST00742" HPOS="2937" VPOS="4452" WIDTH="102" HEIGHT="30" CONTENT="Oxford," WC="0.75" CC="0510191"/>
						<SP ID="P4_SP00618" HPOS="3039" VPOS="4482" WIDTH="9"/>
						<String ID="P4_ST00743" HPOS="3048" VPOS="4454" WIDTH="165" HEIGHT="35" CONTENT="Canterbury." WC="0.84" CC="09330100120"/>
					</TextLine>
					<TextLine ID="P4_TL00120" HPOS="2973" VPOS="4503" WIDTH="397" HEIGHT="28">
						<String ID="P4_ST00744" HPOS="2973" VPOS="4503" WIDTH="132" HEIGHT="28" CONTENT="Smubday" WC="0.74" CC="1821142"/>
						<SP ID="P4_SP00619" HPOS="3105" VPOS="4531" WIDTH="19"/>
						<String ID="P4_ST00745" HPOS="3124" VPOS="4506" WIDTH="77" HEIGHT="25" CONTENT="Jose." WC="0.75" CC="22711"/>
						<SP ID="P4_SP00620" HPOS="3201" VPOS="4531" WIDTH="26"/>
						<String ID="P4_ST00746" HPOS="3227" VPOS="4506" WIDTH="42" HEIGHT="25" CONTENT="27." WC="0.95" CC="101"/>
						<SP ID="P4_SP00621" HPOS="3269" VPOS="4531" WIDTH="26"/>
						<String ID="P4_ST00747" HPOS="3295" VPOS="4506" WIDTH="48" HEIGHT="25" CONTENT="189" WC="0.95" CC="002"/>
						<SP ID="P4_SP00622" HPOS="3343" VPOS="4531" WIDTH="13"/>
						<String ID="P4_ST00748" HPOS="3356" VPOS="4506" WIDTH="14" HEIGHT="24" CONTENT="C" WC="0.81" CC="2"/>
					</TextLine>
				</TextBlock>
				<ComposedBlock ID="P4_CB00001" HPOS="2891" VPOS="187" WIDTH="590" HEIGHT="4049" TYPE="Advertisement">
					<TextBlock ID="P4_TB00006" HPOS="2891" VPOS="187" WIDTH="590" HEIGHT="4049" STYLEREFS="TXT_6 PAR_LEFT">
						<TextLine ID="P4_TL00121" HPOS="2903" VPOS="247" WIDTH="542" HEIGHT="107">
							<String ID="P4_ST00749" HPOS="2903" VPOS="263" WIDTH="171" HEIGHT="52" CONTENT="WATCH" WC="0.96" CC="11011" STYLEREFS="TXT_7"/>
							<SP ID="P4_SP00623" HPOS="3074" VPOS="315" WIDTH="40"/>
							<String ID="P4_ST00750" HPOS="3114" VPOS="247" WIDTH="157" HEIGHT="107" CONTENT="|*|i" WC="0.69" CC="2641" STYLEREFS="TXT_7"/>
							<SP ID="P4_SP00624" HPOS="3271" VPOS="354" WIDTH="28"/>
							<String ID="P4_ST00751" HPOS="3299" VPOS="265" WIDTH="146" HEIGHT="49" CONTENT="CLOCK" WC="0.94" CC="11011" STYLEREFS="TXT_7"/>
						</TextLine>
						<TextLine ID="P4_TL00122" HPOS="2903" VPOS="324" WIDTH="542" HEIGHT="83">
							<String ID="P4_ST00752" HPOS="2903" VPOS="324" WIDTH="333" HEIGHT="80" CONTENT="Haafe&amp;^^" WC="0.29" CC="35477999" STYLEREFS="TXT_7"/>
							<SP ID="P4_SP00625" HPOS="3236" VPOS="404" WIDTH="39"/>
							<String ID="P4_ST00753" HPOS="3275" VPOS="357" WIDTH="170" HEIGHT="50" CONTENT="glasses" WC="0.51" CC="7145493" STYLEREFS="TXT_7"/>
						</TextLine>
						<TextLine ID="P4_TL00123" HPOS="3026" VPOS="421" WIDTH="298" HEIGHT="40">
							<String ID="P4_ST00754" HPOS="3026" VPOS="421" WIDTH="298" HEIGHT="40" CONTENT="FITTED" WC="0.67" CC="911145" STYLEREFS="TXT_8"/>
						</TextLine>
						<TextLine ID="P4_TL00124" HPOS="3166" VPOS="483" WIDTH="29" HEIGHT="19">
							<String ID="P4_ST00755" HPOS="3166" VPOS="483" WIDTH="29" HEIGHT="19" CONTENT="AT" WC="0.83" CC="12" STYLEREFS="TXT_3"/>
						</TextLine>
						<TextLine ID="P4_TL00125" HPOS="2923" VPOS="519" WIDTH="497" HEIGHT="53">
							<String ID="P4_ST00756" HPOS="2923" VPOS="519" WIDTH="182" HEIGHT="38" CONTENT="Parish's" WC="0.88" CC="11015111" STYLEREFS="TXT_9"/>
							<SP ID="P4_SP00626" HPOS="3105" VPOS="557" WIDTH="29"/>
							<String ID="P4_ST00757" HPOS="3134" VPOS="522" WIDTH="103" HEIGHT="37" CONTENT="East" WC="1.00" CC="0000" STYLEREFS="TXT_9"/>
							<SP ID="P4_SP00627" HPOS="3237" VPOS="559" WIDTH="23"/>
							<String ID="P4_ST00758" HPOS="3260" VPOS="528" WIDTH="160" HEIGHT="44" CONTENT="Oxford." WC="0.95" CC="0101021" STYLEREFS="TXT_9"/>
						</TextLine>
						<TextLine ID="P4_TL00126" HPOS="2904" VPOS="675" WIDTH="318" HEIGHT="52">
							<String ID="P4_ST00759" HPOS="2904" VPOS="675" WIDTH="318" HEIGHT="52" CONTENT="WERTHEIH" WC="0.83" CC="22411212" STYLEREFS="TXT_10"/>
						</TextLine>
						<TextLine ID="P4_TL00127" HPOS="3083" VPOS="776" WIDTH="248" HEIGHT="51">
							<String ID="P4_ST00760" HPOS="3083" VPOS="776" WIDTH="248" HEIGHT="51" CONTENT="SIHGER'S" WC="0.81" CC="11541211" STYLEREFS="TXT_10"/>
						</TextLine>
						<TextLine ID="P4_TL00128" HPOS="2990" VPOS="872" WIDTH="449" HEIGHT="58">
							<String ID="P4_ST00761" HPOS="2990" VPOS="872" WIDTH="83" HEIGHT="48" CONTENT="ana" WC="0.68" CC="433" STYLEREFS="TXT_10"/>
							<SP ID="P4_SP00628" HPOS="3073" VPOS="920" WIDTH="25"/>
							<String ID="P4_ST00762" HPOS="3098" VPOS="874" WIDTH="341" HEIGHT="56" CONTENT="HOUSEHOLD" WC="0.79" CC="129111112" STYLEREFS="TXT_10"/>
						</TextLine>
						<TextLine ID="P4_TL00129" HPOS="2946" VPOS="980" WIDTH="451" HEIGHT="50">
							<String ID="P4_ST00763" HPOS="2946" VPOS="980" WIDTH="205" HEIGHT="45" CONTENT="MACHINE" WC="0.95" CC="1110011" STYLEREFS="TXT_11"/>
							<SP ID="P4_SP00629" HPOS="3151" VPOS="1025" WIDTH="46"/>
							<String ID="P4_ST00764" HPOS="3197" VPOS="985" WIDTH="200" HEIGHT="45" CONTENT="NEEDLES" WC="0.90" CC="2111012" STYLEREFS="TXT_11"/>
						</TextLine>
						<TextLine ID="P4_TL00130" HPOS="2916" VPOS="1069" WIDTH="510" HEIGHT="64">
							<String ID="P4_ST00765" HPOS="2916" VPOS="1069" WIDTH="123" HEIGHT="52" CONTENT="ftm" WC="0.73" CC="431" STYLEREFS="TXT_12"/>
							<SP ID="P4_SP00630" HPOS="3039" VPOS="1121" WIDTH="31"/>
							<String ID="P4_ST00766" HPOS="3070" VPOS="1071" WIDTH="73" HEIGHT="56" CONTENT="ih" WC="0.72" CC="42" STYLEREFS="TXT_12"/>
							<SP ID="P4_SP00631" HPOS="3143" VPOS="1127" WIDTH="28"/>
							<String ID="P4_ST00767" HPOS="3171" VPOS="1083" WIDTH="73" HEIGHT="50" CONTENT="fit" WC="0.63" CC="272" STYLEREFS="TXT_12"/>
							<SP ID="P4_SP00632" HPOS="3244" VPOS="1133" WIDTH="36"/>
							<String ID="P4_ST00768" HPOS="3280" VPOS="1076" WIDTH="146" HEIGHT="48" CONTENT="dozin." WC="0.69" CC="724231" STYLEREFS="TXT_10"/>
						</TextLine>
						<TextLine ID="P4_TL00131" HPOS="3161" VPOS="1810" WIDTH="43" HEIGHT="21">
							<String ID="P4_ST00769" HPOS="3161" VPOS="1810" WIDTH="43" HEIGHT="21" CONTENT="AT" WC="0.98" CC="10" STYLEREFS="TXT_13"/>
						</TextLine>
						<TextLine ID="P4_TL00132" HPOS="2968" VPOS="1879" WIDTH="415" HEIGHT="46">
							<String ID="P4_ST00770" HPOS="2968" VPOS="1879" WIDTH="415" HEIGHT="46" CONTENT="PARISH'S" WC="0.78" CC="21901122" STYLEREFS="TXT_10"/>
						</TextLine>
						<TextLine ID="P4_TL00133" HPOS="2908" VPOS="1959" WIDTH="528" HEIGHT="39">
							<String ID="P4_ST00771" HPOS="2908" VPOS="1959" WIDTH="188" HEIGHT="35" CONTENT="EAST" WC="0.92" CC="1012" STYLEREFS="TXT_8"/>
							<SP ID="P4_SP00633" HPOS="3096" VPOS="1994" WIDTH="47"/>
							<String ID="P4_ST00772" HPOS="3143" VPOS="1963" WIDTH="293" HEIGHT="35" CONTENT="OXPOED" WC="0.84" CC="023121" STYLEREFS="TXT_8"/>
						</TextLine>
						<TextLine ID="P4_TL00134" HPOS="3048" VPOS="2531" WIDTH="250" HEIGHT="49">
							<String ID="P4_ST00773" HPOS="3048" VPOS="2531" WIDTH="250" HEIGHT="49" CONTENT="NOTICE." WC="0.78" CC="9000131" STYLEREFS="TXT_14"/>
						</TextLine>
						<TextLine ID="P4_TL00135" HPOS="2903" VPOS="2630" WIDTH="369" HEIGHT="60">
							<String ID="P4_ST00774" HPOS="2903" VPOS="2630" WIDTH="98" HEIGHT="46" CONTENT="Job" WC="0.89" CC="103" STYLEREFS="TXT_10"/>
							<SP ID="P4_SP00634" HPOS="3001" VPOS="2676" WIDTH="17"/>
							<String ID="P4_ST00775" HPOS="3018" VPOS="2630" WIDTH="254" HEIGHT="60" CONTENT="Printing!" WC="0.95" CC="110100110" STYLEREFS="TXT_10"/>
						</TextLine>
						<TextLine ID="P4_TL00136" HPOS="3075" VPOS="2700" WIDTH="363" HEIGHT="60">
							<String ID="P4_ST00776" HPOS="3075" VPOS="2700" WIDTH="100" HEIGHT="45" CONTENT="Job" WC="0.93" CC="101" STYLEREFS="TXT_14"/>
							<SP ID="P4_SP00635" HPOS="3175" VPOS="2745" WIDTH="18"/>
							<String ID="P4_ST00777" HPOS="3193" VPOS="2702" WIDTH="245" HEIGHT="58" CONTENT="Printing" WC="0.96" CC="11010011" STYLEREFS="TXT_10"/>
						</TextLine>
						<TextLine ID="P4_TL00137" HPOS="2945" VPOS="2761" WIDTH="451" HEIGHT="35">
							<String ID="P4_ST00778" HPOS="2945" VPOS="2761" WIDTH="172" HEIGHT="32" CONTENT="OXFORD" WC="0.91" CC="004011"/>
							<SP ID="P4_SP00636" HPOS="3117" VPOS="2793" WIDTH="57"/>
							<String ID="P4_ST00779" HPOS="3174" VPOS="2765" WIDTH="222" HEIGHT="31" CONTENT="OBSERVER" WC="0.94" CC="01201211"/>
						</TextLine>
						<TextLine ID="P4_TL00138" HPOS="2985" VPOS="2813" WIDTH="369" HEIGHT="54">
							<String ID="P4_ST00780" HPOS="2985" VPOS="2813" WIDTH="160" HEIGHT="41" CONTENT="Machine" WC="0.85" CC="3104111" STYLEREFS="TXT_11"/>
							<SP ID="P4_SP00637" HPOS="3145" VPOS="2854" WIDTH="30"/>
							<String ID="P4_ST00781" HPOS="3175" VPOS="2815" WIDTH="179" HEIGHT="52" CONTENT="Printing." WC="0.89" CC="111211122" STYLEREFS="TXT_11"/>
						</TextLine>
						<TextLine ID="P4_TL00139" HPOS="3080" VPOS="2866" WIDTH="168" HEIGHT="42">
							<String ID="P4_ST00782" HPOS="3080" VPOS="2866" WIDTH="168" HEIGHT="42" CONTENT="WORKS" WC="0.75" CC="10381" STYLEREFS="TXT_11"/>
						</TextLine>
						<TextLine ID="P4_TL00140" HPOS="2945" VPOS="2917" WIDTH="451" HEIGHT="32">
							<String ID="P4_ST00783" HPOS="2945" VPOS="2917" WIDTH="89" HEIGHT="25" CONTENT="MAIN" WC="0.98" CC="0101"/>
							<SP ID="P4_SP00638" HPOS="3034" VPOS="2942" WIDTH="36"/>
							<String ID="P4_ST00784" HPOS="3070" VPOS="2918" WIDTH="142" HEIGHT="31" CONTENT="STREET," WC="0.92" CC="1121101"/>
							<SP ID="P4_SP00639" HPOS="3212" VPOS="2949" WIDTH="35"/>
							<String ID="P4_ST00785" HPOS="3247" VPOS="2920" WIDTH="149" HEIGHT="28" CONTENT="OXFORD." WC="0.90" CC="0120221"/>
						</TextLine>
						<TextLine ID="P4_TL00141" HPOS="2971" VPOS="2996" WIDTH="392" HEIGHT="49">
							<String ID="P4_ST00786" HPOS="2971" VPOS="2996" WIDTH="127" HEIGHT="49" CONTENT="T^INE" WC="0.75" CC="19021"/>
							<SP ID="P4_SP00640" HPOS="3098" VPOS="3045" WIDTH="53"/>
							<String ID="P4_ST00787" HPOS="3151" VPOS="2998" WIDTH="212" HEIGHT="47" CONTENT='-"pRINTING' WC="0.82" CC="3242030032"/>
						</TextLine>
						<TextLine ID="P4_TL00142" HPOS="2975" VPOS="3071" WIDTH="426" HEIGHT="42">
							<String ID="P4_ST00788" HPOS="2975" VPOS="3073" WIDTH="36" HEIGHT="30" CONTENT="In" WC="0.93" CC="11"/>
							<SP ID="P4_SP00641" HPOS="3011" VPOS="3103" WIDTH="14"/>
							<String ID="P4_ST00789" HPOS="3025" VPOS="3073" WIDTH="72" HEIGHT="40" CONTENT="Any" WC="0.89" CC="211"/>
							<SP ID="P4_SP00642" HPOS="3097" VPOS="3113" WIDTH="13"/>
							<String ID="P4_ST00790" HPOS="3110" VPOS="3071" WIDTH="128" HEIGHT="42" CONTENT="Variety" WC="0.94" CC="2010112"/>
							<SP ID="P4_SP00643" HPOS="3238" VPOS="3113" WIDTH="15"/>
							<String ID="P4_ST00791" HPOS="3253" VPOS="3083" WIDTH="35" HEIGHT="21" CONTENT="or" WC="1.00" CC="00"/>
							<SP ID="P4_SP00644" HPOS="3288" VPOS="3113" WIDTH="17"/>
							<String ID="P4_ST00792" HPOS="3305" VPOS="3073" WIDTH="96" HEIGHT="38" CONTENT="Style*" WC="0.90" CC="200014"/>
						</TextLine>
						<TextLine ID="P4_TL00143" HPOS="2904" VPOS="3104" WIDTH="535" HEIGHT="63">
							<String ID="P4_ST00793" HPOS="2904" VPOS="3104" WIDTH="325" HEIGHT="63" CONTENT='MEMORIAL"' WC="0.76" CC="223222107" STYLEREFS="TXT_15"/>
							<SP ID="P4_SP00645" HPOS="3229" VPOS="3167" WIDTH="29"/>
							<String ID="P4_ST00794" HPOS="3258" VPOS="3123" WIDTH="181" HEIGHT="42" CONTENT="CARDS" WC="0.79" CC="41231" STYLEREFS="TXT_15"/>
						</TextLine>
						<TextLine ID="P4_TL00144" HPOS="2931" VPOS="3175" WIDTH="485" HEIGHT="42">
							<String ID="P4_ST00795" HPOS="2931" VPOS="3177" WIDTH="52" HEIGHT="40" CONTENT="(m" WC="0.91" CC="01"/>
							<SP ID="P4_SP00646" HPOS="2983" VPOS="3217" WIDTH="16"/>
							<String ID="P4_ST00796" HPOS="2999" VPOS="3187" WIDTH="68" HEIGHT="19" CONTENT="new" WC="0.86" CC="113"/>
							<SP ID="P4_SP00647" HPOS="3067" VPOS="3217" WIDTH="15"/>
							<String ID="P4_ST00797" HPOS="3082" VPOS="3175" WIDTH="61" HEIGHT="31" CONTENT="and" WC="0.95" CC="002"/>
							<SP ID="P4_SP00648" HPOS="3143" VPOS="3217" WIDTH="15"/>
							<String ID="P4_ST00798" HPOS="3158" VPOS="3175" WIDTH="105" HEIGHT="31" CONTENT="chaste" WC="0.95" CC="111100"/>
							<SP ID="P4_SP00649" HPOS="3263" VPOS="3217" WIDTH="15"/>
							<String ID="P4_ST00799" HPOS="3278" VPOS="3175" WIDTH="138" HEIGHT="40" CONTENT="designs)" WC="0.96" CC="10002110"/>
						</TextLine>
						<TextLine ID="P4_TL00145" HPOS="3083" VPOS="3221" WIDTH="202" HEIGHT="41">
							<String ID="P4_ST00800" HPOS="3083" VPOS="3221" WIDTH="44" HEIGHT="40" CONTENT="5/-" WC="0.94" CC="200"/>
							<SP ID="P4_SP00650" HPOS="3127" VPOS="3261" WIDTH="12"/>
							<String ID="P4_ST00801" HPOS="3139" VPOS="3232" WIDTH="56" HEIGHT="30" CONTENT="per" WC="0.93" CC="201"/>
							<SP ID="P4_SP00651" HPOS="3195" VPOS="3262" WIDTH="23"/>
							<String ID="P4_ST00802" HPOS="3218" VPOS="3222" WIDTH="67" HEIGHT="33" CONTENT="da.z." WC="0.93" CC="00211"/>
						</TextLine>
						<TextLine ID="P4_TL00146" HPOS="2985" VPOS="3279" WIDTH="308" HEIGHT="37">
							<String ID="P4_ST00803" HPOS="2985" VPOS="3279" WIDTH="176" HEIGHT="32" CONTENT="Statement" WC="0.95" CC="210001020"/>
							<SP ID="P4_SP00652" HPOS="3161" VPOS="3311" WIDTH="16"/>
							<String ID="P4_ST00804" HPOS="3177" VPOS="3279" WIDTH="116" HEIGHT="37" CONTENT="Heads," WC="0.93" CC="101102"/>
						</TextLine>
						<TextLine ID="P4_TL00147" HPOS="2986" VPOS="3321" WIDTH="308" HEIGHT="39">
							<String ID="P4_ST00805" HPOS="2986" VPOS="3321" WIDTH="70" HEIGHT="30" CONTENT="Ball" WC="0.98" CC="1001"/>
							<SP ID="P4_SP00653" HPOS="3056" VPOS="3351" WIDTH="14"/>
							<String ID="P4_ST00806" HPOS="3070" VPOS="3321" WIDTH="224" HEIGHT="39" CONTENT="Programmes." WC="0.92" CC="20013111011"/>
						</TextLine>
						<TextLine ID="P4_TL00148" HPOS="2987" VPOS="3362" WIDTH="325" HEIGHT="37">
							<String ID="P4_ST00807" HPOS="2987" VPOS="3363" WIDTH="133" HEIGHT="35" CONTENT="Posters," WC="0.95" CC="20100012"/>
							<SP ID="P4_SP00654" HPOS="3120" VPOS="3398" WIDTH="15"/>
							<String ID="P4_ST00808" HPOS="3135" VPOS="3362" WIDTH="177" HEIGHT="37" CONTENT="Handbills," WC="0.97" CC="1011000111"/>
						</TextLine>
						<TextLine ID="P4_TL00149" HPOS="2986" VPOS="3403" WIDTH="332" HEIGHT="40">
							<String ID="P4_ST00809" HPOS="2986" VPOS="3403" WIDTH="167" HEIGHT="37" CONTENT="Billheads," WC="0.93" CC="1000400111"/>
							<SP ID="P4_SP00655" HPOS="3153" VPOS="3440" WIDTH="24"/>
							<String ID="P4_ST00810" HPOS="3177" VPOS="3404" WIDTH="141" HEIGHT="39" CONTENT="Cheques" WC="0.75" CC="2104911"/>
						</TextLine>
						<TextLine ID="P4_TL00150" HPOS="2989" VPOS="3445" WIDTH="410" HEIGHT="31">
							<String ID="P4_ST00811" HPOS="2989" VPOS="3445" WIDTH="106" HEIGHT="31" CONTENT="Letter" WC="0.97" CC="000101"/>
							<SP ID="P4_SP00656" HPOS="3095" VPOS="3476" WIDTH="14"/>
							<String ID="P4_ST00812" HPOS="3109" VPOS="3445" WIDTH="59" HEIGHT="30" CONTENT="and" WC="0.99" CC="010"/>
							<SP ID="P4_SP00657" HPOS="3168" VPOS="3476" WIDTH="10"/>
							<String ID="P4_ST00813" HPOS="3178" VPOS="3445" WIDTH="80" HEIGHT="30" CONTENT="Note" WC="0.86" CC="5000"/>
							<SP ID="P4_SP00658" HPOS="3258" VPOS="3476" WIDTH="13"/>
							<String ID="P4_ST00814" HPOS="3271" VPOS="3445" WIDTH="107" HEIGHT="31" CONTENT="Heads" WC="0.85" CC="60011"/>
							<SP ID="P4_SP00659" HPOS="3378" VPOS="3476" WIDTH="18"/>
							<String ID="P4_ST00815" HPOS="3396" VPOS="3472" WIDTH="3" HEIGHT="3" CONTENT="." WC="0.96" CC="1"/>
						</TextLine>
						<TextLine ID="P4_TL00151" HPOS="2930" VPOS="3486" WIDTH="366" HEIGHT="38">
							<String ID="P4_ST00816" HPOS="2930" VPOS="3506" WIDTH="2" HEIGHT="14" CONTENT=";" WC="0.89" CC="1"/>
							<SP ID="P4_SP00660" HPOS="2932" VPOS="3520" WIDTH="56"/>
							<String ID="P4_ST00817" HPOS="2988" VPOS="3486" WIDTH="166" HEIGHT="38" CONTENT="Circulars," WC="0.92" CC="0001501111"/>
							<SP ID="P4_SP00661" HPOS="3154" VPOS="3524" WIDTH="23"/>
							<String ID="P4_ST00818" HPOS="3177" VPOS="3487" WIDTH="119" HEIGHT="36" CONTENT="Menus," WC="0.93" CC="001211"/>
						</TextLine>
						<TextLine ID="P4_TL00152" HPOS="2989" VPOS="3529" WIDTH="429" HEIGHT="40">
							<String ID="P4_ST00819" HPOS="2989" VPOS="3529" WIDTH="192" HEIGHT="40" CONTENT="Catalogues," WC="0.91" CC="00100611011"/>
							<SP ID="P4_SP00662" HPOS="3181" VPOS="3569" WIDTH="16"/>
							<String ID="P4_ST00820" HPOS="3197" VPOS="3530" WIDTH="55" HEIGHT="30" CONTENT="&amp;c." WC="0.90" CC="202"/>
							<SP ID="P4_SP00663" HPOS="3252" VPOS="3569" WIDTH="12"/>
							<String ID="P4_ST00821" HPOS="3264" VPOS="3529" WIDTH="83" HEIGHT="40" CONTENT=",&amp;c,," WC="0.90" CC="12111"/>
							<SP ID="P4_SP00664" HPOS="3347" VPOS="3569" WIDTH="16"/>
							<String ID="P4_ST00822" HPOS="3363" VPOS="3529" WIDTH="55" HEIGHT="31" CONTENT="&amp;c." WC="0.73" CC="701"/>
						</TextLine>
						<TextLine ID="P4_TL00153" HPOS="2905" VPOS="3588" WIDTH="536" HEIGHT="50">
							<String ID="P4_ST00823" HPOS="2905" VPOS="3589" WIDTH="88" HEIGHT="39" CONTENT="Hew" WC="0.73" CC="422" STYLEREFS="TXT_16"/>
							<SP ID="P4_SP00665" HPOS="2993" VPOS="3628" WIDTH="16"/>
							<String ID="P4_ST00824" HPOS="3009" VPOS="3588" WIDTH="127" HEIGHT="49" CONTENT="Styles-" WC="0.90" CC="1020114" STYLEREFS="TXT_16"/>
							<String ID="P4_ST00825" HPOS="3143" VPOS="3588" WIDTH="38" HEIGHT="38" CONTENT="in" WC="0.94" CC="11" STYLEREFS="TXT_16"/>
							<SP ID="P4_SP00666" HPOS="3181" VPOS="3637" WIDTH="15"/>
							<String ID="P4_ST00826" HPOS="3196" VPOS="3588" WIDTH="163" HEIGHT="50" CONTENT="Visiting" WC="0.90" CC="22110112" STYLEREFS="TXT_16"/>
							<SP ID="P4_SP00667" HPOS="3359" VPOS="3638" WIDTH="12"/>
							<String ID="P4_ST00827" HPOS="3371" VPOS="3588" WIDTH="70" HEIGHT="40" CONTENT="ani" WC="0.84" CC="014" STYLEREFS="TXT_11"/>
						</TextLine>
						<TextLine ID="P4_TL00154" HPOS="3022" VPOS="3651" WIDTH="346" HEIGHT="39">
							<String ID="P4_ST00828" HPOS="3022" VPOS="3652" WIDTH="166" HEIGHT="38" CONTENT="Business" WC="0.92" CC="13111101" STYLEREFS="TXT_16"/>
							<SP ID="P4_SP00668" HPOS="3188" VPOS="3690" WIDTH="16"/>
							<String ID="P4_ST00829" HPOS="3204" VPOS="3651" WIDTH="115" HEIGHT="39" CONTENT="Cards." WC="0.94" CC="111120" STYLEREFS="TXT_16"/>
							<SP ID="P4_SP00669" HPOS="3319" VPOS="3690" WIDTH="45"/>
							<String ID="P4_ST00830" HPOS="3364" VPOS="3673" WIDTH="4" HEIGHT="5" CONTENT="-" WC="0.78" CC="2" STYLEREFS="TXT_16"/>
						</TextLine>
						<TextLine ID="P4_TL00155" HPOS="2907" VPOS="3710" WIDTH="489" HEIGHT="41">
							<String ID="P4_ST00831" HPOS="2907" VPOS="3713" WIDTH="36" HEIGHT="28" CONTENT="R." WC="0.96" CC="10"/>
							<SP ID="P4_SP00670" HPOS="2943" VPOS="3741" WIDTH="23"/>
							<String ID="P4_ST00832" HPOS="2966" VPOS="3711" WIDTH="42" HEIGHT="30" CONTENT="H." WC="0.98" CC="10"/>
							<SP ID="P4_SP00671" HPOS="3008" VPOS="3741" WIDTH="22"/>
							<String ID="P4_ST00833" HPOS="3030" VPOS="3711" WIDTH="121" HEIGHT="34" CONTENT="Parish," WC="0.97" CC="0010101"/>
							<SP ID="P4_SP00672" HPOS="3151" VPOS="3745" WIDTH="58"/>
							<String ID="P4_ST00834" HPOS="3209" VPOS="3710" WIDTH="187" HEIGHT="41" CONTENT="Proprietor." WC="0.97" CC="01010001011"/>
						</TextLine>
						<TextLine ID="P4_TL00156" HPOS="2989" VPOS="3770" WIDTH="450" HEIGHT="37">
							<String ID="P4_ST00835" HPOS="2989" VPOS="3774" WIDTH="66" HEIGHT="32" CONTENT="The" WC="0.96" CC="010"/>
							<SP ID="P4_SP00673" HPOS="3055" VPOS="3806" WIDTH="17"/>
							<String ID="P4_ST00836" HPOS="3072" VPOS="3770" WIDTH="185" HEIGHT="36" CONTENT="FEWEST" WC="0.64" CC="924222"/>
							<SP ID="P4_SP00674" HPOS="3257" VPOS="3806" WIDTH="22"/>
							<String ID="P4_ST00837" HPOS="3279" VPOS="3772" WIDTH="160" HEIGHT="35" CONTENT="STYLES" WC="0.81" CC="101235"/>
						</TextLine>
						<TextLine ID="P4_TL00157" HPOS="2905" VPOS="3827" WIDTH="531" HEIGHT="32">
							<String ID="P4_ST00838" HPOS="2905" VPOS="3828" WIDTH="32" HEIGHT="30" CONTENT="m" WC="0.93" CC="1"/>
							<SP ID="P4_SP00675" HPOS="2937" VPOS="3858" WIDTH="13"/>
							<String ID="P4_ST00839" HPOS="2950" VPOS="3827" WIDTH="136" HEIGHT="32" CONTENT="TYPES" WC="0.93" CC="11111"/>
							<SP ID="P4_SP00676" HPOS="3086" VPOS="3859" WIDTH="14"/>
							<String ID="P4_ST00840" HPOS="3100" VPOS="3828" WIDTH="62" HEIGHT="30" CONTENT="and" WC="0.96" CC="011"/>
							<SP ID="P4_SP00677" HPOS="3162" VPOS="3859" WIDTH="11"/>
							<String ID="P4_ST00841" HPOS="3173" VPOS="3828" WIDTH="263" HEIGHT="31" CONTENT="ORNAMENTS" WC="0.90" CC="012001411"/>
						</TextLine>
						<TextLine ID="P4_TL00158" HPOS="2932" VPOS="3981" WIDTH="483" HEIGHT="48">
							<String ID="P4_ST00842" HPOS="2932" VPOS="3983" WIDTH="80" HEIGHT="45" CONTENT="W." WC="0.87" CC="12" STYLEREFS="TXT_17"/>
							<SP ID="P4_SP00678" HPOS="3012" VPOS="4028" WIDTH="30"/>
							<String ID="P4_ST00843" HPOS="3042" VPOS="3983" WIDTH="65" HEIGHT="45" CONTENT="H." WC="0.94" CC="11" STYLEREFS="TXT_17"/>
							<SP ID="P4_SP00679" HPOS="3107" VPOS="4028" WIDTH="35"/>
							<String ID="P4_ST00844" HPOS="3142" VPOS="3981" WIDTH="273" HEIGHT="48" CONTENT="ALFORD" WC="0.81" CC="105042" STYLEREFS="TXT_17"/>
						</TextLine>
						<TextLine ID="P4_TL00159" HPOS="2905" VPOS="4072" WIDTH="534" HEIGHT="45">
							<String ID="P4_ST00845" HPOS="2905" VPOS="4073" WIDTH="244" HEIGHT="38" CONTENT="WATCHMAKER." WC="0.79" CC="02011352119" STYLEREFS="TXT_18"/>
							<SP ID="P4_SP00680" HPOS="3149" VPOS="4111" WIDTH="33"/>
							<String ID="P4_ST00846" HPOS="3182" VPOS="4072" WIDTH="175" HEIGHT="39" CONTENT="JEWELLER" WC="0.94" CC="21010111" STYLEREFS="TXT_18"/>
							<SP ID="P4_SP00681" HPOS="3357" VPOS="4111" WIDTH="2"/>
							<String ID="P4_ST00847" HPOS="3359" VPOS="4115" WIDTH="2" HEIGHT="2" CONTENT="." WC="0.96" CC="1" STYLEREFS="TXT_18"/>
							<SP ID="P4_SP00682" HPOS="3361" VPOS="4117" WIDTH="20"/>
							<String ID="P4_ST00848" HPOS="3381" VPOS="4073" WIDTH="58" HEIGHT="31" CONTENT="&amp;*-" WC="0.48" CC="384" STYLEREFS="TXT_18"/>
						</TextLine>
						<TextLine ID="P4_TL00160" HPOS="2983" VPOS="4141" WIDTH="394" HEIGHT="28">
							<String ID="P4_ST00849" HPOS="2983" VPOS="4143" WIDTH="88" HEIGHT="25" CONTENT="MAIN" WC="1.00" CC="0000" STYLEREFS="TXT_0"/>
							<SP ID="P4_SP00683" HPOS="3071" VPOS="4168" WIDTH="15"/>
							<String ID="P4_ST00850" HPOS="3086" VPOS="4143" WIDTH="136" HEIGHT="26" CONTENT="STREET" WC="0.94" CC="102111" STYLEREFS="TXT_0"/>
							<SP ID="P4_SP00684" HPOS="3222" VPOS="4169" WIDTH="17"/>
							<String ID="P4_ST00851" HPOS="3239" VPOS="4141" WIDTH="138" HEIGHT="28" CONTENT="OXFORD" WC="0.84" CC="023222" STYLEREFS="TXT_0"/>
						</TextLine>
						<TextLine ID="P4_TL00161" HPOS="3078" VPOS="4196" WIDTH="367" HEIGHT="32">
							<String ID="P4_ST00852" HPOS="3078" VPOS="4196" WIDTH="10" HEIGHT="7" CONTENT='"' WC="0.01" CC="9" STYLEREFS="TXT_0"/>
							<SP ID="P4_SP00685" HPOS="3088" VPOS="4203" WIDTH="11"/>
							<String ID="P4_ST00853" HPOS="3099" VPOS="4208" WIDTH="62" HEIGHT="18" CONTENT="near" WC="0.94" CC="1002" STYLEREFS="TXT_0"/>
							<SP ID="P4_SP00686" HPOS="3161" VPOS="4226" WIDTH="11"/>
							<String ID="P4_ST00854" HPOS="3172" VPOS="4201" WIDTH="83" HEIGHT="27" CONTENT="Bank," WC="0.82" CC="02016" STYLEREFS="TXT_0"/>
							<SP ID="P4_SP00687" HPOS="3255" VPOS="4228" WIDTH="184"/>
							<String ID="P4_ST00855" HPOS="3439" VPOS="4206" WIDTH="6" HEIGHT="3" CONTENT='"' WC="0.89" CC="1" STYLEREFS="TXT_0"/>
						</TextLine>
					</TextBlock>
				</ComposedBlock>
				<ComposedBlock ID="P4_CB00002" HPOS="2334" VPOS="186" WIDTH="548" HEIGHT="4382" TYPE="Advertisement">
					<TextBlock ID="P4_TB00007" HPOS="2334" VPOS="186" WIDTH="548" HEIGHT="4382" STYLEREFS="TXT_0 PAR_LEFT">
						<TextLine ID="P4_TL00162" HPOS="2399" VPOS="232" WIDTH="424" HEIGHT="48">
							<String ID="P4_ST00856" HPOS="2399" VPOS="232" WIDTH="424" HEIGHT="48" CONTENT="EUCALYPTUS" WC="0.93" CC="1111001012" STYLEREFS="TXT_17"/>
						</TextLine>
						<TextLine ID="P4_TL00163" HPOS="2603" VPOS="305" WIDTH="62" HEIGHT="13">
							<String ID="P4_ST00857" HPOS="2603" VPOS="305" WIDTH="13" HEIGHT="13" CONTENT="»" WC="0.67" CC="3" STYLEREFS="TXT_19"/>
							<SP ID="P4_SP00688" HPOS="2616" VPOS="318" WIDTH="19"/>
							<String ID="P4_ST00858" HPOS="2635" VPOS="309" WIDTH="7" HEIGHT="3" CONTENT="-" WC="1.00" CC="0" STYLEREFS="TXT_19"/>
							<SP ID="P4_SP00689" HPOS="2642" VPOS="318" WIDTH="21"/>
							<String ID="P4_ST00859" HPOS="2663" VPOS="309" WIDTH="2" HEIGHT="4" CONTENT="■" WC="0.96" CC="1" STYLEREFS="TXT_19"/>
						</TextLine>
						<TextLine ID="P4_TL00164" HPOS="2397" VPOS="330" WIDTH="401" HEIGHT="22">
							<String ID="P4_ST00860" HPOS="2397" VPOS="330" WIDTH="59" HEIGHT="21" CONTENT="THE" WC="0.96" CC="111" STYLEREFS="TXT_20"/>
							<SP ID="P4_SP00690" HPOS="2456" VPOS="351" WIDTH="15"/>
							<String ID="P4_ST00861" HPOS="2471" VPOS="331" WIDTH="72" HEIGHT="20" CONTENT="BEST" WC="0.94" CC="1110" STYLEREFS="TXT_20"/>
							<SP ID="P4_SP00691" HPOS="2543" VPOS="351" WIDTH="14"/>
							<String ID="P4_ST00862" HPOS="2557" VPOS="331" WIDTH="87" HEIGHT="21" CONTENT="HOME" WC="0.97" CC="1001" STYLEREFS="TXT_20"/>
							<SP ID="P4_SP00692" HPOS="2644" VPOS="352" WIDTH="16"/>
							<String ID="P4_ST00863" HPOS="2660" VPOS="331" WIDTH="138" HEIGHT="21" CONTENT="KEMEDIE" WC="0.89" CC="2121201" STYLEREFS="TXT_20"/>
						</TextLine>
						<TextLine ID="P4_TL00165" HPOS="2455" VPOS="363" WIDTH="308" HEIGHT="27">
							<String ID="P4_ST00864" HPOS="2455" VPOS="369" WIDTH="36" HEIGHT="14" CONTENT="are" WC="0.95" CC="101" STYLEREFS="TXT_20"/>
							<SP ID="P4_SP00693" HPOS="2491" VPOS="383" WIDTH="14"/>
							<String ID="P4_ST00865" HPOS="2505" VPOS="363" WIDTH="37" HEIGHT="20" CONTENT="the" WC="0.96" CC="110" STYLEREFS="TXT_20"/>
							<SP ID="P4_SP00694" HPOS="2542" VPOS="383" WIDTH="8"/>
							<String ID="P4_ST00866" HPOS="2550" VPOS="364" WIDTH="135" HEIGHT="26" CONTENT="preparation" WC="0.94" CC="10111011013" STYLEREFS="TXT_20"/>
							<SP ID="P4_SP00695" HPOS="2685" VPOS="390" WIDTH="10"/>
							<String ID="P4_ST00867" HPOS="2695" VPOS="365" WIDTH="26" HEIGHT="22" CONTENT="of" WC="1.00" CC="00" STYLEREFS="TXT_20"/>
							<SP ID="P4_SP00696" HPOS="2721" VPOS="390" WIDTH="7"/>
							<String ID="P4_ST00868" HPOS="2728" VPOS="364" WIDTH="35" HEIGHT="21" CONTENT="the" WC="0.90" CC="121" STYLEREFS="TXT_20"/>
						</TextLine>
						<TextLine ID="P4_TL00166" HPOS="2341" VPOS="399" WIDTH="530" HEIGHT="24">
							<String ID="P4_ST00869" HPOS="2341" VPOS="399" WIDTH="169" HEIGHT="22" CONTENT="TASMANIAN" WC="0.90" CC="011421010" STYLEREFS="TXT_20"/>
							<SP ID="P4_SP00697" HPOS="2510" VPOS="421" WIDTH="18"/>
							<String ID="P4_ST00870" HPOS="2528" VPOS="401" WIDTH="186" HEIGHT="21" CONTENT="EUCALYPTUS" WC="0.81" CC="1309030201" STYLEREFS="TXT_20"/>
							<SP ID="P4_SP00698" HPOS="2714" VPOS="422" WIDTH="14"/>
							<String ID="P4_ST00871" HPOS="2728" VPOS="402" WIDTH="47" HEIGHT="21" CONTENT="OIL" WC="0.97" CC="001" STYLEREFS="TXT_20"/>
							<SP ID="P4_SP00699" HPOS="2775" VPOS="423" WIDTH="15"/>
							<String ID="P4_ST00872" HPOS="2790" VPOS="402" WIDTH="81" HEIGHT="20" CONTENT="COMP." WC="0.95" CC="00111" STYLEREFS="TXT_20"/>
						</TextLine>
						<TextLine ID="P4_TL00167" HPOS="2369" VPOS="437" WIDTH="505" HEIGHT="26">
							<String ID="P4_ST00873" HPOS="2369" VPOS="437" WIDTH="134" HEIGHT="26" CONTENT="Universally" WC="0.94" CC="00100111004" STYLEREFS="TXT_20"/>
							<SP ID="P4_SP00700" HPOS="2503" VPOS="463" WIDTH="11"/>
							<String ID="P4_ST00874" HPOS="2514" VPOS="438" WIDTH="103" HEIGHT="21" CONTENT="admitted" WC="0.94" CC="01212001" STYLEREFS="TXT_20"/>
							<SP ID="P4_SP00701" HPOS="2617" VPOS="463" WIDTH="9"/>
							<String ID="P4_ST00875" HPOS="2626" VPOS="438" WIDTH="36" HEIGHT="20" CONTENT="the" WC="0.96" CC="111" STYLEREFS="TXT_20"/>
							<SP ID="P4_SP00702" HPOS="2662" VPOS="463" WIDTH="9"/>
							<String ID="P4_ST00876" HPOS="2671" VPOS="439" WIDTH="78" HEIGHT="24" CONTENT="BEST," WC="0.85" CC="21141" STYLEREFS="TXT_20"/>
							<SP ID="P4_SP00703" HPOS="2749" VPOS="463" WIDTH="12"/>
							<String ID="P4_ST00877" HPOS="2761" VPOS="439" WIDTH="113" HEIGHT="21" CONTENT="PUREST" WC="0.93" CC="101111" STYLEREFS="TXT_20"/>
						</TextLine>
						<TextLine ID="P4_TL00168" HPOS="2341" VPOS="474" WIDTH="533" HEIGHT="27">
							<String ID="P4_ST00878" HPOS="2341" VPOS="474" WIDTH="43" HEIGHT="21" CONTENT="and" WC="0.86" CC="131" STYLEREFS="TXT_20"/>
							<SP ID="P4_SP00704" HPOS="2384" VPOS="495" WIDTH="10"/>
							<String ID="P4_ST00879" HPOS="2394" VPOS="476" WIDTH="57" HEIGHT="19" CONTENT="most" WC="0.90" CC="1021" STYLEREFS="TXT_20"/>
							<SP ID="P4_SP00705" HPOS="2451" VPOS="495" WIDTH="9"/>
							<String ID="P4_ST00880" HPOS="2460" VPOS="475" WIDTH="94" HEIGHT="21" CONTENT="effective" WC="0.95" CC="122001010" STYLEREFS="TXT_20"/>
							<SP ID="P4_SP00706" HPOS="2554" VPOS="496" WIDTH="10"/>
							<String ID="P4_ST00881" HPOS="2564" VPOS="475" WIDTH="134" HEIGHT="26" CONTENT="Eucalyptus" WC="0.87" CC="1111051131" STYLEREFS="TXT_20"/>
							<SP ID="P4_SP00707" HPOS="2698" VPOS="501" WIDTH="21"/>
							<String ID="P4_ST00882" HPOS="2719" VPOS="476" WIDTH="105" HEIGHT="21" CONTENT="Globulus" WC="0.95" CC="10111011" STYLEREFS="TXT_20"/>
							<SP ID="P4_SP00708" HPOS="2824" VPOS="501" WIDTH="16"/>
							<String ID="P4_ST00883" HPOS="2840" VPOS="476" WIDTH="34" HEIGHT="20" CONTENT="Oil" WC="0.97" CC="001" STYLEREFS="TXT_20"/>
						</TextLine>
						<TextLine ID="P4_TL00169" HPOS="2340" VPOS="506" WIDTH="534" HEIGHT="27">
							<String ID="P4_ST00884" HPOS="2340" VPOS="507" WIDTH="34" HEIGHT="19" CONTENT="for" WC="0.99" CC="100" STYLEREFS="TXT_20"/>
							<SP ID="P4_SP00709" HPOS="2374" VPOS="526" WIDTH="20"/>
							<String ID="P4_ST00885" HPOS="2394" VPOS="506" WIDTH="170" HEIGHT="27" CONTENT="INFLUENZA," WC="0.91" CC="1111111111" STYLEREFS="TXT_20"/>
							<SP ID="P4_SP00710" HPOS="2564" VPOS="533" WIDTH="21"/>
							<String ID="P4_ST00886" HPOS="2585" VPOS="508" WIDTH="92" HEIGHT="25" CONTENT="Coughs," WC="0.97" CC="0000111" STYLEREFS="TXT_20"/>
							<SP ID="P4_SP00711" HPOS="2677" VPOS="533" WIDTH="19"/>
							<String ID="P4_ST00887" HPOS="2696" VPOS="508" WIDTH="64" HEIGHT="21" CONTENT="Colds" WC="0.87" CC="10132" STYLEREFS="TXT_20"/>
							<SP ID="P4_SP00712" HPOS="2760" VPOS="533" WIDTH="25"/>
							<String ID="P4_ST00888" HPOS="2785" VPOS="509" WIDTH="47" HEIGHT="20" CONTENT="and-" WC="0.96" CC="0011" STYLEREFS="TXT_20"/>
							<SP ID="P4_SP00713" HPOS="2832" VPOS="533" WIDTH="13"/>
							<String ID="P4_ST00889" HPOS="2845" VPOS="508" WIDTH="29" HEIGHT="21" CONTENT="all" WC="1.00" CC="000" STYLEREFS="TXT_20"/>
						</TextLine>
						<TextLine ID="P4_TL00170" HPOS="2341" VPOS="538" WIDTH="535" HEIGHT="28">
							<String ID="P4_ST00890" HPOS="2341" VPOS="538" WIDTH="65" HEIGHT="20" CONTENT="Chest" WC="0.95" CC="11011" STYLEREFS="TXT_20"/>
							<SP ID="P4_SP00714" HPOS="2406" VPOS="558" WIDTH="16"/>
							<String ID="P4_ST00891" HPOS="2422" VPOS="538" WIDTH="43" HEIGHT="20" CONTENT="and" WC="0.94" CC="111" STYLEREFS="TXT_20"/>
							<SP ID="P4_SP00715" HPOS="2465" VPOS="558" WIDTH="9"/>
							<String ID="P4_ST00892" HPOS="2474" VPOS="538" WIDTH="62" HEIGHT="26" CONTENT="Lung" WC="0.97" CC="0101" STYLEREFS="TXT_20"/>
							<SP ID="P4_SP00716" HPOS="2536" VPOS="564" WIDTH="16"/>
							<String ID="P4_ST00893" HPOS="2552" VPOS="540" WIDTH="113" HEIGHT="20" CONTENT="affections" WC="0.90" CC="0440100111" STYLEREFS="TXT_20"/>
							<SP ID="P4_SP00717" HPOS="2665" VPOS="564" WIDTH="14"/>
							<String ID="P4_ST00894" HPOS="2679" VPOS="540" WIDTH="76" HEIGHT="26" CONTENT="speedy" WC="0.92" CC="111111" STYLEREFS="TXT_20"/>
							<SP ID="P4_SP00718" HPOS="2755" VPOS="566" WIDTH="9"/>
							<String ID="P4_ST00895" HPOS="2764" VPOS="541" WIDTH="59" HEIGHT="20" CONTENT="relief" WC="0.94" CC="110112" STYLEREFS="TXT_20"/>
							<SP ID="P4_SP00719" HPOS="2823" VPOS="566" WIDTH="10"/>
							<String ID="P4_ST00896" HPOS="2833" VPOS="540" WIDTH="43" HEIGHT="21" CONTENT="and" WC="0.94" CC="111" STYLEREFS="TXT_20"/>
						</TextLine>
						<TextLine ID="P4_TL00171" HPOS="2340" VPOS="570" WIDTH="535" HEIGHT="29">
							<String ID="P4_ST00897" HPOS="2340" VPOS="570" WIDTH="56" HEIGHT="22" CONTENT="Cure" WC="0.73" CC="1090" STYLEREFS="TXT_20"/>
							<SP ID="P4_SP00720" HPOS="2396" VPOS="592" WIDTH="18"/>
							<String ID="P4_ST00898" HPOS="2414" VPOS="570" WIDTH="34" HEIGHT="20" CONTENT="for" WC="0.94" CC="111" STYLEREFS="TXT_20"/>
							<SP ID="P4_SP00721" HPOS="2448" VPOS="592" WIDTH="15"/>
							<String ID="P4_ST00899" HPOS="2463" VPOS="571" WIDTH="156" HEIGHT="24" CONTENT="Rheumatism," WC="0.94" CC="20011110111" STYLEREFS="TXT_20"/>
							<SP ID="P4_SP00722" HPOS="2619" VPOS="595" WIDTH="20"/>
							<String ID="P4_ST00900" HPOS="2639" VPOS="573" WIDTH="122" HEIGHT="24" CONTENT="Neuralgia," WC="0.86" CC="9111110111" STYLEREFS="TXT_20"/>
							<SP ID="P4_SP00723" HPOS="2761" VPOS="597" WIDTH="15"/>
							<String ID="P4_ST00901" HPOS="2776" VPOS="573" WIDTH="99" HEIGHT="26" CONTENT="Sprains-" WC="0.96" CC="10000111" STYLEREFS="TXT_20"/>
						</TextLine>
						<TextLine ID="P4_TL00172" HPOS="2340" VPOS="596" WIDTH="126" HEIGHT="21">
							<String ID="P4_ST00902" HPOS="2340" VPOS="596" WIDTH="72" HEIGHT="20" CONTENT="Burns" WC="0.95" CC="01011" STYLEREFS="TXT_20"/>
							<SP ID="P4_SP00724" HPOS="2412" VPOS="616" WIDTH="20"/>
							<String ID="P4_ST00903" HPOS="2432" VPOS="598" WIDTH="34" HEIGHT="19" CONTENT="&amp;o." WC="0.88" CC="221" STYLEREFS="TXT_20"/>
						</TextLine>
						<TextLine ID="P4_TL00173" HPOS="2367" VPOS="629" WIDTH="509" HEIGHT="29">
							<String ID="P4_ST00904" HPOS="2367" VPOS="629" WIDTH="133" HEIGHT="27" CONTENT="Eucalyptus" WC="0.96" CC="0011010012" STYLEREFS="TXT_20"/>
							<SP ID="P4_SP00725" HPOS="2500" VPOS="656" WIDTH="17"/>
							<String ID="P4_ST00905" HPOS="2517" VPOS="630" WIDTH="104" HEIGHT="21" CONTENT="Globulus" WC="0.96" CC="10001102" STYLEREFS="TXT_20"/>
							<SP ID="P4_SP00726" HPOS="2621" VPOS="656" WIDTH="18"/>
							<String ID="P4_ST00906" HPOS="2639" VPOS="632" WIDTH="92" HEIGHT="21" CONTENT="Extract" WC="0.90" CC="0500110" STYLEREFS="TXT_20"/>
							<SP ID="P4_SP00727" HPOS="2731" VPOS="656" WIDTH="9"/>
							<String ID="P4_ST00907" HPOS="2740" VPOS="633" WIDTH="90" HEIGHT="25" CONTENT="sprayed" WC="0.91" CC="1100411" STYLEREFS="TXT_20"/>
							<SP ID="P4_SP00728" HPOS="2830" VPOS="658" WIDTH="13"/>
							<String ID="P4_ST00908" HPOS="2843" VPOS="634" WIDTH="33" HEIGHT="19" CONTENT="in-" WC="0.96" CC="011" STYLEREFS="TXT_20"/>
						</TextLine>
						<TextLine ID="P4_TL00174" HPOS="2341" VPOS="661" WIDTH="531" HEIGHT="29">
							<String ID="P4_ST00909" HPOS="2341" VPOS="661" WIDTH="63" HEIGHT="20" CONTENT="haled" WC="0.96" CC="11001" STYLEREFS="TXT_20"/>
							<SP ID="P4_SP00729" HPOS="2404" VPOS="681" WIDTH="16"/>
							<String ID="P4_ST00910" HPOS="2420" VPOS="662" WIDTH="42" HEIGHT="20" CONTENT="and" WC="0.93" CC="111" STYLEREFS="TXT_20"/>
							<SP ID="P4_SP00730" HPOS="2462" VPOS="682" WIDTH="14"/>
							<String ID="P4_ST00911" HPOS="2476" VPOS="663" WIDTH="66" HEIGHT="20" CONTENT="taken" WC="0.95" CC="10101" STYLEREFS="TXT_20"/>
							<SP ID="P4_SP00731" HPOS="2542" VPOS="683" WIDTH="9"/>
							<String ID="P4_ST00912" HPOS="2551" VPOS="663" WIDTH="116" HEIGHT="25" CONTENT="internally" WC="0.96" CC="0000020111" STYLEREFS="TXT_20"/>
							<SP ID="P4_SP00732" HPOS="2667" VPOS="688" WIDTH="17"/>
							<String ID="P4_ST00913" HPOS="2684" VPOS="664" WIDTH="34" HEIGHT="20" CONTENT="for" WC="0.99" CC="100" STYLEREFS="TXT_20"/>
							<SP ID="P4_SP00733" HPOS="2718" VPOS="688" WIDTH="14"/>
							<String ID="P4_ST00914" HPOS="2732" VPOS="664" WIDTH="36" HEIGHT="20" CONTENT="the" WC="0.95" CC="002" STYLEREFS="TXT_20"/>
							<SP ID="P4_SP00734" HPOS="2768" VPOS="688" WIDTH="18"/>
							<String ID="P4_ST00915" HPOS="2786" VPOS="665" WIDTH="86" HEIGHT="25" CONTENT="Uhroat," WC="0.89" CC="5101012" STYLEREFS="TXT_20"/>
						</TextLine>
						<TextLine ID="P4_TL00175" HPOS="2340" VPOS="698" WIDTH="535" HEIGHT="28">
							<String ID="P4_ST00916" HPOS="2340" VPOS="698" WIDTH="98" HEIGHT="26" CONTENT="Catarrh," WC="0.93" CC="11011112" STYLEREFS="TXT_20"/>
							<SP ID="P4_SP00735" HPOS="2438" VPOS="724" WIDTH="17"/>
							<String ID="P4_ST00917" HPOS="2455" VPOS="698" WIDTH="58" HEIGHT="26" CONTENT="Hay," WC="0.95" CC="1001" STYLEREFS="TXT_20"/>
							<SP ID="P4_SP00736" HPOS="2513" VPOS="724" WIDTH="25"/>
							<String ID="P4_ST00918" HPOS="2538" VPOS="700" WIDTH="97" HEIGHT="26" CONTENT="Typhoid" WC="0.98" CC="0111001" STYLEREFS="TXT_20"/>
							<SP ID="P4_SP00737" HPOS="2635" VPOS="726" WIDTH="16"/>
							<String ID="P4_ST00919" HPOS="2651" VPOS="701" WIDTH="44" HEIGHT="20" CONTENT="and" WC="0.94" CC="021" STYLEREFS="TXT_20"/>
							<SP ID="P4_SP00738" HPOS="2695" VPOS="726" WIDTH="14"/>
							<String ID="P4_ST00920" HPOS="2709" VPOS="702" WIDTH="80" HEIGHT="20" CONTENT="Scarlet" WC="0.96" CC="1010012" STYLEREFS="TXT_20"/>
							<SP ID="P4_SP00739" HPOS="2789" VPOS="726" WIDTH="10"/>
							<String ID="P4_ST00921" HPOS="2799" VPOS="703" WIDTH="76" HEIGHT="20" CONTENT="Fevers" WC="0.92" CC="103101" STYLEREFS="TXT_20"/>
						</TextLine>
						<TextLine ID="P4_TL00176" HPOS="2342" VPOS="731" WIDTH="534" HEIGHT="28">
							<String ID="P4_ST00922" HPOS="2342" VPOS="731" WIDTH="129" HEIGHT="21" CONTENT="MEASLES" WC="0.94" CC="1111011" STYLEREFS="TXT_20"/>
							<SP ID="P4_SP00740" HPOS="2471" VPOS="752" WIDTH="11"/>
							<String ID="P4_ST00923" HPOS="2482" VPOS="732" WIDTH="36" HEIGHT="20" CONTENT="the" WC="0.90" CC="220" STYLEREFS="TXT_20"/>
							<SP ID="P4_SP00741" HPOS="2518" VPOS="752" WIDTH="6"/>
							<String ID="P4_ST00924" HPOS="2524" VPOS="735" WIDTH="54" HEIGHT="18" CONTENT="most" WC="0.89" CC="3011" STYLEREFS="TXT_20"/>
							<SP ID="P4_SP00742" HPOS="2578" VPOS="753" WIDTH="11"/>
							<String ID="P4_ST00925" HPOS="2589" VPOS="733" WIDTH="135" HEIGHT="26" CONTENT="satisfactory" WC="0.98" CC="110010000001" STYLEREFS="TXT_20"/>
							<SP ID="P4_SP00743" HPOS="2724" VPOS="759" WIDTH="9"/>
							<String ID="P4_ST00926" HPOS="2733" VPOS="736" WIDTH="143" HEIGHT="23" CONTENT="preventative" WC="0.93" CC="001021100320" STYLEREFS="TXT_20"/>
						</TextLine>
						<TextLine ID="P4_TL00177" HPOS="2342" VPOS="762" WIDTH="534" HEIGHT="25">
							<String ID="P4_ST00927" HPOS="2342" VPOS="762" WIDTH="43" HEIGHT="21" CONTENT="and" WC="0.94" CC="111" STYLEREFS="TXT_20"/>
							<SP ID="P4_SP00744" HPOS="2385" VPOS="783" WIDTH="14"/>
							<String ID="P4_ST00928" HPOS="2399" VPOS="762" WIDTH="61" HEIGHT="22" CONTENT="Cure." WC="0.95" CC="01001" STYLEREFS="TXT_20"/>
							<SP ID="P4_SP00745" HPOS="2460" VPOS="784" WIDTH="26"/>
							<String ID="P4_ST00929" HPOS="2486" VPOS="764" WIDTH="57" HEIGHT="20" CONTENT="Send" WC="0.95" CC="1111" STYLEREFS="TXT_20"/>
							<SP ID="P4_SP00746" HPOS="2543" VPOS="784" WIDTH="13"/>
							<String ID="P4_ST00930" HPOS="2556" VPOS="765" WIDTH="52" HEIGHT="20" CONTENT="Post" WC="0.93" CC="1110" STYLEREFS="TXT_20"/>
							<SP ID="P4_SP00747" HPOS="2608" VPOS="785" WIDTH="15"/>
							<String ID="P4_ST00931" HPOS="2623" VPOS="765" WIDTH="56" HEIGHT="20" CONTENT="Card" WC="0.96" CC="1100" STYLEREFS="TXT_20"/>
							<SP ID="P4_SP00748" HPOS="2679" VPOS="785" WIDTH="9"/>
							<String ID="P4_ST00932" HPOS="2688" VPOS="768" WIDTH="23" HEIGHT="18" CONTENT="to" WC="0.98" CC="10" STYLEREFS="TXT_20"/>
							<SP ID="P4_SP00749" HPOS="2711" VPOS="786" WIDTH="9"/>
							<String ID="P4_ST00933" HPOS="2720" VPOS="766" WIDTH="37" HEIGHT="20" CONTENT="the" WC="1.00" CC="000" STYLEREFS="TXT_20"/>
							<SP ID="P4_SP00750" HPOS="2757" VPOS="786" WIDTH="9"/>
							<String ID="P4_ST00934" HPOS="2766" VPOS="766" WIDTH="63" HEIGHT="21" CONTENT="Office" WC="0.96" CC="001100" STYLEREFS="TXT_20"/>
							<SP ID="P4_SP00751" HPOS="2829" VPOS="787" WIDTH="13"/>
							<String ID="P4_ST00935" HPOS="2842" VPOS="768" WIDTH="34" HEIGHT="19" CONTENT="for" WC="1.00" CC="000" STYLEREFS="TXT_20"/>
						</TextLine>
						<TextLine ID="P4_TL00178" HPOS="2342" VPOS="792" WIDTH="533" HEIGHT="32">
							<String ID="P4_ST00936" HPOS="2342" VPOS="792" WIDTH="95" HEIGHT="23" CONTENT="Circular" WC="0.89" CC="00216000" STYLEREFS="TXT_20"/>
							<SP ID="P4_SP00752" HPOS="2437" VPOS="815" WIDTH="13"/>
							<String ID="P4_ST00937" HPOS="2450" VPOS="795" WIDTH="119" HEIGHT="27" CONTENT="describing" WC="0.94" CC="1012001111" STYLEREFS="TXT_20"/>
							<SP ID="P4_SP00753" HPOS="2569" VPOS="822" WIDTH="20"/>
							<String ID="P4_ST00938" HPOS="2589" VPOS="797" WIDTH="121" HEIGHT="20" CONTENT="treatment." WC="0.89" CC="1001110610" STYLEREFS="TXT_20"/>
							<SP ID="P4_SP00754" HPOS="2710" VPOS="822" WIDTH="27"/>
							<String ID="P4_ST00939" HPOS="2737" VPOS="797" WIDTH="138" HEIGHT="27" CONTENT="Eucalyptus," WC="0.93" CC="11011111111" STYLEREFS="TXT_20"/>
						</TextLine>
						<TextLine ID="P4_TL00179" HPOS="2341" VPOS="827" WIDTH="535" HEIGHT="29">
							<String ID="P4_ST00940" HPOS="2341" VPOS="827" WIDTH="112" HEIGHT="22" CONTENT="Ointment" WC="0.99" CC="00100001" STYLEREFS="TXT_20"/>
							<SP ID="P4_SP00755" HPOS="2453" VPOS="849" WIDTH="9"/>
							<String ID="P4_ST00941" HPOS="2462" VPOS="829" WIDTH="36" HEIGHT="20" CONTENT="the" WC="0.97" CC="011" STYLEREFS="TXT_20"/>
							<SP ID="P4_SP00756" HPOS="2498" VPOS="849" WIDTH="9"/>
							<String ID="P4_ST00942" HPOS="2507" VPOS="830" WIDTH="70" HEIGHT="26" CONTENT="Magic" WC="0.94" CC="11101" STYLEREFS="TXT_20"/>
							<SP ID="P4_SP00757" HPOS="2577" VPOS="856" WIDTH="10"/>
							<String ID="P4_ST00943" HPOS="2587" VPOS="830" WIDTH="78" HEIGHT="20" CONTENT="Healer" WC="0.94" CC="201011" STYLEREFS="TXT_20"/>
							<SP ID="P4_SP00758" HPOS="2665" VPOS="856" WIDTH="14"/>
							<String ID="P4_ST00944" HPOS="2679" VPOS="831" WIDTH="22" HEIGHT="20" CONTENT="of" WC="0.96" CC="01" STYLEREFS="TXT_20"/>
							<SP ID="P4_SP00759" HPOS="2701" VPOS="856" WIDTH="15"/>
							<String ID="P4_ST00945" HPOS="2716" VPOS="832" WIDTH="69" HEIGHT="23" CONTENT="Sores," WC="0.95" CC="100111" STYLEREFS="TXT_20"/>
							<SP ID="P4_SP00760" HPOS="2785" VPOS="856" WIDTH="13"/>
							<String ID="P4_ST00946" HPOS="2798" VPOS="832" WIDTH="78" HEIGHT="24" CONTENT="Burns," WC="0.94" CC="010211" STYLEREFS="TXT_20"/>
						</TextLine>
						<TextLine ID="P4_TL00180" HPOS="2343" VPOS="858" WIDTH="529" HEIGHT="32">
							<String ID="P4_ST00947" HPOS="2343" VPOS="858" WIDTH="101" HEIGHT="26" CONTENT="Wounds," WC="0.94" CC="1010111" STYLEREFS="TXT_20"/>
							<SP ID="P4_SP00761" HPOS="2444" VPOS="884" WIDTH="16"/>
							<String ID="P4_ST00948" HPOS="2460" VPOS="861" WIDTH="59" HEIGHT="20" CONTENT="Boils" WC="0.96" CC="10011" STYLEREFS="TXT_20"/>
							<SP ID="P4_SP00762" HPOS="2519" VPOS="884" WIDTH="18"/>
							<String ID="P4_ST00949" HPOS="2537" VPOS="863" WIDTH="45" HEIGHT="23" CONTENT="&amp;c," WC="0.84" CC="221" STYLEREFS="TXT_20"/>
							<SP ID="P4_SP00763" HPOS="2582" VPOS="886" WIDTH="24"/>
							<String ID="P4_ST00950" HPOS="2606" VPOS="862" WIDTH="133" HEIGHT="27" CONTENT="Eucalyptus" WC="0.91" CC="1051010101" STYLEREFS="TXT_20"/>
							<SP ID="P4_SP00764" HPOS="2739" VPOS="889" WIDTH="18"/>
							<String ID="P4_ST00951" HPOS="2757" VPOS="863" WIDTH="59" HEIGHT="27" CONTENT="Soap" WC="0.94" CC="1011" STYLEREFS="TXT_20"/>
							<SP ID="P4_SP00765" HPOS="2816" VPOS="890" WIDTH="13"/>
							<String ID="P4_ST00952" HPOS="2829" VPOS="863" WIDTH="43" HEIGHT="21" CONTENT="Fra" WC="0.94" CC="101" STYLEREFS="TXT_20"/>
						</TextLine>
						<TextLine ID="P4_TL00181" HPOS="2342" VPOS="893" WIDTH="534" HEIGHT="29">
							<String ID="P4_ST00953" HPOS="2342" VPOS="893" WIDTH="62" HEIGHT="22" CONTENT="grant" WC="0.95" CC="00111" STYLEREFS="TXT_20"/>
							<SP ID="P4_SP00766" HPOS="2404" VPOS="915" WIDTH="9"/>
							<String ID="P4_ST00954" HPOS="2413" VPOS="893" WIDTH="43" HEIGHT="19" CONTENT="and" WC="0.93" CC="111" STYLEREFS="TXT_20"/>
							<SP ID="P4_SP00767" HPOS="2456" VPOS="915" WIDTH="9"/>
							<String ID="P4_ST00955" HPOS="2465" VPOS="893" WIDTH="124" HEIGHT="26" CONTENT="refreshing." WC="0.95" CC="01100111111" STYLEREFS="TXT_20"/>
							<SP ID="P4_SP00768" HPOS="2589" VPOS="919" WIDTH="25"/>
							<String ID="P4_ST00956" HPOS="2614" VPOS="895" WIDTH="132" HEIGHT="26" CONTENT="Eucalyptus" WC="0.97" CC="0110010011" STYLEREFS="TXT_20"/>
							<SP ID="P4_SP00769" HPOS="2746" VPOS="921" WIDTH="9"/>
							<String ID="P4_ST00957" HPOS="2755" VPOS="895" WIDTH="88" HEIGHT="27" CONTENT="Jujubes" WC="0.86" CC="3420101" STYLEREFS="TXT_20"/>
							<SP ID="P4_SP00770" HPOS="2843" VPOS="922" WIDTH="10"/>
							<String ID="P4_ST00958" HPOS="2853" VPOS="902" WIDTH="23" HEIGHT="14" CONTENT="or" WC="0.98" CC="10" STYLEREFS="TXT_20"/>
						</TextLine>
						<TextLine ID="P4_TL00182" HPOS="2341" VPOS="921" WIDTH="535" HEIGHT="28">
							<String ID="P4_ST00959" HPOS="2341" VPOS="921" WIDTH="102" HEIGHT="22" CONTENT="Pastilles" WC="0.85" CC="119101001" STYLEREFS="TXT_20"/>
							<SP ID="P4_SP00771" HPOS="2443" VPOS="943" WIDTH="8"/>
							<String ID="P4_ST00960" HPOS="2451" VPOS="924" WIDTH="35" HEIGHT="20" CONTENT="for" WC="0.95" CC="101" STYLEREFS="TXT_20"/>
							<SP ID="P4_SP00772" HPOS="2486" VPOS="944" WIDTH="9"/>
							<String ID="P4_ST00961" HPOS="2495" VPOS="924" WIDTH="36" HEIGHT="21" CONTENT="the" WC="0.94" CC="110" STYLEREFS="TXT_20"/>
							<SP ID="P4_SP00773" HPOS="2531" VPOS="945" WIDTH="25"/>
							<String ID="P4_ST00962" HPOS="2556" VPOS="925" WIDTH="80" HEIGHT="22" CONTENT="Throat" WC="0.91" CC="310011" STYLEREFS="TXT_20"/>
							<SP ID="P4_SP00774" HPOS="2636" VPOS="947" WIDTH="10"/>
							<String ID="P4_ST00963" HPOS="2646" VPOS="926" WIDTH="43" HEIGHT="21" CONTENT="and" WC="0.88" CC="122" STYLEREFS="TXT_20"/>
							<SP ID="P4_SP00775" HPOS="2689" VPOS="947" WIDTH="9"/>
							<String ID="P4_ST00964" HPOS="2698" VPOS="926" WIDTH="64" HEIGHT="22" CONTENT="Voice" WC="0.94" CC="21001" STYLEREFS="TXT_20"/>
							<SP ID="P4_SP00776" HPOS="2762" VPOS="948" WIDTH="16"/>
							<String ID="P4_ST00965" HPOS="2778" VPOS="933" WIDTH="29" HEIGHT="15" CONTENT="an" WC="0.94" CC="11" STYLEREFS="TXT_20"/>
							<SP ID="P4_SP00777" HPOS="2807" VPOS="948" WIDTH="13"/>
							<String ID="P4_ST00966" HPOS="2820" VPOS="928" WIDTH="56" HEIGHT="21" CONTENT="anti-" WC="0.86" CC="11104" STYLEREFS="TXT_20"/>
						</TextLine>
						<TextLine ID="P4_TL00183" HPOS="2343" VPOS="953" WIDTH="249" HEIGHT="26">
							<String ID="P4_ST00967" HPOS="2343" VPOS="953" WIDTH="66" HEIGHT="26" CONTENT="septic" WC="0.87" CC="510111" STYLEREFS="TXT_20"/>
							<SP ID="P4_SP00778" HPOS="2409" VPOS="979" WIDTH="10"/>
							<String ID="P4_ST00968" HPOS="2419" VPOS="954" WIDTH="43" HEIGHT="21" CONTENT="and" WC="0.94" CC="111" STYLEREFS="TXT_20"/>
							<SP ID="P4_SP00779" HPOS="2462" VPOS="979" WIDTH="10"/>
							<String ID="P4_ST00969" HPOS="2472" VPOS="956" WIDTH="120" HEIGHT="22" CONTENT="stimulant." WC="0.95" CC="2000111111" STYLEREFS="TXT_20"/>
						</TextLine>
						<TextLine ID="P4_TL00184" HPOS="2342" VPOS="987" WIDTH="534" HEIGHT="28">
							<String ID="P4_ST00970" HPOS="2342" VPOS="987" WIDTH="126" HEIGHT="27" CONTENT="Veterinary" WC="0.94" CC="3011011111" STYLEREFS="TXT_20"/>
							<SP ID="P4_SP00780" HPOS="2468" VPOS="1014" WIDTH="16"/>
							<String ID="P4_ST00971" HPOS="2484" VPOS="990" WIDTH="35" HEIGHT="20" CONTENT="Oil" WC="0.99" CC="010" STYLEREFS="TXT_20"/>
							<SP ID="P4_SP00781" HPOS="2519" VPOS="1014" WIDTH="10"/>
							<String ID="P4_ST00972" HPOS="2529" VPOS="991" WIDTH="42" HEIGHT="21" CONTENT="and" WC="0.95" CC="101" STYLEREFS="TXT_20"/>
							<SP ID="P4_SP00782" HPOS="2571" VPOS="1014" WIDTH="11"/>
							<String ID="P4_ST00973" HPOS="2582" VPOS="992" WIDTH="110" HEIGHT="21" CONTENT="Ointment" WC="0.96" CC="00010111" STYLEREFS="TXT_20"/>
							<SP ID="P4_SP00783" HPOS="2692" VPOS="1014" WIDTH="9"/>
							<String ID="P4_ST00974" HPOS="2701" VPOS="993" WIDTH="34" HEIGHT="20" CONTENT="for" WC="0.97" CC="011" STYLEREFS="TXT_20"/>
							<SP ID="P4_SP00784" HPOS="2735" VPOS="1014" WIDTH="9"/>
							<String ID="P4_ST00975" HPOS="2744" VPOS="992" WIDTH="37" HEIGHT="21" CONTENT="the" WC="1.00" CC="000" STYLEREFS="TXT_20"/>
							<SP ID="P4_SP00785" HPOS="2781" VPOS="1014" WIDTH="9"/>
							<String ID="P4_ST00976" HPOS="2790" VPOS="994" WIDTH="86" HEIGHT="21" CONTENT="stables." WC="0.95" CC="11101011" STYLEREFS="TXT_20"/>
						</TextLine>
						<TextLine ID="P4_TL00185" HPOS="2369" VPOS="1022" WIDTH="508" HEIGHT="31">
							<String ID="P4_ST00977" HPOS="2369" VPOS="1022" WIDTH="30" HEIGHT="20" CONTENT="Be" WC="0.98" CC="01" STYLEREFS="TXT_20"/>
							<SP ID="P4_SP00786" HPOS="2399" VPOS="1042" WIDTH="10"/>
							<String ID="P4_ST00978" HPOS="2409" VPOS="1029" WIDTH="48" HEIGHT="14" CONTENT="sure" WC="0.95" CC="1101" STYLEREFS="TXT_20"/>
							<SP ID="P4_SP00787" HPOS="2457" VPOS="1043" WIDTH="10"/>
							<String ID="P4_ST00979" HPOS="2467" VPOS="1030" WIDTH="42" HEIGHT="19" CONTENT="you" WC="0.95" CC="101" STYLEREFS="TXT_20"/>
							<SP ID="P4_SP00788" HPOS="2509" VPOS="1049" WIDTH="10"/>
							<String ID="P4_ST00980" HPOS="2519" VPOS="1025" WIDTH="108" HEIGHT="21" CONTENT="Purchase" WC="0.94" CC="11110111" STYLEREFS="TXT_20"/>
							<SP ID="P4_SP00789" HPOS="2627" VPOS="1049" WIDTH="13"/>
							<String ID="P4_ST00981" HPOS="2640" VPOS="1025" WIDTH="39" HEIGHT="22" CONTENT="the" WC="0.96" CC="011" STYLEREFS="TXT_20"/>
							<SP ID="P4_SP00790" HPOS="2679" VPOS="1049" WIDTH="10"/>
							<String ID="P4_ST00982" HPOS="2689" VPOS="1027" WIDTH="104" HEIGHT="26" CONTENT="Platypus" WC="0.96" CC="00101011" STYLEREFS="TXT_20"/>
							<SP ID="P4_SP00791" HPOS="2793" VPOS="1053" WIDTH="16"/>
							<String ID="P4_ST00983" HPOS="2809" VPOS="1028" WIDTH="68" HEIGHT="20" CONTENT="brand" WC="0.95" CC="11110" STYLEREFS="TXT_20"/>
						</TextLine>
						<TextLine ID="P4_TL00186" HPOS="2342" VPOS="1053" WIDTH="534" HEIGHT="31">
							<String ID="P4_ST00984" HPOS="2342" VPOS="1053" WIDTH="50" HEIGHT="25" CONTENT="only" WC="0.99" CC="1000" STYLEREFS="TXT_20"/>
							<SP ID="P4_SP00792" HPOS="2392" VPOS="1078" WIDTH="10"/>
							<String ID="P4_ST00985" HPOS="2402" VPOS="1055" WIDTH="22" HEIGHT="19" CONTENT="of" WC="0.94" CC="11" STYLEREFS="TXT_20"/>
							<SP ID="P4_SP00793" HPOS="2424" VPOS="1078" WIDTH="7"/>
							<String ID="P4_ST00986" HPOS="2431" VPOS="1055" WIDTH="29" HEIGHT="19" CONTENT="all" WC="0.99" CC="100" STYLEREFS="TXT_20"/>
							<SP ID="P4_SP00794" HPOS="2460" VPOS="1078" WIDTH="9"/>
							<String ID="P4_ST00987" HPOS="2469" VPOS="1055" WIDTH="113" HEIGHT="26" CONTENT="Chemists," WC="0.92" CC="300111111" STYLEREFS="TXT_20"/>
							<SP ID="P4_SP00795" HPOS="2582" VPOS="1081" WIDTH="5"/>
							<String ID="P4_ST00988" HPOS="2587" VPOS="1057" WIDTH="89" HEIGHT="20" CONTENT="Grocers" WC="0.97" CC="1001001" STYLEREFS="TXT_20"/>
							<SP ID="P4_SP00796" HPOS="2676" VPOS="1081" WIDTH="5"/>
							<String ID="P4_ST00989" HPOS="2681" VPOS="1058" WIDTH="43" HEIGHT="19" CONTENT="and" WC="0.93" CC="111" STYLEREFS="TXT_20"/>
							<SP ID="P4_SP00797" HPOS="2724" VPOS="1081" WIDTH="7"/>
							<String ID="P4_ST00990" HPOS="2731" VPOS="1058" WIDTH="145" HEIGHT="26" CONTENT="Storekeepers" WC="0.96" CC="110011100110" STYLEREFS="TXT_20"/>
						</TextLine>
						<TextLine ID="P4_TL00187" HPOS="2342" VPOS="1084" WIDTH="534" HEIGHT="30">
							<String ID="P4_ST00991" HPOS="2342" VPOS="1084" WIDTH="43" HEIGHT="21" CONTENT="arid" WC="0.93" CC="0111" STYLEREFS="TXT_20"/>
							<SP ID="P4_SP00798" HPOS="2385" VPOS="1105" WIDTH="13"/>
							<String ID="P4_ST00992" HPOS="2398" VPOS="1086" WIDTH="24" HEIGHT="19" CONTENT="at" WC="0.94" CC="11" STYLEREFS="TXT_20"/>
							<SP ID="P4_SP00799" HPOS="2422" VPOS="1105" WIDTH="13"/>
							<String ID="P4_ST00993" HPOS="2435" VPOS="1086" WIDTH="36" HEIGHT="21" CONTENT="the" WC="0.95" CC="111" STYLEREFS="TXT_20"/>
							<SP ID="P4_SP00800" HPOS="2471" VPOS="1107" WIDTH="11"/>
							<String ID="P4_ST00994" HPOS="2482" VPOS="1087" WIDTH="64" HEIGHT="22" CONTENT="Office" WC="0.91" CC="212211" STYLEREFS="TXT_20"/>
							<SP ID="P4_SP00801" HPOS="2546" VPOS="1109" WIDTH="9"/>
							<String ID="P4_ST00995" HPOS="2555" VPOS="1089" WIDTH="13" HEIGHT="21" CONTENT="9" WC="0.93" CC="1" STYLEREFS="TXT_20"/>
							<SP ID="P4_SP00802" HPOS="2568" VPOS="1110" WIDTH="8"/>
							<String ID="P4_ST00996" HPOS="2576" VPOS="1088" WIDTH="115" HEIGHT="22" CONTENT="Cathedral" WC="0.96" CC="201000110" STYLEREFS="TXT_20"/>
							<SP ID="P4_SP00803" HPOS="2691" VPOS="1110" WIDTH="9"/>
							<String ID="P4_ST00997" HPOS="2700" VPOS="1095" WIDTH="76" HEIGHT="19" CONTENT="square" WC="0.94" CC="131000" STYLEREFS="TXT_20"/>
							<SP ID="P4_SP00804" HPOS="2776" VPOS="1114" WIDTH="9"/>
							<String ID="P4_ST00998" HPOS="2785" VPOS="1090" WIDTH="91" HEIGHT="22" CONTENT="between" WC="0.93" CC="0011112" STYLEREFS="TXT_20"/>
						</TextLine>
						<TextLine ID="P4_TL00188" HPOS="2342" VPOS="1116" WIDTH="463" HEIGHT="30">
							<String ID="P4_ST00999" HPOS="2342" VPOS="1116" WIDTH="100" HEIGHT="22" CONTENT="Morten's" WC="0.93" CC="11110112" STYLEREFS="TXT_20"/>
							<SP ID="P4_SP00805" HPOS="2442" VPOS="1138" WIDTH="14"/>
							<String ID="P4_ST01000" HPOS="2456" VPOS="1118" WIDTH="112" HEIGHT="28" CONTENT="Buildings" WC="0.95" CC="101110101" STYLEREFS="TXT_20"/>
							<SP ID="P4_SP00806" HPOS="2568" VPOS="1146" WIDTH="8"/>
							<String ID="P4_ST01001" HPOS="2576" VPOS="1121" WIDTH="41" HEIGHT="21" CONTENT="and" WC="0.88" CC="121" STYLEREFS="TXT_20"/>
							<SP ID="P4_SP00807" HPOS="2617" VPOS="1146" WIDTH="12"/>
							<String ID="P4_ST01002" HPOS="2629" VPOS="1121" WIDTH="36" HEIGHT="21" CONTENT="the" WC="0.95" CC="110" STYLEREFS="TXT_20"/>
							<SP ID="P4_SP00808" HPOS="2665" VPOS="1146" WIDTH="9"/>
							<String ID="P4_ST01003" HPOS="2674" VPOS="1122" WIDTH="51" HEIGHT="21" CONTENT="Post" WC="0.94" CC="1011" STYLEREFS="TXT_20"/>
							<SP ID="P4_SP00809" HPOS="2725" VPOS="1146" WIDTH="10"/>
							<String ID="P4_ST01004" HPOS="2735" VPOS="1121" WIDTH="70" HEIGHT="23" CONTENT="Office." WC="0.83" CC="0055111" STYLEREFS="TXT_20"/>
						</TextLine>
						<TextLine ID="P4_TL00189" HPOS="2506" VPOS="1155" WIDTH="177" HEIGHT="28">
							<String ID="P4_ST01005" HPOS="2506" VPOS="1155" WIDTH="87" HEIGHT="22" CONTENT="Oxford" WC="0.94" CC="021011" STYLEREFS="TXT_20"/>
							<SP ID="P4_SP00810" HPOS="2593" VPOS="1177" WIDTH="11"/>
							<String ID="P4_ST01006" HPOS="2604" VPOS="1157" WIDTH="79" HEIGHT="26" CONTENT="Agent" WC="0.91" CC="11112" STYLEREFS="TXT_20"/>
						</TextLine>
						<TextLine ID="P4_TL00190" HPOS="2396" VPOS="1189" WIDTH="430" HEIGHT="30">
							<String ID="P4_ST01007" HPOS="2396" VPOS="1189" WIDTH="27" HEIGHT="22" CONTENT="R." WC="0.74" CC="51" STYLEREFS="TXT_20"/>
							<SP ID="P4_SP00811" HPOS="2423" VPOS="1211" WIDTH="9"/>
							<String ID="P4_ST01008" HPOS="2432" VPOS="1190" WIDTH="30" HEIGHT="21" CONTENT="H." WC="0.96" CC="11" STYLEREFS="TXT_20"/>
							<SP ID="P4_SP00812" HPOS="2462" VPOS="1211" WIDTH="14"/>
							<String ID="P4_ST01009" HPOS="2476" VPOS="1192" WIDTH="118" HEIGHT="27" CONTENT="PARISH," WC="0.92" CC="1130111" STYLEREFS="TXT_20"/>
							<SP ID="P4_SP00813" HPOS="2594" VPOS="1219" WIDTH="24"/>
							<String ID="P4_ST01010" HPOS="2618" VPOS="1194" WIDTH="76" HEIGHT="21" CONTENT="EAST" WC="0.98" CC="0010" STYLEREFS="TXT_20"/>
							<SP ID="P4_SP00814" HPOS="2694" VPOS="1219" WIDTH="13"/>
							<String ID="P4_ST01011" HPOS="2707" VPOS="1196" WIDTH="119" HEIGHT="20" CONTENT="OXFORD" WC="0.90" CC="012013" STYLEREFS="TXT_20"/>
						</TextLine>
						<TextLine ID="P4_TL00191" HPOS="2333" VPOS="1228" WIDTH="461" HEIGHT="30">
							<String ID="P4_ST01012" HPOS="2333" VPOS="1248" WIDTH="2" HEIGHT="10" CONTENT="t" STYLE="subscript" WC="0.63" CC="4" STYLEREFS="TXT_20"/>
							<SP ID="P4_SP00815" HPOS="2335" VPOS="1258" WIDTH="87"/>
							<String ID="P4_ST01013" HPOS="2422" VPOS="1228" WIDTH="140" HEIGHT="27" CONTENT="Eucalyptus" WC="0.96" CC="1100010011" STYLEREFS="TXT_20"/>
							<SP ID="P4_SP00816" HPOS="2562" VPOS="1258" WIDTH="11"/>
							<String ID="P4_ST01014" HPOS="2573" VPOS="1231" WIDTH="36" HEIGHT="19" CONTENT="Oil" WC="1.00" CC="000" STYLEREFS="TXT_20"/>
							<SP ID="P4_SP00817" HPOS="2609" VPOS="1258" WIDTH="14"/>
							<String ID="P4_ST01015" HPOS="2623" VPOS="1231" WIDTH="31" HEIGHT="27" CONTENT="1/-" WC="1.00" CC="000" STYLEREFS="TXT_20"/>
							<SP ID="P4_SP00818" HPOS="2654" VPOS="1258" WIDTH="13"/>
							<String ID="P4_ST01016" HPOS="2667" VPOS="1239" WIDTH="41" HEIGHT="19" CONTENT="per" WC="0.93" CC="111" STYLEREFS="TXT_20"/>
							<SP ID="P4_SP00819" HPOS="2708" VPOS="1258" WIDTH="8"/>
							<String ID="P4_ST01017" HPOS="2716" VPOS="1233" WIDTH="78" HEIGHT="20" CONTENT="bottle." WC="0.98" CC="0000101" STYLEREFS="TXT_20"/>
						</TextLine>
						<TextLine ID="P4_TL00192" HPOS="2365" VPOS="1382" WIDTH="487" HEIGHT="51">
							<String ID="P4_ST01018" HPOS="2365" VPOS="1382" WIDTH="116" HEIGHT="44" CONTENT="HELP" WC="0.88" CC="0311" STYLEREFS="TXT_11"/>
							<SP ID="P4_SP00820" HPOS="2481" VPOS="1426" WIDTH="15"/>
							<String ID="P4_ST01019" HPOS="2496" VPOS="1385" WIDTH="82" HEIGHT="43" CONTENT="FOR" WC="0.90" CC="112" STYLEREFS="TXT_11"/>
							<SP ID="P4_SP00821" HPOS="2578" VPOS="1428" WIDTH="18"/>
							<String ID="P4_ST01020" HPOS="2596" VPOS="1387" WIDTH="85" HEIGHT="43" CONTENT="THE" WC="0.95" CC="002" STYLEREFS="TXT_11"/>
							<SP ID="P4_SP00822" HPOS="2681" VPOS="1430" WIDTH="24"/>
							<String ID="P4_ST01021" HPOS="2705" VPOS="1389" WIDTH="147" HEIGHT="44" CONTENT="WEAK." WC="0.93" CC="01121" STYLEREFS="TXT_11"/>
						</TextLine>
						<TextLine ID="P4_TL00193" HPOS="2344" VPOS="1491" WIDTH="531" HEIGHT="38">
							<String ID="P4_ST01022" HPOS="2344" VPOS="1491" WIDTH="178" HEIGHT="27" CONTENT="\TERVOUS" WC="0.81" CC="91111011"/>
							<SP ID="P4_SP00823" HPOS="2522" VPOS="1518" WIDTH="20"/>
							<String ID="P4_ST01023" HPOS="2542" VPOS="1495" WIDTH="71" HEIGHT="24" CONTENT="AND" WC="0.89" CC="022"/>
							<SP ID="P4_SP00824" HPOS="2613" VPOS="1519" WIDTH="18"/>
							<String ID="P4_ST01024" HPOS="2631" VPOS="1496" WIDTH="244" HEIGHT="33" CONTENT="DEBILITATED," WC="0.94" CC="110010111022"/>
						</TextLine>
						<TextLine ID="P4_TL00194" HPOS="2344" VPOS="1522" WIDTH="530" HEIGHT="42">
							<String ID="P4_ST01025" HPOS="2344" VPOS="1522" WIDTH="31" HEIGHT="26" CONTENT="±y" WC="0.67" CC="34" STYLEREFS="TXT_4"/>
							<SP ID="P4_SP00825" HPOS="2375" VPOS="1548" WIDTH="26"/>
							<String ID="P4_ST01026" HPOS="2401" VPOS="1525" WIDTH="63" HEIGHT="29" CONTENT="who," WC="0.88" CC="2202"/>
							<SP ID="P4_SP00826" HPOS="2464" VPOS="1554" WIDTH="13"/>
							<String ID="P4_ST01027" HPOS="2477" VPOS="1526" WIDTH="110" HEIGHT="34" CONTENT="through" WC="0.89" CC="1210122"/>
							<SP ID="P4_SP00827" HPOS="2587" VPOS="1560" WIDTH="10"/>
							<String ID="P4_ST01028" HPOS="2597" VPOS="1528" WIDTH="61" HEIGHT="33" CONTENT="folly" WC="0.86" CC="11214"/>
							<SP ID="P4_SP00828" HPOS="2658" VPOS="1561" WIDTH="18"/>
							<String ID="P4_ST01029" HPOS="2676" VPOS="1531" WIDTH="48" HEIGHT="25" CONTENT="and" WC="0.93" CC="011"/>
							<SP ID="P4_SP00829" HPOS="2724" VPOS="1561" WIDTH="11"/>
							<String ID="P4_ST01030" HPOS="2735" VPOS="1532" WIDTH="139" HEIGHT="32" CONTENT="ignorance," WC="0.93" CC="2120011112"/>
						</TextLine>
						<TextLine ID="P4_TL00195" HPOS="2343" VPOS="1557" WIDTH="531" HEIGHT="43">
							<String ID="P4_ST01031" HPOS="2343" VPOS="1557" WIDTH="64" HEIGHT="25" CONTENT="have" WC="0.92" CC="2111"/>
							<SP ID="P4_SP00830" HPOS="2407" VPOS="1582" WIDTH="13"/>
							<String ID="P4_ST01032" HPOS="2420" VPOS="1559" WIDTH="78" HEIGHT="25" CONTENT="trifled" WC="0.94" CC="1221101"/>
							<SP ID="P4_SP00831" HPOS="2498" VPOS="1584" WIDTH="12"/>
							<String ID="P4_ST01033" HPOS="2510" VPOS="1568" WIDTH="69" HEIGHT="25" CONTENT="away" WC="0.94" CC="0102"/>
							<SP ID="P4_SP00832" HPOS="2579" VPOS="1593" WIDTH="11"/>
							<String ID="P4_ST01034" HPOS="2590" VPOS="1563" WIDTH="62" HEIGHT="24" CONTENT="their" WC="0.95" CC="10012"/>
							<SP ID="P4_SP00833" HPOS="2652" VPOS="1593" WIDTH="10"/>
							<String ID="P4_ST01035" HPOS="2662" VPOS="1565" WIDTH="86" HEIGHT="32" CONTENT="vigour" WC="0.96" CC="111001"/>
							<SP ID="P4_SP00834" HPOS="2748" VPOS="1597" WIDTH="19"/>
							<String ID="P4_ST01036" HPOS="2767" VPOS="1567" WIDTH="27" HEIGHT="24" CONTENT="of" WC="1.00" CC="00"/>
							<SP ID="P4_SP00835" HPOS="2794" VPOS="1597" WIDTH="9"/>
							<String ID="P4_ST01037" HPOS="2803" VPOS="1567" WIDTH="71" HEIGHT="33" CONTENT="body," WC="0.93" CC="10111"/>
						</TextLine>
						<TextLine ID="P4_TL00196" HPOS="2345" VPOS="1591" WIDTH="529" HEIGHT="40">
							<String ID="P4_ST01038" HPOS="2345" VPOS="1591" WIDTH="77" HEIGHT="29" CONTENT="mind," WC="0.93" CC="10121"/>
							<SP ID="P4_SP00836" HPOS="2422" VPOS="1620" WIDTH="13"/>
							<String ID="P4_ST01039" HPOS="2435" VPOS="1592" WIDTH="50" HEIGHT="25" CONTENT="and" WC="0.99" CC="001"/>
							<SP ID="P4_SP00837" HPOS="2485" VPOS="1620" WIDTH="11"/>
							<String ID="P4_ST01040" HPOS="2496" VPOS="1595" WIDTH="133" HEIGHT="30" CONTENT="manhood," WC="0.90" CC="31120002"/>
							<SP ID="P4_SP00838" HPOS="2629" VPOS="1625" WIDTH="14"/>
							<String ID="P4_ST01041" HPOS="2643" VPOS="1599" WIDTH="100" HEIGHT="32" CONTENT="causing" WC="0.94" CC="0010121"/>
							<SP ID="P4_SP00839" HPOS="2743" VPOS="1631" WIDTH="16"/>
							<String ID="P4_ST01042" HPOS="2759" VPOS="1601" WIDTH="115" HEIGHT="26" CONTENT="exhaust-" WC="0.92" CC="02101103"/>
						</TextLine>
						<TextLine ID="P4_TL00197" HPOS="2343" VPOS="1624" WIDTH="531" HEIGHT="41">
							<String ID="P4_ST01043" HPOS="2343" VPOS="1624" WIDTH="46" HEIGHT="33" CONTENT="ing" WC="0.96" CC="011"/>
							<SP ID="P4_SP00840" HPOS="2389" VPOS="1657" WIDTH="16"/>
							<String ID="P4_ST01044" HPOS="2405" VPOS="1625" WIDTH="86" HEIGHT="30" CONTENT="drains," WC="0.97" CC="0010111"/>
							<SP ID="P4_SP00841" HPOS="2491" VPOS="1657" WIDTH="9"/>
							<String ID="P4_ST01045" HPOS="2500" VPOS="1634" WIDTH="65" HEIGHT="24" CONTENT="upon" WC="0.94" CC="1101"/>
							<SP ID="P4_SP00842" HPOS="2565" VPOS="1658" WIDTH="12"/>
							<String ID="P4_ST01046" HPOS="2577" VPOS="1629" WIDTH="43" HEIGHT="26" CONTENT="the" WC="0.94" CC="210"/>
							<SP ID="P4_SP00843" HPOS="2620" VPOS="1658" WIDTH="21"/>
							<String ID="P4_ST01047" HPOS="2641" VPOS="1630" WIDTH="128" HEIGHT="28" CONTENT="fountains" WC="0.94" CC="111120111"/>
							<SP ID="P4_SP00844" HPOS="2769" VPOS="1658" WIDTH="20"/>
							<String ID="P4_ST01048" HPOS="2789" VPOS="1635" WIDTH="27" HEIGHT="24" CONTENT="of" WC="0.93" CC="02"/>
							<SP ID="P4_SP00845" HPOS="2816" VPOS="1659" WIDTH="8"/>
							<String ID="P4_ST01049" HPOS="2824" VPOS="1634" WIDTH="50" HEIGHT="31" CONTENT="life," WC="0.93" CC="02002"/>
						</TextLine>
						<TextLine ID="P4_TL00198" HPOS="2345" VPOS="1657" WIDTH="531" HEIGHT="43">
							<String ID="P4_ST01050" HPOS="2345" VPOS="1657" WIDTH="63" HEIGHT="26" CONTENT="Loss" WC="0.96" CC="0011"/>
							<SP ID="P4_SP00846" HPOS="2408" VPOS="1683" WIDTH="7"/>
							<String ID="P4_ST01051" HPOS="2415" VPOS="1659" WIDTH="27" HEIGHT="24" CONTENT="of" WC="1.00" CC="00"/>
							<SP ID="P4_SP00847" HPOS="2442" VPOS="1683" WIDTH="8"/>
							<String ID="P4_ST01052" HPOS="2450" VPOS="1659" WIDTH="102" HEIGHT="34" CONTENT="Energy" WC="0.96" CC="111011"/>
							<SP ID="P4_SP00848" HPOS="2552" VPOS="1693" WIDTH="8"/>
							<String ID="P4_ST01053" HPOS="2560" VPOS="1662" WIDTH="48" HEIGHT="24" CONTENT="and" WC="0.95" CC="011"/>
							<SP ID="P4_SP00849" HPOS="2608" VPOS="1693" WIDTH="10"/>
							<String ID="P4_ST01054" HPOS="2618" VPOS="1664" WIDTH="126" HEIGHT="33" CONTENT="(Strength," WC="0.84" CC="6212111211"/>
							<SP ID="P4_SP00850" HPOS="2744" VPOS="1697" WIDTH="13"/>
							<String ID="P4_ST01055" HPOS="2757" VPOS="1666" WIDTH="119" HEIGHT="34" CONTENT="Timidity" WC="0.97" CC="12000011"/>
						</TextLine>
						<TextLine ID="P4_TL00199" HPOS="2345" VPOS="1690" WIDTH="529" HEIGHT="41">
							<String ID="P4_ST01056" HPOS="2345" VPOS="1690" WIDTH="163" HEIGHT="28" CONTENT="Bashfulness" WC="0.97" CC="10111101011"/>
							<SP ID="P4_SP00851" HPOS="2508" VPOS="1718" WIDTH="34"/>
							<String ID="P4_ST01057" HPOS="2542" VPOS="1694" WIDTH="27" HEIGHT="25" CONTENT="m" WC="0.98" CC="1"/>
							<SP ID="P4_SP00852" HPOS="2569" VPOS="1719" WIDTH="35"/>
							<String ID="P4_ST01058" HPOS="2604" VPOS="1696" WIDTH="105" HEIGHT="34" CONTENT="Society," WC="0.85" CC="10900101"/>
							<SP ID="P4_SP00853" HPOS="2709" VPOS="1730" WIDTH="24"/>
							<String ID="P4_ST01059" HPOS="2733" VPOS="1699" WIDTH="141" HEIGHT="32" CONTENT="Headache," WC="0.96" CC="100101101"/>
						</TextLine>
						<TextLine ID="P4_TL00200" HPOS="2345" VPOS="1723" WIDTH="534" HEIGHT="36">
							<String ID="P4_ST01060" HPOS="2345" VPOS="1723" WIDTH="134" HEIGHT="32" CONTENT="Backache," WC="0.86" CC="011900101"/>
							<SP ID="P4_SP00854" HPOS="2479" VPOS="1755" WIDTH="21"/>
							<String ID="P4_ST01061" HPOS="2500" VPOS="1726" WIDTH="176" HEIGHT="33" CONTENT="Nervousness," WC="0.95" CC="210100000111"/>
							<SP ID="P4_SP00855" HPOS="2676" VPOS="1759" WIDTH="24"/>
							<String ID="P4_ST01062" HPOS="2700" VPOS="1732" WIDTH="134" HEIGHT="27" CONTENT="Weakness" WC="0.98" CC="00001111"/>
							<SP ID="P4_SP00856" HPOS="2834" VPOS="1759" WIDTH="17"/>
							<String ID="P4_ST01063" HPOS="2851" VPOS="1735" WIDTH="28" HEIGHT="24" CONTENT="of" WC="0.98" CC="01"/>
						</TextLine>
						<TextLine ID="P4_TL00201" HPOS="2346" VPOS="1757" WIDTH="530" HEIGHT="38">
							<String ID="P4_ST01064" HPOS="2346" VPOS="1757" WIDTH="119" HEIGHT="32" CONTENT="Memory," WC="0.95" CC="0110012"/>
							<SP ID="P4_SP00857" HPOS="2465" VPOS="1789" WIDTH="13"/>
							<String ID="P4_ST01065" HPOS="2478" VPOS="1759" WIDTH="110" HEIGHT="26" CONTENT="Restless" WC="0.94" CC="10121011"/>
							<SP ID="P4_SP00858" HPOS="2588" VPOS="1789" WIDTH="10"/>
							<String ID="P4_ST01066" HPOS="2598" VPOS="1762" WIDTH="80" HEIGHT="32" CONTENT="Sleep," WC="0.90" CC="111112"/>
							<SP ID="P4_SP00859" HPOS="2678" VPOS="1794" WIDTH="10"/>
							<String ID="P4_ST01067" HPOS="2688" VPOS="1765" WIDTH="115" HEIGHT="30" CONTENT="Dreams," WC="0.93" CC="2110111"/>
							<SP ID="P4_SP00860" HPOS="2803" VPOS="1795" WIDTH="9"/>
							<String ID="P4_ST01068" HPOS="2812" VPOS="1767" WIDTH="64" HEIGHT="25" CONTENT="Loss" WC="0.97" CC="0011"/>
						</TextLine>
						<TextLine ID="P4_TL00202" HPOS="2346" VPOS="1789" WIDTH="530" HEIGHT="40">
							<String ID="P4_ST01069" HPOS="2346" VPOS="1789" WIDTH="76" HEIGHT="26" CONTENT="Flesh" WC="0.95" CC="11002"/>
							<SP ID="P4_SP00861" HPOS="2422" VPOS="1815" WIDTH="11"/>
							<String ID="P4_ST01070" HPOS="2433" VPOS="1791" WIDTH="50" HEIGHT="25" CONTENT="and" WC="0.97" CC="110"/>
							<SP ID="P4_SP00862" HPOS="2483" VPOS="1816" WIDTH="12"/>
							<String ID="P4_ST01071" HPOS="2495" VPOS="1791" WIDTH="68" HEIGHT="27" CONTENT="Vital" WC="0.96" CC="20100"/>
							<SP ID="P4_SP00863" HPOS="2563" VPOS="1818" WIDTH="19"/>
							<String ID="P4_ST01072" HPOS="2582" VPOS="1794" WIDTH="91" HEIGHT="31" CONTENT="Powe.-," WC="0.84" CC="2020251"/>
							<SP ID="P4_SP00864" HPOS="2673" VPOS="1825" WIDTH="23"/>
							<String ID="P4_ST01073" HPOS="2696" VPOS="1798" WIDTH="136" HEIGHT="31" CONTENT="Eruptions" WC="0.96" CC="101111011"/>
							<SP ID="P4_SP00865" HPOS="2832" VPOS="1829" WIDTH="11"/>
							<String ID="P4_ST01074" HPOS="2843" VPOS="1808" WIDTH="33" HEIGHT="17" CONTENT="on" WC="0.94" CC="01"/>
						</TextLine>
						<TextLine ID="P4_TL00203" HPOS="2346" VPOS="1822" WIDTH="530" HEIGHT="43">
							<String ID="P4_ST01075" HPOS="2346" VPOS="1822" WIDTH="43" HEIGHT="26" CONTENT="the" WC="0.95" CC="110"/>
							<SP ID="P4_SP00866" HPOS="2389" VPOS="1848" WIDTH="8"/>
							<String ID="P4_ST01076" HPOS="2397" VPOS="1823" WIDTH="63" HEIGHT="26" CONTENT="Face" WC="0.94" CC="3000"/>
							<SP ID="P4_SP00867" HPOS="2460" VPOS="1849" WIDTH="12"/>
							<String ID="P4_ST01077" HPOS="2472" VPOS="1825" WIDTH="49" HEIGHT="25" CONTENT="and" WC="0.91" CC="121"/>
							<SP ID="P4_SP00868" HPOS="2521" VPOS="1850" WIDTH="11"/>
							<String ID="P4_ST01078" HPOS="2532" VPOS="1825" WIDTH="78" HEIGHT="34" CONTENT="Body," WC="0.94" CC="11101"/>
							<SP ID="P4_SP00869" HPOS="2610" VPOS="1859" WIDTH="14"/>
							<String ID="P4_ST01079" HPOS="2624" VPOS="1828" WIDTH="75" HEIGHT="27" CONTENT="Want" WC="0.92" CC="1011"/>
							<SP ID="P4_SP00870" HPOS="2699" VPOS="1859" WIDTH="22"/>
							<String ID="P4_ST01080" HPOS="2721" VPOS="1831" WIDTH="28" HEIGHT="25" CONTENT="of" WC="1.00" CC="00"/>
							<SP ID="P4_SP00871" HPOS="2749" VPOS="1859" WIDTH="8"/>
							<String ID="P4_ST01081" HPOS="2757" VPOS="1832" WIDTH="119" HEIGHT="33" CONTENT="Develop-" WC="0.96" CC="10100011"/>
						</TextLine>
						<TextLine ID="P4_TL00204" HPOS="2345" VPOS="1857" WIDTH="532" HEIGHT="41">
							<String ID="P4_ST01082" HPOS="2345" VPOS="1859" WIDTH="79" HEIGHT="27" CONTENT="ment," WC="0.95" CC="10101"/>
							<SP ID="P4_SP00872" HPOS="2424" VPOS="1886" WIDTH="20"/>
							<String ID="P4_ST01083" HPOS="2444" VPOS="1857" WIDTH="116" HEIGHT="28" CONTENT="Varicose" WC="0.99" CC="10000010"/>
							<SP ID="P4_SP00873" HPOS="2560" VPOS="1886" WIDTH="15"/>
							<String ID="P4_ST01084" HPOS="2575" VPOS="1860" WIDTH="83" HEIGHT="31" CONTENT="Veins," WC="0.96" CC="111011"/>
							<SP ID="P4_SP00874" HPOS="2658" VPOS="1891" WIDTH="23"/>
							<String ID="P4_ST01085" HPOS="2681" VPOS="1863" WIDTH="141" HEIGHT="35" CONTENT="Incapacity" WC="0.98" CC="0000110001"/>
							<SP ID="P4_SP00875" HPOS="2822" VPOS="1898" WIDTH="17"/>
							<String ID="P4_ST01086" HPOS="2839" VPOS="1867" WIDTH="38" HEIGHT="25" CONTENT="for" WC="1.00" CC="000"/>
						</TextLine>
						<TextLine ID="P4_TL00205" HPOS="2346" VPOS="1889" WIDTH="529" HEIGHT="41">
							<String ID="P4_ST01087" HPOS="2346" VPOS="1889" WIDTH="110" HEIGHT="27" CONTENT="business" WC="0.96" CC="01111111"/>
							<SP ID="P4_SP00876" HPOS="2456" VPOS="1916" WIDTH="12"/>
							<String ID="P4_ST01088" HPOS="2468" VPOS="1900" WIDTH="28" HEIGHT="16" CONTENT="or" WC="1.00" CC="00"/>
							<SP ID="P4_SP00877" HPOS="2496" VPOS="1916" WIDTH="10"/>
							<String ID="P4_ST01089" HPOS="2506" VPOS="1893" WIDTH="119" HEIGHT="32" CONTENT="pleasure," WC="0.96" CC="002010002"/>
							<SP ID="P4_SP00878" HPOS="2625" VPOS="1925" WIDTH="15"/>
							<String ID="P4_ST01090" HPOS="2640" VPOS="1895" WIDTH="104" HEIGHT="34" CONTENT="Urinary" WC="0.94" CC="2112100"/>
							<SP ID="P4_SP00879" HPOS="2744" VPOS="1929" WIDTH="8"/>
							<String ID="P4_ST01091" HPOS="2752" VPOS="1898" WIDTH="123" HEIGHT="32" CONTENT="Diseases," WC="0.97" CC="001001011"/>
						</TextLine>
						<TextLine ID="P4_TL00206" HPOS="2346" VPOS="1923" WIDTH="530" HEIGHT="42">
							<String ID="P4_ST01092" HPOS="2346" VPOS="1923" WIDTH="50" HEIGHT="24" CONTENT="and" WC="0.95" CC="011"/>
							<SP ID="P4_SP00880" HPOS="2396" VPOS="1947" WIDTH="18"/>
							<String ID="P4_ST01093" HPOS="2414" VPOS="1924" WIDTH="34" HEIGHT="24" CONTENT="all" WC="0.97" CC="110"/>
							<SP ID="P4_SP00881" HPOS="2448" VPOS="1948" WIDTH="22"/>
							<String ID="P4_ST01094" HPOS="2470" VPOS="1925" WIDTH="44" HEIGHT="25" CONTENT="the" WC="1.00" CC="000"/>
							<SP ID="P4_SP00882" HPOS="2514" VPOS="1950" WIDTH="22"/>
							<String ID="P4_ST01095" HPOS="2536" VPOS="1927" WIDTH="84" HEIGHT="25" CONTENT="effects" WC="0.95" CC="0120010"/>
							<SP ID="P4_SP00883" HPOS="2620" VPOS="1952" WIDTH="22"/>
							<String ID="P4_ST01096" HPOS="2642" VPOS="1929" WIDTH="100" HEIGHT="34" CONTENT="leading" WC="0.96" CC="1000012"/>
							<SP ID="P4_SP00884" HPOS="2742" VPOS="1963" WIDTH="20"/>
							<String ID="P4_ST01097" HPOS="2762" VPOS="1935" WIDTH="25" HEIGHT="22" CONTENT="to" WC="0.98" CC="10"/>
							<SP ID="P4_SP00885" HPOS="2787" VPOS="1963" WIDTH="22"/>
							<String ID="P4_ST01098" HPOS="2809" VPOS="1934" WIDTH="67" HEIGHT="31" CONTENT="eariy" WC="0.98" CC="00011"/>
						</TextLine>
						<TextLine ID="P4_TL00207" HPOS="2346" VPOS="1956" WIDTH="530" HEIGHT="38">
							<String ID="P4_ST01099" HPOS="2346" VPOS="1956" WIDTH="84" HEIGHT="31" CONTENT="decay," WC="0.99" CC="100001"/>
							<SP ID="P4_SP00886" HPOS="2430" VPOS="1987" WIDTH="23"/>
							<String ID="P4_ST01100" HPOS="2453" VPOS="1958" WIDTH="106" HEIGHT="32" CONTENT="perhaps" WC="0.99" CC="0001000"/>
							<SP ID="P4_SP00887" HPOS="2559" VPOS="1990" WIDTH="21"/>
							<String ID="P4_ST01101" HPOS="2580" VPOS="1961" WIDTH="181" HEIGHT="33" CONTENT="Consumption" WC="0.98" CC="00100110000"/>
							<SP ID="P4_SP00888" HPOS="2761" VPOS="1994" WIDTH="24"/>
							<String ID="P4_ST01102" HPOS="2785" VPOS="1973" WIDTH="28" HEIGHT="17" CONTENT="or" WC="0.98" CC="01"/>
							<SP ID="P4_SP00889" HPOS="2813" VPOS="1994" WIDTH="21"/>
							<String ID="P4_ST01103" HPOS="2834" VPOS="1966" WIDTH="42" HEIGHT="24" CONTENT="In-" WC="1.00" CC="000"/>
						</TextLine>
						<TextLine ID="P4_TL00208" HPOS="2347" VPOS="1989" WIDTH="531" HEIGHT="43">
							<String ID="P4_ST01104" HPOS="2347" VPOS="1989" WIDTH="90" HEIGHT="31" CONTENT="sanity," WC="0.95" CC="1110211"/>
							<SP ID="P4_SP00890" HPOS="2437" VPOS="2020" WIDTH="12"/>
							<String ID="P4_ST01105" HPOS="2449" VPOS="1998" WIDTH="47" HEIGHT="18" CONTENT="can" WC="0.97" CC="001"/>
							<SP ID="P4_SP00891" HPOS="2496" VPOS="2020" WIDTH="24"/>
							<String ID="P4_ST01106" HPOS="2520" VPOS="1991" WIDTH="29" HEIGHT="26" CONTENT="be" WC="1.00" CC="00"/>
							<SP ID="P4_SP00892" HPOS="2549" VPOS="2020" WIDTH="12"/>
							<String ID="P4_ST01107" HPOS="2561" VPOS="1994" WIDTH="114" HEIGHT="27" CONTENT="ootained" WC="0.92" CC="14111001"/>
							<SP ID="P4_SP00893" HPOS="2675" VPOS="2021" WIDTH="11"/>
							<String ID="P4_ST01108" HPOS="2686" VPOS="1995" WIDTH="32" HEIGHT="33" CONTENT="by" WC="0.98" CC="01"/>
							<SP ID="P4_SP00894" HPOS="2718" VPOS="2028" WIDTH="20"/>
							<String ID="P4_ST01109" HPOS="2738" VPOS="1999" WIDTH="140" HEIGHT="33" CONTENT="consulting" WC="0.96" CC="0011001111"/>
						</TextLine>
						<TextLine ID="P4_TL00209" HPOS="2345" VPOS="2024" WIDTH="531" HEIGHT="34">
							<String ID="P4_ST01110" HPOS="2345" VPOS="2024" WIDTH="139" HEIGHT="31" CONTENT="personally" WC="0.96" CC="1011011021"/>
							<String ID="P4_ST01111" HPOS="2490" VPOS="2026" WIDTH="3" HEIGHT="13" CONTENT=":" WC="0.93" CC="1"/>
							<SP ID="P4_SP00895" HPOS="2493" VPOS="2055" WIDTH="8"/>
							<String ID="P4_ST01112" HPOS="2501" VPOS="2033" WIDTH="28" HEIGHT="17" CONTENT="or" WC="1.00" CC="00"/>
							<SP ID="P4_SP00896" HPOS="2529" VPOS="2055" WIDTH="6"/>
							<String ID="P4_ST01113" HPOS="2535" VPOS="2025" WIDTH="33" HEIGHT="32" CONTENT="by" WC="0.98" CC="01"/>
							<SP ID="P4_SP00897" HPOS="2568" VPOS="2057" WIDTH="10"/>
							<String ID="P4_ST01114" HPOS="2578" VPOS="2030" WIDTH="64" HEIGHT="28" CONTENT="post," WC="0.88" CC="10231"/>
							<SP ID="P4_SP00898" HPOS="2642" VPOS="2058" WIDTH="36"/>
							<String ID="P4_ST01115" HPOS="2678" VPOS="2030" WIDTH="91" HEIGHT="25" CONTENT="FREE" WC="0.83" CC="1412"/>
							<SP ID="P4_SP00899" HPOS="2769" VPOS="2058" WIDTH="10"/>
							<String ID="P4_ST01116" HPOS="2779" VPOS="2032" WIDTH="97" HEIGHT="25" CONTENT="PROF." WC="0.90" CC="21021"/>
						</TextLine>
						<TextLine ID="P4_TL00210" HPOS="2346" VPOS="2055" WIDTH="531" HEIGHT="38">
							<String ID="P4_ST01117" HPOS="2346" VPOS="2055" WIDTH="176" HEIGHT="33" CONTENT="NOTMANN," WC="0.87" CC="10041501"/>
							<SP ID="P4_SP00900" HPOS="2522" VPOS="2088" WIDTH="31"/>
							<String ID="P4_ST01118" HPOS="2553" VPOS="2060" WIDTH="201" HEIGHT="33" CONTENT="M.E.,E.M.G.," WC="0.91" CC="000121102411"/>
							<SP ID="P4_SP00901" HPOS="2754" VPOS="2093" WIDTH="52"/>
							<String ID="P4_ST01119" HPOS="2806" VPOS="2065" WIDTH="71" HEIGHT="25" CONTENT="Cam-" WC="0.94" CC="1111"/>
						</TextLine>
						<TextLine ID="P4_TL00211" HPOS="2345" VPOS="2088" WIDTH="532" HEIGHT="37">
							<String ID="P4_ST01120" HPOS="2345" VPOS="2088" WIDTH="86" HEIGHT="31" CONTENT="bridge" WC="0.96" CC="101101"/>
							<SP ID="P4_SP00902" HPOS="2431" VPOS="2119" WIDTH="11"/>
							<String ID="P4_ST01121" HPOS="2442" VPOS="2090" WIDTH="110" HEIGHT="31" CONTENT="Terrace," WC="0.98" CC="10100001"/>
							<SP ID="P4_SP00903" HPOS="2552" VPOS="2121" WIDTH="24"/>
							<String ID="P4_ST01122" HPOS="2576" VPOS="2094" WIDTH="111" HEIGHT="31" CONTENT="opposite" WC="0.99" CC="00001110"/>
							<SP ID="P4_SP00904" HPOS="2687" VPOS="2125" WIDTH="23"/>
							<String ID="P4_ST01123" HPOS="2710" VPOS="2096" WIDTH="117" HEIGHT="27" CONTENT="Colombo" WC="0.99" CC="0000100"/>
							<SP ID="P4_SP00905" HPOS="2827" VPOS="2125" WIDTH="12"/>
							<String ID="P4_ST01124" HPOS="2839" VPOS="2099" WIDTH="38" HEIGHT="24" CONTENT="St." WC="0.94" CC="101"/>
						</TextLine>
						<TextLine ID="P4_TL00212" HPOS="2347" VPOS="2121" WIDTH="531" HEIGHT="40">
							<String ID="P4_ST01125" HPOS="2347" VPOS="2121" WIDTH="99" HEIGHT="32" CONTENT="Bridge," WC="0.93" CC="2001102"/>
							<SP ID="P4_SP00906" HPOS="2446" VPOS="2153" WIDTH="29"/>
							<String ID="P4_ST01126" HPOS="2475" VPOS="2123" WIDTH="187" HEIGHT="30" CONTENT="Christchurch." WC="0.85" CC="1001110111419"/>
							<SP ID="P4_SP00907" HPOS="2662" VPOS="2153" WIDTH="63"/>
							<String ID="P4_ST01127" HPOS="2725" VPOS="2129" WIDTH="52" HEIGHT="26" CONTENT="The" WC="0.93" CC="110"/>
							<SP ID="P4_SP00908" HPOS="2777" VPOS="2155" WIDTH="42"/>
							<String ID="P4_ST01128" HPOS="2819" VPOS="2131" WIDTH="59" HEIGHT="30" CONTENT="only" WC="0.99" CC="0001"/>
						</TextLine>
						<TextLine ID="P4_TL00213" HPOS="2346" VPOS="2154" WIDTH="533" HEIGHT="42">
							<String ID="P4_ST01129" HPOS="2346" VPOS="2154" WIDTH="225" HEIGHT="30" CONTENT="Electrobotanical" WC="0.99" CC="1001100000000000"/>
							<SP ID="P4_SP00909" HPOS="2571" VPOS="2184" WIDTH="28"/>
							<String ID="P4_ST01130" HPOS="2599" VPOS="2159" WIDTH="96" HEIGHT="33" CONTENT="Expert" WC="0.93" CC="121012"/>
							<SP ID="P4_SP00910" HPOS="2695" VPOS="2192" WIDTH="34"/>
							<String ID="P4_ST01131" HPOS="2729" VPOS="2163" WIDTH="150" HEIGHT="33" CONTENT="advertising" WC="0.98" CC="00001000011"/>
						</TextLine>
						<TextLine ID="P4_TL00214" HPOS="2345" VPOS="2187" WIDTH="531" HEIGHT="41">
							<String ID="P4_ST01132" HPOS="2345" VPOS="2187" WIDTH="56" HEIGHT="25" CONTENT="who" WC="0.86" CC="310"/>
							<SP ID="P4_SP00911" HPOS="2401" VPOS="2212" WIDTH="10"/>
							<String ID="P4_ST01133" HPOS="2411" VPOS="2189" WIDTH="52" HEIGHT="24" CONTENT="will" WC="0.89" CC="4100"/>
							<SP ID="P4_SP00912" HPOS="2463" VPOS="2213" WIDTH="11"/>
							<String ID="P4_ST01134" HPOS="2474" VPOS="2193" WIDTH="135" HEIGHT="28" CONTENT="guarantee" WC="0.99" CC="100001000"/>
							<SP ID="P4_SP00913" HPOS="2609" VPOS="2221" WIDTH="16"/>
							<String ID="P4_ST01135" HPOS="2625" VPOS="2201" WIDTH="16" HEIGHT="17" CONTENT="a" WC="0.96" CC="1"/>
							<SP ID="P4_SP00914" HPOS="2641" VPOS="2221" WIDTH="16"/>
							<String ID="P4_ST01136" HPOS="2657" VPOS="2194" WIDTH="125" HEIGHT="34" CONTENT="thorough" WC="0.98" CC="10010001"/>
							<SP ID="P4_SP00915" HPOS="2782" VPOS="2228" WIDTH="28"/>
							<String ID="P4_ST01137" HPOS="2810" VPOS="2205" WIDTH="66" HEIGHT="17" CONTENT="cure." WC="0.98" CC="10001"/>
						</TextLine>
						<TextLine ID="P4_TL00215" HPOS="2348" VPOS="2220" WIDTH="529" HEIGHT="38">
							<String ID="P4_ST01138" HPOS="2348" VPOS="2220" WIDTH="58" HEIGHT="26" CONTENT="Sole" WC="0.97" CC="1000"/>
							<SP ID="P4_SP00916" HPOS="2406" VPOS="2246" WIDTH="14"/>
							<String ID="P4_ST01139" HPOS="2420" VPOS="2224" WIDTH="135" HEIGHT="29" CONTENT="proprieior" WC="0.89" CC="0001010900"/>
							<SP ID="P4_SP00917" HPOS="2555" VPOS="2253" WIDTH="28"/>
							<String ID="P4_ST01140" HPOS="2583" VPOS="2226" WIDTH="49" HEIGHT="25" CONTENT="and" WC="0.95" CC="011"/>
							<SP ID="P4_SP00918" HPOS="2632" VPOS="2253" WIDTH="16"/>
							<String ID="P4_ST01141" HPOS="2648" VPOS="2231" WIDTH="114" HEIGHT="27" CONTENT="patentee" WC="0.99" CC="00001100"/>
							<SP ID="P4_SP00919" HPOS="2762" VPOS="2258" WIDTH="28"/>
							<String ID="P4_ST01142" HPOS="2790" VPOS="2231" WIDTH="28" HEIGHT="24" CONTENT="of" WC="0.98" CC="01"/>
							<SP ID="P4_SP00920" HPOS="2818" VPOS="2258" WIDTH="16"/>
							<String ID="P4_ST01143" HPOS="2834" VPOS="2231" WIDTH="43" HEIGHT="24" CONTENT="the" WC="0.97" CC="110"/>
						</TextLine>
						<TextLine ID="P4_TL00216" HPOS="2346" VPOS="2253" WIDTH="531" HEIGHT="35">
							<String ID="P4_ST01144" HPOS="2346" VPOS="2253" WIDTH="59" HEIGHT="33" CONTENT="only" WC="0.99" CC="0100"/>
							<SP ID="P4_SP00921" HPOS="2405" VPOS="2286" WIDTH="21"/>
							<String ID="P4_ST01145" HPOS="2426" VPOS="2258" WIDTH="149" HEIGHT="29" CONTENT="guaranteed" WC="0.97" CC="0001111111"/>
							<SP ID="P4_SP00922" HPOS="2575" VPOS="2287" WIDTH="22"/>
							<String ID="P4_ST01146" HPOS="2597" VPOS="2259" WIDTH="108" HEIGHT="27" CONTENT="Electric" WC="0.96" CC="01001111"/>
							<SP ID="P4_SP00923" HPOS="2705" VPOS="2287" WIDTH="23"/>
							<String ID="P4_ST01147" HPOS="2728" VPOS="2262" WIDTH="69" HEIGHT="26" CONTENT="Belts" WC="0.97" CC="10001"/>
							<SP ID="P4_SP00924" HPOS="2797" VPOS="2288" WIDTH="31"/>
							<String ID="P4_ST01148" HPOS="2828" VPOS="2264" WIDTH="49" HEIGHT="24" CONTENT="and" WC="0.94" CC="111"/>
						</TextLine>
						<TextLine ID="P4_TL00217" HPOS="2346" VPOS="2286" WIDTH="531" HEIGHT="39">
							<String ID="P4_ST01149" HPOS="2346" VPOS="2286" WIDTH="72" HEIGHT="25" CONTENT="other" WC="0.98" CC="01010"/>
							<SP ID="P4_SP00925" HPOS="2418" VPOS="2311" WIDTH="11"/>
							<String ID="P4_ST01150" HPOS="2429" VPOS="2289" WIDTH="89" HEIGHT="30" CONTENT="special" WC="0.97" CC="1001101"/>
							<SP ID="P4_SP00926" HPOS="2518" VPOS="2319" WIDTH="22"/>
							<String ID="P4_ST01151" HPOS="2540" VPOS="2292" WIDTH="125" HEIGHT="26" CONTENT="electrical" WC="0.97" CC="1001111000"/>
							<SP ID="P4_SP00927" HPOS="2665" VPOS="2319" WIDTH="22"/>
							<String ID="P4_ST01152" HPOS="2687" VPOS="2295" WIDTH="141" HEIGHT="30" CONTENT="appliances" WC="0.98" CC="1000000011"/>
							<SP ID="P4_SP00928" HPOS="2828" VPOS="2325" WIDTH="21"/>
							<String ID="P4_ST01153" HPOS="2849" VPOS="2297" WIDTH="28" HEIGHT="24" CONTENT="m" WC="0.98" CC="1"/>
						</TextLine>
						<TextLine ID="P4_TL00218" HPOS="2346" VPOS="2319" WIDTH="530" HEIGHT="35">
							<String ID="P4_ST01154" HPOS="2346" VPOS="2319" WIDTH="42" HEIGHT="24" CONTENT="the" WC="0.99" CC="010"/>
							<SP ID="P4_SP00929" HPOS="2388" VPOS="2343" WIDTH="9"/>
							<String ID="P4_ST01155" HPOS="2397" VPOS="2320" WIDTH="114" HEIGHT="26" CONTENT="colonies." WC="0.99" CC="000001011"/>
							<SP ID="P4_SP00930" HPOS="2511" VPOS="2346" WIDTH="34"/>
							<String ID="P4_ST01156" HPOS="2545" VPOS="2323" WIDTH="98" HEIGHT="26" CONTENT="Ladies'" WC="0.96" CC="1110001"/>
							<SP ID="P4_SP00931" HPOS="2643" VPOS="2349" WIDTH="12"/>
							<String ID="P4_ST01157" HPOS="2655" VPOS="2325" WIDTH="95" HEIGHT="26" CONTENT="French" WC="0.96" CC="200001"/>
							<SP ID="P4_SP00932" HPOS="2750" VPOS="2351" WIDTH="12"/>
							<String ID="P4_ST01158" HPOS="2762" VPOS="2327" WIDTH="114" HEIGHT="27" CONTENT="herbace-" WC="0.98" CC="10000101"/>
						</TextLine>
						<TextLine ID="P4_TL00219" HPOS="2347" VPOS="2353" WIDTH="529" HEIGHT="41">
							<String ID="P4_ST01159" HPOS="2347" VPOS="2359" WIDTH="42" HEIGHT="18" CONTENT="ous" WC="0.96" CC="011"/>
							<SP ID="P4_SP00933" HPOS="2389" VPOS="2377" WIDTH="11"/>
							<String ID="P4_ST01160" HPOS="2400" VPOS="2353" WIDTH="58" HEIGHT="31" CONTENT="pills" WC="0.95" CC="11101"/>
							<SP ID="P4_SP00934" HPOS="2458" VPOS="2384" WIDTH="19"/>
							<String ID="P4_ST01161" HPOS="2477" VPOS="2353" WIDTH="39" HEIGHT="26" CONTENT="for" WC="0.96" CC="101"/>
							<SP ID="P4_SP00935" HPOS="2516" VPOS="2384" WIDTH="27"/>
							<String ID="P4_ST01162" HPOS="2543" VPOS="2356" WIDTH="175" HEIGHT="33" CONTENT="irregularities" WC="0.98" CC="00001000101001"/>
							<SP ID="P4_SP00936" HPOS="2718" VPOS="2389" WIDTH="22"/>
							<String ID="P4_ST01163" HPOS="2740" VPOS="2360" WIDTH="64" HEIGHT="27" CONTENT="from" WC="0.95" CC="1101"/>
							<SP ID="P4_SP00937" HPOS="2804" VPOS="2389" WIDTH="23"/>
							<String ID="P4_ST01164" HPOS="2827" VPOS="2370" WIDTH="49" HEIGHT="24" CONTENT="any" WC="0.94" CC="110"/>
						</TextLine>
						<TextLine ID="P4_TL00220" HPOS="2345" VPOS="2388" WIDTH="531" HEIGHT="37">
							<String ID="P4_ST01165" HPOS="2345" VPOS="2393" WIDTH="81" HEIGHT="23" CONTENT="cause," WC="0.93" CC="111101"/>
							<SP ID="P4_SP00938" HPOS="2426" VPOS="2416" WIDTH="25"/>
							<String ID="P4_ST01166" HPOS="2451" VPOS="2388" WIDTH="43" HEIGHT="24" CONTENT="10s" WC="0.95" CC="002"/>
							<SP ID="P4_SP00939" HPOS="2494" VPOS="2416" WIDTH="22"/>
							<String ID="P4_ST01167" HPOS="2516" VPOS="2390" WIDTH="94" HEIGHT="29" CONTENT="posted." WC="0.97" CC="1000111"/>
							<SP ID="P4_SP00940" HPOS="2610" VPOS="2419" WIDTH="34"/>
							<String ID="P4_ST01168" HPOS="2644" VPOS="2391" WIDTH="144" HEIGHT="34" CONTENT="Pamphlets" WC="0.93" CC="102010111"/>
							<SP ID="P4_SP00941" HPOS="2788" VPOS="2425" WIDTH="27"/>
							<String ID="P4_ST01169" HPOS="2815" VPOS="2395" WIDTH="61" HEIGHT="25" CONTENT="free." WC="0.98" CC="00001"/>
						</TextLine>
						<TextLine ID="P4_TL00221" HPOS="2346" VPOS="2418" WIDTH="529" HEIGHT="40">
							<String ID="P4_ST01170" HPOS="2346" VPOS="2418" WIDTH="204" HEIGHT="28" CONTENT="Testimonial:—" WC="0.96" CC="0110000010003"/>
							<String ID="P4_ST01171" HPOS="2550" VPOS="2423" WIDTH="98" HEIGHT="32" CONTENT="Napier," WC="0.96" CC="0100111"/>
							<SP ID="P4_SP00942" HPOS="2648" VPOS="2455" WIDTH="10"/>
							<String ID="P4_ST01172" HPOS="2658" VPOS="2426" WIDTH="96" HEIGHT="32" CONTENT="August" WC="0.96" CC="110111"/>
							<SP ID="P4_SP00943" HPOS="2754" VPOS="2458" WIDTH="7"/>
							<String ID="P4_ST01173" HPOS="2761" VPOS="2428" WIDTH="45" HEIGHT="25" CONTENT="7th" WC="0.96" CC="011"/>
							<SP ID="P4_SP00944" HPOS="2806" VPOS="2458" WIDTH="6"/>
							<String ID="P4_ST01174" HPOS="2812" VPOS="2430" WIDTH="63" HEIGHT="23" CONTENT="1895" WC="0.94" CC="0012"/>
						</TextLine>
						<TextLine ID="P4_TL00222" HPOS="2345" VPOS="2451" WIDTH="531" HEIGHT="39">
							<String ID="P4_ST01175" HPOS="2345" VPOS="2451" WIDTH="66" HEIGHT="25" CONTENT="Prof." WC="0.97" CC="10011"/>
							<SP ID="P4_SP00945" HPOS="2411" VPOS="2476" WIDTH="11"/>
							<String ID="P4_ST01176" HPOS="2422" VPOS="2453" WIDTH="167" HEIGHT="27" CONTENT="Notmann.—" WC="0.97" CC="100201010"/>
							<String ID="P4_ST01177" HPOS="2588" VPOS="2457" WIDTH="67" HEIGHT="26" CONTENT="Dear" WC="0.98" CC="0110"/>
							<SP ID="P4_SP00946" HPOS="2655" VPOS="2483" WIDTH="10"/>
							<String ID="P4_ST01178" HPOS="2665" VPOS="2459" WIDTH="81" HEIGHT="31" CONTENT="Sir,—" WC="0.93" CC="11120"/>
							<String ID="P4_ST01179" HPOS="2747" VPOS="2460" WIDTH="14" HEIGHT="25" CONTENT="l" WC="1.00" CC="0"/>
							<SP ID="P4_SP00947" HPOS="2761" VPOS="2490" WIDTH="8"/>
							<String ID="P4_ST01180" HPOS="2769" VPOS="2462" WIDTH="107" HEIGHT="24" CONTENT="received" WC="0.97" CC="10000111"/>
						</TextLine>
						<TextLine ID="P4_TL00223" HPOS="2345" VPOS="2485" WIDTH="530" HEIGHT="34">
							<String ID="P4_ST01181" HPOS="2345" VPOS="2492" WIDTH="61" HEIGHT="23" CONTENT="your" WC="0.96" CC="1011"/>
							<SP ID="P4_SP00948" HPOS="2406" VPOS="2515" WIDTH="5"/>
							<String ID="P4_ST01182" HPOS="2411" VPOS="2485" WIDTH="73" HEIGHT="26" CONTENT="letter" WC="0.94" CC="003100"/>
							<SP ID="P4_SP00949" HPOS="2484" VPOS="2515" WIDTH="7"/>
							<String ID="P4_ST01183" HPOS="2491" VPOS="2488" WIDTH="51" HEIGHT="25" CONTENT="last" WC="0.94" CC="0111"/>
							<SP ID="P4_SP00950" HPOS="2542" VPOS="2515" WIDTH="11"/>
							<String ID="P4_ST01184" HPOS="2553" VPOS="2490" WIDTH="74" HEIGHT="28" CONTENT="week," WC="0.95" CC="11001"/>
							<SP ID="P4_SP00951" HPOS="2627" VPOS="2518" WIDTH="19"/>
							<String ID="P4_ST01185" HPOS="2646" VPOS="2492" WIDTH="49" HEIGHT="24" CONTENT="and" WC="0.94" CC="111"/>
							<SP ID="P4_SP00952" HPOS="2695" VPOS="2518" WIDTH="11"/>
							<String ID="P4_ST01186" HPOS="2706" VPOS="2492" WIDTH="15" HEIGHT="25" CONTENT="I" WC="0.96" CC="1"/>
							<SP ID="P4_SP00953" HPOS="2721" VPOS="2518" WIDTH="15"/>
							<String ID="P4_ST01187" HPOS="2736" VPOS="2500" WIDTH="41" HEIGHT="18" CONTENT="am" WC="0.91" CC="11"/>
							<SP ID="P4_SP00954" HPOS="2777" VPOS="2518" WIDTH="9"/>
							<String ID="P4_ST01188" HPOS="2786" VPOS="2494" WIDTH="89" HEIGHT="25" CONTENT="thank-" WC="0.97" CC="111000"/>
						</TextLine>
						<TextLine ID="P4_TL00224" HPOS="2345" VPOS="2517" WIDTH="531" HEIGHT="35">
							<String ID="P4_ST01189" HPOS="2345" VPOS="2517" WIDTH="38" HEIGHT="24" CONTENT="ful" WC="0.99" CC="010"/>
							<SP ID="P4_SP00955" HPOS="2383" VPOS="2541" WIDTH="7"/>
							<String ID="P4_ST01190" HPOS="2390" VPOS="2540" WIDTH="4" HEIGHT="5" CONTENT="," WC="0.48" CC="5"/>
							<SP ID="P4_SP00956" HPOS="2394" VPOS="2545" WIDTH="10"/>
							<String ID="P4_ST01191" HPOS="2404" VPOS="2520" WIDTH="26" HEIGHT="23" CONTENT="to" WC="1.00" CC="00"/>
							<SP ID="P4_SP00957" HPOS="2430" VPOS="2545" WIDTH="21"/>
							<String ID="P4_ST01192" HPOS="2451" VPOS="2519" WIDTH="54" HEIGHT="25" CONTENT="find" WC="0.92" CC="2201"/>
							<SP ID="P4_SP00958" HPOS="2505" VPOS="2545" WIDTH="21"/>
							<String ID="P4_ST01193" HPOS="2526" VPOS="2528" WIDTH="50" HEIGHT="24" CONTENT="you" WC="0.99" CC="100"/>
							<SP ID="P4_SP00959" HPOS="2576" VPOS="2552" WIDTH="11"/>
							<String ID="P4_ST01194" HPOS="2587" VPOS="2530" WIDTH="42" HEIGHT="18" CONTENT="are" WC="0.97" CC="001"/>
							<SP ID="P4_SP00960" HPOS="2629" VPOS="2552" WIDTH="11"/>
							<String ID="P4_ST01195" HPOS="2640" VPOS="2525" WIDTH="103" HEIGHT="25" CONTENT="anxious" WC="0.97" CC="1010011"/>
							<SP ID="P4_SP00961" HPOS="2743" VPOS="2552" WIDTH="16"/>
							<String ID="P4_ST01196" HPOS="2759" VPOS="2528" WIDTH="28" HEIGHT="23" CONTENT="to" WC="0.96" CC="10"/>
							<SP ID="P4_SP00962" HPOS="2787" VPOS="2552" WIDTH="19"/>
							<String ID="P4_ST01197" HPOS="2806" VPOS="2527" WIDTH="70" HEIGHT="25" CONTENT="know" WC="0.92" CC="0103"/>
						</TextLine>
						<TextLine ID="P4_TL00225" HPOS="2346" VPOS="2549" WIDTH="530" HEIGHT="43">
							<String ID="P4_ST01198" HPOS="2346" VPOS="2549" WIDTH="43" HEIGHT="26" CONTENT="the" WC="0.96" CC="110"/>
							<SP ID="P4_SP00963" HPOS="2389" VPOS="2575" WIDTH="11"/>
							<String ID="P4_ST01199" HPOS="2400" VPOS="2549" WIDTH="105" HEIGHT="28" CONTENT="benefits" WC="0.96" CC="00001111"/>
							<SP ID="P4_SP00964" HPOS="2505" VPOS="2577" WIDTH="17"/>
							<String ID="P4_ST01200" HPOS="2522" VPOS="2553" WIDTH="14" HEIGHT="25" CONTENT="I" WC="1.00" CC="0"/>
							<SP ID="P4_SP00965" HPOS="2536" VPOS="2578" WIDTH="11"/>
							<String ID="P4_ST01201" HPOS="2547" VPOS="2554" WIDTH="63" HEIGHT="26" CONTENT="have" WC="0.96" CC="1110"/>
							<SP ID="P4_SP00966" HPOS="2610" VPOS="2580" WIDTH="11"/>
							<String ID="P4_ST01202" HPOS="2621" VPOS="2556" WIDTH="99" HEIGHT="27" CONTENT="derived" WC="0.95" CC="1012101"/>
							<SP ID="P4_SP00967" HPOS="2720" VPOS="2583" WIDTH="18"/>
							<String ID="P4_ST01203" HPOS="2738" VPOS="2558" WIDTH="61" HEIGHT="26" CONTENT="from" WC="0.96" CC="0101"/>
							<SP ID="P4_SP00968" HPOS="2799" VPOS="2584" WIDTH="16"/>
							<String ID="P4_ST01204" HPOS="2815" VPOS="2568" WIDTH="61" HEIGHT="24" CONTENT="your" WC="0.98" CC="0010"/>
						</TextLine>
						<TextLine ID="P4_TL00226" HPOS="2346" VPOS="2584" WIDTH="530" HEIGHT="42">
							<String ID="P4_ST01205" HPOS="2346" VPOS="2584" WIDTH="141" HEIGHT="26" CONTENT="treatment," WC="0.91" CC="1050120110"/>
							<SP ID="P4_SP00969" HPOS="2487" VPOS="2610" WIDTH="36"/>
							<String ID="P4_ST01206" HPOS="2523" VPOS="2587" WIDTH="48" HEIGHT="30" CONTENT="bir," WC="0.93" CC="2001"/>
							<SP ID="P4_SP00970" HPOS="2571" VPOS="2617" WIDTH="27"/>
							<String ID="P4_ST01207" HPOS="2598" VPOS="2589" WIDTH="21" HEIGHT="24" CONTENT="it" WC="0.98" CC="01"/>
							<SP ID="P4_SP00971" HPOS="2619" VPOS="2617" WIDTH="27"/>
							<String ID="P4_ST01208" HPOS="2646" VPOS="2591" WIDTH="67" HEIGHT="31" CONTENT="gives" WC="0.99" CC="00001"/>
							<SP ID="P4_SP00972" HPOS="2713" VPOS="2622" WIDTH="27"/>
							<String ID="P4_ST01209" HPOS="2740" VPOS="2599" WIDTH="40" HEIGHT="18" CONTENT="me" WC="0.94" CC="10"/>
							<SP ID="P4_SP00973" HPOS="2780" VPOS="2622" WIDTH="28"/>
							<String ID="P4_ST01210" HPOS="2808" VPOS="2596" WIDTH="68" HEIGHT="30" CONTENT="great" WC="0.98" CC="01001"/>
						</TextLine>
						<TextLine ID="P4_TL00227" HPOS="2345" VPOS="2616" WIDTH="531" HEIGHT="42">
							<String ID="P4_ST01211" HPOS="2345" VPOS="2616" WIDTH="113" HEIGHT="32" CONTENT="pleasure" WC="0.98" CC="01001100"/>
							<SP ID="P4_SP00974" HPOS="2458" VPOS="2648" WIDTH="11"/>
							<String ID="P4_ST01212" HPOS="2469" VPOS="2620" WIDTH="26" HEIGHT="25" CONTENT="to" WC="0.98" CC="10"/>
							<SP ID="P4_SP00975" HPOS="2495" VPOS="2648" WIDTH="10"/>
							<String ID="P4_ST01213" HPOS="2505" VPOS="2619" WIDTH="92" HEIGHT="28" CONTENT="inform" WC="1.00" CC="000000"/>
							<SP ID="P4_SP00976" HPOS="2597" VPOS="2648" WIDTH="11"/>
							<String ID="P4_ST01214" HPOS="2608" VPOS="2631" WIDTH="48" HEIGHT="23" CONTENT="you" WC="0.96" CC="001"/>
							<SP ID="P4_SP00977" HPOS="2656" VPOS="2654" WIDTH="9"/>
							<String ID="P4_ST01215" HPOS="2665" VPOS="2624" WIDTH="56" HEIGHT="26" CONTENT="that" WC="0.95" CC="1111"/>
							<SP ID="P4_SP00978" HPOS="2721" VPOS="2654" WIDTH="8"/>
							<String ID="P4_ST01216" HPOS="2729" VPOS="2633" WIDTH="16" HEIGHT="17" CONTENT="a" WC="1.00" CC="0"/>
							<SP ID="P4_SP00979" HPOS="2745" VPOS="2654" WIDTH="11"/>
							<String ID="P4_ST01217" HPOS="2756" VPOS="2627" WIDTH="120" HEIGHT="31" CONTENT="complete" WC="0.96" CC="01110111"/>
						</TextLine>
						<TextLine ID="P4_TL00228" HPOS="2345" VPOS="2650" WIDTH="531" HEIGHT="35">
							<String ID="P4_ST01218" HPOS="2345" VPOS="2650" WIDTH="50" HEIGHT="24" CONTENT="and" WC="0.95" CC="101"/>
							<SP ID="P4_SP00980" HPOS="2395" VPOS="2674" WIDTH="11"/>
							<String ID="P4_ST01219" HPOS="2406" VPOS="2652" WIDTH="92" HEIGHT="30" CONTENT="perfect" WC="0.98" CC="1000001"/>
							<SP ID="P4_SP00981" HPOS="2498" VPOS="2682" WIDTH="11"/>
							<String ID="P4_ST01220" HPOS="2509" VPOS="2660" WIDTH="58" HEIGHT="20" CONTENT="cure" WC="1.00" CC="0000"/>
							<SP ID="P4_SP00982" HPOS="2567" VPOS="2682" WIDTH="10"/>
							<String ID="P4_ST01221" HPOS="2577" VPOS="2654" WIDTH="47" HEIGHT="26" CONTENT="has" WC="0.95" CC="111"/>
							<SP ID="P4_SP00983" HPOS="2624" VPOS="2682" WIDTH="19"/>
							<String ID="P4_ST01222" HPOS="2643" VPOS="2655" WIDTH="61" HEIGHT="28" CONTENT="been" WC="0.98" CC="1001"/>
							<SP ID="P4_SP00984" HPOS="2704" VPOS="2683" WIDTH="22"/>
							<String ID="P4_ST01223" HPOS="2726" VPOS="2658" WIDTH="102" HEIGHT="27" CONTENT="effected" WC="0.99" CC="00001001"/>
							<SP ID="P4_SP00985" HPOS="2828" VPOS="2685" WIDTH="22"/>
							<String ID="P4_ST01224" HPOS="2850" VPOS="2660" WIDTH="26" HEIGHT="25" CONTENT="of" WC="0.96" CC="01"/>
						</TextLine>
						<TextLine ID="P4_TL00229" HPOS="2345" VPOS="2683" WIDTH="529" HEIGHT="41">
							<String ID="P4_ST01225" HPOS="2345" VPOS="2683" WIDTH="44" HEIGHT="24" CONTENT="the" WC="0.91" CC="120"/>
							<SP ID="P4_SP00986" HPOS="2389" VPOS="2707" WIDTH="10"/>
							<String ID="P4_ST01226" HPOS="2399" VPOS="2685" WIDTH="117" HEIGHT="25" CONTENT="maladies" WC="0.94" CC="31011001"/>
							<SP ID="P4_SP00987" HPOS="2516" VPOS="2710" WIDTH="10"/>
							<String ID="P4_ST01227" HPOS="2526" VPOS="2687" WIDTH="15" HEIGHT="24" CONTENT="I" WC="1.00" CC="0"/>
							<SP ID="P4_SP00988" HPOS="2541" VPOS="2711" WIDTH="18"/>
							<String ID="P4_ST01228" HPOS="2559" VPOS="2690" WIDTH="155" HEIGHT="30" CONTENT="complained" WC="0.97" CC="1011000101"/>
							<SP ID="P4_SP00989" HPOS="2714" VPOS="2720" WIDTH="20"/>
							<String ID="P4_ST01229" HPOS="2734" VPOS="2692" WIDTH="25" HEIGHT="24" CONTENT="of" WC="0.94" CC="01"/>
							<SP ID="P4_SP00990" HPOS="2759" VPOS="2720" WIDTH="11"/>
							<String ID="P4_ST01230" HPOS="2770" VPOS="2694" WIDTH="26" HEIGHT="22" CONTENT="to" WC="0.98" CC="01"/>
							<SP ID="P4_SP00991" HPOS="2796" VPOS="2720" WIDTH="22"/>
							<String ID="P4_ST01231" HPOS="2818" VPOS="2701" WIDTH="56" HEIGHT="23" CONTENT="you." WC="0.97" CC="0010"/>
						</TextLine>
						<TextLine ID="P4_TL00230" HPOS="2345" VPOS="2713" WIDTH="531" HEIGHT="38">
							<String ID="P4_ST01232" HPOS="2345" VPOS="2715" WIDTH="15" HEIGHT="24" CONTENT="I" WC="1.00" CC="0"/>
							<SP ID="P4_SP00992" HPOS="2360" VPOS="2739" WIDTH="10"/>
							<String ID="P4_ST01233" HPOS="2370" VPOS="2723" WIDTH="42" HEIGHT="18" CONTENT="am" WC="0.93" CC="11"/>
							<SP ID="P4_SP00993" HPOS="2412" VPOS="2741" WIDTH="11"/>
							<String ID="P4_ST01234" HPOS="2423" VPOS="2718" WIDTH="114" HEIGHT="32" CONTENT="enjoying" WC="0.95" CC="01200011"/>
							<SP ID="P4_SP00994" HPOS="2537" VPOS="2750" WIDTH="10"/>
							<String ID="P4_ST01235" HPOS="2547" VPOS="2721" WIDTH="63" HEIGHT="30" CONTENT="good" WC="1.00" CC="0000"/>
							<String ID="P4_ST01236" HPOS="2614" VPOS="2713" WIDTH="104" HEIGHT="38" CONTENT="'health," WC="0.90" CC="51100101"/>
							<SP ID="P4_SP00995" HPOS="2718" VPOS="2751" WIDTH="13"/>
							<String ID="P4_ST01237" HPOS="2731" VPOS="2725" WIDTH="48" HEIGHT="23" CONTENT="and" WC="0.90" CC="121"/>
							<SP ID="P4_SP00996" HPOS="2779" VPOS="2751" WIDTH="11"/>
							<String ID="P4_ST01238" HPOS="2790" VPOS="2732" WIDTH="42" HEIGHT="17" CONTENT="am" WC="0.91" CC="11"/>
							<SP ID="P4_SP00997" HPOS="2832" VPOS="2751" WIDTH="7"/>
							<String ID="P4_ST01239" HPOS="2839" VPOS="2734" WIDTH="37" HEIGHT="16" CONTENT="re-" WC="0.97" CC="100"/>
						</TextLine>
						<TextLine ID="P4_TL00231" HPOS="2345" VPOS="2749" WIDTH="531" HEIGHT="40">
							<String ID="P4_ST01240" HPOS="2345" VPOS="2749" WIDTH="82" HEIGHT="25" CONTENT="stored" WC="0.97" CC="000201"/>
							<SP ID="P4_SP00998" HPOS="2427" VPOS="2774" WIDTH="19"/>
							<String ID="P4_ST01241" HPOS="2446" VPOS="2752" WIDTH="26" HEIGHT="23" CONTENT="to" WC="1.00" CC="00"/>
							<SP ID="P4_SP00999" HPOS="2472" VPOS="2775" WIDTH="19"/>
							<String ID="P4_ST01242" HPOS="2491" VPOS="2753" WIDTH="87" HEIGHT="31" CONTENT="manly" WC="0.96" CC="11100"/>
							<SP ID="P4_SP01000" HPOS="2578" VPOS="2784" WIDTH="21"/>
							<String ID="P4_ST01243" HPOS="2599" VPOS="2754" WIDTH="94" HEIGHT="31" CONTENT="vigour." WC="0.98" CC="1000100"/>
							<SP ID="P4_SP01001" HPOS="2693" VPOS="2785" WIDTH="34"/>
							<String ID="P4_ST01244" HPOS="2727" VPOS="2756" WIDTH="93" HEIGHT="25" CONTENT="P.S.—" WC="0.98" CC="00110"/>
							<String ID="P4_ST01245" HPOS="2820" VPOS="2758" WIDTH="56" HEIGHT="31" CONTENT="Any" WC="0.96" CC="110"/>
						</TextLine>
						<TextLine ID="P4_TL00232" HPOS="2345" VPOS="2781" WIDTH="531" HEIGHT="40">
							<String ID="P4_ST01246" HPOS="2345" VPOS="2781" WIDTH="102" HEIGHT="26" CONTENT="sufferer" WC="0.98" CC="11000101"/>
							<SP ID="P4_SP01002" HPOS="2447" VPOS="2807" WIDTH="8"/>
							<String ID="P4_ST01247" HPOS="2455" VPOS="2782" WIDTH="110" HEIGHT="28" CONTENT="desirous" WC="0.98" CC="00000011"/>
							<SP ID="P4_SP01003" HPOS="2565" VPOS="2810" WIDTH="7"/>
							<String ID="P4_ST01248" HPOS="2572" VPOS="2786" WIDTH="27" HEIGHT="24" CONTENT="of" WC="0.98" CC="01"/>
							<SP ID="P4_SP01004" HPOS="2599" VPOS="2810" WIDTH="3"/>
							<String ID="P4_ST01249" HPOS="2602" VPOS="2789" WIDTH="209" HEIGHT="32" CONTENT="communicating" WC="0.97" CC="0001100010111"/>
							<SP ID="P4_SP01005" HPOS="2811" VPOS="2821" WIDTH="4"/>
							<String ID="P4_ST01250" HPOS="2815" VPOS="2791" WIDTH="61" HEIGHT="24" CONTENT="with" WC="0.98" CC="1000"/>
						</TextLine>
						<TextLine ID="P4_TL00233" HPOS="2345" VPOS="2817" WIDTH="529" HEIGHT="38">
							<String ID="P4_ST01251" HPOS="2345" VPOS="2821" WIDTH="40" HEIGHT="17" CONTENT="me" WC="1.00" CC="00"/>
							<SP ID="P4_SP01006" HPOS="2385" VPOS="2838" WIDTH="8"/>
							<String ID="P4_ST01252" HPOS="2393" VPOS="2822" WIDTH="49" HEIGHT="23" CONTENT="you" WC="1.00" CC="000"/>
							<SP ID="P4_SP01007" HPOS="2442" VPOS="2845" WIDTH="11"/>
							<String ID="P4_ST01253" HPOS="2453" VPOS="2823" WIDTH="42" HEIGHT="18" CONTENT="are" WC="0.97" CC="100"/>
							<SP ID="P4_SP01008" HPOS="2495" VPOS="2845" WIDTH="12"/>
							<String ID="P4_ST01254" HPOS="2507" VPOS="2819" WIDTH="26" HEIGHT="22" CONTENT="at" WC="0.98" CC="01"/>
							<SP ID="P4_SP01009" HPOS="2533" VPOS="2845" WIDTH="16"/>
							<String ID="P4_ST01255" HPOS="2549" VPOS="2817" WIDTH="88" HEIGHT="35" CONTENT="liberty" WC="0.98" CC="0110000"/>
							<SP ID="P4_SP01010" HPOS="2637" VPOS="2852" WIDTH="23"/>
							<String ID="P4_ST01256" HPOS="2660" VPOS="2822" WIDTH="26" HEIGHT="23" CONTENT="to" WC="0.98" CC="01"/>
							<SP ID="P4_SP01011" HPOS="2686" VPOS="2852" WIDTH="19"/>
							<String ID="P4_ST01257" HPOS="2705" VPOS="2822" WIDTH="55" HEIGHT="32" CONTENT="give" WC="0.98" CC="1010"/>
							<SP ID="P4_SP01012" HPOS="2760" VPOS="2854" WIDTH="19"/>
							<String ID="P4_ST01258" HPOS="2779" VPOS="2830" WIDTH="43" HEIGHT="25" CONTENT="my" WC="0.93" CC="11"/>
							<SP ID="P4_SP01013" HPOS="2822" VPOS="2855" WIDTH="11"/>
							<String ID="P4_ST01259" HPOS="2833" VPOS="2824" WIDTH="41" HEIGHT="24" CONTENT="ad-" WC="0.96" CC="011"/>
						</TextLine>
						<TextLine ID="P4_TL00234" HPOS="2345" VPOS="2848" WIDTH="530" HEIGHT="37">
							<String ID="P4_ST01260" HPOS="2345" VPOS="2848" WIDTH="75" HEIGHT="30" CONTENT="dress," WC="0.96" CC="100111"/>
							<SP ID="P4_SP01014" HPOS="2420" VPOS="2878" WIDTH="12"/>
							<String ID="P4_ST01261" HPOS="2432" VPOS="2848" WIDTH="38" HEIGHT="26" CONTENT="for" WC="1.00" CC="000"/>
							<SP ID="P4_SP01015" HPOS="2470" VPOS="2878" WIDTH="9"/>
							<String ID="P4_ST01262" HPOS="2479" VPOS="2850" WIDTH="16" HEIGHT="24" CONTENT="I" WC="1.00" CC="0"/>
							<SP ID="P4_SP01016" HPOS="2495" VPOS="2878" WIDTH="15"/>
							<String ID="P4_ST01263" HPOS="2510" VPOS="2851" WIDTH="48" HEIGHT="26" CONTENT="like" WC="0.97" CC="0110"/>
							<SP ID="P4_SP01017" HPOS="2558" VPOS="2878" WIDTH="10"/>
							<String ID="P4_ST01264" HPOS="2568" VPOS="2861" WIDTH="61" HEIGHT="23" CONTENT="your" WC="0.95" CC="1010"/>
							<SP ID="P4_SP01018" HPOS="2629" VPOS="2884" WIDTH="15"/>
							<String ID="P4_ST01265" HPOS="2644" VPOS="2856" WIDTH="117" HEIGHT="29" CONTENT="practical" WC="0.95" CC="001121110"/>
							<SP ID="P4_SP01019" HPOS="2761" VPOS="2885" WIDTH="12"/>
							<String ID="P4_ST01266" HPOS="2773" VPOS="2857" WIDTH="102" HEIGHT="26" CONTENT="method" WC="0.91" CC="211201"/>
						</TextLine>
						<TextLine ID="P4_TL00235" HPOS="2346" VPOS="2881" WIDTH="413" HEIGHT="32">
							<String ID="P4_ST01267" HPOS="2346" VPOS="2881" WIDTH="25" HEIGHT="25" CONTENT="of" WC="0.74" CC="05"/>
							<SP ID="P4_SP01020" HPOS="2371" VPOS="2906" WIDTH="11"/>
							<String ID="P4_ST01268" HPOS="2382" VPOS="2883" WIDTH="142" HEIGHT="26" CONTENT="treatment." WC="0.98" CC="0000000011"/>
							<String ID="P4_ST01269" HPOS="2526" VPOS="2899" WIDTH="31" HEIGHT="5" CONTENT="—" WC="1.00" CC="0"/>
							<String ID="P4_ST01270" HPOS="2559" VPOS="2886" WIDTH="29" HEIGHT="24" CONTENT="T." WC="0.98" CC="01"/>
							<SP ID="P4_SP01021" HPOS="2588" VPOS="2910" WIDTH="14"/>
							<String ID="P4_ST01271" HPOS="2602" VPOS="2886" WIDTH="28" HEIGHT="25" CONTENT="C." WC="1.00" CC="00"/>
							<SP ID="P4_SP01022" HPOS="2630" VPOS="2911" WIDTH="14"/>
							<String ID="P4_ST01272" HPOS="2644" VPOS="2888" WIDTH="115" HEIGHT="25" CONTENT="Simpson." WC="0.92" CC="10321010"/>
						</TextLine>
						<TextLine ID="P4_TL00236" HPOS="2423" VPOS="3019" WIDTH="362" HEIGHT="49">
							<String ID="P4_ST01273" HPOS="2423" VPOS="3019" WIDTH="362" HEIGHT="49" CONTENT="IMPORTANT" WC="0.93" CC="001020130" STYLEREFS="TXT_14"/>
						</TextLine>
						<TextLine ID="P4_TL00237" HPOS="2546" VPOS="3096" WIDTH="170" HEIGHT="13">
							<String ID="P4_ST01274" HPOS="2546" VPOS="3100" WIDTH="43" HEIGHT="4" CONTENT="—" WC="1.00" CC="0" STYLEREFS="TXT_21"/>
							<String ID="P4_ST01275" HPOS="2589" VPOS="3096" WIDTH="8" HEIGHT="12" CONTENT="*" WC="0.85" CC="2" STYLEREFS="TXT_21"/>
							<SP ID="P4_SP01023" HPOS="2597" VPOS="3108" WIDTH="12"/>
							<String ID="P4_ST01276" HPOS="2609" VPOS="3096" WIDTH="42" HEIGHT="13" CONTENT="*«»" WC="0.31" CC="379" STYLEREFS="TXT_21"/>
							<SP ID="P4_SP01024" HPOS="2651" VPOS="3109" WIDTH="12"/>
							<String ID="P4_ST01277" HPOS="2663" VPOS="3098" WIDTH="11" HEIGHT="11" CONTENT="*" WC="0.44" CC="5" STYLEREFS="TXT_21"/>
							<String ID="P4_ST01278" HPOS="2674" VPOS="3101" WIDTH="42" HEIGHT="5" CONTENT="—" WC="1.00" CC="0" STYLEREFS="TXT_21"/>
						</TextLine>
						<TextLine ID="P4_TL00238" HPOS="2343" VPOS="3127" WIDTH="532" HEIGHT="34">
							<String ID="P4_ST01279" HPOS="2343" VPOS="3127" WIDTH="83" HEIGHT="31" CONTENT="ALL" WC="0.97" CC="011" STYLEREFS="TXT_22"/>
							<SP ID="P4_SP01025" HPOS="2426" VPOS="3158" WIDTH="30"/>
							<String ID="P4_ST01280" HPOS="2456" VPOS="3128" WIDTH="120" HEIGHT="32" CONTENT="WOOL" WC="0.97" CC="1000" STYLEREFS="TXT_22"/>
							<SP ID="P4_SP01026" HPOS="2576" VPOS="3160" WIDTH="23"/>
							<String ID="P4_ST01281" HPOS="2599" VPOS="3129" WIDTH="169" HEIGHT="31" CONTENT="KOSLYN" WC="0.94" CC="102001" STYLEREFS="TXT_22"/>
							<SP ID="P4_SP01027" HPOS="2768" VPOS="3160" WIDTH="21"/>
							<String ID="P4_ST01282" HPOS="2789" VPOS="3131" WIDTH="86" HEIGHT="30" CONTENT="AND" WC="0.86" CC="040" STYLEREFS="TXT_22"/>
						</TextLine>
						<TextLine ID="P4_TL00239" HPOS="2379" VPOS="3202" WIDTH="467" HEIGHT="34">
							<String ID="P4_ST01283" HPOS="2379" VPOS="3202" WIDTH="294" HEIGHT="33" CONTENT="WELLINGTON" WC="0.87" CC="1100014006" STYLEREFS="TXT_22"/>
							<SP ID="P4_SP01028" HPOS="2673" VPOS="3235" WIDTH="23"/>
							<String ID="P4_ST01284" HPOS="2696" VPOS="3205" WIDTH="150" HEIGHT="31" CONTENT="TWEED" WC="0.89" CC="10212" STYLEREFS="TXT_22"/>
						</TextLine>
						<TextLine ID="P4_TL00240" HPOS="2489" VPOS="3271" WIDTH="254" HEIGHT="44">
							<String ID="P4_ST01285" HPOS="2489" VPOS="3271" WIDTH="254" HEIGHT="44" CONTENT="STTITS" WC="0.89" CC="231111" STYLEREFS="TXT_10"/>
						</TextLine>
						<TextLine ID="P4_TL00241" HPOS="2385" VPOS="3341" WIDTH="461" HEIGHT="42">
							<String ID="P4_ST01286" HPOS="2385" VPOS="3341" WIDTH="66" HEIGHT="40" CONTENT="35/-" WC="0.95" CC="1101" STYLEREFS="TXT_6"/>
							<SP ID="P4_SP01029" HPOS="2451" VPOS="3381" WIDTH="19"/>
							<String ID="P4_ST01287" HPOS="2470" VPOS="3341" WIDTH="85" HEIGHT="31" CONTENT="Suits" WC="0.89" CC="10004" STYLEREFS="TXT_6"/>
							<SP ID="P4_SP01030" HPOS="2555" VPOS="3381" WIDTH="15"/>
							<String ID="P4_ST01288" HPOS="2570" VPOS="3342" WIDTH="144" HEIGHT="31" CONTENT="Eeduced" WC="0.94" CC="1012001" STYLEREFS="TXT_6"/>
							<SP ID="P4_SP01031" HPOS="2714" VPOS="3381" WIDTH="9"/>
							<String ID="P4_ST01289" HPOS="2723" VPOS="3346" WIDTH="33" HEIGHT="26" CONTENT="to" WC="0.98" CC="10" STYLEREFS="TXT_6"/>
							<SP ID="P4_SP01032" HPOS="2756" VPOS="3381" WIDTH="24"/>
							<String ID="P4_ST01290" HPOS="2780" VPOS="3342" WIDTH="66" HEIGHT="41" CONTENT="25/-" WC="0.94" CC="1101" STYLEREFS="TXT_6"/>
						</TextLine>
						<TextLine ID="P4_TL00242" HPOS="2345" VPOS="3402" WIDTH="512" HEIGHT="42">
							<String ID="P4_ST01291" HPOS="2345" VPOS="3422" WIDTH="5" HEIGHT="8" CONTENT="--'" WC="0.81" CC="200" STYLEREFS="TXT_6"/>
							<SP ID="P4_SP01033" HPOS="2350" VPOS="3430" WIDTH="35"/>
							<String ID="P4_ST01292" HPOS="2385" VPOS="3402" WIDTH="67" HEIGHT="41" CONTENT="45/-" WC="0.86" CC="5001" STYLEREFS="TXT_6"/>
							<SP ID="P4_SP01034" HPOS="2452" VPOS="3443" WIDTH="43"/>
							<String ID="P4_ST01293" HPOS="2495" VPOS="3426" WIDTH="20" HEIGHT="16" CONTENT="„" WC="0.74" CC="3" STYLEREFS="TXT_6"/>
							<SP ID="P4_SP01035" HPOS="2515" VPOS="3443" WIDTH="85"/>
							<String ID="P4_ST01294" HPOS="2600" VPOS="3426" WIDTH="18" HEIGHT="14" CONTENT="„" WC="0.78" CC="2" STYLEREFS="TXT_6"/>
							<SP ID="P4_SP01036" HPOS="2618" VPOS="3443" WIDTH="85"/>
							<String ID="P4_ST01295" HPOS="2703" VPOS="3427" WIDTH="20" HEIGHT="13" CONTENT="„" WC="0.85" CC="2" STYLEREFS="TXT_6"/>
							<SP ID="P4_SP01037" HPOS="2723" VPOS="3443" WIDTH="62"/>
							<String ID="P4_ST01296" HPOS="2785" VPOS="3404" WIDTH="72" HEIGHT="40" CONTENT="35/-." WC="0.85" CC="60010" STYLEREFS="TXT_6"/>
						</TextLine>
						<TextLine ID="P4_TL00243" HPOS="2385" VPOS="3450" WIDTH="451" HEIGHT="43">
							<String ID="P4_ST01297" HPOS="2385" VPOS="3450" WIDTH="147" HEIGHT="34" CONTENT="Trousers" WC="0.94" CC="01021011" STYLEREFS="TXT_6"/>
							<SP ID="P4_SP01038" HPOS="2532" VPOS="3484" WIDTH="14"/>
							<String ID="P4_ST01298" HPOS="2546" VPOS="3452" WIDTH="62" HEIGHT="31" CONTENT="and" WC="0.93" CC="111" STYLEREFS="TXT_6"/>
							<SP ID="P4_SP01039" HPOS="2608" VPOS="3484" WIDTH="15"/>
							<String ID="P4_ST01299" HPOS="2623" VPOS="3451" WIDTH="73" HEIGHT="32" CONTENT="Vest" WC="0.95" CC="1001" STYLEREFS="TXT_6"/>
							<SP ID="P4_SP01040" HPOS="2696" VPOS="3484" WIDTH="65"/>
							<String ID="P4_ST01300" HPOS="2761" VPOS="3451" WIDTH="75" HEIGHT="42" CONTENT="13/6" WC="0.97" CC="0100" STYLEREFS="TXT_6"/>
						</TextLine>
						<TextLine ID="P4_TL00244" HPOS="2577" VPOS="3513" WIDTH="52" HEIGHT="23">
							<String ID="P4_ST01301" HPOS="2577" VPOS="3513" WIDTH="52" HEIGHT="23" CONTENT="AT" WC="0.98" CC="10" STYLEREFS="TXT_23"/>
						</TextLine>
						<TextLine ID="P4_TL00245" HPOS="2370" VPOS="3566" WIDTH="477" HEIGHT="33">
							<String ID="P4_ST01302" HPOS="2370" VPOS="3566" WIDTH="195" HEIGHT="33" CONTENT="PARISH'S" WC="0.84" CC="10701121" STYLEREFS="TXT_6"/>
							<SP ID="P4_SP01041" HPOS="2565" VPOS="3599" WIDTH="26"/>
							<String ID="P4_ST01303" HPOS="2591" VPOS="3569" WIDTH="90" HEIGHT="29" CONTENT="East" WC="0.89" CC="1310" STYLEREFS="TXT_6"/>
							<SP ID="P4_SP01042" HPOS="2681" VPOS="3599" WIDTH="23"/>
							<String ID="P4_ST01304" HPOS="2704" VPOS="3567" WIDTH="143" HEIGHT="32" CONTENT="Oxford." WC="0.91" CC="1110320" STYLEREFS="TXT_6"/>
						</TextLine>
						<TextLine ID="P4_TL00246" HPOS="2343" VPOS="3702" WIDTH="534" HEIGHT="34">
							<String ID="P4_ST01305" HPOS="2343" VPOS="3702" WIDTH="174" HEIGHT="32" CONTENT="OXFORD" WC="0.88" CC="023021" STYLEREFS="TXT_6"/>
							<SP ID="P4_SP01043" HPOS="2517" VPOS="3734" WIDTH="43"/>
							<String ID="P4_ST01306" HPOS="2560" VPOS="3703" WIDTH="189" HEIGHT="32" CONTENT="LIBRARY" WC="0.96" CC="0011110" STYLEREFS="TXT_6"/>
							<SP ID="P4_SP01044" HPOS="2749" VPOS="3735" WIDTH="40"/>
							<String ID="P4_ST01307" HPOS="2789" VPOS="3704" WIDTH="88" HEIGHT="32" CONTENT="AND" WC="0.96" CC="011" STYLEREFS="TXT_6"/>
						</TextLine>
						<TextLine ID="P4_TL00247" HPOS="2434" VPOS="3754" WIDTH="349" HEIGHT="34">
							<String ID="P4_ST01308" HPOS="2434" VPOS="3754" WIDTH="196" HEIGHT="33" CONTENT="READING" WC="0.82" CC="2121017" STYLEREFS="TXT_6"/>
							<SP ID="P4_SP01045" HPOS="2630" VPOS="3787" WIDTH="21"/>
							<String ID="P4_ST01309" HPOS="2651" VPOS="3755" WIDTH="132" HEIGHT="33" CONTENT="ROOM." WC="0.97" CC="10001" STYLEREFS="TXT_6"/>
						</TextLine>
						<TextLine ID="P4_TL00248" HPOS="2339" VPOS="3863" WIDTH="538" HEIGHT="36">
							<String ID="P4_ST01310" HPOS="2339" VPOS="3863" WIDTH="55" HEIGHT="26" CONTENT="The" WC="0.95" CC="110"/>
							<SP ID="P4_SP01046" HPOS="2394" VPOS="3889" WIDTH="28"/>
							<String ID="P4_ST01311" HPOS="2422" VPOS="3863" WIDTH="94" HEIGHT="27" CONTENT="Oxford" WC="0.92" CC="021003"/>
							<SP ID="P4_SP01047" HPOS="2516" VPOS="3890" WIDTH="26"/>
							<String ID="P4_ST01312" HPOS="2542" VPOS="3864" WIDTH="105" HEIGHT="34" CONTENT="Library" WC="0.97" CC="1000001"/>
							<SP ID="P4_SP01048" HPOS="2647" VPOS="3898" WIDTH="26"/>
							<String ID="P4_ST01313" HPOS="2673" VPOS="3866" WIDTH="23" HEIGHT="25" CONTENT="is" WC="0.93" CC="02"/>
							<SP ID="P4_SP01049" HPOS="2696" VPOS="3898" WIDTH="27"/>
							<String ID="P4_ST01314" HPOS="2723" VPOS="3874" WIDTH="62" HEIGHT="23" CONTENT="open" WC="0.88" CC="0114"/>
							<SP ID="P4_SP01050" HPOS="2785" VPOS="3898" WIDTH="22"/>
							<String ID="P4_ST01315" HPOS="2807" VPOS="3875" WIDTH="70" HEIGHT="24" CONTENT="every" WC="0.94" CC="20100"/>
						</TextLine>
						<TextLine ID="P4_TL00249" HPOS="2339" VPOS="3906" WIDTH="538" HEIGHT="36">
							<String ID="P4_ST01316" HPOS="2339" VPOS="3906" WIDTH="114" HEIGHT="35" CONTENT="Tuesday" WC="0.95" CC="0101111"/>
							<SP ID="P4_SP01051" HPOS="2453" VPOS="3941" WIDTH="11"/>
							<String ID="P4_ST01317" HPOS="2464" VPOS="3908" WIDTH="50" HEIGHT="26" CONTENT="and" WC="0.91" CC="112"/>
							<SP ID="P4_SP01052" HPOS="2514" VPOS="3941" WIDTH="21"/>
							<String ID="P4_ST01318" HPOS="2535" VPOS="3908" WIDTH="123" HEIGHT="33" CONTENT="Saturday" WC="0.93" CC="11111111"/>
							<SP ID="P4_SP01053" HPOS="2658" VPOS="3941" WIDTH="29"/>
							<String ID="P4_ST01319" HPOS="2687" VPOS="3909" WIDTH="96" HEIGHT="33" CONTENT="nights," WC="0.91" CC="1012112"/>
							<SP ID="P4_SP01054" HPOS="2783" VPOS="3942" WIDTH="28"/>
							<String ID="P4_ST01320" HPOS="2811" VPOS="3910" WIDTH="66" HEIGHT="26" CONTENT="from" WC="0.97" CC="0001"/>
						</TextLine>
						<TextLine ID="P4_TL00250" HPOS="2334" VPOS="3952" WIDTH="543" HEIGHT="328">
							<String ID="P4_ST01321" HPOS="2334" VPOS="3952" WIDTH="145" HEIGHT="328" CONTENT="E.m.," WC="0.92" CC="21012"/>
							<SP ID="P4_SP01055" HPOS="2479" VPOS="4280" WIDTH="22"/>
							<String ID="P4_ST01322" HPOS="2501" VPOS="3954" WIDTH="25" HEIGHT="22" CONTENT="to" WC="0.98" CC="10"/>
							<SP ID="P4_SP01056" HPOS="2526" VPOS="4280" WIDTH="21"/>
							<String ID="P4_ST01323" HPOS="2547" VPOS="3954" WIDTH="15" HEIGHT="23" CONTENT="8" WC="0.89" CC="1"/>
							<SP ID="P4_SP01057" HPOS="2562" VPOS="4280" WIDTH="11"/>
							<String ID="P4_ST01324" HPOS="2573" VPOS="3960" WIDTH="71" HEIGHT="24" CONTENT="p.m.," WC="0.93" CC="10121"/>
							<SP ID="P4_SP01058" HPOS="2644" VPOS="4280" WIDTH="25"/>
							<String ID="P4_ST01325" HPOS="2669" VPOS="3953" WIDTH="50" HEIGHT="24" CONTENT="and" WC="0.97" CC="001"/>
							<SP ID="P4_SP01059" HPOS="2719" VPOS="4280" WIDTH="30"/>
							<String ID="P4_ST01326" HPOS="2749" VPOS="3961" WIDTH="34" HEIGHT="17" CONTENT="on" WC="0.91" CC="02"/>
							<SP ID="P4_SP01060" HPOS="2783" VPOS="4280" WIDTH="22"/>
							<String ID="P4_ST01327" HPOS="2805" VPOS="3962" WIDTH="72" HEIGHT="24" CONTENT="every" WC="0.98" CC="11000"/>
						</TextLine>
						<TextLine ID="P4_TL00251" HPOS="2429" VPOS="3995" WIDTH="447" HEIGHT="35">
							<String ID="P4_ST01328" HPOS="2429" VPOS="3997" WIDTH="29" HEIGHT="23" CONTENT="tte" WC="0.69" CC="712"/>
							<SP ID="P4_SP01061" HPOS="2458" VPOS="4020" WIDTH="12"/>
							<String ID="P4_ST01329" HPOS="2470" VPOS="3995" WIDTH="132" HEIGHT="33" CONTENT="Thursday" WC="0.92" CC="11111111"/>
							<SP ID="P4_SP01062" HPOS="2602" VPOS="4028" WIDTH="24"/>
							<String ID="P4_ST01330" HPOS="2626" VPOS="3996" WIDTH="138" HEIGHT="30" CONTENT="afternoon," WC="0.98" CC="0010010011"/>
							<SP ID="P4_SP01063" HPOS="2764" VPOS="4028" WIDTH="30"/>
							<String ID="P4_ST01331" HPOS="2794" VPOS="3997" WIDTH="82" HEIGHT="33" CONTENT="(Sale-" WC="0.97" CC="011001"/>
						</TextLine>
						<TextLine ID="P4_TL00252" HPOS="2431" VPOS="4038" WIDTH="445" HEIGHT="35">
							<String ID="P4_ST01332" HPOS="2431" VPOS="4038" WIDTH="65" HEIGHT="26" CONTENT="from" WC="0.89" CC="1122"/>
							<SP ID="P4_SP01064" HPOS="2496" VPOS="4064" WIDTH="13"/>
							<String ID="P4_ST01333" HPOS="2509" VPOS="4040" WIDTH="60" HEIGHT="25" CONTENT="280" WC="1.00" CC="010"/>
							<SP ID="P4_SP01065" HPOS="2569" VPOS="4065" WIDTH="11"/>
							<String ID="P4_ST01334" HPOS="2580" VPOS="4047" WIDTH="66" HEIGHT="25" CONTENT="p.m.." WC="0.95" CC="11101"/>
							<SP ID="P4_SP01066" HPOS="2646" VPOS="4072" WIDTH="16"/>
							<String ID="P4_ST01335" HPOS="2662" VPOS="4042" WIDTH="26" HEIGHT="24" CONTENT="to" WC="1.00" CC="00"/>
							<SP ID="P4_SP01067" HPOS="2688" VPOS="4072" WIDTH="12"/>
							<String ID="P4_ST01336" HPOS="2700" VPOS="4042" WIDTH="15" HEIGHT="24" CONTENT="5" WC="0.85" CC="2"/>
							<SP ID="P4_SP01068" HPOS="2715" VPOS="4072" WIDTH="11"/>
							<String ID="P4_ST01337" HPOS="2726" VPOS="4049" WIDTH="59" HEIGHT="24" CONTENT="p.m." WC="0.91" CC="1130"/>
							<SP ID="P4_SP01069" HPOS="2785" VPOS="4073" WIDTH="38"/>
							<String ID="P4_ST01338" HPOS="2823" VPOS="4042" WIDTH="53" HEIGHT="26" CONTENT="The" WC="0.96" CC="111"/>
						</TextLine>
						<TextLine ID="P4_TL00253" HPOS="2528" VPOS="4090" WIDTH="170" HEIGHT="32">
							<String ID="P4_ST01339" HPOS="2528" VPOS="4090" WIDTH="26" HEIGHT="22" CONTENT="L." WC="0.96" CC="01" STYLEREFS="TXT_20"/>
							<SP ID="P4_SP01070" HPOS="2554" VPOS="4112" WIDTH="17"/>
							<String ID="P4_ST01340" HPOS="2571" VPOS="4091" WIDTH="127" HEIGHT="31" CONTENT="REEVES," WC="0.78" CC="4212116" STYLEREFS="TXT_20"/>
						</TextLine>
						<TextLine ID="P4_TL00254" HPOS="2620" VPOS="4128" WIDTH="221" HEIGHT="27">
							<String ID="P4_ST01341" HPOS="2620" VPOS="4128" WIDTH="69" HEIGHT="25" CONTENT="Hon." WC="0.77" CC="1081"/>
							<SP ID="P4_SP01071" HPOS="2689" VPOS="4153" WIDTH="12"/>
							<String ID="P4_ST01342" HPOS="2701" VPOS="4129" WIDTH="140" HEIGHT="26" CONTENT="Librarian." WC="0.97" CC="1000011011"/>
						</TextLine>
						<TextLine ID="P4_TL00255" HPOS="2429" VPOS="4171" WIDTH="396" HEIGHT="33">
							<String ID="P4_ST01343" HPOS="2429" VPOS="4177" WIDTH="138" HEIGHT="18" CONTENT="BBCBEPTION" WC="0.89" CC="0121421001" STYLEREFS="TXT_24"/>
							<SP ID="P4_SP01072" HPOS="2567" VPOS="4195" WIDTH="11"/>
							<String ID="P4_ST01344" HPOS="2578" VPOS="4171" WIDTH="38" HEIGHT="33" CONTENT="2/-" WC="0.90" CC="201" STYLEREFS="TXT_24"/>
							<SP ID="P4_SP01073" HPOS="2616" VPOS="4204" WIDTH="13"/>
							<String ID="P4_ST01345" HPOS="2629" VPOS="4179" WIDTH="49" HEIGHT="18" CONTENT="PBR" WC="0.73" CC="152" STYLEREFS="TXT_24"/>
							<SP ID="P4_SP01074" HPOS="2678" VPOS="4204" WIDTH="18"/>
							<String ID="P4_ST01346" HPOS="2696" VPOS="4171" WIDTH="129" HEIGHT="33" CONTENT="QuABTM." WC="0.82" CC="1141131" STYLEREFS="TXT_24"/>
						</TextLine>
						<TextLine ID="P4_TL00256" HPOS="2401" VPOS="4278" WIDTH="403" HEIGHT="49">
							<String ID="P4_ST01347" HPOS="2401" VPOS="4278" WIDTH="214" HEIGHT="44" CONTENT="HOLLAND" WC="0.93" CC="1101220" STYLEREFS="TXT_11"/>
							<SP ID="P4_SP01075" HPOS="2615" VPOS="4322" WIDTH="34"/>
							<String ID="P4_ST01348" HPOS="2649" VPOS="4279" WIDTH="155" HEIGHT="48" CONTENT="FINISH" WC="0.91" CC="301010" STYLEREFS="TXT_11"/>
						</TextLine>
						<TextLine ID="P4_TL00257" HPOS="2518" VPOS="4341" WIDTH="155" HEIGHT="45">
							<String ID="P4_ST01349" HPOS="2518" VPOS="4341" WIDTH="155" HEIGHT="45" CONTENT="CALICO" WC="0.93" CC="211111" STYLEREFS="TXT_11"/>
						</TextLine>
						<TextLine ID="P4_TL00258" HPOS="2449" VPOS="4402" WIDTH="315" HEIGHT="46">
							<String ID="P4_ST01350" HPOS="2449" VPOS="4402" WIDTH="67" HEIGHT="35" CONTENT="3d:" WC="0.85" CC="113" STYLEREFS="TXT_8"/>
							<SP ID="P4_SP01076" HPOS="2516" VPOS="4437" WIDTH="34"/>
							<String ID="P4_ST01351" HPOS="2550" VPOS="4415" WIDTH="72" HEIGHT="30" CONTENT="per" WC="0.80" CC="114" STYLEREFS="TXT_8"/>
							<SP ID="P4_SP01077" HPOS="2622" VPOS="4445" WIDTH="21"/>
							<String ID="P4_ST01352" HPOS="2643" VPOS="4406" WIDTH="121" HEIGHT="42" CONTENT="ya'rdv" WC="0.92" CC="102112" STYLEREFS="TXT_8"/>
						</TextLine>
						<TextLine ID="P4_TL00259" HPOS="2593" VPOS="4468" WIDTH="289" HEIGHT="50">
							<String ID="P4_ST01353" HPOS="2593" VPOS="4484" WIDTH="36" HEIGHT="26" CONTENT="at" WC="0.91" CC="11" STYLEREFS="TXT_20"/>
							<SP ID="P4_SP01078" HPOS="2629" VPOS="4510" WIDTH="95"/>
							<String ID="P4_ST01354" HPOS="2724" VPOS="4486" WIDTH="9" HEIGHT="32" CONTENT="■." WC="0.91" CC="11" STYLEREFS="TXT_20"/>
							<SP ID="P4_SP01079" HPOS="2733" VPOS="4518" WIDTH="128"/>
							<String ID="P4_ST01355" HPOS="2861" VPOS="4468" WIDTH="21" HEIGHT="41" CONTENT="■■!" WC="0.96" CC="104" STYLEREFS="TXT_20"/>
						</TextLine>
						<TextLine ID="P4_TL00260" HPOS="2451" VPOS="4527" WIDTH="315" HEIGHT="39">
							<String ID="P4_ST01356" HPOS="2451" VPOS="4527" WIDTH="37" HEIGHT="32" CONTENT="B." WC="0.93" CC="20" STYLEREFS="TXT_25"/>
							<SP ID="P4_SP01080" HPOS="2488" VPOS="4559" WIDTH="17"/>
							<String ID="P4_ST01357" HPOS="2505" VPOS="4528" WIDTH="42" HEIGHT="33" CONTENT="H." WC="1.00" CC="00" STYLEREFS="TXT_25"/>
							<SP ID="P4_SP01081" HPOS="2547" VPOS="4561" WIDTH="22"/>
							<String ID="P4_ST01358" HPOS="2569" VPOS="4529" WIDTH="197" HEIGHT="37" CONTENT="PARISH'S" WC="0.92" CC="21101111" STYLEREFS="TXT_25"/>
						</TextLine>
					</TextBlock>
				</ComposedBlock>
				<ComposedBlock ID="P4_CB00003" HPOS="1158" VPOS="205" WIDTH="1152" HEIGHT="4288" TYPE="Advertisement">
					<TextBlock ID="P4_TB00008" HPOS="1158" VPOS="205" WIDTH="1152" HEIGHT="4288" STYLEREFS="TXT_0 PAR_LEFT">
						<TextLine ID="P4_TL00261" HPOS="1292" VPOS="237" WIDTH="887" HEIGHT="91">
							<String ID="P4_ST01359" HPOS="1292" VPOS="239" WIDTH="117" HEIGHT="87" CONTENT="E." WC="0.91" CC="21" STYLEREFS="TXT_26"/>
							<SP ID="P4_SP01082" HPOS="1409" VPOS="326" WIDTH="66"/>
							<String ID="P4_ST01360" HPOS="1475" VPOS="239" WIDTH="135" HEIGHT="87" CONTENT="H." WC="0.98" CC="10" STYLEREFS="TXT_26"/>
							<SP ID="P4_SP01083" HPOS="1610" VPOS="326" WIDTH="56"/>
							<String ID="P4_ST01361" HPOS="1666" VPOS="237" WIDTH="513" HEIGHT="91" CONTENT="PARISH" WC="0.87" CC="113031" STYLEREFS="TXT_26"/>
						</TextLine>
						<TextLine ID="P4_TL00262" HPOS="1437" VPOS="374" WIDTH="569" HEIGHT="61">
							<String ID="P4_ST01362" HPOS="1437" VPOS="374" WIDTH="198" HEIGHT="58" CONTENT="EAST" WC="0.94" CC="2110" STYLEREFS="TXT_27"/>
							<SP ID="P4_SP01084" HPOS="1635" VPOS="432" WIDTH="46"/>
							<String ID="P4_ST01363" HPOS="1681" VPOS="376" WIDTH="325" HEIGHT="59" CONTENT="OXFORD" WC="0.97" CC="001010" STYLEREFS="TXT_27"/>
						</TextLine>
						<TextLine ID="P4_TL00263" HPOS="1652" VPOS="458" WIDTH="86" HEIGHT="14">
							<String ID="P4_ST01364" HPOS="1652" VPOS="458" WIDTH="11" HEIGHT="12" CONTENT="•" WC="0.70" CC="3" STYLEREFS="TXT_1"/>
							<SP ID="P4_SP01085" HPOS="1663" VPOS="470" WIDTH="11"/>
							<String ID="P4_ST01365" HPOS="1674" VPOS="458" WIDTH="41" HEIGHT="14" CONTENT="mm" WC="0.74" CC="14" STYLEREFS="TXT_2"/>
							<SP ID="P4_SP01086" HPOS="1715" VPOS="472" WIDTH="13"/>
							<String ID="P4_ST01366" HPOS="1728" VPOS="459" WIDTH="10" HEIGHT="13" CONTENT="•" WC="0.81" CC="2" STYLEREFS="TXT_2"/>
						</TextLine>
						<TextLine ID="P4_TL00264" HPOS="1248" VPOS="508" WIDTH="991" HEIGHT="58">
							<String ID="P4_ST01367" HPOS="1248" VPOS="521" WIDTH="107" HEIGHT="31" CONTENT="was" WC="0.93" CC="102" STYLEREFS="TXT_17"/>
							<SP ID="P4_SP01087" HPOS="1355" VPOS="552" WIDTH="19"/>
							<String ID="P4_ST01368" HPOS="1374" VPOS="508" WIDTH="89" HEIGHT="45" CONTENT="the" WC="0.93" CC="210" STYLEREFS="TXT_17"/>
							<SP ID="P4_SP01088" HPOS="1463" VPOS="553" WIDTH="21"/>
							<String ID="P4_ST01369" HPOS="1484" VPOS="510" WIDTH="195" HEIGHT="56" CONTENT="largest" WC="0.89" CC="0112150" STYLEREFS="TXT_17"/>
							<SP ID="P4_SP01089" HPOS="1679" VPOS="566" WIDTH="19"/>
							<String ID="P4_ST01370" HPOS="1698" VPOS="512" WIDTH="279" HEIGHT="53" CONTENT="purchaser" WC="0.86" CC="031140301" STYLEREFS="TXT_17"/>
							<SP ID="P4_SP01090" HPOS="1977" VPOS="566" WIDTH="18"/>
							<String ID="P4_ST01371" HPOS="1995" VPOS="511" WIDTH="56" HEIGHT="43" CONTENT="m" WC="0.98" CC="0" STYLEREFS="TXT_17"/>
							<SP ID="P4_SP01091" HPOS="2051" VPOS="566" WIDTH="18"/>
							<String ID="P4_ST01372" HPOS="2069" VPOS="508" WIDTH="170" HEIGHT="47" CONTENT="North" WC="0.81" CC="30105" STYLEREFS="TXT_17"/>
						</TextLine>
						<TextLine ID="P4_TL00265" HPOS="1509" VPOS="581" WIDTH="406" HEIGHT="60">
							<String ID="P4_ST01373" HPOS="1509" VPOS="581" WIDTH="315" HEIGHT="60" CONTENT="Canterbury" WC="0.94" CC="1120000212" STYLEREFS="TXT_17"/>
							<SP ID="P4_SP01092" HPOS="1824" VPOS="641" WIDTH="34"/>
							<String ID="P4_ST01374" HPOS="1858" VPOS="585" WIDTH="57" HEIGHT="43" CONTENT="of" WC="0.93" CC="20" STYLEREFS="TXT_17"/>
						</TextLine>
						<TextLine ID="P4_TL00266" HPOS="1206" VPOS="656" WIDTH="1064" HEIGHT="101">
							<String ID="P4_ST01375" HPOS="1206" VPOS="656" WIDTH="130" HEIGHT="86" CONTENT="H." WC="0.91" CC="11" STYLEREFS="TXT_26"/>
							<SP ID="P4_SP01093" HPOS="1336" VPOS="742" WIDTH="71"/>
							<String ID="P4_ST01376" HPOS="1407" VPOS="656" WIDTH="581" HEIGHT="91" CONTENT="OLNEY&amp;" WC="0.87" CC="115112" STYLEREFS="TXT_26"/>
							<SP ID="P4_SP01094" HPOS="1988" VPOS="747" WIDTH="51"/>
							<String ID="P4_ST01377" HPOS="2039" VPOS="656" WIDTH="231" HEIGHT="101" CONTENT="Cos.," WC="0.93" CC="11111" STYLEREFS="TXT_26"/>
						</TextLine>
						<TextLine ID="P4_TL00267" HPOS="1164" VPOS="795" WIDTH="1146" HEIGHT="58">
							<String ID="P4_ST01378" HPOS="1164" VPOS="795" WIDTH="290" HEIGHT="46" CONTENT="Wholesale" WC="0.97" CC="100002100" STYLEREFS="TXT_17"/>
							<SP ID="P4_SP01095" HPOS="1454" VPOS="841" WIDTH="23"/>
							<String ID="P4_ST01379" HPOS="1477" VPOS="796" WIDTH="144" HEIGHT="44" CONTENT="stock" WC="0.96" CC="10010" STYLEREFS="TXT_17"/>
							<SP ID="P4_SP01096" HPOS="1621" VPOS="841" WIDTH="23"/>
							<String ID="P4_ST01380" HPOS="1644" VPOS="796" WIDTH="57" HEIGHT="43" CONTENT="of" WC="1.00" CC="00" STYLEREFS="TXT_17"/>
							<SP ID="P4_SP01097" HPOS="1701" VPOS="841" WIDTH="20"/>
							<String ID="P4_ST01381" HPOS="1721" VPOS="796" WIDTH="241" HEIGHT="57" CONTENT="Drapery," WC="0.83" CC="20010029" STYLEREFS="TXT_17"/>
							<SP ID="P4_SP01098" HPOS="1962" VPOS="853" WIDTH="28"/>
							<String ID="P4_ST01382" HPOS="1990" VPOS="795" WIDTH="237" HEIGHT="56" CONTENT="securing" WC="0.95" CC="10011012" STYLEREFS="TXT_17"/>
							<SP ID="P4_SP01099" HPOS="2227" VPOS="853" WIDTH="33"/>
							<String ID="P4_ST01383" HPOS="2260" VPOS="795" WIDTH="50" HEIGHT="43" CONTENT="at" WC="1.00" CC="00" STYLEREFS="TXT_17"/>
						</TextLine>
						<TextLine ID="P4_TL00268" HPOS="1166" VPOS="862" WIDTH="1144" HEIGHT="49">
							<String ID="P4_ST01384" HPOS="1166" VPOS="878" WIDTH="269" HEIGHT="33" CONTENT="enormous" WC="0.98" CC="11000001" STYLEREFS="TXT_17"/>
							<SP ID="P4_SP01100" HPOS="1435" VPOS="911" WIDTH="14"/>
							<String ID="P4_ST01385" HPOS="1449" VPOS="865" WIDTH="319" HEIGHT="44" CONTENT="concessions" WC="0.96" CC="11110100111" STYLEREFS="TXT_17"/>
							<SP ID="P4_SP01101" HPOS="1768" VPOS="911" WIDTH="17"/>
							<String ID="P4_ST01386" HPOS="1785" VPOS="862" WIDTH="132" HEIGHT="48" CONTENT="from" WC="0.94" CC="2101" STYLEREFS="TXT_17"/>
							<SP ID="P4_SP01102" HPOS="1917" VPOS="911" WIDTH="16"/>
							<String ID="P4_ST01387" HPOS="1933" VPOS="865" WIDTH="184" HEIGHT="45" CONTENT="landed" WC="0.98" CC="000101" STYLEREFS="TXT_17"/>
							<SP ID="P4_SP01103" HPOS="2117" VPOS="911" WIDTH="16"/>
							<String ID="P4_ST01388" HPOS="2133" VPOS="867" WIDTH="110" HEIGHT="43" CONTENT="cost" WC="0.95" CC="1020" STYLEREFS="TXT_17"/>
							<SP ID="P4_SP01104" HPOS="2243" VPOS="911" WIDTH="15"/>
							<String ID="P4_ST01389" HPOS="2258" VPOS="867" WIDTH="52" HEIGHT="44" CONTENT="iv" WC="0.98" CC="01" STYLEREFS="TXT_17"/>
						</TextLine>
						<TextLine ID="P4_TL00269" HPOS="1219" VPOS="940" WIDTH="1028" HEIGHT="60">
							<String ID="P4_ST01390" HPOS="1219" VPOS="954" WIDTH="140" HEIGHT="33" CONTENT="some" WC="0.96" CC="1010" STYLEREFS="TXT_17"/>
							<SP ID="P4_SP01105" HPOS="1359" VPOS="987" WIDTH="21"/>
							<String ID="P4_ST01391" HPOS="1380" VPOS="941" WIDTH="57" HEIGHT="46" CONTENT="of" WC="0.94" CC="01" STYLEREFS="TXT_17"/>
							<SP ID="P4_SP01106" HPOS="1437" VPOS="987" WIDTH="12"/>
							<String ID="P4_ST01392" HPOS="1449" VPOS="940" WIDTH="89" HEIGHT="48" CONTENT="the" WC="0.94" CC="120" STYLEREFS="TXT_17"/>
							<SP ID="P4_SP01107" HPOS="1538" VPOS="988" WIDTH="15"/>
							<String ID="P4_ST01393" HPOS="1553" VPOS="945" WIDTH="136" HEIGHT="44" CONTENT="most" WC="0.75" CC="1271" STYLEREFS="TXT_17"/>
							<SP ID="P4_SP01108" HPOS="1689" VPOS="989" WIDTH="19"/>
							<String ID="P4_ST01394" HPOS="1708" VPOS="940" WIDTH="285" HEIGHT="60" CONTENT="important" WC="0.70" CC="012151584" STYLEREFS="TXT_17"/>
							<SP ID="P4_SP01109" HPOS="1993" VPOS="1000" WIDTH="18"/>
							<String ID="P4_ST01395" HPOS="2011" VPOS="945" WIDTH="236" HEIGHT="52" CONTENT="sectimis," WC="0.80" CC="661103011" STYLEREFS="TXT_17"/>
						</TextLine>
						<TextLine ID="P4_TL00270" HPOS="1515" VPOS="1022" WIDTH="424" HEIGHT="57">
							<String ID="P4_ST01396" HPOS="1515" VPOS="1022" WIDTH="282" HEIGHT="57" CONTENT="consisting" WC="0.95" CC="0011011021" STYLEREFS="TXT_17"/>
							<SP ID="P4_SP01110" HPOS="1797" VPOS="1079" WIDTH="31"/>
							<String ID="P4_ST01397" HPOS="1828" VPOS="1025" WIDTH="111" HEIGHT="42" CONTENT="of—" WC="0.90" CC="300" STYLEREFS="TXT_17"/>
						</TextLine>
						<TextLine ID="P4_TL00271" HPOS="1169" VPOS="1093" WIDTH="1138" HEIGHT="95">
							<String ID="P4_ST01398" HPOS="1169" VPOS="1093" WIDTH="499" HEIGHT="92" CONTENT="Costumes" WC="0.94" CC="20101002" STYLEREFS="TXT_26"/>
							<SP ID="P4_SP01111" HPOS="1668" VPOS="1185" WIDTH="68"/>
							<String ID="P4_ST01399" HPOS="1736" VPOS="1100" WIDTH="302" HEIGHT="88" CONTENT="worth" WC="0.95" CC="10101" STYLEREFS="TXT_26"/>
							<SP ID="P4_SP01112" HPOS="2038" VPOS="1188" WIDTH="79"/>
							<String ID="P4_ST01400" HPOS="2117" VPOS="1099" WIDTH="190" HEIGHT="88" CONTENT="40s." WC="0.84" CC="4021" STYLEREFS="TXT_26"/>
						</TextLine>
						<TextLine ID="P4_TL00272" HPOS="1473" VPOS="1231" WIDTH="540" HEIGHT="90">
							<String ID="P4_ST01401" HPOS="1473" VPOS="1231" WIDTH="155" HEIGHT="89" CONTENT="for" WC="0.93" CC="021" STYLEREFS="TXT_26"/>
							<SP ID="P4_SP01113" HPOS="1628" VPOS="1320" WIDTH="82"/>
							<String ID="P4_ST01402" HPOS="1710" VPOS="1231" WIDTH="111" HEIGHT="89" CONTENT="5s" WC="0.85" CC="22" STYLEREFS="TXT_26"/>
							<SP ID="P4_SP01114" HPOS="1821" VPOS="1320" WIDTH="65"/>
							<String ID="P4_ST01403" HPOS="1886" VPOS="1234" WIDTH="127" HEIGHT="87" CONTENT="6d" WC="0.93" CC="11" STYLEREFS="TXT_26"/>
						</TextLine>
						<TextLine ID="P4_TL00273" HPOS="1168" VPOS="1367" WIDTH="1142" HEIGHT="98">
							<String ID="P4_ST01404" HPOS="1168" VPOS="1367" WIDTH="347" HEIGHT="90" CONTENT="Ladies" WC="0.97" CC="010001" STYLEREFS="TXT_26"/>
							<SP ID="P4_SP01115" HPOS="1515" VPOS="1457" WIDTH="43"/>
							<String ID="P4_ST01405" HPOS="1558" VPOS="1372" WIDTH="309" HEIGHT="89" CONTENT="Black" WC="0.93" CC="10112" STYLEREFS="TXT_26"/>
							<SP ID="P4_SP01116" HPOS="1867" VPOS="1461" WIDTH="40"/>
							<String ID="P4_ST01406" HPOS="1907" VPOS="1375" WIDTH="403" HEIGHT="90" CONTENT="Jackets" WC="0.94" CC="0210012" STYLEREFS="TXT_26"/>
						</TextLine>
						<TextLine ID="P4_TL00274" HPOS="1202" VPOS="1513" WIDTH="1063" HEIGHT="99">
							<String ID="P4_ST01407" HPOS="1202" VPOS="1513" WIDTH="151" HEIGHT="86" CONTENT="for" WC="0.96" CC="001" STYLEREFS="TXT_26"/>
							<SP ID="P4_SP01117" HPOS="1353" VPOS="1599" WIDTH="40"/>
							<String ID="P4_ST01408" HPOS="1393" VPOS="1514" WIDTH="114" HEIGHT="87" CONTENT="3s" WC="0.89" CC="12" STYLEREFS="TXT_26"/>
							<SP ID="P4_SP01118" HPOS="1507" VPOS="1601" WIDTH="41"/>
							<String ID="P4_ST01409" HPOS="1548" VPOS="1514" WIDTH="128" HEIGHT="89" CONTENT="9d" WC="0.98" CC="01" STYLEREFS="TXT_26"/>
							<SP ID="P4_SP01119" HPOS="1676" VPOS="1603" WIDTH="74"/>
							<String ID="P4_ST01410" HPOS="1750" VPOS="1519" WIDTH="308" HEIGHT="88" CONTENT="worth" WC="0.95" CC="21101" STYLEREFS="TXT_26"/>
							<SP ID="P4_SP01120" HPOS="2058" VPOS="1607" WIDTH="41"/>
							<String ID="P4_ST01411" HPOS="2099" VPOS="1524" WIDTH="166" HEIGHT="88" CONTENT="20s" WC="0.91" CC="201" STYLEREFS="TXT_26"/>
						</TextLine>
						<TextLine ID="P4_TL00275" HPOS="1167" VPOS="1651" WIDTH="1143" HEIGHT="113">
							<String ID="P4_ST01412" HPOS="1167" VPOS="1651" WIDTH="609" HEIGHT="113" CONTENT="Trimmings" WC="0.95" CC="010000122" STYLEREFS="TXT_26"/>
							<SP ID="P4_SP01121" HPOS="1776" VPOS="1764" WIDTH="66"/>
							<String ID="P4_ST01413" HPOS="1842" VPOS="1659" WIDTH="83" HEIGHT="84" CONTENT="&amp;" WC="0.85" CC="2" STYLEREFS="TXT_26"/>
							<SP ID="P4_SP01122" HPOS="1925" VPOS="1764" WIDTH="46"/>
							<String ID="P4_ST01414" HPOS="1971" VPOS="1660" WIDTH="339" HEIGHT="90" CONTENT="Braids" WC="0.93" CC="111011" STYLEREFS="TXT_26"/>
						</TextLine>
						<TextLine ID="P4_TL00276" HPOS="1474" VPOS="1787" WIDTH="528" HEIGHT="115">
							<String ID="P4_ST01415" HPOS="1474" VPOS="1787" WIDTH="212" HEIGHT="88" CONTENT="half" WC="0.98" CC="0100" STYLEREFS="TXT_26"/>
							<SP ID="P4_SP01123" HPOS="1686" VPOS="1875" WIDTH="36"/>
							<String ID="P4_ST01416" HPOS="1722" VPOS="1792" WIDTH="280" HEIGHT="110" CONTENT="price." WC="0.96" CC="110001" STYLEREFS="TXT_26"/>
						</TextLine>
						<TextLine ID="P4_TL00277" HPOS="1567" VPOS="1924" WIDTH="364" HEIGHT="17">
							<String ID="P4_ST01417" HPOS="1567" VPOS="1924" WIDTH="364" HEIGHT="17" CONTENT="&lt;~w~M~^~w**u**Lr*u~i_ojT_n-TT_rxf&lt;." WC="0.78" CC="41545296211301110213122312024114210" STYLEREFS="TXT_28"/>
						</TextLine>
						<TextLine ID="P4_TL00278" HPOS="1345" VPOS="1957" WIDTH="784" HEIGHT="54">
							<String ID="P4_ST01418" HPOS="1345" VPOS="1957" WIDTH="336" HEIGHT="46" CONTENT="ENORMOUS" WC="0.85" CC="13013302" STYLEREFS="TXT_14"/>
							<SP ID="P4_SP01124" HPOS="1681" VPOS="2003" WIDTH="60"/>
							<String ID="P4_ST01419" HPOS="1741" VPOS="1960" WIDTH="388" HEIGHT="51" CONTENT="EEDUCTIONS" WC="0.93" CC="2111100021" STYLEREFS="TXT_14"/>
						</TextLine>
						<TextLine ID="P4_TL00279" HPOS="1171" VPOS="2032" WIDTH="1139" HEIGHT="99">
							<String ID="P4_ST01420" HPOS="1171" VPOS="2032" WIDTH="431" HEIGHT="89" CONTENT="MAIDS" WC="0.90" CC="01013" STYLEREFS="TXT_26"/>
							<SP ID="P4_SP01125" HPOS="1602" VPOS="2121" WIDTH="127"/>
							<String ID="P4_ST01421" HPOS="1729" VPOS="2035" WIDTH="581" HEIGHT="96" CONTENT="ULSTERS" WC="0.79" CC="5110144" STYLEREFS="TXT_26"/>
						</TextLine>
						<TextLine ID="P4_TL00280" HPOS="1285" VPOS="2167" WIDTH="960" HEIGHT="99">
							<String ID="P4_ST01422" HPOS="1285" VPOS="2167" WIDTH="452" HEIGHT="91" CONTENT="Reduced" WC="0.94" CC="1101101" STYLEREFS="TXT_26"/>
							<SP ID="P4_SP01126" HPOS="1737" VPOS="2258" WIDTH="43"/>
							<String ID="P4_ST01423" HPOS="1780" VPOS="2177" WIDTH="102" HEIGHT="84" CONTENT="to" WC="1.00" CC="00" STYLEREFS="TXT_26"/>
							<SP ID="P4_SP01127" HPOS="1882" VPOS="2261" WIDTH="56"/>
							<String ID="P4_ST01424" HPOS="1938" VPOS="2177" WIDTH="101" HEIGHT="87" CONTENT="Is" WC="0.93" CC="02" STYLEREFS="TXT_26"/>
							<SP ID="P4_SP01128" HPOS="2039" VPOS="2264" WIDTH="43"/>
							<String ID="P4_ST01425" HPOS="2082" VPOS="2177" WIDTH="163" HEIGHT="89" CONTENT="6d." WC="0.91" CC="111" STYLEREFS="TXT_26"/>
						</TextLine>
						<TextLine ID="P4_TL00281" HPOS="1527" VPOS="2304" WIDTH="378" HEIGHT="43">
							<String ID="P4_ST01426" HPOS="1527" VPOS="2304" WIDTH="39" HEIGHT="28" CONTENT="36" WC="0.96" CC="10" STYLEREFS="TXT_6"/>
							<SP ID="P4_SP01129" HPOS="1566" VPOS="2332" WIDTH="21"/>
							<String ID="P4_ST01427" HPOS="1587" VPOS="2306" WIDTH="34" HEIGHT="27" CONTENT="to" WC="1.00" CC="00" STYLEREFS="TXT_6"/>
							<SP ID="P4_SP01130" HPOS="1621" VPOS="2333" WIDTH="21"/>
							<String ID="P4_ST01428" HPOS="1642" VPOS="2304" WIDTH="40" HEIGHT="29" CONTENT="45" WC="0.89" CC="21" STYLEREFS="TXT_6"/>
							<SP ID="P4_SP01131" HPOS="1682" VPOS="2333" WIDTH="12"/>
							<String ID="P4_ST01429" HPOS="1694" VPOS="2304" WIDTH="104" HEIGHT="31" CONTENT="inches" WC="0.91" CC="010500" STYLEREFS="TXT_6"/>
							<SP ID="P4_SP01132" HPOS="1798" VPOS="2335" WIDTH="21"/>
							<String ID="P4_ST01430" HPOS="1819" VPOS="2307" WIDTH="86" HEIGHT="40" CONTENT="deep." WC="0.99" CC="00001" STYLEREFS="TXT_6"/>
						</TextLine>
						<TextLine ID="P4_TL00282" HPOS="1207" VPOS="2379" WIDTH="1071" HEIGHT="120">
							<String ID="P4_ST01431" HPOS="1207" VPOS="2379" WIDTH="427" HEIGHT="90" CONTENT="Buttons" WC="0.95" CC="1100011" STYLEREFS="TXT_26"/>
							<SP ID="P4_SP01133" HPOS="1634" VPOS="2469" WIDTH="23"/>
							<String ID="P4_ST01432" HPOS="1657" VPOS="2385" WIDTH="119" HEIGHT="86" CONTENT="Id" WC="0.98" CC="01" STYLEREFS="TXT_26"/>
							<SP ID="P4_SP01134" HPOS="1776" VPOS="2471" WIDTH="54"/>
							<String ID="P4_ST01433" HPOS="1830" VPOS="2416" WIDTH="174" HEIGHT="83" CONTENT="per" WC="0.93" CC="201" STYLEREFS="TXT_26"/>
							<SP ID="P4_SP01135" HPOS="2004" VPOS="2499" WIDTH="39"/>
							<String ID="P4_ST01434" HPOS="2043" VPOS="2394" WIDTH="235" HEIGHT="88" CONTENT="card" WC="0.97" CC="1110" STYLEREFS="TXT_26"/>
						</TextLine>
						<TextLine ID="P4_TL00283" HPOS="1165" VPOS="2561" WIDTH="1145" HEIGHT="42">
							<String ID="P4_ST01435" HPOS="1165" VPOS="2564" WIDTH="81" HEIGHT="25" CONTENT="THE" WC="0.64" CC="911"/>
							<SP ID="P4_SP01136" HPOS="1246" VPOS="2589" WIDTH="19"/>
							<String ID="P4_ST01436" HPOS="1265" VPOS="2563" WIDTH="114" HEIGHT="33" CONTENT="question" WC="0.90" CC="33111000"/>
							<SP ID="P4_SP01137" HPOS="1379" VPOS="2596" WIDTH="11"/>
							<String ID="P4_ST01437" HPOS="1390" VPOS="2562" WIDTH="22" HEIGHT="25" CONTENT="is" WC="0.98" CC="01"/>
							<SP ID="P4_SP01138" HPOS="1412" VPOS="2596" WIDTH="11"/>
							<String ID="P4_ST01438" HPOS="1423" VPOS="2561" WIDTH="99" HEIGHT="26" CONTENT="natural" WC="0.96" CC="2011000"/>
							<String ID="P4_ST01439" HPOS="1522" VPOS="2576" WIDTH="34" HEIGHT="5" CONTENT="—" WC="1.00" CC="0"/>
							<String ID="P4_ST01440" HPOS="1557" VPOS="2561" WIDTH="90" HEIGHT="33" CONTENT='"Why' WC="0.72" CC="6311"/>
							<SP ID="P4_SP01139" HPOS="1647" VPOS="2596" WIDTH="11"/>
							<String ID="P4_ST01441" HPOS="1658" VPOS="2562" WIDTH="61" HEIGHT="25" CONTENT="send" WC="0.94" CC="1111"/>
							<SP ID="P4_SP01140" HPOS="1719" VPOS="2596" WIDTH="14"/>
							<String ID="P4_ST01442" HPOS="1733" VPOS="2564" WIDTH="27" HEIGHT="24" CONTENT="to" WC="1.00" CC="00"/>
							<SP ID="P4_SP01141" HPOS="1760" VPOS="2596" WIDTH="11"/>
							<String ID="P4_ST01443" HPOS="1771" VPOS="2563" WIDTH="177" HEIGHT="26" CONTENT="Christchurch" WC="0.96" CC="110010021001"/>
							<SP ID="P4_SP01142" HPOS="1948" VPOS="2596" WIDTH="20"/>
							<String ID="P4_ST01444" HPOS="1968" VPOS="2565" WIDTH="39" HEIGHT="26" CONTENT="for" WC="0.97" CC="001"/>
							<SP ID="P4_SP01143" HPOS="2007" VPOS="2596" WIDTH="16"/>
							<String ID="P4_ST01445" HPOS="2023" VPOS="2574" WIDTH="62" HEIGHT="25" CONTENT="your" WC="0.95" CC="1010"/>
							<SP ID="P4_SP01144" HPOS="2085" VPOS="2599" WIDTH="17"/>
							<String ID="P4_ST01446" HPOS="2102" VPOS="2568" WIDTH="130" HEIGHT="35" CONTENT="Drapery?" WC="0.93" CC="20100112"/>
							<SP ID="P4_SP01145" HPOS="2232" VPOS="2603" WIDTH="33"/>
							<String ID="P4_ST01447" HPOS="2265" VPOS="2571" WIDTH="45" HEIGHT="27" CONTENT="The" WC="0.89" CC="121"/>
						</TextLine>
						<TextLine ID="P4_TL00284" HPOS="1172" VPOS="2589" WIDTH="1138" HEIGHT="47">
							<String ID="P4_ST01448" HPOS="1172" VPOS="2589" WIDTH="21" HEIGHT="33" CONTENT="1" WC="0.93" CC="1"/>
							<SP ID="P4_SP01146" HPOS="1193" VPOS="2622" WIDTH="37"/>
							<String ID="P4_ST01449" HPOS="1230" VPOS="2598" WIDTH="102" HEIGHT="31" CONTENT="drapery" WC="0.96" CC="1011111"/>
							<SP ID="P4_SP01147" HPOS="1332" VPOS="2629" WIDTH="12"/>
							<String ID="P4_ST01450" HPOS="1344" VPOS="2596" WIDTH="54" HEIGHT="26" CONTENT="sold" WC="0.99" CC="0001"/>
							<SP ID="P4_SP01148" HPOS="1398" VPOS="2629" WIDTH="7"/>
							<String ID="P4_ST01451" HPOS="1405" VPOS="2596" WIDTH="27" HEIGHT="24" CONTENT="m" WC="0.98" CC="0"/>
							<SP ID="P4_SP01149" HPOS="1432" VPOS="2629" WIDTH="8"/>
							<String ID="P4_ST01452" HPOS="1440" VPOS="2595" WIDTH="57" HEIGHT="25" CONTENT="that" WC="0.94" CC="1111"/>
							<SP ID="P4_SP01150" HPOS="1497" VPOS="2629" WIDTH="11"/>
							<String ID="P4_ST01453" HPOS="1508" VPOS="2595" WIDTH="50" HEIGHT="32" CONTENT="city" WC="0.99" CC="0001"/>
							<SP ID="P4_SP01151" HPOS="1558" VPOS="2629" WIDTH="11"/>
							<String ID="P4_ST01454" HPOS="1569" VPOS="2603" WIDTH="73" HEIGHT="24" CONTENT="every" WC="0.93" CC="02111"/>
							<SP ID="P4_SP01152" HPOS="1642" VPOS="2629" WIDTH="11"/>
							<String ID="P4_ST01455" HPOS="1653" VPOS="2603" WIDTH="45" HEIGHT="19" CONTENT="one" WC="1.00" CC="000"/>
							<SP ID="P4_SP01153" HPOS="1698" VPOS="2629" WIDTH="12"/>
							<String ID="P4_ST01456" HPOS="1710" VPOS="2596" WIDTH="94" HEIGHT="30" CONTENT="knows," WC="0.97" CC="000111"/>
							<SP ID="P4_SP01154" HPOS="1804" VPOS="2629" WIDTH="12"/>
							<String ID="P4_ST01457" HPOS="1816" VPOS="2597" WIDTH="23" HEIGHT="25" CONTENT="is" WC="0.94" CC="01"/>
							<SP ID="P4_SP01155" HPOS="1839" VPOS="2629" WIDTH="10"/>
							<String ID="P4_ST01458" HPOS="1849" VPOS="2599" WIDTH="46" HEIGHT="24" CONTENT="not" WC="0.96" CC="101"/>
							<SP ID="P4_SP01156" HPOS="1895" VPOS="2629" WIDTH="10"/>
							<String ID="P4_ST01459" HPOS="1905" VPOS="2599" WIDTH="73" HEIGHT="25" CONTENT="made" WC="0.94" CC="1110"/>
							<SP ID="P4_SP01157" HPOS="1978" VPOS="2629" WIDTH="10"/>
							<String ID="P4_ST01460" HPOS="1988" VPOS="2599" WIDTH="77" HEIGHT="30" CONTENT="there," WC="0.95" CC="110101"/>
							<SP ID="P4_SP01158" HPOS="2065" VPOS="2629" WIDTH="19"/>
							<String ID="P4_ST01461" HPOS="2084" VPOS="2599" WIDTH="46" HEIGHT="28" CONTENT="but" WC="0.93" CC="011"/>
							<SP ID="P4_SP01159" HPOS="2130" VPOS="2629" WIDTH="10"/>
							<String ID="P4_ST01462" HPOS="2140" VPOS="2602" WIDTH="129" HEIGHT="34" CONTENT="imported." WC="0.94" CC="011012121"/>
							<SP ID="P4_SP01160" HPOS="2269" VPOS="2636" WIDTH="34"/>
							<String ID="P4_ST01463" HPOS="2303" VPOS="2606" WIDTH="7" HEIGHT="25" CONTENT="I" WC="1.00" CC="0"/>
						</TextLine>
						<TextLine ID="P4_TL00285" HPOS="1166" VPOS="2627" WIDTH="1144" HEIGHT="40">
							<String ID="P4_ST01464" HPOS="1166" VPOS="2632" WIDTH="93" HEIGHT="31" CONTENT="import" WC="0.98" CC="000001"/>
							<SP ID="P4_SP01161" HPOS="1259" VPOS="2663" WIDTH="11"/>
							<String ID="P4_ST01465" HPOS="1270" VPOS="2631" WIDTH="65" HEIGHT="24" CONTENT="from" WC="0.88" CC="1400"/>
							<SP ID="P4_SP01162" HPOS="1335" VPOS="2663" WIDTH="11"/>
							<String ID="P4_ST01466" HPOS="1346" VPOS="2629" WIDTH="44" HEIGHT="26" CONTENT="the" WC="0.95" CC="020"/>
							<SP ID="P4_SP01163" HPOS="1390" VPOS="2663" WIDTH="11"/>
							<String ID="P4_ST01467" HPOS="1401" VPOS="2629" WIDTH="53" HEIGHT="24" CONTENT="best" WC="0.98" CC="0011"/>
							<SP ID="P4_SP01164" HPOS="1454" VPOS="2663" WIDTH="11"/>
							<String ID="P4_ST01468" HPOS="1465" VPOS="2627" WIDTH="107" HEIGHT="33" CONTENT="English" WC="0.97" CC="0110011"/>
							<SP ID="P4_SP01165" HPOS="1572" VPOS="2663" WIDTH="11"/>
							<String ID="P4_ST01469" HPOS="1583" VPOS="2629" WIDTH="50" HEIGHT="24" CONTENT="and" WC="0.95" CC="011"/>
							<SP ID="P4_SP01166" HPOS="1633" VPOS="2663" WIDTH="17"/>
							<String ID="P4_ST01470" HPOS="1650" VPOS="2629" WIDTH="88" HEIGHT="25" CONTENT="Scotch" WC="0.98" CC="100001"/>
							<SP ID="P4_SP01167" HPOS="1738" VPOS="2663" WIDTH="12"/>
							<String ID="P4_ST01471" HPOS="1750" VPOS="2629" WIDTH="99" HEIGHT="26" CONTENT="houses." WC="0.98" CC="1001010"/>
							<SP ID="P4_SP01168" HPOS="1849" VPOS="2663" WIDTH="46"/>
							<String ID="P4_ST01472" HPOS="1895" VPOS="2631" WIDTH="71" HEIGHT="26" CONTENT="lam" WC="1.00" CC="001"/>
							<SP ID="P4_SP01169" HPOS="1966" VPOS="2663" WIDTH="12"/>
							<String ID="P4_ST01473" HPOS="1978" VPOS="2632" WIDTH="104" HEIGHT="27" CONTENT="enabled" WC="0.98" CC="1011000"/>
							<SP ID="P4_SP01170" HPOS="2082" VPOS="2663" WIDTH="11"/>
							<String ID="P4_ST01474" HPOS="2093" VPOS="2636" WIDTH="26" HEIGHT="24" CONTENT="to" WC="0.98" CC="10"/>
							<SP ID="P4_SP01171" HPOS="2119" VPOS="2663" WIDTH="10"/>
							<String ID="P4_ST01475" HPOS="2129" VPOS="2638" WIDTH="123" HEIGHT="29" CONTENT="purchase" WC="0.98" CC="01001010"/>
							<SP ID="P4_SP01172" HPOS="2252" VPOS="2667" WIDTH="16"/>
							<String ID="P4_ST01476" HPOS="2268" VPOS="2639" WIDTH="42" HEIGHT="25" CONTENT="low" WC="0.62" CC="209"/>
						</TextLine>
						<TextLine ID="P4_TL00286" HPOS="1166" VPOS="2661" WIDTH="1144" HEIGHT="36">
							<String ID="P4_ST01477" HPOS="1166" VPOS="2666" WIDTH="50" HEIGHT="24" CONTENT="and" WC="0.97" CC="011"/>
							<SP ID="P4_SP01173" HPOS="1216" VPOS="2690" WIDTH="9"/>
							<String ID="P4_ST01478" HPOS="1225" VPOS="2664" WIDTH="46" HEIGHT="26" CONTENT="sell" WC="0.99" CC="1000"/>
							<SP ID="P4_SP01174" HPOS="1271" VPOS="2690" WIDTH="11"/>
							<String ID="P4_ST01479" HPOS="1282" VPOS="2665" WIDTH="27" HEIGHT="23" CONTENT="at" WC="0.98" CC="01"/>
							<SP ID="P4_SP01175" HPOS="1309" VPOS="2690" WIDTH="8"/>
							<String ID="P4_ST01480" HPOS="1317" VPOS="2671" WIDTH="15" HEIGHT="17" CONTENT="a" WC="0.96" CC="1"/>
							<SP ID="P4_SP01176" HPOS="1332" VPOS="2690" WIDTH="11"/>
							<String ID="P4_ST01481" HPOS="1343" VPOS="2664" WIDTH="54" HEIGHT="24" CONTENT="rate" WC="1.00" CC="0000"/>
							<SP ID="P4_SP01177" HPOS="1397" VPOS="2690" WIDTH="11"/>
							<String ID="P4_ST01482" HPOS="1408" VPOS="2661" WIDTH="27" HEIGHT="25" CONTENT="of" WC="0.93" CC="02"/>
							<SP ID="P4_SP01178" HPOS="1435" VPOS="2690" WIDTH="8"/>
							<String ID="P4_ST01483" HPOS="1443" VPOS="2661" WIDTH="74" HEIGHT="32" CONTENT="profit" WC="0.94" CC="100111"/>
							<SP ID="P4_SP01179" HPOS="1517" VPOS="2693" WIDTH="12"/>
							<String ID="P4_ST01484" HPOS="1529" VPOS="2662" WIDTH="54" HEIGHT="32" CONTENT="(my" WC="0.96" CC="001"/>
							<SP ID="P4_SP01180" HPOS="1583" VPOS="2694" WIDTH="10"/>
							<String ID="P4_ST01485" HPOS="1593" VPOS="2670" WIDTH="119" HEIGHT="23" CONTENT="expences" WC="0.97" CC="11001001"/>
							<SP ID="P4_SP01181" HPOS="1712" VPOS="2694" WIDTH="10"/>
							<String ID="P4_ST01486" HPOS="1722" VPOS="2662" WIDTH="74" HEIGHT="33" CONTENT="being" WC="0.96" CC="10011"/>
							<SP ID="P4_SP01182" HPOS="1796" VPOS="2695" WIDTH="11"/>
							<String ID="P4_ST01487" HPOS="1807" VPOS="2664" WIDTH="84" HEIGHT="32" CONTENT="small)" WC="0.97" CC="111000"/>
							<SP ID="P4_SP01183" HPOS="1891" VPOS="2696" WIDTH="11"/>
							<String ID="P4_ST01488" HPOS="1902" VPOS="2664" WIDTH="57" HEIGHT="27" CONTENT="that" WC="0.97" CC="1011"/>
							<SP ID="P4_SP01184" HPOS="1959" VPOS="2696" WIDTH="11"/>
							<String ID="P4_ST01489" HPOS="1970" VPOS="2666" WIDTH="82" HEIGHT="26" CONTENT="would" WC="0.92" CC="30101"/>
							<SP ID="P4_SP01185" HPOS="2052" VPOS="2696" WIDTH="11"/>
							<String ID="P4_ST01490" HPOS="2063" VPOS="2667" WIDTH="30" HEIGHT="26" CONTENT="be" WC="0.98" CC="10"/>
							<SP ID="P4_SP01186" HPOS="2093" VPOS="2696" WIDTH="18"/>
							<String ID="P4_ST01491" HPOS="2111" VPOS="2670" WIDTH="144" HEIGHT="26" CONTENT="considered" WC="0.99" CC="0001000001"/>
							<SP ID="P4_SP01187" HPOS="2255" VPOS="2696" WIDTH="19"/>
							<String ID="P4_ST01492" HPOS="2274" VPOS="2672" WIDTH="36" HEIGHT="25" CONTENT="ab-" WC="0.99" CC="001"/>
						</TextLine>
						<TextLine ID="P4_TL00287" HPOS="1166" VPOS="2694" WIDTH="1144" HEIGHT="39">
							<String ID="P4_ST01493" HPOS="1166" VPOS="2698" WIDTH="58" HEIGHT="24" CONTENT="surd" WC="0.94" CC="1101"/>
							<SP ID="P4_SP01188" HPOS="1224" VPOS="2722" WIDTH="12"/>
							<String ID="P4_ST01494" HPOS="1236" VPOS="2698" WIDTH="45" HEIGHT="30" CONTENT="by," WC="0.96" CC="001"/>
							<String ID="P4_ST01495" HPOS="1284" VPOS="2704" WIDTH="48" HEIGHT="23" CONTENT="any" WC="0.95" CC="111"/>
							<SP ID="P4_SP01189" HPOS="1332" VPOS="2728" WIDTH="20"/>
							<String ID="P4_ST01496" HPOS="1352" VPOS="2694" WIDTH="178" HEIGHT="26" CONTENT="Christchurch" WC="0.98" CC="010001001010"/>
							<SP ID="P4_SP01190" HPOS="1530" VPOS="2728" WIDTH="22"/>
							<String ID="P4_ST01497" HPOS="1552" VPOS="2695" WIDTH="198" HEIGHT="25" CONTENT="establishment." WC="0.98" CC="01000001100010"/>
							<SP ID="P4_SP01191" HPOS="1750" VPOS="2728" WIDTH="53"/>
							<String ID="P4_ST01498" HPOS="1803" VPOS="2696" WIDTH="45" HEIGHT="32" CONTENT="My" WC="0.96" CC="01"/>
							<SP ID="P4_SP01192" HPOS="1848" VPOS="2728" WIDTH="20"/>
							<String ID="P4_ST01499" HPOS="1868" VPOS="2697" WIDTH="77" HEIGHT="25" CONTENT="Stock" WC="0.98" CC="10000"/>
							<SP ID="P4_SP01193" HPOS="1945" VPOS="2728" WIDTH="19"/>
							<String ID="P4_ST01500" HPOS="1964" VPOS="2699" WIDTH="21" HEIGHT="24" CONTENT="is" WC="0.94" CC="11"/>
							<SP ID="P4_SP01194" HPOS="1985" VPOS="2728" WIDTH="19"/>
							<String ID="P4_ST01501" HPOS="2004" VPOS="2699" WIDTH="43" HEIGHT="24" CONTENT="the" WC="1.00" CC="000"/>
							<SP ID="P4_SP01195" HPOS="2047" VPOS="2728" WIDTH="19"/>
							<String ID="P4_ST01502" HPOS="2066" VPOS="2700" WIDTH="94" HEIGHT="33" CONTENT="largest" WC="0.95" CC="1011111"/>
							<SP ID="P4_SP01196" HPOS="2160" VPOS="2733" WIDTH="17"/>
							<String ID="P4_ST01503" HPOS="2177" VPOS="2704" WIDTH="51" HEIGHT="24" CONTENT="and" WC="0.96" CC="101"/>
							<SP ID="P4_SP01197" HPOS="2228" VPOS="2733" WIDTH="21"/>
							<String ID="P4_ST01504" HPOS="2249" VPOS="2707" WIDTH="61" HEIGHT="23" CONTENT="most" WC="0.96" CC="1010"/>
						</TextLine>
						<TextLine ID="P4_TL00288" HPOS="1165" VPOS="2726" WIDTH="1145" HEIGHT="42">
							<String ID="P4_ST01505" HPOS="1165" VPOS="2731" WIDTH="95" HEIGHT="25" CONTENT="tvaried" WC="0.94" CC="1111110"/>
							<SP ID="P4_SP01198" HPOS="1260" VPOS="2756" WIDTH="10"/>
							<String ID="P4_ST01506" HPOS="1270" VPOS="2730" WIDTH="56" HEIGHT="25" CONTENT="that" WC="0.96" CC="1100"/>
							<SP ID="P4_SP01199" HPOS="1326" VPOS="2756" WIDTH="10"/>
							<String ID="P4_ST01507" HPOS="1336" VPOS="2729" WIDTH="46" HEIGHT="24" CONTENT="has" WC="0.89" CC="121"/>
							<SP ID="P4_SP01200" HPOS="1382" VPOS="2756" WIDTH="11"/>
							<String ID="P4_ST01508" HPOS="1393" VPOS="2736" WIDTH="57" HEIGHT="17" CONTENT="ever" WC="0.98" CC="0101"/>
							<SP ID="P4_SP01201" HPOS="1450" VPOS="2756" WIDTH="9"/>
							<String ID="P4_ST01509" HPOS="1459" VPOS="2728" WIDTH="63" HEIGHT="24" CONTENT="been" WC="0.96" CC="0101"/>
							<SP ID="P4_SP01202" HPOS="1522" VPOS="2756" WIDTH="10"/>
							<String ID="P4_ST01510" HPOS="1532" VPOS="2726" WIDTH="87" HEIGHT="26" CONTENT="shown" WC="0.95" CC="11010"/>
							<SP ID="P4_SP01203" HPOS="1619" VPOS="2756" WIDTH="10"/>
							<String ID="P4_ST01511" HPOS="1629" VPOS="2727" WIDTH="28" HEIGHT="25" CONTENT="m" WC="0.98" CC="0"/>
							<SP ID="P4_SP01204" HPOS="1657" VPOS="2756" WIDTH="11"/>
							<String ID="P4_ST01512" HPOS="1668" VPOS="2727" WIDTH="44" HEIGHT="26" CONTENT="the" WC="0.94" CC="210"/>
							<SP ID="P4_SP01205" HPOS="1712" VPOS="2756" WIDTH="10"/>
							<String ID="P4_ST01513" HPOS="1722" VPOS="2728" WIDTH="103" HEIGHT="30" CONTENT="district," WC="0.93" CC="011201011"/>
							<SP ID="P4_SP01206" HPOS="1825" VPOS="2758" WIDTH="13"/>
							<String ID="P4_ST01514" HPOS="1838" VPOS="2729" WIDTH="50" HEIGHT="25" CONTENT="and" WC="0.96" CC="011"/>
							<SP ID="P4_SP01207" HPOS="1888" VPOS="2758" WIDTH="10"/>
							<String ID="P4_ST01515" HPOS="1898" VPOS="2730" WIDTH="40" HEIGHT="25" CONTENT="for" WC="0.97" CC="001"/>
							<SP ID="P4_SP01208" HPOS="1938" VPOS="2758" WIDTH="9"/>
							<String ID="P4_ST01516" HPOS="1947" VPOS="2731" WIDTH="93" HEIGHT="31" CONTENT="quality" WC="0.92" CC="1210021"/>
							<SP ID="P4_SP01209" HPOS="2040" VPOS="2762" WIDTH="18"/>
							<String ID="P4_ST01517" HPOS="2058" VPOS="2734" WIDTH="50" HEIGHT="24" CONTENT="and" WC="0.86" CC="221"/>
							<SP ID="P4_SP01210" HPOS="2108" VPOS="2762" WIDTH="19"/>
							<String ID="P4_ST01518" HPOS="2127" VPOS="2734" WIDTH="71" HEIGHT="26" CONTENT="value" WC="0.95" CC="10110"/>
							<SP ID="P4_SP01211" HPOS="2198" VPOS="2762" WIDTH="16"/>
							<String ID="P4_ST01519" HPOS="2214" VPOS="2739" WIDTH="60" HEIGHT="29" CONTENT="puts" WC="0.97" CC="0011"/>
							<SP ID="P4_SP01212" HPOS="2274" VPOS="2768" WIDTH="15"/>
							<String ID="P4_ST01520" HPOS="2289" VPOS="2739" WIDTH="21" HEIGHT="24" CONTENT="m" WC="0.89" CC="2"/>
						</TextLine>
						<TextLine ID="P4_TL00289" HPOS="1165" VPOS="2760" WIDTH="1084" HEIGHT="39">
							<String ID="P4_ST01521" HPOS="1165" VPOS="2765" WIDTH="32" HEIGHT="23" CONTENT="he" WC="0.96" CC="10"/>
							<SP ID="P4_SP01213" HPOS="1197" VPOS="2788" WIDTH="11"/>
							<String ID="P4_ST01522" HPOS="1208" VPOS="2763" WIDTH="77" HEIGHT="25" CONTENT="shade" WC="0.98" CC="10010"/>
							<SP ID="P4_SP01214" HPOS="1285" VPOS="2788" WIDTH="17"/>
							<String ID="P4_ST01523" HPOS="1302" VPOS="2761" WIDTH="76" HEIGHT="33" CONTENT="goods" WC="0.99" CC="00010"/>
							<SP ID="P4_SP01215" HPOS="1378" VPOS="2794" WIDTH="12"/>
							<String ID="P4_ST01524" HPOS="1390" VPOS="2760" WIDTH="91" HEIGHT="25" CONTENT="offered" WC="0.97" CC="0010011"/>
							<SP ID="P4_SP01216" HPOS="1481" VPOS="2794" WIDTH="11"/>
							<String ID="P4_ST01525" HPOS="1492" VPOS="2760" WIDTH="33" HEIGHT="31" CONTENT="by" WC="1.00" CC="00"/>
							<SP ID="P4_SP01217" HPOS="1525" VPOS="2794" WIDTH="11"/>
							<String ID="P4_ST01526" HPOS="1536" VPOS="2760" WIDTH="103" HEIGHT="31" CONTENT="visiting" WC="0.96" CC="10101010"/>
							<SP ID="P4_SP01218" HPOS="1639" VPOS="2794" WIDTH="10"/>
							<String ID="P4_ST01527" HPOS="1649" VPOS="2761" WIDTH="117" HEIGHT="25" CONTENT="hawkere" WC="0.97" CC="1110010"/>
							<SP ID="P4_SP01219" HPOS="1766" VPOS="2794" WIDTH="11"/>
							<String ID="P4_ST01528" HPOS="1777" VPOS="2762" WIDTH="63" HEIGHT="24" CONTENT="from" WC="0.83" CC="2402"/>
							<SP ID="P4_SP01220" HPOS="1840" VPOS="2794" WIDTH="11"/>
							<String ID="P4_ST01529" HPOS="1851" VPOS="2762" WIDTH="44" HEIGHT="25" CONTENT="the" WC="1.00" CC="000"/>
							<SP ID="P4_SP01221" HPOS="1895" VPOS="2794" WIDTH="17"/>
							<String ID="P4_ST01530" HPOS="1912" VPOS="2763" WIDTH="181" HEIGHT="28" CONTENT="Christchurch" WC="0.97" CC="010010111001"/>
							<SP ID="P4_SP01222" HPOS="2093" VPOS="2794" WIDTH="12"/>
							<String ID="P4_ST01531" HPOS="2105" VPOS="2775" WIDTH="45" HEIGHT="24" CONTENT="rag" WC="0.97" CC="011"/>
							<SP ID="P4_SP01223" HPOS="2150" VPOS="2799" WIDTH="11"/>
							<String ID="P4_ST01532" HPOS="2161" VPOS="2771" WIDTH="88" HEIGHT="23" CONTENT="marts." WC="0.97" CC="101110"/>
						</TextLine>
						<TextLine ID="P4_TL00290" HPOS="1198" VPOS="2813" WIDTH="867" HEIGHT="35">
							<String ID="P4_ST01533" HPOS="1198" VPOS="2815" WIDTH="94" HEIGHT="27" CONTENT="Dress" WC="0.97" CC="20000"/>
							<SP ID="P4_SP01224" HPOS="1292" VPOS="2842" WIDTH="11"/>
							<String ID="P4_ST01534" HPOS="1303" VPOS="2814" WIDTH="165" HEIGHT="32" CONTENT="Materials," WC="0.95" CC="1111101011"/>
							<SP ID="P4_SP01225" HPOS="1468" VPOS="2846" WIDTH="12"/>
							<String ID="P4_ST01535" HPOS="1480" VPOS="2813" WIDTH="87" HEIGHT="26" CONTENT="Plain" WC="0.98" CC="00110"/>
							<SP ID="P4_SP01226" HPOS="1567" VPOS="2846" WIDTH="12"/>
							<String ID="P4_ST01536" HPOS="1579" VPOS="2813" WIDTH="60" HEIGHT="26" CONTENT="and" WC="1.00" CC="000"/>
							<SP ID="P4_SP01227" HPOS="1639" VPOS="2846" WIDTH="10"/>
							<String ID="P4_ST01537" HPOS="1649" VPOS="2813" WIDTH="103" HEIGHT="33" CONTENT="Fancy" WC="0.98" CC="01001"/>
							<SP ID="P4_SP01228" HPOS="1752" VPOS="2846" WIDTH="11"/>
							<String ID="P4_ST01538" HPOS="1763" VPOS="2814" WIDTH="80" HEIGHT="26" CONTENT="from" WC="0.89" CC="2202"/>
							<SP ID="P4_SP01229" HPOS="1843" VPOS="2846" WIDTH="13"/>
							<String ID="P4_ST01539" HPOS="1856" VPOS="2814" WIDTH="50" HEIGHT="26" CONTENT="3d." WC="0.97" CC="011"/>
							<SP ID="P4_SP01230" HPOS="1906" VPOS="2846" WIDTH="12"/>
							<String ID="P4_ST01540" HPOS="1918" VPOS="2822" WIDTH="55" HEIGHT="25" CONTENT="per" WC="0.96" CC="011"/>
							<SP ID="P4_SP01231" HPOS="1973" VPOS="2847" WIDTH="8"/>
							<String ID="P4_ST01541" HPOS="1981" VPOS="2817" WIDTH="84" HEIGHT="31" CONTENT="yard." WC="0.94" CC="11101"/>
						</TextLine>
						<TextLine ID="P4_TL00291" HPOS="1191" VPOS="2858" WIDTH="3" HEIGHT="2">
							<String ID="P4_ST01542" HPOS="1191" VPOS="2858" WIDTH="3" HEIGHT="2" CONTENT="■" WC="1.00" CC="0" STYLEREFS="TXT_29"/>
						</TextLine>
						<TextLine ID="P4_TL00292" HPOS="1199" VPOS="2873" WIDTH="896" HEIGHT="35">
							<String ID="P4_ST01543" HPOS="1199" VPOS="2877" WIDTH="27" HEIGHT="25" CONTENT="A" WC="0.93" CC="1" STYLEREFS="TXT_30"/>
							<SP ID="P4_SP01232" HPOS="1226" VPOS="2902" WIDTH="17"/>
							<String ID="P4_ST01544" HPOS="1243" VPOS="2876" WIDTH="110" HEIGHT="30" CONTENT="Strong" WC="0.98" CC="100001" STYLEREFS="TXT_30"/>
							<SP ID="P4_SP01233" HPOS="1353" VPOS="2906" WIDTH="16"/>
							<String ID="P4_ST01545" HPOS="1369" VPOS="2876" WIDTH="87" HEIGHT="25" CONTENT="Stout" WC="0.97" CC="10011" STYLEREFS="TXT_30"/>
							<SP ID="P4_SP01234" HPOS="1456" VPOS="2906" WIDTH="14"/>
							<String ID="P4_ST01546" HPOS="1470" VPOS="2874" WIDTH="134" HEIGHT="26" CONTENT="Durable" WC="0.89" CC="2111401" STYLEREFS="TXT_30"/>
							<SP ID="P4_SP01235" HPOS="1604" VPOS="2906" WIDTH="15"/>
							<String ID="P4_ST01547" HPOS="1619" VPOS="2873" WIDTH="127" HEIGHT="33" CONTENT="Kaiapoi" WC="0.91" CC="4010001" STYLEREFS="TXT_30"/>
							<SP ID="P4_SP01236" HPOS="1746" VPOS="2906" WIDTH="15"/>
							<String ID="P4_ST01548" HPOS="1761" VPOS="2874" WIDTH="115" HEIGHT="26" CONTENT="Tweed" WC="0.96" CC="11010" STYLEREFS="TXT_30"/>
							<SP ID="P4_SP01237" HPOS="1876" VPOS="2906" WIDTH="15"/>
							<String ID="P4_ST01549" HPOS="1891" VPOS="2876" WIDTH="52" HEIGHT="31" CONTENT="2/6" WC="0.95" CC="011" STYLEREFS="TXT_30"/>
							<SP ID="P4_SP01238" HPOS="1943" VPOS="2907" WIDTH="11"/>
							<String ID="P4_ST01550" HPOS="1954" VPOS="2883" WIDTH="55" HEIGHT="24" CONTENT="per" WC="0.99" CC="001" STYLEREFS="TXT_30"/>
							<SP ID="P4_SP01239" HPOS="2009" VPOS="2907" WIDTH="10"/>
							<String ID="P4_ST01551" HPOS="2019" VPOS="2879" WIDTH="76" HEIGHT="29" CONTENT="yard" WC="0.98" CC="1001" STYLEREFS="TXT_30"/>
						</TextLine>
						<TextLine ID="P4_TL00293" HPOS="1793" VPOS="2918" WIDTH="489" HEIGHT="36">
							<String ID="P4_ST01552" HPOS="1793" VPOS="2918" WIDTH="108" HEIGHT="26" CONTENT="Makes" WC="0.98" CC="10100" STYLEREFS="TXT_30"/>
							<SP ID="P4_SP01240" HPOS="1901" VPOS="2944" WIDTH="11"/>
							<String ID="P4_ST01553" HPOS="1912" VPOS="2920" WIDTH="155" HEIGHT="27" CONTENT="first-class" WC="0.91" CC="44000100110" STYLEREFS="TXT_30"/>
							<SP ID="P4_SP01241" HPOS="2067" VPOS="2947" WIDTH="16"/>
							<String ID="P4_ST01554" HPOS="2083" VPOS="2921" WIDTH="90" HEIGHT="33" CONTENT="Boys'" WC="0.96" CC="00111" STYLEREFS="TXT_30"/>
							<SP ID="P4_SP01242" HPOS="2173" VPOS="2954" WIDTH="19"/>
							<String ID="P4_ST01555" HPOS="2192" VPOS="2923" WIDTH="90" HEIGHT="27" CONTENT="Suits." WC="0.98" CC="000101" STYLEREFS="TXT_30"/>
						</TextLine>
						<TextLine ID="P4_TL00294" HPOS="1199" VPOS="2966" WIDTH="713" HEIGHT="34">
							<String ID="P4_ST01556" HPOS="1199" VPOS="2970" WIDTH="57" HEIGHT="26" CONTENT="Art" WC="0.99" CC="010" STYLEREFS="TXT_30"/>
							<SP ID="P4_SP01243" HPOS="1256" VPOS="2996" WIDTH="16"/>
							<String ID="P4_ST01557" HPOS="1272" VPOS="2968" WIDTH="139" HEIGHT="31" CONTENT="Muslins," WC="0.98" CC="01001011" STYLEREFS="TXT_30"/>
							<SP ID="P4_SP01244" HPOS="1411" VPOS="2999" WIDTH="19"/>
							<String ID="P4_ST01558" HPOS="1430" VPOS="2966" WIDTH="156" HEIGHT="34" CONTENT="Cretones," WC="0.98" CC="001000101" STYLEREFS="TXT_30"/>
							<SP ID="P4_SP01245" HPOS="1586" VPOS="3000" WIDTH="18"/>
							<String ID="P4_ST01559" HPOS="1604" VPOS="2967" WIDTH="80" HEIGHT="26" CONTENT="Lace" WC="0.91" CC="2111" STYLEREFS="TXT_30"/>
							<SP ID="P4_SP01246" HPOS="1684" VPOS="3000" WIDTH="18"/>
							<String ID="P4_ST01560" HPOS="1702" VPOS="2968" WIDTH="139" HEIGHT="26" CONTENT="Curtains" WC="0.97" CC="01101011" STYLEREFS="TXT_30"/>
							<SP ID="P4_SP01247" HPOS="1841" VPOS="3000" WIDTH="17"/>
							<String ID="P4_ST01561" HPOS="1858" VPOS="2968" WIDTH="54" HEIGHT="26" CONTENT="&amp;c." WC="0.95" CC="101" STYLEREFS="TXT_30"/>
						</TextLine>
						<TextLine ID="P4_TL00295" HPOS="1199" VPOS="3038" WIDTH="1049" HEIGHT="33">
							<String ID="P4_ST01562" HPOS="1199" VPOS="3045" WIDTH="26" HEIGHT="26" CONTENT="A" WC="0.26" CC="7" STYLEREFS="TXT_30"/>
							<SP ID="P4_SP01248" HPOS="1225" VPOS="3071" WIDTH="17"/>
							<String ID="P4_ST01563" HPOS="1242" VPOS="3039" WIDTH="110" HEIGHT="26" CONTENT="Choice" WC="0.91" CC="050101" STYLEREFS="TXT_30"/>
							<SP ID="P4_SP01249" HPOS="1352" VPOS="3071" WIDTH="17"/>
							<String ID="P4_ST01564" HPOS="1369" VPOS="3038" WIDTH="166" HEIGHT="26" CONTENT="Collection" WC="1.00" CC="0000000000" STYLEREFS="TXT_30"/>
							<SP ID="P4_SP01250" HPOS="1535" VPOS="3071" WIDTH="18"/>
							<String ID="P4_ST01565" HPOS="1553" VPOS="3039" WIDTH="33" HEIGHT="24" CONTENT="of" WC="0.94" CC="01" STYLEREFS="TXT_30"/>
							<SP ID="P4_SP01251" HPOS="1586" VPOS="3071" WIDTH="14"/>
							<String ID="P4_ST01566" HPOS="1600" VPOS="3038" WIDTH="120" HEIGHT="32" CONTENT="Gloves," WC="0.96" CC="0002011" STYLEREFS="TXT_30"/>
							<SP ID="P4_SP01252" HPOS="1720" VPOS="3071" WIDTH="26"/>
							<String ID="P4_ST01567" HPOS="1746" VPOS="3038" WIDTH="78" HEIGHT="32" CONTENT="Ties," WC="0.96" CC="01001" STYLEREFS="TXT_30"/>
							<SP ID="P4_SP01253" HPOS="1824" VPOS="3071" WIDTH="29"/>
							<String ID="P4_ST01568" HPOS="1853" VPOS="3038" WIDTH="129" HEIGHT="33" CONTENT="Aprons," WC="0.98" CC="0000002" STYLEREFS="TXT_30"/>
							<SP ID="P4_SP01254" HPOS="1982" VPOS="3071" WIDTH="29"/>
							<String ID="P4_ST01569" HPOS="2011" VPOS="3039" WIDTH="166" HEIGHT="28" CONTENT="Insertions" WC="0.99" CC="0100000001" STYLEREFS="TXT_30"/>
							<SP ID="P4_SP01255" HPOS="2177" VPOS="3071" WIDTH="17"/>
							<String ID="P4_ST01570" HPOS="2194" VPOS="3042" WIDTH="54" HEIGHT="26" CONTENT="&amp;c." WC="0.94" CC="201" STYLEREFS="TXT_30"/>
						</TextLine>
						<TextLine ID="P4_TL00296" HPOS="1200" VPOS="3088" WIDTH="877" HEIGHT="33">
							<String ID="P4_ST01571" HPOS="1200" VPOS="3090" WIDTH="119" HEIGHT="31" CONTENT="Striped" WC="0.98" CC="0000011" STYLEREFS="TXT_30"/>
							<SP ID="P4_SP01256" HPOS="1319" VPOS="3121" WIDTH="17"/>
							<String ID="P4_ST01572" HPOS="1336" VPOS="3088" WIDTH="123" HEIGHT="26" CONTENT="Galatea" WC="0.99" CC="0000010" STYLEREFS="TXT_30"/>
							<SP ID="P4_SP01257" HPOS="1459" VPOS="3121" WIDTH="17"/>
							<String ID="P4_ST01573" HPOS="1476" VPOS="3088" WIDTH="55" HEIGHT="33" CONTENT="4/6" WC="0.97" CC="101" STYLEREFS="TXT_30"/>
							<SP ID="P4_SP01258" HPOS="1531" VPOS="3121" WIDTH="11"/>
							<String ID="P4_ST01574" HPOS="1542" VPOS="3095" WIDTH="54" HEIGHT="25" CONTENT="per" WC="0.99" CC="100" STYLEREFS="TXT_30"/>
							<SP ID="P4_SP01259" HPOS="1596" VPOS="3121" WIDTH="11"/>
							<String ID="P4_ST01575" HPOS="1607" VPOS="3089" WIDTH="106" HEIGHT="32" CONTENT="dozen," WC="0.94" CC="002011" STYLEREFS="TXT_30"/>
							<SP ID="P4_SP01260" HPOS="1713" VPOS="3121" WIDTH="30"/>
							<String ID="P4_ST01576" HPOS="1743" VPOS="3090" WIDTH="101" HEIGHT="24" CONTENT="worth" WC="0.96" CC="00102" STYLEREFS="TXT_30"/>
							<SP ID="P4_SP01261" HPOS="1844" VPOS="3121" WIDTH="11"/>
							<String ID="P4_ST01577" HPOS="1855" VPOS="3090" WIDTH="50" HEIGHT="25" CONTENT="9d." WC="0.96" CC="111" STYLEREFS="TXT_30"/>
							<SP ID="P4_SP01262" HPOS="1905" VPOS="3121" WIDTH="17"/>
							<String ID="P4_ST01578" HPOS="1922" VPOS="3097" WIDTH="56" HEIGHT="24" CONTENT="per" WC="0.97" CC="101" STYLEREFS="TXT_30"/>
							<SP ID="P4_SP01263" HPOS="1978" VPOS="3121" WIDTH="16"/>
							<String ID="P4_ST01579" HPOS="1994" VPOS="3091" WIDTH="83" HEIGHT="30" CONTENT="yard." WC="0.93" CC="11102" STYLEREFS="TXT_30"/>
						</TextLine>
						<TextLine ID="P4_TL00297" HPOS="1199" VPOS="3148" WIDTH="927" HEIGHT="34">
							<String ID="P4_ST01580" HPOS="1199" VPOS="3150" WIDTH="102" HEIGHT="27" CONTENT="Prints" WC="1.00" CC="000000" STYLEREFS="TXT_30"/>
							<SP ID="P4_SP01264" HPOS="1301" VPOS="3177" WIDTH="12"/>
							<String ID="P4_ST01581" HPOS="1313" VPOS="3150" WIDTH="79" HEIGHT="25" CONTENT="from" WC="0.94" CC="1002" STYLEREFS="TXT_30"/>
							<SP ID="P4_SP01265" HPOS="1392" VPOS="3177" WIDTH="12"/>
							<String ID="P4_ST01582" HPOS="1404" VPOS="3149" WIDTH="52" HEIGHT="25" CONTENT="4d." WC="0.95" CC="200" STYLEREFS="TXT_30"/>
							<SP ID="P4_SP01266" HPOS="1456" VPOS="3177" WIDTH="12"/>
							<String ID="P4_ST01583" HPOS="1468" VPOS="3154" WIDTH="54" HEIGHT="26" CONTENT="per" WC="0.99" CC="001" STYLEREFS="TXT_30"/>
							<SP ID="P4_SP01267" HPOS="1522" VPOS="3180" WIDTH="10"/>
							<String ID="P4_ST01584" HPOS="1532" VPOS="3149" WIDTH="85" HEIGHT="30" CONTENT="yard." WC="0.97" CC="00111" STYLEREFS="TXT_30"/>
							<SP ID="P4_SP01268" HPOS="1617" VPOS="3180" WIDTH="13"/>
							<String ID="P4_ST01585" HPOS="1630" VPOS="3148" WIDTH="139" HEIGHT="33" CONTENT="Muslins," WC="1.00" CC="00000001" STYLEREFS="TXT_30"/>
							<SP ID="P4_SP01269" HPOS="1769" VPOS="3181" WIDTH="12"/>
							<String ID="P4_ST01586" HPOS="1781" VPOS="3149" WIDTH="138" HEIGHT="32" CONTENT="Selesias," WC="0.97" CC="110000002" STYLEREFS="TXT_30"/>
							<SP ID="P4_SP01270" HPOS="1919" VPOS="3181" WIDTH="13"/>
							<String ID="P4_ST01587" HPOS="1932" VPOS="3149" WIDTH="126" HEIGHT="33" CONTENT="Calicos," WC="0.98" CC="00010001" STYLEREFS="TXT_30"/>
							<SP ID="P4_SP01271" HPOS="2058" VPOS="3182" WIDTH="13"/>
							<String ID="P4_ST01588" HPOS="2071" VPOS="3150" WIDTH="55" HEIGHT="27" CONTENT="&amp;c." WC="0.91" CC="201" STYLEREFS="TXT_30"/>
						</TextLine>
						<TextLine ID="P4_TL00298" HPOS="1781" VPOS="3191" WIDTH="500" HEIGHT="36">
							<String ID="P4_ST01589" HPOS="1781" VPOS="3191" WIDTH="86" HEIGHT="26" CONTENT="With" WC="0.98" CC="1001" STYLEREFS="TXT_30"/>
							<SP ID="P4_SP01272" HPOS="1867" VPOS="3217" WIDTH="16"/>
							<String ID="P4_ST01590" HPOS="1883" VPOS="3193" WIDTH="88" HEIGHT="24" CONTENT="other" WC="0.97" CC="00111" STYLEREFS="TXT_30"/>
							<SP ID="P4_SP01273" HPOS="1971" VPOS="3217" WIDTH="16"/>
							<String ID="P4_ST01591" HPOS="1987" VPOS="3193" WIDTH="192" HEIGHT="27" CONTENT="Manchester" WC="0.97" CC="0111011001" STYLEREFS="TXT_30"/>
							<SP ID="P4_SP01274" HPOS="2179" VPOS="3220" WIDTH="16"/>
							<String ID="P4_ST01592" HPOS="2195" VPOS="3196" WIDTH="86" HEIGHT="31" CONTENT="lines." WC="0.97" CC="010001" STYLEREFS="TXT_30"/>
						</TextLine>
						<TextLine ID="P4_TL00299" HPOS="1199" VPOS="3243" WIDTH="785" HEIGHT="35">
							<String ID="P4_ST01593" HPOS="1199" VPOS="3245" WIDTH="88" HEIGHT="33" CONTENT="Hats," WC="0.98" CC="00001" STYLEREFS="TXT_30"/>
							<SP ID="P4_SP01275" HPOS="1287" VPOS="3278" WIDTH="18"/>
							<String ID="P4_ST01594" HPOS="1305" VPOS="3245" WIDTH="102" HEIGHT="31" CONTENT="Fancy" WC="0.98" CC="01000" STYLEREFS="TXT_30"/>
							<SP ID="P4_SP01276" HPOS="1407" VPOS="3278" WIDTH="17"/>
							<String ID="P4_ST01595" HPOS="1424" VPOS="3245" WIDTH="60" HEIGHT="24" CONTENT="and" WC="0.96" CC="100" STYLEREFS="TXT_30"/>
							<SP ID="P4_SP01277" HPOS="1484" VPOS="3278" WIDTH="16"/>
							<String ID="P4_ST01596" HPOS="1500" VPOS="3243" WIDTH="106" HEIGHT="33" CONTENT="Sailor," WC="0.99" CC="0000010" STYLEREFS="TXT_30"/>
							<SP ID="P4_SP01278" HPOS="1606" VPOS="3278" WIDTH="18"/>
							<String ID="P4_ST01597" HPOS="1624" VPOS="3245" WIDTH="32" HEIGHT="24" CONTENT="m" WC="1.00" CC="0" STYLEREFS="TXT_30"/>
							<SP ID="P4_SP01279" HPOS="1656" VPOS="3278" WIDTH="16"/>
							<String ID="P4_ST01598" HPOS="1672" VPOS="3243" WIDTH="104" HEIGHT="27" CONTENT="White" WC="0.93" CC="21000" STYLEREFS="TXT_30"/>
							<SP ID="P4_SP01280" HPOS="1776" VPOS="3278" WIDTH="16"/>
							<String ID="P4_ST01599" HPOS="1792" VPOS="3245" WIDTH="61" HEIGHT="24" CONTENT="and" WC="0.97" CC="100" STYLEREFS="TXT_30"/>
							<SP ID="P4_SP01281" HPOS="1853" VPOS="3278" WIDTH="16"/>
							<String ID="P4_ST01600" HPOS="1869" VPOS="3243" WIDTH="115" HEIGHT="28" CONTENT="Colors." WC="0.99" CC="0000001" STYLEREFS="TXT_30"/>
						</TextLine>
						<TextLine ID="P4_TL00300" HPOS="1738" VPOS="3288" WIDTH="542" HEIGHT="38">
							<String ID="P4_ST01601" HPOS="1738" VPOS="3288" WIDTH="125" HEIGHT="26" CONTENT="Newest" WC="0.95" CC="301000" STYLEREFS="TXT_30"/>
							<SP ID="P4_SP01282" HPOS="1863" VPOS="3314" WIDTH="17"/>
							<String ID="P4_ST01602" HPOS="1880" VPOS="3288" WIDTH="122" HEIGHT="33" CONTENT="Shapes." WC="0.97" CC="0110001" STYLEREFS="TXT_30"/>
							<SP ID="P4_SP01283" HPOS="2002" VPOS="3321" WIDTH="35"/>
							<String ID="P4_ST01603" HPOS="2037" VPOS="3288" WIDTH="96" HEIGHT="33" CONTENT="Large" WC="0.93" CC="20111" STYLEREFS="TXT_30"/>
							<SP ID="P4_SP01284" HPOS="2133" VPOS="3321" WIDTH="16"/>
							<String ID="P4_ST01604" HPOS="2149" VPOS="3291" WIDTH="131" HEIGHT="35" CONTENT="Variety," WC="0.94" CC="21101001" STYLEREFS="TXT_30"/>
						</TextLine>
						<TextLine ID="P4_TL00301" HPOS="1198" VPOS="3339" WIDTH="775" HEIGHT="34">
							<String ID="P4_ST01605" HPOS="1198" VPOS="3342" WIDTH="147" HEIGHT="31" CONTENT="Flowers," WC="0.97" CC="00011101" STYLEREFS="TXT_30"/>
							<SP ID="P4_SP01285" HPOS="1345" VPOS="3373" WIDTH="18"/>
							<String ID="P4_ST01606" HPOS="1363" VPOS="3341" WIDTH="154" HEIGHT="30" CONTENT="Feathers," WC="0.98" CC="001110100" STYLEREFS="TXT_30"/>
							<SP ID="P4_SP01286" HPOS="1517" VPOS="3373" WIDTH="18"/>
							<String ID="P4_ST01607" HPOS="1535" VPOS="3339" WIDTH="147" HEIGHT="31" CONTENT="Ribbons," WC="0.95" CC="10210001" STYLEREFS="TXT_30"/>
							<SP ID="P4_SP01287" HPOS="1682" VPOS="3373" WIDTH="19"/>
							<String ID="P4_ST01608" HPOS="1701" VPOS="3339" WIDTH="105" HEIGHT="32" CONTENT="Laces," WC="0.96" CC="110011" STYLEREFS="TXT_30"/>
							<SP ID="P4_SP01288" HPOS="1806" VPOS="3373" WIDTH="18"/>
							<String ID="P4_ST01609" HPOS="1824" VPOS="3340" WIDTH="75" HEIGHT="32" CONTENT="Jets," WC="0.90" CC="30101" STYLEREFS="TXT_30"/>
							<SP ID="P4_SP01289" HPOS="1899" VPOS="3373" WIDTH="19"/>
							<String ID="P4_ST01610" HPOS="1918" VPOS="3339" WIDTH="55" HEIGHT="26" CONTENT="&amp;c." WC="0.86" CC="401" STYLEREFS="TXT_30"/>
						</TextLine>
						<TextLine ID="P4_TL00302" HPOS="1666" VPOS="3379" WIDTH="614" HEIGHT="35">
							<String ID="P4_ST01611" HPOS="1666" VPOS="3379" WIDTH="87" HEIGHT="27" CONTENT="With" WC="0.95" CC="1011" STYLEREFS="TXT_30"/>
							<SP ID="P4_SP01290" HPOS="1753" VPOS="3406" WIDTH="16"/>
							<String ID="P4_ST01612" HPOS="1769" VPOS="3381" WIDTH="42" HEIGHT="25" CONTENT="all" WC="0.95" CC="101" STYLEREFS="TXT_30"/>
							<SP ID="P4_SP01291" HPOS="1811" VPOS="3406" WIDTH="15"/>
							<String ID="P4_ST01613" HPOS="1826" VPOS="3381" WIDTH="183" HEIGHT="24" CONTENT="necessaries" WC="0.99" CC="00000010001" STYLEREFS="TXT_30"/>
							<SP ID="P4_SP01292" HPOS="2009" VPOS="3406" WIDTH="17"/>
							<String ID="P4_ST01614" HPOS="2026" VPOS="3380" WIDTH="48" HEIGHT="26" CONTENT="for" WC="0.95" CC="101" STYLEREFS="TXT_30"/>
							<SP ID="P4_SP01293" HPOS="2074" VPOS="3406" WIDTH="15"/>
							<String ID="P4_ST01615" HPOS="2089" VPOS="3381" WIDTH="191" HEIGHT="33" CONTENT="Trimmings." WC="0.97" CC="0101010111" STYLEREFS="TXT_30"/>
						</TextLine>
						<TextLine ID="P4_TL00303" HPOS="1197" VPOS="3428" WIDTH="802" HEIGHT="34">
							<String ID="P4_ST01616" HPOS="1197" VPOS="3430" WIDTH="103" HEIGHT="31" CONTENT="Fancy" WC="0.98" CC="01101" STYLEREFS="TXT_30"/>
							<SP ID="P4_SP01294" HPOS="1300" VPOS="3461" WIDTH="16"/>
							<String ID="P4_ST01617" HPOS="1316" VPOS="3429" WIDTH="139" HEIGHT="30" CONTENT="Frillings" WC="1.00" CC="000000010" STYLEREFS="TXT_30"/>
							<SP ID="P4_SP01295" HPOS="1455" VPOS="3461" WIDTH="18"/>
							<String ID="P4_ST01618" HPOS="1473" VPOS="3429" WIDTH="77" HEIGHT="32" CONTENT="3yds" WC="0.98" CC="0010" STYLEREFS="TXT_30"/>
							<SP ID="P4_SP01296" HPOS="1550" VPOS="3461" WIDTH="12"/>
							<String ID="P4_ST01619" HPOS="1562" VPOS="3429" WIDTH="46" HEIGHT="25" CONTENT="for" WC="0.99" CC="100" STYLEREFS="TXT_30"/>
							<SP ID="P4_SP01297" HPOS="1608" VPOS="3461" WIDTH="10"/>
							<String ID="P4_ST01620" HPOS="1618" VPOS="3428" WIDTH="26" HEIGHT="34" CONTENT="l/" WC="0.94" CC="10" STYLEREFS="TXT_30"/>
							<String ID="P4_ST01621" HPOS="1645" VPOS="3443" WIDTH="9" HEIGHT="15" CONTENT=":" STYLE="subscript" WC="0.81" CC="2" STYLEREFS="TXT_30"/>
							<SP ID="P4_SP01298" HPOS="1654" VPOS="3462" WIDTH="17"/>
							<String ID="P4_ST01622" HPOS="1671" VPOS="3428" WIDTH="102" HEIGHT="26" CONTENT="worth" WC="0.96" CC="10011" STYLEREFS="TXT_30"/>
							<SP ID="P4_SP01299" HPOS="1773" VPOS="3462" WIDTH="10"/>
							<String ID="P4_ST01623" HPOS="1783" VPOS="3428" WIDTH="50" HEIGHT="33" CONTENT="9d," WC="0.95" CC="002" STYLEREFS="TXT_30"/>
							<SP ID="P4_SP01300" HPOS="1833" VPOS="3462" WIDTH="18"/>
							<String ID="P4_ST01624" HPOS="1851" VPOS="3433" WIDTH="55" HEIGHT="27" CONTENT="per" WC="0.99" CC="001" STYLEREFS="TXT_30"/>
							<SP ID="P4_SP01301" HPOS="1906" VPOS="3462" WIDTH="10"/>
							<String ID="P4_ST01625" HPOS="1916" VPOS="3429" WIDTH="83" HEIGHT="32" CONTENT="yard," WC="0.94" CC="11111" STYLEREFS="TXT_30"/>
						</TextLine>
						<TextLine ID="P4_TL00304" HPOS="1729" VPOS="3471" WIDTH="551" HEIGHT="37">
							<String ID="P4_ST01626" HPOS="1729" VPOS="3471" WIDTH="181" HEIGHT="33" CONTENT="Umbrellas," WC="0.97" CC="0010101101" STYLEREFS="TXT_30"/>
							<SP ID="P4_SP01302" HPOS="1910" VPOS="3504" WIDTH="18"/>
							<String ID="P4_ST01627" HPOS="1928" VPOS="3473" WIDTH="151" HEIGHT="33" CONTENT="Parasols," WC="0.95" CC="010110112" STYLEREFS="TXT_30"/>
							<SP ID="P4_SP01303" HPOS="2079" VPOS="3506" WIDTH="17"/>
							<String ID="P4_ST01628" HPOS="2096" VPOS="3473" WIDTH="184" HEIGHT="35" CONTENT="Sunshades," WC="0.96" CC="0101110001" STYLEREFS="TXT_30"/>
						</TextLine>
						<TextLine ID="P4_TL00305" HPOS="1480" VPOS="3549" WIDTH="515" HEIGHT="52">
							<String ID="P4_ST01629" HPOS="1480" VPOS="3555" WIDTH="243" HEIGHT="46" CONTENT="DOUBLE" WC="0.94" CC="200101" STYLEREFS="TXT_14"/>
							<SP ID="P4_SP01304" HPOS="1723" VPOS="3601" WIDTH="60"/>
							<String ID="P4_ST01630" HPOS="1783" VPOS="3549" WIDTH="212" HEIGHT="51" CONTENT="WIDTH" WC="0.94" CC="10211" STYLEREFS="TXT_14"/>
						</TextLine>
						<TextLine ID="P4_TL00306" HPOS="1168" VPOS="3634" WIDTH="1142" HEIGHT="90">
							<String ID="P4_ST01631" HPOS="1168" VPOS="3638" WIDTH="291" HEIGHT="86" CONTENT="Dress" WC="0.90" CC="11121" STYLEREFS="TXT_26"/>
							<SP ID="P4_SP01305" HPOS="1459" VPOS="3724" WIDTH="76"/>
							<String ID="P4_ST01632" HPOS="1535" VPOS="3634" WIDTH="394" HEIGHT="86" CONTENT="Tweeds" WC="0.97" CC="011101" STYLEREFS="TXT_26"/>
							<SP ID="P4_SP01306" HPOS="1929" VPOS="3724" WIDTH="81"/>
							<String ID="P4_ST01633" HPOS="2010" VPOS="3635" WIDTH="103" HEIGHT="87" CONTENT="Is" WC="0.94" CC="01" STYLEREFS="TXT_26"/>
							<SP ID="P4_SP01307" HPOS="2113" VPOS="3724" WIDTH="67"/>
							<String ID="P4_ST01634" HPOS="2180" VPOS="3638" WIDTH="130" HEIGHT="86" CONTENT="4d" WC="0.89" CC="20" STYLEREFS="TXT_26"/>
						</TextLine>
						<TextLine ID="P4_TL00307" HPOS="1463" VPOS="3769" WIDTH="533" HEIGHT="91">
							<String ID="P4_ST01635" HPOS="1463" VPOS="3769" WIDTH="327" HEIGHT="91" CONTENT="worth" WC="0.97" CC="10100" STYLEREFS="TXT_26"/>
							<SP ID="P4_SP01308" HPOS="1790" VPOS="3860" WIDTH="71"/>
							<String ID="P4_ST01636" HPOS="1861" VPOS="3770" WIDTH="135" HEIGHT="87" CONTENT="2s." WC="0.84" CC="311" STYLEREFS="TXT_26"/>
						</TextLine>
						<TextLine ID="P4_TL00308" HPOS="1243" VPOS="3897" WIDTH="1067" HEIGHT="134">
							<String ID="P4_ST01637" HPOS="1243" VPOS="3902" WIDTH="180" HEIGHT="89" CONTENT="Cos" WC="0.95" CC="002" STYLEREFS="TXT_26"/>
							<SP ID="P4_SP01309" HPOS="1423" VPOS="3991" WIDTH="118"/>
							<String ID="P4_ST01638" HPOS="1541" VPOS="3926" WIDTH="160" HEIGHT="58" CONTENT="me" WC="0.96" CC="01" STYLEREFS="TXT_26"/>
							<SP ID="P4_SP01310" HPOS="1701" VPOS="3991" WIDTH="59"/>
							<String ID="P4_ST01639" HPOS="1760" VPOS="3897" WIDTH="550" HEIGHT="134" CONTENT="(^^h—te—" WC="0.25" CC="39927997" STYLEREFS="TXT_31"/>
						</TextLine>
						<TextLine ID="P4_TL00309" HPOS="1394" VPOS="3997" WIDTH="916" HEIGHT="163">
							<String ID="P4_ST01640" HPOS="1394" VPOS="3997" WIDTH="916" HEIGHT="163" CONTENT="worthJ^^^^^H" WC="0.52" CC="101003999993" STYLEREFS="TXT_32"/>
						</TextLine>
						<TextLine ID="P4_TL00310" HPOS="1162" VPOS="4236" WIDTH="1148" HEIGHT="54">
							<String ID="P4_ST01641" HPOS="1162" VPOS="4247" WIDTH="132" HEIGHT="41" CONTENT="English" WC="0.94" CC="1210011" STYLEREFS="TXT_25"/>
							<SP ID="P4_SP01311" HPOS="1294" VPOS="4288" WIDTH="14"/>
							<String ID="P4_ST01642" HPOS="1308" VPOS="4247" WIDTH="127" HEIGHT="40" CONTENT="Witney" WC="0.91" CC="200103" STYLEREFS="TXT_25"/>
							<SP ID="P4_SP01312" HPOS="1435" VPOS="4288" WIDTH="8"/>
							<String ID="P4_ST01643" HPOS="1443" VPOS="4246" WIDTH="148" HEIGHT="31" CONTENT="Blankets" WC="0.96" CC="10111001" STYLEREFS="TXT_25"/>
							<SP ID="P4_SP01313" HPOS="1591" VPOS="4288" WIDTH="14"/>
							<String ID="P4_ST01644" HPOS="1605" VPOS="4247" WIDTH="34" HEIGHT="27" CONTENT="to" WC="1.00" CC="00" STYLEREFS="TXT_25"/>
							<SP ID="P4_SP01314" HPOS="1639" VPOS="4288" WIDTH="16"/>
							<String ID="P4_ST01645" HPOS="1655" VPOS="4245" WIDTH="36" HEIGHT="30" CONTENT="be" WC="1.00" CC="00" STYLEREFS="TXT_25"/>
							<SP ID="P4_SP01315" HPOS="1691" VPOS="4288" WIDTH="15"/>
							<String ID="P4_ST01646" HPOS="1706" VPOS="4243" WIDTH="67" HEIGHT="31" CONTENT="sold" WC="0.97" CC="1001" STYLEREFS="TXT_25"/>
							<SP ID="P4_SP01316" HPOS="1773" VPOS="4288" WIDTH="9"/>
							<String ID="P4_ST01647" HPOS="1782" VPOS="4236" WIDTH="528" HEIGHT="54" CONTENT="■h^^^B^^^^^^^^^^^H" WC="0.17" CC="139992999999999994" STYLEREFS="TXT_25"/>
						</TextLine>
						<TextLine ID="P4_TL00311" HPOS="1164" VPOS="4296" WIDTH="1145" HEIGHT="44">
							<String ID="P4_ST01648" HPOS="1164" VPOS="4299" WIDTH="63" HEIGHT="32" CONTENT="sale" WC="0.96" CC="1100" STYLEREFS="TXT_25"/>
							<SP ID="P4_SP01317" HPOS="1227" VPOS="4331" WIDTH="22"/>
							<String ID="P4_ST01649" HPOS="1249" VPOS="4299" WIDTH="85" HEIGHT="41" CONTENT="price" WC="0.93" CC="11011" STYLEREFS="TXT_25"/>
							<String ID="P4_ST01650" HPOS="1335" VPOS="4318" WIDTH="41" HEIGHT="6" CONTENT="—" WC="1.00" CC="0" STYLEREFS="TXT_25"/>
							<String ID="P4_ST01651" HPOS="1376" VPOS="4299" WIDTH="120" HEIGHT="32" CONTENT="Double" WC="0.99" CC="001010" STYLEREFS="TXT_25"/>
							<SP ID="P4_SP01318" HPOS="1496" VPOS="4340" WIDTH="15"/>
							<String ID="P4_ST01652" HPOS="1511" VPOS="4297" WIDTH="68" HEIGHT="33" CONTENT="Bed" WC="0.95" CC="111" STYLEREFS="TXT_25"/>
							<SP ID="P4_SP01319" HPOS="1579" VPOS="4340" WIDTH="16"/>
							<String ID="P4_ST01653" HPOS="1595" VPOS="4296" WIDTH="69" HEIGHT="32" CONTENT="Size" WC="0.93" CC="2020" STYLEREFS="TXT_25"/>
							<SP ID="P4_SP01320" HPOS="1664" VPOS="4340" WIDTH="23"/>
							<String ID="P4_ST01654" HPOS="1687" VPOS="4297" WIDTH="65" HEIGHT="30" CONTENT="12s." WC="0.96" CC="0111" STYLEREFS="TXT_25"/>
							<SP ID="P4_SP01321" HPOS="1752" VPOS="4340" WIDTH="418"/>
							<String ID="P4_ST01655" HPOS="2170" VPOS="4306" WIDTH="56" HEIGHT="31" CONTENT="per" WC="0.93" CC="111" STYLEREFS="TXT_25"/>
							<SP ID="P4_SP01322" HPOS="2226" VPOS="4340" WIDTH="13"/>
							<String ID="P4_ST01656" HPOS="2239" VPOS="4297" WIDTH="70" HEIGHT="42" CONTENT="pair" WC="0.91" CC="1211" STYLEREFS="TXT_25"/>
						</TextLine>
						<TextLine ID="P4_TL00312" HPOS="1327" VPOS="4337" WIDTH="842" HEIGHT="46">
							<String ID="P4_ST01657" HPOS="1327" VPOS="4342" WIDTH="129" HEIGHT="41" CONTENT="cheaper" WC="0.90" CC="0501101" STYLEREFS="TXT_25"/>
							<SP ID="P4_SP01323" HPOS="1456" VPOS="4383" WIDTH="13"/>
							<String ID="P4_ST01658" HPOS="1469" VPOS="4341" WIDTH="77" HEIGHT="30" CONTENT="than" WC="0.95" CC="0111" STYLEREFS="TXT_25"/>
							<SP ID="P4_SP01324" HPOS="1546" VPOS="4383" WIDTH="14"/>
							<String ID="P4_ST01659" HPOS="1560" VPOS="4337" WIDTH="350" HEIGHT="32" CONTENT="ChristchurciHiouses" WC="0.92" CC="1110100110027111101" STYLEREFS="TXT_25"/>
							<SP ID="P4_SP01325" HPOS="1910" VPOS="4383" WIDTH="14"/>
							<String ID="P4_ST01660" HPOS="1924" VPOS="4338" WIDTH="66" HEIGHT="31" CONTENT="will" WC="0.88" CC="5000" STYLEREFS="TXT_25"/>
							<SP ID="P4_SP01326" HPOS="1990" VPOS="4383" WIDTH="14"/>
							<String ID="P4_ST01661" HPOS="2004" VPOS="4340" WIDTH="57" HEIGHT="28" CONTENT="sell" WC="0.97" CC="1101" STYLEREFS="TXT_25"/>
							<SP ID="P4_SP01327" HPOS="2061" VPOS="4383" WIDTH="14"/>
							<String ID="P4_ST01662" HPOS="2075" VPOS="4338" WIDTH="94" HEIGHT="31" CONTENT="them." WC="0.95" CC="11011" STYLEREFS="TXT_25"/>
						</TextLine>
						<TextLine ID="P4_TL00313" HPOS="1204" VPOS="4448" WIDTH="1042" HEIGHT="43">
							<String ID="P4_ST01663" HPOS="1204" VPOS="4448" WIDTH="72" HEIGHT="36" CONTENT="R." WC="0.91" CC="21" STYLEREFS="TXT_33"/>
							<SP ID="P4_SP01328" HPOS="1276" VPOS="4484" WIDTH="27"/>
							<String ID="P4_ST01664" HPOS="1303" VPOS="4451" WIDTH="78" HEIGHT="33" CONTENT="H." WC="0.96" CC="01" STYLEREFS="TXT_33"/>
							<SP ID="P4_SP01329" HPOS="1381" VPOS="4484" WIDTH="36"/>
							<String ID="P4_ST01665" HPOS="1417" VPOS="4448" WIDTH="311" HEIGHT="43" CONTENT="PARISH" WC="0.76" CC="122019" STYLEREFS="TXT_33"/>
							<SP ID="P4_SP01330" HPOS="1728" VPOS="4491" WIDTH="60"/>
							<String ID="P4_ST01666" HPOS="1788" VPOS="4449" WIDTH="155" HEIGHT="33" CONTENT="East" WC="0.65" CC="5621" STYLEREFS="TXT_33"/>
							<SP ID="P4_SP01331" HPOS="1943" VPOS="4491" WIDTH="47"/>
							<String ID="P4_ST01667" HPOS="1990" VPOS="4448" WIDTH="256" HEIGHT="34" CONTENT="Oxford." WC="0.89" CC="0220410" STYLEREFS="TXT_33"/>
						</TextLine>
					</TextBlock>
				</ComposedBlock>
				<ComposedBlock ID="P4_CB00004" HPOS="596" VPOS="217" WIDTH="547" HEIGHT="4355" TYPE="Advertisement">
					<TextBlock ID="P4_TB00009" HPOS="596" VPOS="217" WIDTH="547" HEIGHT="4355" STYLEREFS="TXT_0 PAR_LEFT">
						<TextLine ID="P4_TL00314" HPOS="603" VPOS="519" WIDTH="531" HEIGHT="49">
							<String ID="P4_ST01668" HPOS="603" VPOS="521" WIDTH="250" HEIGHT="47" CONTENT="JOSEPH" WC="0.91" CC="102112" STYLEREFS="TXT_17"/>
							<SP ID="P4_SP01332" HPOS="853" VPOS="568" WIDTH="42"/>
							<String ID="P4_ST01669" HPOS="895" VPOS="519" WIDTH="239" HEIGHT="49" CONTENT="LOUGH." WC="0.78" CC="100921" STYLEREFS="TXT_17"/>
						</TextLine>
						<TextLine ID="P4_TL00315" HPOS="747" VPOS="599" WIDTH="244" HEIGHT="25">
							<String ID="P4_ST01670" HPOS="747" VPOS="599" WIDTH="244" HEIGHT="25" CONTENT="UNDERTAKER." WC="0.94" CC="01002012011"/>
						</TextLine>
						<TextLine ID="P4_TL00316" HPOS="716" VPOS="642" WIDTH="316" HEIGHT="32">
							<String ID="P4_ST01671" HPOS="716" VPOS="642" WIDTH="108" HEIGHT="32" CONTENT="EAST" WC="0.94" CC="0210" STYLEREFS="TXT_6"/>
							<SP ID="P4_SP01333" HPOS="824" VPOS="674" WIDTH="25"/>
							<String ID="P4_ST01672" HPOS="849" VPOS="643" WIDTH="183" HEIGHT="31" CONTENT="OXFORD." WC="0.85" CC="0030251" STYLEREFS="TXT_6"/>
						</TextLine>
						<TextLine ID="P4_TL00317" HPOS="637" VPOS="694" WIDTH="497" HEIGHT="32">
							<String ID="P4_ST01673" HPOS="637" VPOS="694" WIDTH="102" HEIGHT="32" CONTENT="Having" WC="0.93" CC="100131"/>
							<SP ID="P4_SP01334" HPOS="739" VPOS="726" WIDTH="7"/>
							<String ID="P4_ST01674" HPOS="746" VPOS="694" WIDTH="52" HEIGHT="32" CONTENT="just" WC="0.97" CC="0011"/>
							<SP ID="P4_SP01335" HPOS="798" VPOS="726" WIDTH="9"/>
							<String ID="P4_ST01675" HPOS="807" VPOS="694" WIDTH="123" HEIGHT="32" CONTENT="imported" WC="0.96" CC="01101001"/>
							<SP ID="P4_SP01336" HPOS="930" VPOS="726" WIDTH="7"/>
							<String ID="P4_ST01676" HPOS="937" VPOS="694" WIDTH="64" HEIGHT="25" CONTENT="from" WC="0.97" CC="1001"/>
							<SP ID="P4_SP01337" HPOS="1001" VPOS="726" WIDTH="7"/>
							<String ID="P4_ST01677" HPOS="1008" VPOS="694" WIDTH="126" HEIGHT="32" CONTENT="England," WC="0.96" CC="10110111"/>
						</TextLine>
						<TextLine ID="P4_TL00318" HPOS="603" VPOS="736" WIDTH="532" HEIGHT="33">
							<String ID="P4_ST01678" HPOS="603" VPOS="745" WIDTH="55" HEIGHT="17" CONTENT="new" WC="0.94" CC="101"/>
							<SP ID="P4_SP01338" HPOS="658" VPOS="762" WIDTH="22"/>
							<String ID="P4_ST01679" HPOS="680" VPOS="738" WIDTH="117" HEIGHT="31" CONTENT="Designs," WC="0.94" CC="21121001"/>
							<SP ID="P4_SP01339" HPOS="797" VPOS="769" WIDTH="35"/>
							<String ID="P4_ST01680" HPOS="832" VPOS="745" WIDTH="53" HEIGHT="17" CONTENT="new" WC="0.89" CC="111"/>
							<SP ID="P4_SP01340" HPOS="885" VPOS="769" WIDTH="29"/>
							<String ID="P4_ST01681" HPOS="914" VPOS="737" WIDTH="150" HEIGHT="32" CONTENT="Trimmings" WC="0.97" CC="000110101"/>
							<SP ID="P4_SP01341" HPOS="1064" VPOS="769" WIDTH="23"/>
							<String ID="P4_ST01682" HPOS="1087" VPOS="736" WIDTH="48" HEIGHT="26" CONTENT="and" WC="0.94" CC="111"/>
						</TextLine>
						<TextLine ID="P4_TL00319" HPOS="604" VPOS="780" WIDTH="532" HEIGHT="31">
							<String ID="P4_ST01683" HPOS="604" VPOS="781" WIDTH="88" HEIGHT="29" CONTENT="Robes," WC="0.88" CC="201041"/>
							<SP ID="P4_SP01342" HPOS="692" VPOS="810" WIDTH="12"/>
							<String ID="P4_ST01684" HPOS="704" VPOS="781" WIDTH="23" HEIGHT="24" CONTENT="is" WC="0.89" CC="12"/>
							<SP ID="P4_SP01343" HPOS="727" VPOS="810" WIDTH="8"/>
							<String ID="P4_ST01685" HPOS="735" VPOS="780" WIDTH="117" HEIGHT="31" CONTENT="prepared" WC="0.94" CC="21111100"/>
							<SP ID="P4_SP01344" HPOS="852" VPOS="811" WIDTH="12"/>
							<String ID="P4_ST01686" HPOS="864" VPOS="783" WIDTH="26" HEIGHT="22" CONTENT="to" WC="1.00" CC="00"/>
							<SP ID="P4_SP01345" HPOS="890" VPOS="811" WIDTH="9"/>
							<String ID="P4_ST01687" HPOS="899" VPOS="780" WIDTH="106" HEIGHT="25" CONTENT="conduct" WC="0.91" CC="1031111"/>
							<SP ID="P4_SP01346" HPOS="1005" VPOS="811" WIDTH="9"/>
							<String ID="P4_ST01688" HPOS="1014" VPOS="780" WIDTH="122" HEIGHT="24" CONTENT="Funerals" WC="0.95" CC="21110000"/>
						</TextLine>
						<TextLine ID="P4_TL00320" HPOS="604" VPOS="820" WIDTH="532" HEIGHT="31">
							<String ID="P4_ST01689" HPOS="604" VPOS="821" WIDTH="96" HEIGHT="30" CONTENT="Adults," WC="0.89" CC="1410021"/>
							<SP ID="P4_SP01347" HPOS="700" VPOS="851" WIDTH="20"/>
							<String ID="P4_ST01690" HPOS="720" VPOS="824" WIDTH="25" HEIGHT="21" CONTENT="at" WC="0.96" CC="11"/>
							<SP ID="P4_SP01348" HPOS="745" VPOS="851" WIDTH="13"/>
							<String ID="P4_ST01691" HPOS="758" VPOS="821" WIDTH="46" HEIGHT="24" CONTENT="£5." WC="0.80" CC="241"/>
							<SP ID="P4_SP01349" HPOS="804" VPOS="851" WIDTH="14"/>
							<String ID="P4_ST01692" HPOS="818" VPOS="821" WIDTH="49" HEIGHT="23" CONTENT="and" WC="0.95" CC="011"/>
							<SP ID="P4_SP01350" HPOS="867" VPOS="851" WIDTH="11"/>
							<String ID="P4_ST01693" HPOS="878" VPOS="820" WIDTH="123" HEIGHT="31" CONTENT="upwards," WC="0.93" CC="10211111"/>
							<SP ID="P4_SP01351" HPOS="1001" VPOS="851" WIDTH="23"/>
							<String ID="P4_ST01694" HPOS="1024" VPOS="820" WIDTH="112" HEIGHT="31" CONTENT="polished" WC="0.97" CC="00001101"/>
						</TextLine>
						<TextLine ID="P4_TL00321" HPOS="604" VPOS="863" WIDTH="533" HEIGHT="30">
							<String ID="P4_ST01695" HPOS="604" VPOS="865" WIDTH="81" HEIGHT="28" CONTENT="coffin," WC="0.84" CC="0011152"/>
							<SP ID="P4_SP01352" HPOS="685" VPOS="893" WIDTH="24"/>
							<String ID="P4_ST01696" HPOS="709" VPOS="865" WIDTH="49" HEIGHT="23" CONTENT="and" WC="0.91" CC="111"/>
							<SP ID="P4_SP01353" HPOS="758" VPOS="893" WIDTH="30"/>
							<String ID="P4_ST01697" HPOS="788" VPOS="863" WIDTH="193" HEIGHT="26" CONTENT="silvermounted" WC="0.94" CC="1002101011111"/>
							<SP ID="P4_SP01354" HPOS="981" VPOS="893" WIDTH="23"/>
							<String ID="P4_ST01698" HPOS="1004" VPOS="863" WIDTH="133" HEIGHT="25" CONTENT="Furniture" WC="0.97" CC="010110100"/>
						</TextLine>
						<TextLine ID="P4_TL00322" HPOS="605" VPOS="906" WIDTH="532" HEIGHT="33">
							<String ID="P4_ST01699" HPOS="605" VPOS="908" WIDTH="75" HEIGHT="25" CONTENT="From" WC="0.92" CC="1102"/>
							<SP ID="P4_SP01355" HPOS="680" VPOS="933" WIDTH="14"/>
							<String ID="P4_ST01700" HPOS="694" VPOS="907" WIDTH="45" HEIGHT="25" CONTENT="£8." WC="0.84" CC="401"/>
							<SP ID="P4_SP01356" HPOS="739" VPOS="933" WIDTH="19"/>
							<String ID="P4_ST01701" HPOS="758" VPOS="907" WIDTH="131" HEIGHT="32" CONTENT="according" WC="0.95" CC="000021111"/>
							<SP ID="P4_SP01357" HPOS="889" VPOS="939" WIDTH="12"/>
							<String ID="P4_ST01702" HPOS="901" VPOS="908" WIDTH="25" HEIGHT="23" CONTENT="to" WC="0.96" CC="10"/>
							<SP ID="P4_SP01358" HPOS="926" VPOS="939" WIDTH="22"/>
							<String ID="P4_ST01703" HPOS="948" VPOS="907" WIDTH="115" HEIGHT="31" CONTENT="Designs." WC="0.88" CC="16111011"/>
							<SP ID="P4_SP01359" HPOS="1063" VPOS="939" WIDTH="35"/>
							<String ID="P4_ST01704" HPOS="1098" VPOS="906" WIDTH="39" HEIGHT="24" CONTENT="No" WC="0.94" CC="10"/>
						</TextLine>
						<TextLine ID="P4_TL00323" HPOS="604" VPOS="948" WIDTH="531" HEIGHT="35">
							<String ID="P4_ST01705" HPOS="604" VPOS="954" WIDTH="69" HEIGHT="22" CONTENT="extra" WC="0.95" CC="01101"/>
							<SP ID="P4_SP01360" HPOS="673" VPOS="976" WIDTH="12"/>
							<String ID="P4_ST01706" HPOS="685" VPOS="952" WIDTH="87" HEIGHT="31" CONTENT="charge" WC="0.96" CC="010002"/>
							<SP ID="P4_SP01361" HPOS="772" VPOS="983" WIDTH="12"/>
							<String ID="P4_ST01707" HPOS="784" VPOS="952" WIDTH="39" HEIGHT="24" CONTENT="for" WC="0.95" CC="101"/>
							<SP ID="P4_SP01362" HPOS="823" VPOS="983" WIDTH="12"/>
							<String ID="P4_ST01708" HPOS="835" VPOS="952" WIDTH="95" HEIGHT="24" CONTENT="Hearse" WC="0.98" CC="100010"/>
							<SP ID="P4_SP01363" HPOS="930" VPOS="983" WIDTH="23"/>
							<String ID="P4_ST01709" HPOS="953" VPOS="957" WIDTH="28" HEIGHT="18" CONTENT="or" WC="1.00" CC="00"/>
							<SP ID="P4_SP01364" HPOS="981" VPOS="983" WIDTH="18"/>
							<String ID="P4_ST01710" HPOS="999" VPOS="957" WIDTH="64" HEIGHT="24" CONTENT="open" WC="0.95" CC="1101"/>
							<SP ID="P4_SP01365" HPOS="1063" VPOS="983" WIDTH="15"/>
							<String ID="P4_ST01711" HPOS="1078" VPOS="948" WIDTH="57" HEIGHT="27" CONTENT="Car-" WC="0.90" CC="1211"/>
						</TextLine>
						<TextLine ID="P4_TL00324" HPOS="603" VPOS="996" WIDTH="115" HEIGHT="31">
							<String ID="P4_ST01712" HPOS="603" VPOS="996" WIDTH="75" HEIGHT="31" CONTENT="riage." WC="0.99" CC="000001"/>
							<SP ID="P4_SP01366" HPOS="678" VPOS="1027" WIDTH="37"/>
							<String ID="P4_ST01713" HPOS="715" VPOS="1016" WIDTH="3" HEIGHT="4" CONTENT="." WC="0.96" CC="1"/>
						</TextLine>
						<TextLine ID="P4_TL00325" HPOS="637" VPOS="1035" WIDTH="500" HEIGHT="32">
							<String ID="P4_ST01714" HPOS="637" VPOS="1039" WIDTH="32" HEIGHT="23" CONTENT="N." WC="0.94" CC="10"/>
							<SP ID="P4_SP01367" HPOS="669" VPOS="1062" WIDTH="29"/>
							<String ID="P4_ST01715" HPOS="698" VPOS="1038" WIDTH="29" HEIGHT="24" CONTENT="B." WC="0.93" CC="11"/>
							<SP ID="P4_SP01368" HPOS="727" VPOS="1062" WIDTH="31"/>
							<String ID="P4_ST01716" HPOS="758" VPOS="1037" WIDTH="92" HEIGHT="25" CONTENT="Coffins" WC="0.89" CC="1022211"/>
							<SP ID="P4_SP01369" HPOS="850" VPOS="1062" WIDTH="23"/>
							<String ID="P4_ST01717" HPOS="873" VPOS="1037" WIDTH="58" HEIGHT="30" CONTENT="kept" WC="0.95" CC="1011"/>
							<SP ID="P4_SP01370" HPOS="931" VPOS="1067" WIDTH="21"/>
							<String ID="P4_ST01718" HPOS="952" VPOS="1037" WIDTH="27" HEIGHT="24" CONTENT="m" WC="1.00" CC="0"/>
							<SP ID="P4_SP01371" HPOS="979" VPOS="1067" WIDTH="29"/>
							<String ID="P4_ST01719" HPOS="1008" VPOS="1035" WIDTH="70" HEIGHT="26" CONTENT="stock" WC="0.95" CC="11010"/>
							<SP ID="P4_SP01372" HPOS="1078" VPOS="1067" WIDTH="21"/>
							<String ID="P4_ST01720" HPOS="1099" VPOS="1036" WIDTH="38" HEIGHT="24" CONTENT="for" WC="0.97" CC="100"/>
						</TextLine>
						<TextLine ID="P4_TL00326" HPOS="605" VPOS="1083" WIDTH="183" HEIGHT="29">
							<String ID="P4_ST01721" HPOS="605" VPOS="1083" WIDTH="87" HEIGHT="29" CONTENT="urgent" WC="0.97" CC="110010"/>
							<SP ID="P4_SP01373" HPOS="692" VPOS="1112" WIDTH="19"/>
							<String ID="P4_ST01722" HPOS="711" VPOS="1088" WIDTH="77" HEIGHT="17" CONTENT="cases." WC="0.96" CC="101011"/>
						</TextLine>
						<TextLine ID="P4_TL00327" HPOS="625" VPOS="1232" WIDTH="499" HEIGHT="26">
							<String ID="P4_ST01723" HPOS="625" VPOS="1234" WIDTH="219" HEIGHT="24" CONTENT="ozscifoie&amp;id" WC="0.67" CC="046697020321"/>
							<SP ID="P4_SP01374" HPOS="844" VPOS="1258" WIDTH="45"/>
							<String ID="P4_ST01724" HPOS="889" VPOS="1232" WIDTH="235" HEIGHT="23" CONTENT="bakeby" WC="0.62" CC="237424"/>
						</TextLine>
						<TextLine ID="P4_TL00328" HPOS="706" VPOS="1277" WIDTH="316" HEIGHT="32">
							<String ID="P4_ST01725" HPOS="706" VPOS="1279" WIDTH="212" HEIGHT="30" CONTENT="Established" WC="0.93" CC="30111001112"/>
							<SP ID="P4_SP01375" HPOS="918" VPOS="1309" WIDTH="26"/>
							<String ID="P4_ST01726" HPOS="944" VPOS="1277" WIDTH="78" HEIGHT="30" CONTENT="1862" WC="0.95" CC="1011"/>
						</TextLine>
						<TextLine ID="P4_TL00329" HPOS="652" VPOS="1343" WIDTH="429" HEIGHT="32">
							<String ID="P4_ST01727" HPOS="652" VPOS="1346" WIDTH="124" HEIGHT="28" CONTENT="FLOUR," WC="0.97" CC="100011"/>
							<SP ID="P4_SP01376" HPOS="776" VPOS="1374" WIDTH="12"/>
							<String ID="P4_ST01728" HPOS="788" VPOS="1345" WIDTH="54" HEIGHT="24" CONTENT="best" WC="0.98" CC="0011"/>
							<SP ID="P4_SP01377" HPOS="842" VPOS="1374" WIDTH="11"/>
							<String ID="P4_ST01729" HPOS="853" VPOS="1343" WIDTH="80" HEIGHT="26" CONTENT="brand" WC="1.00" CC="00000"/>
							<SP ID="P4_SP01378" HPOS="933" VPOS="1374" WIDTH="11"/>
							<String ID="P4_ST01730" HPOS="944" VPOS="1343" WIDTH="60" HEIGHT="32" CONTENT="only" WC="0.95" CC="0102"/>
							<SP ID="P4_SP01379" HPOS="1004" VPOS="1375" WIDTH="10"/>
							<String ID="P4_ST01731" HPOS="1014" VPOS="1343" WIDTH="67" HEIGHT="31" CONTENT="kept." WC="1.00" CC="00000"/>
						</TextLine>
						<TextLine ID="P4_TL00330" HPOS="605" VPOS="1385" WIDTH="526" HEIGHT="33">
							<String ID="P4_ST01732" HPOS="605" VPOS="1389" WIDTH="142" HEIGHT="29" CONTENT="SHARPS," WC="0.87" CC="1101141"/>
							<SP ID="P4_SP01380" HPOS="747" VPOS="1418" WIDTH="36"/>
							<String ID="P4_ST01733" HPOS="783" VPOS="1387" WIDTH="205" HEIGHT="29" CONTENT="OATMEAL," WC="0.95" CC="01300001"/>
							<SP ID="P4_SP01381" HPOS="988" VPOS="1418" WIDTH="35"/>
							<String ID="P4_ST01734" HPOS="1023" VPOS="1385" WIDTH="108" HEIGHT="25" CONTENT="BRAN" WC="0.96" CC="0111"/>
						</TextLine>
						<TextLine ID="P4_TL00331" HPOS="693" VPOS="1431" WIDTH="350" HEIGHT="28">
							<String ID="P4_ST01735" HPOS="693" VPOS="1431" WIDTH="290" HEIGHT="28" CONTENT="CHICKENWHEAT," WC="0.95" CC="0101101111112"/>
							<SP ID="P4_SP01382" HPOS="983" VPOS="1459" WIDTH="19"/>
							<String ID="P4_ST01736" HPOS="1002" VPOS="1432" WIDTH="41" HEIGHT="24" CONTENT="&amp;c." WC="0.90" CC="310"/>
						</TextLine>
						<TextLine ID="P4_TL00332" HPOS="630" VPOS="1472" WIDTH="488" HEIGHT="25">
							<String ID="P4_ST01737" HPOS="630" VPOS="1477" WIDTH="40" HEIGHT="19" CONTENT="AT" WC="0.96" CC="10" STYLEREFS="TXT_1"/>
							<SP ID="P4_SP01383" HPOS="670" VPOS="1496" WIDTH="10"/>
							<String ID="P4_ST01738" HPOS="680" VPOS="1493" WIDTH="3" HEIGHT="4" CONTENT="." WC="0.93" CC="1" STYLEREFS="TXT_1"/>
							<SP ID="P4_SP01384" HPOS="683" VPOS="1497" WIDTH="14"/>
							<String ID="P4_ST01739" HPOS="697" VPOS="1476" WIDTH="122" HEIGHT="20" CONTENT="LOWEST" WC="0.89" CC="204110" STYLEREFS="TXT_1"/>
							<SP ID="P4_SP01385" HPOS="819" VPOS="1497" WIDTH="28"/>
							<String ID="P4_ST01740" HPOS="847" VPOS="1474" WIDTH="140" HEIGHT="21" CONTENT="CURRENT" WC="0.89" CC="3411010" STYLEREFS="TXT_1"/>
							<SP ID="P4_SP01386" HPOS="987" VPOS="1497" WIDTH="27"/>
							<String ID="P4_ST01741" HPOS="1014" VPOS="1472" WIDTH="104" HEIGHT="24" CONTENT="KATES," WC="0.83" CC="261012" STYLEREFS="TXT_1"/>
						</TextLine>
						<TextLine ID="P4_TL00333" HPOS="693" VPOS="1582" WIDTH="343" HEIGHT="57">
							<String ID="P4_ST01742" HPOS="693" VPOS="1585" WIDTH="52" HEIGHT="46" CONTENT="F." WC="0.94" CC="11" STYLEREFS="TXT_17"/>
							<SP ID="P4_SP01387" HPOS="745" VPOS="1631" WIDTH="32"/>
							<String ID="P4_ST01743" HPOS="777" VPOS="1584" WIDTH="49" HEIGHT="45" CONTENT="B." WC="0.93" CC="11" STYLEREFS="TXT_17"/>
							<SP ID="P4_SP01388" HPOS="826" VPOS="1631" WIDTH="23"/>
							<String ID="P4_ST01744" HPOS="849" VPOS="1582" WIDTH="187" HEIGHT="57" CONTENT="LANE." WC="0.86" CC="11511" STYLEREFS="TXT_17"/>
						</TextLine>
						<TextLine ID="P4_TL00334" HPOS="708" VPOS="1658" WIDTH="323" HEIGHT="43">
							<String ID="P4_ST01745" HPOS="708" VPOS="1660" WIDTH="90" HEIGHT="41" CONTENT="(Late" WC="0.93" CC="02111" STYLEREFS="TXT_6"/>
							<SP ID="P4_SP01389" HPOS="798" VPOS="1701" WIDTH="16"/>
							<String ID="P4_ST01746" HPOS="814" VPOS="1659" WIDTH="38" HEIGHT="31" CONTENT="E." WC="0.94" CC="10" STYLEREFS="TXT_6"/>
							<SP ID="P4_SP01390" HPOS="852" VPOS="1701" WIDTH="20"/>
							<String ID="P4_ST01747" HPOS="872" VPOS="1658" WIDTH="159" HEIGHT="39" CONTENT="Butcher.)" WC="0.94" CC="010111201" STYLEREFS="TXT_6"/>
						</TextLine>
						<TextLine ID="P4_TL00335" HPOS="606" VPOS="1717" WIDTH="528" HEIGHT="38">
							<String ID="P4_ST01748" HPOS="606" VPOS="1721" WIDTH="248" HEIGHT="34" CONTENT="Watchmaker," WC="0.91" CC="11001000241" STYLEREFS="TXT_6"/>
							<SP ID="P4_SP01391" HPOS="854" VPOS="1755" WIDTH="30"/>
							<String ID="P4_ST01749" HPOS="884" VPOS="1719" WIDTH="182" HEIGHT="33" CONTENT="Jewellek," WC="0.93" CC="111100021" STYLEREFS="TXT_6"/>
							<SP ID="P4_SP01392" HPOS="1066" VPOS="1755" WIDTH="16"/>
							<String ID="P4_ST01750" HPOS="1082" VPOS="1717" WIDTH="52" HEIGHT="30" CONTENT="&amp;c." WC="0.93" CC="201" STYLEREFS="TXT_6"/>
						</TextLine>
						<TextLine ID="P4_TL00336" HPOS="604" VPOS="1768" WIDTH="532" HEIGHT="35">
							<String ID="P4_ST01751" HPOS="604" VPOS="1772" WIDTH="123" HEIGHT="31" CONTENT="Importer" WC="0.97" CC="01100100"/>
							<SP ID="P4_SP01393" HPOS="727" VPOS="1803" WIDTH="33"/>
							<String ID="P4_ST01752" HPOS="760" VPOS="1771" WIDTH="28" HEIGHT="23" CONTENT="of" WC="0.96" CC="01"/>
							<SP ID="P4_SP01394" HPOS="788" VPOS="1803" WIDTH="38"/>
							<String ID="P4_ST01753" HPOS="826" VPOS="1768" WIDTH="106" HEIGHT="25" CONTENT="Musical" WC="0.98" CC="0110000"/>
							<SP ID="P4_SP01395" HPOS="932" VPOS="1803" WIDTH="35"/>
							<String ID="P4_ST01754" HPOS="967" VPOS="1768" WIDTH="169" HEIGHT="24" CONTENT="Instruments" WC="0.99" CC="00001000111"/>
						</TextLine>
						<TextLine ID="P4_TL00337" HPOS="703" VPOS="1806" WIDTH="333" HEIGHT="31">
							<String ID="P4_ST01755" HPOS="703" VPOS="1808" WIDTH="111" HEIGHT="25" CONTENT="Victoria" WC="0.96" CC="20010101"/>
							<SP ID="P4_SP01396" HPOS="814" VPOS="1833" WIDTH="21"/>
							<String ID="P4_ST01756" HPOS="835" VPOS="1807" WIDTH="37" HEIGHT="25" CONTENT="St." WC="0.93" CC="111"/>
							<SP ID="P4_SP01397" HPOS="872" VPOS="1833" WIDTH="31"/>
							<String ID="P4_ST01757" HPOS="903" VPOS="1806" WIDTH="133" HEIGHT="31" CONTENT="Rangiora." WC="0.96" CC="201100101"/>
						</TextLine>
						<TextLine ID="P4_TL00338" HPOS="607" VPOS="1883" WIDTH="530" HEIGHT="38">
							<String ID="P4_ST01758" HPOS="607" VPOS="1889" WIDTH="98" HEIGHT="32" CONTENT="Special" WC="0.98" CC="1000010"/>
							<SP ID="P4_SP01398" HPOS="705" VPOS="1921" WIDTH="10"/>
							<String ID="P4_ST01759" HPOS="715" VPOS="1888" WIDTH="71" HEIGHT="24" CONTENT="value" WC="0.98" CC="11000"/>
							<SP ID="P4_SP01399" HPOS="786" VPOS="1921" WIDTH="22"/>
							<String ID="P4_ST01760" HPOS="808" VPOS="1886" WIDTH="28" HEIGHT="25" CONTENT="m" WC="0.96" CC="0"/>
							<SP ID="P4_SP01400" HPOS="836" VPOS="1921" WIDTH="22"/>
							<String ID="P4_ST01761" HPOS="858" VPOS="1886" WIDTH="80" HEIGHT="24" CONTENT="Extra" WC="0.91" CC="12111"/>
							<SP ID="P4_SP01401" HPOS="938" VPOS="1921" WIDTH="22"/>
							<String ID="P4_ST01762" HPOS="960" VPOS="1886" WIDTH="87" HEIGHT="30" CONTENT="strong" WC="0.97" CC="110010"/>
							<SP ID="P4_SP01402" HPOS="1047" VPOS="1921" WIDTH="11"/>
							<String ID="P4_ST01763" HPOS="1058" VPOS="1883" WIDTH="79" HEIGHT="26" CONTENT="Cased" WC="0.97" CC="11101"/>
						</TextLine>
						<TextLine ID="P4_TL00339" HPOS="605" VPOS="1926" WIDTH="532" HEIGHT="38">
							<String ID="P4_ST01764" HPOS="605" VPOS="1932" WIDTH="87" HEIGHT="32" CONTENT="highly" WC="0.92" CC="200202"/>
							<SP ID="P4_SP01403" HPOS="692" VPOS="1964" WIDTH="8"/>
							<String ID="P4_ST01765" HPOS="700" VPOS="1930" WIDTH="109" HEIGHT="26" CONTENT="finished" WC="0.98" CC="11101100"/>
							<SP ID="P4_SP01404" HPOS="809" VPOS="1964" WIDTH="12"/>
							<String ID="P4_ST01766" HPOS="821" VPOS="1928" WIDTH="109" HEIGHT="33" CONTENT="English" WC="0.98" CC="0001011"/>
							<SP ID="P4_SP01405" HPOS="930" VPOS="1964" WIDTH="17"/>
							<String ID="P4_ST01767" HPOS="947" VPOS="1928" WIDTH="80" HEIGHT="25" CONTENT="Lever" WC="0.95" CC="10101"/>
							<SP ID="P4_SP01406" HPOS="1027" VPOS="1964" WIDTH="8"/>
							<String ID="P4_ST01768" HPOS="1035" VPOS="1926" WIDTH="102" HEIGHT="26" CONTENT="Watch-" WC="0.95" CC="100011"/>
						</TextLine>
						<TextLine ID="P4_TL00340" HPOS="606" VPOS="1970" WIDTH="532" HEIGHT="33">
							<String ID="P4_ST01769" HPOS="606" VPOS="1984" WIDTH="34" HEIGHT="17" CONTENT="es." WC="1.00" CC="000"/>
							<SP ID="P4_SP01407" HPOS="640" VPOS="2001" WIDTH="46"/>
							<String ID="P4_ST01770" HPOS="686" VPOS="1973" WIDTH="189" HEIGHT="26" CONTENT="Manufactured" WC="0.97" CC="100010111110"/>
							<SP ID="P4_SP01408" HPOS="875" VPOS="2001" WIDTH="17"/>
							<String ID="P4_ST01771" HPOS="892" VPOS="1973" WIDTH="26" HEIGHT="23" CONTENT="to" WC="0.98" CC="10"/>
							<SP ID="P4_SP01409" HPOS="918" VPOS="2001" WIDTH="22"/>
							<String ID="P4_ST01772" HPOS="940" VPOS="1978" WIDTH="43" HEIGHT="25" CONTENT="my" WC="0.93" CC="11"/>
							<SP ID="P4_SP01410" HPOS="983" VPOS="2003" WIDTH="28"/>
							<String ID="P4_ST01773" HPOS="1011" VPOS="1970" WIDTH="71" HEIGHT="26" CONTENT="order" WC="1.00" CC="00000"/>
							<SP ID="P4_SP01411" HPOS="1082" VPOS="2003" WIDTH="21"/>
							<String ID="P4_ST01774" HPOS="1103" VPOS="1970" WIDTH="35" HEIGHT="31" CONTENT="by" WC="0.91" CC="11"/>
						</TextLine>
						<TextLine ID="P4_TL00341" HPOS="605" VPOS="2010" WIDTH="532" HEIGHT="33">
							<String ID="P4_ST01775" HPOS="605" VPOS="2017" WIDTH="56" HEIGHT="24" CONTENT="best" WC="0.97" CC="0011"/>
							<SP ID="P4_SP01412" HPOS="661" VPOS="2041" WIDTH="10"/>
							<String ID="P4_ST01776" HPOS="671" VPOS="2016" WIDTH="104" HEIGHT="24" CONTENT="London" WC="0.95" CC="101101"/>
							<SP ID="P4_SP01413" HPOS="775" VPOS="2041" WIDTH="18"/>
							<String ID="P4_ST01777" HPOS="793" VPOS="2013" WIDTH="107" HEIGHT="25" CONTENT="makers." WC="0.97" CC="1100110"/>
							<SP ID="P4_SP01414" HPOS="900" VPOS="2041" WIDTH="35"/>
							<String ID="P4_ST01778" HPOS="935" VPOS="2010" WIDTH="156" HEIGHT="33" CONTENT="Unequalled" WC="0.90" CC="0113110005"/>
							<SP ID="P4_SP01415" HPOS="1091" VPOS="2043" WIDTH="8"/>
							<String ID="P4_ST01779" HPOS="1099" VPOS="2010" WIDTH="38" HEIGHT="25" CONTENT="for" WC="0.96" CC="101"/>
						</TextLine>
						<TextLine ID="P4_TL00342" HPOS="607" VPOS="2053" WIDTH="529" HEIGHT="35">
							<String ID="P4_ST01780" HPOS="607" VPOS="2059" WIDTH="121" HEIGHT="25" CONTENT="excellent" WC="0.94" CC="010100013"/>
							<SP ID="P4_SP01416" HPOS="728" VPOS="2084" WIDTH="13"/>
							<String ID="P4_ST01781" HPOS="741" VPOS="2056" WIDTH="177" HEIGHT="32" CONTENT="Timekeeping" WC="0.97" CC="10100011011"/>
							<SP ID="P4_SP01417" HPOS="918" VPOS="2088" WIDTH="14"/>
							<String ID="P4_ST01782" HPOS="932" VPOS="2055" WIDTH="51" HEIGHT="24" CONTENT="and" WC="0.96" CC="111"/>
							<SP ID="P4_SP01418" HPOS="983" VPOS="2088" WIDTH="10"/>
							<String ID="P4_ST01783" HPOS="993" VPOS="2053" WIDTH="143" HEIGHT="32" CONTENT="durability." WC="0.97" CC="21001000010"/>
						</TextLine>
						<TextLine ID="P4_TL00343" HPOS="639" VPOS="2097" WIDTH="497" HEIGHT="34">
							<String ID="P4_ST01784" HPOS="639" VPOS="2102" WIDTH="29" HEIGHT="24" CONTENT="F." WC="0.94" CC="11"/>
							<SP ID="P4_SP01419" HPOS="668" VPOS="2126" WIDTH="18"/>
							<String ID="P4_ST01785" HPOS="686" VPOS="2102" WIDTH="31" HEIGHT="24" CONTENT="B." WC="0.98" CC="01"/>
							<SP ID="P4_SP01420" HPOS="717" VPOS="2126" WIDTH="12"/>
							<String ID="P4_ST01786" HPOS="729" VPOS="2099" WIDTH="95" HEIGHT="25" CONTENT="LANE" WC="0.95" CC="0210"/>
							<SP ID="P4_SP01421" HPOS="824" VPOS="2126" WIDTH="13"/>
							<String ID="P4_ST01787" HPOS="837" VPOS="2097" WIDTH="139" HEIGHT="34" CONTENT="personally" WC="0.98" CC="0101000001"/>
							<SP ID="P4_SP01422" HPOS="976" VPOS="2131" WIDTH="21"/>
							<String ID="P4_ST01788" HPOS="997" VPOS="2097" WIDTH="71" HEIGHT="25" CONTENT="visits" WC="0.97" CC="100001"/>
							<SP ID="P4_SP01423" HPOS="1068" VPOS="2131" WIDTH="21"/>
							<String ID="P4_ST01789" HPOS="1089" VPOS="2097" WIDTH="47" HEIGHT="24" CONTENT="Ox-" WC="0.95" CC="011"/>
						</TextLine>
						<TextLine ID="P4_TL00344" HPOS="606" VPOS="2140" WIDTH="532" HEIGHT="36">
							<String ID="P4_ST01790" HPOS="606" VPOS="2146" WIDTH="54" HEIGHT="25" CONTENT="ford" WC="1.00" CC="0000"/>
							<SP ID="P4_SP01424" HPOS="660" VPOS="2171" WIDTH="19"/>
							<String ID="P4_ST01791" HPOS="679" VPOS="2144" WIDTH="124" HEIGHT="32" CONTENT="monthly," WC="0.97" CC="10111011"/>
							<SP ID="P4_SP01425" HPOS="803" VPOS="2176" WIDTH="24"/>
							<String ID="P4_ST01792" HPOS="827" VPOS="2143" WIDTH="113" HEIGHT="32" CONTENT="carrying" WC="0.96" CC="11100001"/>
							<SP ID="P4_SP01426" HPOS="940" VPOS="2176" WIDTH="19"/>
							<String ID="P4_ST01793" HPOS="959" VPOS="2150" WIDTH="16" HEIGHT="17" CONTENT="a" WC="0.89" CC="1"/>
							<SP ID="P4_SP01427" HPOS="975" VPOS="2176" WIDTH="22"/>
							<String ID="P4_ST01794" HPOS="997" VPOS="2141" WIDTH="68" HEIGHT="32" CONTENT="large" WC="0.99" CC="00010"/>
							<SP ID="P4_SP01428" HPOS="1065" VPOS="2176" WIDTH="22"/>
							<String ID="P4_ST01795" HPOS="1087" VPOS="2140" WIDTH="51" HEIGHT="26" CONTENT="and" WC="0.99" CC="010"/>
						</TextLine>
						<TextLine ID="P4_TL00345" HPOS="607" VPOS="2184" WIDTH="529" HEIGHT="31">
							<String ID="P4_ST01796" HPOS="607" VPOS="2190" WIDTH="83" HEIGHT="25" CONTENT="choice" WC="0.99" CC="010000"/>
							<SP ID="P4_SP01429" HPOS="690" VPOS="2215" WIDTH="34"/>
							<String ID="P4_ST01797" HPOS="724" VPOS="2187" WIDTH="70" HEIGHT="26" CONTENT="stock" WC="0.98" CC="10001"/>
							<SP ID="P4_SP01430" HPOS="794" VPOS="2215" WIDTH="28"/>
							<String ID="P4_ST01798" HPOS="822" VPOS="2187" WIDTH="27" HEIGHT="24" CONTENT="of" WC="0.91" CC="11"/>
							<SP ID="P4_SP01431" HPOS="849" VPOS="2215" WIDTH="31"/>
							<String ID="P4_ST01799" HPOS="880" VPOS="2185" WIDTH="125" HEIGHT="29" CONTENT="Watches," WC="0.96" CC="10011011"/>
							<SP ID="P4_SP01432" HPOS="1005" VPOS="2215" WIDTH="29"/>
							<String ID="P4_ST01800" HPOS="1034" VPOS="2184" WIDTH="102" HEIGHT="29" CONTENT="Chains," WC="0.96" CC="1100011"/>
						</TextLine>
						<TextLine ID="P4_TL00346" HPOS="607" VPOS="2229" WIDTH="529" HEIGHT="33">
							<String ID="P4_ST01801" HPOS="607" VPOS="2232" WIDTH="132" HEIGHT="27" CONTENT="Brooches," WC="0.97" CC="000010111"/>
							<SP ID="P4_SP01433" HPOS="739" VPOS="2259" WIDTH="11"/>
							<String ID="P4_ST01802" HPOS="750" VPOS="2232" WIDTH="86" HEIGHT="30" CONTENT="Rings," WC="0.89" CC="101312"/>
							<SP ID="P4_SP01434" HPOS="836" VPOS="2262" WIDTH="12"/>
							<String ID="P4_ST01803" HPOS="848" VPOS="2229" WIDTH="84" HEIGHT="28" CONTENT="Studs," WC="0.95" CC="210001"/>
							<SP ID="P4_SP01435" HPOS="932" VPOS="2262" WIDTH="18"/>
							<String ID="P4_ST01804" HPOS="950" VPOS="2229" WIDTH="128" HEIGHT="24" CONTENT="Pendants" WC="0.98" CC="10100001"/>
							<SP ID="P4_SP01436" HPOS="1078" VPOS="2262" WIDTH="12"/>
							<String ID="P4_ST01805" HPOS="1090" VPOS="2230" WIDTH="46" HEIGHT="27" CONTENT="etc," WC="0.98" CC="0001"/>
						</TextLine>
						<TextLine ID="P4_TL00347" HPOS="609" VPOS="2271" WIDTH="529" HEIGHT="37">
							<String ID="P4_ST01806" HPOS="609" VPOS="2276" WIDTH="139" HEIGHT="32" CONTENT="Spectacles" WC="0.99" CC="1100000000"/>
							<SP ID="P4_SP01437" HPOS="748" VPOS="2308" WIDTH="21"/>
							<String ID="P4_ST01807" HPOS="769" VPOS="2272" WIDTH="123" HEIGHT="34" CONTENT="(Pebbles," WC="0.97" CC="010000101"/>
							<SP ID="P4_SP01438" HPOS="892" VPOS="2308" WIDTH="17"/>
							<String ID="P4_ST01808" HPOS="909" VPOS="2272" WIDTH="167" HEIGHT="26" CONTENT="Pantoscopsc" WC="0.93" CC="11100000150"/>
							<SP ID="P4_SP01439" HPOS="1076" VPOS="2308" WIDTH="11"/>
							<String ID="P4_ST01809" HPOS="1087" VPOS="2271" WIDTH="51" HEIGHT="24" CONTENT="and" WC="0.97" CC="011"/>
						</TextLine>
						<TextLine ID="P4_TL00348" HPOS="608" VPOS="2314" WIDTH="530" HEIGHT="37">
							<String ID="P4_ST01810" HPOS="608" VPOS="2318" WIDTH="107" HEIGHT="33" CONTENT="Crystal)" WC="0.96" CC="01111110"/>
							<SP ID="P4_SP01440" HPOS="715" VPOS="2351" WIDTH="14"/>
							<String ID="P4_ST01811" HPOS="729" VPOS="2316" WIDTH="95" HEIGHT="28" CONTENT="Clocks," WC="0.99" CC="0000001"/>
							<SP ID="P4_SP01441" HPOS="824" VPOS="2351" WIDTH="19"/>
							<String ID="P4_ST01812" HPOS="843" VPOS="2315" WIDTH="106" HEIGHT="34" CONTENT="(Marble" WC="0.99" CC="1001000"/>
							<SP ID="P4_SP01442" HPOS="949" VPOS="2351" WIDTH="20"/>
							<String ID="P4_ST01813" HPOS="969" VPOS="2314" WIDTH="50" HEIGHT="25" CONTENT="and" WC="0.97" CC="011"/>
							<SP ID="P4_SP01443" HPOS="1019" VPOS="2351" WIDTH="18"/>
							<String ID="P4_ST01814" HPOS="1037" VPOS="2314" WIDTH="101" HEIGHT="31" CONTENT="Wood,)" WC="0.97" CC="100010"/>
						</TextLine>
						<TextLine ID="P4_TL00349" HPOS="706" VPOS="2358" WIDTH="332" HEIGHT="28">
							<String ID="P4_ST01815" HPOS="706" VPOS="2360" WIDTH="155" HEIGHT="26" CONTENT="Accordeons" WC="0.98" CC="1000010001"/>
							<SP ID="P4_SP01444" HPOS="861" VPOS="2386" WIDTH="11"/>
							<String ID="P4_ST01816" HPOS="872" VPOS="2359" WIDTH="50" HEIGHT="25" CONTENT="and" WC="0.96" CC="100"/>
							<SP ID="P4_SP01445" HPOS="922" VPOS="2386" WIDTH="10"/>
							<String ID="P4_ST01817" HPOS="932" VPOS="2358" WIDTH="106" HEIGHT="25" CONTENT="Violins." WC="0.96" CC="20000111"/>
						</TextLine>
						<TextLine ID="P4_TL00350" HPOS="641" VPOS="2399" WIDTH="488" HEIGHT="32">
							<String ID="P4_ST01818" HPOS="641" VPOS="2407" WIDTH="80" HEIGHT="24" CONTENT="Exact" WC="0.95" CC="01111"/>
							<SP ID="P4_SP01446" HPOS="721" VPOS="2431" WIDTH="11"/>
							<String ID="P4_ST01819" HPOS="732" VPOS="2405" WIDTH="57" HEIGHT="24" CONTENT="date" WC="0.99" CC="1000"/>
							<SP ID="P4_SP01447" HPOS="789" VPOS="2431" WIDTH="12"/>
							<String ID="P4_ST01820" HPOS="801" VPOS="2404" WIDTH="27" HEIGHT="25" CONTENT="of" WC="0.98" CC="01"/>
							<SP ID="P4_SP01448" HPOS="828" VPOS="2431" WIDTH="10"/>
							<String ID="P4_ST01821" HPOS="838" VPOS="2403" WIDTH="61" HEIGHT="25" CONTENT="each" WC="0.98" CC="0001"/>
							<SP ID="P4_SP01449" HPOS="899" VPOS="2431" WIDTH="11"/>
							<String ID="P4_ST01822" HPOS="910" VPOS="2402" WIDTH="59" HEIGHT="25" CONTENT="visit" WC="1.00" CC="00000"/>
							<SP ID="P4_SP01450" HPOS="969" VPOS="2431" WIDTH="21"/>
							<String ID="P4_ST01823" HPOS="990" VPOS="2401" WIDTH="22" HEIGHT="24" CONTENT="is" WC="0.98" CC="01"/>
							<SP ID="P4_SP01451" HPOS="1012" VPOS="2431" WIDTH="12"/>
							<String ID="P4_ST01824" HPOS="1024" VPOS="2399" WIDTH="105" HEIGHT="26" CONTENT="notified" WC="0.94" CC="10102201"/>
						</TextLine>
						<TextLine ID="P4_TL00351" HPOS="754" VPOS="2448" WIDTH="233" HEIGHT="26">
							<String ID="P4_ST01825" HPOS="754" VPOS="2448" WIDTH="27" HEIGHT="26" CONTENT="m" WC="0.98" CC="0"/>
							<SP ID="P4_SP01452" HPOS="781" VPOS="2474" WIDTH="33"/>
							<String ID="P4_ST01826" HPOS="814" VPOS="2448" WIDTH="173" HEIGHT="24" CONTENT='"Observer."' WC="0.94" CC="50000010110"/>
						</TextLine>
						<TextLine ID="P4_TL00352" HPOS="607" VPOS="2487" WIDTH="531" HEIGHT="35">
							<String ID="P4_ST01827" HPOS="607" VPOS="2495" WIDTH="113" HEIGHT="24" CONTENT="Repairs." WC="0.94" CC="11100211"/>
							<String ID="P4_ST01828" HPOS="722" VPOS="2507" WIDTH="32" HEIGHT="4" CONTENT="—" WC="1.00" CC="0"/>
							<String ID="P4_ST01829" HPOS="756" VPOS="2492" WIDTH="41" HEIGHT="24" CONTENT="All" WC="0.99" CC="100"/>
							<SP ID="P4_SP01453" HPOS="797" VPOS="2519" WIDTH="10"/>
							<String ID="P4_ST01830" HPOS="807" VPOS="2491" WIDTH="94" HEIGHT="31" CONTENT="repairs" WC="0.99" CC="0000001"/>
							<SP ID="P4_SP01454" HPOS="901" VPOS="2522" WIDTH="17"/>
							<String ID="P4_ST01831" HPOS="918" VPOS="2497" WIDTH="42" HEIGHT="17" CONTENT="are" WC="0.99" CC="001"/>
							<SP ID="P4_SP01455" HPOS="960" VPOS="2522" WIDTH="17"/>
							<String ID="P4_ST01832" HPOS="977" VPOS="2488" WIDTH="118" HEIGHT="25" CONTENT="executed" WC="0.96" CC="02001101"/>
							<SP ID="P4_SP01456" HPOS="1095" VPOS="2522" WIDTH="11"/>
							<String ID="P4_ST01833" HPOS="1106" VPOS="2487" WIDTH="32" HEIGHT="31" CONTENT="by" WC="0.98" CC="01"/>
						</TextLine>
						<TextLine ID="P4_TL00353" HPOS="606" VPOS="2531" WIDTH="532" HEIGHT="39">
							<String ID="P4_ST01834" HPOS="606" VPOS="2537" WIDTH="91" HEIGHT="33" CONTENT="myself" WC="0.98" CC="101000"/>
							<SP ID="P4_SP01457" HPOS="697" VPOS="2570" WIDTH="20"/>
							<String ID="P4_ST01835" HPOS="717" VPOS="2544" WIDTH="28" HEIGHT="17" CONTENT="or" WC="1.00" CC="00"/>
							<SP ID="P4_SP01458" HPOS="745" VPOS="2570" WIDTH="16"/>
							<String ID="P4_ST01836" HPOS="761" VPOS="2535" WIDTH="79" HEIGHT="25" CONTENT="under" WC="0.98" CC="01001"/>
							<SP ID="P4_SP01459" HPOS="840" VPOS="2570" WIDTH="16"/>
							<String ID="P4_ST01837" HPOS="856" VPOS="2542" WIDTH="42" HEIGHT="23" CONTENT="my" WC="0.91" CC="21"/>
							<SP ID="P4_SP01460" HPOS="898" VPOS="2570" WIDTH="20"/>
							<String ID="P4_ST01838" HPOS="918" VPOS="2531" WIDTH="220" HEIGHT="33" CONTENT="superintendence" WC="0.97" CC="101011110010100"/>
						</TextLine>
						<TextLine ID="P4_TL00354" HPOS="608" VPOS="2575" WIDTH="531" HEIGHT="37">
							<String ID="P4_ST01839" HPOS="608" VPOS="2590" WIDTH="27" HEIGHT="18" CONTENT="so" WC="0.98" CC="10"/>
							<SP ID="P4_SP01461" HPOS="635" VPOS="2608" WIDTH="21"/>
							<String ID="P4_ST01840" HPOS="656" VPOS="2581" WIDTH="56" HEIGHT="25" CONTENT="that" WC="0.97" CC="1011"/>
							<SP ID="P4_SP01462" HPOS="712" VPOS="2608" WIDTH="18"/>
							<String ID="P4_ST01841" HPOS="730" VPOS="2582" WIDTH="102" HEIGHT="30" CONTENT="patrons" WC="0.97" CC="1010011"/>
							<SP ID="P4_SP01463" HPOS="832" VPOS="2612" WIDTH="12"/>
							<String ID="P4_ST01842" HPOS="844" VPOS="2586" WIDTH="47" HEIGHT="17" CONTENT="can" WC="0.97" CC="001"/>
							<SP ID="P4_SP01464" HPOS="891" VPOS="2612" WIDTH="21"/>
							<String ID="P4_ST01843" HPOS="912" VPOS="2577" WIDTH="52" HEIGHT="31" CONTENT="rely" WC="0.96" CC="0101"/>
							<SP ID="P4_SP01465" HPOS="964" VPOS="2612" WIDTH="22"/>
							<String ID="P4_ST01844" HPOS="986" VPOS="2584" WIDTH="34" HEIGHT="17" CONTENT="on" WC="1.00" CC="00"/>
							<SP ID="P4_SP01466" HPOS="1020" VPOS="2612" WIDTH="22"/>
							<String ID="P4_ST01845" HPOS="1042" VPOS="2575" WIDTH="97" HEIGHT="32" CONTENT="getting" WC="0.97" CC="0111011"/>
						</TextLine>
						<TextLine ID="P4_TL00355" HPOS="608" VPOS="2619" WIDTH="529" HEIGHT="33">
							<String ID="P4_ST01846" HPOS="608" VPOS="2624" WIDTH="152" HEIGHT="27" CONTENT="satisfaction" WC="0.99" CC="100000111000"/>
							<SP ID="P4_SP01467" HPOS="760" VPOS="2651" WIDTH="9"/>
							<String ID="P4_ST01847" HPOS="769" VPOS="2625" WIDTH="26" HEIGHT="23" CONTENT="at" WC="0.96" CC="11"/>
							<SP ID="P4_SP01468" HPOS="795" VPOS="2651" WIDTH="12"/>
							<String ID="P4_ST01848" HPOS="807" VPOS="2622" WIDTH="44" HEIGHT="25" CONTENT="the" WC="0.97" CC="010"/>
							<SP ID="P4_SP01469" HPOS="851" VPOS="2651" WIDTH="10"/>
							<String ID="P4_ST01849" HPOS="861" VPOS="2629" WIDTH="58" HEIGHT="23" CONTENT="very" WC="0.97" CC="1101"/>
							<SP ID="P4_SP01470" HPOS="919" VPOS="2652" WIDTH="12"/>
							<String ID="P4_ST01850" HPOS="931" VPOS="2620" WIDTH="85" HEIGHT="26" CONTENT="lowest" WC="0.96" CC="001011"/>
							<SP ID="P4_SP01471" HPOS="1016" VPOS="2652" WIDTH="9"/>
							<String ID="P4_ST01851" HPOS="1025" VPOS="2619" WIDTH="112" HEIGHT="31" CONTENT="charges." WC="0.99" CC="00000101"/>
						</TextLine>
						<TextLine ID="P4_TL00356" HPOS="640" VPOS="2663" WIDTH="466" HEIGHT="37">
							<String ID="P4_ST01852" HPOS="640" VPOS="2669" WIDTH="103" HEIGHT="31" CONTENT="Repairs" WC="0.99" CC="0001000"/>
							<SP ID="P4_SP01472" HPOS="743" VPOS="2700" WIDTH="12"/>
							<String ID="P4_ST01853" HPOS="755" VPOS="2676" WIDTH="27" HEIGHT="16" CONTENT="or" WC="0.98" CC="01"/>
							<SP ID="P4_SP01473" HPOS="782" VPOS="2700" WIDTH="9"/>
							<String ID="P4_ST01854" HPOS="791" VPOS="2666" WIDTH="83" HEIGHT="26" CONTENT="orders" WC="0.96" CC="010111"/>
							<SP ID="P4_SP01474" HPOS="874" VPOS="2700" WIDTH="8"/>
							<String ID="P4_ST01855" HPOS="882" VPOS="2673" WIDTH="59" HEIGHT="23" CONTENT="may" WC="0.96" CC="110"/>
							<SP ID="P4_SP01475" HPOS="941" VPOS="2700" WIDTH="10"/>
							<String ID="P4_ST01856" HPOS="951" VPOS="2664" WIDTH="31" HEIGHT="25" CONTENT="be" WC="1.00" CC="00"/>
							<SP ID="P4_SP01476" HPOS="982" VPOS="2700" WIDTH="8"/>
							<String ID="P4_ST01857" HPOS="990" VPOS="2663" WIDTH="44" HEIGHT="26" CONTENT="left" WC="0.98" CC="0001"/>
							<SP ID="P4_SP01477" HPOS="1034" VPOS="2700" WIDTH="11"/>
							<String ID="P4_ST01858" HPOS="1045" VPOS="2664" WIDTH="26" HEIGHT="24" CONTENT="at" WC="0.98" CC="01"/>
							<String ID="P4_ST01859" HPOS="1071" VPOS="2677" WIDTH="35" HEIGHT="4" CONTENT="—" WC="1.00" CC="0"/>
						</TextLine>
						<TextLine ID="P4_TL00357" HPOS="607" VPOS="2712" WIDTH="398" HEIGHT="33">
							<String ID="P4_ST01860" HPOS="607" VPOS="2718" WIDTH="26" HEIGHT="24" CONTENT="J." WC="0.98" CC="01"/>
							<SP ID="P4_SP01478" HPOS="633" VPOS="2742" WIDTH="17"/>
							<String ID="P4_ST01861" HPOS="650" VPOS="2715" WIDTH="133" HEIGHT="30" CONTENT="Weeber's," WC="0.94" CC="111011112"/>
							<SP ID="P4_SP01479" HPOS="783" VPOS="2745" WIDTH="34"/>
							<String ID="P4_ST01862" HPOS="817" VPOS="2714" WIDTH="65" HEIGHT="25" CONTENT="East" WC="0.96" CC="1011"/>
							<SP ID="P4_SP01480" HPOS="882" VPOS="2745" WIDTH="24"/>
							<String ID="P4_ST01863" HPOS="906" VPOS="2712" WIDTH="99" HEIGHT="25" CONTENT="Oxford," WC="0.93" CC="0310101"/>
						</TextLine>
						<TextLine ID="P4_TL00358" HPOS="607" VPOS="2755" WIDTH="421" HEIGHT="30">
							<String ID="P4_ST01864" HPOS="607" VPOS="2763" WIDTH="26" HEIGHT="22" CONTENT="at" WC="0.96" CC="01"/>
							<SP ID="P4_SP01481" HPOS="633" VPOS="2785" WIDTH="22"/>
							<String ID="P4_ST01865" HPOS="655" VPOS="2760" WIDTH="40" HEIGHT="24" CONTENT="W." WC="0.96" CC="11"/>
							<SP ID="P4_SP01482" HPOS="695" VPOS="2785" WIDTH="23"/>
							<String ID="P4_ST01866" HPOS="718" VPOS="2760" WIDTH="36" HEIGHT="23" CONTENT="M." WC="1.00" CC="00"/>
							<SP ID="P4_SP01483" HPOS="754" VPOS="2785" WIDTH="24"/>
							<String ID="P4_ST01867" HPOS="778" VPOS="2758" WIDTH="38" HEIGHT="26" CONTENT="C," WC="0.93" CC="11"/>
							<SP ID="P4_SP01484" HPOS="816" VPOS="2785" WIDTH="23"/>
							<String ID="P4_ST01868" HPOS="839" VPOS="2758" WIDTH="65" HEIGHT="23" CONTENT="East" WC="0.97" CC="1100"/>
							<SP ID="P4_SP01485" HPOS="904" VPOS="2785" WIDTH="24"/>
							<String ID="P4_ST01869" HPOS="928" VPOS="2755" WIDTH="100" HEIGHT="25" CONTENT="Oxford." WC="0.91" CC="0240101"/>
						</TextLine>
						<TextLine ID="P4_TL00359" HPOS="607" VPOS="2796" WIDTH="529" HEIGHT="35">
							<String ID="P4_ST01870" HPOS="607" VPOS="2804" WIDTH="24" HEIGHT="25" CONTENT="J." WC="0.89" CC="21"/>
							<SP ID="P4_SP01486" HPOS="631" VPOS="2829" WIDTH="17"/>
							<String ID="P4_ST01871" HPOS="648" VPOS="2803" WIDTH="99" HEIGHT="28" CONTENT="Brown," WC="0.96" CC="101101"/>
							<SP ID="P4_SP01487" HPOS="747" VPOS="2831" WIDTH="13"/>
							<String ID="P4_ST01872" HPOS="760" VPOS="2800" WIDTH="158" HEIGHT="29" CONTENT="Bootmaker," WC="0.98" CC="0001010002"/>
							<SP ID="P4_SP01488" HPOS="918" VPOS="2831" WIDTH="25"/>
							<String ID="P4_ST01873" HPOS="943" VPOS="2798" WIDTH="69" HEIGHT="25" CONTENT="West" WC="0.97" CC="0011"/>
							<SP ID="P4_SP01489" HPOS="1012" VPOS="2831" WIDTH="25"/>
							<String ID="P4_ST01874" HPOS="1037" VPOS="2796" WIDTH="99" HEIGHT="26" CONTENT="Oxford." WC="0.95" CC="0300001"/>
						</TextLine>
						<TextLine ID="P4_TL00360" HPOS="607" VPOS="2842" WIDTH="398" HEIGHT="32">
							<String ID="P4_ST01875" HPOS="607" VPOS="2848" WIDTH="39" HEIGHT="26" CONTENT="W." WC="0.94" CC="11"/>
							<SP ID="P4_SP01490" HPOS="646" VPOS="2874" WIDTH="13"/>
							<String ID="P4_ST01876" HPOS="659" VPOS="2848" WIDTH="24" HEIGHT="25" CONTENT="J." WC="0.91" CC="11"/>
							<SP ID="P4_SP01491" HPOS="683" VPOS="2874" WIDTH="14"/>
							<String ID="P4_ST01877" HPOS="697" VPOS="2846" WIDTH="117" HEIGHT="26" CONTENT="Crothers" WC="0.96" CC="00011101"/>
							<SP ID="P4_SP01492" HPOS="814" VPOS="2874" WIDTH="10"/>
							<String ID="P4_ST01878" HPOS="824" VPOS="2845" WIDTH="18" HEIGHT="24" CONTENT="&amp;" WC="0.85" CC="2"/>
							<SP ID="P4_SP01493" HPOS="842" VPOS="2874" WIDTH="13"/>
							<String ID="P4_ST01879" HPOS="855" VPOS="2844" WIDTH="44" HEIGHT="25" CONTENT="Co." WC="0.96" CC="101"/>
							<String ID="P4_ST01880" HPOS="907" VPOS="2861" WIDTH="6" HEIGHT="7" CONTENT="." WC="0.96" CC="1"/>
							<SP ID="P4_SP01494" HPOS="913" VPOS="2874" WIDTH="22"/>
							<String ID="P4_ST01881" HPOS="935" VPOS="2842" WIDTH="70" HEIGHT="26" CONTENT="Cust." WC="0.93" CC="11111"/>
						</TextLine>
						<TextLine ID="P4_TL00361" HPOS="640" VPOS="2885" WIDTH="465" HEIGHT="35">
							<String ID="P4_ST01882" HPOS="640" VPOS="2891" WIDTH="50" HEIGHT="25" CONTENT="and" WC="0.97" CC="110"/>
							<SP ID="P4_SP01495" HPOS="690" VPOS="2916" WIDTH="16"/>
							<String ID="P4_ST01883" HPOS="706" VPOS="2890" WIDTH="52" HEIGHT="25" CONTENT="will" WC="0.99" CC="1000"/>
							<SP ID="P4_SP01496" HPOS="758" VPOS="2916" WIDTH="6"/>
							<String ID="P4_ST01884" HPOS="764" VPOS="2889" WIDTH="30" HEIGHT="25" CONTENT="be" WC="1.00" CC="00"/>
							<SP ID="P4_SP01497" HPOS="794" VPOS="2916" WIDTH="11"/>
							<String ID="P4_ST01885" HPOS="805" VPOS="2887" WIDTH="125" HEIGHT="33" CONTENT="promptly" WC="0.98" CC="11010000"/>
							<SP ID="P4_SP01498" HPOS="930" VPOS="2920" WIDTH="11"/>
							<String ID="P4_ST01886" HPOS="941" VPOS="2885" WIDTH="118" HEIGHT="26" CONTENT="attended" WC="0.86" CC="91000101"/>
							<SP ID="P4_SP01499" HPOS="1059" VPOS="2920" WIDTH="11"/>
							<String ID="P4_ST01887" HPOS="1070" VPOS="2886" WIDTH="35" HEIGHT="24" CONTENT="to." WC="0.99" CC="100"/>
						</TextLine>
						<TextLine ID="P4_TL00362" HPOS="610" VPOS="2930" WIDTH="529" HEIGHT="37">
							<String ID="P4_ST01888" HPOS="610" VPOS="2936" WIDTH="53" HEIGHT="31" CONTENT="All" WC="0.97" CC="100" STYLEREFS="TXT_6"/>
							<SP ID="P4_SP01500" HPOS="663" VPOS="2967" WIDTH="10"/>
							<String ID="P4_ST01889" HPOS="673" VPOS="2934" WIDTH="99" HEIGHT="31" CONTENT='"Work' WC="0.95" CC="12001" STYLEREFS="TXT_6"/>
							<SP ID="P4_SP01501" HPOS="772" VPOS="2967" WIDTH="11"/>
							<String ID="P4_ST01890" HPOS="783" VPOS="2933" WIDTH="78" HEIGHT="30" CONTENT="done" WC="0.98" CC="1000" STYLEREFS="TXT_6"/>
							<SP ID="P4_SP01502" HPOS="861" VPOS="2967" WIDTH="11"/>
							<String ID="P4_ST01891" HPOS="872" VPOS="2942" WIDTH="39" HEIGHT="20" CONTENT="on" WC="0.98" CC="01" STYLEREFS="TXT_6"/>
							<SP ID="P4_SP01503" HPOS="911" VPOS="2967" WIDTH="14"/>
							<String ID="P4_ST01892" HPOS="925" VPOS="2931" WIDTH="53" HEIGHT="30" CONTENT="the" WC="0.93" CC="111" STYLEREFS="TXT_6"/>
							<SP ID="P4_SP01504" HPOS="978" VPOS="2967" WIDTH="12"/>
							<String ID="P4_ST01893" HPOS="990" VPOS="2930" WIDTH="149" HEIGHT="30" CONTENT="Premises" WC="0.96" CC="11011101" STYLEREFS="TXT_6"/>
						</TextLine>
						<TextLine ID="P4_TL00363" HPOS="730" VPOS="2982" WIDTH="273" HEIGHT="42">
							<String ID="P4_ST01894" HPOS="730" VPOS="2986" WIDTH="61" HEIGHT="30" CONTENT="and" WC="0.91" CC="111" STYLEREFS="TXT_6"/>
							<SP ID="P4_SP01505" HPOS="791" VPOS="3016" WIDTH="15"/>
							<String ID="P4_ST01895" HPOS="806" VPOS="2982" WIDTH="197" HEIGHT="42" CONTENT="guaranteed." WC="0.96" CC="01120100011" STYLEREFS="TXT_6"/>
						</TextLine>
						<TextLine ID="P4_TL00364" HPOS="611" VPOS="3080" WIDTH="527" HEIGHT="49">
							<String ID="P4_ST01896" HPOS="611" VPOS="3090" WIDTH="88" HEIGHT="39" CONTENT="MR" WC="0.98" CC="10" STYLEREFS="TXT_15"/>
							<SP ID="P4_SP01506" HPOS="699" VPOS="3129" WIDTH="21"/>
							<String ID="P4_ST01897" HPOS="720" VPOS="3087" WIDTH="64" HEIGHT="41" CONTENT="W." WC="0.91" CC="11" STYLEREFS="TXT_15"/>
							<SP ID="P4_SP01507" HPOS="784" VPOS="3129" WIDTH="26"/>
							<String ID="P4_ST01898" HPOS="810" VPOS="3085" WIDTH="49" HEIGHT="41" CONTENT="N," WC="0.81" CC="13" STYLEREFS="TXT_15"/>
							<SP ID="P4_SP01508" HPOS="859" VPOS="3129" WIDTH="26"/>
							<String ID="P4_ST01899" HPOS="885" VPOS="3080" WIDTH="253" HEIGHT="46" CONTENT="CATHRO," WC="0.93" CC="1010103" STYLEREFS="TXT_15"/>
						</TextLine>
						<TextLine ID="P4_TL00365" HPOS="650" VPOS="3152" WIDTH="449" HEIGHT="30">
							<String ID="P4_ST01900" HPOS="650" VPOS="3157" WIDTH="180" HEIGHT="25" CONTENT="BARRISTER" WC="0.81" CC="105301107" STYLEREFS="TXT_1"/>
							<SP ID="P4_SP01509" HPOS="830" VPOS="3182" WIDTH="14"/>
							<String ID="P4_ST01901" HPOS="844" VPOS="3156" WIDTH="67" HEIGHT="22" CONTENT="AND" WC="0.95" CC="111" STYLEREFS="TXT_1"/>
							<SP ID="P4_SP01510" HPOS="911" VPOS="3182" WIDTH="16"/>
							<String ID="P4_ST01902" HPOS="927" VPOS="3152" WIDTH="172" HEIGHT="24" CONTENT="SOLICITOR." WC="0.96" CC="1000100030" STYLEREFS="TXT_1"/>
						</TextLine>
						<TextLine ID="P4_TL00366" HPOS="758" VPOS="3197" WIDTH="230" HEIGHT="34">
							<String ID="P4_ST01903" HPOS="758" VPOS="3197" WIDTH="230" HEIGHT="34" CONTENT="KANGIORA." WC="0.83" CC="206500101" STYLEREFS="TXT_6"/>
						</TextLine>
						<TextLine ID="P4_TL00367" HPOS="606" VPOS="3246" WIDTH="531" HEIGHT="41">
							<String ID="P4_ST01904" HPOS="606" VPOS="3254" WIDTH="131" HEIGHT="32" CONTENT="Attends" WC="0.95" CC="1100111" STYLEREFS="TXT_6"/>
							<SP ID="P4_SP01511" HPOS="737" VPOS="3286" WIDTH="15"/>
							<String ID="P4_ST01905" HPOS="752" VPOS="3251" WIDTH="122" HEIGHT="33" CONTENT="Oxford" WC="0.96" CC="011011" STYLEREFS="TXT_6"/>
							<SP ID="P4_SP01512" HPOS="874" VPOS="3286" WIDTH="13"/>
							<String ID="P4_ST01906" HPOS="887" VPOS="3260" WIDTH="40" HEIGHT="21" CONTENT="on" WC="0.98" CC="01" STYLEREFS="TXT_6"/>
							<SP ID="P4_SP01513" HPOS="927" VPOS="3286" WIDTH="11"/>
							<String ID="P4_ST01907" HPOS="938" VPOS="3248" WIDTH="96" HEIGHT="32" CONTENT="Court" WC="0.95" CC="10011" STYLEREFS="TXT_6"/>
							<SP ID="P4_SP01514" HPOS="1034" VPOS="3286" WIDTH="8"/>
							<String ID="P4_ST01908" HPOS="1042" VPOS="3246" WIDTH="95" HEIGHT="41" CONTENT="Days." WC="0.95" CC="00211" STYLEREFS="TXT_6"/>
						</TextLine>
						<TextLine ID="P4_TL00368" HPOS="606" VPOS="3322" WIDTH="532" HEIGHT="36">
							<String ID="P4_ST01909" HPOS="606" VPOS="3328" WIDTH="166" HEIGHT="26" CONTENT="Instructions" WC="0.98" CC="000011000011"/>
							<SP ID="P4_SP01515" HPOS="772" VPOS="3354" WIDTH="8"/>
							<String ID="P4_ST01910" HPOS="780" VPOS="3327" WIDTH="33" HEIGHT="31" CONTENT="by" WC="0.96" CC="01"/>
							<SP ID="P4_SP01516" HPOS="813" VPOS="3358" WIDTH="10"/>
							<String ID="P4_ST01911" HPOS="823" VPOS="3327" WIDTH="56" HEIGHT="30" CONTENT="post" WC="0.95" CC="0011"/>
							<SP ID="P4_SP01517" HPOS="879" VPOS="3358" WIDTH="12"/>
							<String ID="P4_ST01912" HPOS="891" VPOS="3323" WIDTH="51" HEIGHT="26" CONTENT="will" WC="0.92" CC="1020"/>
							<SP ID="P4_SP01518" HPOS="942" VPOS="3358" WIDTH="11"/>
							<String ID="P4_ST01913" HPOS="953" VPOS="3322" WIDTH="92" HEIGHT="26" CONTENT="receive" WC="0.98" CC="0100001"/>
							<SP ID="P4_SP01519" HPOS="1045" VPOS="3358" WIDTH="11"/>
							<String ID="P4_ST01914" HPOS="1056" VPOS="3328" WIDTH="82" HEIGHT="25" CONTENT="prom-" WC="0.98" CC="10001"/>
						</TextLine>
						<TextLine ID="P4_TL00369" HPOS="769" VPOS="3362" WIDTH="187" HEIGHT="35">
							<String ID="P4_ST01915" HPOS="769" VPOS="3367" WIDTH="28" HEIGHT="30" CONTENT="pt" WC="0.96" CC="11"/>
							<SP ID="P4_SP01520" HPOS="797" VPOS="3397" WIDTH="27"/>
							<String ID="P4_ST01916" HPOS="824" VPOS="3362" WIDTH="132" HEIGHT="27" CONTENT="attention." WC="0.98" CC="0110010001"/>
						</TextLine>
						<TextLine ID="P4_TL00370" HPOS="726" VPOS="3410" WIDTH="287" HEIGHT="25">
							<String ID="P4_ST01917" HPOS="726" VPOS="3412" WIDTH="106" HEIGHT="23" CONTENT="MONEY" WC="0.73" CC="60700"/>
							<SP ID="P4_SP01521" HPOS="832" VPOS="3435" WIDTH="28"/>
							<String ID="P4_ST01918" HPOS="860" VPOS="3411" WIDTH="37" HEIGHT="21" CONTENT="TO" WC="0.98" CC="10"/>
							<SP ID="P4_SP01522" HPOS="897" VPOS="3435" WIDTH="28"/>
							<String ID="P4_ST01919" HPOS="925" VPOS="3410" WIDTH="88" HEIGHT="21" CONTENT="LEND." WC="0.91" CC="11221"/>
						</TextLine>
						<TextLine ID="P4_TL00371" HPOS="656" VPOS="3492" WIDTH="451" HEIGHT="63">
							<String ID="P4_ST01920" HPOS="656" VPOS="3499" WIDTH="43" HEIGHT="56" CONTENT="S." WC="0.87" CC="12" STYLEREFS="TXT_14"/>
							<SP ID="P4_SP01523" HPOS="699" VPOS="3555" WIDTH="33"/>
							<String ID="P4_ST01921" HPOS="732" VPOS="3499" WIDTH="50" HEIGHT="45" CONTENT="B." WC="0.94" CC="11" STYLEREFS="TXT_14"/>
							<SP ID="P4_SP01524" HPOS="782" VPOS="3555" WIDTH="23"/>
							<String ID="P4_ST01922" HPOS="805" VPOS="3492" WIDTH="302" HEIGHT="54" CONTENT="SETMOUE," WC="0.93" CC="11100121" STYLEREFS="TXT_14"/>
						</TextLine>
						<TextLine ID="P4_TL00372" HPOS="802" VPOS="3563" WIDTH="137" HEIGHT="26">
							<String ID="P4_ST01923" HPOS="802" VPOS="3563" WIDTH="137" HEIGHT="26" CONTENT="DENTIST," WC="0.93" CC="10200103" STYLEREFS="TXT_1"/>
						</TextLine>
						<TextLine ID="P4_TL00373" HPOS="646" VPOS="3602" WIDTH="444" HEIGHT="33">
							<String ID="P4_ST01924" HPOS="646" VPOS="3613" WIDTH="41" HEIGHT="22" CONTENT="215" WC="1.00" CC="000" STYLEREFS="TXT_1"/>
							<SP ID="P4_SP01525" HPOS="687" VPOS="3635" WIDTH="14"/>
							<String ID="P4_ST01925" HPOS="701" VPOS="3608" WIDTH="104" HEIGHT="23" CONTENT="Colombo" WC="0.96" CC="1000110" STYLEREFS="TXT_1"/>
							<SP ID="P4_SP01526" HPOS="805" VPOS="3635" WIDTH="14"/>
							<String ID="P4_ST01926" HPOS="819" VPOS="3607" WIDTH="81" HEIGHT="23" CONTENT="Street," WC="0.96" CC="1100011" STYLEREFS="TXT_1"/>
							<SP ID="P4_SP01527" HPOS="900" VPOS="3635" WIDTH="23"/>
							<String ID="P4_ST01927" HPOS="923" VPOS="3602" WIDTH="167" HEIGHT="24" CONTENT="Christchurch." WC="0.94" CC="1101000130111" STYLEREFS="TXT_1"/>
						</TextLine>
						<TextLine ID="P4_TL00374" HPOS="772" VPOS="3680" WIDTH="176" HEIGHT="23">
							<String ID="P4_ST01928" HPOS="772" VPOS="3680" WIDTH="176" HEIGHT="23" CONTENT="CHARGES:—" WC="1.00" CC="000001000" STYLEREFS="TXT_1"/>
						</TextLine>
						<TextLine ID="P4_TL00375" HPOS="671" VPOS="3717" WIDTH="397" HEIGHT="33">
							<String ID="P4_ST01929" HPOS="671" VPOS="3724" WIDTH="93" HEIGHT="26" CONTENT="Filling," WC="0.92" CC="41100111" STYLEREFS="TXT_1"/>
							<SP ID="P4_SP01528" HPOS="764" VPOS="3750" WIDTH="15"/>
							<String ID="P4_ST01930" HPOS="779" VPOS="3723" WIDTH="23" HEIGHT="19" CONTENT="ss" WC="0.72" CC="15" STYLEREFS="TXT_1"/>
							<String ID="P4_ST01931" HPOS="810" VPOS="3730" WIDTH="7" HEIGHT="16" CONTENT=";" WC="0.63" CC="4" STYLEREFS="TXT_1"/>
							<SP ID="P4_SP01529" HPOS="817" VPOS="3750" WIDTH="35"/>
							<String ID="P4_ST01932" HPOS="852" VPOS="3719" WIDTH="131" HEIGHT="22" CONTENT="Extraction" WC="0.94" CC="1301001101" STYLEREFS="TXT_1"/>
							<SP ID="P4_SP01530" HPOS="983" VPOS="3750" WIDTH="9"/>
							<String ID="P4_ST01933" HPOS="992" VPOS="3719" WIDTH="25" HEIGHT="20" CONTENT="2s" WC="0.96" CC="11" STYLEREFS="TXT_1"/>
							<SP ID="P4_SP01531" HPOS="1017" VPOS="3750" WIDTH="14"/>
							<String ID="P4_ST01934" HPOS="1031" VPOS="3717" WIDTH="37" HEIGHT="21" CONTENT="6d." WC="0.96" CC="101" STYLEREFS="TXT_1"/>
						</TextLine>
						<TextLine ID="P4_TL00376" HPOS="631" VPOS="3782" WIDTH="504" HEIGHT="32">
							<String ID="P4_ST01935" HPOS="631" VPOS="3793" WIDTH="94" HEIGHT="21" CONTENT="Nitrous" WC="0.96" CC="2010001" STYLEREFS="TXT_1"/>
							<SP ID="P4_SP01532" HPOS="725" VPOS="3814" WIDTH="11"/>
							<String ID="P4_ST01936" HPOS="736" VPOS="3788" WIDTH="59" HEIGHT="22" CONTENT="Oxid" WC="0.91" CC="0211" STYLEREFS="TXT_1"/>
							<SP ID="P4_SP01533" HPOS="795" VPOS="3814" WIDTH="10"/>
							<String ID="P4_ST01937" HPOS="805" VPOS="3787" WIDTH="45" HEIGHT="20" CONTENT="Gas" WC="0.84" CC="411" STYLEREFS="TXT_1"/>
							<SP ID="P4_SP01534" HPOS="850" VPOS="3814" WIDTH="11"/>
							<String ID="P4_ST01938" HPOS="861" VPOS="3783" WIDTH="167" HEIGHT="24" CONTENT="Administered" WC="0.96" CC="101011111001" STYLEREFS="TXT_1"/>
							<SP ID="P4_SP01535" HPOS="1028" VPOS="3814" WIDTH="4"/>
							<String ID="P4_ST01939" HPOS="1032" VPOS="3782" WIDTH="37" HEIGHT="21" CONTENT="for" WC="0.94" CC="111" STYLEREFS="TXT_1"/>
							<SP ID="P4_SP01536" HPOS="1069" VPOS="3814" WIDTH="7"/>
							<String ID="P4_ST01940" HPOS="1076" VPOS="3782" WIDTH="59" HEIGHT="21" CONTENT="Pain" WC="0.94" CC="2101" STYLEREFS="TXT_1"/>
						</TextLine>
						<TextLine ID="P4_TL00377" HPOS="603" VPOS="3822" WIDTH="533" HEIGHT="34">
							<String ID="P4_ST01941" HPOS="603" VPOS="3836" WIDTH="46" HEIGHT="20" CONTENT="less" WC="0.98" CC="0011" STYLEREFS="TXT_1"/>
							<SP ID="P4_SP01537" HPOS="649" VPOS="3856" WIDTH="9"/>
							<String ID="P4_ST01942" HPOS="658" VPOS="3831" WIDTH="133" HEIGHT="23" CONTENT="Extraction" WC="0.96" CC="1120101001" STYLEREFS="TXT_1"/>
							<SP ID="P4_SP01538" HPOS="791" VPOS="3856" WIDTH="9"/>
							<String ID="P4_ST01943" HPOS="800" VPOS="3828" WIDTH="24" HEIGHT="21" CONTENT="of" WC="0.93" CC="02" STYLEREFS="TXT_1"/>
							<SP ID="P4_SP01539" HPOS="824" VPOS="3856" WIDTH="8"/>
							<String ID="P4_ST01944" HPOS="832" VPOS="3828" WIDTH="86" HEIGHT="25" CONTENT="Teeth.," WC="0.87" CC="0100413" STYLEREFS="TXT_1"/>
							<SP ID="P4_SP01540" HPOS="918" VPOS="3856" WIDTH="26"/>
							<String ID="P4_ST01945" HPOS="944" VPOS="3826" WIDTH="46" HEIGHT="22" CONTENT="Pee" WC="0.89" CC="301" STYLEREFS="TXT_1"/>
							<SP ID="P4_SP01541" HPOS="990" VPOS="3856" WIDTH="7"/>
							<String ID="P4_ST01946" HPOS="997" VPOS="3826" WIDTH="38" HEIGHT="21" CONTENT="for" WC="0.97" CC="001" STYLEREFS="TXT_1"/>
							<SP ID="P4_SP01542" HPOS="1035" VPOS="3856" WIDTH="8"/>
							<String ID="P4_ST01947" HPOS="1043" VPOS="3822" WIDTH="93" HEIGHT="23" CONTENT="Admin-" WC="0.93" CC="110121" STYLEREFS="TXT_1"/>
						</TextLine>
						<TextLine ID="P4_TL00378" HPOS="604" VPOS="3871" WIDTH="149" HEIGHT="25">
							<String ID="P4_ST01948" HPOS="604" VPOS="3872" WIDTH="109" HEIGHT="24" CONTENT="istration" WC="0.96" CC="011001001" STYLEREFS="TXT_1"/>
							<SP ID="P4_SP01543" HPOS="713" VPOS="3896" WIDTH="10"/>
							<String ID="P4_ST01949" HPOS="723" VPOS="3871" WIDTH="30" HEIGHT="20" CONTENT="ss." WC="0.94" CC="111" STYLEREFS="TXT_1"/>
						</TextLine>
						<TextLine ID="P4_TL00379" HPOS="659" VPOS="3941" WIDTH="419" HEIGHT="33">
							<String ID="P4_ST01950" HPOS="659" VPOS="3948" WIDTH="107" HEIGHT="26" CONTENT="CHILD" WC="0.98" CC="01001"/>
							<SP ID="P4_SP01544" HPOS="766" VPOS="3974" WIDTH="11"/>
							<String ID="P4_ST01951" HPOS="777" VPOS="3944" WIDTH="107" HEIGHT="26" CONTENT="BIRTH" WC="0.96" CC="10100"/>
							<SP ID="P4_SP01545" HPOS="884" VPOS="3974" WIDTH="13"/>
							<String ID="P4_ST01952" HPOS="897" VPOS="3943" WIDTH="94" HEIGHT="29" CONTENT="SAFE," WC="0.92" CC="11111"/>
							<SP ID="P4_SP01546" HPOS="991" VPOS="3974" WIDTH="13"/>
							<String ID="P4_ST01953" HPOS="1004" VPOS="3941" WIDTH="74" HEIGHT="25" CONTENT="AND" WC="0.94" CC="012"/>
						</TextLine>
						<TextLine ID="P4_TL00380" HPOS="710" VPOS="3985" WIDTH="314" HEIGHT="31">
							<String ID="P4_ST01954" HPOS="710" VPOS="3988" WIDTH="135" HEIGHT="28" CONTENT="ALMOST" WC="0.95" CC="010021"/>
							<SP ID="P4_SP01547" HPOS="845" VPOS="4016" WIDTH="9"/>
							<String ID="P4_ST01955" HPOS="854" VPOS="3985" WIDTH="170" HEIGHT="27" CONTENT="PAINLESS" WC="0.91" CC="10050011"/>
						</TextLine>
						<TextLine ID="P4_TL00381" HPOS="607" VPOS="4028" WIDTH="527" HEIGHT="76">
							<String ID="P4_ST01956" HPOS="607" VPOS="4035" WIDTH="87" HEIGHT="69" CONTENT="BY" WC="0.96" CC="01"/>
							<SP ID="P4_SP01548" HPOS="694" VPOS="4104" WIDTH="45"/>
							<String ID="P4_ST01957" HPOS="739" VPOS="4034" WIDTH="74" HEIGHT="31" CONTENT="using" WC="0.98" CC="01001"/>
							<SP ID="P4_SP01549" HPOS="813" VPOS="4104" WIDTH="34"/>
							<String ID="P4_ST01958" HPOS="847" VPOS="4030" WIDTH="49" HEIGHT="26" CONTENT="DR" WC="0.87" CC="12"/>
							<SP ID="P4_SP01550" HPOS="896" VPOS="4104" WIDTH="43"/>
							<String ID="P4_ST01959" HPOS="939" VPOS="4028" WIDTH="195" HEIGHT="27" CONTENT="FAWCETT'S" WC="0.92" CC="211111111"/>
						</TextLine>
						<TextLine ID="P4_TL00382" HPOS="704" VPOS="4067" WIDTH="130" HEIGHT="25">
							<String ID="P4_ST01960" HPOS="704" VPOS="4067" WIDTH="130" HEIGHT="25" CONTENT="Medicine." WC="0.97" CC="011010001"/>
						</TextLine>
						<TextLine ID="P4_TL00383" HPOS="637" VPOS="4105" WIDTH="497" HEIGHT="32">
							<String ID="P4_ST01961" HPOS="637" VPOS="4111" WIDTH="71" HEIGHT="26" CONTENT="MRS" WC="0.91" CC="112"/>
							<SP ID="P4_SP01551" HPOS="708" VPOS="4137" WIDTH="22"/>
							<String ID="P4_ST01962" HPOS="730" VPOS="4108" WIDTH="164" HEIGHT="26" CONTENT="BURRELL" WC="0.89" CC="1122211"/>
							<SP ID="P4_SP01552" HPOS="894" VPOS="4137" WIDTH="22"/>
							<String ID="P4_ST01963" HPOS="916" VPOS="4106" WIDTH="60" HEIGHT="30" CONTENT="begs" WC="0.98" CC="0001"/>
							<SP ID="P4_SP01553" HPOS="976" VPOS="4137" WIDTH="21"/>
							<String ID="P4_ST01964" HPOS="997" VPOS="4106" WIDTH="27" HEIGHT="23" CONTENT="to" WC="0.94" CC="10"/>
							<SP ID="P4_SP01554" HPOS="1024" VPOS="4137" WIDTH="21"/>
							<String ID="P4_ST01965" HPOS="1045" VPOS="4105" WIDTH="89" HEIGHT="24" CONTENT="inform" WC="0.95" CC="121000"/>
						</TextLine>
						<TextLine ID="P4_TL00384" HPOS="605" VPOS="4141" WIDTH="527" HEIGHT="43">
							<String ID="P4_ST01966" HPOS="605" VPOS="4148" WIDTH="42" HEIGHT="28" CONTENT="the" WC="0.96" CC="110"/>
							<SP ID="P4_SP01555" HPOS="647" VPOS="4176" WIDTH="11"/>
							<String ID="P4_ST01967" HPOS="658" VPOS="4143" WIDTH="90" HEIGHT="41" CONTENT="LjSies" WC="0.85" CC="126001"/>
							<SP ID="P4_SP01556" HPOS="748" VPOS="4184" WIDTH="12"/>
							<String ID="P4_ST01968" HPOS="760" VPOS="4147" WIDTH="56" HEIGHT="25" CONTENT="that" WC="0.98" CC="1100"/>
							<SP ID="P4_SP01557" HPOS="816" VPOS="4184" WIDTH="8"/>
							<String ID="P4_ST01969" HPOS="824" VPOS="4146" WIDTH="45" HEIGHT="24" CONTENT="she" WC="0.99" CC="010"/>
							<SP ID="P4_SP01558" HPOS="869" VPOS="4184" WIDTH="8"/>
							<String ID="P4_ST01970" HPOS="877" VPOS="4145" WIDTH="47" HEIGHT="24" CONTENT="has" WC="0.94" CC="111"/>
							<SP ID="P4_SP01559" HPOS="924" VPOS="4184" WIDTH="8"/>
							<String ID="P4_ST01971" HPOS="932" VPOS="4143" WIDTH="63" HEIGHT="24" CONTENT="been" WC="0.95" CC="1101"/>
							<SP ID="P4_SP01560" HPOS="995" VPOS="4184" WIDTH="9"/>
							<String ID="P4_ST01972" HPOS="1004" VPOS="4141" WIDTH="128" HEIGHT="31" CONTENT="appointed" WC="0.91" CC="101001006"/>
						</TextLine>
						<TextLine ID="P4_TL00385" HPOS="603" VPOS="4180" WIDTH="533" HEIGHT="41">
							<String ID="P4_ST01973" HPOS="603" VPOS="4191" WIDTH="56" HEIGHT="25" CONTENT="Sole" WC="0.98" CC="1001"/>
							<SP ID="P4_SP01561" HPOS="659" VPOS="4216" WIDTH="21"/>
							<String ID="P4_ST01974" HPOS="680" VPOS="4190" WIDTH="73" HEIGHT="31" CONTENT="agent" WC="0.98" CC="11000"/>
							<SP ID="P4_SP01562" HPOS="753" VPOS="4221" WIDTH="21"/>
							<String ID="P4_ST01975" HPOS="774" VPOS="4188" WIDTH="28" HEIGHT="24" CONTENT="m" WC="1.00" CC="0"/>
							<SP ID="P4_SP01563" HPOS="802" VPOS="4221" WIDTH="23"/>
							<String ID="P4_ST01976" HPOS="825" VPOS="4180" WIDTH="176" HEIGHT="32" CONTENT="Christchurch" WC="0.97" CC="100011011002"/>
							<SP ID="P4_SP01564" HPOS="1001" VPOS="4221" WIDTH="27"/>
							<String ID="P4_ST01977" HPOS="1028" VPOS="4180" WIDTH="37" HEIGHT="25" CONTENT="for" WC="0.97" CC="001"/>
							<SP ID="P4_SP01565" HPOS="1065" VPOS="4221" WIDTH="26"/>
							<String ID="P4_ST01978" HPOS="1091" VPOS="4181" WIDTH="45" HEIGHT="26" CONTENT="the" WC="0.95" CC="110"/>
						</TextLine>
						<TextLine ID="P4_TL00386" HPOS="603" VPOS="4218" WIDTH="531" HEIGHT="37">
							<String ID="P4_ST01979" HPOS="603" VPOS="4230" WIDTH="76" HEIGHT="25" CONTENT="above" WC="0.98" CC="01001"/>
							<SP ID="P4_SP01566" HPOS="679" VPOS="4255" WIDTH="11"/>
							<String ID="P4_ST01980" HPOS="690" VPOS="4227" WIDTH="124" HEIGHT="25" CONTENT="Medicine" WC="1.00" CC="10000000"/>
							<SP ID="P4_SP01567" HPOS="814" VPOS="4255" WIDTH="11"/>
							<String ID="P4_ST01981" HPOS="825" VPOS="4227" WIDTH="26" HEIGHT="23" CONTENT="to" WC="1.00" CC="00"/>
							<SP ID="P4_SP01568" HPOS="851" VPOS="4255" WIDTH="15"/>
							<String ID="P4_ST01982" HPOS="866" VPOS="4222" WIDTH="116" HEIGHT="27" CONTENT="facilitate" WC="0.97" CC="1001000110"/>
							<SP ID="P4_SP01569" HPOS="982" VPOS="4255" WIDTH="13"/>
							<String ID="P4_ST01983" HPOS="995" VPOS="4218" WIDTH="139" HEIGHT="26" CONTENT="Accouche-" WC="0.95" CC="101011101"/>
						</TextLine>
						<TextLine ID="P4_TL00387" HPOS="603" VPOS="4257" WIDTH="533" HEIGHT="37">
							<String ID="P4_ST01984" HPOS="603" VPOS="4270" WIDTH="86" HEIGHT="24" CONTENT="raents." WC="0.96" CC="1101111"/>
							<SP ID="P4_SP01570" HPOS="689" VPOS="4294" WIDTH="35"/>
							<String ID="P4_ST01985" HPOS="724" VPOS="4266" WIDTH="89" HEIGHT="26" CONTENT="Ladies" WC="0.97" CC="101101"/>
							<SP ID="P4_SP01571" HPOS="813" VPOS="4294" WIDTH="11"/>
							<String ID="P4_ST01986" HPOS="824" VPOS="4271" WIDTH="47" HEIGHT="18" CONTENT="can" WC="0.99" CC="001"/>
							<SP ID="P4_SP01572" HPOS="871" VPOS="4294" WIDTH="21"/>
							<String ID="P4_ST01987" HPOS="892" VPOS="4263" WIDTH="32" HEIGHT="25" CONTENT="be" WC="0.98" CC="10"/>
							<SP ID="P4_SP01573" HPOS="924" VPOS="4294" WIDTH="20"/>
							<String ID="P4_ST01988" HPOS="944" VPOS="4257" WIDTH="113" HEIGHT="35" CONTENT="supplied" WC="0.94" CC="11111010"/>
							<SP ID="P4_SP01574" HPOS="1057" VPOS="4294" WIDTH="18"/>
							<String ID="P4_ST01989" HPOS="1075" VPOS="4258" WIDTH="61" HEIGHT="25" CONTENT="with" WC="0.87" CC="4011"/>
						</TextLine>
						<TextLine ID="P4_TL00388" HPOS="603" VPOS="4296" WIDTH="533" HEIGHT="41">
							<String ID="P4_ST01990" HPOS="603" VPOS="4309" WIDTH="40" HEIGHT="24" CONTENT="the" WC="0.95" CC="110"/>
							<SP ID="P4_SP01575" HPOS="643" VPOS="4333" WIDTH="23"/>
							<String ID="P4_ST01991" HPOS="666" VPOS="4308" WIDTH="75" HEIGHT="24" CONTENT="above" WC="0.96" CC="10010"/>
							<SP ID="P4_SP01576" HPOS="741" VPOS="4333" WIDTH="21"/>
							<String ID="P4_ST01992" HPOS="762" VPOS="4304" WIDTH="33" HEIGHT="33" CONTENT="by" WC="0.96" CC="10"/>
							<SP ID="P4_SP01577" HPOS="795" VPOS="4337" WIDTH="24"/>
							<String ID="P4_ST01993" HPOS="819" VPOS="4301" WIDTH="105" HEIGHT="33" CONTENT="sending" WC="0.92" CC="1111121"/>
							<SP ID="P4_SP01578" HPOS="924" VPOS="4337" WIDTH="22"/>
							<String ID="P4_ST01994" HPOS="946" VPOS="4308" WIDTH="28" HEIGHT="18" CONTENT="or" WC="1.00" CC="00"/>
							<SP ID="P4_SP01579" HPOS="974" VPOS="4337" WIDTH="22"/>
							<String ID="P4_ST01995" HPOS="996" VPOS="4296" WIDTH="91" HEIGHT="33" CONTENT="calling" WC="0.97" CC="0101001"/>
							<SP ID="P4_SP01580" HPOS="1087" VPOS="4337" WIDTH="22"/>
							<String ID="P4_ST01996" HPOS="1109" VPOS="4298" WIDTH="27" HEIGHT="24" CONTENT="at" WC="0.70" CC="24"/>
						</TextLine>
						<TextLine ID="P4_TL00389" HPOS="602" VPOS="4337" WIDTH="536" HEIGHT="37">
							<String ID="P4_ST01997" HPOS="602" VPOS="4348" WIDTH="41" HEIGHT="24" CONTENT="Mr" WC="0.98" CC="01"/>
							<SP ID="P4_SP01581" HPOS="643" VPOS="4372" WIDTH="21"/>
							<String ID="P4_ST01998" HPOS="664" VPOS="4346" WIDTH="120" HEIGHT="25" CONTENT="Burrell's" WC="0.97" CC="011000111"/>
							<SP ID="P4_SP01582" HPOS="784" VPOS="4372" WIDTH="23"/>
							<String ID="P4_ST01999" HPOS="807" VPOS="4341" WIDTH="181" HEIGHT="33" CONTENT="Photographic" WC="0.96" CC="110000001201"/>
							<SP ID="P4_SP01583" HPOS="988" VPOS="4374" WIDTH="21"/>
							<String ID="P4_ST02000" HPOS="1009" VPOS="4338" WIDTH="71" HEIGHT="34" CONTENT="place" WC="0.90" CC="20310"/>
							<SP ID="P4_SP01584" HPOS="1080" VPOS="4374" WIDTH="30"/>
							<String ID="P4_ST02001" HPOS="1110" VPOS="4337" WIDTH="28" HEIGHT="25" CONTENT="of" WC="0.89" CC="12"/>
						</TextLine>
						<TextLine ID="P4_TL00390" HPOS="602" VPOS="4377" WIDTH="532" HEIGHT="37">
							<String ID="P4_ST02002" HPOS="602" VPOS="4388" WIDTH="121" HEIGHT="26" CONTENT="business," WC="0.97" CC="100000111"/>
							<SP ID="P4_SP01585" HPOS="723" VPOS="4414" WIDTH="13"/>
							<String ID="P4_ST02003" HPOS="736" VPOS="4385" WIDTH="105" HEIGHT="27" CONTENT="Gould's" WC="0.93" CC="3010101"/>
							<SP ID="P4_SP01586" HPOS="841" VPOS="4414" WIDTH="22"/>
							<String ID="P4_ST02004" HPOS="863" VPOS="4381" WIDTH="140" HEIGHT="33" CONTENT="Buildings," WC="0.96" CC="0100101012"/>
							<SP ID="P4_SP01587" HPOS="1003" VPOS="4414" WIDTH="21"/>
							<String ID="P4_ST02005" HPOS="1024" VPOS="4377" WIDTH="110" HEIGHT="28" CONTENT="Victoria" WC="0.96" CC="10100102"/>
						</TextLine>
						<TextLine ID="P4_TL00391" HPOS="603" VPOS="4415" WIDTH="531" HEIGHT="41">
							<String ID="P4_ST02006" HPOS="603" VPOS="4427" WIDTH="87" HEIGHT="29" CONTENT="Street," WC="0.94" CC="1001022"/>
							<SP ID="P4_SP01588" HPOS="690" VPOS="4456" WIDTH="14"/>
							<String ID="P4_ST02007" HPOS="704" VPOS="4421" WIDTH="181" HEIGHT="31" CONTENT="Cbristchurch," WC="0.95" CC="0100111110011"/>
							<SP ID="P4_SP01589" HPOS="885" VPOS="4456" WIDTH="18"/>
							<String ID="P4_ST02008" HPOS="903" VPOS="4419" WIDTH="83" HEIGHT="28" CONTENT="where" WC="0.81" CC="81000"/>
							<SP ID="P4_SP01590" HPOS="986" VPOS="4456" WIDTH="18"/>
							<String ID="P4_ST02009" HPOS="1004" VPOS="4417" WIDTH="35" HEIGHT="27" CONTENT="all" WC="0.89" CC="310"/>
							<SP ID="P4_SP01591" HPOS="1039" VPOS="4456" WIDTH="18"/>
							<String ID="P4_ST02010" HPOS="1057" VPOS="4415" WIDTH="77" HEIGHT="27" CONTENT="infor-" WC="0.94" CC="121001"/>
						</TextLine>
						<TextLine ID="P4_TL00392" HPOS="600" VPOS="4456" WIDTH="535" HEIGHT="37">
							<String ID="P4_ST02011" HPOS="600" VPOS="4467" WIDTH="96" HEIGHT="26" CONTENT="mation" WC="0.96" CC="100001"/>
							<SP ID="P4_SP01592" HPOS="696" VPOS="4493" WIDTH="28"/>
							<String ID="P4_ST02012" HPOS="724" VPOS="4473" WIDTH="45" HEIGHT="16" CONTENT="can" WC="0.97" CC="011"/>
							<SP ID="P4_SP01593" HPOS="769" VPOS="4493" WIDTH="27"/>
							<String ID="P4_ST02013" HPOS="796" VPOS="4464" WIDTH="32" HEIGHT="24" CONTENT="be" WC="0.96" CC="11"/>
							<SP ID="P4_SP01594" HPOS="828" VPOS="4493" WIDTH="27"/>
							<String ID="P4_ST02014" HPOS="855" VPOS="4459" WIDTH="117" HEIGHT="28" CONTENT="obtained" WC="0.97" CC="00110011"/>
							<SP ID="P4_SP01595" HPOS="972" VPOS="4493" WIDTH="26"/>
							<String ID="P4_ST02015" HPOS="998" VPOS="4459" WIDTH="58" HEIGHT="28" CONTENT="free," WC="0.97" CC="01011"/>
							<SP ID="P4_SP01596" HPOS="1056" VPOS="4493" WIDTH="28"/>
							<String ID="P4_ST02016" HPOS="1084" VPOS="4456" WIDTH="51" HEIGHT="26" CONTENT="and" WC="0.79" CC="214"/>
						</TextLine>
						<TextLine ID="P4_TL00393" HPOS="600" VPOS="4495" WIDTH="533" HEIGHT="44">
							<String ID="P4_ST02017" HPOS="600" VPOS="4503" WIDTH="117" HEIGHT="36" CONTENT="perfectly" WC="0.97" CC="100001101"/>
							<SP ID="P4_SP01597" HPOS="717" VPOS="4539" WIDTH="42"/>
							<String ID="P4_ST02018" HPOS="759" VPOS="4501" WIDTH="154" HEIGHT="31" CONTENT="satisfactory" WC="0.94" CC="101011111012"/>
							<SP ID="P4_SP01598" HPOS="913" VPOS="4539" WIDTH="31"/>
							<String ID="P4_ST02019" HPOS="944" VPOS="4496" WIDTH="53" HEIGHT="28" CONTENT="and" WC="0.90" CC="111"/>
							<SP ID="P4_SP01599" HPOS="997" VPOS="4539" WIDTH="30"/>
							<String ID="P4_ST02020" HPOS="1027" VPOS="4495" WIDTH="106" HEIGHT="34" CONTENT="genuine" WC="0.89" CC="0020115"/>
						</TextLine>
						<TextLine ID="P4_TL00394" HPOS="632" VPOS="4539" WIDTH="312" HEIGHT="30">
							<String ID="P4_ST02021" HPOS="632" VPOS="4541" WIDTH="128" HEIGHT="28" CONTENT="iimoDials" WC="0.91" CC="113120101"/>
							<SP ID="P4_SP01600" HPOS="760" VPOS="4569" WIDTH="12"/>
							<String ID="P4_ST02022" HPOS="772" VPOS="4548" WIDTH="47" HEIGHT="17" CONTENT="can" WC="0.94" CC="111"/>
							<SP ID="P4_SP01601" HPOS="819" VPOS="4569" WIDTH="16"/>
							<String ID="P4_ST02023" HPOS="835" VPOS="4539" WIDTH="32" HEIGHT="26" CONTENT="be" WC="1.00" CC="00"/>
							<SP ID="P4_SP01602" HPOS="867" VPOS="4569" WIDTH="10"/>
							<String ID="P4_ST02024" HPOS="877" VPOS="4545" WIDTH="67" HEIGHT="19" CONTENT="seen." WC="0.96" CC="10110"/>
						</TextLine>
					</TextBlock>
				</ComposedBlock>
			</PrintSpace>
		</Page>
	</Layout>
</alto>
