2540 4010
64 268 2432 35 THE

64 303 384 53 NEW
576 303 896 53 ZEALAND
1600 303 896 53 GAZETTE

64 356 2432 53 AND

64 409 973 53 WELLINGTON
1134 409 292 53 AND
1523 409 973 53 SPECTATOR.

588 498 220 37 PUBLISHED
854 498 133 37 EVERY
1032 484 254 51 WEDNESDAY
1331 496 88 38 AND
1464 496 227 39 SATURDAY
1737 498 204 37 MORNING.

2255 615 92 42 [Vol.
2370 618 52 30 IV.

625 614 111 32 PORT
757 614 259 32 NICHOLSON.
1038 613 265 32 WEDNESDAY
1324 614 212 36 MORNING,
1557 614 170 32 AUGUST
1747 619 29 32 2,
1802 617 77 29 1843

103 616 65 30 No.
190 613 89 39 268.]

185 709 57 20 For
260 709 119 20 London
404 709 96 23 direct,

218 742 30 20 To
257 741 42 21 sail
307 741 25 21 in
340 742 32 20 all
379 742 91 26 August,

90 773 89 36 «£JSL-
216 778 93 22 riIHE
337 778 46 23 fine
412 778 46 22 fast
479 778 82 28 sailing
585 778 46 28 brig

80 801 115 33 jflCTvj^
223 801 29 27 A
360 806 179 24 NELSON,

78 826 127 41 tjyjrig
230 832 88 27 George
341 832 117 23 Maclaren
482 835 89 25 master,
588 832 43 23 will

54 855 159 37 Jeleßu^^
228 866 24 15 sa
252 858 18 23 il
278 860 25 21 in
353 860 98 26 August.

55 881 158 32 65355D9
256 886 45 22 For
316 886 83 28 freight
413 893 24 15 or
456 893 98 21 passage,
576 886 55 28 early

226 912 138 28 application
374 913 19 22 is
405 920 119 20 necessary
534 916 23 19 to

366 945 84 23 Waitt
465 946 46 22 and
523 946 83 22 Tyser.

78 976 144 28 Wellington,
234 977 58 22 June
304 978 33 26 15,
349 979 61 20 1843.

191 1029 56 20 For
260 1029 121 20 London
396 1029 95 25 direct,

144 1063 29 20 To
181 1063 44 19 sail
236 1063 64 19 about
315 1063 36 19 the
365 1063 34 20 Ist
409 1063 28 25 of
449 1063 95 26 October,

209 1099 92 36 HPSE
316 1099 84 29 barque
412 1100 219 25 INDEMNITY,

75 1122 109 34 .MKOSb*.
215 1134 30 13 -■-
429 1131 83 18 master
518 1135 6 20 ;
539 1127 40 22 has
586 1128 45 22 first

55 1150 151 37 VgPNHE^,
220 1156 49 19 rate
288 1154 207 22 accommodations
517 1155 35 21 for
571 1154 60 22 cabin

52 1201 152 39 <^^B^^£
250 1206 44 22 For
311 1206 84 28 freight
412 1214 27 15 or
454 1215 101 20 passage,
576 1207 55 29 early

222 1233 136 28 application
369 1234 19 21 is
400 1241 108 20 necessay
519 1238 23 18 to

229 1267 133 27 RIDGWAYS,
379 1268 106 27 GUYTON,
501 1269 20 21 &
536 1268 68 22 EaKP.

77 1298 142 28 Wellington,
228 1299 55 28 July
294 1301 33 25 13,
339 1300 62 21 1843.

160 1349 53 21 For
227 1350 114 21 Akaroa
355 1350 55 21 and
430 1350 97 27 Otago.

204 1383 44 28 HP
252 1383 44 21 HE
311 1383 45 21 fine
371 1383 43 22 fast
430 1383 81 28 sailing
527 1383 104 24 schooner

73 1405 105 39 jigSL
210 1404 30 27 JL
320 1411 231 25 SHEPHERDESS,

216 1436 44 22 wUI
278 1437 42 21 sail
339 1437 25 22 in
381 1445 14 14 a
412 1437 44 23 few
475 1438 55 28 days
546 1439 33 21 for
593 1438 38 23 the

244 1497 44 22 For
304 1497 83 27 freight
401 1505 25 15 or
442 1505 99 25 passage,
552 1498 79 29 having

149 1540 32 16 ,f.
212 1524 60 26 good
288 1525 210 27 accommodations,
510 1526 66 28 apply
584 1529 20 20 to

152 1557 13 31 £
259 1558 24 22 C.
299 1558 38 22 W.
352 1559 127 27 Schultze,
490 1566 29 15 on
529 1559 73 23 board.

78 1590 54 28 July
141 1590 35 27 25,
188 1591 61 21 1843.

52 1636 53 21 For
119 1636 119 26 Sydney,
248 1634 46 22 via
308 1636 150 21 Auckland
470 1637 56 20 and
539 1637 53 26 Bay
603 1637 28 21 of

280 1662 122 21 Islands.

205 1695 93 30 rpHE
322 1695 21 22 A
366 1697 10 20 1
398 1695 108 23 schooner
526 1698 105 21 LADY

84 1722 95 35 JBpßfiL
212 1717 30 27 JL
277 1723 132 27 LEIGH,
430 1723 43 22 will
489 1724 41 21 sail
548 1724 33 22 for
592 1724 38 23 the

56 1745 147 36 ASKtW*&I
218 1749 71 22 above
308 1757 14 20 P
324 1752 45 19 orts
385 1757 29 14 on
434 1751 34 21 Ist
482 1751 90 27 August
584 1759 47 20 pre-

52 1795 152 43 Hgg|3p
216 1818 3 4 ■
245 1803 46 22 For
301 1803 84 28 freight
395 1811 24 15 or
427 1811 99 20 passage,
538 1804 61 28 apply
607 1808 24 19 to

305 1839 114 24 William
434 1840 168 24 Fitzherbert.

77 1866 54 27 July
141 1868 34 25 18,
186 1867 61 22 1843.

240 1919 54 20 For
308 1919 117 27 Sydney.

56 1947 103 42 ■^Sgj
292 1956 41 21 sail
348 1956 118 28 positively
480 1963 28 15 on
532 1957 97 28 Monday

68 1978 114 39 JSEjHk
195 2009 3 3 .
210 1978 30 27 JL-
310 1984 49 21 31st
368 1983 25 22 of
400 1982 62 27 July,
474 1983 37 22 the
526 1983 104 26 schooner

50 2025 147 44 jpiHlfijßi
217 2036 28 20 62
261 2037 58 25 tons,
338 2036 93 26 Captain
451 2036 104 27 Higgins.
588 2036 42 22 For

216 2061 84 27 freight
310 2068 25 15 or
343 2069 101 20 passage,
452 2062 65 28 apply
527 2070 29 15 on
566 2063 64 22 board

217 2091 23 20 to
250 2088 37 22 the
299 2088 102 28 Captain,
412 2096 25 15 or
450 2093 22 18 to

463 2125 54 22 Wm.
533 2126 68 21 Lyon.

77 2151 144 27 Wellington,
233 2151 53 27 July
297 2152 34 26 18,
342 2152 61 21 1143.

51 2198 144 20 Vnchosen
205 2197 124 25 Country
338 2197 77 20 Land
430 2197 30 21 in
473 2198 44 20 the
527 2198 102 20 Nelson

77 2224 168 24 Settlement,
274 2224 46 21 the
354 2224 85 21 Third
472 2224 98 21 Choice
599 2225 30 20 in

78 2250 120 26 225,000
214 2252 94 19 Acres.

53 2285 88 48 MR.
157 2283 86 22 JOHN
257 2283 96 23 WADE
367 2284 20 21 is
401 2284 116 22 honoured
531 2285 52 21 with
597 2285 33 22 in-

140 2311 120 22 structions
270 2314 23 18 to
305 2311 55 22 offer
369 2314 23 19 to
399 2311 78 22 Public
485 2311 143 29 competition,

53 2345 27 14 on
99 2337 110 28 Monday,
225 2337 38 22 the
280 2337 40 22 Bth
339 2338 46 27 day
404 2339 25 21 of
445 2339 96 26 August,
561 2342 22 18 at
595 2339 35 21 his

53 2365 78 26 Stores,
142 2367 25 19 at
176 2366 10 20 1
198 2364 88 23 o'clock
302 2364 116 28 precisely,
435 2365 96 27 Country
546 2366 85 21 Section

184 2391 24 22 in
216 2391 38 22 the
263 2391 86 22 Nelson
360 2392 138 27 Settlement,

53 2424 41 21 No.
108 2424 18 20 3
147 2422 39 23 OF
209 2422 128 28 CHOICE,
359 2423 73 22 NOW
457 2423 172 23 UNCHOSEN.

77 2456 48 23 The
134 2457 71 22 above
221 2456 82 23 affords
320 2457 39 21 the
376 2457 66 22 finest
451 2458 137 27 opportunity
595 2459 36 21 for

52 2484 134 22 investment
196 2483 27 22 of
230 2483 82 28 capital
328 2491 53 15 ever
390 2487 37 24 yet
436 2485 118 26 presented
564 2488 21 18 to
592 2485 38 22 the

52 2510 73 30 public
139 2508 25 24 in
179 2510 45 22 this
240 2511 99 27 Colony;
354 2511 39 22 the
408 2511 137 28 advantages
560 2512 24 21 of
592 2512 38 22 the

52 2537 82 22 Nelson
145 2537 127 23 settlement
281 2544 38 15 are
337 2541 37 18 too
389 2538 50 22 well
448 2538 81 23 known
539 2539 43 22 and
592 2546 38 20 ap-

52 2564 110 27 preciated
180 2568 24 18 to
223 2564 89 28 require
327 2568 114 19 comment
455 2565 58 22 from
524 2565 38 22 the
573 2566 57 21 Auc-

52 2591 89 22 tioneer.
171 2591 22 22 It
209 2591 45 22 will
268 2587 30 26 be
308 2591 111 22 sufficient
429 2596 23 17 to
461 2595 62 24 state,
534 2592 48 22 that
592 2593 38 22 the

54 2617 79 23 Nelson
148 2617 129 23 settlement
292 2619 119 27 comprises
426 2619 91 27 225,000
531 2626 63 20 acres,
606 2620 24 21 in

54 2644 68 22 which
131 2644 38 23 the
186 2645 90 22 Section
292 2645 85 22 offered
386 2645 32 22 for
428 2645 46 23 sale
483 2646 19 21 is
512 2646 38 21 the
566 2646 64 22 Third

54 2671 77 22 Choice
150 2671 26 22 of
193 2672 99 27 Country
317 2672 73 27 Land,
410 2673 46 22 and
474 2673 102 22 contains
590 2674 40 21 150

54 2704 69 22 acres;
145 2698 39 22 the
204 2698 86 23 Nelson
310 2699 128 22 settlement
456 2702 99 25 presents
574 2707 56 15 more

54 2731 116 16 numerous
178 2725 138 28 advantages
325 2726 35 21 for
369 2726 43 21 this
427 2725 77 23 choice
519 2726 55 22 than
586 2734 43 20 any

55 2751 58 22 other
122 2754 51 26 part
186 2751 26 22 of
225 2752 57 22 New
300 2752 109 23 Zealand.
437 2752 48 23 The
499 2753 70 27 lucky
583 2761 48 20 pur-

54 2778 74 23 chaser
144 2779 44 21 will
208 2778 58 23 have
282 2786 30 15 an
329 2779 143 28 opportunity
491 2780 25 21 of
529 2780 102 28 choosing

105 2805 71 23 either
185 2805 74 23 where
270 2806 64 22 there
343 2808 20 20 is
374 2813 28 15 an
415 2807 133 22 abundance
559 2807 25 22 of

158 2840 84 22 COAL
255 2840 70 22 AND
340 2840 182 22 LIMESTONE

227 2872 26 22 of
259 2871 39 23 the
307 2872 50 22 best
367 2872 92 28 quality,

54 2905 244 23 AGRICULTURAL
318 2906 44 22 OR
381 2906 148 22 GRAZING
548 2907 83 22 LAND

54 2944 45 16 now
114 2938 70 28 ready
195 2938 37 22 for
241 2938 37 22 the
294 2938 91 27 plough,
393 2939 70 28 jequal
473 2942 21 19 to
511 2946 45 21 any
564 2939 22 22 in
593 2940 38 22 the

94 2965 76 28 world,
181 2972 26 15 or
215 2965 55 22 land
279 2966 131 27 abounding
419 2965 54 22 with
482 2965 37 22 the
529 2966 61 23 finest

52 2997 121 24 TIMBER
188 3006 45 15 for
247 2999 75 22 SHIP
337 2999 166 27 BUILDING,
518 3000 113 24 DOMES-

82 3024 51 23 TIC
146 3025 165 27 PURPOSES,
327 3033 31 14 or
371 3026 231 29 EXPORTATION,

53 3055 46 24 that
107 3057 58 23 New
170 3057 100 23 Zealand
280 3057 119 27 produces.
426 3057 61 23 Thus
492 3058 20 22 is
519 3059 112 27 presented

52 3095 28 24 to,
82 3093 47 23 him
145 3100 15 15 a
174 3092 78 22 choice
269 3092 26 22 of
310 3092 165 28 appropriation
491 3094 26 21 of
530 3094 37 22 the
581 3094 50 23 land

51 3117 71 25 which
130 3120 20 21 is
160 3118 85 25 seldom
254 3121 23 19 to
287 3119 29 22 be
324 3123 48 18 met
376 3119 61 28 with,
444 3120 45 22 and
496 3121 135 27 appropriate

51 3145 48 23 how
107 3146 31 22 he
148 3145 98 27 chooses,
257 3152 14 15 a
279 3145 91 23 fortune
384 3149 60 19 must
452 3146 28 22 be
495 3147 93 22 realized
600 3148 30 27 by

52 3179 98 15 common
165 3172 122 28 prudence.

77 3199 52 23 This
139 3199 89 23 Section
238 3198 46 24 will
298 3198 28 23 be
335 3201 41 25 put
391 3206 30 21 up
431 3198 35 23 for
480 3199 59 23 what
555 3199 20 22 it
586 3204 45 19 cost

53 3225 35 23 the
96 3229 90 23 present
196 3233 80 20 owner,
292 3226 53 26 viz.,
356 3226 33 24 £1
405 3228 44 20 10s.
466 3233 40 21 per
515 3233 58 19 acre,
588 3228 43 22 and

52 3252 42 23 will
99 3254 31 21 be
140 3253 50 22 sold
199 3256 23 19 to
232 3252 37 23 the
278 3252 91 28 highest
376 3252 87 23 bidder.

259 3287 84 21 TERMS,
360 3287 65 15 CASH.

78 3306 51 28 July
138 3309 34 25 28,
184 3308 61 21 1843.

56 3350 83 50 FOR
151 3352 87 28 SALE,
254 3359 29 15 ex
296 3353 119 27 Margaret,
426 3353 49 28 &c,

120 3379 28 22 25
162 3379 78 23 tierces
249 3380 57 27 beef,

78 3405 13 21 3
103 3407 49 21 tons
162 3406 95 23 colonial
267 3406 53 29 hay,

78 3432 13 20 3
103 3434 50 20 tons
164 3433 61 22 Siam
234 3440 74 21 sugar,

78 3459 26 21 30
115 3459 86 23 barrels
209 3460 87 23 bottled
305 3461 43 27 ale,

79 3485 26 21 50
116 3485 70 23 boxes
193 3489 44 22 tea,

79 3511 25 22 50
116 3513 40 22 ash
169 3520 57 19 oars,
431 3530 2 5 .
590 3525 5 21 ;

80 3538 25 22 30
116 3542 50 20 tons
175 3539 57 30 coal,
417 3556 2 3 •
588 3545 5 26 [

80 3563 54 30 Port,
145 3566 84 29 sherry,
241 3567 44 22 and
300 3567 105 23 Madiera
412 3568 25 23 in
451 3569 77 27 bottle,
539 3569 92 22 Ruther-

57 3591 43 21 ford
108 3592 48 24 and,
160 3593 96 28 Drury's
264 3594 80 28 brand,

80 3616 96 31 Liquers,
185 3620 26 22 in
219 3620 73 23 dozen
303 3628 70 21 eases,

80 3643 146 32 Champagne,

80 3669 93 31 Brandy,
182 3680 58 21 rum,
251 3673 44 24 and
304 3674 40 28 gin
353 3674 108 28 in.hhda.,

80 3697 24 21 30
116 3701 49 20 tons
172 3699 51 24 best
232 3701 93 31 Sydney
336 3701 66 28 flour,

80 3724 25 21 50
117 3727 51 21 tons
177 3726 88 24 Chilian
275 3728 66 27 flour,
353 3736 30 15 ex
394 3729 105 26 Cheerful.

60 3795 11 3 __
364 3767 83 24 Waitt
461 3769 45 23 and
520 3770 80 23 Tyser.

231 3819 67 23 Just
310 3819 134 23 received.
630 3817 1 14 :

58 3841 116 39 pLANS
195 3849 28 21 of
240 3849 38 23 the
301 3850 73 24 Town
392 3851 27 22 of
435 3851 165 26 Wellington.

80 3895 23 13 »*
119 3872 57 24 Plan
195 3875 70 25 p?the
275 3877 111 24 Harbour
394 3878 34 23 of.
433 3878 56 24 Port
504 3880 124 24 Nicholson

55 3918 4 4 ,
80 3898 98 29 Message
187 3902 70 28 cards,
593 3911 6 20 ;

78 3925 105 25 Coloured
189 3934 86 23 papers,
587 3946 3 12 ,

856 707 121 21 Sheriff's
992 707 69 21 Sale.

756 734 35 21 IN
806 734 64 22 THE
886 733 147 23 SUPREME
1049 733 108 23 COURT.

665 768 106 22 Between
790 768 66 22 John
869 768 88 27 Bryce,
972 768 114 26 Plaintiff;
1110 768 46 22 and
1174 768 75 22 James

811 795 80 27 Watt,
905 795 136 26 Defendant;
1058 795 45 22 arid

665 827 106 22 Between
790 827 66 22 John
874 828 85 26 Smith,
974 828 113 25 Plaintiff;
1110 827 45 22 and
1174 827 75 22 James

814 854 81 27 Watt,
907 855 136 25 Defendant;
1058 855 45 22 and

665 884 104 23 Between
777 885 132 23 Kauffman
920 887 94 22 Samuel
1023 886 44 23 and
1074 886 72 22 Jacob
1153 886 95 26 Joseph,

867 914 123 26 Plaintiff's;
1007 914 47 22 and

800 940 77 22 James
892 941 82 28 Watt,
988 942 126 25 Defendant.

664 973 71 48 BY
745 972 73 23 virtue
825 975 27 20 of
857 974 62 22 three
927 975 84 22 several
1019 975 67 22 Writs
1095 975 27 21 of
1125 973 124 26 Execution

749 1001 87 26 against
850 1001 38 21 the
906 1001 78 22 Goods
999 1002 47 21 and
1059 1001 98 22 Chattels
1171 1000 25 22 of
1211 996 37 26 the

664 1025 166 23 above-named
844 1027 137 27 Defendant,
992 1027 38 23 the
1041 1028 83 22 Sheriff
1129 1027 44 23 will
1183 1034 67 15 cause

664 1055 23 19 to
696 1052 29 22 be
736 1052 47 22 sold
793 1053 32 27 by
834 1053 78 22 Public
922 1055 106 27 Auction,
1036 1062 29 15 on
1075 1055 83 26 Friday
1166 1054 38 22 the
1211 1053 37 22 4th

664 1079 96 27 August,
778 1081 60 26 1843,
856 1084 23 18 at
898 1082 10 20 1
929 1081 86 24 o'clock
1034 1081 113 28 precisely,
1166 1081 82 26 (unless

665 1105 61 21 these
737 1107 130 22 executions
883 1107 29 22 be
927 1108 127 27 previously
1064 1108 95 27 stayed,)
1171 1115 30 14 on
1211 1107 37 22 the

664 1131 110 23 Premises
785 1133 150 28 Berhampore
952 1135 74 26 Farm,
1038 1134 30 22 all
1080 1135 37 21 the
1126 1133 122 29 unexpired

665 1161 56 18 term
731 1159 46 21 and
786 1159 93 23 interest
894 1161 27 21 of
934 1161 37 22 the
986 1161 49 22 said
1052 1161 75 22 James
1143 1161 68 28 Watt,
1227 1161 25 21 of

663 1184 47 22 and
719 1185 23 21 in
750 1185 36 22 the
793 1186 73 27 Land,
874 1187 200 28 Dwelling-house,
1082 1188 44 21 and
1132 1188 116 25 Premises,

663 1218 50 14 now
733 1213 109 27 occupied
861 1214 30 27 by
906 1214 47 22 him
973 1218 22 18 at
1014 1215 149 28 Berhampore
1183 1215 65 22 Farm

664 1238 117 27 aforesaid,
800 1241 103 25 together
927 1241 54 22 with
1004 1241 38 22 the
1068 1242 118 23 Furniture
1206 1241 43 24 and

664 1264 83 22 Effects
757 1266 87 22 therein
851 1275 7 19 ;
872 1267 45 22 and
928 1268 46 21 also
985 1268 38 22 the
1040 1269 67 27 Crops
1117 1276 49 15 now
1180 1276 69 21 grow-

663 1291 40 27 ing
719 1291 132 29 thereupon,
863 1295 85 21 several
959 1295 68 22 Head
1034 1296 26 21 of
1067 1295 77 26 Cattle,
1157 1296 91 25 Horses,

663 1318 47 22 and
728 1319 64 22 other
809 1320 56 22 Live
880 1322 75 21 Stock.
984 1322 48 22 The
1042 1322 71 23 whole
1122 1325 23 19 to
1161 1323 27 22 be
1202 1323 47 22 sold

663 1345 96 23 without
767 1353 96 17 reserve.

942 1375 90 23 Henry
1046 1376 35 21 St.
1096 1376 71 28 Hill,

1136 1403 86 23 Sheriff.

694 1425 140 30 Wellington,
849 1427 54 28 July
912 1429 35 26 27,
959 1430 61 22 1843.

664 1470 29 21 In
703 1470 38 22 the
751 1471 96 23 County
858 1473 78 22 Court
946 1481 28 14 of
992 1474 87 21 Wel-1

692 1504 108 20 lington,
811 1499 24 21 in
846 1499 37 22 the
894 1500 110 23 Southern
1010 1500 52 22 Dis-
1073 1493 6 28 I

691 1524 51 21 trict
751 1525 27 21 of
788 1525 56 23 New
851 1526 82 28 Ulster,
941 1527 120 23 NewZea-
1072 1532 7 23 |

690 1550 59 23 land.
763 1552 3 7 '
1065 1541 13 41 J

846 1585 105 27 Joseph
969 1587 99 27 Relph,
1245 1594 15 14 v

826 1618 118 23 Deceased
973 1620 114 24 Intestate.

664 1651 195 48 PURSUANT
867 1656 23 19 to
899 1653 39 23 the
953 1654 58 23 Rule
1021 1655 28 22 of
1058 1655 43 22 this
1119 1655 129 23 Honorable

736 1679 74 27 Court,
822 1679 39 23 the
873 1681 114 22 Creditors
995 1682 26 22 of
1032 1682 38 22 the
1082 1683 73 21 above
1167 1683 82 22 named

663 1704 116 29 deceased,
795 1714 45 19 are,
852 1714 28 15 on
894 1714 26 15 or
929 1708 77 22 before
1022 1708 39 22 the
1076 1709 83 27 Eighth
1174 1709 43 28 day
1227 1710 26 21 of

664 1731 98 23 October
771 1737 61 23 next,
844 1737 22 18 to
876 1741 63 15 come
948 1735 24 21 in
990 1735 45 22 and
1044 1743 67 20 prove
1126 1736 38 22 the
1180 1737 69 22 Debts

662 1758 77 22 before
749 1759 96 23 Robert
856 1761 97 23 Rodger
964 1762 100 26 Strang,
1080 1763 60 28 Esq.,
1151 1763 65 22 Clerk
1227 1764 25 21 of

661 1785 40 21 the
711 1785 47 22 said
769 1787 75 27 Court,
856 1791 22 18 at
888 1787 34 23 hi
921 1787 18 23 3
933 1788 72 22 Office
1013 1789 24 22 in
1044 1789 36 22 the
1089 1789 70 22 Court
1164 1790 84 27 House,

662 1811 144 29 Wellington,
823 1821 26 15 or
858 1815 22 21 in
896 1815 87 22 default
992 1815 92 26 thereof,
1099 1816 54 27 they
1163 1817 43 22 will
1220 1817 28 22 be

661 1840 171 29 preremptorily
842 1841 111 23 excluded
963 1842 58 22 from
1031 1843 30 22 all
1075 1843 85 22 benefit
1167 1843 83 28 arising

662 1865 58 22 from
729 1865 39 23 the
778 1867 47 22 said
840 1867 84 23 Estate.

917 1902 94 22 Robert
1027 1903 27 21 R.
1071 1904 91 21 Strang

846 1928 66 23 Clerk
923 1929 25 22 of
959 1929 38 22 the
1009 1930 87 27 County
1107 1930 73 24 Court,
1190 1931 45 22 and

893 1955 217 28 Deputy-Registrar
1121 1957 26 21 of
1158 1957 36 22 the

950 1983 109 26 Supreme
1067 1983 74 22 Court:

690 2013 145 28 Wellington,
847 2015 54 27 July
909 2017 36 22 28,
957 2017 61 21 1843.
1159 2036 4 5 ,

663 2055 28 22 In
701 2056 38 22 the
750 2057 96 22 County
857 2058 78 21 Court
955 2066 27 13 of

689 2090 109 19 lington,
809 2084 25 21 in
844 2083 38 22 the
890 2085 111 22 Southern
1011 2086 50 21 Dis-
1073 2079 4 28 I

689 2109 51 21 trict
748 2110 27 21 of
781 2111 57 22 New
847 2111 83 27 Ulster,
937 2112 57 21 New
1005 2112 56 22 Zea-
1073 2112 11 26 f

688 2135 62 23 land.
1066 2126 11 40 J

758 2168 122 23 William
894 2171 120 21 Edward
1027 2172 127 26 Humble,

825 2201 117 23 Deceased
971 2203 116 22 Intestate.

662 2232 196 48 PURSUANT
871 2238 23 18 to
906 2235 39 22 the
959 2236 48 22 rule
1025 2238 27 21 of
1061 2238 44 21 this
1119 2238 130 23 Honorable

736 2260 73 27 Court,
822 2260 38 23 the
870 2262 112 23 Creditors
993 2263 25 22 of
1031 2264 37 21 the
1082 2265 68 21 above
1168 2266 80 22 named

661 2286 124 27 Deceased,
797 2295 45 19 are,
854 2295 28 15 on
893 2296 25 15 or
931 2289 77 22 before
1017 2290 38 22 the
1071 2291 83 27 Eighth
1167 2293 44 26 day
1227 2293 26 21 of

663 2312 97 23 October
770 2318 61 23 next,
842 2318 23 18 to
874 2323 63 15 come
953 2316 24 22 in
988 2317 44 22 and
1047 2325 67 20 prove
1124 2318 38 22 the
1179 2319 70 23 Debts

638 2357 4 4 .
661 2339 78 22 before
748 2340 96 23 Robert
854 2342 98 23 Rodger
962 2344 101 27 Strang,
1082 2345 60 28 Esq.,
1154 2345 64 23 Clerk
1228 2347 26 21 of

663 2365 38 22 the
710 2366 49 22 said
769 2368 75 27 Court,
856 2372 22 19 at
884 2369 35 22 his
929 2370 71 22 Office
1009 2371 24 21 in
1042 2372 37 21 the
1090 2372 68 22 Court
1163 2373 85 27 House,

663 2392 144 29 Wellington,
820 2402 31 20 or,
863 2396 23 21 in
897 2396 86 23 default
998 2397 92 28 thereof,
1101 2399 54 27 they
1169 2400 44 22 will
1221 2400 28 22 be

661 2422 161 26 peremptorily
837 2422 110 23 excluded
955 2424 59 22 from
1021 2425 39 21 .all
1068 2426 83 22 benefit
1166 2427 85 27 arising

662 2446 58 23 from
735 2448 38 21 the
783 2448 48 23 said
841 2449 85 23 Estate.

918 2484 95 23 Robert
1025 2485 28 22 R.
1070 2486 99 23 Strang.

847 2510 66 23 Clerk
922 2511 26 22 of
961 2511 39 22 the
1010 2513 87 27 County
1108 2514 75 27 Court,
1194 2514 43 23 and

890 2537 218 29 Deputy-Registrar
1122 2540 26 21 of
1159 2541 38 22 the

947 2565 107 28 Supreme
1070 2566 73 23 Court.

689 2596 144 28 Wellington,
844 2598 55 28 July
908 2599 34 27 27,
954 2600 62 22 1843.

663 2640 28 23 In
702 2641 38 22 the
750 2642 96 23 County
862 2644 78 22 Court
950 2644 28 21 of
990 2643 70 23 Wel-

691 2675 108 21 lington,
810 2670 24 21 in
842 2670 38 22 the
891 2670 111 22 Southern
1007 2671 53 22 Dis-
1071 2665 4 28 I

691 2695 51 21 trict
764 2696 26 21 of
815 2697 56 22 New
894 2697 83 28 Ulster,
1002 2698 56 22 New
1070 2692 12 36 f

690 2721 107 23 Zealand.
1063 2720 11 33 j

818 2758 155 21 Archibald
1000 2760 97 27 Milne,

833 2791 117 23 Deceased
959 2793 118 24 Intestate.

665 2823 196 49 PURSUANT
875 2829 23 18 to
909 2826 38 22 the
964 2827 59 23 Rule
1035 2829 25 21 of
1067 2828 43 23 this
1124 2829 127 23 Honorable

738 2852 75 27 Court,
825 2852 38 22 the
873 2852 113 24 Creditors
994 2855 27 21 of
1035 2855 37 23 the
1089 2856 163 24 above-named

663 2877 125 28 Deceased,
800 2886 46 20 are,
858 2887 28 14 on
898 2887 26 14 or
933 2880 76 23 before
1020 2881 39 23 the
1072 2883 83 27 Eighth
1171 2885 51 27 Day
1231 2884 25 22 of

665 2904 98 23 October
771 2909 61 23 next,
845 2909 22 19 to
877 2914 64 14 come
957 2907 24 22 in
993 2908 45 22 and
1053 2917 66 20 prove
1131 2910 38 23 the
1184 2911 69 22 Debts

663 2931 78 22 before
751 2932 97 22 Robert
860 2934 97 21 Rodger
971 2935 102 28 Strang,
1084 2937 61 28 Esq.,
1155 2937 66 23 Clerk
1230 2937 24 22 of

663 2957 39 22 the
712 2958 48 23 said
770 2959 76 27 Court,
858 2965 21 17 at
890 2960 35 22 his
930 2961 71 23 Office
1011 2963 23 20 in
1044 2962 37 23 the
1088 2964 163 27 Court-House,

664 2984 139 29 Wellington
811 2994 6 20 ;
833 2994 32 20 or,
873 2987 24 22 in
908 2987 86 23 default
1004 2988 91 29 thereof,
1107 2990 54 28 they
1170 2991 44 22 will
1224 2991 27 22 be

663 3013 158 32 peremptorily
830 3014 110 22 excluded
956 3015 59 22 from
1032 3016 30 22 all
1077 3017 85 23 benefit
1170 3018 83 27 arising

662 3039 58 22 from
731 3037 38 24 the
780 3041 47 21 said
838 3041 85 22 Estate.

929 3076 96 23 Robert
1040 3077 28 22 R.
1082 3078 103 28 Strang,

838 3101 65 23 Clerk
913 3102 27 22 of
946 3102 39 23 the
994 3104 89 28 County
1094 3105 74 28 Court,
1178 3105 47 23 and

883 3128 220 30 Deputy-Registrar
1112 3132 26 22 of
1145 3133 38 21 the

936 3156 110 28 Supreme
1058 3158 75 23 Court.

689 3185 149 28 Wellington,
850 3186 54 28 July
912 3188 35 26 27,
959 3189 61 21 1843.

664 3229 29 22 In
702 3229 38 22 the
750 3230 97 23 County
861 3231 77 23 Court
954 3233 27 22 of
992 3233 85 30 Wel-~)

691 3263 109 21 lington,
829 3257 25 23 in
884 3257 38 23 the
951 3259 112 24 Southern
1075 3262 6 20 I

691 3283 93 23 District
793 3284 27 22 of
832 3284 57 24 New
905 3285 82 28 Ulster,
1005 3287 55 22 New
1074 3281 12 35 f

691 3309 106 24 Zealand.
1063 3308 15 33 j

826 3345 121 22 Thomas
975 3347 116 27 Ellison,

832 3376 119 24 Deceased
961 3378 117 24 Intestate.

664 3409 195 49 PURSUANT
871 3413 24 20 to
905 3410 42 23 the
953 3412 61 23 Rule
1029 3413 29 22 of
1069 3413 44 24 this
1122 3414 127 24 Honorable

737 3437 75 27 Court,
823 3437 39 23 the
875 3438 115 24 Creditors
999 3439 26 22 of
1036 3440 39 23 the
1084 3442 165 22 above-named

663 3462 123 29 Deceased,
797 3471 45 20 are,
853 3471 29 16 on
898 3472 26 15 or
933 3465 76 23 before
1019 3466 39 24 the
1076 3468 89 27 Eighth'
1169 3469 45 26 day
1227 3468 26 22 of

664 3489 98 23 October
771 3494 63 24 next,
846 3494 22 19 to
883 3492 97 25 come.in
997 3493 48 23 and
1057 3501 67 21 prove
1134 3495 37 23 the
1180 3495 71 23 Debts

663 3516 77 23 before
759 3516 97 23 Robert
870 3518 101 23 Rodger
985 3520 101 28 Strang,
1103 3522 61 28 Esq.,
1185 3522 64 23 Clerk

663 3542 26 23 of
706 3542 38 23 the
762 3543 49 23 said
829 3544 76 28 Court,
916 3548 23 19 at
948 3545 35 23 his
1002 3546 78 28 Office,
1091 3548 23 22 in
1131 3549 38 22 the
1185 3549 65 22 Court

663 3570 87 27 House,
761 3570 139 28 Wellington
908 3579 7 19 ;
930 3579 32 21 or,
971 3572 24 23 in
1006 3573 85 23 default
1098 3574 93 29 thereof,
1197 3575 52 28 they

662 3596 46 23 will
717 3596 29 23 be
755 3598 160 32 peremptorily
924 3599 115 28 excluded
1046 3601 59 25 from
1112 3601 31 25 all
1155 3602 94 24 benefits

663 3623 83 29 arising
755 3624 59 23 from
823 3625 40 25 the
871 3625 49 23 said
930 3626 85 24 Estate.

898 3659 96 24 Robert
1009 3661 29 22 R.
1054 3661 100 29 Strang,

835 3685 68 23 Clerk
913 3687 26 21 of
945 3686 38 23 the
994 3687 88 29 County
1092 3689 75 27 Court,
1174 3689 47 22 «nd
1248 3707 5 2 .

885 3713 218 29 Deputy-Registrar
1112 3716 26 22 of
1144 3716 37 22 the
1198 3714 3 6 '

935 3741 109 27 Supreme
1054 3742 77 22 Court.

635 3789 4 7 ,
689 3771 146 29 Wellington,
846 3772 55 29 July
910 3773 35 28 27,
956 3775 62 22 1843.

637 3818 3 11 '
780 3819 44 20 Ex
839 3819 136 21 schooner

660 3852 54 49 A
731 3851 68 22 FEW
818 3852 81 21 TONS
921 3852 41 21 OF
985 3852 193 23 MANAWATU
1197 3854 52 22 PO-

738 3878 129 28 TATOES,
882 3878 38 22 for
932 3878 53 23 Sale
998 3881 25 18 at
1099 3884 8 29 ;

655 3928 3 3 .
679 3922 4 4 ■
988 3908 118 24 Wallace
1120 3910 52 22 and'
1180 3911 41 23 Co.

688 3937 60 23 June
759 3937 33 26 24,
806 3937 61 21 1843.

1281 705 30 25 In
1320 705 38 23 the
1369 707 94 22 County
1479 707 78 22 Court
1572 708 27 21 of
1609 707 68 23 Wel-

1286 739 5 2 '
1310 739 110 22 LiNQToir,
1427 733 24 22 in
1461 734 39 22 the
1507 734 109 23 Southern
1624 735 53 21 Dis-

1310 760 52 21 trict
1385 760 25 21 of
1428 760 57 23 New
1508 760 82 27 Ulster,
1620 761 57 22 New
1689 765 6 29 [

1310 787 108 23 Zealand.
1681 783 12 32 J

1437 823 124 22 William
1594 823 113 25 Elsdon,

1454 856 115 23 Deceased
1580 856 116 23 Intestate.

1487 886 23 20 to
1520 883 37 22 the
1574 884 58 22 Rule
1642 884 25 21 of
1674 883 43 23 this
1733 883 132 22 Honorable

1280 906 32 25 JL
1354 910 74 26 Court,
1441 910 37 21 the
1490 910 112 22 Creditors
1612 910 26 22 of
1651 910 37 22 the
1701 909 164 23 above-named

1281 935 123 28 Deceased,
1416 943 44 21 are,
1472 943 29 16 on
1516 944 26 15 or
1550 937 77 22 before
1638 936 38 23 the
1691 936 83 28 Eighth
1785 937 44 27 day
1843 937 26 22 of

1267 967 2 15 :
1281 961 98 23 October
1388 967 60 23 next,
1460 967 22 18 to
1493 971 62 14 come
1569 964 24 21 in
1604 963 42 22 and
1658 971 69 20 prove
1740 963 36 23 the
1794 963 71 22 Debts

1279 987 76 23 before
1366 989 94 22 Robert
1474 990 99 22 Rodger
1582 991 100 26 Strang,
1693 990 61 28 Esq.,
1766 990 66 22 Clerk
1841 990 26 22 of

1279 1014 39 22 the
1327 1015 51 22 said
1387 1016 74 27 Court,
1470 1019 23 19 at
1496 1016 37 22 his
1540 1016 77 28 Office,
1625 1017 24 22 in
1657 1016 38 23 the
1702 1016 162 28 Court-House,

1279 1040 138 29 Wellington
1425 1050 7 19 ;
1448 1050 31 19 or,
1490 1043 24 22 in
1525 1042 84 23 default
1616 1043 94 27 thereof,
1721 1043 53 27 they
1784 1043 44 22 will
1837 1044 28 21 be

1278 1069 157 28 peremptorily
1446 1069 110 22 excluded
1564 1070 59 21 from
1638 1070 30 21 all
1677 1070 96 22 benefits
1783 1070 83 27 arising

1278 1096 59 21 from
1347 1095 38 22 the
1394 1096 48 22 said
1452 1096 85 22 Estate.

1512 1128 96 22 Robert
1622 1128 29 22 R.
1667 1128 102 28 Strang,
1806 1134 6 7 *

1449 1154 67 22 Clerk
1526 1155 25 21 of
1558 1156 38 21 the
1607 1155 88 28 County
1707 1156 75 26 Court,
1793 1154 46 23 and

1486 1182 92 27 Deputy
1588 1182 113 27 Registrar
1710 1182 26 22 of
1747 1182 38 22 the

1550 1209 107 27 Supreme
1668 1209 74 22 Court.

1307 1238 145 31 Wellington,
1464 1242 54 28 July
1528 1243 34 26 27,
1574 1244 61 21 1843.

1505 1288 54 21 For
1573 1288 69 21 Sale.

1334 1319 181 24 UNPOWDER
1529 1321 63 22 TEA
1606 1321 24 22 in
1649 1321 74 22 chests
1742 1320 46 23 and
1804 1324 62 24 catty

1283 1343 52 25 vJT
1362 1347 77 26 boxes,

1307 1373 76 22 Pekoe
1392 1373 45 23 and
1446 1373 121 28 Souchong
1576 1374 25 22 in
1611 1377 60 25 catty
1681 1374 75 27 boxes,

1307 1399 81 28 Hyson
1398 1399 51 23 skin
1458 1401 24 21 in
1493 1401 82 26 chests,

1268 1432 4 20 f.
1278 1436 8 20 ,;
1307 1425 57 23 Fine
1374 1426 67 23 white
1455 1434 73 21 sugar,

1282 1468 3 4 .
1308 1453 93 22 Chinese
1411 1461 123 20 preserves,

1308 1479 80 23 Brown
1397 1481 45 21 and
1452 1481 50 28 pale
1511 1481 84 28 sherry,
1604 1483 44 20 16s.
1655 1481 45 22 and
1712 1483 44 20 19s.
1764 1488 41 21 per
1815 1481 50 22 doz.

1335 1511 74 28 Apply
1419 1514 22 19 to

1579 1539 23 22 J.
1619 1540 138 27 Christian,

1660 1566 91 23 Wade's
1760 1567 82 22 Stores.

1308 1592 89 28 August
1406 1594 19 25 1,
1438 1594 64 21 1843.

1267 1634 2 30 |
1493 1638 68 21 Rifle
1579 1639 76 20 Club.

1282 1671 93 48 THE
1395 1672 152 22 MEMBERS
1565 1672 26 21 of
1602 1672 37 22 the
1654 1672 71 22 above
1735 1672 57 23 Club
1808 1676 61 19 meet

1356 1702 24 17 at
1389 1698 43 23 Kai
1442 1699 86 27 Warra,
1540 1706 67 20 every
1616 1699 102 27 Tuesday
1726 1700 44 21 and
1779 1700 87 27 Friday,

1267 1723 2 30 |
1281 1727 23 19 at
1311 1726 13 20 3
1334 1732 56 19 p.m.,
1400 1726 35 21 for
1445 1726 49 22 Ball
1507 1726 108 22 Practice.

1308 1756 55 28 July
1373 1759 32 25 28,
1418 1759 59 21 1843.

1282 1801 269 49 SUBSCRIPTIONS,
1559 1803 35 22 for
1601 1803 37 22 the
1646 1811 96 20 purpose
1749 1804 25 21 of
1777 1803 90 28 placing

1347 1828 75 22 Funds
1437 1832 24 18 at
1477 1830 38 21 the
1533 1830 95 27 disposal
1644 1831 25 20 of
1681 1831 38 20 the
1734 1831 133 21 Committee

1281 1855 121 28 appointed
1411 1855 36 22 for
1457 1856 39 22 the
1506 1857 93 22 defence
1609 1857 25 21 of
1640 1857 38 22 the
1693 1857 70 22 Town
1774 1857 25 22 of
1806 1857 61 21 Wel-

1280 1881 98 28 lington,
1390 1882 44 22 will
1443 1883 29 21 be
1481 1883 103 22 received
1594 1884 29 27 by
1633 1890 45 21 any
1684 1884 103 21 Member
1797 1884 26 21 of
1829 1883 38 22 the

1282 1908 99 22 General
1396 1909 140 26 Committee,
1548 1910 37 21 the
1595 1911 93 21 Officers
1704 1910 164 27 Commanding

1282 1935 109 28 Districts,
1407 1940 23 18 at
1447 1937 38 21 the
1502 1937 64 22 office
1575 1937 27 21 of
1612 1937 37 22 the
1663 1937 75 22 Union
1753 1937 73 27 Bank,
1842 1944 26 15 or

1281 1969 48 15 mv.
1340 1962 97 23 Edward
1444 1963 111 28 Johnson,
1566 1963 125 22 Treasurer.

1278 1995 22 23 t?
1309 1993 147 27 Wellington,
1468 1994 55 27 July
1534 1996 32 24 14,
1578 1997 62 20 1843.

1283 2037 92 35 npHE
1396 2039 79 20 Nelson
1498 2040 117 20 Examiner
1637 2041 43 19 and
1700 2041 53 19 New
1775 2041 94 20 Zealand

1288 2060 30 25 JL
1356 2065 110 21 Chronicle
1481 2066 127 27 (published
1616 2070 24 18 at
1648 2066 102 28 Nelson,)
1765 2067 19 21 is
1802 2075 65 20 regu-

1280 2090 57 28 larly
1357 2093 141 21 transmitted
1512 2097 23 17 to
1550 2093 145 28 Wellington,
1714 2094 43 22 and
1773 2102 52 19 may
1839 2095 27 21 be

1281 2117 42 23 had
1335 2121 23 19 at
1366 2119 37 22 the
1415 2120 62 21 office
1488 2120 26 21 of
1524 2119 44 23 this
1576 2128 74 19 paper.

1308 2145 48 22 The
1365 2147 78 20 Nelson
1452 2148 116 20 Examiner
1583 2147 45 21 will
1637 2147 27 22 be
1674 2147 69 22 found
1753 2154 29 15 an
1794 2148 73 22 excel-

1280 2172 48 22 lent
1336 2173 99 22 medium
1444 2174 36 21 for
1490 2173 139 23 advertisers.

1307 2199 79 22 Terms
1395 2200 33 22 for
1437 2200 38 22 the
1486 2208 73 20 paper,
1571 2204 36 18 ten
1616 2200 100 27 shillings
1730 2208 39 19 per
1777 2204 90 24 quarter

1279 2226 96 28 payable
1383 2227 23 21 in
1416 2227 109 23 advance.

1308 2253 82 22 Orders
1413 2253 34 22 for
1466 2254 38 22 the
1526 2262 68 20 paper
1616 2254 44 22 and
1684 2254 183 23 advertisements

1280 2280 104 22 received
1394 2284 22 18 at
1425 2281 38 21 the
1474 2281 70 22 Office
1555 2281 26 21 of
1593 2281 43 21 this
1645 2288 75 22 paper.
1857 2278 8 12 *

1451 2327 78 20 Meat
1549 2327 148 25 Company.

1283 2358 92 49 THE
1394 2359 236 27 UNDERSIGNED,
1649 2359 84 28 having
1752 2360 56 21 been
1829 2368 38 20 ap-

1356 2386 90 27 pointed
1461 2387 110 26 Manager
1581 2386 25 22 of
1620 2386 36 22 the
1670 2386 63 22 Meat
1743 2387 122 27 Company,

1281 2412 54 27 begs
1345 2415 23 19 to
1378 2420 117 15 announce
1504 2413 49 22 that
1568 2420 13 14 a
1590 2413 89 26 regular
1687 2413 77 28 supply
1773 2414 29 22 of.
1808 2413 57 27 beef,

1282 2441 94 25 mutton,
1397 2439 44 22 and
1458 2440 57 27 pork
1531 2447 52 20 may
1603 2439 82 28 always
1702 2440 28 21 be
1750 2440 117 27 depended

1282 2472 60 20 upon
1354 2469 23 19 at
1387 2466 43 22 this
1439 2467 175 21 establishment.

1310 2493 32 21 As
1366 2493 43 21 this
1433 2493 115 28 Company
1568 2500 106 25 purposes
1691 2493 80 28 selling
1789 2497 24 19 at
1830 2494 37 22 the

1281 2518 78 23 lowest
1367 2519 72 28 prices
1449 2524 23 18 at
1486 2520 73 22 which
1568 2524 18 18 it
1600 2521 18 21 is
1627 2520 70 22 found
1707 2520 36 22 the
1754 2524 60 18 meat
1827 2528 40 14 can

1281 2546 29 21 be
1320 2547 106 26 afforded,
1437 2547 38 21 the
1485 2547 150 27 undersigned
1644 2547 18 21 is
1676 2547 53 27 only
1738 2547 127 22 authorized

1282 2575 23 19 to
1314 2573 52 27 give
1371 2581 54 20 very
1430 2574 87 22 limited
1527 2575 77 26 credit,
1611 2573 45 23 and
1663 2573 40 22 has
1710 2573 54 22 been
1774 2574 94 22 ordered

1282 2602 23 19 to
1321 2604 48 24 stop
1385 2600 30 22 all
1427 2604 106 19 accounts
1547 2601 73 22 which
1635 2608 37 14 are
1688 2605 40 17 not
1742 2601 52 27 paid
1809 2608 58 21 upon

1282 2626 103 23 demand.

1309 2653 48 22 The
1366 2654 101 22 business
1474 2654 29 24 pi
1510 2653 37 23 the
1558 2654 114 27 Company
1682 2653 18 22 is
1710 2654 86 22 carried
1805 2662 29 14 on
1844 2655 23 22 in

1283 2680 57 22 their
1355 2688 49 14 new
1419 2676 109 32 building,
1540 2681 87 21 erected
1645 2681 100 23 between
1764 2681 104 23 France's

1284 2707 82 22 Hotel.
1371 2707 44 22 and
1434 2707 38 22 the
1490 2707 58 23 head
1566 2708 25 21 of
1606 2707 37 22 the
1658 2708 56 27 Bay,
1732 2708 44 22 and
1792 2709 76 27 nearly

1284 2734 98 27 opposite
1392 2738 23 18 to
1425 2735 46 22 Mr.
1481 2735 85 28 Lyon's
1575 2735 70 21 Store.

1557 2768 36 22 W.
1608 2767 100 28 FLYdER,
1725 2769 116 27 Manager.

1312 2800 129 22 November
1450 2802 34 25 23,
1498 2801 59 21 1842.

1474 2852 85 20 Fresh
1575 2851 104 25 Butter,

1284 2884 164 49 ALWAYS
1463 2892 29 14 on
1508 2884 49 22 Sale
1573 2888 25 18 at
1613 2884 38 22 the
1661 2885 63 21 Meat
1736 2885 133 28 Company's

1363 2911 117 28 premises.

1555 2937 37 22 W.
1608 2937 101 27 Flyger,
1725 2939 116 27 Manager.

1311 2965 160 26 Willis-street,
1483 2965 56 21 Dec.
1550 2965 20 26 2,
1583 2965 60 27 1842}

1524 3011 110 20 Cheese.

1301 3045 16 20 A
1345 3043 118 23 SUPPLY
1472 3043 103 22 received
1582 3042 86 27 weekly
1675 3043 26 21 of
1708 3043 55 22 New
1769 3043 101 22 Zealand

1284 3065 50 27 J\.
1362 3071 66 21 made
1439 3070 92 27 Cheese,
1538 3070 57 21 from
1606 3069 36 22 the
1651 3071 141 26 Gowpasture
1799 3070 68 27 dairy,

1283 3097 45 22 and
1338 3097 35 22 for
1380 3097 45 22 sale
1435 3101 25 18 at
1475 3097 38 21 the
1522 3097 107 27 premises
1639 3097 24 21 of
1679 3096 36 22 the
1731 3097 64 22 Meat
1804 3097 65 22 Com-

1282 3131 68 20 pany.

1564 3150 35 22 W.
1611 3150 101 27 Flyger,
1724 3151 116 27 Manager.

1284 3196 92 49 THE
1390 3196 230 23 UNDERSIGNED
1631 3204 37 15 arc
1680 3196 52 23 cash
1738 3197 130 32 purchasers

1359 3224 27 21 of
1402 3223 39 28 oil,
1456 3224 67 26 bone,
1543 3223 44 23 and
1606 3223 52 28 flax,
1683 3224 34 22 for
1740 3224 127 22 immediate

1282 3250 120 28 shipment.

1445 3278 134 26 RIDGWAYS,
1591 3277 105 27 GUTTON,
1709 3285 46 14 AND
1769 3277 71 23 EaRP.

1311 3306 55 31 July
1376 3309 34 27 17,
1423 3311 60 21 1843.

1522 3356 53 20 For
1589 3354 71 25 Sale,

1281 3391 158 49 WHEAT
1461 3391 67 23 AND
1548 3389 112 28 FLOUR,
1675 3389 38 23 the
1730 3389 99 28 produce
1846 3390 25 22 of

1377 3418 39 22 the
1426 3418 67 27 Hutt,
1503 3418 25 22 in
1542 3417 56 28 bags
1609 3417 102 27 (200ffis,)
1724 3421 23 18 at
1762 3417 36 24 £2
1812 3419 55 26 10a.,

1279 3443 52 24 half
1346 3445 53 27 bags
1419 3445 32 23 £1
1473 3446 32 21 ss.
1543 3445 60 26 Bags
1620 3447 24 18 to
1663 3444 28 21 be
1709 3443 114 28 returned,
1843 3452 26 14 or

1281 3471 98 28 charged
1391 3473 33 21 2s.
1439 3471 36 23 6d.
1505 3471 56 22 Also
1569 3478 14 15 a
1592 3469 65 23 small
1672 3471 103 27 quantity
1784 3471 26 21 of
1816 3472 52 22 seed

1281 3498 77 28 spring
1366 3499 47 23 and
1422 3499 81 23 winter
1510 3497 75 23 wheat
1593 3497 45 22 and
1647 3497 94 22 skinless
1750 3498 84 28 barley.

1308 3535 77 28 Apply
1394 3538 23 19 to
1434 3535 91 22 Messrs.
1536 3534 97 22 Rhodes
1648 3533 51 23 and'
1706 3534 48 28 Co.,
1762 3533 35 23 Te
1814 3534 52 28 Aro,

1281 3569 26 15 or
1315 3565 23 19 to
1348 3562 46 23 Mr.
1408 3563 130 25 Swainson,
1553 3560 150 28 Hawkshead,
1715 3560 69 22 River
1801 3561 67 23 Hutt.

1308 3594 56 27 July
1372 3595 22 26 4,
1406 3594 62 22 1843.

1281 3639 73 50 ON
1369 3638 86 27 SALE,
1463 3640 24 20 at
1495 3638 39 22 the
1543 3637 75 23 Stores
1627 3637 26 22 of
1660 3636 36 23 the
1708 3637 157 29 undersigned,

1359 3673 29 16 ex
1397 3666 102 22 Scotia—

1357 3694 7 8 N
1389 3697 77 27 Flour,

1390 3724 64 27 Rice,

1390 3751 78 28 Sugar,

1390 3777 98 27 Brandy,

1389 3803 92 23 Bottled
1490 3803 36 23 ale
1535 3802 44 24 and
1590 3805 83 26 porttr,
1684 3802 100 28 Dunbar,

1513 3854 2 4 .
1525 3835 98 22 Thomas
1638 3834 27 22 M
1670 3849 7 6 .
1688 3833 149 24 Machattie.

1286 3885 3 4 .
1308 3862 96 27 Ap«l7;
1416 3863 62 21 1843.

1282 3904 72 54 ON
1368 3906 87 26 SALE,
1469 3908 26 21 at
1502 3906 46 23 this
1559 3905 72 26 office,
1641 3905 70 23 blank
1721 3906 59 23 Bill
1791 3906 76 23 Books
1876 3921 2 6 ,

1513 3931 72 29 office,
1595 3931 56 23 Dec.
1656 3933 26 21 .4,

2019 708 65 21 Two
2099 708 121 22 Guineas
2232 710 126 21 Reward.

1899 740 72 49 ON
1986 741 130 23 FRIDAY*
2123 743 102 26 morning
2242 743 50 27 last,
2310 751 14 15 a
2342 745 95 22 number
2455 745 29 22 of

1976 768 80 26 Papers
2066 768 43 24 and
2124 769 155 29 Memoranda,
2291 770 82 29 chiefly
2381 771 99 26 relating

1896 797 24 18 to
1929 794 46 22 Mr.
1987 795 89 21 Charles
2085 795 100 23 Brown's
2194 799 97 20 account
2300 798 136 27 concerning
2444 798 37 22 his

1896 820 46 22 late
1952 825 156 23 management
2117 822 26 22 of
2149 822 38 22 the
2198 823 58 22 Lord
2264 823 85 23 Nelson
2360 824 52 27 Inn,
2420 831 59 16 were

1896 847 70 22 stolen
1977 848 56 22 from
2043 855 42 15 one
2096 849 25 21 of
2128 849 37 22 the
2175 856 72 16 rooms
2260 851 26 21 of
2293 850 37 22 the
2340 851 139 27 Wellington

1896 874 100 27 Tavern;
2012 882 44 20 any
2065 882 78 20 person
2158 875 50 23 who
2217 884 41 14 can
2272 877 51 27 give
2336 877 55 23 such
2408 878 72 22 infor-

1895 901 85 21 mation
1996 908 24 14 as
2036 902 42 21 will
2093 902 108 27 complete
2216 903 36 22 the
2267 903 105 23 evidence
2385 904 94 27 already

1896 927 110 27 obtained,
2019 935 24 14 or
2053 929 114 21 otherwise
2177 929 53 21 lead
2238 933 22 18 to
2270 930 38 22 the
2317 931 127 21 conviction
2455 931 26 21 of

1896 954 38 21 the
1951 954 102 27 offender,
2069 954 56 23 shall
2139 955 90 23 receive
2248 956 38 22 the
2304 956 70 22 above
2392 957 88 23 reward

1895 980 59 22 from
1971 992 4 3 ■
2201 978 3 4 '
2394 1001 5 4 .
2425 1004 11 9 n
2447 993 3 4 •

2086 1007 70 23 Chas.
2171 1008 27 23 E.
2213 1008 52 23 Yon
2281 1009 115 28 Alsdorf,
2450 1013 3 6 '
2471 1022 8 12 4
2477 1009 4 5 '

2263 1035 188 28 Lambton-quay.

1924 1060 90 27 August
2023 1062 19 25 1,
2054 1061 58 21 1843.

2023 1105 82 22 Brick
2118 1107 95 21 House
2227 1107 43 21 for
2284 1108 70 25 Sale,

1897 1138 71 48 AT
1982 1145 14 15 a
2004 1138 99 23 sacrifice
2112 1140 27 21 of
2143 1146 63 16 more
2216 1141 53 21 than
2277 1141 123 23 two-thirds
2410 1142 26 22 of
2441 1142 40 23 the

1976 1168 47 19 cost
2038 1166 66 27 price,
2116 1166 48 22 that
2173 1166 50 23 well
2232 1167 58 23 built
2302 1168 64 22 brick
2374 1168 70 24 house
2454 1169 26 23 in

1897 1192 118 27 Mulgrave
2020 1196 80 23 -street,
2111 1194 100 26 opposite
2220 1194 40 22 Dr.
2271 1194 150 28 Fitzgerald's,
2432 1196 48 22 and

1896 1225 51 15 now
1956 1219 107 27 occupied
2072 1219 30 27 by
2111 1223 92 19 Messrs.
2217 1220 70 23 Levin
2297 1222 45 21 and
2353 1221 79 28 Heldt,
2443 1222 38 22 the
2502 1234 3 3 -

1897 1243 125 24 celebrated
2039 1246 98 23 German
2149 1247 92 27 joiners.
2270 1248 54 21 This
2338 1248 71 22 house
2425 1256 56 15 con-

1897 1272 57 21 tains
1972 1272 44 21 five
2032 1279 79 21 rooms,
2129 1272 62 23 three
2210 1274 24 21 of
2250 1274 73 22 which
2338 1274 58 22 have
2417 1276 63 22 brick

1897 1298 131 28 chimney's,
2039 1299 44 22 and
2092 1307 13 14 a
2114 1300 144 23 comfortable
2270 1300 99 23 kitchen.

1926 1325 74 27 Apply
2007 1328 27 19 to

2060 1353 69 22 Chas.
2145 1353 26 22 E.
2187 1353 50 23 Yon
2254 1354 114 28 Alsdorf,

2262 1381 200 28 Lambton-quay.''

1924 1405 89 27 August
2023 1407 19 26 1,
2053 1407 60 22 1843.

1964 1450 124 22 Produce
2103 1451 31 21 of
2145 1452 45 20 the
2205 1452 70 22 Hutt
2288 1453 43 21 fox
2345 1455 69 21 Sale.

1916 1483 17 22 A
1964 1483 68 22 FEW
2039 1483 103 24 hundred
2151 1493 76 20 young
2236 1486 53 22 fruit
2298 1489 59 20 trees
2366 1487 70 29 ready
2444 1488 39 22 for

1898 1510 59 35 -qL-
1977 1510 104 28 grafting,

1926 1538 89 21 Several
2028 1538 110 22 thousand
2152 1539 131 28 strawberry
2297 1540 80 28 plants,
2397 1541 84 28 largest

1897 1562 63 28 kind,

1926 1590 89 23 Several
2023 1590 89 25 bushels
2121 1592 27 21 of
2154 1591 94 24 skinless
2259 1592 83 30 barley,

1925 1617 48 24 Do..
2051 1618 42 25 do..
2155 1619 60 27 Cape
2223 1619 84 29 barley,

1898 1662 3 3 .
1926 1643 49 23 Do.*
2051 1644 35 23 do.
2156 1646 121 23 Coriander
2284 1647 59 27 seed.

1926 1670 90 23 Several
2025 1674 50 19 tons
2085 1672 25 21 of
2116 1672 54 22 seed
2180 1676 106 24 potatoes,
2295 1674 26 24 of
2328 1673 102 24 different
2434 1676 47 22 and

1899 1697 77 22 choice
1982 1698 111 27 .varieties,

1926 1724 77 22 About
2012 1728 43 18 two
2063 1725 89 22 bushels
2161 1726 27 21 of
2199 1727 39 22 red
2247 1727 46 22 and
2307 1727 66 23 white
2381 1729 100 22 assorted

1898 1751 84 26 garden
1992 1751 63 22 seeds
2065 1752 25 21 of
2096 1759 67 21 every
2172 1753 150 29 descriptions.

1926 1778 75 27 Ajpply
2015 1782 21 17 to

2062 1806 68 22 Chas.
2145 1806 26 23 E.
2187 1806 53 23 Yon
2254 1808 116 28 Alsdorf,

2156 1834 26 14 •-
2265 1835 189 29 Lambton-quay.

1925 1858 90 27 August
2024 1860 19 26 1,
2055 1861 59 20 1843.

2117 1905 54 22 For
2185 1906 70 26 Sale,

1898 1937 51 48 A
1969 1937 86 22 FLAX
2074 1938 156 24 DRESSING
2251 1940 159 24 MACHINE.
2439 1943 45 23 For

1976 1964 88 22 further
2072 1965 138 28 particulars,
2221 1966 89 28 inquire
2319 1968 27 21 of

2066 1998 76 25 Jamb*
2157 1999 73 28 Reed,
2244 2001 128 27 Carpenter.

2181 2025 71 23 Nairn
2263 2027 78 28 Street,
2352 2028 32 22 Te
2392 2029 61 23 Aro.

1926 2055 143 29 Wellington,
2079 2058 89 27 August
2177 2059 20 25 1,
2210 2059 60 21 1843.

2033 2102 86 21 Town
2137 2103 30 20 of
2178 2104 167 21 Manewatu.
2433 2118 11 11 .„
2472 2108 4 3 •

1899 2134 92 49 THE
2013 2134 212 25 PROPRIETORS
2249 2137 26 22 of
2298 2137 39 22 the
2357 2138 63 23 three
2434 2140 50 22 first

1986 2161 88 23 choices
2088 2166 23 18 at
2121 2163 38 22 the
2176 2163 44 22 last
2232 2164 107 23 selection
2349 2165 26 22 of
2388 2170 96 24 country

1897 2187 71 27 lands,
1982 2188 83 28 having
2083 2189 137 23 determined
2233 2198 62 19 upon
2311 2192 38 21 the
2364 2192 42 22 site
2420 2194 35 21 for
2469 2201 15 15 a

1912 2222 92 22 TOWN
2020 2223 43 22 ON
2076 2224 65 22 THE
2156 2224 188 24 MANEWATU
2359 2227 106 27 RIVER,

1898 2250 57 21 after
1959 2251 78 20 several
2045 2252 59 19 visits
2113 2254 22 18 to
2144 2251 38 22 the
2190 2252 186 28 neighbouroood,
2387 2254 49 22 and
2445 2255 39 22 the

1898 2279 58 19 most
1974 2277 86 22 careful
2076 2278 45 21 and
2139 2278 83 22 minute
2241 2279 150 23 examination
2406 2281 28 21 of
2446 2281 38 23 the

1899 2309 71 16 •satire
1986 2304 90 27 district,
2092 2304 67 22 aided
2173 2305 31 27 by
2213 2305 37 22 the
2265 2306 145 27 professional
2423 2307 59 28 skill,

1898 2330 138 28 knowledge,
2055 2332 44 20 and
2112 2332 131 27 experience
2257 2332 27 22 of
2295 2332 37 22 the
2348 2337 60 19 most
2421 2342 63 15 com-

1899 2361 76 23 petent
1982 2358 87 27 judges,
2086 2365 92 21 propose
2194 2362 23 18 to
2231 2359 55 22 offer
2297 2359 33 22 for
2346 2360 104 29 disposal,
2460 2365 26 19 at

2048 2384 36 22 the
2098 2388 88 24 present
2196 2386 59 27 time,
2267 2386 68 22 about

1898 2415 219 23 TWENTY-FIVE
2151 2417 105 27 ACRES,
2295 2418 36 22 IN
2368 2419 117 24 ALLOT-

1900 2443 113 27 MENTS,
2029 2443 83 22 EACH
2134 2443 39 23 OF
2198 2444 63 22 ONE
2281 2445 149 24 QUARTER
2444 2446 40 23 OF

2114 2470 47 22 AN
2175 2467 99 26 ACRE>

1925 2496 48 22 The
1982 2500 49 25 spot
2040 2497 50 22 thus
2099 2497 98 22 selected
2207 2505 110 20 possesses
2326 2498 37 23 the
2373 2503 59 19 most
2446 2507 40 16 ex-

1898 2523 87 22 tensive
1997 2523 101 28 frontage
2112 2526 23 19 to
2152 2524 56 27 deep
2220 2528 68 18 water
2302 2525 27 22 of
2340 2533 44 20 any
2398 2533 29 16 on
2446 2527 40 22 the

1898 2551 65 21 river.
1994 2551 20 21 It
2031 2551 19 21 is
2069 2551 95 21 situated
2180 2551 46 22 iust
2238 2554 24 19 at
2277 2551 49 22 that
2344 2554 64 26 point
2425 2554 60 22 from

1961 2577 73 22 which
2042 2584 15 15 a
2066 2577 52 22 road
2130 2576 73 24 would
2211 2578 84 22 branch
2305 2579 35 22 off
2344 2583 23 18 to
2377 2580 39 22 the

1900 2611 94 15 WOODED
2017 2612 46 14 AND
2084 2612 97 14 FERTILE
2201 2612 116 15 DISTRICTS
2338 2613 76 16 ALONG
2437 2615 47 15 THE

2068 2638 55 15 BASE
2137 2638 27 15 OF
2178 2638 45 15 THE
2238 2639 74 20 HILLS,

1900 2658 43 22 and
1956 2658 69 21 above
2036 2657 71 23 which
2117 2657 38 23 the
2169 2657 128 28 navigation
2310 2659 35 23 for
2354 2660 82 23 vessels
2444 2661 41 22 be-

1900 2692 74 15 comes
1984 2685 85 25 tedious,
2079 2685 24 26 if
2107 2687 36 19 not
2152 2685 87 26 difficult
2276 2685 22 22 Tt
2306 2685 17 22 is
2330 2686 109 24 therefore
2444 2687 40 24 the

2096 2712 63 27 point
2167 2712 73 22 whore
2250 2711 38 23 the

1902 2746 88 22 LAND
2004 2746 68 22 AND
2087 2746 113 22 WATER
2215 2746 161 23 CARRIAGE
2390 2747 96 24 MEET,

1900 2773 45 22 and
1955 2773 73 22 where
2037 2781 14 13 a
2060 2773 69 23 Town
2146 2781 60 15 must
2221 2782 28 14 be
2264 2782 90 15 formed
2371 2775 66 23 when
2448 2775 39 23 the

1901 2800 86 22 district
2001 2800 19 22 is
2030 2800 86 24 settled.
2146 2801 22 21 It
2177 2808 44 15 was
2230 2801 96 22 selected
2342 2802 31 27 by
2382 2801 39 23 the
2434 2803 54 22 Sur-

1900 2827 82 27 veying
1992 2827 58 22 Staff
2062 2834 22 14 as
2095 2827 38 22 the
2142 2827 136 23 rendezvous
2287 2828 36 22 for
2337 2828 58 22 their
2408 2829 62 27 body
2479 2837 7 20 ;

1901 2854 43 21 and
1954 2854 41 21 has
2003 2854 58 21 been
2070 2861 50 15 now
2134 2854 77 28 found,
2220 2855 58 21 after
2288 2855 85 22 several
2389 2856 98 22 months'

1899 2880 104 27 location,
2015 2884 23 18 to
2051 2880 27 22 be
2088 2880 37 22 the
2135 2884 58 18 most
2206 2881 166 28 advantageous
2380 2883 105 27 position,

1900 2907 57 21 from
1973 2907 28 21 its
2015 2906 97 28 peculiar
2134 2907 83 28 facility
2232 2907 27 22 of
2270 2908 112 28 approach
2391 2909 55 22 both
2455 2909 31 28 by

1900 2933 54 22 land
1963 2933 45 21 and
2016 2937 75 18 water.

1928 2960 29 22 In
1967 2960 152 22 confirmation
2130 2960 26 22 of
2161 2960 38 22 the
2208 2960 132 28 superiority
2349 2961 26 21 of
2382 2961 45 22 this
2436 2965 52 24 spot

1900 2993 54 15 over
1962 2993 45 21 any
2016 2986 62 22 other
2085 2989 39 25 yet
2133 2986 89 28 known,
2234 2986 37 22 the
2282 2987 90 22 Messrs.
2380 2988 106 28 Kebbell,

1900 3014 59 20 after
1975 3012 38 22 the
2032 3013 150 22 examination
2198 3014 27 21 of
2239 3014 38 21 the
2295 3014 60 22 river
2369 3014 60 23 from
2447 3015 40 23 the

1902 3039 88 23 Paneiri
2000 3039 46 23 Pah
2056 3043 22 19 to
2088 3040 28 21 its
2125 3040 86 27 mouth,
2222 3040 139 23 determined
2375 3048 29 15 on
2415 3046 73 18 erect-

2137 3066 38 27 ing
2188 3066 58 23 their

1900 3100 68 23 SAW
1982 3099 80 23 MILL
2081 3099 229 24 IMMEDIATELY
2325 3101 163 24 OPPOSITE.

1900 3127 48 22 The
1966 3126 71 23 works
2055 3127 23 21 of
2094 3126 48 22 that
2159 3127 170 22 establishment
2345 3135 38 17 are
2402 3132 24 19 at
2442 3130 44 21 this

1901 3156 100 23 moment
2018 3154 23 21 in
2056 3153 61 28 rapid
2133 3160 106 21 progress,
2257 3154 44 22 and
2319 3154 38 23 the
2374 3157 111 27 proposed

1900 3181 69 22 Town
1978 3180 45 22 will
2032 3180 132 27 necessarily
2168 3181 92 26 partake
2266 3181 27 22 of
2298 3181 44 22 this
2350 3184 134 26 advantage.

1928 3208 48 22 The
1996 3207 91 22 nucleus
2101 3207 26 22 of
2142 3214 14 14 a
2173 3207 68 22 Town
2257 3208 26 27 is,
2293 3208 23 22 in
2330 3209 52 27 fact,
2394 3209 93 29 already

1901 3234 96 25 created,
2006 3235 30 26 by
2045 3233 37 22 the
2092 3234 165 22 concentration
2274 3235 25 22 of
2312 3235 38 22 the
2361 3236 125 28 Surveying

1901 3261 58 22 Staff
1965 3268 29 18 qn
2004 3261 49 21 that
2062 3263 54 25 spot,
2127 3268 25 14 as
2161 3261 38 22 the
2208 3264 75 19 centre
2298 3262 26 22 of
2335 3263 151 24 communica-

1901 3288 46 25 tion
1958 3290 23 19 to
1991 3287 38 22 the
2037 3287 148 28 surrounding
2194 3287 97 28 district;
2307 3288 38 23 the
2355 3290 98 24 erection
2463 3290 27 22 of

1903 3315 89 22 Messrs.
2003 3313 115 23 Kebbell's
2133 3313 49 23 Saw
2198 3315 64 22 Mills
2277 3316 97 27 opposite
2381 3324 6 20 ;
2404 3316 30 28 by
2448 3316 38 23 the

1900 3343 164 25 arrangements
2077 3341 35 22 for
2126 3348 30 14 an
2172 3342 114 22 extensive
2297 3343 97 22 General
2407 3344 62 21 Store
2477 3351 7 19 ;

1900 3368 45 22 and
1953 3367 32 28 by
1991 3367 39 22 the
2037 3367 44 22 late
2091 3367 134 32 application
2230 3368 34 22 for
2274 3376 14 15 a
2293 3368 111 23 Licensed
2408 3369 77 23 House

1899 3402 29 14 on
1936 3394 38 22 the
1983 3397 51 25 part
2041 3395 27 21 of
2077 3401 30 15 an
2116 3394 123 23 individual
2254 3395 48 22 who
2316 3396 47 26 has,
2374 3396 62 22 since
2445 3396 40 23 the

1898 3421 119 22 formation
2034 3421 26 22 6T
2074 3421 37 22 the
2127 3421 92 32 Colony,
2233 3421 97 28 pursued
2344 3429 15 14 a
2375 3422 109 23 lucrative

1900 3448 63 21 trade
1974 3448 51 21 with
2034 3448 38 21 the
2081 3447 94 28 natives,
2185 3448 46 23 and
2241 3448 72 23 whose
2323 3448 130 28 knowledge
2460 3450 27 21 of

1899 3475 37 22 the
1947 3475 135 27 advantages
2091 3475 26 22 of
2123 3475 38 22 the
2171 3475 100 27 position,
2278 3475 116 28 prompted
2403 3475 48 22 him
2460 3479 25 19 at

1899 3508 57 15 once
1966 3504 23 19 to
1997 3502 73 27 prefer
2078 3501 50 24 that
2140 3501 140 29 application.

1925 3528 49 22 The
1984 3529 93 24 Natives
2090 3529 31 27 by
2130 3529 73 22 whom
2218 3528 43 21 this
2269 3527 54 22 land
2334 3535 43 15 was
2387 3528 97 23 claimed

1898 3562 38 15 are
1947 3555 60 28 quite
2017 3555 107 27 prepared
2133 3558 23 19 to
2164 3555 51 27 give
2220 3561 30 20 up
2256 3555 129 27 possession,
2392 3555 48 23 and
2444 3562 40 16 are

1898 3582 146 28 exceedingly
2054 3582 93 21 anxious
2159 3584 23 18 to
2196 3581 57 21 have
2262 3588 14 14 a
2284 3581 119 28 European
2411 3589 73 21 popu-

1896 3608 71 23 lation
1976 3616 82 20 among
2067 3608 68 27 them,
2146 3607 82 27 having
2243 3607 57 22 been
2308 3614 60 21 upon
2378 3608 39 22 the
2425 3612 60 19 most
2494 3622 3 4 •

1896 3635 98 28 friendly
2001 3635 85 27 footing
2096 3634 53 22 with
2157 3633 37 23 the
2206 3633 124 28 Surveying
2339 3635 59 24 Staff
2402 3635 83 27 during

1895 3662 40 23 the
1943 3662 52 22 four
2003 3669 25 14 or
2037 3662 42 21 five
2088 3660 89 23 months
2185 3659 53 28 they
2257 3659 57 23 have
2329 3660 56 23 been
2391 3660 95 25 located

1895 3689 73 22 there.

1924 3716 34 21 As
1968 3715 36 22 the
2013 3714 136 29 Proprietors
2157 3720 93 21 purpose
2258 3716 24 19 to
2292 3713 86 28 dispose
2388 3715 27 22 of
2421 3715 41 25 but
2470 3724 15 15 a

1895 3743 88 24 limited
1997 3741 87 26 portion
2101 3739 26 23 of
2136 3739 38 22 the
2187 3739 70 24 Town
2273 3743 24 19 at
2312 3744 98 25 present,
2429 3743 55 29 they

1896 3769 80 28 pledge
1985 3767 131 24 themselves
2123 3765 55 28 that,
2189 3769 24 19 at
2220 3772 30 16 no
2269 3766 73 24 future
2352 3768 65 28 sales,
2426 3769 60 24 shall

1897 3796 39 22 the
1946 3796 127 23 allotments
2080 3793 28 22 be
2117 3795 40 25 put
2163 3799 30 21 up
2203 3793 23 21 at
2234 3799 14 16 a
2257 3790 47 26 less
2312 3801 50 16 sum
2370 3791 57 27 than
2435 3803 51 17 now

1898 3822 92 23 offered.
2265 3828 4 4 •
2284 3819 3 4 '
2317 3835 7 5 -

1925 3850 23 22 A
1966 3849 130 26 Prospectus
2114 3845 46 23 and
2178 3845 60 26 t\m
2254 3847 27 23 of
2293 3846 39 24 the
2350 3848 70 24 Town
2439 3850 49 24 will

1897 3875 88 28 shortly
1991 3875 29 22 be
2028 3873 68 28 ready
2104 3872 36 23 for
2146 3872 125 29 inspection
2286 3876 24 21 at
2321 3874 132 26 thVOffices
2460 3877 30 23 of

1898 3903 92 23 Messrs.
2001 3900 68 22 Waitt
2077 3899 46 23 and
2131 3899 77 28 Tyser,
2218 3898 96 38 T^Ato.
2368 3906 3 7 !
2429 3903 5 19 :
2452 3903 10 5 ~

1891 3932 9 4 ~
1927 3929 144 31 Wellington,
2082 3931 65 27 April
2156 3930 35 29 22,
2201 3928 61 27 1845;
2271 3924 4 6 '
2297 3944 4 4 •
2362 3927 4 7 '
