2559 4039
613 322 130 32 PORT
766 320 289 36 NICHOLSON,
1078 315 260 36 SATURDAY
1360 313 242 38 MORNING,
1623 313 127 32 JULY
1773 315 50 35 18,
1846 315 89 29 1840.

2331 307 98 40 [Vol.
2451 306 29 32 I.

1169 36 102 33 THE

49 103 454 137 NEW
628 93 848 137 ZEALAND
1608 86 869 142 GAZETTE.

53 332 63 32 No.
142 330 63 39 15.]

100 425 83 22 NEW
202 421 172 23 ZEALAND
392 418 185 23 COMPANY.

48 478 91 29 Capital,
153 477 120 26 £100,000,
288 475 23 21 in
321 477 56 19 4000
387 473 81 22 Shares
477 472 26 22 of
514 471 46 22 £25
571 470 63 26 each,

271 502 28 22 all
310 501 53 28 paid
373 508 36 19 up.

127 558 130 21 Governor:
273 555 48 22 The
332 555 65 21 Earl
408 560 27 14 of
445 553 113 21 Durham.

90 592 91 27 Deputy
192 590 118 22 Governor
316 596 6 13 :
337 588 87 21 Joseph
440 587 82 25 Somes,
540 585 50 27 Esq.

280 622 113 22 Directors
402 628 5 13 :

103 651 59 22 Lord
173 651 72 24 Petre,

104 679 59 20 Hon.
176 677 92 22 Francis
278 675 90 26 Baring,
382 673 67 26 M.P.,

99 705 63 22 John
173 703 103 23 Ellorker
285 701 110 26 Boulcott,
413 700 60 27 Esq.,

100 732 62 21 John
174 731 99 22 W.lliain
285 729 92 26 Bnckle,
388 728 60 27 Esq.,

103 758 87 23 Russell
202 757 76 26 Ellice,
291 756 59 27 Esq.,

101 786 78 21 James
189 783 82 23 Brodie
282 783 101 26 Gordon,
395 781 61 28 Esq.,

101 812 99 22 Thomas
210 811 66 21 Alers
288 809 105 27 Hankey,
405 809 61 27 Esq.,

104 839 98 22 William
216 838 58 21 Hntt
291 837 60 26 Esq.,
365 835 68 27 M.P.,

104 866 94 22 Stewart
208 863 163 28 Majoribanks,
385 863 59 26 Esq.,

104 893 35 22 Sir
149 892 98 21 William
259 889 152 26 Molesworth,
422 887 70 27 Bart.,
504 887 68 27 M.P.,

106 918 132 23 Alexander
247 917 78 26 Nairn,
338 917 60 26 Esq.,

104 946 62 21 John
179 945 64 26 Pirie,
256 944 59 26 Esq.,
328 943 130 25 Alderman,

105 974 36 20 Sir
151 973 89 25 George
250 969 101 26 Sinclair,
364 969 68 24 Bart.,
445 967 70 27 M.P.,

105 999 62 22 John
179 998 58 22 Abel
248 996 79 26 Smith,
339 996 60 27 Esq.,
412 995 68 26 M.P.,

106 1026 59 21 Wm.
176 1025 137 24 Thompson,
325 1023 61 26 Esq.,
398 1021 132 26 Alderman,
543 1020 68 26 M.P.,

106 1054 36 21 Sir
151 1052 82 26 Henry
242 1049 79 27 Webb,
333 1049 69 26 Bart.,

107 1079 86 22 Arthur
203 1077 79 26 Willis,
294 1077 61 27 Esq.,

108 1107 88 26 George
207 1103 119 23 Frederick
337 1105 89 24 Young,
438 1101 52 28 Esq.

166 1140 117 24 Secretary
290 1145 6 14 :
311 1136 63 23 John
387 1136 83 26 Ward,
481 1135 53 27 Esq.

57 1202 40 29 »Tp
103 1200 41 23 HE
153 1199 62 22 main
226 1199 96 21 features
330 1197 26 22 of
363 1197 37 21 the
409 1201 83 24 system
501 1196 26 21 of
533 1195 112 22 coloniza-

66 1220 24 31 JL
129 1228 46 21 tion
186 1225 96 28 adopted
292 1225 30 27 by
333 1223 37 23 the
384 1224 124 27 Company,
524 1230 45 18 are,
570 1234 30 5 —
600 1223 44 25 Ist,

55 1256 35 21 the
100 1255 46 22 sale
156 1253 27 22 of
193 1252 72 27 lands,
280 1255 23 18 at
317 1258 28 15 an
361 1251 98 21 uniform
475 1249 45 23 and
534 1249 113 22 sufficient

56 1282 69 29 pric£;
144 1280 44 22 and
203 1279 75 26 2ndly,
296 1278 38 22 the
350 1277 154 28 employment
518 1276 26 21 of
557 1283 13 14 a
584 1275 62 27 large

56 1309 85 27 portion
151 1308 26 21 of
183 1307 39 21 the
232 1305 210 28 purchase-money,
454 1312 23 13 as
487 1311 29 14 an
528 1303 123 32 Immigra^

56 1337 43 21 tion
111 1334 72 23 Fund.
214 1333 28 22 In
254 1332 61 22 these
324 1335 105 24 respects,
446 1330 38 22 the
494 1329 120 28 principles
624 1329 27 21 of

56 1362 67 23 South
138 1360 114 23 Australia
267 1359 56 21 have
339 1359 58 20 been
413 1357 104 21 followed
530 1364 23 14 as
568 1356 79 27 nearly

56 1397 22 15 as
96 1389 174 22 circumstances
286 1385 80 27 would,
387 1385 23 21 in
426 1384 37 22 the
481 1387 91 24 present
588 1390 57 20 case,

56 1416 87 29 ■permit.

82 1449 47 22 The
144 1447 72 28 grand
232 1446 73 27 object
320 1445 26 22 of
362 1445 38 22 the
414 1451 57 20 new,
485 1451 26 14 or
522 1444 124 27 improved,

56 1481 83 24 system
149 1475 26 21 of
186 1474 38 22 the
235 1473 95 27 disposal
346 1472 27 21 of
390 1471 95 23 colonial
501 1470 71 27 lands,
590 1471 18 21 is
625 1475 23 17 to

56 1503 97 28 regulate
170 1501 37 22 the
223 1500 80 27 supply
318 1500 26 21 of
361 1507 49 14 new
426 1498 60 26 land,
504 1498 30 27 by
550 1498 37 21 the
602 1497 47 22 real

57 1534 69 18 wants
139 1528 25 22 of
179 1528 37 21 the
233 1527 116 25 Colonists,
367 1533 24 14 so
407 1525 48 22 that
470 1522 38 25 the
522 1524 55 22 land
591 1524 58 22 shall

57 1564 68 16 nsver
142 1556 27 21 be
189 1555 72 21 either
278 1553 192 28 superabundant,
492 1559 25 14 or
536 1551 112 26 deficient,

56 1585 71 21 either
143 1587 36 17 too
196 1581 78 26 cheap,
293 1588 25 13 or
337 1584 37 17 too
393 1580 60 21 dear.
494 1579 21 21 It
532 1578 42 22 has
591 1578 58 22 been

56 1611 76 22 shown
144 1609 47 22 that
202 1608 37 22 the
250 1607 43 22 due
306 1607 130 27 proportion
450 1606 103 21 between
569 1605 81 27 people

58 1637 45 23 and
109 1637 54 22 land
169 1643 53 20 may
228 1635 28 21 be
264 1634 128 27 constantly
398 1632 94 23 secured
499 1632 30 28 by
535 1632 116 22 abandon-

58 1665 38 25 ing
106 1664 37 22 the
153 1663 38 21 01.l
201 1665 82 25 system
296 1661 26 21 of
334 1668 96 18 grvnts,
442 1660 45 21 and
497 1659 115 27 requiring
622 1666 28 15 an

60 1691 95 22 uniform
166 1690 62 27 price
237 1696 39 20 per
285 1695 58 19 acre,
360 1688 35 20 for
404 1688 29 20 all
443 1694 50 14 new
503 1685 72 28 lands,
587 1686 64 21 with-

60 1722 39 18 out
108 1717 126 27 exception.
264 1715 25 21 If
299 1714 37 22 the
347 1715 61 27 price
419 1714 28 21 be
462 1717 41 18 not
517 1716 36 18 too
568 1710 51 29 low,
635 1713 17 21 it

60 1745 72 22 deters
142 1743 136 28 speculators
287 1742 58 20 from
361 1741 117 27 obtaining
493 1740 60 26 land,
571 1740 52 21 with
640 1747 13 14 a

61 1773 54 21 view
125 1775 23 17 to
158 1770 89 26 leaving
257 1768 58 22 their
323 1773 107 22 property
440 1768 22 20 in
474 1775 13 13 a
498 1767 75 21 desert
586 1770 65 23 state,

60 1799 44 21 and
119 1798 51 22 thus
183 1799 106 28 prevents
299 1795 110 27 injurious
419 1794 123 28 dispersion
550 1801 4 17 ;
571 1794 17 21 it
598 1793 53 27 also,

61 1826 28 27 by
100 1824 136 28 compelling
243 1830 68 19 every
318 1822 105 22 labourer
430 1825 22 17 to
461 1820 60 22 work
529 1821 35 21 for
572 1827 80 20 wasres,

61 1852 55 22 until
127 1852 28 21 he
165 1851 41 21 has
216 1849 67 23 saved
298 1849 38 21 the
346 1849 55 26 only
410 1856 80 14 means
500 1848 26 21 of
537 1847 118 26 obtaining

61 1879 59 26 land,
131 1879 88 21 insures
234 1884 13 14 a
261 1875 80 28 supply
357 1876 27 20 of
395 1875 78 22 labour
487 1875 35 21 for
537 1874 54 21 hire.
623 1874 29 26 If,

62 1914 28 15 on
101 1905 37 22 the
148 1905 65 21 other
222 1902 68 27 hand,
306 1902 38 22 the
355 1902 60 27 price
424 1902 28 21 be
463 1905 41 18 not
514 1905 36 17 too
559 1900 62 27 high,
637 1900 19 21 it

62 1933 86 22 neither
157 1931 101 22 confines
268 1929 38 22 the
317 1929 87 22 settlers
419 1928 77 22 within
512 1935 13 15 a
539 1935 66 20 space
621 1928 35 21 in-

62 1958 161 27 conveniently
238 1963 94 20 narrow,
348 1964 43 13 nor
406 1955 53 21 does
475 1955 17 21 it
508 1957 95 24 prevent
618 1954 37 21 the

62 1986 78 27 thrifty
154 1985 105 22 labourer
273 1983 57 21 from
345 1982 121 27 becoming
480 1989 14 14 a
505 1981 149 26 land-owner,

65 2014 56 21 after
130 2012 102 26 working
241 2018 62 14 some
313 2009 54 22 time
378 2009 34 21 for
423 2016 80 20 wages.

94 2041 20 20 A
131 2039 118 23 sufficient,
266 2037 42 20 but
326 2040 41 17 not
385 2043 62 14 more
468 2035 53 21 than
542 2034 114 22 sufficient

65 2070 60 19 price
136 2063 34 20 for
183 2062 34 20 aTT
228 2068 48 14 new
290 2062 61 24 land,
368 2063 20 18 is
402 2062 37 19 the
455 2062 62 19 main
532 2061 86 20 feature
633 2060 26 19 of

66 2089 38 22 the
122 2095 49 15 new
187 2091 83 25 system
285 2087 27 20 of
328 2086 157 21 colonization.
520 2086 21 21 Ir
556 2085 101 21 obviates

65 2123 67 19 every
145 2121 86 21 species
245 2114 26 21 of
283 2113 115 27 bondage;
418 2112 31 27 by
464 2112 119 28 providing
598 2119 60 13 com-

65 2142 90 22 binable
164 2141 86 25 labour,
261 2140 18 21 it
288 2139 93 22 renders
390 2139 102 27 industry
500 2146 53 20 very
563 2138 96 27 produc-

66 2170 52 26 tive,
130 2168 44 22 and
184 2167 121 22 maintains
315 2166 54 21 both
380 2166 53 27 high
449 2173 80 20 wages,
546 2164 44 22 and
605 2164 54 27 high

66 2196 88 28 profits;
177 2195 18 21 it
211 2194 77 21 makes
307 2193 37 22 the
363 2193 82 27 colony
461 2200 24 14 as
502 2192 117 21 attractive
635 2199 25 13 as

67 2222 102 29 possible,
184 2220 56 23 both
256 2224 22 17 to
294 2220 122 27 capitalists
431 2219 46 22 and
493 2222 22 18 to
529 2218 116 22 labourers
654 2226 5 18 ;

66 2250 45 22 and
122 2253 40 17 not
170 2248 86 26 merely
266 2251 23 17 to
298 2246 70 27 these,
383 2247 40 21 but
433 2246 53 26 also,
497 2246 30 27 by
537 2245 124 25 bestowing

67 2284 29 14 on
111 2277 37 20 the
160 2275 88 26 colony,
266 2273 37 22 the
315 2274 73 21 better
402 2273 117 21 attributes
536 2272 25 21 of
578 2279 29 14 an
623 2269 38 24 old

67 2303 90 27 society,
169 2306 22 18 to
200 2301 63 22 those
272 2300 50 22 who
329 2300 58 21 have
395 2308 12 13 a
414 2300 92 21 distaste
515 2300 33 20 for
555 2298 61 21 what
621 2298 40 21 has

68 2330 123 22 heretofore
202 2328 57 22 been
271 2328 37 21 the
323 2327 112 27 primitive
445 2326 115 22 condition
573 2325 26 22 of
609 2332 50 15 new

69 2357 105 22 colonies.

94 2384 48 22 The
151 2386 63 24 great
224 2382 73 27 object
307 2381 26 21 of
344 2380 39 22 the
393 2380 59 28 price
463 2380 18 21 is
494 2383 23 18 to
532 2386 77 15 secure
624 2379 38 20 the

69 2415 58 17 most
136 2409 107 23 desirable
254 2408 142 28 proportions
405 2408 100 21 between
521 2406 79 28 people
616 2405 45 22 and

69 2437 53 22 land
129 2445 4 17 ;
149 2437 40 21 but
199 2436 38 21 the
247 2436 52 27 plan
310 2435 41 21 has
361 2434 38 22 the
406 2434 87 22 further
500 2433 70 22 result
578 2433 26 21 of
611 2440 51 20 pro-

70 2465 81 25 ducing
162 2471 12 14 a
184 2470 105 18 revenue,
306 2461 74 22 which
396 2461 44 22 will
455 2465 41 18 not
513 2460 53 28 only
581 2459 81 28 supply

69 2492 37 21 the
118 2491 106 27 requisite
238 2490 66 26 profit
319 2493 22 17 to
356 2488 39 22 the
410 2487 156 22 shareholders
581 2486 26 21 of
623 2486 38 22 the

69 2519 122 26 Company,
216 2517 41 21 but
279 2515 113 23 furnishes
414 2514 38 23 the
477 2522 77 15 means
574 2514 33 21 for
631 2520 29 15 an

72 2545 154 26 Immigration
237 2543 70 27 Fund,
310 2555 30 4 —
342 2550 13 13 a
363 2542 56 22 fund
427 2541 128 27 constantly
564 2540 98 28 applica-

71 2571 35 23 ble
122 2576 23 17 to
162 2571 36 21 the
214 2577 95 20 purpose
326 2570 27 21 of
365 2569 108 27 bringing
487 2569 79 21 labour
583 2571 23 18 to
623 2566 38 23 the

71 2599 78 25 colony
150 2611 31 4 —
183 2598 50 21 that
245 2597 25 27 is,
287 2597 24 21 in
329 2596 93 26 causing
440 2596 37 21 the
494 2596 50 21 best
563 2602 56 14 sort
639 2594 26 21 of

70 2625 147 22 colonization
230 2628 20 17 to
261 2623 96 28 proceed
367 2627 23 17 at
401 2623 37 21 the
453 2625 97 23 greatest
563 2621 98 28 possible

70 2657 53 17 rate.
152 2652 55 22 And
214 2651 44 22 this
264 2651 19 21 is
290 2650 37 22 the
335 2650 85 22 second
429 2650 86 22 feature
526 2649 26 22 of
564 2648 38 23 the
612 2655 50 15 new

71 2683 89 24 system.

97 2706 47 22 The
154 2705 152 28 employment
317 2704 26 22 of
358 2704 38 21 the
410 2703 212 28 purchase-money,
638 2709 26 14 or

71 2733 37 21 the
118 2733 108 27 principal
236 2735 49 24 part
295 2731 26 21 of
331 2731 23 25 it,
367 2731 23 21 in
401 2731 127 26 conveying
538 2729 86 22 settlers
640 2731 22 18 to

72 2759 36 22 the
118 2759 87 28 colony,
216 2759 41 21 has
266 2758 38 22 the
314 2758 115 27 following
440 2758 83 21 effects.
553 2756 23 21 It
586 2755 77 22 makes

72 2786 36 22 the
123 2787 131 27 purchasers
269 2785 26 21 of
310 2785 55 21 land
380 2792 36 14 see
431 2784 93 27 plainly,
541 2783 49 21 that
605 2782 59 21 their

73 2820 80 20 money
163 2813 43 21 will
216 2813 28 21 be
254 2811 107 23 returned
370 2811 23 21 in
410 2811 37 21 the
461 2811 69 27 shape
544 2810 25 21 of
584 2809 80 22 labour

72 2840 43 22 and
124 2839 138 29 population.
293 2839 22 21 It
323 2838 73 27 tends,
412 2838 23 21 in
445 2838 52 26 fact,
515 2841 22 17 to
547 2836 69 21 lower
626 2835 38 22 the

73 2874 114 20 necessary
207 2865 107 23 standard
333 2865 27 21 of
376 2865 67 27 price,
459 2864 103 26 because,
583 2862 53 22 with
652 2869 13 14 a

72 2898 102 18 constant
183 2893 73 22 influx
266 2893 26 20 of
304 2891 79 28 people
393 2895 23 17 to
426 2890 38 22 the
475 2890 89 26 colony,
573 2889 38 22 the
622 2889 43 21 due

73 2921 125 26 proportion
204 2920 102 21 between
315 2918 78 27 people
402 2917 44 21 and
454 2917 54 21 land
515 2924 52 20 may
574 2916 29 21 be
610 2916 55 23 kept

74 2955 27 20 up
109 2948 30 27 by
149 2956 14 13 a
172 2947 69 21 lower
249 2945 68 27 price,
330 2944 56 22 than
395 2944 21 22 if
428 2944 62 21 there
501 2951 57 14 were
568 2950 30 14 no
608 2942 55 22 such

73 2974 149 27 immigration
229 2989 5 5 .
255 2975 21 19 It
286 2972 112 22 therefore
404 2970 132 22 diminishes
544 2969 37 22 the
588 2968 78 28 period

74 3001 78 27 during
162 3000 73 22 which
245 2999 37 22 the
292 2999 105 21 labourer
411 3001 62 18 must
484 2997 61 21 work
559 2996 36 22 for
609 2996 56 26 hire,

75 3028 41 21 and
126 3029 29 26 by
166 3028 37 22 the
217 3026 64 27 rapid
414 3024 73 22 winch
503 3024 17 22 it
535 3024 93 27 imparts
644 3025 22 18 to

75 3055 35 21 the
118 3055 51 21 best
177 3058 47 18 sort
233 3054 26 22 of
270 3052 158 26 colonization,
444 3052 19 21 it
477 3050 102 28 explains
595 3053 23 18 to
628 3048 38 23 the

75 3081 114 27 labouring
198 3081 58 22 class
266 3081 26 21 of
298 3080 148 27 immigrants,
458 3078 50 22 that
517 3085 67 19 every
592 3084 43 14 one
645 3076 23 21 of

75 3108 59 22 them
147 3108 49 21 wlio
213 3109 20 20 is
247 3107 138 22 industrious
402 3105 45 23 and
465 3105 86 27 thrifty,
569 3111 53 17 may
638 3103 29 21 be

73 3142 49 14 sure
132 3139 23 17 to
165 3135 92 21 become
270 3138 40 18 not
325 3133 85 27 merely
426 3140 28 14 an
471 3139 77 14 owner
562 3131 26 21 of
604 3130 62 25 land,

75 3162 38 22 but
129 3161 46 22 also
191 3161 24 22 in
235 3161 35 21 his
289 3165 59 20 turn,
370 3167 29 14 an
421 3159 116 28 employer
555 3158 28 21 of
603 3156 65 23 hired

76 3187 117 27 labourers,
205 3196 13 14 a
229 3191 81 19 master
320 3187 26 22 of
357 3191 109 18 servants.

103 3215 64 21 From
177 3215 63 22 these
250 3214 184 25 considerations,
450 3213 38 21 the
499 3213 118 25 Company
626 3210 42 21 has

76 3241 93 28 adopted
189 3242 39 22 the
243 3248 62 14 same
323 3243 82 24 system
423 3239 27 21 of
466 3238 115 28 disposing
597 3238 26 21 of
640 3238 28 21 its

78 3273 63 17 waste
153 3269 73 26 lands,
242 3275 23 15 as
280 3267 42 22 has
336 3266 92 27 already
442 3266 86 27 proved
543 3264 80 28 highly
635 3264 33 21 fa-

78 3296 101 22 vourable
194 3300 23 17 to
232 3295 38 21 the
283 3293 187 29 productiveness
484 3292 26 22 of
525 3292 105 26 industry
644 3291 24 21 in

77 3321 67 23 South
155 3321 121 23 Australia.
306 3321 28 21 In
344 3328 19 16 a.
370 3326 49 15 new
431 3319 89 27 colony,
534 3318 95 32 planted
644 3318 24 21 in

77 3356 12 13 d
98 3349 71 22 fertile
179 3349 46 22 and
240 3347 115 23 extensive
371 3346 113 27 territory,
499 3345 20 21 it
533 3353 18 13 is
567 3345 101 26 obvious,

78 3375 45 22 that
142 3375 37 23 the
195 3375 172 23 establishment
383 3373 25 21 of
424 3370 55 24 such
496 3379 13 14 a
524 3374 83 25 system
623 3371 19 21 is
657 3378 11 14 a

78 3406 78 18 matter
172 3403 26 21 of
216 3402 38 22 the
270 3401 93 28 deepest
382 3401 102 20 moment
500 3402 23 17 to
541 3397 38 22 the
595 3398 73 23 future

79 3429 85 22 welfare
175 3431 27 20 of
215 3429 91 27 society.
360 3427 67 22 From
442 3426 19 20 it
476 3424 39 22 the
529 3424 51 21 best
594 3424 74 21 effects

80 3462 48 26 may
138 3456 51 22 with
200 3455 131 23 confidence
340 3455 30 21 be
381 3451 137 29 anticipated
525 3459 5 13 :
546 3458 14 14 a
567 3453 101 19 constant

80 3482 42 22 ■uid
131 3483 88 27 regular
229 3483 79 27 supply
319 3481 26 22 of
357 3488 50 14 new
416 3479 56 21 land
481 3478 24 21 in
520 3477 45 22 due
579 3483 89 21 propor-

76 3508 45 22 t'.m
131 3513 22 18 to
164 3509 38 23 the
222 3512 70 19 wants
301 3509 27 21 of
337 3516 14 13 a
360 3506 132 29 population
506 3504 127 26 increasing
644 3503 24 27 by

78 3535 67 22 births
155 3537 45 21 and
214 3535 153 28 immigration
374 3543 5 15 ;
398 3533 30 22 all
444 3532 38 22 the
497 3531 139 25 advantages
651 3532 17 18 to

80 3562 68 22 which
159 3563 101 22 facilities
270 3563 26 21 of
306 3563 115 26 transport
428 3559 45 22 and
480 3559 188 21 communication

79 3596 36 14 are
125 3590 104 22 essential
236 3598 4 17 ;
258 3589 111 24 certainty
384 3587 113 25 of.lmtits,
514 3583 45 23 and
575 3586 93 27 security

80 3615 24 21 of
116 3615 46 23 title
172 3620 23 18 to
205 3620 105 24 property
320 3616 22 22 in
357 3614 67 24 land;
440 3613 39 21 the
489 3613 99 26 greatest
601 3610 67 21 facili-

79 3641 39 22 ties
129 3650 27 14 on
167 3643 115 27 acquiring
292 3643 38 21 the
342 3642 44 22 due
396 3640 105 28 quantity
507 3646 6 18 ;
528 3638 39 22 the
576 3638 92 36 p-eatest

79 3674 187 23 encouragement
280 3674 23 17 to
312 3667 152 28 immigration
477 3665 46 22 and
533 3664 135 24 settlement;

81 3695 42 21 and
138 3695 36 22 the
190 3700 58 18 most
261 3696 64 28 rapid
340 3701 105 22 progress
459 3693 26 21 of
501 3692 38 22 the
553 3691 82 34 people

82 3723 97 21 material
189 3723 94 22 comfort
293 3723 45 21 and
348 3721 69 23 social
427 3720 174 28 improvement.

106 3755 47 22 The
166 3756 64 22 Land
240 3756 70 22 Office
327 3756 35 21 for
379 3754 61 23 Sales
457 3752 46 23 and
519 3748 119 25 Transfers
656 3747 12 22 ie

83 3787 47 16 now
141 3789 55 21 open
208 3787 25 17 at
246 3783 53 22 Port
315 3782 134 25 Nicholson,
466 3779 47 22 and
530 3777 38 22 the
584 3776 56 22 land
656 3781 12 15 is

82 3808 76 22 soldin
166 3810 96 21 sections
268 3810 26 21 of
304 3812 41 19 100
353 3815 63 15 acres
424 3806 63 26 each,
496 3808 24 19 at
525 3804 31 23 j2l
567 3810 40 21 per
614 3808 54 16 acre.

80 3834 47 23 The
142 3836 123 27 advantage
280 3836 26 21 of
320 3834 137 29 purchasing
473 3831 77 23 before
570 3829 39 23 the
626 3835 42 15 sur-

82 3867 52 21 veys
144 3869 36 15 are
189 3862 23 22 in
226 3871 14 14 a
252 3862 136 27 sufficiently
397 3859 97 24 forward
504 3860 57 20 stale
572 3859 26 19 to
608 3856 60 21 allow

82 3887 26 21 of
119 3888 134 26 immediate,
261 3889 116 25 selection,
392 3888 26 26 is,
434 3886 51 22 that
497 3885 39 21 the
545 3885 95 28 priority
651 3885 17 24 0,l

83 3913 73 26 choice
174 3916 29 28 is|
211 3915 94 24 secured
318 3916 23 22 in
359 3914 39 25 the
417 3913 68 22 order
502 3911 25 22 in
541 3911 75 21 which
634 3911 34 20 th«

82 3941 139 27 registration
231 3942 26 22 of
266 3942 39 23 the
315 3941 110 28 purchase
431 3940 23 21 is
463 3938 75 23 made.

110 3967 53 23 Port
171 3968 131 26 Nicholson,
316 3968 65 26 April
390 3968 33 26 14,
435 3967 61 22 1840.

704 418 115 20 UNION
833 416 100 21 BANK
949 416 42 21 OF
1006 413 221 23 AUSTRALIA.

676 450 87 22 London
783 451 90 25 Office,
891 449 44 22 No.
951 450 34 24 38,
1004 449 51 21 Old
1072 447 183 22 Broad-street.

724 503 93 28 Capital,
827 503 123 26 £500,000;
969 501 53 28 paid
1031 508 38 21 up,
1084 501 118 25 £300,000.

901 556 112 22 Directors
1021 562 5 14 :

725 584 88 27 George
823 583 48 22 Fife
882 583 85 26 Angas,
980 583 60 26 Esq.,

725 610 84 22 Robert
820 609 91 27 Brooks,
924 609 60 28 Esq.,

725 637 77 21 James
811 637 60 21 John
882 637 123 25 Cummins,
1018 635 60 27 Esq..

726 664 84 21 Robert
820 663 122 26 Gardener,
954 663 60 26 Esq.,
1026 660 151 26 Manchester,

725 690 61 22 John
798 691 67 25 Gore,
878 689 60 28 Esq.,

726 717 91 22 Charles
828 716 106 28 Hindley,
947 715 59 27 Esq.,
1019 714 69 27 M.P.,

727 743 116 28 Benjamin
856 743 25 21 E.
894 742 80 26 Lmdo,
982 741 60 27 Esq.,

727 770 91 22 Charles
829 769 95 22 Edward
932 768 110 27 Mangles,
1055 767 60 28 Esq.,

727 797 142 27 Christopher
880 796 103 25 Rawson,
995 795 59 27 Esq.,
1068 793 99 26 Halifax,

727 824 97 22 Thomas
834 822 79 27 Sands,
925 822 60 27 Esq.,
997 820 125 28 Liverpool,

729 851 76 21 James
815 849 68 28 Bogle
895 849 79 26 Smith,
985 849 59 26 Esq.,
1055 849 4 2 '

729 878 76 21 James
816 876 97 22 Ruddell
922 875 70 26 Todd,
1004 875 52 26 Esq.

676 912 114 21 Trustees:
817 911 96 21 George
931 910 65 21 Carr
1020 908 74 26 Glyn,
1119 906 59 27 Esq.,
1200 905 61 21 John

711 938 74 26 Gore,
797 937 59 27 Esq.,
873 936 46 21 and
928 936 75 21 James
1013 934 23 22 J.
1048 935 116 24 Cummins,
1176 932 51 27 Esq.

676 971 113 22 Bankers:
815 970 91 22 Messrs.
930 969 75 26 Glyn,
1030 967 129 26 Hallifax,
1181 965 82 25 Mills,

923 995 45 22 and
980 995 40 22 Co.

760 1032 115 26 Secretary
883 1038 6 13 :
906 1030 94 22 Samuel
1010 1028 111 26 Jackson,
1132 1026 52 29 Esq.

712 1064 102 23 Colonial
825 1064 116 27 Inspector
949 1071 5 13 :
971 1063 21 22 J.
1004 1063 24 21 C.
1039 1061 124 26 M'Laren,
1178 1060 51 27 E3q.

800 1119 68 20 New
886 1117 123 21 Zealand
1028 1115 116 22 Branch.

678 1152 66 22 Local
757 1152 113 22 Directors
877 1159 5 14 :
900 1150 58 23 Geo.
970 1151 21 21 S.
1003 1150 83 26 Evans,
1103 1148 59 28 Esq.,
1175 1146 91 27 D.C.L.,

742 1180 62 23 Edw.
815 1180 73 20 Betts
900 1178 103 26 Hopper,
1016 1177 60 27 Esq.,
1090 1175 45 22 and
1146 1176 58 21 Geo.

889 1205 108 26 Hunter,
1009 1204 53 27 Esq.

678 1240 111 27 Manager
797 1247 5 14 :
819 1239 62 22 John
892 1239 84 25 Smith,
987 1237 60 27 Esq.,
1063 1236 45 22 late
1119 1235 26 22 of
1157 1235 36 21 the
1204 1235 64 21 Com-

729 1266 92 23 mercial
830 1265 65 22 Bank
906 1265 25 21 of
944 1263 110 28 England,
1067 1262 151 22 Manchester.

789 1299 115 23 Branches
914 1302 23 19 at
952 1298 98 28 Sydney,

955 1325 89 22 Hobart
1051 1324 78 26 Town,

957 1352 148 26 Launceston,
1117 1348 45 23 and

956 1380 52 21 Port
1020 1378 79 27 Philip.

681 1416 53 21 Port
743 1414 130 27 Nicholson,
885 1413 82 22 March
976 1414 33 25 24,
1022 1413 61 21 1840.

682 1470 44 29 rp
731 1468 42 23 HE
790 1468 115 22 Directors
922 1467 25 21 of
965 1466 37 22 the
1019 1465 57 22 New
1092 1463 100 23 Zealand
1207 1461 63 23 Land

689 1488 29 30 JL
757 1497 116 26 Company
887 1494 85 27 hereby
989 1493 51 27 give
1057 1500 28 14 no
1090 1493 48 24 ice,
1157 1491 46 21 that
1220 1490 51 27 they

681 1523 57 22 have
746 1530 112 15 ejected
870 1529 29 14 an
912 1527 171 15 arrangement
1091 1519 53 21 with
1152 1518 37 21 the
1197 1517 73 21 Union

682 1550 62 21 Bank
761 1550 25 21 of
804 1548 120 26 Australia,
942 1547 43 22 No.
1002 1548 34 25 38,
1052 1545 44 23 Old
1115 1544 155 24 Broad-street,

682 1577 102 25 London,
796 1576 35 21 for
840 1575 37 22 the
891 1573 170 23 establishment
1074 1573 25 21 of
1113 1580 14 13 a
1145 1569 127 24 BRANCH

683 1603 88 22 BANK
787 1602 34 22 IN
835 1601 73 22 NEW
923 1599 158 27 ZEALAND,
1096 1598 95 27 through
1203 1596 69 22 which

682 1630 38 22 the
729 1630 102 22 business
844 1629 26 21 of
883 1628 39 22 the
941 1628 55 21 New
1012 1625 102 23 Zealand
1128 1625 65 22 Land
1209 1624 65 22 Com-

682 1665 60 19 pany
753 1657 43 21 will
805 1657 28 20 be
844 1654 134 23 transacted.
1006 1653 49 22 The
1072 1653 113 21 Directors
1202 1651 71 21 there-

684 1684 46 21 fore
739 1682 145 23 recommend
895 1686 22 17 to
934 1681 111 22 Colonists
1063 1679 36 22 the
1118 1679 74 21 Union
1211 1678 17 21 B
1235 1677 38 21 ink

684 1711 25 22 of
729 1710 113 23 Australia
859 1717 25 14 as
903 1716 28 14 an
958 1707 170 22 establishment
1150 1705 125 28 possessing

684 1738 57 21 their
758 1737 70 22 entire
851 1736 138 25 confidence,
1009 1733 46 22 and
1075 1733 49 21 able
1144 1737 21 17 to
1184 1730 91 29 provide

684 1764 126 27 effectually
827 1763 34 22 for
877 1762 38 22 the
929 1761 106 22 financial
1051 1764 70 18 wants
1139 1759 25 21 of
1175 1757 37 23 the
1228 1758 48 21 first

684 1791 135 22 settlement.

854 1816 34 28 By
900 1815 65 22 order
974 1815 26 22 of
1010 1815 39 20 the
1059 1813 80 26 Board,

932 1848 85 23 JOHN
1033 1848 104 26 WARD,
1153 1848 123 24 Secretary.
1289 1851 2 18 ;

686 1879 55 22 New
753 1877 99 23 Zealand
862 1877 65 22 Lind
937 1876 137 26 Company's
1083 1874 77 26 Office,

713 1908 19 25 1,
744 1905 161 24 Adam-street,
917 1903 104 27 Adelphi,
1033 1902 52 21 27th
1096 1902 68 26 Aug.,
1177 1902 35 19 183
1212 1902 24 19 P.
1279 1907 4 4 -

819 1958 154 22 WEEKLY
987 1956 164 22 MARKET.
1284 1943 6 41 /'

689 1993 91 48 MR.
795 1992 23 22 J.
832 1990 145 23 TELFORD
992 1990 40 21 has
1047 1988 110 28 arranged
1167 1992 22 17 to
1199 1987 57 22 have
1267 1982 23 35 aj|

780 2025 92 16 week.lv
899 2025 93 14 market
1019 2023 29 14 on
1073 2015 138 22 MONDAY
1235 2011 55 31 ansl

688 2047 36 20 SA
734 2045 122 21 L'URDAY
1089 2040 35 22 his
1134 2041 145 30 Warehouse,

689 2072 58 21 from
757 2073 14 19 4
781 2076 22 15 to
814 2072 12 20 7
837 2069 93 27 o'clock,
942 2069 68 26 being
1025 2067 109 22 intended
1150 2065 87 32 chiefly-
1246 2066 35 20 for

689 2097 38 22 the
748 2096 194 23 accommodation
963 2095 25 21 of
1006 2094 144 22 Workmen's
1169 2092 111 22 Families.

689 2124 47 21 The
756 2124 114 26 following
889 2122 89 21 articles
997 2121 44 21 will
1059 2121 28 21 be
1107 2121 49 21 sold
1174 2121 23 20 in
1216 2118 66 22 small

691 2151 127 28 quantities,
829 2154 22 17 at
861 2148 131 23 reasonable
1002 2148 72 27 prices
1081 2155 4 13 :
1087 2159 32 5 —

718 2178 75 26 Flour,
814 2176 104 27 oatmeal,
938 2183 72 20 sugar,
1032 2179 43 22 tea,
1100 2174 76 26 coffee,
1200 2173 82 26 butter,

691 2204 87 26 cheese,
789 2204 98 26 candles,
899 2210 61 20 soap,
972 2203 39 20 &c.
1023 2203 41 20 &c.

720 2232 53 21 Port
782 2230 131 26 Nicholson,
924 2230 60 21 June
995 2230 33 25 15,
1040 2229 61 21 1840.

856 2285 98 21 LAND
974 2283 145 21 ORDERS.

696 2319 163 51 SEVERAL
866 2319 44 21 lots
918 2318 25 21 of
949 2317 69 22 Tcwn
1026 2316 46 22 .-.ad
1078 2316 99 26 Country
1185 2315 100 21 Sections

760 2347 34 21 for
804 2346 56 26 Sale,
874 2346 29 26 by
922 2345 87 21 P;ivate
1027 2344 112 21 Contract.
1169 2342 75 27 Apply
1262 2345 23 17 to

696 2375 25 21 11.
738 2374 27 22 R.
783 2373 99 25 Strang,
904 2372 60 27 Esq.,
982 2370 108 26 Solicitor,
1108 2370 43 21 No.
1165 2370 21 24 4,
1205 2368 80 28 Clyde-

696 2405 90 22 terrace,
799 2408 25 13 or
833 2403 21 17 to
866 2399 45 21 Mr.
922 2399 21 21 J.
955 2397 98 23 Telford.
1084 2396 90 22 Several
1186 2396 25 21 of
1224 2393 61 23 these

694 2435 63 15 acres
767 2427 44 21 will
821 2427 26 21 be
858 2425 149 26 sub-divided,
1021 2429 22 17 to
1054 2424 44 22 suit
1108 2423 138 27 purchasers.

722 2455 53 21 Port
785 2453 131 26 Nicholson,
927 2452 65 27 April
1002 2453 33 25 24,
1049 2452 60 20 1840.

910 2509 48 20 ON
973 2507 97 21 SALE.

696 2545 90 49 MR.
803 2544 21 22 J.
839 2542 145 23 TELFORD
1000 2542 55 26 begs
1072 2544 20 17 to
1108 2540 110 24 intimate,
1237 2537 49 22 that

786 2571 28 22 he
825 2571 40 21 has
875 2577 30 14 on
917 2570 57 26 Sale,
986 2572 22 18 at
1018 2568 34 21 his
1065 2567 84 26 House,
1159 2570 22 17 at
1192 2566 36 21 the
1239 2568 47 18 east

694 2599 44 22 end
758 2599 25 21 of
804 2598 36 22 the
859 2596 136 28 Company's
1014 2594 155 26 Warehouses,
1195 2600 29 13 on
1249 2591 37 22 the

695 2626 81 27 Beach,
788 2633 29 14 an
828 2628 135 18 assortment
973 2623 26 21 of

723 2653 123 22 Hardware
855 2651 26 22 of
893 2651 38 21 the
942 2650 48 22 first
1000 2649 94 28 quality,

723 2681 68 21 Flour
800 2679 45 23 and
855 2677 105 27 oatmeal,

723 2708 78 27 Sugar,
812 2711 42 22 tea,
866 2705 46 22 and
923 2704 76 27 coffee,

723 2734 91 27 Cheese,
825 2734 82 25 butter,
919 2731 45 22 and
974 2731 89 21 various
1073 2729 64 22 other
1148 2728 93 22 articles.

724 2761 106 26 Superior
847 2759 91 27 Brandy
949 2758 44 22 and
1005 2758 67 22 Rum.

696 2789 90 21 N.B.—
788 2787 53 22 OIL
856 2787 47 21 and
918 2785 87 23 LAMP
1021 2784 107 26 WICKS,
1143 2785 22 19 at
1174 2781 113 23 moderate

953 2813 78 27 prices.

726 2843 53 20 Port
788 2841 133 24 Nicholson,
932 2839 60 22 June
1005 2840 32 24 18,
1049 2839 61 37 1840^

913 2895 47 21 ON
978 2893 97 21 SALE.

806 2928 145 23 TELFORD
969 2927 39 22 has
1028 2934 29 14 on
1077 2926 54 26 sale,
1150 2923 139 24 Marmalade

701 2948 60 32 ill
791 2957 46 21 and
852 2955 96 23 Pickles.

726 2984 57 22 N.B.
785 2996 31 4 —
819 2984 35 21 An
871 2980 117 24 increased
1007 2980 80 28 supply
1112 2980 27 20 of
1156 2980 69 20 Boots
1245 2980 45 18 and

699 3012 76 25 Shoes,
786 3010 46 22 and
839 3009 127 22 Warren's
976 3013 146 16 celebrated
1134 3006 127 21 Blacking.

727 3039 54 21 Port
791 3036 131 26 Nicholson,
933 3035 60 22 June
1005 3036 33 24 18,
1051 3034 59 24 1840,

907 3088 180 23 REGATTA.

702 3127 90 49 MR.
809 3126 21 22 J.
847 3123 145 24 TELFORD
1003 3122 40 22 has
1053 3129 29 14 on
1093 3120 141 27 salesladies'
1246 3118 44 22 and

791 3151 150 29 gentlemen's
951 3151 60 21 dress
1021 3149 64 21 boots
1096 3148 45 22 and
1151 3147 64 22 shoes
1222 3154 6 19 ;
1247 3145 43 23 and

700 3189 13 14 a
723 3182 61 26 large
793 3182 136 20 assortment
938 3177 26 22 of
974 3180 88 23 regatta
1072 3175 102 26 shirting.

728 3215 108 21 N.8.---
846 3214 21 21 A
898 3209 171 25 SELECTION
1100 3208 40 22 OF
1169 3206 121 23 LADIES'

701 3241 108 24 STRAW
820 3239 142 23 BONNETS
975 3238 62 21 HAS
1047 3236 87 22 COME
1141 3234 40 23 TO
1193 3233 97 26 HAND,

701 3269 46 22 and
756 3276 13 14 a
779 3268 60 27 large
848 3267 104 28 quantity
963 3265 25 21 of
1002 3263 96 23 PLAIN
1115 3261 118 23 PRINTS.

703 3323 112 50 GH.
830 3319 137 27 COGLAN,
976 3318 114 22 Waterloo
1101 3318 82 24 Stores,
1194 3318 47 19 east
1251 3312 39 23 end

761 3361 10 11 •
784 3350 26 21 of
818 3349 36 22 the
863 3347 78 26 beach,
951 3345 125 25 Britannia,
1084 3344 23 21 in
1117 3343 97 22 addition
1228 3346 21 17 to
1258 3340 32 21 his

703 3377 116 22 extensive
833 3375 65 22 stock
912 3374 26 22 of
951 3372 94 27 brandjr,
1063 3371 42 27 ale,
1122 3373 81 25 porter,
1219 3374 71 20 sugar,

702 3405 53 24 rice,
768 3403 64 26 flour,
849 3402 50 25 salt,
915 3400 47 22 and
978 3398 92 28 general
1089 3397 132 28 provisions,
1235 3401 55 15 iron-

703 3438 109 20 mongery
830 3429 43 22 -uid
887 3424 198 26 Britannia-metal
1101 3424 77 28 goods,
1193 3424 40 20 has
1249 3424 41 24 just

703 3457 90 26 landed,
806 3464 27 14 ex
844 3456 38 21 the

732 3484 56 22 Fine
799 3483 104 22 Jamaica
911 3488 58 20 rum,
981 3478 110 24 Schedam
1101 3478 46 21 and
1154 3478 101 21 Geneva.

733 3511 81 27 Hyson
825 3509 49 22 skin
885 3513 37 17 tea
931 3509 23 21 in
965 3508 74 22 chests
1049 3504 45 23 and
1104 3504 49 22 half
1165 3503 36 22 do.

699 3546 3 5 •
734 3537 100 27 English,
847 3536 129 25 American,
993 3533 45 23 and
1048 3531 102 23 Colonial
1165 3537 53 20 soap
1229 3535 23 15 in
1263 3531 27 22 10,

706 3564 47 22 and
762 3564 57 27 2.V.b,
831 3565 77 24 boxes,
920 3562 45 22 and
974 3561 45 22 fine
1030 3559 53 23 seed
1092 3562 110 24 potatoes.

733 3593 13 19 2
757 3598 62 15 cases
828 3591 26 21 of
864 3590 62 27 large
937 3589 49 21 bole
1001 3588 71 28 pipes,
1082 3584 95 24 window
1187 3584 59 26 glass
1259 3584 31 21 10J

705 3618 31 27 by
746 3619 25 24 8i
782 3617 46 22 and
835 3619 26 23 8|
871 3617 32 26 by
910 3617 34 24 6J.
1131 3638 5 5 .
1204 3634 66 6 ....

733 3644 33 22 To
781 3643 71 23 which
869 3643 29 22 he
915 3640 145 30 respectfully
1075 3639 83 22 solicits
1173 3636 76 28 public
1264 3641 26 14 in-

706 3671 109 28 spection.

706 3725 115 49 VERY
840 3723 157 23 SUPERIOR
1010 3717 204 27 CHAMPAGNE
1231 3714 59 23 AND

786 3751 124 23 CLARET
911 3766 6 6 '
1057 3771 86 23 JOHN
1153 3767 119 25 PIERCE.

734 3805 118 23 Britannia
861 3803 70 22 Hotel
942 3801 45 23 and
998 3801 82 21 Stores.

920 3854 165 24 WANTED,

708 3892 165 53 SEVERAL
898 3888 155 25 SAWYERS.
1091 3885 76 29 Apply
1183 3887 24 19 to
1221 3881 26 24 T.
1264 3880 26 24 M.

774 3921 136 23 Partridge
920 3917 46 24 and
975 3917 39 22 Co.

735 3955 64 27 April
811 3955 33 26 11,
854 3954 64 22 1840.
1251 3953 21 25 *#

1297 405 211 51 STATIONERY
1537 404 61 22 FOR
1628 404 85 27 SALE,
1741 403 42 22 AT
1809 401 65 23 THE

1377 432 143 22 GAZETTE
1557 431 110 22 OFFICE
1674 438 38 14 :-~

1429 472 137 16 WHOLESALE
1580 472 46 15 AND
1642 471 91 15 RETAIL.

1316 499 56 23 Fine
1381 499 46 23 laid
1435 503 56 24 pott,

1316 527 56 21 Fine
1381 526 62 22 thick
1453 532 62 16 wove
1525 528 79 25 quarto
1612 527 57 24 post,

1315 553 64 22 Ditto
1435 553 55 21 ditto
1524 558 78 15 octavo
1613 551 43 27 do.,

1317 580 116 27 Superfine
1444 586 61 15 wove
1515 583 79 23 quarto
1604 578 56 21 satin
1670 581 57 24 post,

1317 607 64 21 Ditto
1437 606 54 22 ditto
1519 609 80 18 octavo
1609 604 63 27 ditto,

1317 633 64 22 Ditto
1390 633 49 22 thin
1449 632 46 22 laid
1504 636 79 23 quarto
1593 631 62 27 ditto,

1317 660 64 22 Ditto
1437 659 57 22 ditto
1503 663 79 18 octavo
1593 658 61 26 ditto,

1319 686 116 28 Superfine
1448 686 61 27 large
1522 685 49 22 thin
1584 684 53 22 blue
1654 691 62 14 wove
1730 685 78 27 quarto
1821 685 56 25 post,

1297 713 104 28 9tamped,

1320 741 116 26 Superfine
1445 739 46 22 laid
1501 738 105 28 foolscap,

1320 767 72 27 Large
1403 767 48 21 thin
1461 769 79 24 quarto
1550 770 57 23 post,

1320 793 59 22 Note
1388 800 75 21 paper,

1321 821 80 21 Brown
1411 827 74 20 paper,
1494 818 102 29 imperial
1606 825 56 20 cap.,

1320 847 49 27 Bag
1379 847 62 26 ditto,

1322 873 63 22 Kent
1394 873 62 27 ditto,

1322 900 71 27 Royal
1404 899 68 28 baud,

1297 941 1 9 :
1322 927 99 22 Lumber
1430 926 63 27 ditto,

1322 953 57 23 Blue
1389 955 72 26 demy,

1323 981 74 27 Demy
1405 981 96 26 blotting
1508 985 75 22 paper,

1323 1007 89 23 Double
1419 1014 82 19 crown,

1324 1035 69 21 Small
1402 1034 67 27 hand,

1325 1061 86 26 Crown,

1324 1087 73 23 Blank
1408 1086 71 27 cards,

1325 1114 149 22 Memoranda
1482 1112 78 28 books,

1326 1141 46 23 Pen
1382 1141 96 26 holders,
1490 1140 68 21 wafer
1569 1142 90 24 stamps,
1667 1137 52 22 lead
1727 1136 93 28 pencils,
1831 1136 56 21 9late

1298 1169 62 26 ditto,
1379 1168 65 22 India
1461 1167 89 26 rubber,
1571 1166 85 26 sealing
1675 1171 56 20 wax,
1752 1164 62 21 office
1832 1170 56 20 pen-

1298 1196 85 26 knives,
1395 1197 40 20 &c.
1447 1195 40 21 &c.
1499 1195 40 20 &c.

1538 1247 107 21 LAND.

1299 1283 185 49 WANTED,
1501 1282 101 22 Sections
1616 1280 53 22 with
1681 1280 70 22 Town
1761 1280 77 25 Acres,
1849 1277 40 22 be-

1396 1316 71 16 tween
1492 1310 54 21 Nos.
1571 1310 40 20 200
1636 1307 45 22 and
1703 1309 49 20 300.
1791 1305 98 22 Address

1301 1338 30 21 X.
1341 1338 28 21 Y.
1379 1338 35 26 Z.,
1425 1341 23 18 at
1458 1336 38 23 the
1533 1336 94 21 Gazette
1663 1334 78 21 Office.

1328 1371 64 28 April
1402 1374 19 22 9,
1434 1373 60 36 1810^

1543 1425 106 21 LAND.

1303 1461 175 48 WANTED
1489 1464 22 18 to
1521 1459 115 29 purchase,
1646 1457 142 23 SEVERAL
1798 1455 91 23 TOWN

1399 1488 105 22 ACRES.
1534 1486 68 27 Early
1616 1485 89 22 choices
1720 1484 72 22 would
1803 1484 27 21 be
1842 1490 50 20 pre-

1303 1515 78 22 ferred.
1411 1515 75 28 Apply
1498 1517 22 18 to
1526 1514 45 21 Mr.
1582 1513 90 26 Dudley
1682 1512 100 22 Sinclair.

1305 1569 161 49 PICKLES,
1482 1569 90 25 Sauces,
1588 1566 110 26 Mustard,
1713 1564 90 23 Bottled
1820 1564 73 21 Fruits

1376 1596 46 21 and
1434 1596 123 25 Preserves,
1569 1594 45 21 and
1624 1593 55 22 Pine
1690 1589 92 25 Cheese.

1482 1628 54 21 And
1546 1628 49 27 just
1604 1626 109 27 received,

1431 1664 77 25 30,000
1527 1662 126 21 American
1673 1660 92 21 Cigars.

1522 1695 26 22 T.
1560 1695 34 21 M.
1606 1692 181 23 PARTRIDGE
1795 1691 45 22 and
1847 1691 47 21 CO.

1332 1752 129 21 JOINER
1473 1751 76 20 AND
1560 1748 156 21 CABINET
1730 1746 137 22 MAKER.

1308 1786 93 49 JH.
1417 1783 164 24 JOHNSTON
1597 1782 144 27 respectfully
1752 1780 92 22 informs
1860 1779 36 21 the

1348 1824 9 11 •
1391 1813 84 26 Public,
1491 1811 49 22 that
1548 1811 29 21 he
1587 1810 39 21 has
1637 1808 146 23 commenced
1795 1807 102 21 business

1308 1842 23 20 in
1341 1841 37 21 the
1389 1841 70 21 above
1469 1839 53 26 line,
1539 1842 23 16 at
1572 1837 42 21 No.
1626 1837 19 25 1,
1658 1835 173 27 Clyde-terrace,
1842 1837 55 17 next

1308 1867 68 22 house
1387 1870 23 18 to
1421 1866 37 22 the
1472 1866 56 21 Rev.
1540 1864 44 22 Mr.
1597 1862 137 22 M'Farlane.

1337 1901 22 21 It
1377 1900 44 21 will
1439 1900 27 21 be
1487 1899 37 21 the
1549 1898 37 21 the
1607 1899 105 18 constant
1731 1894 127 22 endeavour
1876 1892 25 22 of

1309 1928 22 22 J.
1342 1928 31 21 H.
1383 1927 30 26 J.,
1429 1926 30 28 by
1469 1926 109 21 attention
1595 1928 21 17 to
1627 1923 109 25 business,
1754 1925 21 17 to
1785 1920 66 22 merit
1862 1919 36 21 the

1309 1959 122 23 patronage
1447 1953 25 21 of
1489 1952 63 21 those
1569 1950 118 25 favouring
1705 1949 48 20 him
1769 1947 53 21 with
1842 1946 57 22 their

1296 1986 2 18 !
1310 1982 83 21 orders.

1296 2005 2 31 i
1298 2027 7 14 :
1338 2015 53 21 Port
1400 2012 131 26 Nicholson,
1542 2011 60 22 June
1613 2011 33 26 13,
1659 2011 60 19 1840.

1301 2069 2 3 '
1312 2069 9 15 r
1329 2067 74 21 HHE
1419 2063 225 25 UNDERSIGNED
1656 2062 54 22 offer
1717 2062 34 20 for
1757 2060 58 26 Sale,
1825 2067 28 14 on
1862 2060 37 21 the

1319 2084 29 31 X
1386 2094 45 21 Lot
1439 2093 71 21 above
1520 2091 47 22 Col.
1580 2089 151 25 Wakefield's,

1338 2136 41 20 300
1389 2135 70 21 dozen
1468 2132 129 27 Hodgson's
1606 2130 50 29 pale
1667 2129 41 27 ale,

1339 2163 28 20 50
1377 2162 49 21 best
1436 2159 137 28 Westphalia
1583 2158 70 24 hams,

1339 2190 41 19 200
1389 2190 63 19 2-cut
1460 2187 80 28 yellow
1551 2185 68 26 deals,

1339 2215 101 26 Battens,

1339 2244 28 19 30
1378 2243 71 20 dozen
1459 2240 59 28 good
1527 2239 84 27 sherry,

1339 2271 15 19 4
1363 2269 65 21 hhds.
1439 2268 99 27 superior
1548 2265 98 28 Brandy,

1340 2298 28 19 30
1378 2296 64 21 casks
1452 2295 64 26 nails,
1527 2293 106 22 assorted.

1517 2330 26 22 T.
1559 2330 33 21 M.
1608 2326 182 24 PARTRIDGE
1801 2325 45 23 and
1856 2325 46 22 CO.

1505 2364 55 23 Bills
1571 2371 28 14 on
1610 2363 98 27 Sydney.

1343 2402 53 21 Port
1406 2399 130 26 Nicholson,
1547 2398 38 22 Bth
1597 2397 71 28 April,
1681 2397 59 21 1840.

1318 2455 152 26 /CLARET,
1486 2455 24 21 in
1524 2461 62 15 cases
1600 2453 25 21 of
1640 2459 42 14 one
1697 2451 70 21 dozen
1783 2448 61 26 each,
1858 2448 48 27 just

1317 2477 41 28 Ky
1388 2483 83 22 landed
1480 2482 58 21 from
1547 2481 38 21 the

1487 2516 26 21 T.
1532 2515 32 22 M.
1581 2511 181 25 PARTRIDGE
1773 2510 45 21 and
1828 2509 46 22 CO.

1317 2575 71 49 ON
1400 2574 78 23 SALE
1489 2582 12 13 a
1511 2573 61 26 large
1583 2570 101 29 quantity
1695 2570 25 21 of
1726 2568 59 29 good
1794 2567 35 22 Oil
1839 2575 5 17 ;
1860 2566 46 21 also

1395 2604 70 25 cheap
1482 2606 77 21 strong
1574 2599 54 21 cord
1644 2603 96 15 trousers
1755 2595 44 21 and
1811 2594 94 27 jackets,

1317 2633 77 24 prints,
1416 2629 102 25 calicoes,
1544 2626 95 26 hosiery,
1661 2624 46 22 and
1726 2622 77 25 shoes;
1826 2621 79 27 paints--,

1317 2657 99 26 vinegar,
1428 2656 44 21 and
1482 2655 56 26 shag
1547 2654 101 21 tobacco.

1663 2683 84 23 JOHN
1761 2680 119 24 PIERCE.

1345 2723 117 22 Britannia
1472 2721 69 23 Hotel
1552 2719 45 23 and
1607 2720 81 38 Stores^

1515 2773 198 24 CHARCOAL.

1320 2813 160 49 MESSRS.
1491 2810 106 23 CLARK
1613 2808 45 22 and
1670 2804 156 25 BATTRASS
1835 2803 44 26 beg
1887 2806 19 17 to

1412 2840 81 21 inform
1510 2838 36 21 the
1564 2836 75 28 public
1649 2834 49 22 that
1713 2832 51 27 they
1776 2834 55 18 have
1849 2837 57 14 com-

1319 2867 95 22 menced
1425 2864 108 24 charcoal
1543 2864 110 25 Burning,
1664 2860 45 22 and
1719 2860 47 21 that
1781 2859 37 20 the
1834 2859 72 25 pubuc

1319 2902 42 14 can
1372 2901 49 15 now
1433 2893 56 21 have
1498 2899 13 14 a
1520 2891 89 27 regular
1617 2888 88 28 supply,
1716 2891 22 17 at
1750 2886 43 21 Mr.
1806 2886 76 19 Pierce
1892 2890 14 19 s,

1319 2921 38 22 the
1366 2920 116 22 Britannia
1489 2919 82 21 Stores.
1600 2916 86 25 Terms,
1694 2918 32 17 2s.
1731 2914 35 21 6d.
1775 2919 40 20 per
1825 2914 81 18 busne:.

1346 2958 61 21 June
1417 2958 33 24 26,
1461 2957 62 20 184(L

1469 3008 159 23 COPYING
1648 3005 112 22 PRESS.

1322 3048 88 49 FOR
1429 3045 84 26 SALE,
1534 3051 13 14 a
1562 3043 80 21 Patent
1656 3039 101 28 Copying
1772 3038 68 24 Press,
1855 3035 51 22 hav-

1393 3074 40 24 ing
1447 3073 61 20 lever
1524 3077 80 21 power,
1622 3067 53 22 with
1692 3074 13 14 a
1718 3065 60 25 larj?e
1792 3065 80 25 supply
1887 3065 19 18 of

1321 3108 69 22 paper
1399 3100 45 22 and
1458 3099 47 22 ink.
1536 3096 97 27 Enquire
1644 3098 23 18 at
1679 3093 38 21 the
1728 3092 94 22 Gazette
1832 3089 73 22 Otfice

1529 3162 69 21 FOR
1612 3158 96 22 SALE.

1322 3198 104 26 ATOW
1443 3196 104 26 Landing
1559 3194 57 22 from
1630 3192 38 22 the
1837 3189 10 21 1
1865 3194 41 15 case

1323 3216 44 33 1M
1404 3226 26 21 of
1437 3224 99 23 muskets
1551 3222 44 22 and
1606 3222 8 20 1
1627 3227 51 15 case
1689 3219 26 21 of
1727 3218 103 21 Oxonian
1842 3216 64 20 shoes.

1505 3256 26 22 T.
1544 3255 32 23 M.
1588 3250 181 27 PARTRID3E
1781 3248 46 23 and
1837 3248 49 21 CO.

1351 3293 55 28 July
1415 3294 20 24 3,
1448 3293 62 20 1840.

1543 3341 47 21 ON
1602 3339 94 22 SALE.

1326 3379 69 50 BY
1407 3379 37 21 the
1460 3373 165 28 Undersigned,
1637 3375 23 19 at
1670 3371 37 22 the
1718 3372 53 19 west
1785 3367 45 23 end
1840 3366 26 22 of
1881 3365 25 22 tin

1393 3405 83 24 Beach,
1486 3401 118 23 wholesale
1609 3399 61 28 only,
1682 3406 13 14 a
1702 3400 102 26 quantity
1813 3396 24 19 of
1846 3396 60 24 spirit!

1327 3439 23 16 at
1359 3440 54 20 very
1422 3432 42 21 low
1473 3431 80 27 prices.
1701 3451 19 22 T
1722 3467 5 5 .
1743 3446 148 25 ROSKELL.

1356 3493 53 22 Port
1419 3490 131 26 Nicholson,
1562 3488 60 22 June
1632 3488 35 25 30,
1679 3486 61 20 1840.

1355 3547 91 22 PORT
1465 3541 202 26 NICHOLSON
1687 3538 116 22 HOTEL
1818 3535 75 21 AND

1548 3567 158 24 TAVERN.

1330 3610 35 49 J
1394 3606 106 24 ALLEN
1518 3606 55 26 begs
1588 3608 23 17 to
1626 3601 82 23 inform
1727 3599 33 22 his
1776 3596 84 23 friends
1877 3603 29 14 am

1371 3647 9 10 .
1413 3634 37 22 the
1466 3633 83 25 v.ublic,
1566 3631 48 21 that
1630 3629 29 21 he
1670 3628 40 21 has
1720 3624 86 29 opened
1817 3624 33 21 Ins
1866 3624 40 20 Nev

1334 3664 82 24 rloine,
1435 3660 44 23 and
1489 3660 19 21 is
1517 3659 76 27 happy
1609 3660 22 18 to
1642 3659 56 19 state
1710 3653 49 21 that
1772 3652 28 21 he
1811 3650 39 22 has
1863 3656 43 20 goo.

1332 3689 63 24 Beds,
1407 3688 46 21 and
1461 3693 68 20 every
1540 3682 196 25 accommodation
1747 3685 59 21 upon
1818 3680 36 19 the
1865 3683 41 14 mos

1331 3715 128 24 reasonable
1477 3717 75 18 teims.
1587 3710 48 22 The
1651 3709 54 21 boat
1726 3707 132 25 Enterpnze
1879 3704 27 19 wil

1332 3747 54 18 start
1392 3742 58 21 from
1460 3740 34 22 Ins
1503 3739 78 22 House
1589 3744 67 19 every
1663 3740 104 20 morning
1774 3736 23 17 at
1805 3733 14 20 9
1829 3738 13 14 o
1851 3733 55 18 clock

1332 3771 33 21 for
1374 3767 130 26 Thorndon,
1515 3766 33 21 for
1558 3765 37 21 the
1606 3767 142 20 conveyance
1757 3760 26 20 of
1792 3760 114 23 Passenger

1331 3796 44 23 and
1385 3794 92 29 parcels,
1488 3792 45 23 and
1543 3795 77 18 return
1630 3789 24 21 in
1665 3786 36 24 the
1712 3792 104 20 evening.

1313 3826 3 24 !
1358 3829 57 22 N.B.
1433 3827 26 22 In
1470 3825 127 23 connexion
1608 3822 52 22 with
1672 3821 36 22 the
1719 3820 77 24 above,
1807 3817 22 21 J.
1842 3816 29 22 A.
1882 3815 24 21 ha

1312 3845 5 31 )
1332 3857 34 22 his
1376 3854 130 24 Butcher's
1519 3852 67 24 Shop,
1599 3850 119 23 Grocery,
1734 3846 131 22 Provision
1877 3849 29 15 an:

1297 3896 1 6 .
1312 3877 6 24 ?
1334 3884 111 22 Drapery
1456 3881 93 23 Stores,
1563 3877 72 21 where
1647 3874 37 23 the
1694 3873 75 28 public
1780 3878 42 15 can
1832 3871 28 20 be
1872 3876 34 19 sup

1314 3903 5 32 i
1334 3909 59 26 plied
1406 3907 60 23 with'
1475 3912 68 21 every
1553 3902 77 24 article
1642 3902 24 22 in
1676 3901 37 22 the
1724 3900 71 21 above
1804 3898 102 21 branches

1297 3953 1 5 .
1310 3927 9 46 j
1332 3936 46 24 and
1386 3934 54 24 with
1449 3932 60 30 good
1518 3931 46 24 and
1573 3930 71 27 cheap
1653 3928 38 28 oil,
1701 3930 84 23 cotton,
1795 3927 41 20 &c.
1846 3927 42 19 &c.

1997 403 157 22 WANTED
2168 403 43 20 TO
2227 401 175 22 CHARTER.

1956 446 57 18 jrjx.
2038 438 18 21 A
2082 435 113 23 VESSEL
2209 435 50 21 able
2269 438 22 18 to
2302 440 63 21 carry
2375 433 68 21 about
2452 434 41 20 100

1933 461 81 30 ASgk
2028 465 43 20 £TL
2086 463 67 26 Tons,
2165 466 22 17 to
2197 461 96 28 proceed
2303 465 21 17 to
2335 461 78 23 Queen
2424 459 70 22 Char-

1913 505 6 14 <
1919 483 157 36 ja|i&.ag^iotte
2086 488 78 23 Sound
2173 488 34 22 for
2216 488 59 27 Logs
2284 491 23 18 to
2315 487 29 21 be
2354 485 111 23 delivered
2469 485 26 22 in

1913 524 50 18 to*
1973 517 124 24 xMcholson
2098 543 19 21 T
2135 541 26 22 m
2179 539 180 24 pARTRmGE
2368 538 46 23 and
2423 538 38 22 CQ

2113 596 70 21 FOR
2197 594 95 25 SALE,

1958 628 157 31 g-fe_rpHE
2140 630 72 19 cutter
2239 625 169 27 HARRIETT,
2435 632 63 16 cora-

1925 648 94 39 jjfiSg^
2032 648 28 30 X
2098 654 67 27 plete,
2177 652 44 23 and
2230 652 68 28 ready
2308 652 35 21 for
2353 658 43 15 sea.

1913 681 108 27 g£~2£»
2052 682 77 26 Apply
2139 684 22 18 to

2276 705 28 22 R.
2319 703 151 24 BARRETT.

1937 736 130 26 Thorndon,
2082 734 59 22 June
2151 734 21 21 5.

2088 788 114 21 LOCAL
2215 786 108 22 BANK.

1915 823 91 50 THE
2025 821 212 25 PROVISIONAL
2258 819 184 23 COMMITTEE
2456 825 43 15 an-

1988 856 89 16 nounce
2094 848 48 22 that
2157 848 45 21 this
2218 847 66 22 Bank
2298 847 44 21 will
2357 846 26 22 be
2397 846 70 27 ready
2477 850 23 17 to

1913 885 28 20 go
1951 878 47 21 into
2009 875 114 30 operation
2135 882 23 14 as
2171 881 53 15 soon
2237 874 57 21 after
2308 873 38 21 the
2362 872 100 27 delivery
2478 872 29 21 of

1914 904 38 22 the
1961 904 69 22 Town
2042 901 75 22 Lands
2126 908 24 15 as
2159 900 103 29 possible.

1942 930 61 22 June
2014 931 33 24 19,
2062 929 61 21 1840.

1978 983 127 23 PUBLIC
2128 982 91 20 BALL
2242 981 76 21 AND
2341 979 96 21 FETE.

2138 1021 141 16 COMMITTEE.

2063 1049 36 18 Mr.
2109 1050 18 16 J.
2138 1049 101 19 DORSET,

2064 1070 58 21 Major
2134 1070 22 17 D.
2168 1071 17 16 S.
2197 1068 83 20 DUHIE,

2065 1092 35 16 Mr.
2110 1091 78 17 JAMES
2200 1090 74 18 WATT,

2065 1112 36 17 Mr.
2111 1111 98 17 GEORGE
2220 1110 86 19 DOPPA,

2065 1133 35 16 Mr.
2112 1133 19 16 F.
2142 1133 23 15 A.
2176 1129 175 20 MOLESWORTH,

2065 1153 36 17 Mr.
2112 1152 97 17 ROBERT
2221 1152 22 16 R.
2255 1152 11 16 S
2270 1152 29 15 fit
2300 1152 33 15 AN
2336 1152 21 18 <i,

2067 1174 34 17 Mr.
2113 1173 99 17 GEORGE
2222 1172 89 19 WHITE,

2067 1195 35 16 Mr.
2114 1195 22 16 R.
2148 1193 120 18 BARRETT,

2067 1216 32 16 Dr.
2109 1214 132 20 JOHNSTON,
2254 1213 54 19 M.D.,

2067 1236 56 20 Majoi
2136 1235 89 18 BAKER.

2068 1257 35 17 Mr.
2114 1256 64 18 JOHN
2190 1255 77 19 WADE,

2068 1277 35 17 Mr.
2114 1276 106 18 DODERY,

2068 1298 74 21 Captain
2154 1296 130 19 CHAFFERS,

2068 1319 35 17 Mr.
2114 1319 64 16 JOHN
2190 1316 137 18 THOMPSON.

1996 1348 36 18 Mr.
2043 1347 17 17 J.
2072 1346 100 19 DORSET,
2185 1346 90 18 Secretary
2287 1344 35 17 and
2333 1343 104 18 Treasurer,

1948 1376 48 22 The
2013 1376 54 21 Fete
2085 1374 43 21 will
2145 1373 52 22 take
2211 1373 63 27 place
2286 1379 26 14 as
2328 1378 54 14 soon
2398 1370 57 22 after
2473 1369 37 22 the

1922 1402 164 29 appropriation
2098 1401 25 21 of
2130 1400 37 21 the
2175 1400 68 21 Town
2255 1399 100 21 Sections
2365 1405 24 14 as
2399 1397 38 21 the
2445 1397 66 21 Com-

1923 1434 76 17 mittee
2009 1428 124 23 determine
2143 1427 44 21 will
2201 1427 43 20 suit
2260 1425 74 28 public
2351 1425 158 21 convenience.

1950 1457 48 21 The
2015 1455 114 26 following
2143 1454 38 21 list
2197 1453 24 21 of
2237 1452 123 22 diversions
2380 1451 57 21 have
2453 1450 57 22 been

1924 1482 139 23 determined
2071 1489 68 19 upon,
2147 1480 45 21 and
2203 1479 35 22 the
2245 1479 110 21 members
2363 1477 25 22 of
2399 1477 38 21 the
2445 1477 65 21 Com-

1924 1510 76 22 mittee
2011 1508 82 23 named
2103 1515 36 14 are
2147 1512 22 17 to
2180 1507 27 21 be
2216 1505 121 23 addressed
2342 1505 124 27 respecting
2474 1503 36 21 the

1924 1539 176 25 arrangements.

1952 1564 21 21 A
1988 1565 96 20 Rowing
2097 1561 93 26 Match,
2202 1559 122 26 consisting
2334 1559 25 20 of
2371 1559 70 19 whale
2448 1559 64 19 boat?

1925 1590 80 22 owned
2014 1591 29 26 by
2055 1588 36 22 the
2101 1587 108 22 residents
2220 1587 26 21 of
2259 1586 51 22 Port
2320 1584 130 23 Nicholson.
2481 1585 33 19 Ist

1926 1618 66 27 prize,
2005 1618 48 21 .€2O
2060 1623 4 18 ;
2080 1615 51 26 2nd,
2140 1615 48 22 £10
2196 1621 5 19 ;
2216 1613 47 26 3rd,
2271 1613 41 21 £5.
2342 1611 33 22 No
2384 1618 50 14 race
2439 1610 76 22 unless

1926 1645 43 20 rive
1980 1644 63 22 boats
2055 1646 60 17 start.
2145 1641 113 22 Entrance
2275 1639 42 26 fee,
2335 1639 32 21 £2
2383 1637 56 22 each
2454 1637 60 21 boat.

1927 1670 53 23 And
1999 1678 13 14 a
2031 1670 96 22 Sailing
2147 1668 92 26 Match,
2261 1666 29 27 by
2310 1666 61 21 boats
2388 1663 79 23 owned
2486 1663 29 28 by

1926 1697 116 22 residents.
2072 1697 33 20 Ist
2115 1695 66 27 prize,
2191 1695 58 25 £10;
2265 1692 52 27 2nd,
2326 1693 40 21 £5.
2394 1691 122 26 Entrance,

1927 1725 30 22 £1
1965 1733 5 17 ;
1973 1736 30 4 —
2004 1722 122 27 managing
2136 1721 105 26 member,
2255 1720 62 27 Capt.
2329 1718 104 22 Chaffers.

1955 1753 21 20 A
1985 1751 77 22 Canoe
2070 1750 70 24 Race,
2149 1748 31 27 by
2187 1747 98 26 Natives,
2294 1746 47 22 £10
2350 1750 19 17 to
2377 1745 27 21 be
2414 1744 103 25 awarded

1928 1785 24 14 as
1972 1785 14 14 a
2003 1778 67 27 prize,
2091 1775 45 22 and
2155 1782 13 14 a
2185 1774 59 21 War
2265 1773 80 22 Dance
2356 1780 5 18 ;;
2363 1783 30 5 —
2394 1771 125 26 managing

1929 1804 106 28 member,
2048 1804 43 21 Mr.
2103 1802 27 21 R.
2141 1802 94 21 Barrett.

1956 1832 22 21 A
1989 1831 100 22 Hurdle
2103 1829 72 22 Race.
2205 1829 32 20 Ist
2255 1826 72 27 horse,
2346 1825 44 22 £15
2399 1833 6 18 ;
2431 1823 46 23 2nd
2496 1827 22 18 to

1929 1865 52 14 save
1991 1858 35 21 his
2036 1856 79 23 stakes.
2145 1855 113 22 Entrance
2268 1854 42 25 fee,
2326 1853 33 22 £3
2373 1851 54 22 each
2444 1851 72 21 horse.

1929 1885 72 22 Three
2011 1885 76 21 horses
2097 1887 22 16 to
2135 1885 60 23 start,
2213 1888 24 14 or
2255 1887 29 15 no
2301 1886 61 19 race;
2364 1890 28 5 —
2392 1878 125 26 .managing

1931 1912 106 26 member,
2050 1910 44 21 Mr.
2105 1909 76 21 James
2194 1907 66 22 Watt.

1957 1939 21 20 A
1990 1938 71 21 Rifle
2072 1936 94 22 Match.
2197 1936 31 19 Ist
2237 1934 68 27 prize,
2314 1933 85 26 dg25,,t0
2409 1931 109 28 purchase

1931 1973 12 14 a
1954 1964 47 22 rifle
2009 1973 5 18 ;
2030 1963 52 27 2nd,
2094 1963 52 25 jCIO,
2159 1966 22 17 to
2191 1961 108 28 purchase
2309 1967 13 14 a
2336 1959 90 26 fowling
2442 1965 62 20 piece
2512 1964 5 19 ;

1930 1992 47 26 3rd,
1988 1992 40 26 £5,
2041 1994 21 17 to
2068 1989 108 27 purchase
2185 1996 13 13 a
2203 1988 65 21 brace
2277 1987 25 21 of
2307 1986 82 27 pistols.
2406 1986 120 20 Euirance-

1932 2021 41 23 tee,
1984 2020 30 20 £1
2025 2026 5 18 ;
2032 2029 31 5 —
2063 2015 122 27 managing
2436 2011 84 22 Moles-

1933 2044 69 21 worth
2013 2042 45 23 and
2067 2042 89 26 Duppa.
2499 2062 3 3 .

1961 2070 140 22 Wrestling
2118 2068 93 25 Match,
2230 2066 114 21 Climbing
2361 2065 81 25 Poles,
2461 2065 60 19 *oot

1934 2098 82 26 Races,
2040 2096 39 21 &c.
2115 2095 49 21 j£2o
2183 2092 102 22 awarded
2307 2092 35 21 for
2359 2091 36 21 the
2415 2097 60 15 same
2484 2098 5 18 ;
2491 2102 31 5 —

1933 2124 123 27 managing
2082 2121 119 26 members,
2229 2119 92 22 Messrs.
2354 2117 91 28 Dodery
2477 2117 46 21 and

1934 2152 95 21 Barrett.

2142 2173 65 23 THE
2220 2171 90 23 BALL.

1961 2203 62 22 Each
2034 2201 123 24 subscriber
2167 2201 25 21 of
2204 2200 32 22 £2
2246 2206 19 14 is
2275 2197 93 23 allowed
2374 2201 21 17 to
2404 2196 117 22 introduce

1935 2230 38 23 the
1990 2230 70 22 ladies
2086 2229 25 21 of
2136 2228 33 22 his
2193 2227 160 27 acquaintance
2361 2233 5 18 ;
2368 2236 30 5 —
2400 2230 122 21 managing

1934 2258 119 25 members,
2064 2255 74 28 Major
2145 2253 72 23 Baker
2227 2253 45 21 and
2282 2252 89 22 Messrs.
2382 2251 83 21 Dorset
2475 2251 45 21 and

1936 2285 26 21 R.
1975 2286 87 23 Strang.

1962 2311 40 22 All
2008 2309 109 23 members
2124 2307 25 23 of
2157 2307 36 22 the
2202 2306 131 23 Committee
2340 2312 35 14 are
2382 2305 140 26 empowered

1936 2342 23 18 to
1968 2338 87 21 receive
2065 2335 164 26 subscriptions.

1938 2387 157 52 BUTTER,
2112 2387 24 20 in
2154 2385 83 26 firkins,
2255 2385 34 21 for
2305 2383 50 22 Sale
2370 2383 29 27 by
2415 2382 37 21 the
2469 2381 57 22 Sub-

2014 2415 100 22 scribers.

2100 2439 25 22 T.
2143 2439 32 22 M.
2194 2436 182 23 PARTRIDGE
2391 2435 45 22 and
2451 2434 46 23 CO.

2030 2486 206 26 ARCHIBALD
2252 2484 190 22 AN3.ERSCN

1938 2524 108 50 BEGS
2065 2526 23 18 to
2105 2521 82 22 inform
2207 2519 36 21 the
2263 2518 82 28 public,
2371 2517 47 21 that
2437 2517 28 21 he
2486 2516 40 21 has

2016 2549 87 28 opened
2112 2556 13 13 a
2135 2549 62 20 Store
2208 2550 22 18 at
2237 2545 129 25 Thorndon,
2375 2551 30 14 on
2416 2543 36 21 the
2461 2543 65 21 north

1939 2580 44 21 end
1993 2578 27 22 of
2031 2578 36 21 the
2079 2575 80 26 Beach,
2178 2573 73 21 where
2267 2572 27 22 he
2312 2572 43 21 will
2371 2571 82 26 always
2470 2570 56 21 have

1939 2614 28 14 on
1978 2605 62 22 hand
2049 2611 14 14 a
2072 2602 78 28 supply
2166 2601 26 21 of
2204 2600 36 21 the
2258 2598 113 26 following
2386 2597 96 27 articles,
2502 2603 24 15 on

1938 2633 46 22 sale
1994 2637 24 17 at
2027 2630 113 23 moderate
2149 2627 78 28 prices.

1967 2660 100 21 Jackets
2079 2655 45 22 and
2132 2655 131 24 Trow!>ers,
2279 2652 24 22 in
2321 2651 114 27 corderoy,
2451 2651 75 21 bever-

1940 2691 59 21 teen,
2011 2684 45 23 and
2065 2683 68 21 duck.

1967 2714 122 23 Shirting,
2114 2709 23 21 in
2161 2707 45 21 fine
2231 2709 87 24 regatta
2342 2704 111 26 coloured,
2474 2704 52 20 blue

1940 2740 87 26 stripes,
2039 2737 43 21 and
2093 2733 139 24 unbleached
2243 2737 84 17 cotton.

1967 2767 139 22 Groceries,
2126 2765 22 18 at
2163 2761 104 21 different
2281 2760 83 27 prices;
2386 2761 44 23 tea,
2450 2758 76 22 coffee,

1940 2792 108 25 mustard,
2059 2796 88 21 peeper,
2159 2787 45 22 and
2213 2788 52 20 rice.

1969 2820 79 21 Wines
2060 2817 44 21 and
2114 2817 97 23 Spirits,
2223 2815 22 20 of
2261 2813 116 21 wholesale
2387 2813 94 25 quality.

1969 2847 57 22 OiLS
2037 2844 45 21 and
2093 2843 65 21 Lamp
2169 2841 73 21 Wick.
2314 2864 113 10 „.,,.,
2489 2863 11 11 j

1969 2874 137 21 Hardware
2116 2869 46 22 and
2172 2869 116 24 Cutlery,
2299 2866 27 22 of
2336 2865 29 22 all
2374 2865 74 26 kinds,
2457 2865 46 20 and
2512 2870 12 15 o

1941 2900 100 26 superior
2051 2897 91 28 quality.

1967 2925 130 24 Thorndon,
2108 2923 54 27 July
2173 2923 19 25 8,
2206 2922 62 21 1840.

2039 2978 140 21 M33SR3.
2194 2975 139 22 HOPPER
2347 2974 21 20 &
2382 2973 50 21 CO.

1943 3014 91 50 BEG
2056 3016 22 17 to
2100 3017 118 16 announce
2238 3008 49 21 that
2310 3007 56 22 their
2385 3006 96 26 Factory
2498 3004 28 21 foi

2020 3038 90 25 Sm.th's
2120 3037 61 21 work
2192 3043 21 14 in
2223 3034 92 28 ge.ieral
2325 3035 18 20 is
2352 3039 49 15 now
2412 3039 65 21 open,
2493 3031 33 21 ad-

1940 3069 90 25 joining
2040 3067 57 20 their
2112 3065 70 25 Store,
2201 3067 54 16 next
2270 3061 37 22 the
2322 3060 73 21 native
2411 3058 53 27 Pah,
2484 3058 42 21 Bri-

1943 3095 85 26 tannia,
2048 3092 71 22 where
2135 3090 50 27 ship
2195 3089 44 21 and
2256 3089 52 20 boat
2317 3086 117 25 ironwork,
2451 3090 74 16 stoves

1943 3126 82 23 grates,
2042 3126 75 19 ovens,
2133 3118 48 25 &c,
2193 3123 36 14 are
2239 3114 66 23 made
2316 3113 43 22 and
2370 3113 103 27 repaired
2484 3113 42 20 witl

1945 3147 110 30 dispatch.

2224 3177 21 14 ai
2255 3176 32 19 so,

1913 3203 1 32 \
1974 3206 152 29 Engineering
2135 3203 46 23 and
2186 3202 148 28 Millwright's
2343 3201 58 23 work
2411 3199 115 23 conducte;

1946 3238 30 26 by
1988 3236 44 22 Mr.
2045 3233 29 22 H.
2088 3233 93 26 Boyton.

1974 3269 48 23 The
2030 3266 113 29 following
2148 3264 88 22 articles
2244 3271 52 19 may
2303 3263 28 22 be
2337 3262 43 22 had
2388 3265 23 18 at
2422 3260 36 22 the
2466 3260 60 21 abov<

1948 3297 70 26 Store,
2040 3301 23 14 or
2080 3297 23 17 at
2121 3292 57 21 their
2197 3292 63 20 Store
2280 3291 30 27 by
2329 3289 35 22 the
2384 3288 67 22 River
2472 3288 54 19 Hurt

1948 3320 118 25 wholesale
2077 3327 25 14 or
2115 3318 74 22 retail:
2191 3330 30 4 —
2222 3325 12 14 a
2247 3317 61 27 large
2319 3318 132 20 assortment
2462 3314 26 21 of
2498 3320 28 14 sai

1949 3355 94 17 canvass
2066 3346 44 22 and
2132 3345 66 27 duck,
2225 3344 108 25 blankets,
2359 3349 59 20 rugs,
2435 3340 91 22 flannels

1913 3373 4 14 2
1949 3377 52 21 blue
2016 3373 60 24 cloth
2090 3372 88 27 jackets
2192 3371 44 22 and
2252 3376 103 20 trousers,
2370 3368 111 27 superfine
2496 3367 30 20 do,

1913 3399 6 14 s
1949 3402 90 26 Tweed,
2060 3398 135 23 Wharncliff
2209 3397 45 22 and
2274 3397 52 22 cord
2345 3401 102 19 trousers,
2468 3397 58 23 gents

2035 3431 67 22 coats,
2118 3426 51 21 blue
2185 3424 55 29 pilot
2250 3427 67 23 coats,
2329 3421 93 23 worsted
2437 3420 45 21 and
2494 3424 32 17 cot

1951 3460 38 18 ton
2006 3453 64 24 socks
2089 3453 44 21 and
2149 3452 121 26 stockings,
2288 3450 97 28 superior
2402 3452 77 21 strong
2496 3453 28 14 an

1951 3483 57 27 light
2027 3487 72 17 mens
2118 3480 73 25 shoes,
2209 3478 60 28 i-lain
2286 3477 44 22 and
2347 3475 87 28 printed
2451 3475 75 20 calicos

1913 3516 2 4 •
1952 3509 84 27 striped
2046 3507 66 22 shirts
2123 3506 45 22 and
2180 3505 101 26 shirting.

1978 3536 68 22 Tools
2051 3533 45 22 and
2102 3533 93 26 cutlery,
2201 3532 56 27 pins,
2265 3529 96 25 needles,
2367 3528 121 25 fishhooks,
2495 3532 31 21 gui

1953 3564 67 24 flints,
2032 3560 96 28 powder,
2140 3559 46 22 and
2195 3566 13 14 a
2218 3562 84 22 variety
2314 3556 25 21 of
2345 3555 82 21 combi.

1913 3594 8 22 tl
1981 3586 241 26 Pi-ovisions.~Flour,
2231 3585 87 23 biscu.t,
2327 3582 49 26 rice,
2389 3587 86 18 raisins,
2492 3580 34 21 but

1913 3629 8 14 v
1954 3625 38 18 ter,
2001 3622 42 20 tea,
2049 3615 76 25 coffee,
2131 3619 73 20 sugar,
2211 3619 61 19 soap,
2279 3610 75 27 apices,
2361 3614 83 19 sauces,
2450 3607 76 27 p:cklei

1913 3648 8 21 d
1954 3645 69 24 hams,
2039 3646 101 22 tongues,
2152 3638 104 25 mustard,
2275 3636 41 22 salt
2325 3636 44 20 and
2378 3636 82 19 starch.
2491 3636 35 18 An

1915 3680 7 16 t
1954 3680 12 13 a
1977 3671 85 24 variety
2072 3668 26 21 of
2105 3666 88 22 articles
2204 3669 35 18 too
2250 3668 119 17 numerous
2378 3666 23 16 to
2412 3664 109 18 mention.

1913 3702 8 21 [1
1981 3697 56 27 July
2046 3697 19 24 3,
2079 3695 59 21 1840.

1913 3744 8 23 !'
1954 3747 184 24 TTTANTED,
2159 3754 14 14 a
2195 3745 95 22 number
2313 3743 26 22 of
2359 3742 167 21 Brick-makeri

1962 3762 49 37 YV
2052 3774 75 27 Apply
2137 3777 23 17 at
2171 3773 36 21 the
2378 3768 79 21 Office.

1913 3822 9 40 |
2118 3827 105 23 RIFLE
2244 3824 136 23 MATCH.

1913 3859 9 29 i-
1957 3864 92 30 rpHE
2063 3860 157 28 Undersigned
2233 3860 41 21 has
2288 3865 29 15 on
2330 3856 56 24 Sale,
2397 3859 25 19 at
2430 3855 34 23 his
2474 3855 52 22 Ston

1913 3903 8 20 
1964 3881 30 35 JL
2032 3891 63 23 three
2105 3895 54 21 very
2169 3887 99 27 superior
2284 3883 124 49 RIFLES.^
2424 3906 92 25 LYQNt
