2559 4039
107 1225 167 24 SHIPPING
295 1222 273 26 INTELLIGENCE.

263 1283 151 20 ARRIVED.

81 1323 54 29 July
150 1324 37 25 13,
201 1321 83 30 barque
422 1318 57 27 270,
489 1315 144 28 Newcombe,

52 1356 112 24 Chatham
179 1354 97 24 Islands.

84 1389 59 30 Brig
185 1387 64 30 Lady
375 1383 87 30 Cloudy
476 1383 57 30 Bay.

283 1445 120 20 SAILED.

85 1483 53 31 July
152 1484 37 26 13,
208 1481 49 31 ship
414 1478 121 27 Coombes,
549 1478 84 28 Cloudy

53 1517 48 30 Bay
113 1516 45 24 and
171 1515 89 31 Sydney
270 1523 6 19 ;
295 1513 54 23 beef
365 1511 43 24 and
419 1512 67 22 flour.

276 1572 35 19 IN
330 1570 85 21 PORT.

88 1611 80 23 Cutter

87 1644 92 30 Barque
394 1637 139 25 Kettlewell.

114 1677 48 24 Do.
354 1672 145 31 Wycherley.

114 1710 47 23 Do.
365 1705 102 24 Rhodes.

116 1743 49 23 Do.
332 1738 145 25 Newcombe.

90 1777 58 29 Brig
189 1775 66 29 Lady

91 1837 50 23 The
355 1832 53 23 sails
421 1832 46 23 this
479 1831 44 30 day
540 1831 34 22 for
593 1830 49 30 Bay

58 1871 26 23 of
104 1869 99 28 Islands,
293 1867 51 23 Col.
363 1864 130 25 Wakefield
511 1864 45 22 and
575 1864 66 29 Capt.

58 1903 113 24 Chaffers.

91 1937 140 29 Passengers
244 1935 22 22 in
278 1933 38 24 the
328 1933 51 30 ship
422 1931 69 31 Hope
500 1939 6 15 :
530 1942 35 4 —
566 1929 77 31 Major

57 1970 87 28 Baker,
158 1969 47 23 Mr.
218 1968 93 27 Minett,
323 1966 43 24 Dr.
382 1965 90 29 Dorsay
485 1963 44 23 and
540 1963 87 30 family.

92 2003 76 24 There
180 2009 45 16 was
238 2009 13 15 a
260 2000 75 23 vessel
347 2004 23 18 at
381 1999 38 23 the
431 1998 69 22 heads
513 1996 130 31 yesterday.

34 2077 9 2 -
53 2072 6 3 -
93 2063 52 23 The
292 2060 98 30 Captain
403 2058 82 27 Milne,
502 2056 109 32 proceeds
624 2060 19 18 to

61 2097 57 23 New
131 2094 100 24 Zealand
242 2095 22 21 in
278 2101 12 15 a
302 2092 43 23 few
358 2092 54 29 days
424 2090 55 22 with
488 2098 12 14 a
507 2094 63 25 great
579 2096 64 22 many

60 2135 145 26 passengers.
241 2125 49 24 The
304 2132 74 15 owner
396 2123 40 22 has
458 2121 81 32 spared
556 2129 30 15 no
606 2128 37 16 ex-

60 2169 70 24 pence
143 2169 24 15 or
180 2159 85 24 trouble
278 2160 23 21 in
314 2158 75 29 fitting
401 2156 45 23 this
466 2155 74 23 vessel
559 2162 39 23 up,
622 2161 21 15 so

60 2201 23 18 to
105 2194 68 23 make
194 2193 40 22 her
255 2191 87 30 worthy
356 2191 24 22 of
395 2190 75 22 notice
493 2189 31 30 by
547 2194 96 25 persons

60 2227 136 33 proceeding
208 2231 21 17 to
243 2225 47 23 that
309 2224 137 26 settlement,
467 2229 24 16 or
512 2221 102 30 desiring
626 2224 17 19 to

63 2260 55 25 send
130 2260 70 31 goods
213 2259 92 22 thither.
307 2270 33 4 —
342 2257 108 23 Sydney
464 2262 93 16 paper.

231 2321 252 20 THERMOMETER.

121 2358 66 22 Week
203 2357 82 27 ending
298 2357 89 25 Friday,
407 2357 54 25 July
479 2357 33 23 17,
528 2357 61 18 1840.

245 2654 114 19 LATEST
375 2653 108 20 DATES.

72 2686 98 25 London
388 2682 119 29 February
519 2683 40 26 23,
583 2681 63 22 1840

73 2720 93 31 Sydney
388 2716 58 23 June
460 2717 40 25 20,
516 2716 73 21 1840.

74 2753 92 24 Hobart
178 2752 70 23 Town
391 2749 57 30 May
462 2749 38 27 29,
517 2749 73 22 1840.

76 2790 86 1 New
190 2790 200 1 Zealand
419 2789 229 2 Gazette.

199 2871 129 24 Saturday,
344 2869 60 21 July
419 2870 33 24 18,
469 2869 61 19 1840.

228 2925 128 24 PUBLIC
375 2923 139 25 NOTICE.

112 2968 81 24 Notice
211 2967 20 22 is
248 2966 84 30 hereby
351 2965 73 30 given,
444 2964 49 23 that
512 2963 37 23 the
568 2962 54 31 plan
641 2970 12 14 o

78 3008 38 24 the
128 3008 72 23 Town
218 3007 25 22 in
254 3005 36 24 the
302 3005 137 31 Company's
457 3003 111 32 principal
586 3002 65 24 settle

76 3053 65 20 ment
152 3048 44 23 will
208 3047 27 23 be
250 3054 57 22 open
325 3050 22 18 to
366 3045 127 30 inspection
512 3051 29 15 on
561 3042 94 30 Monda;

78 3093 64 24 next,
154 3088 58 23 from
226 3089 29 22 10
267 3086 37 23 till
318 3087 13 22 3
344 3084 95 29 o'clock,
453 3088 23 19 at
489 3083 65 31 Capt.
569 3082 87 25 Smith';

78 3130 81 26 house,
179 3132 23 18 at
219 3125 131 28 Thorndou,
374 3124 44 24 and
443 3124 87 23 remain
556 3130 57 24 open
633 3122 24 23 til

81 3168 109 30 Monday,
205 3166 36 25 the
254 3165 57 26 27th
323 3165 62 28 inst.,
394 3164 66 23 when
472 3163 38 23 the
523 3163 143 30 registration

82 3208 25 24 of
122 3208 38 23 the
173 3207 86 22 choices
272 3205 45 23 and
328 3205 117 24 allotment
456 3203 25 24 of
495 3203 39 23 the
547 3208 59 19 town
617 3210 50 15 sec-

83 3250 60 23 tions
156 3247 45 23 will
212 3252 135 17 commence.

323 3284 38 23 W.
381 3282 220 28 WAKEFIELD,

84 3326 117 31 Principal
206 3325 76 30 Agent
289 3323 25 24 of
323 3323 38 24 the
368 3323 57 24 New
434 3323 101 23 Zealand
542 3323 125 30 Company.

121 3367 58 24 Port
190 3363 134 28 Nicholson,
337 3363 53 32 July
405 3365 36 26 15,
457 3365 73 22 184.0.

71 3436 7 7 *
120 3434 32 25 In
164 3440 41 17 our
214 3431 45 24 last
269 3430 96 24 number
377 3438 31 15 we
426 3429 91 32 printed
537 3437 28 16 an
586 3433 87 19 extract

86 3476 59 23 from
163 3473 40 24 the
221 3471 82 32 speech
326 3470 25 24 of
372 3470 38 23 the
431 3469 118 24 Governor
568 3469 26 23 of
617 3469 55 23 New

88 3515 75 25 South
175 3512 85 28 Wales,
274 3518 30 16 on
316 3510 37 24 the
373 3510 104 23 occasion
496 3509 25 23 of
540 3509 79 31 laying
633 3508 40 23 be-

86 3556 50 23 fore
156 3555 36 23 the
212 3551 139 32 Legislative
370 3549 96 24 Council
485 3557 12 15 a
516 3549 49 23 Bill
582 3548 35 23 for
637 3547 37 24 the

90 3596 135 25 Settlement
237 3592 24 24 of
276 3591 74 24 Titles
362 3590 23 23 in
398 3589 56 24 New
469 3588 108 24 Zealand.
615 3588 61 23 That

90 3634 82 34 speech
184 3635 20 22 is
215 3641 25 15 so
252 3633 130 29 important,
392 3636 27 16 on
432 3633 96 19 account
537 3628 26 22 of
571 3629 30 21 its
611 3628 64 22 bear-

90 3676 40 30 ing
142 3682 60 24 upon
213 3673 45 23 this
271 3670 96 31 Colony,
382 3668 42 24 and
437 3668 25 24 of
478 3668 38 22 the
527 3666 56 31 high
595 3667 81 22 station

91 3716 25 25 of
138 3715 40 24 the
196 3710 122 27 individual
337 3710 58 23 from
417 3708 75 22 whom
510 3708 18 22 it
546 3705 130 32 proceeded,

91 3756 51 24 that
153 3762 32 15 we
196 3752 44 24 feel
252 3749 124 33 compelled
393 3753 22 18 to
435 3748 79 22 devote
533 3753 61 17 some
614 3753 62 23 space

93 3801 21 20 to
126 3795 32 24 its
170 3791 159 26 examination.

125 3842 46 23 We
186 3847 54 24 pass
257 3845 52 16 over
327 3836 55 23 with
401 3844 13 15 a
430 3835 73 31 single
521 3833 92 24 remark
632 3833 44 24 that

92 3882 92 29 portion
194 3880 25 23 of
234 3878 37 24 the
283 3876 83 34 speech
377 3875 73 24 which
462 3875 42 23 has
522 3873 115 24 reference
657 3877 19 19 to

94 3923 66 25 those
182 3921 30 30 by
234 3918 75 25 whom
332 3917 46 23 this
408 3915 130 24 settlement
559 3913 43 24 has
625 3913 51 23 been

94 3960 108 29 founded,
221 3959 43 25 and
282 3958 50 23 who
351 3964 38 16 are
407 3960 40 19 not
466 3962 55 23 very
540 3952 136 29 courteously

661 152 115 33 esignated
789 152 31 29 by
833 150 47 24 His
892 148 139 30 Excellency
1043 155 24 15 as
1109 154 14 15 a
1132 145 63 24 band
1208 144 23 23 of

850 189 23 24 It
885 190 20 22 is
917 193 48 18 true
977 187 50 23 that
1038 194 33 15 we
1089 193 38 15 are
1146 184 83 23 adven-

661 240 65 17 lrers.
770 231 42 23 We
829 230 58 23 have
906 226 138 26 adventured
1061 229 107 29 property
1187 224 44 23 and

661 274 30 29 fe,
705 279 41 16 our
763 279 48 15 own
822 269 126 32 prosperity
961 267 44 23 and
1020 266 50 23 that
1082 265 24 24 of
1121 273 42 15 our
1175 264 56 23 chil-

662 320 46 20 ren,
728 313 24 21 in
773 318 28 16 an
818 308 154 30 undertaking
989 306 73 23 which
1083 313 47 15 was
1147 304 85 30 rightly

661 351 57 25 ailed
729 352 31 29 by
772 350 36 24 the
821 349 117 31 sagacious
948 347 78 23 Bacon
1032 345 85 24 heroic.
1154 344 25 23 If
1187 343 46 24 this

661 392 111 31 nterprise
782 391 28 23 be
821 388 132 28 successful,
965 395 26 15 as
1002 394 33 15 we
1052 386 57 30 hope
1130 385 44 22 and
1192 384 41 23 be-

661 435 45 22 ieve
717 432 46 23 will
773 432 28 22 be
813 430 39 23 the
864 437 59 20 case,
935 435 33 16 we
984 427 59 23 shall
1060 426 57 23 have
1135 424 100 23 realized

661 482 23 15 or
707 472 115 24 ourselves
850 468 175 32 independence,
1055 466 44 23 and
1126 464 109 32 probably

661 512 70 25 irealth
740 521 6 19 ;
766 512 41 22 but
819 515 23 19 at
853 510 38 23 the
904 516 60 16 same
976 508 55 23 time
1049 514 34 15 we
1102 505 59 24 shall
1179 505 57 23 have

664 551 123 26 übstituted
798 551 24 22 in
833 550 46 23 this
897 554 85 17 remote
1000 547 80 30 region
1099 545 137 23 civilization

662 602 24 14 or
703 591 133 27 barbarism,
865 588 149 30 Christianity
1031 586 35 23 for
1086 585 150 27 heathenism,

662 634 28 22 he
703 632 83 30 empire
799 630 24 23 of
838 630 42 23 law
891 628 35 23 for
933 627 147 32 prescriptive
1087 625 149 27 lawlessness,

661 674 29 22 he
703 675 46 20 arts
761 670 48 23 that
819 669 121 24 humanize
953 667 44 24 and
1015 666 38 23 the
1073 665 99 23 sciences
1191 663 48 24 that

661 714 78 22 jlevate
761 710 110 24 mankind
893 709 36 23 for
953 715 14 16 a
987 706 131 30 stagnating
1135 704 45 24 and
1195 705 43 22 im-

661 752 134 33 progressive
812 752 128 29 ignorance.
980 747 44 22 We
1044 745 57 24 shall
1118 745 59 23 have
1194 744 46 23 laid

661 794 32 23 ;he
705 792 131 23 foundation
848 790 25 23 of
888 798 14 15 a
914 788 137 29 community
1073 785 111 32 speaking
1203 785 37 23 the

666 841 101 23 anguage
793 831 43 24 and
860 830 107 31 enjoying
991 828 38 23 the
1055 827 141 22 institutions
1219 826 23 23 of

661 873 104 31 England
774 882 5 19 ;
800 871 57 24 shall
868 870 57 24 have
937 870 67 30 given
1015 872 40 26 yet
1073 866 87 23 further
1174 873 66 24 scope

661 922 18 17 to
692 914 37 24 the
742 912 174 30 all-embracing
928 916 124 17 commerce
1063 907 25 24 of
1102 915 40 15 our
1154 906 87 23 mother

661 959 91 25 country
763 963 5 19 ;
788 953 43 23 and
843 953 56 22 have
917 950 116 24 increased
1044 949 30 30 by
1085 947 103 33 peaceful
1200 946 41 23 and

661 994 123 25 beneficent
794 1000 77 16 means
884 991 38 23 the
934 989 122 24 territories
1065 988 24 23 of
1097 987 38 23 the
1144 986 98 30 English

661 1036 88 24 Crown.
786 1033 23 23 It
820 1040 46 15 was
876 1032 30 30 by
927 1030 55 24 such
1001 1029 147 23 adventurers
1168 1035 25 14 as
1212 1034 31 15 we

661 1084 36 16 are
709 1074 49 23 that
771 1072 107 31 England
897 1079 44 15 was
960 1069 76 24 raised
1054 1068 58 23 from
1132 1067 38 23 the
1186 1067 57 22 rank

661 1117 24 23 of
700 1123 13 15 a
725 1113 82 25 second
817 1117 48 19 rate
874 1119 74 24 power
960 1115 23 18 to
1001 1109 38 23 the
1057 1107 73 32 proud
1147 1107 97 31 position

661 1156 71 24 which
745 1155 39 23 she
796 1161 49 16 now
859 1153 102 30 occupies
982 1157 82 23 among
1083 1148 37 23 the
1138 1149 90 22 nations
1238 1156 5 20 ;

662 1196 44 25 and
717 1197 18 21 it
746 1196 20 22 is
784 1195 97 23 because
899 1192 38 24 the
956 1191 65 32 spirit
1041 1189 24 24 of
1087 1188 122 23 adventure
1227 1189 18 21 is
1258 1182 1 23 !

662 1242 39 20 not
712 1240 38 27 yet
763 1236 85 22 extinct
867 1241 24 15 m
910 1231 100 32 English
1027 1230 101 27 bosoms,
1148 1229 50 22 that
1215 1236 32 15 we

662 1285 51 23 may
723 1276 56 24 look
788 1276 54 23 with
855 1274 129 24 confidence
996 1277 21 19 to
1027 1272 42 23 her
1081 1270 112 30 retaining
1201 1269 47 23 that

662 1318 108 32 position.
805 1316 44 22 We
867 1323 37 15 are
924 1314 145 23 adventurers
1088 1311 23 22 in
1130 1309 39 24 the
1188 1317 60 15 same

663 1357 53 25 field
728 1356 53 23 with
790 1355 107 30 Raleigh,
909 1354 73 28 Perm,
994 1352 43 23 and
1048 1350 39 24 the
1094 1350 64 23 other
1166 1349 83 23 fathers

665 1399 24 23 of
704 1397 122 23 American
843 1394 158 24 colonization.
1039 1392 56 30 May
1107 1389 67 32 equal
1185 1397 64 23 pros-

664 1437 72 32 perity
749 1436 77 23 attend
838 1443 40 15 our
891 1434 129 23 adventure.

699 1487 47 23 But
756 1485 91 30 leaving
859 1484 45 23 this
917 1481 103 33 personal
1032 1484 89 25 matter,
1131 1479 39 24 the
1177 1480 75 30 points

666 1530 23 22 in
701 1527 37 23 the
751 1525 82 32 speech
843 1524 116 31 requiring
974 1521 85 32 special
1072 1521 75 23 notice
1161 1528 53 22 may
1226 1519 26 23 be

666 1567 97 26 reduced
768 1571 22 19 to
798 1571 52 18 two.
884 1568 43 24 Ist,
940 1564 49 23 that
1002 1563 39 22 the
1056 1562 86 23 natives
1157 1561 24 23 of
1198 1561 55 23 New

667 1607 101 26 Zealand
772 1608 55 22 have
833 1614 28 15 no
867 1604 62 32 right
935 1609 22 18 to
966 1603 41 24 sell
1013 1603 58 23 their
1075 1601 55 24 land
1135 1610 6 20 ;
1150 1601 43 23 and
1200 1601 52 28 2nd,

668 1650 48 23 that
733 1655 29 16 no
775 1654 82 24 person
867 1646 42 23 has
921 1653 13 14 a
949 1644 62 30 right
1022 1648 23 18 to
1064 1641 70 24 found
1150 1641 105 24 Colonies

670 1688 91 26 without
769 1687 36 24 the
812 1687 62 22 leave
887 1684 26 24 of
922 1684 36 23 the
968 1684 89 23 Crown.
1088 1681 72 31 Upon
1172 1680 54 24 each
1234 1681 24 23 of

669 1731 63 23 these
743 1728 75 31 points
829 1733 33 16 we
874 1726 57 22 have
942 1732 14 15 a
966 1724 43 23 few
1020 1722 74 24 words
1105 1726 23 19 to
1141 1721 64 23 offer.

702 1778 66 23 With
779 1777 81 31 regard
870 1780 23 19 to
906 1775 36 23 the
960 1775 50 22 first
1027 1773 72 31 point,
1120 1773 19 22 it
1157 1773 20 22 is
1197 1772 59 31 quite

671 1818 165 26 inconceivable
848 1824 61 24 upon
921 1815 61 23 what
993 1813 100 32 grounds
1112 1813 39 23 Sir
1167 1812 90 31 George

672 1860 73 30 Gipps
756 1858 42 23 has
810 1855 100 25 founded
920 1855 36 23 his
970 1855 92 23 dictum.
1099 1853 40 31 Up
1151 1857 23 19 to
1185 1860 13 15 a
1205 1860 52 23 very

671 1902 40 22 few
725 1899 55 30 days
792 1905 49 23 ago,
850 1897 38 22 the
899 1895 149 30 Sovereignty
1057 1893 24 24 of
1095 1893 65 23 these
1169 1892 90 24 Islands

672 1939 88 26 resided
773 1943 38 18 not
822 1938 24 22 in
858 1937 37 23 the
908 1935 100 31 English
1027 1935 89 28 Crown,
1134 1933 42 23 but
1187 1934 25 22 in
1224 1933 35 23 the

673 1981 73 24 native
759 1978 78 24 chiefs.
873 1977 52 23 The
943 1977 114 22 existence
1077 1974 24 24 of
1123 1974 47 23 this
1189 1973 70 23 Sove-

673 2022 90 28 reignty
773 2019 42 23 has
826 2018 57 23 been
895 2015 136 31 recognized
1044 2016 23 22 in
1079 2015 91 22 various
1183 2021 61 24 ways
1253 2022 6 19 ;

674 2061 44 24 and
730 2062 23 21 in
773 2067 58 16 none
848 2065 62 16 more
930 2055 159 32 emphatically
1107 2055 56 23 than
1181 2055 24 22 in
1225 2054 44 22 the.

676 2104 79 21 recent
762 2097 175 33 proclamations
944 2096 30 30 by
983 2095 37 23 Sir
1029 2094 91 30 George
1133 2093 75 31 Gipps
1219 2092 42 23 and

677 2140 98 30 Captain
796 2138 105 27 Hobson,
921 2137 44 23 and
988 2137 38 22 the
1048 2135 130 31 dispatches
1202 2141 60 24 upon

676 2179 73 25 which
761 2179 63 22 these
836 2177 174 32 proclamations
1017 2184 59 15 were
1083 2173 107 25 founded.
1218 2173 46 23 But

676 2227 23 18 to
711 2220 66 23 allow
794 2224 23 17 to
837 2218 63 23 these
921 2217 70 22 chiefs
1009 2216 38 23 the
1066 2215 60 31 right
1145 2214 25 23 of
1192 2214 71 23 Sove-

677 2261 97 30 reignty,
787 2259 45 24 and
849 2259 58 29 deny
925 2257 61 23 them
1005 2257 38 22 the
1062 2255 61 31 right
1144 2255 26 23 of
1184 2254 82 31 selling

678 2302 58 23 their
747 2300 53 23 land
810 2309 4 19 ;
835 2304 22 18 to
870 2299 118 30 recognize
1005 2297 62 22 them
1087 2304 22 15 as
1130 2294 136 31 sufficiently

679 2340 114 27 advanced
805 2340 34 23 for
852 2340 37 23 the
902 2339 99 23 exercise
1015 2337 25 23 of
1055 2337 37 22 the
1103 2335 83 31 higher
1198 2335 67 31 right,

679 2382 44 24 and
735 2386 24 19 at
771 2380 37 23 the
820 2387 63 16 same
895 2384 52 17 time
961 2382 22 19 to
996 2377 87 23 declare
1092 2376 62 23 them
1167 2380 36 18 too
1215 2375 50 23 bar-

679 2424 84 22 barous
775 2421 34 23 for
821 2420 38 23 the
872 2419 100 24 exercise
985 2418 24 23 of
1024 2417 38 23 the
1074 2417 68 23 lower
1152 2425 6 19 ;
1178 2420 23 19 to
1214 2424 54 15 con-

682 2462 52 24 cede
747 2466 23 19 to
782 2461 60 23 them
855 2460 38 23 the
904 2459 143 31 prerogative
1066 2457 24 23 of
1109 2457 99 29 framing
1226 2455 43 24 and

682 2502 172 29 administering
866 2500 62 28 laws,
941 2499 45 23 and
1002 2497 109 24 withhold
1131 2497 57 23 from
1209 2497 60 23 them

683 2544 49 24 that
743 2549 73 24 power
829 2540 24 24 of
869 2540 117 32 disposing
1005 2539 24 23 of
1039 2542 114 28 property,
1166 2537 74 23 which
1250 2539 20 21 is

683 2584 37 24 the
733 2589 103 16 common
847 2581 130 31 possession
993 2580 24 23 of
1033 2579 38 23 the
1090 2582 104 19 meanest
1213 2579 58 22 free-

683 2631 53 17 man
748 2623 24 22 in
784 2629 43 23 any
838 2622 85 23 known
935 2620 139 30 community
1084 2628 5 19 ;
1109 2620 20 21 is
1141 2627 14 14 a
1164 2619 107 31 proceed-

685 2673 24 15 so
721 2663 157 27 inconsistent,
897 2662 48 23 that
964 2669 33 15 we
1017 2669 42 15 can
1076 2660 81 30 hardly
1175 2660 97 31 imagine

687 2712 43 22 any
742 2702 131 28 individual,
887 2701 121 32 especially
1024 2701 38 24 Sir
1081 2700 91 31 George
1192 2700 81 32 Gipps,

687 2744 79 32 giving
778 2744 17 21 it
808 2742 37 23 the
858 2743 102 22 sanction
980 2741 25 23 of
1019 2741 36 23 his
1074 2740 122 31 authority.
1231 2740 43 23 We

688 2787 92 28 suspect
791 2782 49 24 that
850 2782 29 23 he
893 2782 42 23 has
953 2782 59 23 been
1029 2781 38 23 led
1085 2782 47 22 into
1151 2780 45 23 this
1215 2788 61 15 error

688 2826 29 28 by
731 2831 29 16 an
772 2822 153 31 unreasoning
937 2821 117 24 deference
1066 2820 33 24 for
1113 2820 38 23 the
1163 2820 113 32 supposed

690 2864 101 31 superior
810 2862 94 24 wisdom
928 2862 23 23 of
975 2862 37 23 the
1036 2861 105 24 Colonial
1161 2861 115 23 Minister.

692 2904 45 24 His
757 2911 48 16 own
824 2902 180 31 understanding
1022 2902 81 28 would,
1123 2901 112 29 however,
1254 2902 24 23 in

691 2945 45 24 this
748 2945 109 26 instance,
869 2942 58 23 have
938 2942 57 24 been
1014 2950 13 15 a
1046 2942 73 23 better
1137 2942 69 30 guide
1224 2941 53 24 than

692 2984 63 25 Lord
768 2983 133 30 Normanby
911 2992 6 19 ;
937 2982 44 23 and
993 2982 44 23 had
1055 2982 29 23 he
1096 2982 118 23 consulted
1226 2982 52 28 this,

692 3027 27 23 he
732 3024 74 23 would
817 3023 80 31 hardly
917 3023 57 23 have
993 3022 130 24 committed
1141 3022 95 24 himself
1257 3027 22 18 to

693 3074 24 16 so
730 3070 91 25 strange
834 3073 13 14 a
859 3064 100 23 doctrine
972 3071 24 16 as
1014 3063 49 24 that
1081 3062 74 25 which
1173 3071 34 15 we
1225 3063 55 23 have

693 3107 53 23 here
756 3104 125 24 described.

727 3153 115 29 Waiving,
859 3152 111 28 however,
989 3151 38 24 the
1047 3151 104 31 question
1170 3150 25 24 of
1211 3151 71 23 Sove-

695 3194 97 29 reignty,
805 3200 32 15 we
849 3196 93 19 venture
954 3196 23 19 to
989 3192 73 23 affirm
1074 3191 51 23 that
1135 3191 65 23 there
1216 3191 21 23 is
1253 3198 29 16 no

695 3233 60 31 legal
768 3240 24 15 or
805 3231 170 24 constitutional
986 3231 113 31 authority
1111 3231 36 23 for
1159 3231 38 23 the
1209 3238 76 16 asser-

697 3274 47 23 tion
764 3273 48 22 that
831 3273 87 22 natives
943 3271 178 23 circumstanced
1145 3278 25 16 as
1189 3278 38 16 are
1246 3270 38 24 the

699 3314 56 23 New
768 3312 145 28 Zealauders,
927 3311 55 24 have
994 3320 30 14 no
1045 3311 61 31 right
1125 3315 23 19 to
1168 3311 41 23 sell
1227 3311 58 23 their

698 3353 61 25 lar>d.
796 3352 30 23 In
839 3352 100 28 Canada,
951 3351 38 24 the
1002 3351 47 23 sole
1061 3351 62 30 right
1131 3351 25 23 of
1170 3351 116 31 acquiring

699 3393 54 24 land
763 3393 57 23 from
834 3392 38 23 the
885 3391 95 24 Indians
992 3391 41 23 has
1048 3391 56 23 been
1116 3391 80 23 vested
1207 3391 24 23 in
1248 3391 38 24 the

701 3434 83 24 Crown
794 3433 30 31 by
834 3440 29 15 an
876 3436 37 18 act.
925 3431 23 23 of
964 3431 38 23 the
1012 3431 124 31 provincial
1149 3430 137 31 legislature,

701 3482 24 15 as
737 3475 24 21 in
779 3473 36 23 the
835 3471 90 24 United
942 3471 77 23 States
1038 3471 18 23 it
1074 3471 20 23 is
1112 3471 78 23 vested
1208 3472 25 22 in
1250 3471 37 23 the

703 3513 156 23 Government
880 3511 31 31 by
933 3515 36 19 act
993 3511 24 23 of
1043 3511 122 30 Congress.
1207 3511 81 24 Before

702 3553 64 23 these
778 3556 55 24 acts,
852 3551 37 24 the
907 3551 62 30 right
987 3550 25 24 of
1027 3551 39 23 the
1085 3551 94 23 Indians
1198 3556 23 19 to
1240 3551 47 28 sell,

704 3593 44 23 and
758 3593 24 24 of
798 3592 87 24 British
898 3591 100 31 subjects
1014 3595 23 19 to
1048 3591 112 32 purchase
1171 3591 61 30 land,
1244 3599 46 16 was

705 3632 122 31 uniformly
845 3631 136 30 recognized
998 3630 139 31 throughout
1156 3639 67 24 every
1241 3636 49 27 part

706 3673 24 23 of
739 3672 38 24 the
789 3676 50 19 vast
851 3671 124 23 territories
993 3670 24 24 of
1034 3670 37 24 the
1090 3670 101 31 English
1211 3671 80 24 Crown

675 3723 3 10 i
706 3712 24 23 in
744 3711 75 25 North
838 3711 120 28 America;
974 3709 43 24 and
1029 3718 61 16 some
1109 3711 26 23 of
1152 3711 37 23 the
1208 3711 84 32 largest

675 3753 4 15 !
708 3755 82 19 estates
802 3751 24 23 in
836 3750 37 23 the
892 3750 88 24 United
1000 3750 76 23 States
1095 3750 44 24 and
1157 3751 24 23 in
1202 3751 91 24 Canada

709 3798 37 16 are
756 3798 50 15 now
816 3790 53 23 held
880 3790 71 22 under
965 3789 83 24 Indian
1060 3790 69 23 titles.
1166 3791 49 23 Nor
1228 3798 41 16 can
1281 3798 13 15 a

675 3836 6 19 t
709 3830 73 31 single
794 3831 101 22 instance
906 3830 29 23 be
946 3829 114 32 produced
1072 3830 72 23 where
1154 3830 39 24 the
1213 3831 80 23 Crown

675 3880 6 16 >
709 3871 42 23 has
764 3870 122 24 interfered
897 3874 23 19 to
932 3870 73 23 divest
1015 3878 14 15 a
1041 3870 89 31 subject
1141 3871 24 23 of
1174 3870 54 24 land
1243 3871 51 23 thus

675 3920 6 15 i
711 3910 113 31 acquired,
838 3910 77 24 unless
927 3911 22 22 in
963 3918 63 16 cases
1033 3910 74 24 where
1114 3910 39 24 the
1161 3911 135 31 acquisition

675 3960 10 21 \f
711 3950 42 23 has
763 3950 56 23 been
831 3950 64 23 made
908 3951 24 23 in
942 3950 90 28 breach,
1045 3955 41 19 not
1097 3950 25 23 of
1132 3958 12 15 a
1156 3950 103 31 dispatch
1271 3942 26 29 ol-

1255 151 14 15 a
1278 141 170 32 proclamation,
1461 140 41 23 but
1523 139 24 23 of
1563 147 14 14 a
1593 138 96 31 positive
1704 139 137 20 enactment.

1255 182 45 24 We
1311 189 38 15 are
1360 188 72 16 aware
1452 180 48 22 that
1518 179 30 30 by
1567 186 15 15 a
1600 178 76 22 fiction
1695 176 26 23 of
1742 173 100 32 English

1256 223 51 27 law,
1320 221 31 23 all
1365 220 52 24 land
1427 220 79 22 within
1520 219 38 23 the
1571 216 88 25 British
1677 214 128 25 dominions
1824 214 19 22 is

1259 261 113 32 supposed
1379 265 22 18 to
1408 260 30 23 be
1443 259 76 23 vested
1527 259 24 22 in
1558 258 39 22 the
1605 255 99 31 English
1711 254 132 30 Sovereign,

1258 303 42 23 but
1307 301 53 30 only
1368 308 25 16 as
1399 300 51 23 lord
1457 307 24 16 or
1488 299 52 30 lady
1547 301 135 28 paramount
1690 305 6 19 ;
1709 303 43 15 nor
1760 302 40 15 can
1807 293 38 24 the

1262 342 82 23 Crown
1356 348 29 16 on
1396 340 46 23 this
1454 338 88 32 ground
1553 336 107 25 interfere
1669 336 23 22 in
1700 342 44 22 any
1751 341 94 16 manner

1261 381 55 24 with
1327 381 39 23 the
1377 381 87 31 private
1475 379 73 31 rights
1560 378 26 23 of
1603 386 12 15 a
1627 376 72 31 single
1712 374 132 24 individual.

1263 422 29 23 In
1303 421 47 23 fact
1361 421 38 23 the
1411 420 62 31 right
1492 420 24 22 of
1532 419 38 22 the
1591 418 56 23 New
1668 415 137 24 Zealanders
1824 419 22 18 to

1263 461 41 24 sell
1323 461 59 23 their
1398 460 55 23 land
1470 464 23 18 to
1516 458 153 23 whomsoever
1691 455 54 31 they
1763 454 83 32 please,

1262 501 101 24 whether
1375 501 88 23 British
1474 500 87 31 subject
1574 506 24 15 or
1610 498 120 30 foreigner,
1743 496 71 23 exists
1826 500 23 18 at

1264 542 38 24 the
1313 546 93 27 present
1417 544 107 24 moment,
1542 538 46 24 and
1604 539 18 22 it
1638 537 45 23 will
1702 536 105 23 continue
1826 540 23 18 to

1265 582 66 27 exist,
1344 581 58 23 until
1414 585 41 26 put
1466 587 29 15 an
1507 579 42 23 end
1560 583 24 18 to
1596 578 30 31 by
1643 584 28 16 an
1690 580 37 19 act
1744 575 72 24 either
1829 574 24 23 of

1266 622 36 23 the
1325 621 104 31 imperial
1455 620 136 31 parliament
1621 625 24 15 or
1668 616 36 23 the
1728 615 123 31 provincial

1266 661 130 31 legislature
1417 660 26 23 of
1463 660 55 23 New
1539 657 75 25 South
1630 656 87 23 Wales.
1755 655 29 23 la
1807 655 45 22 this

1266 705 95 27 respect,
1377 700 38 23 the
1433 699 175 32 proclamations
1626 696 73 24 which
1720 695 56 24 have
1795 695 57 22 been

1268 741 76 24 issued
1367 748 36 16 are
1433 740 124 31 altogether
1585 742 126 26 nugatory;
1743 735 45 24 and
1816 735 37 22 the

1268 782 104 29 Marquis
1392 780 25 23 of
1439 780 140 29 Normanby,
1602 778 28 30 by
1651 777 74 23 whom
1743 776 38 23 the
1800 783 53 23 pro-

1268 822 132 22 clamations
1418 828 57 16 were
1504 819 106 27 directed,
1636 822 61 19 must
1714 817 57 22 have
1796 816 58 22 been

1268 862 114 30 strangely
1395 860 154 24 misinformed
1561 860 26 22 of
1602 859 38 23 the
1654 858 41 23 law
1707 857 25 23 of
1747 855 109 31 England

1269 910 61 20 upon
1341 902 47 22 this
1399 901 96 29 subject.

1303 958 71 31 Upon
1387 957 37 23 the
1436 955 83 25 second
1530 956 65 31 point
1606 954 25 24 of
1642 954 46 23 His
1695 952 161 30 Excellency's

1271 998 83 32 speech
1367 999 17 22 it
1395 998 20 22 is
1438 997 45 23 less
1503 997 123 30 important
1649 994 48 24 that
1720 1001 33 15 we
1775 991 82 24 should

1271 1038 99 25 remark.
1398 1037 110 23 Whether
1521 1044 24 16 or
1556 1041 42 18 not
1620 1043 13 15 a
1655 1034 60 24 band
1727 1034 25 22 of
1772 1033 85 23 adven-

1271 1086 75 17 turers
1368 1079 57 23 have
1447 1086 14 16 a
1478 1077 61 32 right
1558 1082 23 18 to
1601 1076 58 24 form
1678 1075 107 23 Colonies
1805 1074 21 22 is
1845 1081 14 15 a

1273 1121 104 29 question
1389 1119 22 23 of
1422 1126 54 23 very
1494 1117 57 24 little
1570 1117 139 31 importance
1716 1124 7 20 ;
1742 1115 42 23 but
1802 1115 19 21 it
1839 1115 19 21 is

1274 1161 25 22 of
1307 1161 140 29 importance
1459 1163 21 19 to
1497 1158 73 23 notice
1584 1157 48 23 that
1652 1155 86 24 British
1751 1154 107 31 subjects,

1274 1200 94 23 without
1380 1207 42 23 any
1436 1199 105 23 violation
1553 1197 26 23 of
1586 1197 59 23 their
1664 1196 131 29 allegiance,
1808 1202 51 21 may

1275 1241 91 31 acquire
1388 1240 66 23 lands
1492 1240 24 22 in
1537 1237 89 31 foreign
1650 1236 128 27 countries;
1808 1243 53 22 may

1276 1280 109 25 establish
1397 1279 135 24 themselves
1544 1278 64 24 there
1615 1287 6 19 ;
1641 1284 51 23 may
1711 1276 54 22 take
1782 1283 14 15 a
1811 1279 51 26 part

1276 1323 23 21 in
1311 1320 96 31 making
1419 1320 43 23 and
1475 1319 174 28 administering
1657 1317 36 23 the
1700 1316 56 22 laws
1769 1315 24 23 of
1798 1315 65 23 those

1278 1362 113 23 countries
1400 1370 6 19 ;
1428 1359 44 24 and
1491 1367 53 23 may
1565 1358 101 23 exercise
1689 1363 43 23 any
1756 1356 63 29 right
1842 1354 24 24 of

1279 1401 133 30 citizenship
1424 1399 73 23 which
1506 1399 37 23 the
1555 1397 73 24 rulers
1638 1397 24 23 of
1667 1396 37 23 the
1713 1396 64 22 State
1785 1394 78 23 within
1874 1408 9 12 

1278 1441 73 23 which
1364 1441 53 30 they
1428 1440 57 23 have
1498 1438 81 24 settled
1599 1444 51 23 may
1663 1436 63 23 deem
1739 1436 17 22 it
1768 1435 98 31 prudent

1280 1486 22 19 to
1314 1481 75 23 award
1401 1486 23 18 to
1437 1481 69 22 them.
1542 1479 37 23 To
1598 1483 35 18 set
1651 1485 30 23 up
1701 1476 38 23 the
1757 1483 67 15 name
1843 1474 25 24 of

1281 1521 37 23 the
1342 1521 82 25 Queen
1449 1528 24 15 as
1491 1519 38 23 the
1547 1518 133 24 foundation
1699 1516 25 23 of
1741 1516 58 22 their
1819 1519 47 18 acts

1280 1561 74 31 might
1360 1562 29 22 be
1400 1566 23 18 to
1431 1559 141 25 treasonable
1579 1568 6 19 ;
1598 1563 30 19 -to
1641 1562 35 18 act
1687 1557 72 23 under
1776 1556 37 22 the
1826 1563 41 15 au-

1282 1602 84 30 thority
1378 1601 24 23 of
1410 1601 49 23 that
1476 1606 66 17 name
1560 1598 97 24 without
1675 1597 52 23 Her
1745 1596 123 31 Majesty's

1283 1643 144 22 commission
1440 1640 73 24 would
1525 1647 84 24 expose
1621 1639 38 23 the
1670 1639 86 30 parties
1775 1646 25 14 so
1821 1641 47 19 act-

1283 1684 38 30 ing
1334 1687 22 18 to
1370 1682 51 23 civil
1433 1690 25 14 or
1470 1680 102 24 criminal
1584 1679 148 32 proceedings
1751 1679 24 22 in
1793 1677 80 23 behalf

1284 1723 24 23 of
1318 1723 37 23 the
1368 1730 83 24 person
1463 1720 119 32 aggrieved
1591 1729 5 19 ;
1616 1719 41 23 but
1669 1723 22 19 to
1711 1718 86 23 submit
1815 1719 24 21 in
1858 1725 13 15 a

1284 1764 88 31 foreign
1385 1768 94 25 country
1491 1769 23 16 to
1525 1761 38 24 the
1574 1761 55 23 laws
1642 1761 22 23 in
1675 1759 62 24 force
1746 1768 6 19 ;
1773 1763 22 19 to
1804 1758 37 24 aid
1848 1759 23 22 in

1285 1804 128 32 improving
1424 1811 25 15 or
1461 1803 22 22 in
1492 1802 122 29 executing
1621 1801 64 23 those
1693 1800 64 28 laws,
1767 1800 18 22 is
1796 1806 30 16 an
1836 1803 37 19 act

1286 1850 22 18 to
1320 1844 74 23 which
1405 1852 30 15 no
1454 1843 42 24 law
1514 1843 41 22 has
1575 1841 83 24 affixed
1676 1849 14 15 a
1707 1841 101 31 penalty,
1829 1840 45 24 and

1287 1885 73 23 which
1372 1892 67 22 every
1449 1883 88 24 British
1549 1882 90 31 subject
1649 1881 41 23 has
1701 1889 13 15 a
1726 1880 43 24 full
1781 1880 62 31 right
1850 1885 23 19 to

1286 1925 109 32 perform.
1431 1924 37 23 No
1481 1923 87 24 British
1579 1921 89 31 subject
1680 1929 41 15 can
1733 1921 73 23 divest
1813 1921 62 23 him-

1288 1966 45 23 self
1349 1966 25 23 of
1390 1965 36 23 his
1444 1965 123 30 allegiance
1579 1968 24 18 to
1621 1963 36 22 the
1676 1962 89 23 British
1783 1962 91 27 Crown,

1287 2006 43 23 but
1338 2005 39 23 the
1390 2010 128 25 temporary
1531 2003 138 22 submission
1681 2006 22 19 to
1723 2002 38 22 the
1778 2001 56 23 laws
1854 2001 24 23 of

1278 2057 3 2 ■
1288 2046 39 23 the
1340 2046 72 27 State,
1424 2044 78 23 within
1515 2042 74 23 which
1602 2042 34 23 for
1654 2041 38 23 the
1703 2042 55 22 time
1776 2040 29 23 he
1823 2048 53 23 may

1290 2085 27 22 be
1330 2092 13 15 a
1362 2083 107 28 resident,
1485 2083 21 22 is
1530 2083 61 29 quite
1615 2081 124 22 consistent
1762 2079 54 22 with
1839 2079 37 22 the
1876 2081 14 15 l-

1290 2125 88 22 firmest
1390 2123 44 23 and
1446 2126 59 19 most
1524 2121 61 31 loyal
1609 2120 154 32 preservation
1786 2118 25 24 of
1833 2119 44 22 this

1292 2165 130 29 allegiance.
1461 2163 22 22 It
1495 2161 74 24 would
1581 2161 81 23 indeed
1673 2161 28 22 be
1713 2168 14 14 a
1738 2159 67 23 novel
1824 2159 54 23 doc-

1292 2206 62 21 trine'
1367 2204 73 23 which
1465 2202 81 24 should
1567 2209 70 24 prove
1661 2201 34 23 the
1718 2199 116 24 hundreds
1857 2199 25 23 of

1293 2244 124 24 thousands
1430 2244 25 23 of
1464 2242 87 25 British
1563 2242 101 30 subjects
1676 2240 83 24 settled
1769 2239 111 31 through-

1294 2290 39 19 out
1351 2285 38 23 the
1414 2284 87 23 United
1523 2283 85 28 States,
1630 2282 79 23 within
1735 2281 72 23 which
1828 2280 52 30 they

1295 2327 100 22 exercise
1407 2333 25 16 so
1444 2332 67 23 many
1520 2330 90 17 various
1617 2323 122 26 functions,
1748 2322 25 22 of
1778 2329 14 15 a
1798 2321 83 23 breach

1295 2366 25 23 of
1334 2366 125 30 allegiance
1481 2365 35 22 for
1537 2363 76 23 which
1633 2370 29 16 on
1685 2363 58 22 their
1763 2367 78 17 return
1859 2366 23 18 to

1296 2405 108 32 England
1416 2405 53 30 they
1476 2403 74 24 would
1557 2404 29 23 be
1598 2402 67 24 liable
1677 2406 23 20 to
1719 2402 161 31 punishment;

1297 2447 43 24 and
1351 2446 113 23 whatever
1475 2445 38 23 the
1522 2449 94 25 country
1623 2444 24 23 in
1654 2443 72 23 which
1735 2451 28 15 an
1771 2443 112 31 English-

1297 2496 53 15 man
1363 2495 25 16 or
1400 2495 14 14 a
1430 2486 60 30 body
1508 2485 25 23 of
1553 2484 153 30 Englishmen
1729 2492 52 22 may
1803 2483 80 28 reside,

1299 2528 98 25 whether
1409 2528 38 23 the
1459 2531 59 19 most
1530 2525 103 24 civilized
1646 2529 93 26 country
1751 2525 25 22 in
1782 2524 102 31 Europe,

1300 2578 23 15 or
1335 2569 39 23 the
1386 2572 61 19 most
1461 2567 124 23 barbarous
1605 2572 82 23 among
1709 2565 38 22 the
1771 2564 114 23 countless

1302 2608 124 25 thousands
1440 2607 24 23 of
1475 2607 53 22 isles
1541 2606 50 23 that
1609 2605 100 31 sprinkle
1730 2605 38 22 the
1786 2612 101 23 expanse

1301 2650 24 23 of
1335 2649 38 24 the
1386 2648 95 27 Pacific,
1495 2647 28 22 he
1536 2647 19 22 is
1576 2645 90 31 equally
1683 2645 79 23 bound
1779 2649 23 18 to
1822 2645 64 29 obey,

1302 2690 45 24 and
1355 2688 104 33 justified
1471 2689 23 22 in
1507 2687 109 29 assisting
1628 2690 22 19 to
1662 2690 94 18 execute
1779 2685 40 23 the
1834 2685 55 22 laws

1303 2730 73 24 which
1388 2730 28 23 he
1428 2728 59 23 finds
1499 2728 25 23 in
1533 2727 62 23 force
1607 2726 70 23 there.

1337 2782 31 24 In
1384 2780 64 24 these
1466 2779 104 24 remarks
1588 2786 33 15 we
1640 2777 55 23 have
1715 2776 103 24 confined
1838 2784 52 16 our-

1304 2822 73 24 selves
1390 2826 23 18 to
1424 2828 29 16 an
1471 2819 127 32 exposition
1612 2818 24 23 of
1650 2817 60 24 what
1722 2825 95 23 appears
1831 2821 21 19 to
1864 2824 28 16 us

1305 2868 22 19 to
1338 2863 29 23 be
1379 2862 38 23 the
1428 2861 43 23 law
1483 2861 25 22 of
1524 2859 37 24 the
1575 2866 58 21 case,
1643 2866 25 15 as
1680 2857 125 33 applicable
1819 2862 23 18 to
1854 2857 40 23 the

1306 2909 43 18 two
1363 2903 61 23 main
1443 2902 75 31 points
1537 2901 25 23 of
1584 2900 45 23 this
1649 2899 89 31 speech.
1774 2897 121 31 Although

1307 2944 37 24 the
1369 2950 79 17 course
1476 2940 173 25 recommended
1674 2941 30 29 by
1734 2939 38 24 the
1796 2939 100 31 English

1308 2985 158 23 Government
1477 2984 19 22 is
1508 2982 98 32 perhaps
1617 2981 37 23 the
1666 2985 59 19 most
1732 2979 165 33 objectionable

1308 3025 49 23 that
1368 3024 70 26 .could
1455 3023 57 24 have
1531 3022 57 23 been
1608 3021 94 29 desired,
1723 3021 39 23 the
1780 3021 45 22 end
1843 3028 56 15 con-

1308 3064 123 32 templated
1443 3065 19 22 is
1479 3071 42 16 one
1538 3063 50 24 that
1599 3067 71 19 meets
1682 3070 41 15 our
1734 3065 106 20 warmest
1858 3068 41 24 ap-

1308 3105 87 32 proval.
1431 3104 25 23 It
1467 3104 18 23 is
1498 3108 59 19 most
1569 3102 121 32 expedient
1701 3102 50 23 that
1762 3109 62 16 some
1836 3108 52 16 mea

1309 3153 65 16 sures
1388 3143 81 24 should
1479 3144 29 23 be
1520 3142 71 24 taken
1602 3146 22 19 to
1636 3141 72 24 check
1719 3141 39 24 the
1766 3141 135 31 acquisition

1310 3186 25 23 of
1350 3185 63 30 large
1426 3188 69 19 tracts
1508 3182 24 23 of
1547 3182 56 23 land
1614 3182 30 30 by
1656 3182 87 30 private
1756 3180 145 28 individuals,

1311 3225 45 24 and
1375 3230 23 18 to
1417 3223 81 24 render
1523 3221 110 25 available
1652 3221 36 23 for
1706 3221 38 22 the
1763 3227 98 24 purpose
1880 3219 26 23 of

1312 3265 136 31 emigration
1473 3263 44 24 and
1535 3262 131 24 settlement
1683 3261 39 23 the
1741 3264 69 19 tracts
1831 3259 73 24 which

1312 3307 59 23 have
1381 3306 59 22 been
1452 3303 90 31 already
1554 3302 115 31 acquired.
1706 3301 50 24 Nor
1768 3301 19 22 is
1800 3300 63 23 there
1876 3308 28 15 an

1314 3353 75 17 owner
1406 3344 25 24 of
1446 3343 53 24 laud
1518 3351 24 15 or
1561 3342 112 30 emigrant
1692 3341 23 23 in
1734 3341 46 22 this
1800 3344 103 27 country,

1313 3388 42 23 but
1367 3391 62 18 must
1440 3384 28 24 be
1480 3392 14 15 a
1504 3384 80 30 gainer
1602 3382 29 30 by
1644 3389 44 23 any
1699 3388 117 16 measures
1830 3380 75 23 calcu-

1314 3426 61 26 lated
1395 3430 22 19 to
1436 3424 98 32 produce
1557 3422 65 24 these
1640 3421 91 24 results.
1776 3421 129 31 Although,

1316 3466 120 28 therefore,
1448 3473 32 14 we
1494 3464 86 23 dissent
1593 3462 95 30 entirely
1699 3461 59 24 from
1769 3462 38 23 Sir
1816 3461 90 32 George

1318 3507 82 31 Gipp's
1419 3504 127 30 reasoning,
1548 3516 33 4 —
1584 3502 86 31 though
1689 3509 32 16 we
1744 3502 104 23 consider
1871 3502 36 24 his

1316 3548 58 23 facts
1393 3554 25 15 as
1438 3551 120 18 erroneous
1577 3551 26 15 or
1622 3542 158 31 inapplicable,
1804 3542 45 23 and
1872 3542 36 24 his

1318 3588 43 23 law
1377 3594 24 16 as
1421 3584 111 28 unsound,
1534 3596 33 4 —
1568 3591 41 20 we,
1627 3582 162 28 nevertheless,
1810 3590 98 24 approve

1320 3628 24 24 of
1360 3627 38 24 the
1410 3626 75 31 object
1497 3630 21 19 to
1534 3624 74 23 which
1626 3624 36 23 his
1680 3628 94 27 present
1791 3631 117 16 measures

1320 3668 75 23 would
1406 3674 62 16 seem
1480 3670 22 19 to
1514 3665 27 25 be
1553 3663 108 25 directed.
1697 3663 52 24 The
1761 3663 60 31 legal
1833 3664 76 31 objec-

1320 3709 61 23 tions
1393 3711 22 20 to
1428 3707 38 23 the
1478 3706 146 23 constitution
1639 3704 24 24 of
1678 3704 37 23 the
1729 3705 146 22 commission
1887 3708 22 20 to

1321 3749 28 23 be
1361 3746 97 29 created,
1471 3746 52 28 will,
1541 3746 24 23 in
1584 3744 31 24 all
1632 3744 144 32 probability,
1795 3744 29 23 be
1840 3744 70 24 bene-

1321 3788 68 28 ficial,
1400 3788 31 29 by
1445 3785 135 32 compelling
1593 3784 62 24 them
1668 3789 22 18 to
1702 3789 36 18 act
1749 3785 24 23 in
1785 3792 14 15 a
1810 3785 67 31 spirit
1889 3784 25 23 of

1321 3827 113 30 liberality
1448 3826 42 24 and
1502 3826 105 28 fairness,
1619 3825 24 23 in
1652 3824 63 25 order
1723 3824 49 24 that
1779 3832 29 15 no
1819 3832 92 15 reason-

1323 3868 50 24 able
1386 3866 174 25 dissatisfaction
1574 3866 54 23 with
1641 3865 56 24 their
1704 3865 150 32 proceedings
1861 3872 52 22 may

1323 3908 81 24 induce
1415 3908 38 23 the
1464 3908 84 31 parties
1560 3906 116 31 subjected
1693 3899 220 40 tolheirjiutliority

1325 3952 23 18 to
1366 3948 104 29 question
1488 3947 37 22 the
1543 3946 133 23 foundation
1695 3946 24 22 of
1741 3945 59 22 their
1817 3951 96 23 powers.

1871 134 44 23 We
1927 138 81 26 expect
2020 138 23 18 to
2055 132 46 23 find
2113 132 46 23 this
2175 132 145 23 commission
2339 139 25 15 as
2379 130 81 24 liberal

1873 174 23 23 in
1906 174 99 31 practice
2017 180 25 15 as
2054 173 19 22 it
2083 173 20 21 is
2122 171 111 30 arbitrary
2252 171 25 22 in
2296 171 148 23 constitution
2451 178 7 20 ;

1873 214 44 23 and
1928 221 32 15 we
1971 213 58 22 have
2042 216 23 19 at
2075 211 59 24 least
2145 211 39 23 the
2197 211 139 23 consolation
2344 211 25 23 of
2379 211 81 22 know-

1874 255 45 29 ing,
1932 253 49 23 that
1992 252 20 23 if
2028 251 158 31 disappointed
2199 252 23 22 in
2241 251 46 23 this
2306 250 154 31 anticipation,

1875 301 42 23 any
1930 300 41 15 one
1984 291 120 31 aggrieved
2118 291 32 30 by
2169 290 59 23 their
2246 289 108 29 decision,
2373 289 42 24 has
2434 296 29 16 an

1875 341 53 22 easy
1939 332 45 23 and
1997 332 85 22 certain
2092 330 93 31 remedy
2197 330 29 30 by
2238 337 30 15 an
2285 329 80 32 appeal
2383 334 22 18 to
2424 329 39 23 the

1876 372 99 31 English
1988 372 92 23 Courts.

1909 412 43 23 We
1972 412 94 23 observe
2083 410 50 24 that
2155 410 24 22 in
2198 409 94 23 another
2310 413 51 27 part
2379 409 26 23 of
2427 409 38 23 Sir

1878 453 90 30 George
1981 451 95 31 Gipps's
2087 450 90 31 speech,
2190 449 74 23 which
2276 457 44 15 was
2332 453 40 19 not
2384 448 84 31 quoted

1878 494 23 21 in
1920 500 41 15 our
1979 492 45 23 last
2043 490 102 28 number,
2164 489 29 23 he
2212 497 53 22 says
2275 498 5 14 :
2282 501 33 4 —
2341 488 50 24 The
2406 493 60 19 esta-

1878 533 122 22 blishment
2014 531 24 23 of
2056 530 50 24 Her
2118 529 124 31 Majesty's
2254 528 113 31 authority
2386 529 25 22 in
2430 528 38 23 the

1880 572 90 23 Islands
1984 571 24 23 of
2024 571 60 23 New
2097 569 102 24 Zealand
2210 569 20 23 is
2250 577 14 15 a
2284 573 81 19 matter
2384 569 26 22 of
2431 568 38 23 the

1880 613 91 30 highest
1983 613 138 29 importance
2134 615 22 18 to
2169 609 89 23 British
2271 609 105 23 interests
2389 609 23 23 in
2424 609 46 23 this

1880 657 51 26 part
1943 652 25 23 of
1984 652 37 23 the
2034 651 74 31 globe,
2122 649 44 24 and
2179 649 12 23 I
2209 656 36 16 am
2265 648 111 24 therefore
2395 648 75 32 happy

1882 698 22 17 to
1916 692 55 23 offer
1983 700 45 22 you
2042 700 28 15 on
2083 692 17 22 it
2112 699 38 22 my
2162 690 80 30 hearty

1884 733 22 23 It
1917 732 74 23 would
2003 740 70 20 seem,
2085 731 120 28 therefore,
2223 729 50 23 that
2284 729 37 23 the
2333 729 140 23 inhabitants

1883 773 25 23 of
1923 773 45 22 this
1981 773 95 28 district,
2090 771 58 29 who,
2160 771 31 30 by
2203 770 39 23 the
2254 769 127 24 confession
2395 769 26 23 of
2436 769 37 23 Sir

1884 813 98 30 George,
1995 813 57 22 have
2067 811 76 24 forced
2154 811 38 23 the
2205 810 100 31 English
2318 809 157 23 Government

1884 858 22 18 to
1916 853 109 23 establish
2038 853 37 22 the
2087 852 113 29 authority
2210 851 25 23 of
2250 851 39 22 the
2297 850 86 23 British
2393 850 83 23 Crown

1885 895 24 21 in
1923 893 64 23 these
2000 892 99 28 Islands,
2111 892 58 22 have
2189 891 23 23 in
2230 891 81 29 reality
2329 889 118 24 conferred
2463 898 14 14 a

1885 936 64 27 great
1968 931 45 24 and
2031 930 136 24 substantial
2192 929 86 23 benefit
2299 936 63 24 upon
2387 928 88 24 British

1885 973 115 23 interests.
2038 971 57 23 This
2108 971 20 22 is
2141 970 38 23 the
2191 973 78 28 aspect
2278 969 72 23 under
2361 968 75 23 which
2443 976 32 16 we

1885 1013 58 23 have
1959 1013 84 29 always
2061 1011 109 31 regarded
2190 1018 40 16 our
2248 1009 149 32 proceedings
2406 1018 6 19 ;
2433 1008 44 24 and

1887 1053 33 23 for
1933 1053 37 23 the
1983 1053 72 23 honor
2068 1052 22 23 of
2107 1051 38 23 the
2153 1049 101 32 English
2263 1050 90 28 Crown,
2361 1056 34 16 we
2403 1053 75 26 regret

1887 1094 49 23 that
1948 1094 38 23 Sir
1999 1093 90 31 George
2101 1091 84 25 should
2202 1091 57 23 have
2271 1091 57 23 been
2341 1089 137 31 sufficiently

1888 1133 131 24 ill-advised
2031 1138 22 18 to
2066 1133 63 31 place
2141 1140 62 23 upon
2222 1131 80 23 record
2313 1131 38 23 the
2363 1130 54 29 fact,
2430 1129 50 24 that

1889 1183 14 14 a
1914 1179 49 26 step
1975 1182 25 14 so
2013 1175 123 29 important
2148 1172 45 23 and
2212 1171 168 30 advantageous
2400 1175 23 18 to
2442 1169 38 24 the

1890 1215 105 21 interests
2005 1213 26 23 of
2046 1212 37 23 the
2096 1213 93 30 empire,
2208 1211 42 23 has
2262 1211 57 23 been
2331 1210 78 23 forced
2420 1217 61 24 upon

1891 1255 37 22 the
1944 1253 163 23 Government.

1926 1321 38 24 On
1976 1321 38 23 the
2029 1321 57 24 16th
2098 1321 67 27 June,
2180 1319 38 23 the
2232 1319 88 31 Bishop
2329 1318 25 24 of
2364 1318 118 23 Australia

1892 1364 120 32 presented
2024 1373 14 14 a
2049 1364 95 31 petition
2156 1368 23 17 to
2191 1363 39 22 the
2244 1361 104 29 Council,
2361 1361 58 23 from
2433 1361 48 23 Mr.

1889 1406 92 30 tßusby,
1994 1405 38 23 the
2045 1405 43 22 late
2101 1403 89 24 British
2203 1402 112 23 Resident
2327 1406 23 19 at
2358 1401 58 24 New
2425 1401 58 23 Zea-

1894 1449 59 28 land,
1967 1453 23 19 to
2001 1449 29 22 be
2043 1447 70 24 heard
2125 1448 24 21 in
2161 1446 129 31 opposition
2305 1450 22 18 to
2340 1444 38 23 the
2390 1444 42 23 bill
2443 1444 38 23 be-

1894 1490 47 23 fore
1954 1490 37 22 the
2004 1488 97 24 Council
2112 1491 24 19 to
2149 1486 80 24 enable
2242 1486 38 23 the
2294 1485 157 23 Government
2463 1489 22 19 to

1896 1533 92 31 appoint
2000 1531 191 24 Commissioners
2203 1533 22 19 to
2235 1528 123 23 determine
2367 1535 28 15 on
2406 1532 79 26 grants

1897 1573 24 24 of
1930 1573 61 28 land,
2005 1580 25 15 as
2042 1571 38 23 the
2090 1571 124 30 petitioner
2226 1568 98 31 thought
2336 1569 17 21 it
2365 1567 75 23 would
2450 1568 37 22 in-

1898 1613 80 23 terfere
1986 1611 55 23 with
2052 1611 35 23 his
2099 1611 89 30 private
2200 1610 103 21 interest.
2334 1608 50 23 The
2398 1608 90 23 Gover-

1898 1660 41 16 nor
1951 1651 39 24 did
2000 1656 42 18 not
2050 1651 75 31 object
2136 1654 22 18 to
2167 1649 54 28 this,
2233 1648 98 24 because
2338 1648 29 23 he
2374 1647 117 32 preferred

1899 1693 85 30 having
1991 1692 132 31 petitioners
2130 1689 70 24 heard
2219 1690 23 21 in
2250 1696 83 23 person
2347 1688 78 23 rather
2437 1688 55 23 than

1900 1733 29 30 by
1937 1731 101 24 counsel.
2074 1730 51 24 The
2133 1730 125 29 Attorney-
2262 1728 99 23 General
2369 1727 124 32 suggested

1901 1774 36 23 the
1949 1773 117 31 propriety
2078 1772 25 23 of
2112 1771 31 23 all
2155 1770 97 31 seeking
2265 1774 23 18 to
2299 1769 28 23 be
2340 1769 72 23 heard
2423 1769 69 30 being

1901 1813 104 32 required
2025 1817 22 19 to
2068 1811 55 24 send
2141 1813 24 21 in
2184 1811 109 30 petitions
2311 1814 22 18 to
2348 1809 50 23 that
2417 1809 74 23 effect.

1903 1855 49 24 The
1972 1854 131 31 suggestion
2122 1860 46 15 was
2189 1850 104 31 adopted,
2313 1850 44 23 and
2376 1850 39 22 the
2434 1848 60 25 23rd

1903 1896 58 23 June
1984 1893 84 25 named
2089 1901 25 15 as
2133 1892 39 24 the
2190 1891 69 23 latest
2278 1891 43 30 day
2339 1897 63 24 upon
2420 1890 73 22 which

1903 1936 107 30 petitions
2033 1933 75 24 would
2130 1933 28 23 be
2181 1930 113 25 received.
2336 1930 51 24 The
2411 1930 84 23 second

1904 1976 94 30 reading
2009 1976 26 23 of
2049 1975 38 23 the
2097 1975 42 23 bill
2151 1982 46 14 was
2216 1977 21 19 to
2253 1972 53 24 take
2318 1972 64 31 place
2395 1979 28 15 on
2436 1971 58 24 30th

1904 2016 66 28 June,
1995 2024 30 14 on
2036 2015 73 23 which
2121 2013 43 31 day
2190 2013 40 23 Mr
2253 2013 81 29 Busby
2353 2020 47 14 was
2425 2017 22 17 to
2466 2012 28 23 be

1904 2055 79 23 heard.

1895 2092 30 27 \.
1941 2094 51 23 The
2010 2093 59 23 New
2087 2092 73 24 South
2178 2091 81 23 Wales
2277 2090 67 23 Laws
2368 2089 129 23 Extension

1907 2139 22 19 to
1947 2134 57 24 New
2023 2132 100 24 Zealand
2143 2132 47 23 Bill
2208 2139 45 15 was
2266 2130 54 24 read
2339 2139 12 14 a
2364 2129 60 23 third
2444 2135 54 17 tme

1908 2175 43 23 and
1967 2173 92 32 passed.
2094 2172 44 24 We
2156 2172 81 31 gather
2249 2171 57 23 from
2319 2179 13 14 a
2344 2170 65 31 reply
2421 2170 25 22 of
2461 2170 37 23 the

1909 2216 126 27 Governor,
2057 2213 65 24 made
2130 2218 23 18 to
2166 2220 13 16 a
2188 2213 104 30 question
2305 2212 69 22 about
2384 2211 47 23 this
2443 2210 56 29 Bill,

1909 2257 49 23 that
1969 2257 24 22 in
2005 2262 155 24 consequence
2174 2254 25 24 of
2215 2253 38 23 the
2266 2253 87 23 natives
2365 2252 70 31 being
2446 2259 54 23 very

1909 2298 62 30 large
1984 2304 131 15 consumers
2129 2295 25 23 of
2170 2294 102 28 tobacco,
2292 2293 37 23 the
2343 2297 48 19 rate
2404 2292 26 23 of
2445 2292 55 31 duty

1910 2336 103 32 imposed
2035 2337 26 22 in
2078 2335 58 24 New
2155 2334 75 24 South
2249 2333 80 24 Wales
2350 2333 47 23 will
2416 2337 40 19 not
2473 2332 28 24 be

1912 2376 109 25 collected
2039 2376 53 23 here
2102 2385 6 19 ;
2128 2375 44 23 and
2190 2375 48 23 that
2256 2375 25 22 in
2299 2374 30 22 its
2348 2372 64 24 stead
2424 2381 14 15 a
2449 2380 54 23 very

1911 2418 41 23 low
1965 2422 49 18 rate
2026 2417 46 22 will
2082 2416 28 23 be
2123 2415 107 31 charged.

1947 2486 110 23 Sydney
2075 2485 189 23 Government
2285 2484 133 26 Gazette,
2437 2484 67 20 June

1918 2527 36 27 17,
1976 2528 74 21 1840.
2052 2538 33 3 —
2086 2525 31 23 A.
2141 2524 31 23 E.
2199 2522 163 31 M'Donough,
2390 2522 67 31 Esq.,
2484 2521 22 23 of

1918 2565 137 29 Koroarika,
2069 2565 18 22 is
2102 2563 121 32 appointed
2241 2571 13 15 a
2270 2563 132 30 magistrate
2423 2561 24 24 of
2470 2561 36 24 the

1918 2607 105 29 territory
2035 2605 41 24 and
2090 2607 29 22 its
2128 2604 174 32 dependencies.

1990 2681 73 20 THE
2083 2679 176 22 CHATHAM
2278 2679 157 22 ISLANDS.

1969 2740 52 23 The
2045 2739 57 24 New
2127 2737 101 25 Zealand
2264 2737 140 31 Company's

1945 2774 66 24 Cuba
2057 2773 40 23 has
2121 2771 109 24 returned
2254 2775 23 19 to
2303 2771 57 23 Port
2384 2770 127 23 Nicholson

1922 2808 57 23 from
1999 2807 38 23 the
2057 2806 112 24 Chatham
2190 2804 101 24 Islands.
2334 2804 48 23 Mr.
2405 2803 106 28 Hanson,

1922 2841 37 23 the
1972 2840 139 31 Company's
2123 2840 87 30 Agent,
2230 2838 42 23 has
2285 2836 125 25 succeeded
2422 2838 23 22 in
2457 2845 55 22 pur-

1923 2874 97 30 chasing
2031 2874 39 23 the
2089 2873 72 23 whole
2179 2872 25 23 of
2220 2871 51 23 that
2289 2879 73 23 group
2381 2871 25 23 of
2422 2870 92 24 Islands

1923 2908 34 23 for
1969 2907 38 23 the
2033 2907 126 31 Company.
2199 2905 38 23 He
2261 2904 115 24 describes
2401 2903 112 24 Chatham

1925 2941 88 28 Island,
2025 2941 38 22 the
2074 2940 86 31 largest
2172 2939 26 23 of
2207 2939 38 22 the
2257 2946 80 23 group,
2354 2937 44 23 and
2411 2937 38 23 the
2462 2937 53 30 only

1926 2983 42 16 one
1998 2974 51 23 that
2075 2974 28 23 he
2127 2972 90 28 visited,
2245 2979 25 16 as
2294 2971 131 30 containing
2447 2970 69 23 about

1927 3010 109 26 500,000
2049 3015 70 15 acres.
2157 3005 51 24 The
2219 3004 56 24 land
2282 3005 19 22 is
2308 3003 117 31 generally
2435 3003 81 28 fertile,

1927 3041 44 24 and
1981 3047 139 25 appearance
2133 3040 25 22 of
2173 3038 39 23 the
2224 3041 95 26 country
2331 3036 109 32 partakes
2456 3044 62 16 more

1929 3075 24 23 of
1979 3074 38 23 the
2038 3073 115 23 character
2171 3071 27 23 of
2219 3078 30 16 an
2273 3069 99 32 English
2396 3069 122 32 landscape

1929 3108 55 22 than
1997 3115 45 22 any
2054 3110 50 27 part
2119 3105 27 23 of
2160 3104 59 23 New
2231 3103 102 24 Zealand,
2345 3102 73 24 which
2430 3103 27 24 he
2475 3104 43 23 has

1929 3139 90 24 visited.
2057 3139 49 23 The
2122 3138 55 23 hills
2190 3145 38 15 are
2241 3137 25 23 of
2282 3136 115 24 moderate
2409 3136 111 24 elevation

1930 3173 44 23 and
1989 3172 77 32 gentle
2086 3172 77 30 slope;
2188 3171 70 23 about
2282 3175 42 18 two
2345 3170 74 23 thirds
2442 3169 24 24 of
2481 3169 39 25 t\v£

1931 3210 97 26 country
2039 3206 86 22 consist
2137 3205 25 23 of
2172 3212 58 23 open
2243 3208 96 26 country
2351 3203 96 23 covered
2464 3202 54 24 with

1930 3240 58 28 fern,
2002 3240 25 22 in
2038 3247 61 15 some
2107 3242 63 27 parts
2179 3236 162 32 intermingled
2348 3236 54 24 with
2411 3236 53 29 flax,
2478 3235 43 24 and

1932 3273 75 23 would
2030 3272 71 23 afford
2127 3271 117 24 abundant
2268 3275 123 27 pasturage
2414 3269 35 24 for
2467 3268 55 25 both

1932 3306 68 23 cattle
2012 3306 46 23 and
2074 3305 77 32 sheep.
2190 3305 43 23 Dr.
2249 3303 152 29 Diefenbach,
2422 3303 100 24 Natura-

1932 3340 40 23 list
1994 3344 23 19 to
2042 3339 37 23 the
2103 3339 128 31 Company,
2256 3336 132 24 discovered
2408 3344 14 16 a
2438 3336 44 24 bed
2501 3335 24 23 of

1932 3373 80 23 brown
2024 3372 56 29 coal,
2093 3373 24 23 in
2130 3381 13 15 a
2155 3372 66 23 small
2233 3370 72 25 beach
2317 3378 30 15 on
2359 3370 38 23 the
2417 3369 106 24 northern

1934 3410 70 25 coast,
2018 3406 45 23 and
2075 3410 71 19 strata
2158 3405 25 23 of
2199 3404 74 31 shelly
2284 3403 66 27 marl,
2370 3403 75 23 which
2459 3402 63 24 when

1933 3440 70 24 brunt
2015 3440 74 23 would
2100 3439 69 23 make
2183 3438 113 24 excellent
2304 3437 63 24 lime.
2404 3436 76 24 There
2488 3442 36 17 are

1935 3478 43 19 two
1987 3473 48 24 safe
2046 3473 111 23 harbours
2165 3480 30 16 on
2207 3471 38 23 the
2253 3475 97 19 western
2361 3474 63 19 coast
2431 3470 35 23 for
2473 3476 50 16 ves-

1936 3508 45 22 sels
1988 3507 24 23 of
2019 3515 45 22 any
2072 3506 105 28 burthen,
2188 3513 41 15 one
2237 3504 83 23 named
2332 3504 58 23 Port
2397 3501 127 25 Wakefield

1936 3541 22 22 in
1968 3541 39 23 the
2020 3540 116 28 southern,
2148 3539 45 23 and
2204 3537 95 24 another
2307 3537 81 23 named
2400 3537 59 23 Port
2467 3536 58 23 Hutt

1936 3574 24 23 in
1977 3574 39 23 the
2033 3573 107 23 northern
2152 3576 51 27 part
2216 3571 24 23 of
2255 3579 15 14 a
2282 3570 55 31 deep
2355 3570 54 31 bay.
2452 3569 74 24 There

1937 3616 37 14 are
1983 3607 87 23 several
2080 3607 55 22 boat
2145 3605 112 23 harbours
2270 3603 73 23 round
2354 3603 39 23 the
2402 3607 69 24 coast,
2484 3600 43 24 and

1937 3649 42 15 one
1991 3641 35 23 for
2039 3640 66 23 small
2117 3638 94 28 vessels,
2223 3637 76 24 where
2315 3636 38 24 the
2372 3636 45 24 bed
2439 3636 25 23 of
2479 3633 45 25 coal

1937 3682 47 15 was
1995 3673 79 24 found.

1971 3713 78 24 When
2062 3712 36 24 the
2241 3710 89 24 arrived
2348 3714 24 20 at
2390 3709 39 25 the
2442 3706 83 29 Island,

1939 3747 38 23 the
1988 3751 43 19 two
2043 3745 111 24 brunches
2167 3744 25 24 of
2202 3744 38 23 the
2257 3744 61 23 Nate
2337 3744 59 23 Awa
2414 3743 64 28 tribe,
2498 3741 27 29 by

1939 3781 75 22 whom
2026 3779 38 23 the
2075 3779 64 31 place
2151 3786 47 15 was
2210 3777 125 28 inhabited,
2355 3784 60 16 were
2434 3781 23 19 at
2474 3781 51 16 war.

1941 3814 70 23 From
2024 3812 39 23 the
2075 3816 122 19 statement
2209 3810 25 24 of
2244 3810 38 24 the
2294 3811 87 23 natives
2402 3809 44 24 and
2457 3809 25 23 of
2492 3807 35 24 the

1940 3851 98 19 masters
2051 3845 25 24 of
2089 3853 64 16 some
2165 3845 127 23 American
2310 3843 95 24 whalers
2424 3843 64 31 lying
2505 3840 22 23 in

1942 3880 58 24 Port
2012 3878 136 29 Wakefield,
2170 3878 20 23 it
2199 3885 97 24 appears
2308 3877 49 24 that
2375 3877 39 23 the
2426 3883 45 16 war
2486 3871 41 26 had

1941 3913 59 23 been
2011 3913 83 23 incited
2106 3912 30 31 by
2150 3920 13 15 a
2176 3911 98 32 Captain
2285 3910 122 29 Richards,
2426 3908 50 24 who
2487 3904 40 26 had

1942 3946 115 30 promised
2070 3950 21 18 to
2103 3944 113 32 purchase
2229 3944 38 23 the
2281 3944 108 23 southern
2401 3946 50 28 part
2463 3941 25 23 of
2493 3939 34 24 the

721 66 130 34 THE
894 64 141 32 NEW
1080 59 311 34 ZEALAND
1436 53 323 35 GAZETTE.

173 2404 57 16 Morn.

279 2402 56 16 Even.

380 2400 59 17 Wind.

512 2399 90 16 Weather.

67 2448 30 16 Sat

67 2469 43 16 Sun.
130 2478 17 6 ...

68 2489 50 16 Mon.
131 2499 18 5 ...

68 2510 53 17 Tues.
131 2520 18 5 ...

68 2530 50 16 Wed.
132 2541 18 5 ...

70 2551 81 17 Thurs...

69 2572 31 16 Fvi

192 2446 21 15 59

192 2466 20 15 51

194 2487 21 16 44

194 2508 21 15 46

196 2528 19 16 39

196 2549 21 16 48

197 2570 20 15 53

297 2444 21 15 57

298 2466 20 14 55

298 2486 21 15 55

299 2507 20 15 60

300 2527 21 16 54

300 2548 21 15 53

302 2569 20 15 54

394 2442 51 16 N.W.

395 2463 50 16 N.W.

395 2484 51 16 N.W.

396 2504 50 17 N.W.

396 2525 51 16 N.W.

396 2546 52 16 N.W.

397 2566 50 17 N.W.

472 2442 65 18 Strong
544 2440 35 16 and
587 2444 45 12 ra:n.

474 2461 73 21 Squally
562 2461 14 16 &
591 2460 41 17 fine.

475 2482 54 21 Light
561 2482 14 16 &
590 2482 41 16 fine.

476 2503 54 20 Light
562 2503 14 15 &
592 2502 41 16 line.

477 2524 54 20 Light
563 2524 13 15 &
592 2523 62 19 fiosty.

476 2544 60 21 Light.
565 2544 14 16 &
592 2544 42 15 wet.

478 2566 65 19 Strong
565 2565 15 16 &
594 2564 41 16 fine.

91 2613 63 17 Mean.

194 2611 54 16 48.57.

300 2611 53 15 55.43.

118 162 113 21 JETTY
246 161 46 20 AT
307 157 212 23 BRITANNIA.

31 196 133 50 PLANS,
171 194 172 29 Specifications,
351 192 44 22 and
401 191 118 22 Estimates
528 188 89 22 wanted

102 223 35 21 for
147 230 14 14 a
171 223 122 24 Floating,
311 227 24 14 or
351 220 150 20 Pile-driven
519 216 57 21 Pier
594 221 24 14 or

31 251 79 24 Jetty,
131 249 99 27 opposite
250 247 36 21 the
309 246 120 26 Exchange
439 252 6 18 ;
471 247 22 18 to
519 242 56 21 have
596 244 23 18 at

29 277 57 22 least
95 277 50 21 four
154 276 45 21 feet
208 274 66 27 depth
286 273 26 21 of
323 275 73 23 water,
408 274 23 18 at
440 270 38 21 the
489 272 128 21 extremity,

32 307 23 19 at
65 303 37 21 the
111 303 77 21 lowest
197 301 51 26 tide,
264 300 45 21 and
322 303 23 17 to
354 298 28 21 be
393 298 25 21 of
428 296 112 23 sufficient
549 296 68 19 width

32 330 45 22 and
87 329 100 26 strength
198 328 33 21 for
241 326 103 28 shipping
360 324 45 22 and
420 323 94 25 landing
528 327 92 21 persons

32 356 45 22 and
86 355 77 28 goods.
191 354 47 22 The
249 356 45 18 cost
305 355 21 18 to
336 352 27 21 be
377 351 56 21 from
449 350 47 21 £50
512 352 23 17 to
552 348 67 25 £100,

33 387 40 18 not
86 381 123 26 exceeding
218 380 37 22 the
264 380 66 21 latter
339 385 57 14 sum.

62 416 102 27 Security
175 414 43 22 will
227 414 28 21 be
264 411 103 29 required
378 411 33 21 for
418 409 37 22 the
464 409 43 21 due
514 407 108 28 perform-

35 450 56 15 ance
102 442 26 21 of
138 444 38 19 the
189 443 104 22 contract,
311 437 43 23 and
370 444 82 19 money
467 434 117 22 advanced
599 440 23 14 as

36 470 37 22 the
84 468 61 23 work
155 474 123 22 progresses
287 463 162 26 satisfactorily.

61 502 100 22 Tenders
171 505 20 17 to
205 501 27 21 be
246 500 40 21 left
302 502 23 17 at
340 498 37 21 the
415 496 93 21 Gazette
545 493 77 26 Office,

36 528 120 24 addressed
199 526 86 23 Tender
302 525 33 21 for
462 529 28 14 on
508 529 24 14 or
547 521 76 20 before

36 555 117 27 Saturday,
165 554 36 22 the
211 553 50 21 25th
270 553 91 20 instant.

38 608 71 49 ON
137 608 57 25 Sale,
213 611 21 16 at
253 603 150 24 COGLAN'S
420 601 112 22 Waterloo
544 601 80 24 Stores,

125 633 124 26 Britannia,
265 635 23 18 at
304 638 54 20 very
375 628 97 23 reduced
490 627 77 28 prices,
588 626 38 20 the

36 661 118 27 following
163 659 97 23 articles:

67 689 61 25 Rice,
140 695 38 20 per
186 687 50 26 bag,
247 685 34 21 3d.
292 691 40 21 per
342 683 30 22 lb.

66 715 76 25 Sugar,
152 714 35 21 4d.
198 720 39 20 per
245 712 38 26 lb.,
293 718 60 19 soap,
363 717 40 20 per
409 710 51 25 box,
469 710 49 23 BJd.

66 740 111 22 Hollands
185 741 45 25 gin,
249 740 43 19 50s.
312 738 21 24 4,
354 736 44 21 and
413 736 46 21 245.
476 736 13 19 2
498 733 44 27 gal.
559 738 67 16 cases.

66 768 88 21 Tuscan
170 767 100 24 bonnets,
288 764 89 21 various
384 763 62 25 sizes,
459 762 57 20 from
533 762 44 18 10s.
589 762 37 17 bcl.

40 794 111 28 •upwards.

69 821 45 21 Salt
123 820 55 21 beef
184 823 23 17 at
215 818 47 25 3£d.
272 824 41 20 per
322 816 30 21 lb.
363 823 39 19 per
411 815 75 21 tierce.

69 847 57 22 Pork
137 846 34 22 Gd.
183 853 38 19 per
232 846 27 20 lb.
270 851 40 20 per
320 843 74 20 tierce.

97 874 54 26 July
161 873 31 26 17,
205 873 58 20 IS4O.

265 922 139 23 NOTICE.

43 954 90 49 ALL
147 959 91 21 persons
250 950 105 22 indebted
366 954 21 16 to
399 948 43 21 Mr.
457 947 28 21 G.
496 947 31 21 H.
539 945 90 27 Coglan,

124 979 109 22 Waterloo
242 978 79 24 Stores,
330 983 36 14 are
371 974 117 28 requested
495 978 23 16 to
526 980 41 19 pay
573 973 58 19 their

43 1007 122 27 respective
191 1008 102 19 accounts
328 1002 75 21 before
427 1001 36 21 the
513 999 97 22 Eleanor
619 999 4 7 '

43 1035 73 21 leaves
125 1034 53 20 Port
186 1030 129 25 Nicholson,
326 1029 72 20 which
406 1027 42 21 will
459 1027 27 21 be
495 1027 24 20 in
530 1026 101 20 fourteen

43 1061 54 26 days
104 1060 57 21 from
172 1059 41 21 this
224 1058 48 21 dale
280 1073 5 9 ,
297 1055 44 22 and
352 1055 28 21 all
389 1061 91 20 persons
490 1052 83 26 having
585 1058 44 20 any

45 1088 76 21 claims
138 1086 85 26 against
240 1083 42 22 Mr.
298 1082 28 21 G.
343 1081 30 22 H.
385 1080 91 27 Coglan,
495 1079 44 21 will
554 1078 76 27 please

46 1113 56 22 send
115 1114 23 20 in
150 1112 57 21 their
222 1113 111 23 accounts,
354 1109 47 20 that
415 1107 37 21 the
467 1113 61 15 same
545 1112 51 20 may
606 1106 26 20 be

46 1139 119 22 examined
175 1138 43 21 and
229 1136 56 29 paid.

74 1165 112 22 Waterloo
198 1165 78 25 Stores,
288 1163 53 26 July
353 1163 32 25 13,
398 1162 60 20 1840.
