2421 3769
37 140 61 21 made
106 146 28 15 no
141 145 36 16 use
183 142 22 20 of
213 140 36 23 the
255 142 146 26 landing-nets.
428 143 26 20 In
462 143 39 21 due
509 143 51 21 time

37 176 30 15 we
76 172 80 20 arrived
165 173 22 20 at

238 199 48 21 The
297 201 62 19 Oust.

62 222 51 21 Ibis
121 224 20 20 is
150 230 13 14 a
172 225 61 20 small
240 226 74 25 village
323 232 26 12 on
360 225 35 21 the
400 225 100 25 roadside,
510 225 47 21 that

36 258 66 16 seems
111 256 23 19 to
143 258 23 18 be
238 257 35 19 the
368 257 46 20 The
422 258 49 23 only
482 257 74 19 attrac-

35 284 46 20 tion
90 284 18 21 it
115 285 45 22 -has
168 287 33 20 for
210 288 103 23 strangers
323 287 18 20 is
350 288 27 20 its
387 288 89 19 extreme
484 287 72 20 loneli-

35 319 48 16 ness
92 316 43 21 and

158 342 46 22 The
216 344 109 20 Anglican
338 345 94 19 Church.

59 367 13 20 I
87 367 53 21 have
154 370 58 19 often
226 369 66 21 heard
306 371 22 19 of
343 378 13 12 a
481 368 51 21 with
541 375 13 15 a

33 397 97 26 chimney
138 399 23 19 in
214 399 37 20 but
261 401 41 19 this
311 401 18 19 is
339 401 35 20 the
383 402 50 23 only
441 406 39 14 one
489 400 12 20 I
509 405 46 15 ever

33 433 41 15 saw
93 429 49 20 with
160 436 12 14 a
190 430 96 25 chimney
304 431 80 20 outside
405 431 22 19 of
444 431 25 19 it.
510 431 45 19 The

33 458 78 22 church
119 460 19 21 is
154 468 12 13 a
175 461 49 20 neat
239 461 54 21 little
309 462 84 20 wooden
406 461 93 25 building
515 460 38 21 but

31 490 57 21 what
104 491 73 20 strikes
193 497 13 14 a
221 493 94 24 stranger
330 498 23 14 as
368 492 127 20 remarkable
511 491 19 20 is
539 497 14 15 a

31 521 56 20 brick
105 522 101 20 structure
224 528 24 14 or
266 523 137 26 *'chimbley"
426 528 23 15 as
468 523 35 19 the
525 522 26 20 ir-

29 554 93 18 reverent
131 551 37 22 call
177 553 23 24 it,
210 553 63 20 about
281 554 46 25 fifty
340 554 41 20 feet
389 554 23 19 in
421 554 78 24 height,
509 552 42 21 and

29 584 99 23 standing
146 589 56 14 some
218 585 35 18 ten
271 591 23 12 or
310 585 69 20 twelve
393 584 62 25 yards
471 585 78 19 distant

28 614 54 19 from
98 614 35 20 the
149 613 84 21 church.
274 615 51 19 This
340 616 122 23 mysterious
479 615 70 19 edifice

27 645 95 19 contains
141 645 35 20 the
195 646 38 19 bell
255 647 22 18 to
299 646 40 19 call
361 646 35 19 the
417 645 87 20 faithful
525 647 23 17 to

26 681 90 20 prayers.
156 675 38 21 We
215 677 75 24 passed
312 676 35 21 the
370 677 58 23 Oust,
451 677 51 20 with
519 676 30 21 its

25 705 78 21 chuioh
111 705 43 21 and
162 707 102 25 chimney,
273 707 43 19 and
323 712 51 14 soon
384 707 81 20 arrived
473 708 22 20 at

168 737 47 20 The
229 738 99 19 Jostling
340 737 62 23 Pool,

25 762 74 20 Where
107 762 13 19 I
134 768 42 14 was
186 763 43 20 told
240 763 34 20 ihe
290 765 56 18 trout
355 769 51 15 were
422 765 22 19 to
459 763 26 20 be
497 768 48 15 seen

25 793 91 25 tripping
126 799 39 14 one
174 794 92 20 another.
302 795 42 18 Our
354 794 53 19 Boss
415 794 129 24 Fisherman,

24 826 52 19 after
93 825 25 20 be
135 825 43 19 had
196 824 94 25 sampled
307 825 36 20 the
358 825 78 25 whisky
453 826 22 24 (a
494 824 49 25 duty

22 855 68 21 which
106 862 30 14 we
151 855 28 20 all
188 855 99 24 carefully
302 856 131 25 performed),
447 856 42 20 and
497 861 47 20 pro-

23 888 93 19 nounced
125 888 17 18 it
151 887 59 24 good,
228 892 50 14 soon
288 892 51 19 gave
353 893 24 14 us
387 893 27 13 an
428 886 115 21 exhibition

22 918 22 20 of
58 918 34 19 his
100 918 48 19 skill
164 924 24 13 as
197 925 12 12 a
219 921 65 16 caster
299 918 21 19 of
330 918 35 19 the
378 918 35 24 &y.
452 918 42 19 But
508 917 36 20 the

22 949 41 20 fish
73 949 35 19 did
114 951 37 17 not
161 954 54 14 seem
226 950 21 17 to
256 954 33 14 see
298 948 23 20 it.
348 949 33 19 He
390 949 46 19 said
445 954 29 14 we
483 948 60 20 made

22 981 103 19 ourselves
142 983 35 17 too
195 979 118 26 prominent
331 986 27 13 on
377 980 35 21 the
429 980 62 24 bank,
507 980 35 19 the

22 1012 55 20 wind
86 1011 105 20 disturbed
200 1011 35 20 the
243 1010 47 24 fish,
305 1011 36 20 the
349 1011 41 25 day
400 1016 41 15 waß
450 1012 35 19 too
494 1010 48 24 fine,

21 1042 42 20 and
80 1043 61 19 made
158 1041 77 21 several
253 1041 59 20 other
327 1047 83 15 excuses
426 1041 47 20 that
488 1041 54 20 form

21 1074 47 24 part
78 1073 21 19 of
108 1079 12 13 a
129 1073 130 19 fisherman's
273 1072 115 20 education.
415 1074 11 18 I
436 1073 108 24 suggested

21 1104 47 19 that
84 1104 35 19 the
135 1103 40 20 fish
190 1103 68 23 might
273 1102 24 20 be
315 1104 22 19 at
353 1109 90 19 prayers,
453 1109 23 14 or
486 1109 57 15 more

21 1135 62 25 likely
97 1135 74 25 asleep,
186 1140 23 14 or
224 1135 90 25 perhaps
328 1134 27 20 he
364 1134 42 20 had
421 1136 37 18 not
467 1137 37 23 put
514 1141 28 13 on

20 1166 37 19 the
78 1165 56 24 right
151 1165 37 24 fly.
227 1165 52 19 This
300 1165 42 19 last
360 1165 27 19 he
408 1165 133 26 indignantly

21 1196 79 24 denied,
119 1196 41 19 and
178 1196 118 24 challenged
312 1202 81 18 anyone
408 1197 22 19 to
446 1196 46 20 beat
508 1196 34 20 his

21 1227 72 20 March
108 1227 75 20 Brown
196 1226 124 21 Blue-tailed
330 1227 45 25 Fly,
392 1227 67 20 which
475 1227 67 20 would

19 1258 45 20 lure
78 1264 41 18 any
131 1257 41 21 fish
188 1260 22 18 to
226 1257 61 21 death
302 1257 42 21 and
358 1264 12 14 a
380 1258 129 25 frying-pan,
525 1258 17 20 if

21 1289 48 24 they
80 1294 50 14 were
139 1290 22 18 in
172 1289 35 20 the
215 1290 53 23 pool.

45 1319 50 20 This
105 1320 48 24 pool
163 1321 56 18 must
233 1319 52 21 have
294 1319 50 20 b?en
360 1320 75 20 named
450 1319 23 21 in
490 1319 51 21 deri-

20 1351 53 22 sion,
83 1356 22 14 or
115 1350 35 20 the
158 1351 63 19 fish—
224 1350 42 20 like
281 1350 35 20 the
323 1350 56 20 Irish
389 1352 84 18 tenants
475 1362 24 4 —
499 1351 43 20 had

20 1382 38 19 not
71 1381 48 26 paid
129 1381 53 20 their
197 1382 47 19 rent
254 1382 92 26 andjiad
355 1382 50 20 been
417 1382 85 23 evicted,
511 1383 32 19 for

19 1412 57 20 there
86 1418 49 14 were
144 1418 56 14 none
214 1414 22 18 to
245 1412 24 19 be
279 1419 54 13 seen.
374 1413 38 20 We
428 1413 82 20 decided
520 1414 21 19 to

19 1445 33 22 try
61 1442 72 25 higher
147 1449 33 19 up,
191 1443 41 20 and
241 1444 49 18 took
307 1450 56 13 more
373 1444 77 25 whisky
461 1447 21 17 to
492 1444 49 26 help

21 1480 24 13 us
61 1480 27 13 on
102 1480 38 13 our
155 1480 45 19 way
200 1486 26 4 —
226 1474 77 25 fishing
319 1474 70 20 makes
405 1481 40 14 one
459 1476 82 24 thirsty.

21 1506 45 19 One
74 1506 21 19 of
111 1511 37 14 our
157 1508 60 22 party
233 1511 42 14 was
290 1506 58 23 quite
363 1512 106 14 overcome
483 1506 60 25 (with

21 1535 35 21 the
65 1535 63 26 heat),
146 1535 41 21 and
196 1535 83 21 decided
288 1537 21 18 to
319 1537 80 19 remain
409 1537 76 19 behind
501 1537 42 21 and

19 1567 50 20 look
77 1568 52 19 after
142 1567 37 20 the
187 1566 129 21 sandwiches
325 1567 42 20 and
381 1567 71 25 things
462 1568 33 20 till
504 1574 38 14 our

17 1598 78 20 xeturn.

47 1629 37 19 We
94 1628 34 20 did
137 1629 70 19 return
224 1634 57 14 some
290 1630 39 18 two
338 1628 64 20 hours
417 1629 127 25 afterwards,

19 1659 90 26 hungry,
119 1660 82 24 thirsty,
212 1659 43 20 and
268 1659 88 24 flshless,
367 1659 59 21 when
436 1666 28 14 we
478 1661 66 20 found

21 1692 36 20 the
65 1690 127 21 sandwiches
200 1691 28 20 all
236 1690 62 25 right,
308 1690 42 20 and
356 1697 37 14 our
402 1691 67 20 friend
476 1692 68 25 asleep

22 1722 65 20 under
97 1722 35 19 the
141 1722 64 21 shade
214 1721 21 20 of
245 1728 12 13 a
268 1723 40 18 tree
317 1722 50 19 with
377 1722 35 20 the
422 1722 80 25 whisky
510 1723 32 25 jar

21 1755 33 19 for
73 1760 12 13 a
102 1753 75 25 pillow.
217 1753 37 20 We
272 1753 55 19 woke
346 1753 44 19 him
407 1760 33 18 up,
460 1754 42 20 and
519 1754 27 20 he

22 1784 86 21 assured
118 1791 23 13 us
151 1784 26 20 he
186 1789 42 15 was
237 1784 38 19 not
285 1784 73 20 drunk.
395 1784 21 21 It
426 1791 41 14 was
477 1791 67 15 neces-

23 1822 48 18 sary
80 1816 32 19 for
127 1816 45 19 him
181 1817 21 18 to
212 1815 26 19 do
248 1815 49 23 this,
313 1815 32 19 for
354 1815 86 20 obvious
449 1821 92 15 reasons.

23 1847 43 20 But
83 1846 44 20 this
144 1846 18 19 is
176 1852 13 13 a
205 1845 120 25 digression.
364 1846 58 20 After
438 1847 65 19 lunch
516 1854 30 13 we

24 1879 54 20 went
87 1878 60 19 down
156 1878 82 21 stream,
248 1876 42 20 and
299 1883 51 14 soon
360 1876 42 21 had

182 1908 18 19 A
214 1908 106 19 Splendid
333 1908 60 20 Rise.

24 1936 42 20 For
75 1935 35 20 the
120 1934 73 20 benefit
200 1934 21 19 of
232 1934 34 19 the
276 1934 132 24 uninitiated,
418 1934 11 19 I
436 1940 49 19 may
490 1940 57 15 men-

24 1967 45 19 tion
78 1966 47 20 that
135 1971 13 14 a
243 1964 19 20 is
271 1964 59 20 when
339 1971 13 13 a
360 1965 40 19 fish
409 1965 70 26 jumps
489 1967 22 19 at
520 1972 28 14 an

25 1996 96 21 artificial
130 1996 35 25 fly,
176 1996 48 23 and,
233 2002 28 13 on
271 1995 130 25 discovering,
407 1996 33 20 his
450 1997 94 24 mistake,

26 2029 59 18 turns
95 2033 12 14 a
117 2026 74 20 double
200 2026 122 20 somersault
331 2026 23 19 in
365 2027 35 18 the
409 2033 38 17 air,
457 2027 57 24 grins
525 2029 23 18 at

24 2058 35 20 his
69 2057 74 21 baffled
151 2057 49 24 foes,
210 2057 61 25 drops
287 2057 78 25 quietly
374 2058 45 20 into
429 2058 35 19 the
480 2061 68 21 water,

26 2089 42 20 and
76 2089 68 20 swims
153 2089 69 24 gently
235 2094 63 19 away.
339 2088 59 25 Well,
408 2089 47 20 that
464 2089 19 20 is
493 2089 55 21 what

24 2125 30 14 we
69 2119 47 21 had.
156 2118 12 20 I
183 2125 42 13 was
240 2118 48 25 glad
302 2125 29 14 we
339 2119 43 20 had
398 2118 63 22 made'
467 2127 13 14 a
495 2121 53 25 good

25 2151 70 25 lunch,
106 2150 33 19 for
148 2156 12 14 a
259 2150 18 19 iB
287 2156 28 13 no
324 2151 53 25 good
386 2152 22 19 to
417 2153 42 19 eat.

26 2187 3 3 '
26 2199 14 10 a
52 2182 38 20 We
108 2181 52 21 tried
179 2181 28 21 all
225 2180 59 21 down
302 2183 84 24 stream,
407 2182 37 21 but
462 2182 87 22 without

26 2219 87 15 success.
141 2213 55 20 Once
206 2212 35 21 the
249 2214 116 24 monotony
380 2220 42 14 was
431 2214 78 21 broken
509 2226 26 3 —
536 2221 13 14 a

25 2244 42 21 fish
76 2250 41 14 was
125 2244 88 20 hooked.
262 2243 33 20 He
304 2245 35 23 got
348 2250 58 19 away
414 2252 5 16 ;
459 2245 91 25 weighed

26 2277 35 19 ten
71 2275 80 25 pounds
161 2276 22 18 at
273 2275 46 19 said
328 2275 35 19 the
369 2276 121 23 Fly-caster.
504 2276 44 22 The

26 2306 41 21 fish
76 2306 47 20 that
133 2306 33 24 get
175 2311 57 19 away
242 2311 35 14 are
284 2306 77 25 always
369 2306 57 24 large
435 2312 55 15 ones.

53 2337 44 19 One
113 2337 21 18 of
144 2337 35 19 the
188 2338 66 23 party,
271 2336 45 20 who
325 2337 18 18 is
358 2337 49 25 only
417 2337 61 19 small
490 2340 58 24 pota-

27 2370 44 19 toes
81 2370 21 18 at
120 2368 108 25 anything,
236 2367 23 19 in
268 2367 33 20 his
309 2374 106 18 eagerness
426 2370 21 19 to
456 2369 50 26 help
515 2370 34 20 his

25 2400 106 20 fortunate
138 2399 135 25 companions
281 2398 23 19 in
310 2398 85 26 landing
405 2399 35 20 the
447 2401 103 25 supposed

26 2430 142 26 ten-pounder,
194 2430 41 19 lost
261 2430 33 19 his
317 2430 91 24 balance,
431 2431 42 21 and
495 2433 54 20 went

25 2463 83 25 fiij>pt.y
126 2462 42 25 flop
186 2462 45 19 into
250 2461 35 19 the
307 2462 54 19 clear
379 2462 42 20 and
442 2464 106 26 sparkling

26 2492 73 21 v.uio;>:
109 2493 21 18 of
141 2492 34 21 tbe
184 2492 58 21 Oust.
284 2492 33 21 He
325 2492 120 22 floundered
454 2495 42 23 out,
506 2494 42 21 and

26 2530 64 14 swore
99 2523 66 25 heavy
174 2523 69 20 oaths.
284 2523 55 20 That
348 2529 41 15 was
405 2525 50 25 only
464 2526 85 21 natural

28 2555 21 26 (I
57 2560 61 14 mean
128 2554 35 20 the
172 2553 114 26 swearing),
299 2554 11 19 I
320 2555 66 19 would
395 2555 52 21 have
464 2556 52 20 done
525 2563 24 14 so

26 2586 80 26 myself.
141 2586 38 19 We
188 2585 63 20 asked
260 2586 44 19 him
314 2591 23 14 as
347 2592 13 13 a
368 2586 67 25 favor,
445 2586 17 20 if
471 2587 27 21 he
506 2587 43 21 had

27 2619 21 19 to
64 2623 69 17 swear,
151 2618 37 19 not
204 2619 22 18 to
243 2622 36 15 use
294 2617 78 25 foreign
389 2618 68 25 oaths,
473 2618 37 21 but
525 2620 23 20 to

26 2654 64 15 swear
99 2648 41 20 like
154 2654 13 14 a
175 2647 119 24 gentleman
303 2647 41 20 and
353 2654 14 14 a
375 2648 112 22 Christian.
515 2650 33 21 He

26 2685 52 19 gavo
93 2685 27 14 no
129 2678 52 21 heed
196 2680 22 19 to
228 2684 36 14 our
280 2680 86 23 request.
407 2680 33 20 He
456 2686 41 15 was
506 2681 42 21 like

25 2711 56 21 Lord
89 2709 183 26 Rough-diamond
288 2710 22 19 in
466 2711 36 21 did
510 2713 38 20 not

26 2748 38 20 ape
73 2741 101 27 gentility,
185 2740 41 20 and
241 2740 27 26 by
276 2741 86 24 religion
379 2747 42 14 was
430 2748 13 14 a
456 2743 92 21 follower

26 2774 22 18 of
59 2773 105 20 Mabomet
172 2779 5 16 ;
205 2772 41 20 and
255 2772 26 19 he
287 2778 63 13 swore
359 2773 49 19 loud
415 2774 81 24 enough
506 2776 42 20 and

27 2807 71 21 strong
114 2803 81 24 enough
210 2804 21 19 to
248 2809 56 14 scare
320 2803 28 20 all
363 2804 37 20 the
415 2804 40 19 fish
471 2804 23 20 in
512 2806 36 20 the

26 2837 87 19 streams
128 2835 32 18 for
175 2835 58 19 miles
248 2834 85 20 around.
374 2835 45 19 The
433 2835 116 24 Fly-caster

27 2866 44 21 said
89 2866 17 19 it
118 2872 38 13 was
174 2872 27 13 no
212 2871 35 14 use
264 2866 68 25 trying
344 2866 20 19 to
374 2866 40 21 fish
430 2866 53 21 after
494 2867 54 25 that,

27 2898 42 19 and
80 2904 27 12 we
116 2897 42 19 had
166 2897 63 20 better
236 2899 33 22 get
278 2897 88 20 towards
371 2897 67 20 home.
466 2898 82 20 Fisher-

27 2934 47 14 men
85 2934 33 13 are
126 2928 148 25 superstitious.
315 2927 37 20 We
368 2927 42 20 had
419 2934 57 14 some
492 2935 57 15 more

27 2959 84 25 whisky,
129 2958 42 21 and
187 2958 82 21 wended
285 2964 38 14 our
337 2964 45 19 way
398 2959 21 19 to
437 2958 112 27 Bangiora,

28 2997 81 19 supper,
125 2990 42 20 and
182 2990 61 24 sleep,
261 2989 53 20 after
329 2989 78 24 having
423 2995 13 14 a
454 2991 96 23 splendid

28 3022 46 23 rise,
91 3021 72 26 plenty
176 3021 21 19 of
210 3019 148 21 excitement—
359 3025 39 14 one
414 3021 22 19 of
445 3026 24 14 us
484 3021 43 20 had
536 3028 13 14 a

27 3052 78 20 bath—
106 3058 26 13 an
151 3052 70 26 empty
240 3050 77 25 basket,
337 3050 42 21 and
397 3057 13 15 a
432 3052 43 21 real
497 3053 53 26 good

26 3084 55 20 time.

54 3115 34 24 My
97 3115 81 19 readers
188 3115 56 19 must
259 3113 38 20 not
307 3113 60 21 think
383 3114 54 19 from
447 3113 35 21 the
497 3115 53 21 fore-

27 3146 61 27 going
104 3146 91 21 remarks
206 3146 46 19 that
268 3151 35 13 no.
311 3145 40 19 fish
363 3152 36 14 are
408 3146 22 19 to
445 3146 24 19 be
483 3146 66 21 found

27 3178 21 21 in
59 3178 35 19 the
103 3178 56 21 Oust,
187 3177 65 20 There
262 3182 33 15 are
306 3177 72 25 plenty
386 3183 4 17 ;
406 3176 36 21 but
450 3176 12 21 I
471 3178 78 20 cannot

26 3215 37 18 gay
73 3209 47 24 they
130 3208 60 25 jostle
202 3214 39 14 one
251 3207 94 23 another,
361 3214 23 13 or
393 3207 59 19 tread
460 3213 27 13 on
497 3208 52 20 each

27 3239 74 22 other's
111 3239 63 22 heels.
214 3239 11 20 I
234 3238 64 20 heard
307 3238 35 20 the
353 3238 113 25 Fly-caster
475 3238 74 25 telling

27 3277 27 14 an
64 3271 103 24 admiring
177 3270 104 22 audience,
299 3270 35 19 the
343 3271 50 19 next
403 3270 46 25 day,
459 3270 47 21 that
522 3270 27 21 he

26 3302 76 24 caught
138 3302 114 20 seventeen,
287 3299 102 26 weighing
424 3301 124 25 twenty-five

25 3332 88 28 pounds,
130 3331 43 21 and
188 3331 43 20 this
245 3329 50 21 with
306 3336 17 16 .a
339 3331 45 20 face
393 3331 35 19 the
436 3331 82 25 gravity
527 3332 21 21 ol

24 3364 69 20 which
102 3362 67 20 would
178 3362 83 19 become
269 3367 13 13 a
292 3360 98 26 Supreme
399 3362 64 19 Court
472 3362 75 24 Judge,

24 3393 92 23 Another
137 3393 96 21 instance
259 3392 22 19 of
302 3391 35 21 the
364 3392 138 22 truthfulness
525 3393 21 21 of

22 3426 119 20 fishermen.

50 3448 11 27 t
79 3455 70 24 nearly
167 3454 67 24 forgot
252 3453 22 19 to
292 3452 40 20 add
350 3453 46 20 that
412 3453 57 20 there
484 3454 19 20 iB
519 3461 28 13 an

22 3486 57 21 hotel
95 3486 22 20 at
132 3485 36 21 the
182 3485 58 20 Oust.
281 3482 37 20 We
333 3483 65 22 called
412 3484 57 21 there
485 3485 23 20 to
516 3491 30 14 re.

22 3517 83 28 plenish
116 3517 34 19 the
160 3516 78 23 whisky
247 3515 37 24 jar.

24 3573 210 45 NEWS
303 3569 239 49 ITEMS.

220 3653 128 16 ENGLISH.

48 3685 34 20 Mr
98 3684 22 20 C.
134 3683 120 23 Bradlaugh
269 3683 39 18 has
324 3683 36 17 left
375 3683 98 24 England
488 3686 27 14 on
531 3687 10 15 a

24 3722 45 13 rour
78 3716 32 19 for
119 3714 35 21 the
164 3714 74 21 benefit
247 3712 22 21 of
279 3711 33 21 his
321 3711 78 24 health,

647 145 24 26 gf
673 145 20 21 A
701 145 77 25 barque
789 146 70 20 bound
873 147 54 19 from
940 147 90 19 London
1047 149 21 19 to
1085 147 82 25 Fy.lney

647 177 39 19 has
695 177 50 20 been
755 177 62 20 burnt
828 179 21 18 at
859 184 40 14 sea.
927 178 43 20 The
980 185 50 14 crew
1044 179 47 20 took
1101 180 21 18 to
1132 178 35 20 the

645 207 67 25 boats,
723 208 42 20 and
774 214 39 14 one
820 209 48 20 boat
877 210 19 19 is
905 209 94 25 missing.

672 252 74 21 Orders
763 254 53 20 have
833 255 50 20 been
902 255 68 21 issued
987 256 27 25 by
1030 256 34 20 the
1078 255 88 20 London

643 284 70 20 Board
735 284 21 20 of
777 284 80 21 Health
880 287 21 18 to
923 286 35 19 the
981 287 52 19 local
1055 285 112 26 governing

643 314 78 25 bodies,
730 316 119 25 requesting
861 317 56 20 them
927 318 21 19 to
957 323 8 14 ?
968 324 58 13 eaure
1036 324 11 13 a
1062 316 104 25 thorough

644 347 79 24 system
736 347 22 18 of
773 346 97 25 drainage
882 349 22 18 in
923 349 122 19 connection
1064 348 50 19 with
1130 347 35 20 the

643 377 105 24 dwellings
757 377 22 20 of
787 377 35 21 the
831 384 51 19 poor
890 378 23 20 in
920 379 92 20 London.

667 411 21 20 It
706 411 17 20 is
741 412 96 21 intended
855 415 22 18 to
895 414 73 20 accord
984 420 28 14 an
1028 413 136 21 enthusiastic

642 443 94 19 welcome
748 443 24 20 to
783 443 34 21 the
833 444 78 21 officers
927 445 42 20 and
986 451 47 14 men
1044 445 22 20 of
1080 445 81 20 H.M.S.

641 473 92 25 Calliope
742 480 28 13 on
779 474 54 21 their
842 476 73 19 arrival
923 476 24 19 in
955 476 94 20 London.

666 509 21 20 A
696 510 107 25 Company
811 511 39 20 has
860 511 50 21 been
925 512 85 24 formed,
1021 512 49 21 with
1080 518 12 14 a
1108 518 31 19 cai
1146 511 16 20 i-

640 539 31 22 -181
688 541 21 18 of
723 541 94 25 £35,000,
833 542 68 21 which
916 544 84 19 intends
1014 544 23 19 to
1054 544 54 19 work
1127 544 35 20 the

638 572 48 20 New
697 572 91 20 Zealand
796 574 117 20 Petroleum
927 575 42 19 and
976 575 50 19 Iron
1037 575 97 24 deposits.

663 607 34 20 Mr
714 608 114 21 Gladstone
845 610 39 19 has
905 611 42 19 had
965 617 12 14 a
990 617 81 14 narrow
1089 617 71 19 escape

636 638 54 20 from
700 639 60 25 being
776 639 62 21 killed
848 641 26 24 by
890 646 13 14 a
915 641 85 25 railway
1016 642 99 20 accident.
1141 643 19 19 A

636 669 72 25 bridge
716 670 103 25 collapsed
830 671 141 26 immediately
987 673 53 20 after
1050 672 35 21 the
1103 673 55 20 train

635 700 41 20 had
687 701 82 20 crossed
776 701 24 20 it.

661 735 21 21 It
696 737 19 19 is
723 738 103 25 proposed
842 739 21 19 to
871 739 92 20 increase
979 739 35 20 the
1030 740 95 26 strength
1135 740 22 20 of

635 766 36 21 the
679 767 88 21 London
776 770 67 24 police
855 770 26 24 by
890 771 58 20 1000.

833 820 123 20 FOREIGN.

659 853 18 21 A
699 855 89 25 wealthy
809 856 131 20 Frenchman
969 857 39 21 has
1032 858 127 25 bequeathed

633 885 101 24 £700,000
746 886 23 20 to
779 886 35 20 the
823 887 29 19 Po
852 894 11 18 t
866 892 19 16 e.

658 921 55 20 Nine
729 928 85 18 persons
833 923 52 20 have
904 923 50 21 been
972 925 71 19 frczen
1053 926 23 20 to
1095 925 62 21 death

633 951 74 26 during
718 958 12 14 a
740 953 93 21 blizzard
842 954 22 20 at
873 954 59 21 Buda
941 954 71 21 Pesth.

657 987 86 21 Moussa
758 989 49 24 Bey,
817 990 37 20 the
870 991 67 19 leader
946 991 23 19 of
977 991 36 20 the
1023 993 69 19 recent
1101 993 56 20 atro-

631 1018 59 20 cities
699 1020 23 19 in
730 1020 109 25 Armenia,
849 1021 39 20 has
898 1021 50 20 been
958 1022 73 21 exiled.

657 1055 103 21 Jefferson
769 1056 65 20 Davis
843 1057 47 20 died
899 1059 22 19 at
936 1058 23 19 Bi
965 1059 79 23 auvoir,
1054 1059 101 24 America,

631 1090 28 14 on
668 1085 113 22 December
789 1087 20 20 5.
847 1088 42 19 His
903 1088 75 26 family
987 1095 35 14 are
1030 1091 95 24 reported
1134 1093 22 18 to

632 1116 25 20 be
666 1122 48 20 very
723 1118 75 25 poorly
803 1119 100 25 provided
911 1120 37 20 for.

659 1153 89 20 General
762 1154 116 25 Boulanger
896 1155 18 19 is
930 1156 64 19 about
1012 1158 21 17 to
1043 1158 53 19 start
1106 1164 27 13 on
1144 1164 13 14 a

631 1184 103 24 lecturing
751 1186 52 19 tour.
851 1186 41 20 His
910 1187 46 20 first
974 1188 80 24 ground
1072 1189 42 19 will
1132 1189 25 20 be

631 1215 101 21 America.

658 1250 21 21 It
696 1251 18 20 is
731 1252 98 21 intended
839 1253 22 20 to
875 1253 53 21 form
945 1260 12 14 a
974 1255 99 26 Supreme
1090 1257 67 20 Naval

633 1282 87 20 Council
730 1283 23 19 in
763 1284 86 24 France,
859 1287 22 17 to
897 1287 80 19 control
988 1287 35 20 the
1032 1288 95 20 Minister
1137 1289 21 19 of

633 1313 88 22 Marine.

658 1349 21 20 It
688 1349 18 20 is
716 1351 90 20 asserted
816 1351 47 20 that
875 1358 12 14 a
898 1353 83 19 Roman
991 1354 96 20 Catholic
1095 1353 61 22 Bank

632 1379 19 21 is
674 1381 60 25 being
755 1382 80 21 formed
857 1383 23 19 in
909 1384 103 24 America,
1035 1386 66 19 under
1124 1386 34 20 the

634 1412 93 24 auspices
749 1414 22 18 of
793 1414 36 20 the
851 1414 95 25 Vatican,
970 1415 50 21 with
1045 1423 13 14 a
1081 1417 76 25 capital

633 1443 24 19 of
665 1443 144 25 £20,000,000.

659 1478 33 20 An
702 1479 100 25 epidemic
812 1481 21 20 of
842 1480 105 22 influenza
957 1481 38 21 has
1005 1483 76 21 broken
1092 1487 35 18 out
1136 1484 23 21 in

633 1509 96 21 Demark.

809 1564 174 20 AUSTRALIAN.

662 1597 75 25 Searle,
756 1599 36 20 the
810 1600 112 26 champion
944 1607 105 18 oarsman,
1073 1603 46 20 died
1137 1604 23 20 at

634 1629 168 25 Williamstown,
811 1631 98 24 Victoria,
919 1638 27 14 on
956 1633 111 21 December
1077 1635 31 20 11.

662 1666 18 19 A
697 1666 100 26 difficulty
806 1667 19 20 is
839 1668 63 25 likely
911 1669 22 19 to
950 1669 53 20 arise
1019 1669 90 21 between
1125 1671 37 21 the

636 1697 105 24 engineers
760 1699 42 19 and
823 1705 78 14 owners
920 1701 21 19 of
963 1701 36 19 the
1017 1702 99 19 steamers
1138 1702 23 20 in

636 1728 89 25 Sydney,
734 1730 67 24 owing
810 1730 23 19 to
847 1730 36 21 the
891 1731 78 20 former
978 1732 125 26 demanding
1113 1734 47 19 that

635 1760 48 25 they
699 1760 56 20 shall
769 1761 52 20 have
836 1761 94 21 absolute
946 1763 75 26 charge
1036 1765 22 19 of
1077 1764 34 20 the
1125 1772 35 19 en-

635 1792 47 23 gine
689 1798 67 14 room.

791 1850 67 21 NEW
870 1852 127 19 ZEALAND.

662 1885 46 21 The
716 1886 84 25 railway
810 1888 115 24 employees
935 1890 23 18 in
967 1890 127 25 Wellington
1109 1892 35 17 ha<
1150 1897 11 14 e

637 1916 83 21 decided
737 1918 23 18 to
777 1918 54 19 form
851 1924 13 13 a
882 1919 79 20 branch
979 1921 22 19 of
1017 1921 35 20 the
1068 1921 94 25 Railway

636 1947 129 25 Employees'
774 1948 77 21 Union.

663 1984 45 19 The
725 1984 56 21 Hon.
796 1985 27 20 R.
840 1986 113 25 Campbell,
969 1988 24 19 M
1000 1988 56 24 L.C.,
1075 1988 47 21 died
1139 1990 23 19 at

636 2015 97 20 Dunedin
743 2021 27 14 on
780 2016 110 20 December
900 2017 13 19 8

662 2051 31 22 Dr
703 2052 71 24 Carey,
784 2058 28 13 an
827 2053 34 20 old
871 2054 70 19 settler
950 2054 22 20 in
989 2055 116 23 Auckland,
1115 2056 46 20 who

638 2083 70 20 served
718 2083 89 26 through
817 2084 35 20 the
863 2085 97 20 Waikato
970 2091 47 18 war,
1028 2086 17 20 is
1056 2087 57 20 dead.

661 2141 284 32 MOTHERS'
979 2144 146 29 PAGE.

664 2207 112 21 EDITED
790 2208 42 21 BY
849 2208 167 22 "MOTHERS'

665 2261 50 19 The
721 2260 63 26 Lady
793 2261 78 21 Editor
879 2261 74 21 would
967 2262 45 20 like
1017 2263 24 19 to
1050 2263 28 20 be
1090 2269 14 14 a
1109 2263 53 27 help

638 2287 24 20 to
674 2287 40 20 the
726 2288 97 20 mothers
836 2288 45 19 and
894 2287 122 27 daughters
1031 2289 23 20 of
1069 2290 38 19 the
1118 2290 43 19 dis-

638 2314 59 23 trict,
709 2314 43 20 but
763 2320 61 14 more
836 2315 118 25 especially
963 2316 23 19 to
1002 2315 40 21 the
1056 2316 104 24 mothers,

637 2340 46 20 and
690 2340 174 22 invitesthemto
871 2341 63 20 write
939 2343 23 18 to
968 2341 40 20 her
1011 2342 34 19 for
1051 2343 107 26 anything
1158 2350 3 4 1

637 2367 55 24 they
700 2372 52 19 may
760 2367 56 19 wish
822 2368 24 18 to
854 2367 44 19 kno
901 2374 23 12 w.
953 2368 44 19 She
1002 2368 46 19 will
1052 2369 110 20 endeavor

637 2393 25 20 to
676 2393 52 25 give
742 2393 61 20 them
821 2393 39 20 the
877 2393 51 20 best
946 2400 96 14 answers
1059 2395 25 20 to
1101 2395 61 21 their

638 2420 118 25 qxiestions,
769 2420 49 24 and,
830 2421 24 19 in
863 2421 83 22 return,
957 2421 74 20 would
1038 2421 28 21 be
1075 2422 55 25 glad
1137 2423 25 19 to

638 2446 85 21 receive
739 2452 45 20 any
797 2447 146 25 suggestions,
960 2447 58 27 good
1030 2448 83 27 recipes
1126 2448 35 20 for

638 2473 98 25 cookery,
758 2473 142 24 needlework,
922 2480 24 12 or
964 2474 121 23 otherwise,
1108 2475 54 20 that

638 2499 55 24 they
704 2499 67 19 think
779 2499 47 19 will
840 2499 27 20 be
880 2499 75 20 useful
964 2500 24 19 to
1003 2500 60 20 their
1075 2500 85 21 friends

638 2525 46 21 and
700 2525 126 25 neighbors.
854 2525 37 19 All
904 2526 184 25 eoriespondenca
1096 2528 24 18 to
1133 2527 28 21 be

638 2551 120 22 addressed
763 2551 25 22 to
798 2552 5 10 '
807 2553 5 9 '
819 2551 106 20 Mother's
934 2552 65 26 Help,
1019 2554 5 9 '
1030 2553 120 21 Observer
1155 2555 6 8 '

639 2578 71 24 Office,
722 2577 56 21 East

744 2631 150 20 DOMESTIC
908 2631 144 20 ECONOMY.

670 2662 45 25 We
726 2670 41 17 are
777 2670 73 17 never
861 2664 41 23 too
918 2663 40 24 old
977 2664 25 23 to
1019 2663 75 29 learn,
1115 2665 47 23 and

636 2703 36 15 we
683 2703 56 22 may
749 2695 68 24 often
828 2694 84 31 gather
920 2695 94 24 crumbs
1026 2696 26 23 of

636 2727 27 24 in
674 2729 65 22 most
750 2727 149 30 unexpected
918 2729 115 29 quarters.
1067 2728 37 23 No
1117 2736 45 16 one

637 2758 84 25 knows
731 2758 52 25 this
793 2759 77 24 better
889 2758 59 25 than
960 2759 42 24 the
1021 2759 139 28 housewife,

636 2791 49 23 and
696 2798 34 16 we
741 2790 116 25 therefore
868 2790 70 24 think
949 2790 54 24 that
1015 2798 15 16 a
1039 2791 46 25 few
1096 2800 64 16 com-

637 2823 135 30 mon-place
795 2823 103 28 crumbs,
922 2823 41 23 the
985 2823 125 25 collection
1137 2824 27 24 of

636 2863 77 23 years,
736 2854 80 24 drawn
837 2854 64 24 from
923 2854 34 24 all
977 2855 81 30 points
1077 2856 26 23 of
1120 2855 42 25 the

638 2894 118 23 compass,
768 2894 56 23 may
835 2887 29 23 be
876 2887 27 23 of
911 2887 71 23 value
993 2889 25 22 to
1030 2895 81 23 many.

670 2918 24 24 If
705 2921 53 24 soot
768 2918 110 32 happens
894 2920 24 23 to
930 2919 28 24 be
976 2918 106 33 dropped
1099 2927 33 17 on
1148 2927 14 16 a

638 2953 88 28 carpet,
738 2950 79 25 throw
836 2950 70 24 down
918 2958 32 16 an
961 2951 71 30 equal
1049 2951 113 31 quantity

638 2983 26 24 of
685 2983 55 28 salt,
763 2982 49 23 and
834 2990 77 22 sweep
933 2981 32 24 all
987 2982 34 24 off
1045 2985 118 28 together.

639 3015 67 25 Thus
717 3014 100 28 treated,
826 3014 40 24 the
878 3017 53 21 soot
941 3014 49 24 will
998 3014 86 32 hardly
1094 3015 68 24 leave

640 3055 14 16 a
665 3049 73 23 trace.
931 3066 6 2 -

671 3079 69 25 After
750 3078 81 30 eating
841 3085 27 16 or
878 3078 120 30 handling
1005 3078 92 28 onions,
1110 3078 20 25 it
1141 3078 22 25 is

638 3112 55 25 wise
711 3113 25 23 to
754 3112 39 22 eat
808 3118 26 16 or
852 3110 73 24 touch
943 3110 87 31 celery,
1049 3118 26 17 as
1092 3110 21 24 it
1124 3118 36 17 re-

640 3152 80 16 moves
732 3143 41 24 the
784 3143 143 30 unpleasant
939 3143 79 23 smell.

671 3175 21 25 A
713 3177 69 29 paste
803 3175 28 24 of
849 3174 69 24 earth
939 3174 48 24 and
1009 3176 75 23 Avater
1104 3174 23 25 is
1147 3183 15 16 a

636 3206 228 32 rough-and-ready,
875 3206 44 24 but
929 3205 119 29 valuable,
1060 3207 104 30 applica-

638 3240 52 25 tion
702 3240 61 25 after
774 3239 42 26 the
828 3238 66 31 sting
904 3238 26 25 of
938 3246 14 16 a
963 3237 42 25 bee
1017 3246 27 15 or
1054 3246 74 23 wasp.

670 3272 22 24 A
702 3272 98 30 remedy
812 3271 89 23 almost
916 3270 88 31 always
1015 3272 26 22 at
1058 3270 67 24 hand
1136 3270 26 24 in

638 3312 54 17 case
703 3304 26 23 of
737 3312 18 18 a,
762 3303 64 23 burn
837 3310 27 16 or
873 3302 66 24 scald
956 3303 22 22 is
990 3299 128 27 carbonate
1136 3303 26 23 of

638 3336 66 28 soda,
716 3335 79 25 which
805 3336 68 22 must
883 3335 28 22 be
930 3334 82 25 mixed
1023 3335 26 22 to
1060 3341 15 16 a
1093 3337 68 27 paste

636 3367 59 25 with
718 3369 80 25 water,
821 3366 49 25 and
890 3366 51 26 laid
960 3372 31 17 on
1009 3365 42 25 the
1068 3366 93 30 injured

635 3401 63 30 part.
930 3402 2 3 '

763 3456 59 20 THE
835 3454 109 21 SEASON
958 3455 75 21 WHY.

632 3502 1 5 ■
661 3493 73 31 /Why
746 3491 87 26 should
844 3490 160 25 horse-radish
1019 3490 30 24 be
1061 3490 99 30 scraped

635 3533 28 16 or
673 3525 43 25 the
727 3524 64 26 table
809 3524 57 30 only
874 3523 53 31 just
948 3523 77 24 before
1035 3522 21 23 it
1074 3521 22 24 is
1113 3529 37 16 re-

636 3557 84 30 quired
730 3558 9 22 ?
788 3556 109 24 Because
908 3555 43 23 the
967 3554 106 30 peculiar
1091 3554 33 23 oil
1135 3554 25 23 of

633 3587 163 28 horse-radish
806 3588 21 25 is
838 3595 58 23 very
902 3586 97 26 volatile
1008 3594 6 21 ;
1032 3585 20 26 it
1063 3585 96 32 quickly

635 3623 147 28 evaporates,
802 3620 47 25 and
871 3620 81 23 leaves
974 3619 43 24 the
1035 3618 123 30 vegetable

634 3653 126 24 substance
771 3652 43 30 dry
825 3651 49 25 and
884 3651 95 30 insipid.
1077 3668 2 1 ■
1104 3664 4 7 ■•
1140 3660 20 12 <■:>

666 3684 65 30 Why
745 3683 22 24 is
778 3684 61 24 mint
858 3684 71 24 eaten
946 3682 58 24 with
1021 3688 116 24 pea-soup
1146 3682 12 22 ?

633 3715 52 26 The
703 3716 130 33 properties
851 3715 27 26 of
892 3715 65 25 mint
971 3722 40 18 are
1029 3712 127 27 stomachic.

1252 147 48 24 and
1320 150 204 31 anti-spasmodic.
1574 154 24 23 It
1612 154 22 23 is
1656 154 117 24 therefore

1252 179 80 25 useful
1343 183 26 22 to
1379 187 100 26 prevent
1494 185 41 23 the
1554 186 149 24 flatulencies
1718 187 55 23 that

1252 212 77 30 might
1340 214 67 29 arise,
1418 217 125 31 especially
1553 218 63 23 from
1625 225 71 24 soups
1706 218 67 23 made

1251 244 27 23 of
1286 252 73 22 green
1369 255 27 16 or
1407 248 66 24 dried
1484 257 64 22 pea?.

1284 276 64 32 Why
1358 278 22 24 is
1391 280 67 29 apple
1470 288 69 16 sauce
1557 282 71 23 eaten
1638 281 59 24 with
1714 282 59 29 pork

1252 315 27 16 or
1291 316 70 22 goose
1371 311 11 22 ?
1415 311 107 25 Because
1532 312 21 23 it
1563 314 22 23 is
1597 313 99 31 slightly
1706 313 67 24 laxa-

1251 340 53 29 tive,
1318 342 47 23 and
1377 343 118 25 therefore
1513 345 69 23 tends
1593 347 26 22 to
1631 347 140 22 counteract

1251 372 40 24 the
1313 373 81 25 effects
1416 384 24 14 ox
1466 376 52 23 rich
1546 377 49 22 and
1623 377 150 30 stimulating

1249 406 87 23 meats.
1370 406 52 24 The
1442 407 53 24 acid
1513 408 27 23 of
1559 408 42 24 the
1621 409 81 30 apples
1721 409 51 23 also

1248 437 145 25 neutralizes
1410 438 39 24 the
1461 439 47 30 oily
1524 442 84 22 nature
1628 441 24 23 of
1670 441 43 24 the
1727 441 44 28 fat,

1249 468 49 23 and
1308 472 112 26 prevents
1430 470 149 25 biliousness.

1357 527 60 20 THE
1437 529 220 20 HOUSEKEEPER.

1281 561 136 26 Children's
1446 565 62 24 Teas
1522 573 4 15 :
1561 566 27 27 A;
1610 566 70 23 Plain
1710 566 61 25 Seed

1249 593 108 25 Cake.—
1357 595 62 24 Half
1428 605 14 14 a
1452 605 114 22 quartern
1585 598 26 24 of
1621 598 92 31 dough,,
1719 596 52 26 half

1247 634 13 14 a
1271 625 80 31 pound
1362 627 27 24 of
1397 628 119 31 dripping,
1535 632 94 28 quarter
1647 631 80 29 pound
1746 631 25 22 of

1247 665 78 23 sugar,
1337 667 46 16 one
1394 667 51 23 egg,
1459 668 46 17 one
1517 662 149 30 teaspoonful
1685 662 27 23 of
1720 670 49 16 car-

1246 689 88 25 bonate
1345 692 26 22 of
1383 692 65 27 soda,
1463 692 67 24 three
1548 701 86 17 ounces
1654 702 116 23 carraway

1247 722 68 23 seeds
1327 732 5 20 ;
1357 723 61 24 bake
1428 724 38 24 for
1477 725 66 23 three
1555 726 70 23 hours
1642 726 27 23 in
1680 733 14 16 a
1712 726 58 24 slow

1245 761 70 16 oven.

1276 785 110 25 Another
1398 786 69 25 Good
1477 787 73 25 Plum
1562 788 63 24 Cake
1644 789 38 24 for
1703 789 63 24 Chil-

1245 816 67 24 dren.
1315 832 32 3 —
1347 817 60 25 Beat
1419 822 96 26 quarter
1535 820 25 23 of
1578 828 14 15 a
1613 821 25 23 lb
1661 822 24 23 of
1707 821 62 30 good

1245 850 71 22 sweet
1327 849 112 31 dripping
1450 852 64 22 until
1525 852 126 28 dissolved,
1675 853 47 23 add
1742 854 26 22 to

1244 881 20 23 it
1275 880 54 24 half
1338 890 15 14 a
1362 883 82 29 pound
1456 883 26 23 of
1491 892 75 22 sugrr,
1579 885 54 22 half
1650 893 15 15 a
1686 885 83 30 pound

1243 912 27 23 of
1285 916 118 26 currents,
1421 922 45 16 one
1494 916 151 30 teaspoonful
1672 924 48 16 car;
1744 916 27 24 of

1244 944 57 24 soda
1313 945 85 24 stirred
1405 946 28 23 in
1441 954 46 16 one
1494 948 82 30 pound
1585 948 26 24 of
1618 947 63 25 flour
1683 967 6 10 ,
1698 949 69 23 three

1244 984 57 22 eggs
1310 977 55 23 well
1377 979 93 27 beaten,
1484 980 47 22 and
1546 980 56 23 half
1626 988 15 16 a
1668 982 54 29 pint
1743 980 27 24 of

1242 1008 69 25 milk.
1345 1009 48 24 Put
1404 1010 27 23 in
1442 1019 15 15 a
1467 1011 54 23 well
1538 1012 100 30 greased
1659 1013 38 23 tin
1719 1012 49 24 and

1242 1039 61 25 bake
1313 1041 28 24 in
1352 1049 15 16 a
1378 1043 121 23 moderate
1516 1051 61 16 ov3n
1600 1045 107 30 directly,
1730 1045 38 23 for

1242 1072 73 24 about
1327 1081 32 16 an
1370 1075 60 22 hour
1440 1074 49 24 and
1500 1083 15 15 a
1525 1074 60 25 half.
1651 1084 4 3 ■
1680 1100 3 3 .

1275 1104 115 25 Rhubarb
1419 1106 66 24 Jam.
1487 1121 32 3 —
1521 1107 50 26 One
1599 1107 47 24 and
1673 1116 16 16 a
1714 1102 64 30 half'

1242 1137 92 29 pounds
1345 1137 107 24 rhubarb
1465 1139 76 23 stalks
1559 1141 25 22 to
1612 1147 46 16 one
1684 1140 84 30 pound

1241 1169 141 30 preserving
1391 1177 79 23 sugar,
1483 1170 41 24 the
1530 1172 53 29 peel
1591 1171 26 23 of
1622 1172 143 23 onelemon.

1244 1200 54 25 Boil
1310 1200 34 24 all
1365 1201 55 24 well
1448 1203 117 30 together,
1595 1203 88 31 stiring
1710 1212 56 15 con-

1243 1233 96 30 stantly,
1353 1234 49 23 and
1412 1234 90 30 adding
1513 1243 15 16 a
1546 1235 176 31 tablespoonful
1744 1236 26 23 of

1241 1265 110 29 powered
1362 1266 92 29 ginger.
1488 1267 67 23 Turn
1571 1267 52 24 into
1642 1270 56 28 pots
1719 1268 48 23 and

1244 1304 77 16 cover.

1275 1329 63 23 Milk
1349 1329 112 25 Cakes.—
1461 1330 61 24 -One
1533 1331 48 23 and
1593 1339 14 15 a
1615 1332 53 22 half
1673 1332 95 30 pounds

1243 1361 26 23 of
1280 1360 67 29 flour,
1361 1363 47 23 two
1418 1370 87 16 ounces
1517 1362 26 24 of
1551 1363 86 27 butter,
1658 1372 14 15 a
1693 1364 75 30 pinch

1242 1393 26 22 of
1277 1393 55 27 salt,
1345 1401 46 15 one
1402 1394 149 30 teaspoonful
1563 1394 26 25 of
1597 1395 91 31 bak'ng
1703 1403 64 23 pow-

1244 1424 42 23 dar
1296 1431 5 21 ;
1314 1426 50 21 mix
1376 1425 59 23 with
1447 1434 52 15 new
1505 1426 70 28 milk,
1585 1427 46 23 roll
1639 1428 78 23 round
1725 1428 43 23 the

1244 1458 69 28 paste
1325 1457 63 28 thin,
1401 1458 48 22 and
1462 1458 79 24 divide
1551 1459 53 23 into
1622 1459 44 24 flat
1689 1459 78 28 cakes,

1245 1488 49 23 and
1306 1489 59 23 bake
1377 1497 44 16 one
1432 1489 70 24 hour.

1395 1547 210 20 NEEDLEWORK.

1295 1582 81 25 Towel
1405 1583 123 32 (knitted).
1531 1599 31 2 —
1564 1584 50 24 The
1642 1585 72 25 towel
1748 1585 21 24 is

1246 1614 95 24 knitted
1374 1615 59 23 with
1460 1616 73 24 white
1560 1624 28 17 or
1620 1617 152 24 unbleached

1243 1645 77 29 braid,
1333 1655 27 16 or
1371 1647 48 24 else
1427 1648 43 23 the
1478 1648 46 24 No.
1533 1649 24 23 2.
1573 1649 107 31 knitting
1688 1652 83 21 cotton

1247 1678 81 24 which
1339 1679 21 23 is
1372 1687 26 16 as
1411 1680 66 23 thick
1488 1688 27 16 as
1525 1680 76 31 fleecy
1609 1681 62 24 wool
1682 1689 4 15 :
1707 1681 64 24 knit-

1247 1711 54 30 ting
1308 1711 97 24 needles
1412 1711 47 24 No.
1470 1713 22 22 3.
1503 1713 59 24 Cast
1568 1720 31 17 on
1605 1713 63 31 sixty
1671 1713 101 25 stitches

1247 1742 54 24 knit
1313 1742 59 25 back
1383 1743 144 31 forty-three
1538 1746 83 29 taking
1632 1753 53 16 care
1696 1746 21 22 if
1725 1754 47 23 you

1247 1782 44 18 use
1302 1774 68 25 braid
1378 1777 43 23 not
1431 1778 26 22 to
1479 1777 66 24 twist
1567 1778 20 23 it
1608 1778 28 23 in
1658 1778 113 30 knitting.

1249 1807 80 24 When
1346 1815 47 23 you
1420 1808 63 25 have
1510 1808 94 25 knitted
1630 1809 142 32 forty-three

1249 1839 100 24 stitches
1360 1840 55 23 take
1426 1840 42 24 the
1478 1841 84 24 needle
1574 1844 42 22 out
1628 1842 26 24 of
1673 1843 41 23 the
1735 1850 37 15 re-

1249 1871 64 23 main
1317 1871 48 27 dor,
1378 1872 51 29 pull
1445 1873 68 22 them
1536 1873 36 23 till
1595 1874 57 29 they
1673 1874 63 23 form
1758 1883 13 13 a

1248 1902 164 25 chain-3tii;ch
1424 1904 65 30 only,
1501 1904 49 23 and
1561 1906 63 22 turn.
1659 1905 63 24 Take
1731 1906 41 23 the

1247 1935 53 23 first
1312 1935 27 23 of
1348 1935 42 23 tho
1412 1936 96 24 stitches
1531 1944 51 16 now
1604 1937 104 30 forming
1729 1937 42 24 the

1249 1966 80 28 chain,
1341 1970 45 27 put
1397 1968 19 23 it
1428 1975 31 16 on
1471 1969 41 23 the
1524 1968 44 24 left
1578 1969 92 27 needle,
1682 1977 56 22 pass
1751 1969 20 24 it

1248 2006 56 16 over
1315 1999 42 23 the
1369 1999 53 23 first
1434 2000 73 23 stitch
1518 2000 65 33 only,
1597 2009 25 15 so
1633 2000 103 31 forming
1757 2010 14 14 a

1246 2029 64 32 loop,
1322 2031 58 23 then
1391 2031 53 24 knit
1456 2031 54 24 that
1522 2032 73 24 stitch
1607 2032 49 24 and
1673 2033 42 23 the
1734 2040 37 17 re-

1247 2062 111 24 mainder
1367 2063 26 24 of
1402 2064 41 23 the
1454 2071 56 17 row.
1544 2064 117 25 Continue
1673 2067 26 22 to
1718 2065 53 24 knit

1246 2095 27 23 in
1284 2095 66 30 plain
1362 2095 107 31 knitting
1480 2096 63 24 until
1553 2105 45 22 you
1609 2097 61 23 have
1677 2097 95 25 knitted

1247 2127 122 30 forty-two
1380 2136 71 19 rows,
1464 2129 47 23 and
1524 2130 50 23 cast
1586 2129 39 24 off.

1438 2187 143 19 UNKNOWN.

1306 2223 115 23 However
1431 2223 68 23 much
1511 2231 35 16 we
1569 2231 56 23 may
1648 2224 123 30 deprecate

1246 2256 41 22 the
1297 2256 95 29 j.r3sent
1404 2255 95 23 scheme
1546 2256 82 30 higher
1649 2257 123 23 education

1230 2299 3 9 :
1246 2286 38 24 for
1294 2287 108 28 females,
1414 2295 33 15 no
1459 2295 41 16 one
1520 2288 77 23 would
1619 2289 58 23 dare
1698 2288 36 24 for
1757 2296 15 16 a

1246 2321 107 21 moment
1364 2321 25 21 to
1401 2321 96 28 suggest
1508 2321 53 22 that
1572 2327 94 16 women
1684 2320 87 24 should

1245 2352 44 22 not
1300 2350 30 24 be
1348 2351 83 30 highly
1452 2352 113 22 educated
1588 2353 25 22 at
1635 2351 39 24 all.
1720 2353 51 23 The

1246 2384 84 29 tp'iere
1352 2383 24 22 of
1397 2391 84 16 reason
1502 2391 58 23 may
1579 2384 86 23 indeed
1685 2384 87 30 belong

1246 2416 184 29 pre-eminently
1439 2417 25 23 to
1473 2423 63 20 man,
1544 2417 42 23 but
1595 2424 90 16 women
1691 2417 80 30 reigns

1247 2455 107 22 supreme
1365 2447 26 23 in
1403 2447 40 24 the
1454 2447 75 24 realm
1544 2448 25 23 of
1586 2448 46 23 -the
1654 2449 113 27 emotion,

1247 2480 47 22 and
1305 2480 50 23 this
1367 2480 126 23 difference
1502 2478 86 25 should
1596 2481 29 22 be
1633 2480 138 31 recognised

1247 2519 26 16 as
1285 2511 167 24 fundamental
1463 2512 26 22 in
1500 2511 42 24 the
1553 2512 126 24 education
1691 2512 26 25 of
1726 2513 43 23 the

1246 2545 46 22 two
1304 2551 76 16 sexe«.
1414 2543 77 24 Leave
1501 2543 63 31 logic
1574 2544 48 23 and
1633 2544 137 25 arithmetic

1247 2583 49 15 aaa
1317 2575 114 23 eheini.al
1461 2576 107 30 analysis
1593 2577 26 23 to
1641 2576 43 24 the
1705 2577 69 23 male'

1247 2607 96 30 portion
1354 2607 25 23 cf
1390 2607 41 24 the
1443 2608 155 30 community,
1610 2608 36 24 for
1657 2609 121 24 notwifch-,

1248 2639 115 31 standing
1374 2647 15 16 a
1399 2640 52 26 few.
1456 2640 124 24 notorious
1592 2647 117 17 successes
1722 2641 48 23 and

1247 2672 40 22 the
1297 2671 126 24 rhetorical
1431 2671 171 30 compliments
1611 2673 26 22 of
1642 2673 129 24 interested

1249 2703 78 24 school
1334 2711 135 23 governors,
1480 2703 40 24 the
1529 2704 111 30 majority
1647 2704 26 23 of
1678 2713 93 16 woman

1246 2736 49 23 will
1307 2735 29 23 do
1347 2743 32 16 no
1391 2743 64 15 more
1466 2737 59 22 tnan
1536 2736 160 24 demonstrate
1711 2737 61 23 their

1247 2776 54 15 own
1311 2767 130 30 inferiority
1452 2767 32 30 by
1494 2768 139 30 competing
1644 2769 58 23 with
1713 2776 40 16 ma
1757 2777 15 14 a

1248 2799 26 23 in
1285 2798 35 24 his
1333 2807 78 15 arena.

1280 2831 24 23 It
1314 2838 74 16 soema
1400 2833 25 21 to
1437 2838 38 16 me
1489 2830 46 32 (for
1546 2831 13 23 I
1570 2831 29 23 do
1611 2833 43 22 not
1665 2831 60 24 wish
1745 2834 26 22 to

1247 2862 80 25 clothe
1338 2871 41 22 my
1389 2863 133 24 individual
1533 2863 99 30 opinion
1650 2864 58 23 with
1731 2864 41 24 the

1248 2895 170 23 authoritative
1428 2895 90 31 plural)
1525 2896 58 23 -that
1593 2895 44 24 the
1647 2895 54 24 first
1724 2896 48 23 and

1247 2925 113 25 foremost
1372 2926 76 31 object
1471 2927 23 23 of
1517 2935 14 16 a
1554 2930 112 21 woman's
1687 2928 85 30 higher

1249 2958 125 24 education
1397 2958 87 25 should
1506 2958 30 24 be
1557 2960 41 22 the
1621 2963 89 20 correct
1732 2961 39 24 de-

1248 2990 136 29 volopment
1395 2990 27 24 of
1430 2990 43 23 her
1484 2991 128 23 emotional
1622 2991 116 25 facilities.
1777 2995 2 24 '.

1268 3045 3 3 .
1280 3021 46 24 Let
1338 3029 43 16 our
1390 3030 81 22 young
1482 3023 64 29 girls,
1558 3023 72 24 when
1641 3023 57 31 they
1715 3025 57 23 have

1249 3053 106 25 attained
1366 3061 32 16 an
1409 3061 56 24 easy
1477 3054 139 31 knowledge
1628 3056 24 24 of
1663 3064 109 16 common

1249 3085 89 31 things,
1350 3086 85 24 devote
1445 3086 61 24 then.
1504 3095 4 5 1
1519 3087 59 23 time
1594 3089 26 23 to
1632 3088 40 24 the
1684 3096 89 23 expan-

1249 3117 53 25 sion
1324 3118 25 24 of
1370 3118 68 25 those
1467 3118 125 25 attributes
1615 3120 81 25 which
1717 3129 57 16 con-

1249 3150 84 23 stitute
1353 3150 68 24 them
1444 3152 95 30 sweetly
1560 3152 122 25 feminine.
1725 3154 49 24 Let

1248 3182 68 23 them
1326 3183 135 30 read-good,
1473 3191 59 21 pure
1541 3183 73 24 books
1637 3185 26 24 of
1663 3198 7 9 :■
1677 3192 3 11 :
1681 3185 93 25 hiunan
1777 3202 1 9 ;

1213 3219 4 26 j
1247 3213 107 29 interest,
1366 3214 35 25 let
1411 3214 69 27 them
1492 3216 55 30 sing
1562 3216 39 25 the
1623 3217 55 30 glad
1699 3218 79 28 worlij,

1213 3260 1 2 ■
1249 3252 59 24 song
1329 3246 59 24 with
1411 3246 42 24 the
1475 3251 68 26 pov,ts
1545 3263 5 19 ?
1574 3249 48 23 and
1642 3249 68 24 learn
1724 3268 4 11 ;
1732 3251 41 23 the

1212 3284 2 24 ;
1248 3278 78 23 divine
1337 3279 126 29 mysteries
1474 3279 24 24 6i
1498 3280 48 24 'art
1546 3280 3 22 i
1559 3281 46 23 and
1616 3279 112 33 natjire."'

1247 3338 22 24 A
1303 3338 163 26 TRAGEDY
1498 3341 37 24 IN
1578 3342 74 24 LOW
1692 3343 80 23 LIFE.

1263 3401 3 7 (
1280 3398 32 23 In
1322 3398 47 25 the.
1375 3398 99 25 absence
1486 3400 24 22 of
1520 3408 14 16 a
1547 3409 77 15 cause,
1637 3401 91 24 celebns.
1745 3402 30 30 inj

1249 3429 72 27 Paris;
1328 3438 15 15 a
1353 3431 98 30 tragedy
1462 3431 25 23 in
1498 3431 53 26 low.
1555 3431 49 27 lite,
1628 3432 77 23 which
1727 3433 48 25 has.

1247 3460 61 25 been
1320 3461 120 25 disclosed
1448 3460 78 26 befor'e
1536 3462 43 24 the
1595 3462 76 24 Tours
1689 3464 83 24 Assize

1248 3492 82 29 Court,
1353 3494 21 23 is
1397 3495 130 30 attracting
1553 3495 161 24 considerable

1247 3523 113 26 tentioni'
1404 3526 58 24 Two
1480 3529 122 27 ••person's,'
1623 3536 13 14 a
1659 3527 112 24 Madaine

1248 3556 82 24 Heron
1338 3557 48 28 a^nd
1393 3555 41 26 her
1440 3566 133 22 paramour,
1582 3559 89 23 named
1676 3559 99 24 Petaud'

1247 3596 58 16 were
1324 3590 101 23 accused
1446 3591 27 22 of
1491 3590 90 31 having
1602 3591 113 29 poisoned
1738 3599 32 16 an

1247 3620 91 24 Italian
1349 3621 75 24 called
1428 3638 4 8 r
1433 3644 3 2 .
1442 3622 146 30 Bevilacqua.
1597 3634 7 16 .;
1607 3622 27 24 in
1655 3624 71 22 order.
1731 3629 3 5 :
1744 3624 26 22 to

1247 3659 79 17 secure
1331 3669 2 7 ;
1337 3653 44 25 his,.
1385 3660 107 23 nioney..
1512 3653 49 23 The
1572 3646 89 31 Itaiiau
1672 3656 46 21 w'as
1724 3653 46 32 I'by-

1246 3683 66 24 trade
1323 3692 13 14 a
1348 3684 200 31 chimney-sweep,
1561 3686 43 26 but
1616 3693 59 16 even
1685 3686 27 23 in
1719 3682 52 29 iihis

1246 3715 100 29 humble
1357 3716 47 24 and
1414 3716 145 31 poorly-paid
1567 3716 88 31 calUng
1661 3717 31 24 he
1700 3725 69 19 man-.

1865 153 66 30 aged,
1945 153 79 30 owirig
2034 155 25 22 to
2074 153 37 24 his
2133 155 111 31 sobriety,
2264 154 121 35 industryy

1864 185 48 23 aiicl
1918 192 122 24 economy,
2048 188 27 22 to
2082 193 54 17 save
2144 187 93 29 £1,000
2241 196 27 17 or
2277 191 106 26 80,000f,

1863 216 21 24 B
1887 216 121 31 .wilacqua
2019 217 56 26 had.
2090 226 29 16 no
2139 216 114 33 children,
2277 221 48 24 &nd
2346 223 39 24 hia

1864 249 50 23 uife
1926 249 88 31 Laving
2024 249 52 24 died
2098 251 123 32 suddenly,
2226 259 3 9 1
2244 253 32 24 he
2296 254 87 25 retired
2387 261 3 12 1

1862 280 62 23 from
1936 278 108 27 business
2056 283 49 22 and
2122 286 65 22 .went
2209 285 25 23 to
2240 298 2 10 i
2253 285 47 25 live
2320 287 27 23 in
2369 294 16 17 a

1863 314 94 23 cabaret
1968 313 57 31 kept
2046 315 30 31 by
2098 315 109 25 Madame
2230 318 84 24 Heron
2335 319 48 23 and

1861 344 43 24 her
1924 344 120 25 husband.
2080 347 72 23 From
2180 348 62 28 this,
2258 350 55 24 date

1863 376 89 24 trouble
1957 385 11 16 s
1979 377 26 23 of
2013 377 41 25 the
2066 379 60 23 ex-cl
2137 379 168 32 iainey-sweep
2322 389 63 16 com-

1861 409 103 24 menced.
1998 410 39 23 He
2048 410 41 24 fell
2099 412 136 30 completely
2246 413 76 24 under
2338 414 45 24 the

1861 440 59 30 spell
1931 441 24 23 of
1965 441 41 24 the
2016 450 101 21 woman,
2133 443 52 24 who
2206 444 106 25 induced
2329 442 54 28 bim-

1862 475 25 21 to
1898 474 71 23 make
1980 482 12 14 .1
2005 474 46 23 will
2068 475 25 23 in
2107 475 51 24 .her
2179 477 91 28 favour,,
2289 477 97 32 leaving

1861 504 44 25 her
1915 504 42 25 the
1967 513 87 24 money
2064 506 79 25 which
2154 508 28 23 he
2200 510 133 29 possessed,-
2355 514 28 21 its'

1861 537 51 23 well
1941 546 26 16 as
1994 539 36 23 his
2059 539 68 24 small
2154 540 75 25 house
2245 561 3 3 .
2260 544 121 30 property.

1863 569 99 31 Shortly
1973 570 61 24 after
2051 570 40 25 the
2113 572 106 31 drawing
2233 581 46 22 .up,
2294 574 25 23 of
2324 575 58 23 -the

1859 602 56 27 will,
1928 602 78 23 which
2015 610 48 16 was
2086 602 97 25 effected
2203 605 27 23 in
2252 605 53 24 due'
2319 605 63 31 legal

1860 632 58 24 form
1931 633 24 23 in
1965 633 43 24 'the
2020 635 64 22 office
2106 635 26 23 of
2152 642 15 16 a
2188 635 79 31 public
2288 640 94 29 notary,

1858 665 99 23 Madain
1969 673 2 5 '
1985 666 84 23 Heron
2096 666 76 31 began
2198 670 25 21 to
2237 675 3 13 :
2250 670 62 23 treat
2319 670 12 21 ■/
2338 670 44 23 the

1859 696 90 24 Italian
1960 697 51 31 just;
2020 705 26 16 as
2058 698 45 25 she,
2105 717 5 10 (
2110 699 44 25 dicl
2159 699 45 25 her
2212 706 50 19 own
2270 700 111 25 husband

1858 729 85 22 —-that
1953 729 20 23 is
1986 731 25 25 to
2023 737 49 25 s,ay,
2085 737 27 18 as
2123 738 15 15 a
2148 733 110 29 quantite
2278 734 103 33 neglige*

1858 760 61 27 able,
1931 762 26 21 of
2018 762 83 30 person
2112 757 58 29 wW
2176 763 40 23 did
2227 764 43 23 not
2382 764 3 9 r

1861 790 47 24 She
1919 792 57 23 took
1977 791 3 2 '
1987 788 144 35 up~Tvsl}i7a
2152 791 95 27 rdMsli'
2247 793 13 10 a!
2260 794 121 27 'nlHlSsafi

1858 823 74 23 -f-the
1943 824 100 24 accusM
2044 824 5 8 r
2053 825 93 24 Pataud
2157 826 48 23 and
2221 827 41 23 h'er
2270 830 29 28 pf
2299 829 83 23 oceeil-
2391 837 2 7 ■

1857 854 54 31 ings
1921 855 57 24 with
1986 853 53 27 this'
2047 864 84 23 person
2142 859 99 23 aroused
2259 859 42 25 the'
2314 860 67 31 jeal-

1860 892 59 25 ousy
1931 886 46 25 and
1983 889 45 23 'the
2039 889 35 24 ire
2084 889 77 24 6f>the
2172 891 211 32 ancieflfcTsweeper;

1858 918 28 23 of
1894 918 129 32 chimneys,
2035 920 53 25 who
2100 922 96 24 evinced
2207 930 15 16 a
2240 926 86 30 strong.
2329 925 50 24 .in-
2391 938 2 8 ■.

1859 949 119 30 clination.
1982 955 25 21 to
2017 953 86 24 revoke
2113 954 39 24 his
2221 955 49 24 and
2280 959 26 24 tp
2312 979 2 2 .
2323 957 57 24 turn

1858 983 27 23 to
1895 983 40 23 his
1949 984 86 28 native,
2052 988 97 33 country
2149 993 2 4 1
2150 994 29 20 .,;
2347 995 42 20 .or\

1858 1015 49 23 two
1917 1012 61 26 after
1988 1014 41 26 the
2040 1013 132 36 Beginriihg
2182 1018 25 25 of
2207 1012 63 33 "'the.
2279 1014 3 9 '
2293 1016 97 29 tiaison'

1858 1046 103 24 between
1971 1047 42 24 the
2023 1056 90 17 woman
2125 1051 83 23 Heron
2219 1052 47 23 and
2276 1052 102 29 Patalid,

1857 1077 143 32 Bevilacqua
2016 1077 54 26 died
2086 1082 48 23 and
2150 1089 46 17 was
2209 1082 127 30 'buried,"-
2341 1085 40 23 his

1858 1111 75 28 goods
1944 1111 47 23 and
2008 1112 102 26 chattels
2136 1114 99 31 passing-
2260 1115 51 25 into
2321 1124 3 7 '
2327 1117 4 9 ;
2336 1117 48 24 the'

1857 1143 135 28 possession
2017 1143 3 10 :
2020 1143 26 23 of
2070 1144 38 23 his
2134 1145 119 32 landlany.
2261 1150 17 16 .■;
2304 1148 88 24 Somfe:

1859 1173 75 24 weeks
1943 1174 104 30 elapsed,
2056 1176 53 23 and:
2113 1176 59 24 then
2179 1178 110 24 Madame
2296 1179 85 25 Heron

1858 1212 59 23 gave
1928 1213 31 23 up
1971 1205 42 25 her
2022 1207 45 23 inn
2079 1208 128 25 to.P.ataud
2216 1210 55 24 .and
2279 1214 64 21 went
2348 1204 44 39 ]tq'

1858 1237 48 24 live
1917 1240 26 21 at
1953 1238 39 23 La
2002 1239 112 24 Eochelle
2124 1240 60 27 with
2191 1242 46 28 .her
2258 1243 111 24 husband
2371 1237 9 35 j,

1858 1270 54 23 who
1929 1278 47 16 was
1993 1271 113 24 rendered
2133 1268 92 29 almosV
2246 1267 80 37 i^ibtac
2347 1277 33 29 by

1857 1301 97 31 licquor.
1995 1302 101 29 Pataud,
2108 1322 2 3 .
2124 1304 26 23 in
2178 1305 41 31 thip
2245 1301 147 38 meantime/

1858 1333 155 24 blackmailed
2032 1335 37 24 his
2091 1336 104 24 mistress
2211 1333 104 36 steadil^,
2333 1339 48 24 and

1858 1367 26 22 at
1894 1366 55 27 last;
1962 1374 26 15 as
2000 1367 41 23 she
2053 1367 85 25 denied
2145 1378 3 5 '
2154 1369 92 24 further
2267 1371 111 30 supplies,

1858 1397 32 23 he
1901 1398 141 24 denounced
2053 1399 45 24 her
2108 1402 25 21 to
2141 1400 88 31 justice
2246 1403 31 29 by
2297 1410 85 17 means

1858 1429 27 23 of
1898 1437 148 22 anonymous
2068 1431 91 28 letters,
2203 1433 53 23 The
2268 1434 69 31 ;body
2357 1433 30 26 of

1858 1460 141 32 Bevilacqua
2011 1470 48 16 was
2072 1463 118 24 exhumed
2200 1465 81 31 nearly
2291 1474 14 16 a
2324 1474 63 23 year,

1858 1492 62 24 after
1927 1493 81 29 death,
2018 1496 47 22 and
2072 1496 20 23 it
2103 1503 51 17 was
2171 1497 136 24 discovered
2328 1498 55 23 that

1857 1525 32 23 he
1900 1525 49 23 had
1959 1525 59 24 been
2028 1527 113 29 poisoned
2152 1527 31 31 by
2194 1536 15 16 a
2220 1530 84 30 strpng
2325 1529 57 24 dose

1861 1556 26 23 of
1892 1564 15 16 a
1920 1558 72 23 senic.
2026 1558 112 24 Madame
2147 1559 83 25 Heron
2239 1560 47 24 arid
2294 1560 42 25 the
2345 1569 41 17 ex-

1859 1587 117 25 milkman
1987 1597 59 16 were
2058 1591 57 22 then
2126 1592 110 23 arrested'
2244 1600 27 16 as
2287 1594 83 24 a'ccoin
2369 1596 11 15 s-

1860 1620 74 31 plices
1945 1621 27 23 in
1983 1621 42 25 the
2037 1622 66 24 deed.
2122 1619 5 18 ]
2149 1623 53 24 The
2213 1629 2 10 :
2223 1625 52 29 pair
2296 1625 89 24 denied

1861 1651 63 24 their
1945 1653 61 30 guilt
2029 1654 176 33 energetically,
2228 1656 47 24 but'
2292 1657 27 23 it-
2333 1665 52 17 was

1861 1686 88 27 proved
1964 1685 55 24 that
2046 1686 123 24 Madame.
2178 1694 2 16 :
2187 1689 94 24 Heron,
2288 1689 57 24 ,told
2368 1698 16 15 a

1862 1723 126 20 womani—
1989 1717 62 28 who,
2063 1719 128 31 according
2195 1721 84 29 .to^he
2290 1721 101 32 E'vePjeh;-

1862 1750 103 27 custom,
1976 1757 49 16 was
2035 1752 45 28 put
2096 1750 52 24 into
2159 1773 2 1 .
2176 1752 48 29 the,
2246 1760 68 18 same
2340 1753 48 25 cell

1854 1790 2 4 ■
1861 1780 58 24 wibh
1931 1781 43 23 her
1985 1789 27 18 as
2023 1790 77 22 spy—
2100 1779 54 30 tiiat
2166 1783 43 24 she
2214 1804 3 3 .
2223 1785 48 22 and
2286 1776 102 37 pataud

1862 1811 48 24 had
1938 1813 71 24 made
2022 1810 81 37 '.away
2129 1813 66 26 with'
2206 1811 55 33 '.the'

1861 1843 153 32 Bevilacqua.
2049 1844 76 26 Other
2135 1846 124 26 witnesses
2270 1849 51 25 also
2328 1848 55 26 bore

1860 1877 84 29 strong
1953 1877 130 31 testimony
2100 1880 26 21 to
2135 1883 3 4 '
2147 1879 43 24 the
2211 1880 63 30 guilt
2294 1881 26 24 of
2340 1881 46 24 the

1860 1908 92 30 couple,
1955 1915 5 9 '
1966 1908 47 24 and
2018 1908 68 32 <they
2093 1917 61 17 were
2157 1922 3 6 >
2165 1910 58 24 both
2230 1912 151 24 condemned
2391 1929 2 4 •

1860 1940 25 22 to
1901 1939 63 24 hard
1984 1940 74 25 labor,
2072 1941 36 25 for
2126 1942 56 25 Men.
2194 1948 3 18 i
2220 1943 52 24 The
2293 1944 95 27 female,

1859 1971 73 28 fe^a,
1944 1972 174 27 whohastwo;
2126 1974 115 29 children,
2245 1976 83 23 ..heard
2334 1976 49 28 her,

1858 2006 113 22 sentence
1977 2004 103 24 without
2089 2003 124 36 flinching,
2231 2006 147 31 butPjataud

1860 2035 88 23 caused
1959 2044 14 15 a
1985 2044 70 16 scene
2066 2037 30 24 in.
2104 2040 69 21 court
2183 2038 32 32 by
2225 2034 38 29 h'is
2270 2037 115 35 vigorous

1859 2068 170 29 protestations
2048 2068 94 30 against
2163 2070 39 24 the
2224 2070 90 32 cruelty

1860 2100 111 29 injustice
1983 2100 26 24 of
2017 2100 42 24 the
2070 2101 45 24 law
2115 2099 2 13 1
2119 2119 5 6 .

1907 2181 22 23 A
1961 2179 170 27 TEERIBLE
2164 2180 171 30 MILITARY

1903 2208 435 35 BLUNDER.

1891 2285 130 31 Attempts,
2035 2293 56 24 says
2111 2285 43 26 the
2175 2286 95 27 Vienna
2280 2296 2 1 ■
2291 2296 95 18 corresr-
2391 2285 2 14 ;

1859 2318 106 29 pondent
1974 2317 26 24 of
2010 2318 41 23 the
2082 2317 103 26 London
2194 2320 81 24 Tinies
2284 2317 26 32 '",
2317 2322 64 24 have
2376 2319 3 9 :

1861 2350 56 22 been
1929 2350 69 23 niade
2020 2352 25 21 to
2067 2351 66 22 hush
2153 2359 33 22 up
2208 2359 15 16 a
2245 2352 147 31 deplorable;

1859 2381 106 31 military
1977 2381 102 25 blunder
2089 2382 32 31 by
2131 2382 85 25 which.
2221 2391 15 17 a
2251 2384 90 25 soldier
2348 2396 2 8 <
2358 2385 28 26 of
2391 2406 2 4 ,

1859 2413 41 24 the
1913 2414 59 23 13th
1983 2414 97 24 hussars
2091 2415 46 24 has
2148 2415 66 28 been:
2219 2416 77 27 killed.
2302 2427 5 18 ;
2310 2417 82 27 while;

1859 2448 173 28 twenty-seven
2042 2446 83 25 horses
2136 2455 63 17 were
2209 2450 182 31 mpre.or...less|.

1858 2477 72 31 badly
1940 2478 100 31 injured.
2073 2479 25 23 It
2115 2486 78 21 s.sems
2205 2497 3 4 .
2216 2481 52 23 that
2280 2476 42 29 'on
2341 2482 51 34 the;.

1859 2509 61 29 £Qjh
1942 2510 27 23 of
1977 2505 58 36 July
2057 2511 41 23 the
2119 2511 97 24 Hussar
2242 2506 141 38 Regiment,

1859 2540 80 25 which
1960 2542 22 24 is
2011 2543 126 30 quartered
2158 2544 27 22 in
2204 2541 71 27 Bu'da
2296 2545 87 29 Pesth;
2387 2544 4 13 :

1859 2572 48 25 wits
1918 2574 74 30 being
2002 2575 132 30 ins£e3ted.
2172 2576 53 23 The
2233 2580 4 11 ■'
2247 2575 135 34 exercising

1858 2605 78 24 lasted
1945 2607 49 23 two
2005 2606 74 25 hours
2098 2607 48 24 and
2164 2607 42 25 the
2220 2608 85 25 horses
2319 2618 63 16 were

1860 2638 65 30 quite
1936 2638 134 24 exhausted
2080 2639 62 23 from
2154 2639 65 25 their
2228 2641 75 24 wort.
2315 2663 3 4 ,
2327 2641 61 28 Col-;

1859 2670 56 23 onel
1924 2669 55 25 Von
1990 2670 62 25 Hies,
2065 2672 172 30 unexpectedly
2258 2681 60 23 gave
2339 2674 44 24 the

1860 2702 130 24 command
2001 2702 26 24 of
2035 2711 14 14 a
2071 2704 86 29 charge
2178 2712 14 15 a
2192 2720 1 6 ,
2197 2706 26 26 i.,,
2225 2704 47 24 fa1l
2293 2705 88 32 gallop.

1859 2733 53 25 The
1919 2734 109 30 .animals
2039 2742 68 17 were-
2111 2737 40 22 too
2162 2736 63 24 tired
2242 2731 31 30 to'
2290 2734 95 33 answer

1859 2768 26 21 to
1896 2766 41 23 the
1948 2769 79 27 spur..'
2045 2759 84 38 iftSany.
2141 2767 25 24 of
2175 2761 3 10 '
2186 2763 68 29 tliein
2277 2769 107 30 dropped

1859 2797 79 28 down,
1950 2794 82 30 otHers
2042 2795 62 27 t'iie'd
2113 2800 26 23 to
2148 2799 72 32 jump
2237 2808 57 17 over
2314 2801 71 24 those

1861 2836 32 17 on
1903 2829 44 28 the;
1955 2827 101 33 gioub-id,'
2060 2831 88 24 Other's
2159 2832 67 24 shied
2237 2833 48 24 and
2296 2833 90 25 dashed

1860 2862 43 23 otit
1915 2861 26 24 of
1950 2862 47 23 the'
2003 2862 81 24 ranks';
2089 2866 3 11 1
2103 2862 17 16 ;;i
2123 2864 44 22 All
2178 2864 50 24 this
2249 2866 87 29 passed
2357 2874 28 16 so

1859 2893 94 31 rapidly
1960 2893 148 25 Miatbefctfe
2119 2895 56 24 the^
2181 2899 110 29 trumpet
2310 2898 70 23 could

1861 2925 77 24 sound
1948 2934 23 15 a.
1973 2926 67 25 halt.
2045 2926 43 25 the
2108 2928 96 30 ground
2224 2936 49 20 was
2296 2932 90 22 strewn,

1860 2958 64 23 with
1932 2958 157 28 dismounted,
2096 2960 114 31 trqopers^
2219 2961 49 23 and
2289 2962 97 31 injured

1861 2989 93 24 horses.
1968 3008 6 9 ,
1976 3008 5 14 r
1988 2984 108 37 Resides,
2099 2991 43 32 th^
2145 2991 96 29 ..hussar
2261 2993 56 25 who
2338 2994 47 28 hag

1861 3021 54 25 died
1917 3022 75 23 ■.there
2004 3030 40 16 are
2055 3022 69 25 three
2134 3023 82 25 others
2227 3024 27 24 in
2265 3022 43 28 the
2329 3026 54 25 hos-

1861 3053 61 31 pital
2016 3054 113 31 expected
2135 3078 3 6 ,
2141 3057 40 23 'to
2202 3064 98 17 recover
2320 3057 63 26 from

1861 3080 64 30 tlieir
1931 3082 113 35 'infuries,
2056 3088 105 24 thirteen
2171 3088 55 25 who
2237 3097 40 16 are
2299 3090 83 24 suffer-

1860 3118 44 31 ing
1913 3112 191 32 fronVfraetures
2109 3132 1 1 ■
2115 3120 49 24 and
2174 3123 42 22 ten
2226 3121 62 25 from
2310 3122 75 31 slight

1862 3151 107 24 wounds.
1975 3158 3 8 1
1979 3149 4 5 '
1980 3152 6 14 I
1992 3160 6 6 '
2005 3153 4 10 '
2032 3151 48 25 Out
2107 3153 44 23 of;:
2159 3153 50 24 the;
2221 3154 83 31 eighty
2305 3162 87 20 .-seven.,

1861 3183 108 30 charges.
1972 3183 140 25 which;had
2123 3184 76 26 to.be;
2209 3186 130 31 coixsigned
2360 3191 32 21 to,

1863 3215 42 24 the
1914 3215 145 32 Veterinary-
2068 3210 141 38 Hospitaj^a
2220 3212 166 36 oonsiderable.

1862 3248 107 27 number,
1976 3266 8 6 ,.
1988 3249 57 29 ;will;
2061 3257 31 19 n.o
2115 3248 75 28 doubt
2213 3246 39 36 be_
2262 3251 64 24 unfit
2348 3251 40 28 fpr
2386 3248 6 8 J

1862 3280 98 23 further,
1968 3281 96 22 service.
2157 3276 17 27 V
2255 3276 98 15 ■•»-■'•■■.•..
2359 3277 5 15 i

1896 3371 66 25 Onee
1971 3372 73 24 when
2051 3381 17 15 a
2079 3373 85 27 doctor
2173 3375 164 33 was^yisiting
2343 3397 3 5 ,
2354 3383 38 21 an/

1863 3403 42 24 old
1915 3412 58 15 man
1984 3404 57 25 who
2050 3413 50 17 was
2107 3407 120 31 'Suffering
2233 3408 156 29 ironvrheu-,

1861 3436 101 22 matisiri
1973 3436 28 22 in
2009 3437 53 25 nhis.
2082 3438 77 28 back>,
2171 3439 31 23 he
2203 3461 5 7 (
2214 3457 2 5 .
2221 3440 101 30 /ordered
2343 3440 46 29 the,

1863 3466 52 27 wife
1928 3469 31 21 to.
1963 3467 44 24 rub
2018 3467 26 28 in.
2055 3469 85 32 plenty
2145 3488 4 12 ;
2150 3470 27 31 o,f
2185 3465 130 40 h^sHom
2337 3466 50 30 aid

1863 3498 41 29 oil^
1918 3521 3 2 .
1937 3498 122 35 Next.day
2070 3495 192 43 to't^.e^qc^r'a
2272 3498 112 38 sujprise',

1861 3529 32 25 he
1900 3529 134 36 ipu^dthe
2045 3533 107 30 pldman
2246 3543 84 21 worse;
2338 3536 51 30 and;

1861 3561 31 23 all
1908 3560 56 27 thV
1973 3562 55 25 skin
2041 3560 58 29 Saras
2121 3559 36 31 olf
2175 3563 126 29 h'is'Tbacki
2307 3568 4 13 ;
2324 3571 10 10 '•■
2345 3568 42 25 He.

1861 3594 93 23 turned'
1959 3596 26 22 to
1996 3596 41 24 ffie
2048 3599 102 22 woman'
2155 3599 53 23 and
2219 3597 79 32 asked,
2312 3604 14 14 <*
2335 3601 51 24 Did
2387 3607 3 7 1

1861 3624 48 31 y6ii
1921 3625 69 25 do'as
2001 3627 14 22 I
2015 3625 9 16 J
2032 3622 52 29 toid
2094 3630 93 30 you?''-
2283 3639 2 5 •
2295 3646 8 9 ,.
2309 3632 21 28 sj
2330 3639 12 16 v
2342 3650 7 10 ,
2363 3648 3 6 ,
2371 3633 17 25 j

1860 3655 92 24 rubbed
1959 3657 62 24 Mm?
2030 3660 62 24 with
2100 3667 3 12 :
2114 3664 14 10 <(
2128 3670 3 9 >
2140 3662 180 27 hearthstone'':
2331 3659 58 34 -and^

1837 3696 5 8 '
1861 3687 39 28 oil,
1908 3688 49 24 ibut
1967 3689 19 23 I-
1992 3690 72 25 don't,
2071 3699 40 17 see
2117 3693 56 29 tha,t
2179 3693 20 30 ii,
2206 3695 44 25 has
2258 3695 66 30 .djjne
2331 3695 54 26 him

1859 3726 48 28 any

614 30 135 27 OXFORD
784 29 66 28 AND
884 31 86 27 OUST
1005 30 185 32 OBSERVER,
1226 30 183 34 SATURDAY,
1443 34 188 30 DECEMBER
1665 37 38 32 14,
1715 58 2 3 .
1739 38 70 27 i§§9,
