2520 4020
710 1819 196 23 ENGLISH
936 1819 241 23 EXTRACTS.

647 126 60 20 pany
718 122 22 18 to
755 121 113 29 prosecute
885 117 42 22 the.
934 119 84 26 Copper
1030 118 70 21 mines
1116 118 80 22 known
1211 122 23 18 to

649 146 58 21 exist
715 148 23 18 at
748 144 37 22 the
799 145 100 26 Barrier;
918 144 36 22 the
966 145 83 27 quality
1060 145 24 21 of
1092 144 37 22 the
1140 152 43 19 ore,
1195 145 40 22 ob-

649 171 81 22 tained^
734 171 72 26 there/
820 170 40 22 lias
870 171 60 24 been'
940 171 75 26 rested,
1034 171 43 21 and
1092 171 69 21 found
1174 175 22 18 to
1207 172 28 22 be

648 198 53 22 such
713 205 23 14 as
747 197 154 28 toljustify'the
908 202 58 18 moat
976 198 181 27 diligentpursuit
1165 199 25 21 of
1197 198 37 22 the

643 225 135 21 •adventure.
797 234 3 8 >
811 236 3 4 ■
882 238 2 4 ■
1023 231 3 4 '
1142 232 2 5 '

661 260 7 12 -.
677 251 66 22 Since
752 251 38 21 the
800 251 70 21 above
884 258 44 16 wa3
937 251 24 23 in
975 251 67 27 print,
1052 258 32 14 we
1094 250 56 22 have
1160 258 51 16 seen
1222 260 13 13 a

649 279 84 26 private
744 278 62 22 letter
814 278 59 21 from
884 279 13 21 S
901 287 9 14 v
915 279 64 27 dney,
994 278 23 21 in
1030 276 70 25 which
1109 277 18 21 it
1136 278 18 21 is
1164 279 71 21 stated

650 304 47 22 that
707 305 125 21 immediate
841 308 59 25 steps
910 313 37 13 are
957 305 68 21 about
1034 310 22 15 to
1067 304 27 21 be
1105 304 66 22 taken
1182 305 30 26 by
1223 313 13 13 a

649 332 113 27 Company
778 331 85 22 formed
879 331 69 27 there,
969 335 21 17 to
1008 338 62 19 carry
1085 335 38 17 out
1135 331 43 21 this
1194 332 41 21 im-

649 362 89 23 portant
754 359 82 26 objectj;
854 358 18 20 it
882 362 66 18 states
959 357 47 22 that
1020 357 37 22 the
1072 357 49 26 brig
1133 359 103 20 Bandeith

650 387 17 19 is
687 385 45 21 laid
752 392 27 14 on
798 385 33 21 for
852 383 126 26 Auckland,
999 383 43 22 and
1060 383 44 22 will
1122 385 41 21 sail
1180 386 55 21 from

651 412 89 27 Sydney
750 416 31 16 on'
789 411 36 21 the
841 411 50 21 16th
906 410 135 34 September,
1053 411 47 21 that
1108 411 38 21 she
1159 412 77 27 brings

650 441 138 24 twenty-two
807 437 72 26 cabin,
900 435 44 24 and
962 440 83 23 twenty
1065 441 97 24 steerage
1186 446 50 20 pas-

650 471 97 20 sengers,
757 464 37 22 the
808 464 74 25 object
891 465 26 20 of
926 464 74 23 whose
1009 463 52 22 visit
1074 463 19 22 is
1102 465 135 27 exclusively

651 491 99 22 directed
759 495 22 17 to
792 491 59 21 work
861 491 37 21 the
905 498 80 20 copper
995 491 60 21 mine
1062 494 22 18 at
1094 490 37 22 the
1142 491 93 22 Barrier.

678 519 34 26 By
722 517 37 22 the
769 525 59 14 same
834 517 71 21 vessel
916 525 13 13 a
939 521 77 24 patent
1022 517 47 21 flax
1081 517 101 23 machine
1192 519 44 21 will

651 551 63 15 come
730 544 69 25 down,
809 544 56 21 from
878 543 36 22 the
929 543 120 22 successful
1064 544 132 27 application
1213 545 26 21 of

651 571 79 26 which,
742 571 65 21 much
814 570 60 27 good
884 571 70 28 toj;he
966 570 82 27 Colony
1057 571 18 21 is
1086 571 132 28 anticipated

677 598 47 21 The
755 599 103 26 Supreme
883 597 68 22 Court
975 597 122 21 assembled
1121 599 116 27 yesterday

653 624 105 27 morning
772 625 32 21 for
824 623 37 22 the
877 623 105 28 despatch
997 624 25 21 of
1039 624 98 22 business
1154 633 28 13 on
1199 625 37 22 the

651 651 106 22 Criminal
774 651 55 26 side,'
829 662 25 4 —
858 651 63 21 when
931 651 34 21 his
977 650 78 22 Honor
1065 650 37 22 the
1113 651 65 23 Chief
1185 653 52 21 Jus-

651 678 41 22 tice
705 678 165 26 congratulated
881 677 36 22 the
928 677 59 26 Jury*
995 684 59 18 up^n
1065 678 37 21 the
1112 678 72 28 happy
1195 679 41 21 cir-

650 709 128 18 cumstance
785 705 24 21 of
816 712 14 14 a
840 703 89 23 maiden
941 704 112 26 calendar,
1064 705 44 21 and
1119 705 116 22 dismissed

650 731 62 22 them
721 735 22 17 to
754 731 55 21 their
819 731 86 22 several
915 731 145 27 occupations.

684 766 24 23 It
721 774 92 23 appears
825 766 29 30 by
867 766 37 23 the
915 766 114 30 following
1041 770 86 19 extract
1139 766 48 24 that
1199 766 38 24 the

651 800 152 30 empounding
820 803 35 19 act
867 801 20 21 is
900 799 47 23 still
959 800 21 22 in
997 799 68 29 force,
1086 799 85 31 though
1183 801 54 29 long

651 834 63 22 since
733 833 57 23 been
807 832 114 31 supposed
933 837 22 19 to
968 832 55 23 have
1043 832 99 31 expired.
1178 834 59 22 This

651 867 63 30 point
726 866 79 24 should
818 872 23 17 at
854 874 54 15 once
922 866 26 23 be
961 873 53 16 seen
1027 866 75 23 about.

679 903 77 21 Goats
767 910 44 14 and
822 903 63 21 Pigs.
887 914 28 3 —
917 902 40 22 We
968 902 76 22 advise
1052 902 36 21 the
1100 902 134 27 proprietors

651 929 26 21 of
686 930 44 21 this
745 929 131 28 description
887 930 25 21 of
925 929 128 27 peripotetic
1063 929 69 25 stock,
1148 933 22 16 to
1182 929 55 26 keep

651 957 62 21 them
729 956 75 21 within
821 964 78 19 proper
916 956 125 21 enclosures
1056 957 36 20 for
1109 955 36 21 the
1155 956 80 23 future,

651 983 47 21 The
719 983 130 25 constables,
868 983 72 21 under
956 982 109 27 authority
1081 982 23 21 in
1122 982 46 21 that
1188 989 49 14 case

650 1010 65 20 made
727 1010 42 20 and
783 1010 113 27 provided,
914 1016 36 14 are
961 1008 87 28 driving
1065 1008 57 22 them
1135 1016 24 13 en
1173 1015 65 14 masse

651 1041 21 16 to
685 1036 37 21 the
733 1036 80 27 pound,
830 1036 89 21 whence
935 1035 51 27 they
997 1043 78 19 escape
1091 1041 38 15 not
1131 1048 26 3 —
1159 1040 78 23 except

651 1063 28 26 by
694 1062 115 22 forfeiture
825 1062 24 22 of
862 1063 85 21 certain
964 1062 63 27 pains
1042 1062 44 22 and
1102 1063 108 27 penalties
1212 1074 25 3 —

651 1091 54 19 verb.
721 1096 43 20 sap.

712 1124 43 23 We
767 1124 138 23 understand
923 1123 50 24 that
991 1123 37 23 the
1049 1130 91 24 present
1152 1126 43 30 trip
1215 1125 26 22 of

652 1157 37 23 the
705 1156 111 28 Victoria,
830 1157 18 23 is
868 1162 22 18 to
911 1157 27 23 be
959 1157 36 23 the
1017 1157 49 23 first
1083 1158 25 22 of
1124 1166 12 14 a
1147 1158 90 31 regular

651 1192 71 22 series
738 1191 24 22 of
778 1199 106 23 passages
903 1196 22 17 to
945 1190 44 24 and
1009 1190 42 28 fro,
1071 1191 100 22 between
1192 1192 45 22 this

651 1224 71 31 place,
736 1225 44 22 and
798 1229 61 26 ports
879 1224 125 23 Nicholson
1023 1224 43 23 and
1086 1224 83 23 Nelson
1178 1234 5 19 ;
1203 1225 34 21 for

652 1258 36 23 the
709 1265 98 24 purpose
827 1258 25 23 of
877 1257 99 31 keeping
994 1265 29 23 up
1043 1265 12 15 a
1072 1258 123 30 regularity
1216 1258 25 22 of

652 1292 196 27 communication,
862 1291 45 23 and
919 1292 125 29 conveying
1057 1291 36 23 the
1107 1291 64 23 mails
1185 1291 51 23 with

651 1324 150 32 punctuality.
837 1324 44 23 We
899 1324 47 23 hail
966 1324 44 23 this
1032 1333 24 14 as
1076 1333 13 13 a
1107 1324 130 23 favourable

651 1357 122 23 indication
786 1358 23 22 of
825 1366 11 14 a
849 1365 112 22 generous
980 1359 91 29 activity
1085 1366 28 14 on
1133 1358 36 22 the
1187 1363 51 24 part

651 1391 25 22 of
691 1391 38 22 the
741 1398 49 15 new
803 1391 125 27 Governor,
942 1398 32 15 we
986 1399 37 14 are
1036 1398 52 15 sure
1100 1391 48 22 that
1164 1392 18 22 it
1194 1391 43 22 will

651 1424 27 22 be
691 1432 12 14 a
716 1429 64 26 great
793 1424 74 30 public
880 1424 91 22 benefit.
1004 1424 47 22 -We
1066 1431 60 15 warn
1139 1424 34 22 his
1188 1424 49 22 Ex-

652 1458 100 29 cellency
764 1457 109 28 however,
887 1456 56 28 that,
957 1465 24 14 as
994 1465 54 15 soon
1067 1465 24 15 as
1104 1457 37 22 the
1154 1458 83 22 advan-

653 1495 50 26 tage
715 1491 103 23 becomes
831 1490 104 28 familiar,
948 1491 30 29 by
988 1498 47 20 use,
1046 1491 28 22 he
1086 1490 45 22 will
1143 1490 26 23 be
1183 1491 53 27 told,

653 1524 47 23 that
713 1524 17 23 it
748 1524 19 23 is
787 1532 26 15 an
832 1524 115 30 improper
966 1524 147 22 interference
1132 1524 53 22 with
1199 1524 38 22 the

651 1557 126 31 legitimate
789 1557 130 23 mercantile
936 1557 113 30 province,
1063 1557 44 23 and
1119 1557 48 23 that
1180 1565 57 15 none

653 1591 43 22 will
710 1591 28 22 be
750 1598 24 15 so
786 1590 96 23 forward
904 1595 21 18 to
945 1598 40 22 say
997 1598 33 20 so,
1044 1599 24 14 as
1082 1590 37 23 the
1131 1591 106 22 croakers

653 1629 22 17 at
696 1624 148 31 Wellington,
864 1624 50 22 who
933 1624 56 22 have
1011 1624 56 22 done
1086 1631 66 22 every
1173 1624 66 30 thing

653 1658 52 30 they
723 1665 41 14 can
784 1662 21 17 to
823 1657 133 30 discourage
976 1664 23 15 so
1018 1656 75 23 useful
1112 1664 27 15 an
1154 1657 81 31 object.

654 1691 45 23 For
712 1690 37 23 the
765 1694 99 27 present,
879 1698 28 14 on
927 1690 37 22 the
983 1694 50 25 part
1052 1690 23 22 of
1092 1697 40 15 our
1150 1690 87 22 fellow-

653 1725 101 26 citizens,
767 1732 32 14 we
811 1724 56 22 have
881 1723 51 30 only
946 1728 22 17 to
987 1723 71 22 thank
1077 1723 37 22 the
1133 1723 104 23 Govern-

653 1762 62 18 ment
727 1757 34 22 for
774 1756 56 23 their

1875 119 24 22 of
1914 119 59 30 duty
1981 126 60 23 upon
2057 119 88 30 foreign
2161 119 82 29 linens,
2256 129 24 15 as
2298 121 112 30 proposed
2427 121 32 29 by

1876 150 82 26 Sir\R.
1968 151 54 24 Peel
2034 153 24 25 in.
2067 151 35 23 his
2111 159 49 16 new
2168 152 166 24 Tariff—more
2344 154 113 31 improve-

1876 188 73 20 ments
1961 184 82 31 having
2055 184 57 23 been
2123 185 64 23 made
2206 184 67 24 both.
2281 187 23 21 in
2322 186 72 23 fabric
2413 186 44 23 and

1876 217 80 30 design
1968 218 61 23 since
2041 217 37 24 the
2090 217 83 24 former
2184 218 116 23 reduction
2317 219 28 22 in'
2352 219 39 23 the
2403 219 55 30 duty

1876 257 27 16 on
1917 249 100 24 German
2038 250 60 24 table
2116 251 69 28 linen,
2198 251 60 23 from
2277 253 35 22 3s.
2327 255 22 19 to
2368 253 37 22 2s.
2417 259 41 24 per

1871 279 86 35 'square
1969 283 62 31 yard,
2044 283 53 23 than
2110 284 17 22 it
2138 291 45 15 was
2191 284 100 30 possible
2303 284 34 22 for
2349 284 38 23 the
2398 289 60 18 most

1876 316 109 30 sanguine
1997 315 85 24 friends
2094 317 24 23 of
2134 315 58 25 Free
2204 317 75 23 Trade
2297 324 51 15 ever
2366 322 23 18 to
2401 317 57 23 have

1877 348 170 32 contemplated.
2084 349 65 31 They
2169 349 51 23 alsa
2231 350 114 23 instanced
2365 350 94 23 another

1876 382 66 30 proof
1959 382 24 22 of
1998 382 38 23 the
2051 382 56 22 evils
2129 383 25 22 of
2160 396 3 5 •
2177 383 140 23 restrictions
2335 390 30 15 on
2387 382 70 24 trade.

1870 415 53 24 .For
1941 416 110 30 example,
2073 415 64 23 when
2160 415 38 23 the
2219 415 46 23 silk
2287 416 103 30 question
2414 423 45 15 was

1876 448 99 31 brought
1989 448 97 23 forward
2100 449 28 30 by
2140 449 48 23 Mr.
2203 448 142 29 Huskisson,
2358 448 38 24 the
2408 449 52 22 ruin

1876 481 24 22 of
1909 481 38 22 the
1959 481 45 22 silk
2016 481 62 23 trade
2088 482 25 22 of
2122 481 45 24 this
2175 486 96 26 country
2279 488 20 15 w
2301 489 24 16 as
2335 481 123 30 predicted,

1876 514 43 22 and
1931 519 39 25 yet
1981 514 36 23 the
2031 515 70 22 result
2113 522 52 21 was,
2178 514 50 24 that
2242 515 24 23 in
2278 515 35 22 six
2325 521 66 24 years
2403 514 57 23 after

1876 547 36 22 the
1925 547 138 23 destruction
2075 547 25 23 of
2115 548 37 23 the
2164 548 45 23 silk
2222 547 127 31 monopoly,
2363 547 38 23 the
2416 547 43 22 im-

1876 581 111 28 portation
1999 581 25 22 of
2039 587 44 16 raw
2095 581 44 22 and
2158 580 87 24 thrown
2264 580 45 24 silk
2324 588 45 15 was
2381 580 78 31 nearly

1876 613 104 23 doubled.
2016 613 48 23 Mr.
2076 613 142 28 M'Cullock,
2229 615 24 22 in
2265 614 35 23 his
2312 613 150 23 Commercial

1876 645 137 30 Dictionary
2032 649 70 20 states
2120 646 49 23 that
2189 647 38 22 the
2246 647 44 23 real
2311 655 24 15 or
2356 646 104 24 declared

1877 679 63 22 value
1954 679 24 22 of
1988 679 37 22 the
2037 679 45 23 silk
2094 679 70 30 goods
2174 679 24 23 of
2208 679 86 23 British
2304 680 156 24 manufacture

1877 711 107 30 exported
2001 716 21 18 to
2044 711 96 29 France,
2159 713 23 21 in
2203 714 72 26 1832,
2295 713 118 22 amounted
2438 717 22 18 to

1877 745 120 28 £75,187,
2008 745 96 30 proving
2115 745 37 22 the
2166 745 59 23 truth
2238 745 24 23 of
2272 745 90 23 Poulett
2372 745 88 24 Thom-

1877 778 61 21 son's
1961 778 116 26 assertion,
2091 778 48 23 that
2157 778 38 23 the
2215 778 51 23 soul
2284 778 24 23 of
2323 778 103 30 industry
2441 779 19 22 is

1877 811 151 29 competition.
2066 810 28 23 In
2107 811 35 23 his
2154 811 82 30 speech
2247 819 28 15 on
2285 811 36 23 the
2333 811 46 23 silk
2392 819 68 23 ques-

1878 844 54 27 tion,
1945 843 29 22 he
1986 844 49 23 said
2093 844 94 23 Relieve
2206 852 28 15 us
2252 844 57 23 from
2329 844 37 23 the
2384 845 77 22 chains

1877 877 22 21 in
1930 876 72 23 which
2025 884 57 22 your
2111 877 120 23 indiscreet
2260 877 131 23 tenderness
2420 877 40 23 has

1878 909 107 23 shackled
1999 918 25 14 us
2036 919 5 19 ;
2061 917 89 16 remove
2162 917 56 24 your
2231 910 128 31 oppressive
2371 914 90 27 protec-

1879 943 45 22 tion
1935 952 5 18 ;
1961 943 49 30 give
2023 951 26 15 us
2062 943 38 23 the
2114 943 41 23 fair
2173 943 53 23 field
2245 951 31 15 we
2297 943 56 28 ask;
2373 943 45 23 and
2429 951 32 15 we

1878 976 95 22 demand
1992 984 28 15 no
2041 984 69 16 more.
2156 976 49 23 The
2225 976 77 28 talent,
2316 976 37 23 the
2372 977 88 31 genius,

1878 1009 36 23 the
1928 1011 131 29 enterprise,
2070 1010 37 22 the
2119 1010 88 31 capital,
2220 1010 37 23 the
2268 1009 102 32 industry
2383 1010 25 23 of
2417 1010 44 22 this

1877 1047 63 25 great
1952 1043 78 30 people
2044 1043 43 22 will
2107 1044 27 22 do
2155 1044 37 21 the
2211 1048 61 24 rest;
2291 1043 43 22 and
2355 1043 106 30 England

1878 1076 42 22 will
1942 1081 39 17 not
1993 1076 53 31 only
2056 1077 72 22 retain
2140 1077 40 22 her
2199 1081 91 26 present
2302 1077 108 29 position,
2422 1077 41 21 but

1878 1109 38 22 she
1930 1109 45 22 will
1989 1109 52 23 take
2053 1117 13 14 a
2084 1114 37 26 yet
2134 1117 60 15 more
2205 1109 95 23 forward
2311 1109 64 31 place
2387 1110 25 22 in
2424 1109 38 22 the

1878 1150 50 14 race
1941 1142 25 22 of
1982 1143 144 30 competition
2144 1142 35 23 for
2192 1142 80 23 wealth
2293 1142 43 22 and
2348 1143 114 30 improve-

1879 1180 67 23 ment,
1962 1175 79 29 which,
2055 1175 28 30 by
2096 1176 37 22 the
2154 1180 78 18 nature
2253 1176 25 21 of
2292 1175 84 29 things,
2391 1175 39 22 she
2443 1177 19 20 is

1879 1208 102 22 destined
1994 1213 21 18 to
2036 1216 41 15 run
2097 1213 104 25 amongst
2219 1208 38 23 the
2276 1208 87 23 nations
2386 1209 24 22 of
2425 1208 38 22 the

1975 1241 129 23 —London
2111 1248 81 24 paper.

1912 1281 84 23 Hints
2018 1290 30 15 to
2066 1289 50 16 the
2135 1283 141 22 Choleric.
2278 1281 74 24 —All
2370 1283 90 30 experi-

1879 1319 73 18 ments
1966 1315 51 22 with
2034 1323 55 23 cups
2102 1316 42 22 and
2163 1323 99 21 saucers,
2282 1316 94 31 glasses,
2390 1323 72 21 vases,

1879 1349 101 27 mirrors,
1992 1349 51 28 &c,
2063 1356 37 15 are
2114 1349 65 22 much
2199 1349 73 22 better
2283 1349 134 31 performed,
2430 1348 34 23 for

1879 1381 92 23 obvious
1984 1389 99 21 reasons,
2102 1387 22 17 at
2136 1382 63 22 other
2212 1382 90 30 peoples
2314 1382 82 23 houses
2410 1382 54 23 than

1879 1418 21 18 at
1919 1422 57 22 your
1989 1423 56 15 own.
2084 1415 22 22 It
2125 1416 19 21 is
2158 1423 51 21 very
2222 1415 102 31 pleasant
2340 1415 44 24 and
2403 1417 61 29 quite

1881 1448 136 30 pardonable
2029 1453 21 18 to
2064 1456 72 23 sweep
2145 1457 13 14 a
2170 1448 40 23 few
2218 1449 87 30 glasses
2315 1449 33 22 off
2358 1448 37 23 the
2405 1449 59 23 table

1879 1481 23 22 in
1914 1489 14 14 a
1945 1481 26 22 fit
1984 1481 24 23 of
2025 1481 138 23 enthusiasm
2182 1490 49 14 now
2250 1482 41 23 and
2311 1481 52 24 then
2366 1482 98 23 —when

1879 1522 42 22 you
1935 1521 37 16 are
1985 1514 77 31 dining
2076 1519 52 24 out;
2145 1516 40 21 but
2198 1515 17 22 it
2226 1516 20 21 is
2260 1514 106 31 perfectly
2378 1515 85 23 riducl-

1879 1555 39 15 ous
1938 1552 23 18 to
1974 1547 94 30 proceed
2087 1552 22 18 to
2122 1548 55 22 such
2196 1548 138 23 extremities
2354 1552 22 18 at
2390 1548 73 29 home,

1879 1580 73 23 where
1966 1581 36 22 the
2010 1580 76 23 modes
2095 1581 25 22 of
2129 1582 118 29 inventing
2257 1589 52 22 rage
2319 1589 38 14 are
2367 1582 95 23 infinite.

1881 1613 44 23 For
1938 1621 12 14 a
1964 1613 121 24 somewhat
2102 1615 85 22 similar
2200 1622 87 20 reason,
2308 1614 10 22 I
2331 1614 65 23 differ
2407 1613 57 24 from

1880 1646 63 23 those
1956 1647 48 22 who
2017 1646 175 31 systematically
2210 1651 48 18 tear
2275 1647 57 22 their
2354 1655 48 14 own
2417 1646 47 24 hair

1881 1680 62 22 when
1956 1679 52 30 they
2021 1679 39 23 fall
2076 1681 47 21 into
2141 1688 13 14 a
2171 1688 122 23 paroxysm
2304 1689 5 18 ;
2330 1680 63 24 there
2404 1681 20 22 is
2435 1688 29 15 no

1880 1714 102 21 occasion
1995 1713 33 23 for
2041 1714 23 27 it,
2078 1714 95 22 because
2192 1721 46 21 you
2256 1713 72 31 might
2339 1714 91 30 happen
2442 1718 22 18 to

1880 1746 25 22 be
1918 1747 100 30 wearing
2030 1755 13 14 a
2055 1747 50 30 wig,
2119 1746 44 23 and
2176 1746 36 22 the
2226 1747 65 22 effect
2304 1747 72 22 would
2389 1747 28 23 be
2428 1747 36 23 lu-

1880 1778 98 24 dicrous.
2003 1780 22 22 It
2038 1780 19 22 is
2069 1779 33 23 far
2115 1780 72 22 better
2201 1784 21 17 to
2236 1779 74 24 thrust
2323 1788 57 22 your
2393 1780 71 23 hands

1881 1812 139 31 desperately
2033 1813 47 22 into
2093 1813 37 23 the
2149 1813 59 22 loose
2226 1813 64 23 locks
2304 1813 24 22 of
2342 1813 123 31 somebody

1881 1846 78 29 sitting
1972 1852 53 16 next
2038 1851 21 18 to
2072 1854 51 22 you,
2137 1847 88 29 tearing
2239 1846 58 23 them
2310 1846 109 31 violently
2431 1848 34 21 for

1881 1879 36 22 the
1931 1886 66 23 space
2010 1879 24 23 of
2050 1886 27 15 an
2091 1880 92 27 instant,
2198 1879 42 23 and
2259 1879 53 23 then
2324 1880 142 31 apologising

1880 1912 33 22 for
1927 1912 37 23 the
1978 1912 103 23 wildncss
2103 1913 25 22 of
2142 1920 57 22 your
2211 1913 144 27 excitement,
2368 1913 44 22 and
2428 1913 37 23 the

1882 1951 98 17 extreme
1993 1946 163 29 susceptibility
2172 1945 24 23 of
2206 1954 56 21 your
2274 1945 104 31 feelings.
2401 1946 65 24 Your

1882 1979 131 29 sensibility,
2028 1979 43 22 and
2093 1979 37 22 the
2149 1978 122 23 frankness
2284 1979 24 22 of
2321 1987 57 21 your
2391 1979 76 31 dispo-

1881 2012 76 27 sition,
1971 2012 44 22 will
2035 2012 46 22 find
2102 2020 68 21 many
2182 2012 124 27 admirers';
2328 2012 38 23 but
2384 2017 22 18 to
2419 2012 48 31 pull

1882 2052 55 22 your
1950 2052 50 15 own
2011 2045 50 22 hair
2074 2045 40 22 has
2127 2050 22 17 at
2162 2045 48 22 best
2223 2045 41 22 but
2276 2053 28 15 an
2316 2045 96 24 affected
2424 2045 43 23 and

1883 2078 116 22 theatrical
2021 2078 62 23 look.
2128 2078 50 23 The
2201 2079 97 30 practice
2321 2086 105 16 common
2445 2083 23 19 to

1883 2119 66 21 many
1963 2111 24 22 of
1997 2111 37 22 the
2047 2111 97 23 choleric
2145 2111 82 22 —that
2239 2111 25 22 of
2273 2111 80 31 taking
2365 2112 34 23 off
2410 2111 57 24 their

1883 2144 57 28 hats,
1953 2144 97 31 flinging
2062 2145 60 22 them
2134 2149 23 18 at
2169 2144 37 22 the
2218 2145 51 22 first
2277 2144 72 31 object
2359 2145 54 30 they
2421 2153 45 19 see,

1883 2177 42 22 and
1939 2177 52 22 then
2005 2177 94 31 kicking
2112 2177 68 28 them,
2195 2178 125 30 regardless
2333 2178 26 23 of
2368 2186 100 23 expense

1883 2212 52 21 —is
1948 2219 41 14 one
2003 2210 47 23 that
2062 2219 73 15 seems
2148 2215 22 19 to
2182 2210 57 23 have
2260 2212 73 22 arisen
2346 2216 39 18 out
2398 2211 26 23 of
2438 2219 28 15 an

1883 2245 128 22 instinctive
2029 2243 92 31 feeling,
2133 2245 42 22 but
2192 2244 59 23 until
2269 2244 68 30 lately
2357 2245 17 22 it
2387 2252 45 15 was
2445 2250 22 18 to

1883 2278 25 22 be
1922 2277 137 23 condemned
2080 2285 24 15 as
2125 2278 92 22 ruinous
2239 2282 21 18 to
2283 2277 62 23 those
2365 2278 50 22 who
2428 2278 40 23 fall

1883 2318 54 22 very
1958 2310 126 30 frequently
2105 2311 47 22 into
2172 2318 12 15 a
2204 2311 100 30 passion.
2340 2310 24 23 It
2384 2312 20 21 is
2423 2310 46 23 less

1884 2344 168 29 exceptionable
2071 2351 65 16 now:
2154 2344 38 23 the
2211 2344 70 30 cheap
2294 2343 50 23 hats
2363 2352 39 15 are
2423 2345 44 22 im-

1884 2385 75 15 mense
1980 2377 160 23 conveniences
2160 2382 22 18 to
2203 2377 37 23 the
2262 2377 103 23 choleric.
2404 2377 23 23 It
2448 2378 19 22 is

1884 2410 79 28 better,
1984 2410 107 28 however,
2114 2415 22 18 to
2155 2410 80 23 snatch
2248 2418 12 15 a
2279 2410 91 23 friend's
2384 2411 34 22 off
2431 2410 36 23 his

1885 2443 54 23 head
1952 2443 44 23 and
2008 2448 35 18 set
2053 2451 57 22 your
2121 2443 47 23 foot
2180 2451 60 23 upon
2251 2444 26 27 it,
2382 2452 50 14 care
2445 2448 22 19 to

1884 2476 53 31 pick
1956 2478 17 21 it
1992 2485 28 22 up
2043 2476 158 31 immediately,
2222 2476 100 30 tenderly
2340 2478 92 29 putting
2450 2478 19 22 it

1884 2511 46 21 into
1954 2509 68 31 shape
2037 2518 13 14 a
2067 2509 57 23 little
2146 2510 43 23 and
2208 2509 111 31 brushing
2337 2510 28 22 its
2378 2510 90 30 injured

1886 2551 50 24 nap,
1958 2544 43 22 and
2025 2544 119 30 returning
2161 2544 17 21 it
2198 2543 52 22 with
2269 2550 56 23 your
2344 2542 125 32 unfeigned

1885 2581 94 27 regrets.
2016 2577 12 23 I
2041 2576 81 23 should
2133 2581 40 18 not
2191 2576 74 31 forget
2281 2581 20 18 to
2314 2577 99 22 mention
2427 2584 41 16 one

1885 2610 118 30 ingenious
2015 2610 126 31 expedient,
2155 2609 73 23 which
2239 2610 19 22 is
2272 2617 51 15 sure
2334 2614 23 18 to
2369 2606 99 34 produce

1885 2652 12 14 a
1908 2643 85 31 speedy
2005 2643 67 23 relief
2088 2647 21 18 to
2130 2643 154 23 over-excited
2304 2642 104 30 feelings.
2431 2647 3 5 '
2445 2643 24 23 It

1885 2677 18 22 is
1922 2675 171 24 recommended
2114 2683 28 15 on
2166 2676 115 30 authority
2301 2683 24 15 as
2348 2675 119 24 infallible.

1885 2709 51 23 You
1949 2709 80 23 should
2042 2710 48 22 first
2101 2709 52 23 lock
2166 2708 37 23 the
2215 2708 55 23 door
2282 2708 25 23 of
2321 2716 56 23 your
2389 2709 80 30 sitting

1885 2751 68 19 room,
1968 2738 43 27 and
2023 2743 53 22 then
2095 2742 29 23 lie
2144 2742 63 22 down
2221 2749 29 15 on
2269 2749 54 23 your
2337 2741 57 23 back
2407 2749 62 23 upon

1885 2777 36 22 the
1933 2784 44 22 rug
1994 2776 76 22 before
2090 2775 37 23 the
2145 2775 49 28 fire,
2208 2775 81 30 taking
2307 2779 22 18 at
2347 2775 39 22 the
2407 2782 62 16 same

1886 2811 52 22 time
1959 2817 42 14 one
2018 2809 25 22 of
2064 2808 38 23 the
2123 2808 126 31 bell-ropes
2267 2809 23 21 in
2310 2808 70 22 either
2399 2808 68 23 hand.

1887 2843 26 23 In
1926 2843 47 22 this
1985 2843 97 30 position
2097 2848 46 23 you
2162 2841 44 23 will
2225 2841 48 23 find
2292 2849 13 15 a
2316 2840 57 24 little
2385 2840 85 24 violent

1886 2876 95 30 pulling'
1993 2883 52 23 very
2064 2875 110 29 pleasant.
2211 2875 54 26 But,
2275 2874 62 23 don't
2356 2874 64 23 leave
2440 2874 30 23 off

1886 2909 84 29 merely
1982 2909 97 22 because
2091 2907 126 31 everybody
2227 2909 24 21 in
2264 2908 36 22 the
2312 2907 72 23 house
2396 2915 74 15 comes

1886 2942 93 28 rattling
1991 2946 22 18 at
2025 2942 37 22 the
2075 2941 61 27 door,
2151 2941 100 30 desiring
2272 2945 21 18 to
2306 2940 67 23 know
2385 2944 40 19 not
2436 2940 34 23 for

1886 2975 58 22 their
1956 2982 57 21 own,
2025 2974 40 23 but
2079 2974 33 22 for
2126 2973 117 23 Heaven's
2264 2973 62 28 sake,
2341 2972 79 24 what's
2432 2973 38 23 the

1886 3012 88 18 matter.
2011 3007 65 29 Keep
2089 3014 27 14 on
2130 3007 95 29 tugging
2238 3010 23 18 at
2277 3005 53 24 both
2342 3005 58 24 bells
2412 3005 58 27 un,til

1886 3041 36 21 the
1935 3040 56 22 door
2001 3040 19 22 is
2033 3039 86 23 broken
2133 3046 56 23 open
2192 3047 77 22 —you
2286 3038 43 23 will
2341 3039 55 22 then
2407 3045 63 16 come

1886 3078 34 18 too
1935 3073 61 30 quite
2009 3071 154 31 comfortably.
2166 3070 151 24 —Omnibus.
2345 3081 6 2 ■

1918 3113 59 24 The
1991 3119 57 16 new
2060 3111 59 24 Tax
2131 3112 167 23 Gatherers.
2300 3111 85 23 —The
2402 3118 66 16 num-

1886 3147 38 23 ber
1931 3147 23 22 of
1968 3146 159 30 these.liarpies
2135 3145 45 23 will
2187 3146 28 22 be
2222 3146 69 22 about
2298 3149 42 18 two
2348 3143 122 24 thousand.

1888 3181 69 22 Their
1971 3179 167 23 remuneration
2151 3178 45 24 will
2208 3177 86 32 depend
2307 3185 28 15 on
2347 3177 60 23 what
2419 3177 51 30 they

1887 3214 86 27 collect,
1987 3217 38 18 out
2033 3212 24 23 of
2067 3212 72 23 which
2152 3212 53 30 they
2214 3211 46 23 will
2271 3211 83 23 receive
2364 3211 106 30 sixpence

1886 3247 22 22 in
1923 3246 38 23 the
1973 3245 84 31 pound.
2094 3245 57 23 This
2163 3244 46 24 will
2220 3243 61 32 yield
2293 3249 21 18 to
2326 3243 62 23 them
2403 3243 67 23 about

1887 3281 121 27 £75,000,
2020 3278 90 30 leaving
2123 3278 37 23 the
2173 3285 94 23 average
2279 3284 43 24 pay
2335 3276 24 23 of
2375 3276 56 23 each
2449 3280 21 19 at

1888 3313 73 22 about-
1978 3313 62 23 £40.
2088 3311 70 23 What
2180 3309 141 32 respectable
2349 3317 54 15 man
2427 3308 43 23 will

1886 3344 126 24 undertake
2020 3345 37 22 the
2065 3344 72 23 duties
2145 3343 24 24 of
2175 3343 56 24 such
2239 3351 13 14 a
2260 3347 47 18 rate
2315 3343 25 22 of
2347 3342 123 30 payment?

1887 3378 49 23 The
1949 3385 94 24 persons
2058 3377 47 23 who
2119 3381 77 26 accept
2214 3376 18 22 it
2245 3376 45 22 will
2307 3375 27 23 be
2346 3375 38 22 the
2404 3374 66 31 ready

1886 3412 103 30 pimping
2010 3409 55 24 tools
2090 3409 25 23 of
2140 3416 44 23 any
2207 3416 52 15 man
2282 3407 48 23 who
2350 3407 43 23 has
2413 3408 57 29 spite

1887 3445 89 28 against
1993 3443 34 23 his
2046 3442 124 31 neighbour
2189 3449 24 15 or
2226 3440 81 24 wishes
2326 3445 22 18 to
2364 3448 42 23 pry
2425 3440 45 22 into

1888 3476 32 23 his
1933 3476 84 23 affairs.
2054 3475 103 29 Besides,
2171 3473 58 24 their
2241 3482 44 23 pay
2296 3473 68 31 being
2387 3473 83 30 depen-

1887 3510 52 22 dent
1951 3516 62 24 upon
2024 3510 60 22 what
2095 3508 53 31 they
2162 3507 87 28 collect,
2262 3506 45 23 will
2317 3506 81 23 induce
2410 3506 60 22 them,

1887 3547 21 18 to
1926 3550 70 15 screw
2015 3549 66 22 every
2090 3541 75 22 'Man's
2184 3541 87 22 income
2289 3547 30 23 up
2337 3543 22 19 to
2372 3539 37 23 the
2427 3537 43 24 last

1886 3583 84 23 penny,
1983 3575 34 23 for
2029 3575 37 23 the
2079 3572 201 32 accomplishment
2291 3572 25 23 of
2330 3571 73 24 which
2417 3570 53 32 they

1887 3609 43 22 will
1942 3613 73 18 resort
2028 3612 21 18 to
2062 3607 37 22 the
2111 3610 59 18 most
2178 3606 114 30 annoying
2304 3604 42 24 and
2356 3604 114 31 irritating

1888 3642 109 22 schemes.
2034 3640 49 23 The
2096 3638 82 23 middle
2192 3638 84 23 classes
2289 3638 55 23 have
2359 3637 84 31 caught
2455 3638 15 22 it

1888 3679 21 18 at
1920 3675 53 22 last.

1906 3739 40 17 The
1953 3738 97 18 following
2057 3741 32 13 are
2097 3738 33 15 the
2137 3738 78 18 quarter
2225 3738 47 18 days
2280 3738 22 14 of
2310 3738 41 14 this
2358 3739 59 17 paper
2425 3741 24 10 :—

1993 3765 67 19 March
2298 3764 68 16 i.Slst.

1993 3794 50 18 June
2304 3791 65 24 .-,3oth.
2471 3791 1 9 '

1993 3821 110 22 September
2271 3825 1 5 '
2300 3818 69 19 ..30th.
2403 3822 3 5 '

1994 3849 104 19 December
2106 3849 89 16 i.'-'..'
2234 3859 15 5 ..
2272 3845 4 11 ;
2288 3847 79 25 ,;.'.3lst.
2387 3853 4 4 ■

1908 3879 83 17 Persons
1997 3877 107 22 previously
2111 3877 21 16 to
2144 3875 147 22 discontinuing
2296 3874 59 22 '.their,
2360 3879 71 19 paper*
2438 3875 34 18 and

1888 3906 165 21 advertisements,
2061 3905 51 17 must
2119 3904 58 18 settle
2183 3898 138 24 tlie'ac«6uifts
2328 3903 38 18 due
2373 3904 59 22 up.tp
2442 3902 30 18 tbtf

1888 3931 50 22 ifate.
2077 3934 3 4 '
2129 3937 4 4 •
2199 3934 3 5 '
2227 3929 2 5 '

1260 119 69 31 jesty,
1350 119 82 31 during
1451 119 38 23 the
1510 120 63 23 short
1592 119 55 23 visit
1665 119 25 23 of
1716 119 37 23 the
1775 126 71 23 court,

1264 148 71 27 which
1347 152 19 22 is
1378 152 109 31 expected
1507 157 22 18 to
1533 159 3 4 1
1548 157 76 18 return
1637 157 22 18 to
1672 152 176 31 Buckingham-

1263 185 77 31 palace
1363 193 29 15 on
1405 185 125 31 -Tuesday,
1553 185 20 23 if
1599 190 38 18 not
1657 185 102 31 Monday
1783 192 63 19 next<

1265 217 50 24 Her
1328 217 120 32 Majesty's
1459 219 80 30 ponies
1549 218 41 23 left
1601 218 107 23 Windsor
1721 227 28 14 on
1763 219 84 30 Friday

1264 251 104 30 morning
1386 250 35 24 for
1441 251 137 23 Claremont.
1622 250 50 24 The
1693 255 57 19 state
1771 257 77 26 apart-

1264 288 73 19 ments
1350 284 46 23 still
1408 284 106 23 continue
1535 283 75 24 closed
1627 288 23 18 to
1669 282 38 24 the
1728 284 78 30 public
1818 293 29 15 on

1265 316 154 31 Wednesdays
1432 316 44 23 and
1489 316 133 30 Saturdays.

1298 349 130 24 Benefits
1447 347 34 33 (?)
1503 357 30 16 to
1558 356 31 17 be
1611 348 142 25 Expected
1772 357 76 21 .from

1265 390 50 16 the
1346 381 107 25 Tariff.
1455 395 34 3 —
1492 382 46 24 Mr.
1569 381 133 24 M'Culloch
1731 382 41 23 has
1799 383 50 31 just

1266 415 76 24 drawn
1353 423 38 23 up,
1413 416 35 23 for
1471 415 38 23 the
1532 422 40 16 use
1590 415 26 22 of
1641 415 35 23 his
1701 415 72 24 friend
1797 416 48 23 Mr.

1266 448 102 31 Murray,
1380 449 49 23 who
1442 453 126 26 represents
1582 448 36 23 the
1630 448 98 24 Stewart
1746 449 25 23 of
1790 449 58 24 Kir-

1265 481 127 31 cudbright,
1429 481 181 24 memorandums
1629 489 28 15 on
1676 482 38 23 the
1735 482 113 32 proposed

1265 515 143 30 importation
1421 515 25 23 of
1460 515 88 30 foreign
1563 515 53 23 beef
1630 515 44 23 and
1693 514 44 24 live

1267 547 45 23 Mr.
1338 548 134 23 M'Culloch
1496 556 51 22 says
1550 561 32 3 —
1771 550 21 21 is
1809 548 38 23 the

1265 580 52 30 only
1329 580 63 31 place
1404 589 28 15 on
1446 581 36 22 the
1494 582 114 22 continent
1620 581 89 23 whence
1729 590 44 22 any
1793 589 55 15 con-

1266 613 109 23 siderable
1399 614 82 30 supply
1500 615 24 21 of
1540 615 47 22 heel
1608 614 65 23 could
1692 615 27 22 be
1737 615 111 30 imported

1266 648 46 21 into
1325 646 95 23 London
1430 656 7 18 ;
1458 647 44 22 and
1514 648 16 21 it
1542 648 19 21 is
1575 648 90 27 certain,
1686 647 119 23 inasmuch
1823 656 25 14 as

1266 680 52 22 beef
1338 680 25 22 of
1389 680 99 22 medium
1510 679 84 30 quality
1615 680 22 22 in
1662 680 136 30 Hamburgh
1828 681 19 22 is

1266 712 85 23 seldom
1364 713 72 22 under
1449 712 37 23 sd.
1500 720 40 23 per
1552 712 40 28 lb.,
1614 712 48 23 that
1681 714 17 21 it
1716 714 66 22 could
1800 718 48 24 not,

1266 746 53 22 with
1331 754 12 14 a
1354 745 54 31 duty
1420 746 24 23 of
1460 748 35 21 Bs.
1509 754 39 22 per
1560 749 58 24 cwt.,
1632 745 26 23 be
1671 746 112 29 imported
1801 747 48 22 into

1267 778 95 24 London
1375 779 48 22 sold
1433 780 53 22 here
1499 779 33 22 for
1551 778 45 23 less
1615 778 53 23 than
1689 778 37 26 7d.
1749 787 38 22 per
1806 780 41 28 lb.,
1851 790 1 6 1

1266 811 69 24 which
1360 813 19 21 is
1398 813 57 30 fully
1474 812 65 30 equal
1558 816 22 18 to
1599 819 25 15 or
1640 812 75 23 rather
1728 813 70 23 above
1812 813 37 23 the

1267 853 92 23 average
1372 851 48 17 cost
1432 846 24 22 of
1472 845 52 22 beef
1540 846 23 21 in
1582 844 104 24 London.
1735 845 12 23 I
1764 844 85 24 under-

1266 878 72 29 stand,
1352 878 109 29 however,
1481 878 48 22 that
1542 885 55 23 your
1609 879 148 22 constituents
1771 879 27 22 do
1811 884 39 18 not

1266 912 46 22 fear
1326 919 23 15 so
1358 912 67 22 much
1437 911 105 24 mischief
1552 911 55 22 from
1619 910 36 23 the
1668 912 145 30 importation
1827 913 25 22 of

1267 945 57 28 beef,
1336 953 25 14 as
1374 945 24 22 of
1414 945 42 23 live
1470 945 75 23 cattle.
1593 944 46 23 But
1657 945 37 22 the
1713 952 42 16 one
1768 953 81 23 appre-

1267 978 92 23 hension
1373 978 18 23 is
1404 978 77 30 nearly
1495 986 23 15 as
1530 978 125 30 imaginary
1676 986 24 15 as
1718 978 38 23 the
1776 979 72 23 other.

1267 1011 125 28 Denmark,
1418 1011 117 30 including
1556 1011 114 28 Holstein,
1693 1011 19 23 is
1735 1011 38 23 the
1797 1012 53 31 only

1267 1044 101 30 (Ireland
1386 1044 119 32 excepted)
1524 1049 94 25 country
1639 1045 23 22 in
1679 1044 37 23 the
1741 1045 66 23 West
1827 1046 25 23 of

1268 1077 90 31 Europe
1368 1078 48 22 that
1429 1083 91 24 exports
1532 1077 66 23 cattle
1608 1087 5 18 ;
1634 1079 43 21 and
1698 1077 40 23 her
1756 1084 92 25 exports

1267 1112 22 21 in
1305 1113 61 21 1839
1379 1110 121 24 amounted
1512 1116 21 17 to
1546 1112 90 26 27,904
1655 1111 64 28 head,
1738 1112 25 22 of
1777 1112 71 23 which

1267 1144 66 22 about
1347 1147 90 26 20,000
1451 1148 58 18 went
1521 1149 22 17 to
1554 1143 136 31 Hamburgh
1703 1144 43 23 and
1754 1144 94 29 Altana,

1267 1178 36 22 the
1317 1177 99 23 markets
1425 1177 25 23 of
1465 1177 72 23 which
1548 1183 36 16 are
1596 1177 133 31 principally
1747 1178 103 31 supplied

1267 1211 56 22 from
1346 1210 128 24 Denmark.
1523 1210 56 22 Now
1596 1210 17 22 it
1632 1211 44 22 will
1696 1210 27 23 be
1742 1211 108 23 observed

1267 1243 47 23 that
1327 1244 36 23 the
1383 1244 98 31 opening
1502 1243 24 23 of
1548 1243 37 22 the
1603 1243 85 24 British
1707 1244 102 23 markets
1828 1249 22 19 to

1268 1277 84 30 foreign
1369 1277 67 23 cattle
1455 1277 46 22 will
1519 1276 87 22 neither
1625 1277 121 23 annihilate
1768 1284 42 16 nor
1828 1278 22 22 in

1267 1319 43 21 any
1322 1316 88 26 respect
1429 1309 106 24 diminish
1556 1309 35 23 the
1610 1309 96 24 demand
1726 1310 25 23 of
1775 1310 75 23 Ham-

1267 1344 80 30 burgh,
1361 1344 72 22 which
1445 1344 41 22 has
1500 1342 95 24 hitherto
1608 1344 68 22 taken
1690 1343 33 23 off
1730 1344 78 31 nearly
1820 1345 30 22 all

1267 1378 37 22 the
1314 1377 65 22 cattle
1390 1378 25 22 of
1423 1375 128 25 Denmark.
1588 1377 46 22 But
1644 1384 96 23 suppose

1267 1410 61 23 there
1340 1411 27 22 be
1376 1411 69 30 really
1457 1418 29 15 no
1500 1409 85 32 ground
1598 1410 34 22 for
1645 1417 43 23 any
1700 1410 56 22 such
1777 1410 73 31 hypo-

1269 1443 81 31 thesis)
1362 1444 48 23 that
1422 1451 31 15 we
1474 1443 80 23 should
1571 1443 89 30 import,
1681 1448 22 18 at
1723 1443 36 23 the
1777 1449 74 18 outset

1268 1478 25 22 of
1307 1476 36 24 the
1356 1484 47 16 new
1416 1481 92 26 system,
1524 1479 89 25 30,000
1627 1476 55 23 head
1705 1477 25 22 of
1752 1478 68 22 cattle
1839 1486 12 14 a

1267 1518 52 22 year
1328 1511 56 22 from
1397 1511 38 22 the
1446 1511 122 27 continent,
1582 1509 43 22 and
1637 1510 47 22 that
1693 1510 45 22 this
1749 1511 101 30 quantity

1267 1544 116 30 gradually
1407 1545 114 21 increases
1545 1548 21 17 to
1592 1545 106 26 100,000
1722 1543 65 28 head,
1814 1544 36 22 the

1268 1578 102 29 question
1391 1577 27 28 is,
1441 1577 44 22 will
1503 1577 55 22 such
1578 1576 143 30 importation
1738 1576 56 23 have
1806 1584 43 22 any

1268 1610 152 24 considerable
1432 1609 111 23 influence
1556 1616 51 16 over
1621 1609 35 23 the
1667 1610 61 29 price
1738 1610 25 22 of
1785 1610 66 22 cattle

1267 1643 52 24 here
1329 1644 7 22 ?
1383 1643 23 22 It
1422 1650 52 22 may
1493 1643 29 22 be
1543 1642 69 29 easily
1631 1642 43 23 and
1690 1643 160 30 satisfactorily

1267 1676 76 23 shown
1357 1676 48 22 thai
1414 1677 18 21 it
1448 1676 66 22 could
1530 1676 55 22 have
1603 1683 64 15 none.
1715 1675 34 23 At
1759 1681 93 25 present

1269 1710 36 22 the
1329 1718 93 22 average
1446 1709 82 23 annual
1552 1708 115 30 slaughter
1690 1709 25 22 of
1741 1709 67 23 cattle
1827 1710 23 22 in

1268 1743 94 23 London
1392 1747 104 18 amounts
1526 1747 23 18 to
1578 1742 68 23 about
1683 1744 106 26 180,000
1825 1750 25 15 or

1270 1778 104 27 183,000
1403 1775 64 28 head,
1498 1775 43 23 and
1573 1775 38 23 the
1643 1783 93 22 average
1768 1776 83 22 annual

1268 1810 115 30 slaughter
1400 1810 22 22 in
1443 1809 72 22 Great
1538 1808 88 23 Britain
1649 1809 18 22 is
1688 1809 108 30 certainly
1815 1814 37 17 not

1268 1843 69 22 under
1354 1845 130 26 1,350,000
1505 1842 64 22 head.
1615 1841 78 24 Hence
1711 1843 17 21 it
1747 1850 103 22 appears,

1269 1876 47 23 that
1329 1884 53 15 even
1396 1885 27 13 on
1436 1875 37 23 the
1488 1879 147 26 extravagant
1647 1875 43 22 and
1703 1875 84 23 absurd
1797 1883 54 22 sup-

1267 1910 97 30 position
1388 1909 48 23 that
1460 1911 106 25 100,000
1587 1908 57 22 head
1665 1909 24 22 of
1705 1909 68 22 cattle
1794 1916 58 15 were

1269 1942 151 31 immediately
1431 1942 118 30 imported,
1562 1942 17 22 it
1590 1942 72 22 would
1674 1946 40 18 not
1725 1945 93 20 amount
1829 1945 21 19 to

1271 1975 85 24 l-13th
1378 1980 51 26 part
1446 1975 26 23 of
1493 1982 40 15 our
1556 1975 87 30 supply,
1663 1974 44 24 and
1726 1975 66 22 could
1803 1980 48 23 not,

1269 2009 118 27 therefore,
1412 2009 56 22 have
1487 2016 43 22 any
1550 2008 96 22 sensible
1665 2008 112 23 influence
1799 2015 52 16 over

1268 2043 81 29 prices.
1398 2041 23 23 It
1440 2041 18 22 is
1477 2041 100 30 singular
1597 2040 48 23 how
1665 2042 24 22 in
1705 2049 14 15 a
1734 2045 65 26 great
1810 2041 44 22 and

1270 2075 45 22 rich
1330 2079 93 25 country
1436 2074 47 23 like
1494 2074 53 28 this,
1566 2081 14 14 a
1590 2079 50 17 vast
1652 2074 100 23 addition
1764 2082 51 22 may
1827 2074 26 23 be

1269 2109 64 22 made
1345 2114 22 16 to
1380 2108 37 22 the
1434 2107 81 30 supply
1535 2108 24 22 of
1575 2114 41 23 any
1638 2108 122 30 important
1777 2107 77 23 article

1270 2142 92 22 without
1375 2140 125 30 materially
1511 2140 104 30 affecting
1624 2141 80 29 prices.
1749 2140 28 23 In
1787 2140 63 23 illus-

1270 2176 81 21 tration
1365 2175 24 21 of
1405 2174 44 22 this
1462 2173 13 23 I
1494 2182 51 21 may
1562 2173 91 23 observe
1672 2174 49 22 that
1737 2174 22 22 in
1781 2176 72 25 1840,

1272 2208 36 23 the
1332 2208 93 30 imports
1448 2206 25 23 of
1495 2207 62 22 fresh
1580 2206 85 23 salmon
1689 2207 47 22 into
1756 2206 97 24 London

1271 2241 119 23 amounted
1408 2246 22 17 to
1457 2240 68 22 about
1552 2240 184 28 1,700,0001b5.,
1764 2240 44 23 and
1831 2241 23 21 in

1275 2276 68 26 1841,
1357 2274 53 30 they
1423 2273 120 24 amounted
1560 2278 21 18 to
1594 2274 67 22 about
1673 2273 179 29 3,200,0001b5.

1273 2308 62 23 Here
1352 2316 31 14 we
1400 2308 56 22 have
1469 2314 27 15 an
1510 2307 99 23 increase
1625 2307 24 22 of
1658 2307 57 23 little
1737 2307 45 23 less
1792 2330 4 9 #
1800 2306 53 23 than

1275 2344 46 21 100
1344 2349 39 22 per
1402 2345 58 18 cent,
1481 2340 23 23 in
1525 2340 36 23 the
1582 2340 88 30 supply,
1692 2340 43 23 and
1758 2345 38 25 yet
1817 2339 38 23 the

1272 2374 117 23 wholesale
1403 2375 60 30 price
1476 2382 45 14 was
1533 2373 52 30 only
1603 2373 95 23 reduced
1719 2373 58 23 from
1800 2373 52 23 lid.

1272 2416 22 14 in
1310 2409 70 26 1840,
1393 2413 20 17 to
1427 2408 68 22 about
1507 2407 38 23 9d.
1557 2407 23 22 in
1591 2408 61 21 1841
1662 2416 6 19 ;
1689 2407 44 22 and
1745 2407 17 22 it
1775 2406 80 23 should

1272 2441 27 23 be
1312 2441 68 23 borne
1393 2442 22 21 in
1429 2440 62 23 mind
1510 2440 49 23 that
1576 2440 86 23 salmon
1684 2441 19 22 is
1724 2448 62 14 more
1803 2440 24 22 of
1843 2448 12 14 a

1272 2474 82 30 luxury
1374 2474 53 23 than
1448 2473 57 29 beef,
1519 2473 44 23 and
1582 2473 47 22 that
1649 2474 29 22 its
1698 2473 156 31 consumption

1272 2508 68 28 being
1352 2507 137 30 necessarily
1502 2511 23 18 at
1542 2506 28 24 all
1584 2507 64 22 times
1661 2507 102 23 confined
1776 2506 77 23 within

1273 2549 11 14 a
1296 2549 61 14 more
1369 2540 86 23 limited
1470 2540 73 28 circle,
1559 2540 16 22 it
1585 2540 40 22 has
1637 2540 44 23 less
1693 2547 74 23 power
1781 2540 23 22 of
1816 2547 40 15 ex-

1272 2574 101 30 panding
1392 2574 44 22 and
1458 2574 141 29 contracting
1619 2574 53 22 with
1691 2574 123 22 variations
1835 2573 24 21 of

1272 2608 69 30 price.
1378 2607 94 29 Taking
1491 2607 37 22 the
1540 2614 94 22 average
1653 2608 61 28 price
1726 2606 26 22 of
1766 2605 52 24 beef
1834 2607 22 21 in

1272 2640 106 31 England
1397 2645 23 17 at
1441 2640 38 22 6d.
1501 2648 40 22 per
1562 2639 40 27 lb.,
1616 2647 13 14 a
1648 2640 38 22 fall
1707 2639 24 22 of
1747 2638 56 32 s^d.
1817 2646 39 23 per

1271 2674 30 23 lb.
1309 2673 72 24 would
1390 2673 108 29 certainly
1510 2673 51 22 take
1569 2673 34 21 off
1614 2674 105 27 100,000
1730 2672 124 23 additional

1272 2707 56 23 head
1340 2708 25 22 of
1380 2706 75 28 cattle,
1468 2706 49 22 that
1529 2706 27 28 is,
1569 2706 18 22 it
1598 2706 72 22 would
1684 2705 51 23 take
1750 2706 33 22 off
1794 2713 61 15 more

1271 2741 53 21 than
1340 2748 33 15 we
1385 2740 57 23 shall
1455 2744 38 25 get
1505 2739 58 23 from
1578 2738 38 23 the
1638 2739 130 26 Continent,
1783 2737 72 24 under

1272 2774 37 22 the
1327 2773 110 31 proposed
1458 2777 176 25 arrangements,
1648 2780 42 22 any
1704 2772 53 22 time
1775 2772 82 29 during

1272 2807 37 22 the
1319 2812 55 17 next
1395 2807 71 22 dozen
1486 2814 73 22 years.
1596 2805 22 23 It
1630 2806 20 22 is
1669 2805 68 23 much
1749 2810 21 18 to
1783 2805 25 23 be
1821 2812 35 15 re-

1271 2840 86 29 gretted
1369 2839 49 23 that
1426 2840 37 22 the
1469 2847 61 15 same
1540 2838 76 31 manly
1622 2838 43 24 and
1673 2839 96 22 decisive
1778 2845 78 16 course

1272 2880 43 15 was
1334 2878 38 17 not
1387 2873 68 22 taken
1472 2873 24 21 in
1508 2876 86 26 respect
1604 2873 26 22 of
1639 2880 52 14 corn
1706 2871 48 23 that
1766 2873 19 21 is
1804 2878 52 24 pro-

1272 2905 68 30 posed
1352 2910 21 18 to
1385 2906 28 22 be
1427 2905 68 23 taken
1504 2906 22 22 in
1538 2910 88 25 respect
1640 2905 24 23 of
1680 2904 95 24 butcher
1788 2909 68 18 meat.

1272 2939 50 23 The
1347 2939 102 23 delusion
1468 2939 23 22 in
1512 2939 37 22 the
1568 2946 41 15 one
1635 2946 50 15 case
1711 2938 26 22 is'
1750 2938 61 29 quite
1833 2944 24 15 as

1272 2977 64 25 great
1354 2980 24 15 as
1401 2973 21 22 in
1442 2972 38 22 the
1499 2971 71 23 other.
1615 2972 104 29 Suppose
1738 2970 39 23 the
1795 2974 66 26 ports'

1272 3011 56 17 were
1341 3005 126 29 constantly
1481 3012 57 22 open
1552 3008 21 19 to
1583 3004 143 30 importation
1740 3008 22 18 at
1770 3011 13 14 a
1795 3003 59 23 fixed

1272 3038 54 30 duty
1339 3038 25 23 of
1379 3040 35 21 ss.
1429 3046 12 14 a
1455 3042 90 25 quarter
1564 3044 28 15 on
1611 3036 78 28 wheat,
1703 3037 17 21 it
1741 3036 82 22 admits
1836 3036 24 21 of

1272 3071 176 23 demonstration
1469 3069 50 23 that
1538 3076 40 16 our
1592 3077 93 23 average
1698 3069 73 30 prices
1784 3068 73 23 would

1272 3109 38 18 not
1323 3104 93 30 thereby
1429 3104 26 22 be
1474 3103 25 23 in,
1519 3102 37 23 the
1575 3102 58 23 least
1653 3103 80 29 degree
1752 3101 103 23 affected.

1275 3138 44 22 But
1331 3137 55 23 such
1398 3145 13 14 a
1422 3144 103 15 measure
1544 3135 72 23 would
1636 3134 54 24 have
1710 3135 67 30 given
1789 3142 28 15 us
1829 3142 28 14 an

1273 3170 121 23 additional
1416 3170 97 29 security
1534 3169 88 31 against
1644 3169 37 22 the
1705 3167 152 24 mischievous

1274 3203 75 24 effects
1362 3203 25 23 of
1403 3203 43 23 bad
1458 3203 110 27 harvests,
1581 3207 23 17 at
1619 3201 36 23 the
1667 3209 62 15 same
1742 3202 54 22 time
1808 3200 49 23 that

1273 3238 16 22 it
1302 3236 71 23 would
1385 3236 57 23 have
1454 3235 65 23 made
1538 3243 28 15 an
1579 3235 43 23 end
1641 3235 24 22 of
1681 3243 12 15 a
1706 3235 100 30 gigantic
1819 3233 38 23 de-

1273 3270 81 27 lusion,
1376 3269 44 23 and
1442 3269 56 22 have
1517 3268 62 23 dried
1598 3276 31 22 up
1650 3276 13 14 a
1686 3272 59 18 most
1768 3266 89 31 prolific

1274 3310 77 15 source
1371 3302 25 23 of
1411 3301 230 31 misrepresentation,
1654 3301 76 28 abuse,
1745 3300 44 23 and
1809 3299 48 31 agi-

1274 3337 78 22 tation.

1306 3368 50 24 The
1368 3368 125 24 Reformed
1512 3367 148 31 Corporation
1676 3366 25 23 of
1717 3366 64 23 Cork
1799 3365 58 23 have

1274 3402 101 22 resolved
1398 3410 28 14 on
1451 3401 167 29 discontinuing
1641 3408 27 15 an
1692 3398 84 24 official
1799 3398 58 23 resi-

1274 3435 68 23 dence
1353 3435 35 22 for
1409 3435 38 22 the
1467 3435 90 29 Mayor,
1570 3433 43 23 and
1632 3441 28 15 on
1681 3432 108 30 reducing
1810 3431 48 23 that

1274 3468 95 23 officer's
1382 3468 74 30 salary
1469 3472 22 18 to
1510 3468 70 23 £500
1600 3473 86 23 a-year,
1700 3473 13 15 a
1734 3466 81 29 saving
1836 3464 24 23 of

1273 3501 77 30 nearly
1362 3502 96 27 £1,500
1470 3508 80 22 a-year
1569 3499 46 23 will
1636 3499 25 23 be
1677 3499 52 23 thus
1742 3497 114 24 obtained.

1274 3546 33 5 —
1310 3533 98 30 Enylish
1413 3541 84 23 paper.

1307 3567 101 23 Dewar
1427 3573 55 16 and
1503 3565 64 23 Cos.
1590 3565 208 22 Manufactory.
1800 3575 35 4 —
1835 3562 23 24 A

1273 3600 42 23 few
1328 3599 54 31 days
1394 3607 42 23 ago
1449 3606 34 15 we
1495 3605 57 16 were
1564 3597 105 23 favoured
1682 3597 30 29 by
1721 3597 33 22 D.
1765 3596 92 28 Dewar,

1275 3633 54 28 Son,
1343 3632 43 23 and
1399 3632 51 27 Co.,
1463 3631 164 26 Wood-street,
1639 3628 134 31 Cheapside,
1783 3628 75 24 whose

1274 3666 155 29 manufactory
1442 3664 19 23 is
1472 3664 24 22 in
1509 3663 167 27 Dumfernline,
1690 3661 29 28 N.
1719 3661 44 28 8.,
1777 3661 54 22 with
1846 3670 12 14 a

1274 3699 55 23 view
1342 3697 24 24 of
1381 3697 38 24 the
1434 3701 61 19 most
1514 3694 109 33 splendid,
1638 3695 84 27 chaste,
1736 3694 43 23 and
1799 3694 59 23 clas-

1274 3732 54 23 sical
1341 3731 88 30 design,
1446 3729 45 24 and
1510 3730 25 23 of
1549 3737 13 15 a
1580 3727 113 31 curiously
1711 3727 45 23 fine
1777 3727 80 28 fabric,

1275 3765 34 23 for
1322 3772 13 16 a
1352 3764 144 24 communion
1519 3762 66 27 cloth,
1598 3769 52 15 ever
1668 3759 114 33 produced
1801 3760 57 23 from

1274 3798 37 23 the
1324 3797 59 23 loom
1402 3798 24 22 in
1445 3804 44 22 any
1510 3800 101 25 country,
1625 3794 115 29 Germany
1760 3795 39 21 not
1818 3800 40 16 ex-

1275 3830 87 31 cepted.
1399 3830 30 24 In
1441 3829 38 23 the
1491 3837 80 15 course
1584 3828 25 23 of
1624 3826 163 28 conversation,
1797 3826 61 30 they,

1274 3863 95 24 without
1385 3863 138 28 hesitation,-
1528 3864 63 28 -gave
1610 3861 60 22 it.as
1691 3859 56 23 th/eir
1768 3860 90 30 opinion

1275 3896 48 24 that
1335 3896 37 23 the
1384 3895 180 25 manufacturers
1576 3894 25 23 of
1616 3889 129 28 tablelihen
1756 3892 23 23 in
1792 3892 67 28 ScoJ,-

1269 3929 56 24 .land
1337 3929 57 24 have
1407 3920 129 45 nothing^)
1557 3928 46 23 fear
1608 3936 5 6 •
1618 3921 62 30 'from
1685 3921 44 28 'the
1742 3924 121 26 reduction.

687 1876 51 23 The
758 1881 70 18 steam
848 1876 50 31 ship
920 1876 70 22 Great
1011 1875 104 23 Western
1133 1876 105 23 returned

654 1911 56 22 from
726 1910 57 23 New
795 1909 65 24 York
877 1914 23 18 to
920 1909 129 30 Liverpool,
1071 1916 29 15 on
1121 1909 37 23 the
1183 1909 54 23 11th

656 1944 65 30 May.
768 1943 45 23 She
837 1943 70 22 sailed
927 1943 57 22 from
1006 1942 55 23 New
1082 1942 65 23 York
1160 1950 28 15 on
1201 1942 38 23 the

655 1977 58 23 28th
724 1976 74 31 April,
811 1976 43 23 and
867 1976 65 22 made
946 1975 36 24 the
1001 1983 95 23 passage
1114 1981 20 17 to
1156 1975 82 23 Liver-

654 2010 51 31 pool
719 2010 22 22 in
758 2012 28 20 12
797 2010 53 29 days
861 2012 14 20 8
888 2010 69 22 hours
959 2021 31 3 —
992 2008 81 29 which,
1084 2016 24 15 as
1118 2008 121 31 Liverpool

655 2045 19 21 is
686 2048 24 18 at
721 2043 57 23 least
791 2046 13 20 8
820 2043 70 23 hours
909 2041 86 24 further
1015 2041 41 23 sail
1075 2041 54 23 than
1146 2041 92 28 Bristol,

656 2077 19 22 is
688 2076 132 23 considered
839 2081 21 18 to
877 2076 28 22 be
922 2076 37 22 the
983 2074 106 31 quickest
1107 2083 51 14 ever
1175 2074 65 23 made

655 2118 54 15 even
723 2111 30 29 by
766 2110 46 23 that
823 2109 126 23 unrivalled
962 2114 104 18 steamer.
1110 2108 50 23 The
1180 2115 59 15 news

655 2143 118 23 furnished
785 2143 28 30 by
833 2142 44 23 this
900 2142 142 31 opportunity
1063 2149 44 15 was
1125 2140 114 24 described

655 2185 24 14 as
698 2176 115 32 generally
836 2176 144 29 satisfactory
999 2175 43 23 and
1061 2175 136 31 particulary
1216 2181 25 15 so

656 2218 23 15 as
703 2210 70 23 relate
797 2214 19 19 to
841 2209 142 23 commercial
1012 2213 101 18 matters.
1191 2206 50 24 The

655 2243 75 31 gloom
743 2243 44 23 and
806 2243 157 31 despondency
982 2242 71 22 which
1072 2243 56 22 have
1145 2250 24 14 so
1188 2241 54 30 long

656 2277 171 23 overshadowed
839 2276 38 23 the
889 2276 139 30 community
1039 2284 38 14 are
1096 2276 77 30 giving
1192 2282 50 22 way

656 2310 87 31 rapidly
757 2315 21 18 to
803 2310 105 29 cheering
928 2309 158 30 anticipations
1106 2309 23 22 of
1145 2316 13 15 a
1176 2315 65 24 pros-

656 2351 82 22 perous
751 2344 43 23 and
811 2343 92 30 healthy
1117 2342 58 22 This
1199 2342 42 21 im-

656 2382 131 26 provement
806 2377 40 23 has
869 2377 55 30 long
945 2377 55 21 been
1021 2375 115 31 expected,
1153 2375 44 23 and
1209 2382 33 14 we

656 2411 71 22 doubt
738 2416 39 17 not
788 2411 19 22 is
820 2412 23 21 in
852 2417 115 23 progress.
1004 2408 23 24 It
1039 2408 44 23 will
1103 2413 39 18 not
1162 2408 39 23 fail
1220 2412 21 17 to

656 2445 52 28 give
732 2452 29 14 an
783 2443 96 31 impulse
903 2448 22 17 to
950 2442 140 22 commercial
1115 2442 75 22 affairs
1220 2441 21 21 in

657 2476 116 31 England.
816 2477 28 22 In
867 2476 45 22 this
930 2476 164 30 improvement
1115 2482 55 15 even
1186 2474 55 23 New

658 2510 101 23 Zealand
777 2511 19 21 is
814 2508 131 28 interested,
964 2516 23 14 so
1007 2507 133 31 completely
1157 2515 37 15 are
1213 2507 28 21 all

658 2543 37 23 the
717 2542 155 24 communities
897 2541 111 23 scattered
1031 2549 52 15 over
1107 2540 37 23 the
1173 2540 68 23 world

658 2577 64 26 made
736 2584 41 15 one
790 2576 28 31 by
831 2575 37 23 the
877 2575 60 23 bond
950 2575 25 23 of
990 2581 132 16 commerce.
1145 2579 3 6 '

691 2610 51 23 The
754 2614 97 18 corvette
863 2608 75 23 Rhine
957 2615 44 16 was
1020 2608 121 30 preparing
1159 2612 22 18 to
1201 2607 41 22 sail

657 2644 58 22 from
729 2643 88 23 Toulon
827 2647 22 18 to
861 2641 56 24 New
931 2641 108 23 Zealand.

691 2676 50 25 The
760 2675 56 24 New
835 2674 103 24 Zealand
959 2674 93 23 Gazette
1070 2675 19 22 is
1113 2682 48 15 now
1183 2673 58 31 pub-

656 2709 80 25 lished,
752 2710 62 22 twice
834 2716 13 16 a
867 2708 71 23 week.
976 2708 209 29 Notwithstanding
1204 2706 37 22 the

657 2743 123 23 additional
801 2749 97 24 expense
918 2741 44 23 and
982 2746 64 25 great
1067 2741 78 22 labour
1169 2740 70 22 which

657 2777 44 23 this
714 2776 82 23 entails
814 2783 60 24 upon
895 2782 40 15 our
955 2775 81 27 friend,
1060 2782 27 15 no
1107 2775 99 21 increase
1220 2772 24 22 of

657 2810 83 30 charge
752 2811 19 21 is
783 2809 72 23 made-
893 2807 49 24 The
963 2807 120 23 Auckland
1102 2807 97 26 Herald,
1213 2814 28 14 on

658 2844 37 22 the
701 2843 71 26 |Otber
784 2841 66 28 hand,
858 2849 34 15 >on
912 2840 132 31 publishing
1063 2841 64 24 twice
1143 2838 98 29 a-week,

657 2878 72 21 raises
741 2876 29 23 its
790 2876 59 30 price
869 2877 32 21 50
920 2881 41 23 per
979 2879 57 18 cent.
1074 2874 68 22 Some
1162 2873 79 31 people

658 2918 57 16 were
736 2909 122 31 proposing
877 2916 13 14 a
911 2906 83 24 second
1011 2915 70 22 paper
1100 2907 29 30 by
1142 2915 12 14 alljointstocka
1157 2906 84 31 lljoint-

658 2943 66 24 stock
736 2949 117 23 company.
879 2940 57 23 This
951 2940 72 22 would
1035 2941 27 21 be
1075 2948 13 15 a
1097 2944 58 21 most
1164 2939 78 31 unjust

657 2975 144 32 proceeding,
822 2980 22 18 to
866 2981 84 24 oppose
969 2974 85 29 private
1074 2974 134 29 enterprise.
1211 2973 29 29 by

654 3008 141 32 joint-stock
814 3007 81 31 capital
905 3015 6 20 ;
931 3012 45 24 yet,
998 3014 31 15 we
1049 3005 94 29 believe,
1155 3007 87 29 private

658 3043 124 30 enterprise
802 3042 39 22 has
863 3041 40 22 but
922 3039 63 23 little'
1001 3044 22 18 to
1035 3040 48 22 fear
1096 3039 55 22 from
1168 3039 74 30 joint-

657 3075 230 30 stock'competition.
891 3086 29 3 —
920 3072 61 23 New
992 3071 104 24 Zealand
1106 3071 105 24 Journal.

692 3109 62 24 Her
776 3107 145 25 Majesty's
945 3106 56 23 Bal
1025 3106 119 24 Masque.
1152 3118 33 3 —
1193 3104 50 24 The

657 3142 128 24 celebrated
803 3146 48 18 tent
870 3141 25 22 of
910 3140 89 30 Tippoo
1021 3139 63 27 Saib,
1105 3139 73 23 which
1197 3146 46 14 was

657 3175 70 24 taken
740 3179 23 19 at
775 3174 36 23 the
818 3191 3 11 ,
830 3173 111 29 storming
961 3172 24 23 of
1000 3172 180 31 Seriugapatam,
1201 3170 43 24 and

657 3209 138 24 afterwards-
807 3206 121 32 presented
948 3209 23 19 to
991 3205 37 23 the
1048 3205 132 30 Sovereign,
1197 3212 46 14 was

657 3246 51 19 sent
728 3241 34 23 off
784 3247 29 16 on
832 3240 85 29 Friday
935 3238 106 31 morning
1060 3238 57 23 from
1136 3237 108 24 Windsor

659 3275 77 24 Castle
750 3278 21 19 to
783 3271 259 33 Buckingham-palace.
1068 3271 24 23 It
1103 3271 20 23 is
1136 3270 106 24 intended

658 3309 49 23 that
719 3307 46 23 this
773 3306 102 31 splendid
884 3309 47 20 tent
940 3304 59 23 shall
1011 3305 27 22 be
1049 3304 79 32 placed
1141 3313 53 14 over
1206 3304 37 23 the

657 3342 88 31 portico
758 3341 24 22 of
798 3339 37 24 the
854 3339 61 23 chief
931 3342 105 19 entrance
1058 3342 21 18 to
1101 3337 37 23 the
1157 3337 85 32 palace,

658 3375 44 23 and
715 3381 28 16 on
757 3382 13 14 a
780 3373 45 23 line
844 3372 53 23 with
918 3370 37 24 the
973 3371 111 31 principal
1096 3375 146 26 apartments,

659 3412 22 19 to
693 3409 28 22 be
733 3406 55 23 used
801 3414 24 15 as
837 3414 13 14 a
867 3404 172 30 retiring-room
1056 3404 35 23 for
1112 3404 37 23 the
1162 3404 82 23 distin-

658 3440 98 31 guished
767 3445 79 25 guests
858 3438 25 23 of
893 3438 39 23 her
945 3436 101 32 Majesty
1058 3445 28 15 on
1099 3436 37 23 the
1149 3437 96 29 evening

659 3475 25 22 of
699 3475 39 22 the
751 3473 101 24 Queen's
864 3471 72 31 grand
948 3470 46 23 ball
1006 3470 24 23 of
1046 3470 121 30 Thursday
1179 3474 62 18 next.

659 3508 41 23 All
712 3507 39 23 the
766 3505 148 31 magnificent
931 3503 94 29 shields,
1046 3503 141 28 candelabra,
1201 3502 43 23 and

660 3540 104 32 splendid
785 3537 140 25 ornameutal
942 3536 54 32 gold
1019 3536 43 23 and
1086 3536 68 24 silver
1175 3536 68 31 plate,

660 3574 58 23 from
731 3572 38 25 the
780 3572 76 28 castle,
867 3570 46 24 will
925 3570 28 23 be
962 3569 115 31 displayed
1091 3573 23 18 at
1125 3569 119 29 Bucking-

659 3606 145 31 ham-palace
816 3612 58 25 upon
889 3604 47 23 that
948 3604 113 22 occasion.
1091 3602 50 24 The
1154 3602 56 24 Earl
1223 3601 24 23 of

660 3640 125 27 Delawarr,
806 3637 159 31 accompanied
983 3637 30 29 by
1033 3636 47 23 Mr;
1095 3635 107 28 Sanders,
1223 3634 23 22 of

660 3673 38 23 the
710 3672 64 24 Lord
794 3670 180 25 Chamberlain's
995 3670 149 30 department,
1157 3667 93 24 arrived-

660 3710 23 19 at
694 3705 38 24 the
746 3704 75 23 Castle
834 3711 28 16 on
875 3702 129 30 Thursday,
1016 3703 35 22 for
1065 3702 37 23 the
1113 3708 98 24 purpose
1223 3700 25 23 of

660 3738 129 31 inspecting
801 3737 36 23 the
858 3736 117 23 extensive
995 3735 131 23 alterations
1146 3734 43 23 and
1201 3734 43 23 im-

660 3775 145 28 provements
827 3776 48 16 now
900 3769 23 22 in
946 3775 114 23 progress.
1114 3767 50 23 The
1187 3766 59 31 light

661 3809 119 27 company,
805 3802 124 29 consisting
948 3800 25 23 of
997 3800 59 30 sixty
1075 3807 61 21 men,
1161 3800 24 24 of
1208 3800 37 22 the

663 3837 57 24 15th
738 3836 111 30 regiment
868 3833 25 24 of
907 3834 55 27 foot,
981 3832 71 24 under
1071 3832 37 24 the
1128 3832 118 24 command

661 3871 39 29 of;;
713 3869 98 31 Captain
839 3866 104 28 Walker,
967 3865 56 24 have
1052 3866 108 23 marched
1187 3866 58 23 from

661 3904 81 23 thence
751 3903 39 22 'ito-
805 3900 144 28 ClareroonV
957 3903 22 19 to
999 3898 28 24 do
1041 3899 61 30 ,duty
1116 3899 70 28 there,
1202 3897 44 25 and

659 3936 80 26 attend
751 3943 24 16 as
787 3943 14 15 a
813 3932 71 33 gaard
894 3936 6 8 v
903 3931 26 29 o'f
943 3932 89 28 Ijonpur
1041 3934 71 30 'upon
1132 3932 46 24 her'
1188 3931 57 31 .Ma-

155 295 74 25 [From
239 295 34 19 the
285 294 112 21 Auckland
413 294 83 26 Times.]

75 336 45 25 The
131 332 97 23 Gazette
239 338 128 17 announces
385 331 50 23 that
456 331 38 23 the
505 331 116 29 following

50 371 64 26 Police
127 366 148 30 Magistrates
287 373 37 14 are
344 369 22 18 to
387 364 28 24 be
435 364 138 23 Treasurers
597 364 28 22 of

51 404 45 25 their
106 399 135 31 respective,.
246 398 99 23 districts
364 397 34 23 for
418 397 37 24 the
473 404 110 24 purposes
599 397 26 22 of

51 439 28 23 the
89 433 127 25 Ordinance
226 431 25 22 of
266 430 37 23 the
316 430 119 23 Governor
447 430 47 23 and'
514 430 103 28 Council,

51 468 78 27 Session
137 467 23 21 2.
171 465 45 23 No.
230 466 48 27 13.,
286 463 94 24 entitled
388 463 38 23 the
438 463 184 23 "Auctioneer's

68 540 88 22 Thomas
167 535 122 27 Beckham,
302 536 59 25 Esq.,
374 535 47 26 Bay
433 535 26 22 of
472 535 94 21 Islands.

69 569 23 21 A.
103 565 24 22 E.
139 562 140 27 M'Donogh,
291 562 59 28 Esq.,
365 561 124 28 Hokianga.
524 575 3 3 ■

70 595 19 21 C.
99 592 25 22 B.
134 590 124 26 Robinson,
270 589 59 27 Esq.,
341 588 98 22 Akaroat
450 601 3 5 .

70 621 72 23 Henry
150 618 118 26 Augustus
277 616 135 26 Thompson,
426 615 61 27 Esq,,
499 614 93 21 Nelson.

71 648 71 23 Henry
153 643 138 27 King^Esq.,
304 642 55 22 New
371 641 127 28 Plymouth.

71 675 23 21 G.
105 672 22 21 F.
140 671 101 25 Dawson,
256 670 56 26 Esq.,
326 669 131 26 Wanganui.

76 710 33 23 On
120 707 37 22 the
169 705 59 24 24th
240 705 107 28 October,
367 704 38 23 the
425 703 104 25 Colonial
548 703 72 23 Trea-

52 750 50 18 surer
113 740 42 22 will
166 744 41 26 put
219 746 30 23 up
296 738 90 23 auction
406 737 98 24 thirteen
522 742 96 26 country

52 776 89 25 sections,
153 774 24 22 in
192 772 37 23 the
240 771 77 31 parish
334 771 25 23 of
374 770 145 28 Waitemata,
531 770 90 31 County

50 811 18 24 tf
81 808 69 24 Eden.
187 806 58 26 Ten,
259 804 24 23 of
299 809 82 25 twenty
400 811 65 16 acres
484 803 53 24 each
550 812 5 19 ;
578 809 43 17 two

50 845 19 23 of
82 839 127 31 twenty-six
219 846 64 16 acres
296 838 54 22 each
360 846 6 20 ;
385 837 44 23 and
448 844 43 16 one
510 837 24 23 of
548 836 74 31 forty-

51 883 54 18 seven
134 881 70 20 acres,
207 884 32 4 —
241 870 102 32 together
372 876 43 17 two
444 870 103 23 hundred
577 870 44 23 and

49 907 129 31 ninety-nine
197 912 70 17 acres.
310 905 76 30 Upset
405 905 61 30 price
486 912 41 15 one
545 903 76 31 pound

49 950 31 25 per
90 948 55 16 acre.

76 975 44 24 The
134 972 95 24 Gazette
245 978 128 16 announces
392 970 49 24 that
460 970 40 23 her
521 970 102 31 Majesty

50 1011 32 23 lias
91 1008 54 22 been
164 1005 128 31 graciously
310 1004 91 31 pleased
421 1009 22 18 to
464 1004 92 22 confirm
578 1003 44 22 and

51 1043 49 24 allow
113 1040 35 22 the
160 1039 115 29 following
287 1037 143 23 Ordinances
442 1037 82 30 passed
536 1037 30 30 by
584 1036 37 22 the

51 1074 122 32 Legislative
186 1071 96 24 Council
294 1071 24 22 of
333 1070 45 23 this
392 1070 87 30 Colony
489 1078 5 15 :

212 1111 93 20 Session
322 1111 18 25 1,
357 1109 43 21 No.
417 1110 19 20 2.

135 1137 128 22 Ordinance
273 1140 21 17 to
305 1135 74 33 repeal
390 1135 76 21 within
480 1135 38 21 the
536 1135 86 26 Colony

51 1170 19 20 of
78 1168 48 21 New
134 1163 100 23 Zealand
245 1171 13 13 a
268 1166 82 18 certain
366 1163 45 20 Act
420 1163 25 20 of
456 1162 37 21 the
505 1162 117 21 Governor

51 1195 33 22 and
94 1192 127 27 Legislative
233 1190 90 21 Council
341 1189 25 21 of
378 1189 55 21 New
453 1189 69 22 South
539 1189 82 26 Wales,

52 1221 51 23 made
113 1219 41 21 and
163 1217 79 28 passed
253 1217 21 21 in
287 1217 35 22 the
333 1217 38 21 4th
388 1223 53 20 year
457 1215 26 22 of
494 1215 38 22 the
551 1216 71 26 Reign

52 1250 18 20 of
79 1248 34 21 her
122 1249 87 24 present
225 1244 105 26 Majesty,
350 1243 42 21 and
411 1243 94 27 adopted
515 1242 71 22 under
595 1250 28 14 an

52 1275 108 22 Ordinance
179 1272 27 21 of
225 1270 38 21 the
283 1272 116 20 Governor
419 1271 43 20 and
487 1269 135 26 Legislative

52 1300 76 24 Council
148 1298 24 22 of
192 1298 54 21 New
266 1297 105 26 Zealand,
393 1297 34 20 for
446 1297 120 26 extending
585 1295 38 22 the

52 1330 51 21 Laws
112 1326 23 22 of
147 1326 55 21 New
214 1324 68 22 South
292 1324 82 25 Wales,
386 1327 23 17 to
425 1324 36 20 the
478 1323 46 21 said
543 1323 80 27 colony

54 1356 18 21 of
81 1355 47 21 New
143 1351 105 26 Zealand,
266 1351 42 22 and
325 1351 72 20 which
413 1351 46 20 said
478 1351 44 20 Act
540 1350 26 20 of
585 1349 37 22 the

54 1384 99 20 Governor
162 1379 43 22 and
216 1378 91 22 Council
318 1378 26 21 of
355 1377 56 22 New
428 1377 70 22 South
518 1376 73 21 Wales
605 1377 18 20 is

54 1407 73 24 entitled
159 1407 36 20 An
206 1406 45 21 Act
265 1409 20 17 to
296 1411 108 21 empower
416 1403 37 22 the
468 1404 117 21 Governor
600 1404 25 20 of

54 1437 42 21 New
113 1434 66 21 South
200 1432 74 21 Wales
293 1436 22 17 to
335 1431 91 27 appoint
442 1431 181 20 Commissioners

53 1462 39 22 with
103 1461 78 21 certain
192 1466 84 20 powers
286 1462 22 17 to
324 1458 103 22 examine
446 1457 43 21 and
505 1461 73 23 report
595 1464 28 14 on

54 1490 61 21 claims
124 1491 20 17 to
156 1488 83 20 Grants
249 1486 26 21 of
286 1485 64 22 Land
360 1485 21 20 in
393 1484 55 21 New
459 1484 105 26 Zealand,
580 1484 43 21 and

54 1517 34 20 also
97 1520 18 16 to
125 1514 116 21 terminate
252 1520 42 18 any
306 1511 140 23 commission
458 1511 75 22 issued
550 1511 74 21 under

54 1544 27 20 the
89 1549 60 17 same,
161 1541 48 21 ami
218 1545 21 16 to
248 1540 111 21 authorise
371 1538 35 21 the
419 1538 117 21 Governor
547 1538 26 21 of
586 1538 37 21 the

54 1570 68 25 Colony
132 1568 24 21 of
168 1568 55 21 New
235 1566 96 22 Zealand
343 1570 23 17 to
373 1565 92 27 appoint
473 1564 152 22 commission-

55 1605 25 13 ers
88 1595 46 22 with
144 1595 82 20 certain
238 1600 81 20 powers
336 1597 22 17 to
373 1592 102 21 examine
492 1592 44 20 and
551 1595 74 22 report

55 1631 20 14 on
86 1622 73 22 Claims
170 1625 23 17 to
210 1622 81 20 Grants
309 1620 25 21 of
346 1618 65 23 Land
426 1618 94 27 therein,
540 1615 45 25 and
602 1622 21 17 to

54 1651 72 21 declare
135 1648 27 21 all
174 1648 64 21 other
247 1647 68 21 Titles
326 1647 118 25 excepting
455 1646 62 20 those
529 1645 94 22 allowed

54 1678 21 26 by
84 1676 31 21 ihe
125 1676 75 21 Crown
212 1674 46 22 null
269 1673 43 22 and

223 1709 93 20 Session
333 1709 18 24 1,
363 1707 43 21 No.
417 1709 20 19 4.

138 1735 125 22 Ordinance
273 1735 33 21 for
315 1734 125 25 instituting
447 1733 46 21 and
500 1733 125 26 regulating

54 1765 66 20 Courts
129 1764 24 20 of
165 1761 98 23 General
273 1761 43 21 and
327 1762 95 23 Quarter
433 1761 98 21 Sessions
547 1761 22 20 in
587 1759 37 22 the

54 1791 72 26 Colony
136 1790 23 21 of
171 1790 55 21 New
238 1787 103 27 Zealand,
359 1787 43 21 and
419 1791 21 17 to
458 1787 111 21 authorise
587 1787 36 21 the

53 1818 79 25 holding
142 1817 24 21 of
172 1817 65 26 Petty
247 1815 97 21 Sessions
355 1814 77 21 within
447 1814 39 21 the
501 1821 66 18 same,
580 1813 45 21 and

53 1845 27 20 for
89 1845 89 25 defining
189 1843 56 21 their
254 1843 120 26 respective
385 1848 89 20 powers,
492 1840 44 22 and
553 1841 72 21 deter-

53 1871 73 26 mining
136 1871 34 21 the
179 1870 74 27 places
268 1872 23 18 at
307 1868 70 22 which
392 1867 36 22 the
443 1875 60 14 same
522 1867 55 22 shall
598 1867 27 21 be

52 1898 77 25 holden,
140 1897 43 21 and
195 1898 31 20 for
237 1895 113 28 repealing
360 1895 75 21 within
445 1894 38 22 the
501 1894 85 27 Colony
604 1895 26 20 of

53 1925 46 20 New
110 1924 96 21 Zealand
216 1923 83 22 certain
310 1924 55 20 Acts
376 1922 24 21 of
414 1921 36 21 the
459 1922 115 21 Governor
580 1921 46 21 and

54 1951 78 22 Council
143 1951 24 21 of
178 1951 54 21 New
244 1949 68 22 South
327 1948 75 22 Wales
413 1948 95 27 adopted
519 1948 42 21 and
576 1955 49 14 now

52 1979 18 20 in
86 1979 53 20 force
155 1977 73 22 within
246 1977 36 21 the
298 1976 46 22 said
360 1975 86 28 Colony
461 1975 26 21 of
499 1975 53 21 New
570 1975 56 21 Zea-

221 2038 92 21 Session
330 2039 18 23 1,
366 2036 42 21 No.
420 2037 20 20 5.

145 2065 121 21 Ordinance
276 2065 35 20 for
320 2062 136 29 prohibiting
473 2062 36 21 the
529 2061 98 22 Distilla-

52 2092 39 21 tion
101 2092 24 21 of
136 2092 75 27 Spirits
221 2091 73 22 within
305 2091 36 21 the
353 2090 82 26 Colony
454 2090 25 20 of
499 2090 53 21 New
570 2089 57 21 Zea-

80 2147 47 23 The
139 2147 110 30 following
261 2147 18 22 is
292 2154 27 15 an
333 2150 87 20 extract
428 2146 59 22 from
498 2154 12 14 a
523 2145 103 30 dispatch

52 2181 94 23 received
167 2181 54 22 from
251 2180 62 23 Lord
336 2180 102 29 Stanley,
470 2179 66 22 dated
569 2179 57 23 14th

53 2214 109 30 February
171 2222 4 14 :
185 2227 25 3 —

76 2253 57 20 Until
143 2260 43 19 you
196 2252 56 22 shall
261 2252 55 21 have
327 2252 102 21 received
437 2251 86 22 further
532 2251 95 21 instruc-

54 2279 49 21 tions
112 2286 26 14 on
153 2280 41 20 this
204 2280 88 26 subject,
305 2287 43 19 you
365 2279 41 21 will
422 2279 28 20 be
461 2278 128 22 authorized
605 2281 22 17 to

54 2307 94 20 continue
159 2306 55 22 sales
230 2306 29 26 by
270 2306 95 26 auction,
376 2306 70 26 fixing
463 2305 36 21 the
510 2305 117 21 minimum

54 2333 50 25 price
115 2333 23 21 of
145 2333 50 21 land
205 2333 35 21 for
250 2333 102 27 ordinary
362 2333 42 21 lots
414 2339 23 14 at
447 2335 39 18 not
496 2332 68 21 lower
573 2332 52 21 than

54 2363 72 23 twenty
135 2360 100 27 shillings
245 2367 39 20 per
293 2367 56 19 acre,
362 2360 42 20 and
414 2360 36 20 for
460 2359 111 21 suburban
585 2358 43 21 and

55 2389 48 18 town
114 2387 40 21 lots
164 2392 22 16 at
197 2386 54 22 such
266 2394 14 13 a
294 2387 59 27 price
364 2394 24 13 as
399 2393 45 19 you
454 2393 51 19 may
515 2386 63 21 think
590 2392 38 14 ex-

54 2413 85 27 pedient.

70 2450 42 23 The
121 2451 112 30 following
243 2451 18 22 is
270 2451 57 23 from
336 2450 94 24 another
438 2450 103 30 dispatch
550 2450 28 30 by
590 2449 38 23 the

56 2491 51 16 same
129 2485 73 22 Noble
223 2484 70 28 Lord,
313 2483 66 23 dated
401 2483 55 23 15th
476 2483 90 23 March.
605 2483 23 26 It

57 2517 36 23 will
104 2517 24 23 be
140 2526 13 14 a
173 2518 55 29 long
241 2518 52 21 time
311 2516 76 24 before
401 2516 37 23 the
456 2516 172 23 Commissariat

58 2549 59 25 Chest
136 2551 43 23 will
199 2551 27 23 be
240 2550 75 31 repaid
333 2550 30 29 by
376 2549 36 23 the
426 2549 122 23 Auckland
561 2549 66 23 Emi-

55 2584 79 29 gration
162 2584 75 23 Fund.
285 2583 106 28 Further,
415 2591 32 15 we
471 2587 91 26 suspect
590 2582 38 23 the

55 2617 79 23 £6000
145 2622 21 18 to
178 2617 28 23 be
218 2617 51 30 paid
280 2618 23 22 in
317 2617 37 23 the
367 2616 89 31 Colony
464 2624 27 15 on
501 2616 37 22 the
546 2615 82 24 arrival

54 2650 23 22 of
85 2650 34 22 the
130 2650 125 31 immigrant
264 2650 70 31 ships,
344 2650 44 22 will
400 2650 56 23 have
465 2655 22 17 to
498 2650 27 22 be
537 2649 52 32 paid
600 2650 28 30 by

54 2682 48 23 bills
115 2690 26 16 on
152 2683 34 23 the
198 2683 72 23 Lords
283 2684 24 22 of
316 2683 40 23 her
369 2683 122 31 Majesty's
503 2683 124 30 Treasury.

54 2714 40 32 My
114 2715 58 24 Lord
200 2716 93 32 Stanley
319 2716 45 24 will
387 2724 54 15 soon
465 2716 47 23 find
536 2716 28 23 he
586 2716 42 23 has

54 2748 96 24 laboured
162 2750 70 23 under
245 2758 60 15 some
319 2750 71 30 slight
401 2749 111 23 mistakes
526 2754 101 27 respect-

54 2782 37 30 ing
101 2782 35 23 the
148 2784 73 22 affairs
231 2784 23 22 of
265 2783 130 28 Auckland,
409 2782 44 24 and
465 2782 48 24 that
525 2784 18 22 it
555 2782 73 24 would

54 2815 50 23 have
115 2816 53 23 been
181 2825 25 15 as
221 2817 50 22 well
283 2817 18 23 if
317 2817 28 23 he
358 2816 44 24 had
411 2816 56 31 paid
479 2824 62 16 some
554 2821 74 19 atten-

56 2848 40 23 tion
107 2854 20 17 to
141 2850 35 23 the
189 2858 59 15 news
258 2850 31 23 he
298 2855 38 26 got
349 2851 37 22 via
398 2850 57 23 Port
468 2849 127 24 Nicholson
596 2862 34 3 —

77 2887 43 21 The
135 2888 67 21 Lords
221 2888 179 22 Commissioners
420 2889 24 20 of
461 2887 37 22 the
519 2888 111 27 Treasury

55 2912 49 23 have
120 2916 99 21 assented
233 2920 21 16 to
272 2923 35 19 my
319 2915 210 26 recommendation,
544 2916 32 20 for
592 2915 37 20 the

56 2942 150 26 appropriation
222 2946 22 17 to
254 2942 37 21 the
302 2949 104 21 purposes
417 2942 25 21 of
455 2941 138 27 Emigration
607 2946 22 16 to

56 2966 47 22 New
119 2968 102 27 Zealand,
240 2970 25 20 of
281 2969 36 21 the
333 2976 48 15 sum
397 2969 98 26 £12,000
513 2969 57 20 from
590 2968 38 22 the

57 2999 81 17 amount
146 2996 99 25 reported
259 2996 28 27 by
305 3003 45 20 you
360 3000 22 17 to
392 2996 57 21 have
465 2996 57 21 been
533 2995 96 21 realized

56 3019 24 27 by
87 3021 33 21 the
130 3021 49 22 land
189 3023 56 21 sales
255 3028 22 16 at
285 3023 118 22 Auckland
411 3031 5 18 ;
428 3023 44 20 and
481 3022 57 21 have
546 3022 83 21 further

56 3046 104 23 intimated
176 3050 56 21 their
246 3050 112 22 readiness
378 3054 22 17 to
418 3049 114 22 authorize
547 3057 28 13 an
590 3048 40 22 ad-

56 3080 60 15 vance
132 3076 24 20 of
166 3076 74 22 £6000
254 3076 54 22 from
325 3076 37 23 the
382 3076 166 22 CommUseiriat
562 3076 68 22 Chest

58 3099 59 28 Fund,
130 3105 20 18 to
166 3102 74 29 defray
251 3103 36 22 the
305 3105 81 25 moiety
403 3104 25 21 of
442 3103 37 21 the
498 3110 94 20 expense
607 3102 26 21 of

58 3125 31 23 the
98 3129 123 26 emigration
232 3130 71 21 under
312 3131 34 21 the
358 3130 190 26 Commissioners,
556 3129 73 22 which

58 3153 37 22 will
104 3155 25 20 be
139 3156 128 27 chargeable
277 3158 22 20 in
311 3158 42 21 this
364 3162 100 22 country.

87 3189 45 24 The
143 3191 47 24 first
203 3191 93 25 number
309 3193 24 23 of
350 3193 38 26 the
402 3200 70 24 paper
485 3192 119 23 circulates
617 3200 13 15 a

59 3228 65 24 report
134 3224 46 24 that
197 3226 19 24 it
228 3233 47 16 was
287 3226 108 31 expected
414 3226 50 23 that
481 3226 54 30 gold
555 3224 74 25 would

59 3253 22 24 be
92 3256 62 24 found
166 3259 23 23 in
202 3259 37 23 the
251 3259 186 31 neighbourhood
449 3259 24 23 of
538 3258 90 31 capital,

60 3286 83 27 because
154 3292 57 23 mica
222 3292 40 23 has
275 3292 56 24 been
350 3292 138 28 discovered,
501 3292 73 23 which
591 3290 39 24 the

60 3327 58 25 paper
129 3329 66 19 states
207 3327 19 21 is
239 3326 48 23 said
298 3331 22 18 to
333 3326 28 23 be
373 3327 86 22 certain
472 3325 122 23 indication
608 3325 26 22 of

60 3354 31 22 the
107 3358 116 31 proximity
237 3359 25 23 of
279 3358 37 25 the
327 3363 61 20 most
399 3360 104 29 precious
520 3358 68 23 metal
607 3362 22 19 to

61 3385 31 24 the
102 3395 46 24 spot
159 3391 72 24 where
244 3393 17 22 it
272 3393 21 22 is
305 3392 54 31 dug.
358 3395 2 7 1

87 3421 21 23 A
119 3423 133 33 subsequent
263 3433 69 23 paper
345 3425 102 24 contains
460 3424 38 23 the
514 3424 118 30 following

61 3459 23 16 on
95 3454 32 24 the
139 3457 102 32 subject':
244 3471 33 4 —

80 3490 42 23 The
131 3494 124 25 gentlemen
266 3495 75 22 before
348 3495 73 21 whom
429 3494 37 22 the
476 3495 125 27 specimens
609 3494 25 21 of

62 3516 55 28 Gold,
137 3527 23 14 or
161 3532 25 4 —
186 3523 65 25 Mica,
268 3522 57 22 have
343 3523 59 21 been
421 3522 52 26 laid,
498 3529 38 14 are
559 3520 72 28 busily

59 3547 127 28 prosecuting
203 3549 56 21 their
275 3548 117 28 enquiries.
422 3548 41 21 We
480 3548 56 21 have
546 3552 39 17 not
594 3550 38 24 yet

61 3569 47 23 been
116 3572 105 26 favoured
229 3576 52 21 with
291 3583 42 20 any
343 3575 97 22 decisive
447 3579 82 24 report,
540 3574 47 26 but,
599 3581 32 14 we

59 3596 73 24 believe
142 3607 12 14 a
164 3602 105 27 sanguine
280 3602 89 28 opinion
381 3602 26 21 of
413 3602 38 21 the
464 3601 84 28 quality
559 3602 27 21 of
593 3600 38 21 the

59 3624 100 24 specimen
172 3628 20 22 is
209 3629 144 22 entertained.
382 3628 66 22 After
461 3626 39 28 all,
510 3635 32 15 we
558 3626 74 33 prefer

60 3650 32 21 the
108 3652 78 29 plough
206 3659 22 18 to
252 3656 36 22 the
310 3655 154 28 gold-miners'
484 3654 148 28 complicated

59 3677 55 27 tools,
115 3690 26 4 —
141 3681 50 27 and,
207 3690 23 14 as
247 3690 12 14 a
269 3682 142 28 speculation,
422 3681 74 22 would
510 3681 75 22 rather
595 3680 37 27 dig

59 3706 88 22 potatoes
156 3708 52 22 than
218 3712 92 25 attempt
434 3715 53 20 opes.
491 3710 5 10 1
501 3709 4 8 '

89 3739 35 24 Sir
141 3741 87 33 George
248 3744 73 32 Gipps
340 3744 45 24 had
397 3743 116 32 protected
524 3743 37 24 the
578 3741 54 24 bills

61 3770 21 22 of
98 3772 34 25 the
152 3775 122 25 Auckland
291 3777 76 28 Bank,
387 3777 77 23 drawn
483 3784 29 15 on
531 3775 101 31 Sydney,

61 3806 80 27 against
157 3808 52 25 bills
228 3810 75 23 drawn
324 3811 29 31 by
367 3810 104 32 Captain.
483 3809 99 24 Hobson
603 3816 29 15 on

60 3835 34 24 the
109 3838 155 28 Australasian
282 3844 76 29 Bank,
376 3844 91 29 against
483 3842 53 23 bills
553 3848 30 16 on
595 3845 39 19 tne

59 3867 107 37 Treasury
176 3875 30 22 he
216 3876 45 23 had
272 3877 113 26 remitted,
389 3881 23 18 to
423 3876 50 23 that
484 3875 71 24 bank.
600 3888 19 3 ■-
630 3897 3 3 .

81 3908 38 23 We
128 3912 191 24 understand-that
335 3922 13 15 a
358 3915 64 22 share
433 3915 35 22 list
478 3913 20 23 is
507 3914 24 22 in
541 3912 93 29 circulaf-

107 3939 23 19 to
140 3939 54 22 rais<»
209 3941 66 27 fundjs
284 3941 33 23 for
333 3941 205 26 tlie'formationpf
550 3939 84 24 a^oin-

535 30 101 47 ®i)t
651 32 129 41 mm
803 31 210 43 KtMmb
1034 30 195 48 4sra}tttt
1254 28 415 49 mbWicUimton
1695 27 251 50 spectator.

47 109 25 5 I*'
617 114 3 6 ,

47 134 18 19 (o
75 126 47 31 play
131 122 39 23 offi
178 125 61 27 Upon
252 121 36 22 his
299 128 69 16 .warm
381 121 102 24 hearted'
487 121 44 23 and
538 121 83 30 -manly

48 162 142 25 countrymen.
333 167 4 6 '
406 161 83 13 •>,-•■■,■

250 188 4 14 '■
387 187 32 24 A.
439 188 145 23 Scotsman.

186 240 280 24 AUCKLAND.
