2520 4020
1902 119 219 24 WHOLESALE
2152 120 127 24 PRICES
2313 122 155 34 CURRENT.

2003 158 131 15 CORRECTED
2152 159 29 14 UP
2195 159 29 14 TO
2239 159 55 15 LAST
2311 160 78 16 NIGHT.

2127 3070 123 20 DUTIES.

1892 3089 99 22 British
2004 3090 89 24 Spirits
2310 3098 31 20 4s.
2352 3105 37 20 per
2397 3097 68 27 gallon.

1892 3116 106 21 Foreign
2009 3116 54 23 ditto
2309 3125 31 20 ss.
2351 3131 37 20 per
2395 3123 70 28 gallon.

1894 3144 11 19 I
1912 3150 85 14 obacco
2007 3145 177 29 manufactured,
2312 3152 28 20 Is.
2350 3158 38 20 per
2395 3152 28 21 lb.

2006 3171 207 29 Unmanufactured
2309 3177 35 22 9d.
2355 3185 37 20 per
2399 3178 28 21 lb.

1892 3196 74 22 Snuff
2309 3206 31 19 2s.
2350 3205 71 27 perlb.

1892 3222 86 23 Cigars
2310 3233 31 19 2s.
2351 3232 72 26 perlb.

1892 3249 81 23 Wines
2301 3259 25 20 15
2340 3260 97 26 percent.

1894 3278 52 25 Ica,
1960 3279 86 26 Sugar,
2063 3280 87 29 Flour,
2169 3282 116 30 Wheat,!

1910 3304 43 21 and
1963 3304 65 22 other
2039 3307 85 28 Grain,
2136 3311 13 19 5
2160 3316 40 20 per
2209 3316 58 17 cent.
2281 3304 4 29 I
2331 3326 7 7 ,
2377 3327 7 6 ,

1892 3330 38 22 All
1940 3331 63 21 other
2013 3332 104 24 Foreign
2123 3336 144 26 productions
2279 3329 13 38 f
2312 3329 28 19 ad
2350 3329 89 20 valorem
2441 3341 3 6 '

1904 3357 44 22 and
1952 3360 167 23 manufactures
2128 3364 26 19 10
2161 3370 40 20 per
2209 3370 49 17 cent
2272 3356 13 35 J

2092 3388 189 28 EXCHANGE.

1892 3424 65 23 Bank
1967 3426 51 22 bills
2029 3434 27 16 on
2067 3429 96 23 London
2197 3419 16 33 130I
2220 3420 27 21 30
2263 3421 28 22 da
2291 3430 14 19 y
2307 3429 10 14 s
2331 3430 10 13 8
2343 3422 51 27 «H
2409 3424 12 19 2
2434 3429 10 20 F
2446 3427 19 15 er

1892 3464 19 12 r\
1936 3466 12 10 a
1969 3466 10 10 i
2204 3459 9 12 *•
2253 3454 58 16 cent,
2322 3450 108 26 premium.

1892 3464 34 42 gi
1935 3466 13 22 S
1950 3474 14 19 y
1967 3466 29 22 dn
1990 3494 12 12 u
1999 3474 11 14 e
2010 3474 15 19 y
2313 3462 70 35 iSitto.

1892 3490 87 25 Private
1990 3494 49 22 bills
2289 3502 109 23 Nominal.

1910 3556 39 16 The
1960 3556 157 20 NetZkaiasb
2129 3561 94 18 Gazette
2229 3564 36 17 and
2277 3565 129 17 Wellington
2418 3565 49 16 Spec-

1889 3580 64 13 tator
1958 3582 17 12 is
1981 3578 96 20 published
2084 3585 55 17 every
2147 3582 114 23 Wednesday
2269 3586 36 16 and
2317 3586 88 21 Saturday.
2426 3584 40 16 Sub-

1887 3598 62 19 joined
1954 3602 33 12 are
1994 3599 30 16 the
2032 3602 61 15 terms:
2095 3610 24 4 —

1911 3618 95 17 Faicao*
2012 3624 39 13 the
2059 3621 154 24 PAPEK.-^-Forty
2218 3626 84 21 shillings
2308 3631 32 17 per
2349 3631 71 15 annum,
2431 3629 37 18 pay-

1889 3639 41 16 able
1935 3644 23 11 in,
1961 3640 89 21 advance;
2062 3647 19 11 or
2088 3647 35 12 one
2130 3642 78 24 shilling
2214 3647 27 16 for
2247 3648 59 20 single
2313 3649 87 15 numbers.

1910 3661 155 18 Advertisements
2073 3664 37 16 will
2116 3667 36 14 not
2156 3669 68 18 appear
2233 3668 18 16 in
2264 3668 31 17 the
2304 3673 78 16 ensuing
2391 3668 85 19 number,.

1890 3680 16 15 if
1914 3682 83 16 received
2004 3682 44 17 later
2055 3684 43 17 than
2112 3686 20 15 10
2139 3685 76 22 o'clock,
2222 3692 48 16 a.m.,
2277 3694 23 12 on
2308 3690 29 15 the
2345 3693 86 16 mornings
2439 3689 26 15 be-

1890 3702 37 15 lore
1940 3702 117 20 publication.
2078 3705 159 21 Advertisements
2251 3710 38 16 will
2300 3711 21 15 be
2331 3710 93 17 continued
2431 3708 31 17 and

1889 3722 77 20 charged
1977 3723 49 17 until
2035 3727 167 21 counter-ordered;
2214 3730 45 16 such
2265 3730 53 17 order
2324 3732 47 14 must
2379 3731 19 17 be
2405 3730 38 16 sent
2448 3730 17 14 to

1889 3744 32 14 vie
1930 3744 55 16 Office
1997 3746 36 16 two
2051 3746 43 20 days
2112 3748 63 17 before
2185 3750 118 20 publication,
2314 3751 35 17 and
2360 3753 46 14 must
2417 3751 19 16 be
2446 3749 16 16 in

1889 3766 78 18 writing.
1992 3766 156 19 Advertisements
2162 3770 81 18 received
2262 3772 52 19 after
2330 3772 21 17 10
2366 3772 63 16 o'clock
2442 3773 21 13 on

1891 3785 80 20 iuesday
1982 3785 40 17 and
2032 3786 72 22 .Friday.
2107 3789 96 21 mornings
2215 3791 36 17 will
2262 3793 22 16 be
2292 3791 78 21 Charged
2381 3793 47 16 twice
2437 3791 27 16 tbi

1890 3805 52 16 usual
1948 3807 55 15 rates.

1909 3825 31 16 All
1945 3826 68 19 orders,
2023 3827 159 22 advertisements,
2194 3831 36 16 and
2240 3833 160 17 communications
2411 3834 17 15 to
2439 3831 26 16 the

1889 3845 68 21 Editor,
1963 3850 32 13 are
2002 3849 95 19 requested
2101 3850 20 18 »p
2126 3850 26 18 top
2157 3851 100 19 nddreiied
2262 3855 19 15 to
2286 3854 38 16 this
2330 3854 61 16 Office.

1888 3888 75 19 Printed
1976 3890 37 16 and
2018 3887 103 24 'published
2139 3897 57 19 every
2212 3894 112 24 Wednesday
2340 3899 35 17 and
2384 3897 80 19 Saturday

1888 3913 3 21 !
1909 3911 127 26 BVWWerby
2053 3912 190 25 B+xvul^vib,,
2256 3916 68 21 'Kitiui
2340 3920 52 16 Office
2406 3918 20 18 of
2436 3920 27 14 tn»

1888 3941 3 7 ■
1909 3934 48 14 Stvr
1970 3934 99 15 ZBALAKo
2077 3934 96 19 Qazkttm
2184 3941 48 15 Ajra,
2239 3939 134 17 Wkllimgtok
2388 3940 77 16 Sriori-

1887 3951 5 30 1
1908 3949 210 41 g*^**"*™*'
2127 3943 117 36 Wttli^gton,
2257 3944 52 34 Porf
2425 3958 39 19 »«*

565 31 240 49 ■StesW**
830 31 208 52 fltagten*
1055 31 199 47 ffimtttt
1278 33 100 41 atifc
1390 31 303 47 WMiwQton
1718 28 254 50 3mm&&&

2244 185 54 17 £»•
2323 186 17 17 d.
2393 190 46 20 £..
2458 198 13 16 4i

1903 212 51 22 Alb
1961 220 5 13 :
1982 212 28 21 In
2020 212 76 28 bottle,
2103 220 42 22 per
2155 212 71 23 hhd..
2246 214 13 22 7
2288 216 89 21 00..
2395 221 12 18 o
2430 224 11 18 ono
2462 229 8 13 n

2077 247 40 20 per
2123 240 103 22 barrel..
2244 241 14 20 5
2287 243 14 19 0
2329 244 13 19 0
2359 257 18 6 ..
2394 247 12 19 o
2430 250 11 20 o
2461 255 9 18 o

2077 273 39 21 per
2125 266 43 22 doz
2246 269 14 20 0
2275 269 25 20 13
2329 270 13 19 0
2359 284 5 5 .
2371 284 6 5 .
2394 273 12 19 0
2429 277 11 19 0
2460 281 9 15 n

1903 292 98 21 Arrack
2011 299 5 14 :
2032 292 42 22 Per
2081 293 45 26 gal.
2136 294 26 21 in
2172 293 62 22 bond
2248 295 13 20 0
2290 296 11 20 1
2330 296 13 19 9
2360 310 6 5 .
2372 311 6 5 .
2395 300 12 19 o
2430 303 11 19 2

1902 318 78 23 Bread
1989 327 5 13 :
2012 319 42 22 Per
2062 319 44 23 2lb.
2117 320 52 22 loaf
2248 323 14 20 0
2289 323 13 20 0
2330 322 13 21 7
2360 337 5 6 .
2372 334 6 9 <
2394 327 12 19 Q
2430 330 39 19 on

1902 345 72 22 Beef:
1991 346 77 27 Fresh,
2087 353 91 16 carcase
2194 354 40 20 per

2017 372 25 22 lb
2244 376 14 19 0
2286 375 12 19 0
2315 376 26 20 10
2358 390 17 6 ..
2392 380 14 19 0
2429 383 10 19 0
2458 388 9 18 o

2011 399 52 27 Salt,
2074 406 39 20 per
2127 400 70 22 tierce
2211 414 19 7 ..
2269 409 59 14 none
2360 417 17 6 ••
2396 407 11 19 0
2430 410 10 18 0
2460 414 8 19 o

2011 425 44 22 Do.
2063 433 40 21 per
2117 426 75 23 barrel
2210 442 5 5 .
2223 442 6 5 .
2267 435 60 14 none
2358 444 18 5 ..
2392 434 47 21 oq
2458 441 9 8 >

1902 452 106 22 Butter:
2025 452 64 28 Irish,
2098 460 41 21 per
2148 453 32 23 lb.
2212 468 18 6 ..
2267 462 61 15 none
2359 470 5 6 .
2371 471 5 5 .
2394 460 12 19 0
2429 463 10 19 0
2459 468 8 17 o

2024 479 67 22 Fresh
2248 482 14 20 0
2288 484 14 19 3
2330 483 77 23 3..0
2430 490 37 22 0o

1902 511 81 16 X7ranu
1989 513 10 14 if
2007 513 5 14 :
2029 506 57 21 First
2091 506 95 27 quality,
2194 514 40 20 per

2051 533 75 26 gallon
2136 533 24 22 in
2172 534 61 22 bond
2246 536 14 19 0
2289 534 13 23 7
2330 537 13 20 0
2361 551 4 5 .
2372 551 6 5 .
2395 541 11 19 0
2429 543 11 19 9
2458 547 9 18 o

1902 559 85 22 Brown
2008 559 86 23 Stout:
2117 567 42 20 per
2173 560 55 22 hhd.
2243 562 13 20 6
2272 562 26 21 10
2326 564 14 19 0
2357 577 18 6 ..
2394 565 12 21 7
2428 569 11 19 o
2458 574 8 18 o

1902 586 87 22 Cigars
1996 593 6 14 :
2015 586 101 28 Manilla,
2124 594 41 20 per
2168 589 64 26 ,looo,
2247 590 13 20 3
2288 591 14 19 0
2330 591 13 19 0
2360 604 5 6 .
2371 604 7 5 .
2395 593 12 19 0
2429 596 10 19 0
2458 601 9 18 o

2011 612 96 23 Inferior
2125 627 104 8 ........
2248 616 10 19 1
2276 616 25 21 18
2329 618 77 22 0..2
2429 623 38 22 0o

2013 640 134 26 Havannah,
2153 648 41 20 per
2201 641 31 21 lh.
2267 649 60 15 none
2359 658 5 5 .
2371 658 5 5 .
2394 647 12 19 0
2429 649 10 19 0
2458 654 9 18 q

2011 666 245 28 ChinsurahperlOOOl
2275 670 25 20 10
2328 671 14 20 0
2358 684 18 6 ..
2393 673 11 19 0
2427 677 10 18 0
2457 681 8 17 o

2010 693 155 23 Alexandrian
2180 709 45 6 ....
2246 696 10 21 1
2274 697 26 20 10
2327 698 110 24 0..00
2458 706 9 19 0

1902 720 87 22 Coffee
1996 727 5 14 :
2013 718 63 28 Java,
2088 728 39 24 per
2135 720 24 22 lb
2246 724 13 19 0
2287 725 13 19 0
2315 724 27 20 10
2359 738 4 5 .
2370 738 6 5 .
2393 727 11 19 0
2429 729 7 19 1
2458 732 10 20 3

1902 747 89 22 Cheese
1999 754 5 14 :
2021 747 105 22 Cheshire
2246 751 13 19 0
2288 751 9 20 1
2328 752 77 21 6..0
2428 756 10 19 0
2458 760 10 18 0

2020 774 53 21 Pine
2084 774 75 27 Apple
2246 778 13 19 0
2286 779 14 18 0
2328 779 76 21 0..0
2429 782 7 20 I
2458 785 9 19 2

2019 800 74 22 Dutch
2246 805 14 19 0
2287 805 13 20 0
2329 805 48 20 0..
2411 814 62 18 noiu*,

1901 827 106 22 Candles
2015 835 5 14 :
2027 828 92 26 English
2128 835 57 21 wax,
2192 837 41 19 per
2456 832 8 6 v
2465 835 4 12 i

2045 854 22 22 lb
2246 858 13 19 0
2286 858 14 21 3
2328 859 14 19 0
2359 872 5 5 .
2371 872 5 6 .
2394 862 12 19 0
2429 863 10 19 0
2460 867 8 18 c

2032 880 78 23 Mould
2245 885 13 19 0
2287 885 9 20 1
2327 885 78 23 3..0
2428 890 11 19 0
2459 894 10 18 0

2034 908 54 27 Dips
2244 913 13 18 0
2286 912 9 19 1
2326 913 49 18 0..
2393 915 10 19 0
2428 917 40 21 Oo

1901 934 92 22 Flour:
2004 936 33 19 Ist
2042 935 92 27 quality,
2146 943 41 19 per
2191 940 39 17 ton

2024 962 25 21 of
2060 964 53 19 2000
2123 962 35 22 lbs
2229 964 27 20 28
2285 965 13 20 0
2326 967 13 18 0
2357 968 47 20 ..30
2427 971 10 18 0
2459 974 9 18 0

2000 988 46 21 2nd
2056 988 54 21 ditto
2246 992 13 19 0
2286 993 13 19 0
2328 993 13 19 0
2359 995 46 20 ..20
2429 998 10 18 0
2460 1000 9 19 0

1901 1015 60 21 Gin:
1982 1015 53 21 Pale
2053 1016 22 21 in
2086 1015 61 22 bond
2244 1019 13 19 0
2285 1019 13 20 3
2326 1019 14 20 0
2357 1033 18 6 ..
2392 1023 11 19 0
2427 1023 11 19 4
2458 1027 10 19 6

1950 1042 63 25 Case,
2022 1044 13 19 4
2042 1042 35 26 gal
2087 1044 37 19 4-5
2133 1043 24 22 in
2168 1044 61 21 bond
2244 1046 13 19 0
2285 1047 13 18 0
2326 1047 49 19 0..
2394 1049 8 20 1
2429 1051 10 19 nyn
2459 1056 9 16 y

1901 1068 20 21 1:1
1928 1077 41 13 aais
1978 1077 4 12 :
1999 1069 128 26 Yorkshire,
2143 1077 40 19 per
2193 1070 23 21 lb
2225 1086 5 5 .
2246 1073 13 18 0
2287 1073 14 19 0
2328 1073 13 20 0
2359 1087 5 6 .
2371 1087 5 5 .
2394 1078 11 18 0
2429 1079 11 18 0
2460 1081 10 18 0

1901 1095 128 22 Mustard:
2044 1096 42 21 Per
2095 1096 73 22 dozen
2182 1100 77 19 ....0
2276 1100 24 20 18
2329 1101 77 21 0..0
2430 1105 40 21 Oo

1900 1122 116 21 Mutton:
2036 1123 93 21 Carcase
2139 1131 42 19 per
2190 1124 23 21 lb
2224 1141 5 4 .
2245 1127 14 19 0
2286 1127 14 19 0
2328 1128 13 18 0
2359 1141 4 5 .
2371 1141 5 5 .
2394 1131 11 18 0
2429 1132 38 21 Oil

1901 1148 122 23 Muskets:
2040 1149 91 22 Walnut
2138 1150 94 23 stocked
2246 1153 13 20 0
2286 1154 14 19 0
2328 1155 12 19 0
2359 1168 4 5 .
2371 1169 5 5 .
2394 1158 45 19 015
2462 1162 8 18 0

1900 1176 78 21 Milk.
1995 1176 43 21 Per
2044 1177 49 26 pint
2246 1180 12 20 0
2286 1181 14 19 0
2327 1181 13 19 3
2359 1195 17 6 ..
2394 1185 12 18 0
2429 1185 11 19 0
2460 1188 9 19 4

1901 1202 43 22 Oil
1952 1211 5 13 :
1973 1202 104 26 Linseed,
2087 1211 40 19 per
2136 1204 78 26 gallon
2225 1207 33 19 .0
2286 1207 12 19 5
2328 1209 12 19 0
2359 1222 4 6 .
2371 1222 5 6 .
2394 1212 12 18 0
2430 1211 9 21 7
2462 1216 8 17 0

1974 1230 286 28 Black,incask,pertonl7
2276 1234 26 20 10
2329 1235 13 19 0
2359 1249 18 6 ..
2395 1239 11 18 0
2430 1240 11 18 0
2460 1244 10 16 0

2013 1257 75 25 Sperm
2229 1261 26 19 75
2283 1261 12 19 0
2325 1261 12 19 0
2356 1276 17 5 ..
2392 1264 10 18 0
2429 1265 8 19 0
2459 1268 8 17 0

1900 1283 76 22 Pork:
1992 1284 77 29 Fresh,
2086 1291 90 15 carcase
2192 1293 40 19 per

2018 1310 22 22 lb
2244 1315 13 19 0
2285 1317 13 18 0
2326 1315 12 20 5
2358 1330 18 5 ..
2394 1319 10 19 0
2429 1320 10 19 0
2459 1323 10 19 0

1900 1336 64 22 Pork
1971 1345 5 13 :
1993 1337 65 27 Irish,
2070 1345 39 20 per
2118 1338 76 22 barrel
2207 1353 5 6 .
2220 1354 5 5 .
2244 1343 13 18 0
2285 1344 14 18 0
2327 1344 36 19 0.
2371 1357 5 5 .
2406 1352 48 15 none

1900 1364 130 22 Potatoes:
2051 1364 54 22 New
2121 1365 109 28 Zealand,

2075 1399 39 19 per
2124 1396 38 18 ton
2243 1395 12 19 5
2284 1397 13 19 0
2326 1398 13 19 0
2357 1411 5 5 .
2370 1411 5 5 .
2393 1400 11 19 0
2429 1401 9 19 0
2460 1404 8 18 0

1900 1418 92 22 Pouter
2002 1425 6 14 :
2037 1418 101 28 Dunbar,
2150 1421 25 20 in
2183 1420 46 22 bot.

2066 1453 39 19 per
2115 1446 44 22 doz
2243 1450 13 20 0
2272 1451 25 19 13
2326 1452 78 21 0..0
2429 1455 10 19 0
2460 1458 9 17 0

2008 1472 84 27 Bryant
2102 1473 45 21 and
2158 1473 71 23 Davis
2243 1477 13 19 0
2284 1478 14 19 0
2325 1479 13 19 0
2357 1491 4 6 .
2370 1491 5 6 .
2393 1481 11 19 0
2428 1482 10 19 0
2459 1484 10 18 0

1900 1498 97 22 Pickles
2009 1507 5 12 :
2046 1500 115 27 Assoi.Vd,
2191 1508 40 20 per

2071 1526 57 26 doz.,
2154 1532 76 22 quarts
2246 1530 9 20 1
2288 1531 8 19 1
2328 1533 12 19 0
2359 1546 4 5 .
2371 1546 5 6 .
2394 1536 12 18 0
2430 1536 10 19 0
2462 1538 8 17 0

1900 1552 71 21 Pitch
1985 1559 5 14 :
2024 1550 137 31 Stockholm,
2191 1562 41 19 per

2049 1580 71 21 barrel
2246 1584 13 20 0
2287 1586 13 19 0
2328 1587 12 18 0
2358 1600 18 6 ..
2395 1588 8 20 1
2419 1589 22 20 Jo
2463 1592 9 18 0

1900 1606 79 21 Plank
1987 1613 5 14 :
2022 1606 52 22 Port
2096 1607 133 28 Nicholson,

2049 1641 38 19 per
2097 1635 39 20 100
2147 1635 47 21 feet
2207 1650 5 5 .
2220 1651 5 5 .
2244 1639 13 19 0
2285 1640 13 19 0
2326 1641 12 19 0
2357 1654 4 5 .
2369 1654 5 6 .
2394 1642 7 20 1
2429 1644 8 19 1
2460 1646 9 19 0

1899 1660 69 21 Rice:
1982 1660 107 21 Common
2100 1668 40 19 per
2147 1665 49 18 cwt.
2208 1677 19 6 ..
2246 1666 12 19 0
2286 1668 13 18 0
2328 1668 12 18 0
2357 1681 18 5 ..
2394 1670 10 19 0
2429 1671 10 18 0
2461 1674 9 17 (1

1982 1687 65 21 Good
2245 1692 10 20 1
2285 1694 13 18 G
2326 1694 75 22 0..1
2427 1698 10 18 8
2461 1700 9 17 0

1898 1713 55 21 Rum
1961 1722 4 12 :
1984 1714 24 20 P.
2020 1714 25 21 B.
2056 1715 32 25 P.,
2103 1722 41 20 per
2152 1716 77 25 gallon

2021 1741 23 21 in
2058 1741 60 22 bond
2244 1747 12 19 0
2284 1747 14 20 4
2326 1747 11 19 0
2357 1762 17 5 ..
2392 1751 11 19 0
2427 1751 11 18 5
2462 1754 8 18 0

1899 1768 88 21 Sugar:
2005 1768 117 22 Mauritius
2133 1776 42 20 pcr
2182 1774 48 18 cwt.
2246 1774 12 18 0
2287 1775 13 19 0
2328 1776 12 18 0
2359 1788 16 6 ..
2406 1783 48 14 none

2009 1795 79 21 Brown
2102 1795 57 23 ditto
2243 1800 53 20 114
2324 1803 77 20 0..2
2427 1806 10 18 0
2461 1807 9 18 0

2009 1822 93 22 Refined
2119 1823 54 27 loaf,
2190 1832 41 19 per

2034 1849 21 21 lb
2244 1854 13 20 0
2286 1856 12 19 0
2326 1856 12 19 9
2357 1870 16 5 ..
2392 1859 11 18 0
2428 1860 11 18 0
2463 1861 9 18 0

2010 1876 93 22 Manilla
2122 1884 41 20 per
2176 1881 49 19 cwt.
2241 1882 13 18 0
2282 1883 13 18 0
2324 1884 47 18 0..
2391 1883 57 22 None

1898 1902 72 22 Salt:
1988 1903 124 28 Liverpool,
2123 1912 42 19 per
2175 1908 38 18 ton
2222 1922 5 5 .
2243 1908 12 20 3
2284 1910 13 19 0
2325 1910 12 19 0
2356 1924 17 5 ..
2391 1912 11 19 4
2427 1914 11 18 0
2462 1914 9 18 0

1898 1929 59 21 Soap
1966 1937 5 13 :
2000 1929 100 23 Hawes's
2124 1932 105 27 London,

2026 1964 37 19 per
2071 1961 37 17 ton
2228 1961 27 20 35
2284 1964 12 19 0
2324 1964 12 19 0
2355 1978 16 4 ..
2390 1966 11 18 0
2428 1967 11 18 0
2463 1968 9 19 0

2017 1984 116 27 Liverpool
2229 1989 26 20 26
2283 1992 13 17 0
2324 1992 12 18 0
2354 2004 17 5 ..
2389 1994 11 18 0
2427 1994 10 17 0
2463 1997 9 16 0

1898 2010 90 22 Starch
1997 2018 5 14 :
2019 2011 41 21 Per
2069 2011 22 21 lb
2244 2016 13 19 0
2284 2020 14 17 0
2325 2018 12 19 9
2356 2031 3 5 .
2367 2032 6 5 .
2390 2021 11 18 0
2427 2022 12 17 0
2463 2023 10 17 0

1898 2037 143 22 Scantling:
2057 2039 42 21 Per
2107 2041 40 19 100
2157 2041 68 21 feet..
2244 2044 13 18 0
2285 2045 13 18 0
2325 2046 12 18 0
2355 2058 16 5 ..
2391 2048 7 18 I
2428 2049 11 17 0
2463 2052 9 15 v

1897 2064 128 22 Shingles:
2042 2065 41 21 Per
2091 2067 61 26 100U,
2162 2067 28 21 N.
2201 2068 25 21 Z.
2244 2070 8 19 1
2286 2072 7 18 1
2323 2072 12 19 0
2353 2085 17 5 ..
2390 2074 7 18 1
2426 2074 11 18 .5
2463 2077 9 16 0

2028 2093 68 26 Ditto,
2120 2093 27 21 V.
2161 2094 28 21 D.
2201 2095 25 21 L.
2241 2097 13 18 2
2283 2099 12 18 0
2323 2099 12 18 0
2353 2112 17 5 ..
2388 2102 12 18 0
2427 2103 11 18 0
2463 2105 9 16 0

1896 2118 50 22 Tar
1954 2135 4 5 .
1975 2119 54 21 Coal
2244 2125 7 18 1
2283 2126 12 18 .3
2324 2126 12 18 0
2354 2139 4 4 .
2367 2139 4 5 .
2390 2129 12 18 0
2428 2131 44 17 00

1979 2146 128 22 Stockholm
2245 2152 8 18 1
2272 2153 26 18 10
2325 2154 12 17 0
2355 2166 18 5 ..
2390 2155 12 19 0
2429 2157 11 17 0
2464 2159 9 14 I)

1896 2171 61 23 Tea:
1968 2173 80 27 Hyson
2053 2173 55 27 skin,
2116 2182 40 19 per
2166 2175 63 22 chest
2243 2177 12 21 7
2284 2179 12 20 7
2324 2180 79 21 0..10
2427 2182 12 19 0
2462 2184 10 17 0

1971 2201 93 25 Congou
2230 2205 26 20 12
2283 2207 13 19 0
2324 2207 77 21 0..0
2427 2209 12 20 0
2462 2210 9 19 0

1898 2226 103 22 Tobacco
2010 2234 5 14 :
2028 2227 143 28 Negrohead,
2189 2237 40 19 per

2054 2255 30 20 lb-
2097 2255 23 21 in
2138 2255 61 22 bond
2241 2260 12 19 0
2284 2261 5 19 ]
2323 2261 48 19 0,.
2390 2263 11 18 0
2427 2263 11 19 0
2462 2264 10 18 0

1895 2279 163 23 Turpentine:
2074 2282 148 26 Pergallon..
2241 2287 13 18 0
2283 2289 12 18 S
2323 2288 13 19 0
2354 2301 18 5 ..
2391 2291 12 18 0
2429 2292 11 18 0
2462 2295 9 15 0

1896 2305 159 24 Whalebone:
2073 2309 43 20 Per
2124 2314 40 16 ton
2227 2312 25 20 85
2281 2316 13 17 0
2322 2316 13 18 0
2354 2316 47 20 ..90
2427 2318 12 18 0
2462 2319 8 17 0

1896 2333 80 22 Wine:
1993 2334 87 27 Sherry,
2091 2343 39 19 per
2140 2336 52 27 pipe
2203 2340 49 19 -.28
2281 2342 13 19 0
2322 2342 13 19 0
2353 2344 49 18 ..40
2427 2346 12 17 0
2461 2347 9 17 0

2003 2361 70 28 Ditto,
2089 2369 40 20 per
2143 2363 80 22 dozen.
2241 2366 7 19 1
2279 2368 13 19 4
2321 2369 13 18 0
2352 2382 5 5 .
2365 2382 6 5 .
2389 2370 12 19 2
2428 2372 11 18 0
2462 2373 8 17 0

2005 2388 58 28 Port,
2074 2396 38 20 per
2123 2389 51 28 pipe
2201 2393 49 20 ..28
2278 2395 13 18 0
2319 2396 14 19 0
2351 2397 50 19 ..60
2427 2399 11 18 0
2460 2399 9 18 0

2071 2423 38 20 per
2120 2418 49 19 doz.
2201 2432 4 5 .
2213 2433 5 4 .
2239 2420 9 19 1
2278 2422 12 19 8
2319 2423 13 18 0
2350 2436 4 5 .
2363 2435 5 6 .
2387 2425 12 19 2
2426 2425 10 19 8
2460 2425 9 19 0

2004 2442 148 28 Champagne,
2168 2444 55 22 ditto
2237 2448 13 19 2
2277 2448 13 19 5
2319 2449 13 19 0
2350 2462 18 6 ..
2387 2451 12 19 3
2416 2452 21 19 10
2460 2453 9 17 0

1895 2468 121 22 Poultry:
2032 2469 77 27 Fowls,
2117 2477 41 19 per
2165 2472 60 26 pair.
2240 2475 13 19 0
2281 2477 12 18 S
2322 2477 13 18 O
2352 2489 19 6 ..
2390 2480 13 17 0
2417 2479 23 19 l(i
2462 2482 9 15 I)

2030 2496 84 28 Ducks,
2125 2497 57 22 ditto
2203 2514 18 5 ..
2240 2502 12 19 0
2269 2502 25 20 16
2321 2503 13 19 0
2352 2516 19 5 ..
2390 2507 11 16 0
2426 2507 13 17 0
2462 2507 8 17 0

2032 2523 77 27 Geese,
2121 2524 57 22 each
2203 2540 5 5 .
2215 2541 5 5 .
2241 2528 7 19 1
2280 2530 13 19 0
2321 2530 13 19 0
2352 2543 18 5 ..
2387 2533 12 17 0
2423 2534 13 16 0
2460 2535 10 15 0

2030 2550 108 28 Turkeys,
2150 2552 56 21 each
2243 2555 6 20 ]
2281 2557 14 18 0
2323 2557 12 19 0
2353 2570 4 5 .
2366 2570 4 5 .
2388 2559 11 19 0
2423 2560 12 17 0
2460 2560 12 18 0

2032 2577 101 27 Pigeons,
2145 2580 78 26 (wild,)

2056 2612 39 20 per
2105 2605 49 27 pair
2241 2610 12 19 0
2281 2611 14 19 0
2323 2611 76 22 0..0
2423 2613 12 19 2
2460 2615 10 18 0

2030 2631 82 27 Ducks,
2122 2632 37 22 do.
2171 2633 51 22 do..
2241 2637 13 19 0
2282 2638 12 19 5
2323 2639 12 18 0
2353 2652 4 5 .
2366 2651 4 6 .
2389 2641 11 19 0
2425 2643 12 17 0
2460 2641 10 18 0

1895 2657 59 23 Eggs
1962 2665 5 14 :
1985 2658 42 21 Per
2037 2658 70 22 dozen
2241 2663 13 20 0
2281 2664 14 20 3
2323 2665 12 20 0
2352 2679 5 5 .
2365 2679 5 5 .
2388 2668 11 18 0
2425 2668 12 19 0
2460 2667 10 19 0

1964 2720 6 13 :
1985 2713 71 22 Milch
2226 2718 27 21 20
2280 2721 14 19 0

1900 2739 88 22 Mares:
2005 2740 74 22 Brood
2224 2746 27 20 50
2279 2748 13 19 o

1900 2765 109 22 iYorkikg
2026 2767 133 24 Bullocks:
2182 2770 43 22 Per

1900 2794 67 27 .Pair
2226 2800 28 20 40
2281 2801 13 19 0

1900 2820 56 21 iiUE
1967 2827 27 14 ok
2006 2828 65 14 ditto
2079 2829 5 14 :
2100 2823 44 21 Per
2152 2824 51 27 day,
2213 2832 13 14 a

1920 2850 59 18 team
1988 2848 47 21 and
2042 2848 73 23 driver
2240 2854 11 19 1
2280 2855 14 20 o

1900 2873 67 22 sheei>
1976 2882 4 13 :
1997 2874 59 23 Each
2239 2881 10 20 1
2279 2883 14 19 q

1900 2900 55 22 Boat
1966 2901 74 22 Hike:
2055 2902 42 22 Per
2103 2903 52 29 day,
2161 2905 64 22 with-

2083 2934 39 18 out
2132 2932 74 21 hands
2216 2948 5 6 .
2237 2935 13 19 0
2266 2936 27 19 10

2320 2721 13 19 0
2351 2722 48 20 ..30

2320 2749 12 18 U
2350 2749 48 19 ..DO

2321 2802 13 19 0
2352 2802 47 20 ..60

2321 2856 13 19 0
2352 2867 17 7 ..
2386 2857 13 19 2

2319 2883 14 18 0
2350 2894 17 7 ..
2386 2883 9 20 I

2320 2937 12 19 0
2350 2949 17 5 ..
2387 2937 7 19 1

2423 2722 11 19 0

2423 2749 12 19 0

2425 2803 11 19 0

2423 2857 12 18 0

2422 2883 12 19 8

2423 2938 11 18 0

2458 2722 10 18 0

2458 2749 10 19 0

2459 2802 11 18 a

2459 2856 12 18 o

2458 2883 10 18 o

2458 2937 10 18 o

1909 2981 4 20 ll
1914 2981 5 10 r
1922 2989 68 14 AGEs:

2021 2982 138 30 Mechanics,
2185 2993 40 20 per

2046 3010 61 22 week
2239 3015 12 20 2

2028 3035 127 26 Labourers
2172 3054 46 6 ....
2239 3042 9 20 1
2267 3043 2 19 ;

2279 3017 14 19 0

2267 3043 25 20 10

2320 3017 12 19 0
2350 3029 18 6 ..
2385 3018 12 19 3

2319 3044 13 19 0
2350 3057 18 5 ..
2387 3045 8 19 1
2410 3045 4 19 ]

2423 3017 12 20 0
2457 3017 11 18 0

2410 3044 24 20 16
2456 3043 11 19 0

55 122 40 21 To
111 121 172 22 Gentlemen.
287 120 148 27 intending
447 121 29 19 to
491 121 84 24 enter,
581 119 59 21 into

42 153 5 9 1
83 148 44 21 the
306 145 10 24 7
328 145 111 28 pursuit'
465 145 30 22 of
514 146 127 27 .Grazing

39 181 22 8 --
83 174 53 23 and
146 174 16 26 '
162 174 131 26 Breeding
313 174 92 24 Stock,
427 173 42 21 for
487 173 90 21 whicn
587 171 9 14 7
597 173 43 20 the

38 219 5 3 .
82 200 89 21 fertile
191 200 110 21 Islands
311 200 43 21 iof
371 197 71 24 Mew'
454 200 123 20 Zealand
596 204 43 16 are

38 241 11 14 v
56 233 68 23 .;.so,[
128 227 152 27 peculiarly
292 228 127 25 adapted.
437 244 1 6 ,
452 246 4 3 .
471 237 16 10 >.■

55 261 92 54 THE
148 277 10 10 o
158 261 152 26 undersigned
319 262 44 25 beg
372 263 23 20 to
402 260 83 24 inform
494 260 58 22 their
557 260 83 22 friends

115 287 57 23 -and
189 288 44 31 the^
237 288 87 27 public,
331 287 122 32 generally,
469 286 49 23 that
534 287 53 27 they
597 287 43 23 will

54 317 101 21 contract
181 315 34 22 for
233 315 37 21 the
295 314 100 27 delivery
420 313 25 22 of
466 312 37 23 the
527 313 113 27 following

54 340 135 29 description
203 341 26 21 of
235 341 73 26 Stock,
315 341 25 21 in
350 347 44 21 any
404 341 52 22 Pdrt
466 340 25 22 of
504 340 37 22 the
553 340 87 22 Islands

51 367 30 22 •of
87 368 56 22 New
153 367 100 23 Zealand
256 371 3 7 1
261 374 5 14 :
268 379 28 4 —

66 415 3 4 L
82 394 95 23 Horned
193 394 67 24 cattle
278 394 126 27 (improved
416 394 88 25 breeds)
520 394 26 22 of
558 392 30 22 all
602 392 38 22 de-

54 421 116 28 scriptiqns
172 438 17 12 M
192 438 3 4 .
208 439 3 7 ,
254 430 2 10 i

82 448 90 26 Horses,
195 447 56 21 from
264 470 2 9 (
273 446 38 22 the
320 470 7 2 _
334 446 50 22 best
404 446 92 27 English
517 446 45 22 and
578 446 61 21 Arab

52 474 69 26 studs;
139 471 99 25 snifable-
248 472 43 22 for'
301 473 86 27 racing^
404 472 80 28 saddle,
497 481 25 13 or
533 472 104 27 harness;

51 500 46 22 arid
106 501 111 26 breeding'
223 507 80 19 mares,
320 504 2 11 ;
347 510 3 4 -

68 546 11 6 P
80 528 63 23 ure.S
147 528 75 22 axon
233 527 45 21 and
287 526 87 22 merino
384 533 63 19 ewes,
466 535 3 8 '
498 541 3 6 ,

79 554 121 21 Half-bred
216 553 114 22 Leicester
344 552 46 23 and
405 552 85 23 merino
510 560 63 18 ewes,
590 559 50 20 par-

52 580 102 26 ticularly
165 580 95 27 adapted
274 580 34 21 for
318 579 45 22 this
373 583 100 23 country,
483 586 25 15 as
518 578 53 28 they
578 578 60 23 unite

46 606 87 27 '•weight
143 604 27 23 of
176 612 86 16 carcass
273 604 52 24 with
320 604 3 10 I
328 607 104 22 'fineness
443 606 25 21 6f
475 606 63 21 wool.
546 609 4 4 '

38 629 17 20 *>
66 646 4 3 •
78 633 48 22 The
134 637 3 6 '
148 633 152 27 unflerdigried
324 640 43 14 can
395 632 165 23 accommodate
562 640 2 6 1
589 639 51 21 pur-

42 668 2 11 :
51 660 90 22 chasers
155 660 32 22 of-
195 660 57 21 their
262 660 68 21 Stock
346 659 56 22 -with
418 660 114 21 extensive
546 659 93 27 grazing

50 693 62 20 runs,
120 686 80 25 ,within
212 688 39 20 100
261 687 64 21 miles
336 687 26 21 of
368 686 43 22 this
421 686 58 22 Port.

315 713 35 21 W.
366 713 25 22 B.
407 714 92 21 Rhodes
514 712 44 23 and
573 712 38 22 Co.

212 764 4 5 -
242 758 68 20 Bees
325 757 44 22 for
383 759 68 20 Sale.

54 792 42 33 T}1
104 790 143 23 XPECTED
263 791 57 22 from
338 791 97 27 Sydney,
445 791 30 27 by
484 790 48 22 first
547 791 88 27 arrival,

53 813 46 26 S-A
131 824 13 15 a
158 818 44 21 few
217 818 63 21 hives
290 818 26 21 of
323 818 64 26 bees;
404 818 73 21 orders
491 818 45 21 will
551 818 46 21 also
612 818 26 21 be

53 844 67 21 taken
130 844 35 22 for
176 844 36 21 the
228 844 144 27 importation
382 845 26 21 of
419 844 52 24 bees
481 848 22 18 to
515 844 36 22 the
564 848 75 21 extent

54 871 25 21 of
86 871 55 21 from
152 874 83 24 twenty
244 875 21 17 lo
271 872 69 26 thirty
346 871 70 22 hives.
445 872 44 21 For
498 872 67 27 price,
573 872 66 27 apply

53 898 69 21 atthe
154 898 95 21 Gazette
282 898 80 21 Office.
614 898 3 11 '

82 925 130 27 September
221 926 33 24 20,
266 926 60 21 1842.
357 935 2 5 •

304 970 91 20 Seeds.

55 1002 72 48 ON
137 1003 85 27 SALE,
234 1005 22 20 at
265 1004 38 20 the
313 1004 87 20 Gazette
405 1004 75 23 Office,
490 1004 22 21 in
519 1004 118 32 quantities

116 1036 2 6 1
132 1032 22 18 to
170 1029 44 22 suit
233 1030 137 26 purchasers,
391 1031 36 21 the
445 1030 112 27 following
575 1030 62 23 seeds

52 1063 75 20 grown
129 1056 32 25 Jn
171 1056 38 21 the
220 1056 84 28 Colony
306 1068 28 4 —

81 1083 92 22 Lettuce
186 1083 107 27 (cabbage
303 1084 47 21 and
360 1084 141 27 drumhead),

79 1110 84 26 Turnip
175 1109 75 27 (white
261 1114 61 18 stone
332 1111 45 21 and
388 1110 89 27 swede),

80 1136 78 21 Carrot
169 1136 69 27 (early
247 1136 56 23 horn
316 1138 44 21 and
369 1137 53 27 long
433 1138 99 26 orange),
539 1145 3 4 '

80 1163 103 27 Cabbage
196 1164 75 26 (sugar
280 1164 63 27 loaf),

80 1190 55 21 Peas
160 1190 109 26 (victoria,
293 1198 69 19 green
390 1198 99 19 marrow,
518 1199 117 19 auvergne,

52 1216 89 27 knights
151 1224 99 19 marrow,
262 1217 109 28 imperial,
383 1218 132 26 Mazarine),

80 1244 74 21 Beans
165 1243 90 26 (scarlet
264 1245 102 25 runner),

80 1270 80 27 Beans,
171 1270 83 28 kidney
266 1270 115 29 (speckled
394 1271 76 27 dwaif,
479 1271 67 23 black
562 1272 73 28 dwarf,

51 1297 64 22 dunn
125 1297 87 26 dwarf),

81 1324 78 26 Celery
170 1324 75 26 (white
256 1325 74 27 solid),

82 1350 74 22 Onion
167 1350 87 28 (mixed
266 1352 71 26 seed),

80 1377 66 25 Leek,

62 1413 2 8 <
80 1404 96 22 Lentille
187 1405 97 26 (French
294 1405 45 22 and
350 1406 103 26 Spanish)

80 1430 106 27 Raddish,

80 1458 103 21 Mustard
195 1458 43 21 and
249 1466 66 20 cress,

79 1484 96 27 Spinach
186 1485 99 27 (round),

52 1511 52 22 And
115 1512 89 21 various
212 1512 67 22 kinds
289 1513 26 21 of
322 1513 116 25 vegetable
449 1513 64 22 seeds
529 1522 71 19 grown
614 1516 22 21 in

52 1538 117 27 England;
187 1538 45 22 also
243 1546 13 14 a
272 1540 87 26 variety
369 1541 25 20 of
407 1540 73 21 flower
496 1542 70 26 seeds,
584 1542 51 21 both

52 1564 102 23 Colonial
164 1566 45 21 and
219 1566 100 26 English.

80 1592 130 26 September
221 1594 31 24 16,
264 1595 58 20 1842.

52 1637 94 51 JUST
162 1638 158 22 RECEIVED
330 1643 23 17 at
362 1639 37 21 the
408 1639 67 21 Office
483 1641 25 20 of
515 1639 36 23 the
585 1641 52 23 New

116 1664 99 22 Zealand
355 1673 13 13 a
378 1666 41 21 few
435 1666 72 27 copies
517 1668 25 20 of
550 1668 36 21 the
595 1669 42 21 fol-

50 1691 83 27 lowing
145 1691 79 27 works,
237 1692 25 21 of
270 1693 44 21 last
322 1692 73 27 year's
405 1693 139 28 publication,
556 1695 42 21 and
614 1698 21 20 in

50 1718 114 22 excellent
174 1719 110 21 condition
292 1728 4 13 :
299 1730 26 4 —

78 1751 47 22 The
141 1751 98 22 Poetical
254 1752 80 22 Works
351 1754 26 20 of
392 1754 86 26 Vilton,
491 1755 53 21 with
560 1763 12 13 a
592 1763 45 14 me-

50 1778 63 27 moir,
134 1779 43 21 and
201 1786 65 14 seven
292 1780 190 22 embellishments
505 1782 30 26 by
556 1782 62 21 Fusel
623 1784 12 26 i,

50 1805 100 26 Westall,
176 1805 43 21 and
244 1806 94 21 Martin.
386 1807 59 27 Also,
470 1815 29 14 an
528 1809 109 22 excellent

50 1832 93 26 portrait
162 1832 27 21 of
205 1832 87 28 Milton,
316 1834 114 26 engraved
442 1835 29 26 by
487 1835 22 21 J.
530 1836 104 28 Cochran,

45 1858 63 21 •from
118 1866 13 13 a
139 1858 126 27 miniature,
277 1860 117 27 originally
405 1861 21 21 in
438 1861 36 22 the
482 1863 120 25 possession
614 1864 26 21 of

50 1885 77 21 Oliver
134 1885 123 22 Cromwell.
287 1887 12 22 I
310 1886 45 22 vol.
362 1889 56 23 Bvo.,
426 1888 76 21 bound
511 1890 23 20 in
541 1890 67 21 cloth.

79 1912 49 21 Life
144 1913 26 20 of
186 1912 37 21 the
242 1912 66 22 Duke
325 1913 26 21 of
364 1913 142 29 Wellington,
529 1917 107 26 compiled

50 1938 58 21 from
132 1938 34 22 his
191 1939 90 22 Grace's
305 1940 144 27 Despatches,
473 1942 116 26 published
613 1944 22 21 in

51 1966 62 26 1840,
124 1966 29 26 by
165 1966 87 26 George
262 1968 79 25 Soane,
354 1968 57 21 A.B.
438 1970 13 19 2
461 1969 53 22 vols.
525 1969 59 22 cloth
592 1971 43 21 and

50 1992 101 22 lettered.

77 2018 47 22 The
136 2019 62 27 Holy
208 2020 70 26 Bible,
288 2021 129 27 containing
427 2022 36 21 the
471 2022 45 22 Old
527 2024 44 21 and
584 2024 51 22 New

50 2045 147 27 Testaments,
223 2046 52 22 with
298 2052 71 22 notes,
389 2049 31 27 by
442 2048 36 22 the
499 2050 55 21 Rev.
576 2051 59 21 John

48 2072 2 11 ;
153 2074 104 25 Caunter,
275 2074 60 25 8.C.,
351 2075 79 21 author
444 2076 24 21 of
475 2075 38 22 the

50 2099 27 20 of
86 2099 38 21 the
313 2101 45 21 and
368 2102 143 22 embellished
522 2104 52 21 with
587 2104 50 22 four

50 2133 63 19 maps
129 2126 45 23 and
188 2128 41 20 144
242 2128 141 26 engravings,
402 2129 56 21 from
477 2130 111 28 paintings
608 2132 28 27 hy

50 2151 91 23 Westall
154 2153 45 22 and
210 2154 90 26 Martin,
313 2157 48 19 Svo.
372 2155 66 22 cloth.

77 2179 47 22 The
137 2179 129 28 Beginner's
278 2182 87 21 French
381 2182 69 26 Book,
463 2184 43 21 and
520 2184 37 21 the
568 2185 67 21 Scho-

48 2205 53 22 lar's
121 2206 85 22 French
224 2206 68 29 Book,
311 2209 28 26 by
351 2208 61 22 Rene
431 2209 74 28 Aliva,
517 2212 78 21 author
614 2213 25 21 of

49 2232 37 21 the
122 2233 165 29 Anti-Spelling

77 2260 144 23 Montacute:
237 2269 24 14 or
271 2269 12 14 a
294 2262 56 21 New
367 2262 66 23 horne
433 2274 28 4 —
461 2264 74 22 who'll
548 2266 87 21 follow?

48 2286 34 27 By
92 2286 55 22 Mrs.
161 2288 64 26 Mary
235 2288 97 22 Clavers.
362 2292 13 19 2
383 2290 51 21 vols.
445 2293 49 20 Bvo.

77 2313 110 27 Scripture
204 2314 132 30 Biography,
352 2316 34 22 for
398 2317 36 22 the
449 2318 89 28 Young,
551 2320 83 21 embol-

48 2340 72 21 lished
130 2341 53 21 with
192 2342 77 27 plates.

76 2366 110 28 Voyages,
200 2368 146 27 Adventures,
365 2370 44 22 and
424 2371 95 27 Escapes
534 2373 26 21 of
572 2374 60 27 Capt.

49 2393 98 23 Richard
158 2395 114 27 Falconer,
282 2397 87 21 written
381 2398 30 26 by
421 2398 95 27 himself,
527 2401 10 19 1
549 2401 43 20 vol.

75 2420 97 23 Fisher's
182 2422 103 23 Juvenile
297 2424 68 26 Scrap
376 2424 68 28 Book,
456 2426 35 20 for
500 2428 58 20 1842.

76 2448 49 21 Life
143 2448 48 22 and
209 2449 71 26 Reign
301 2450 25 21 of
339 2450 97 23 William
451 2452 36 22 the
505 2453 88 26 Fourth,
605 2455 29 24 by

47 2473 36 22 the
96 2474 55 23 Rev.
164 2476 29 21 G.
204 2476 28 21 N.
243 2476 96 28 Wright,
352 2478 71 26 M.A.,
435 2481 12 19 2
458 2479 53 22 vols.

77 2501 48 22 Life
135 2502 43 21 and
188 2503 134 27 Gampaigns
334 2504 26 21 of
371 2504 36 22 the
418 2505 66 22 Duke
494 2507 25 21 of
527 2507 107 28 Welling-

47 2531 44 23 ton,
103 2528 29 27 by
142 2528 38 22 the
191 2537 60 14 same
261 2530 96 22 Author.
384 2533 14 20 4
408 2532 54 21 vols.

76 2554 49 23 Life
139 2555 45 22 and
199 2556 93 22 services
350 2557 92 23 Horatio
457 2559 107 23 Viscount
581 2561 53 22 Nel-

48 2589 48 18 son,
115 2582 56 21 from
185 2582 34 21 his
238 2583 119 28 lordship's
376 2586 151 27 manuscripts,
548 2588 30 25 by
596 2588 37 23 the

49 2608 55 22 Rev.
117 2608 20 22 J.
150 2609 22 22 S.
184 2609 85 27 Clarke,
280 2610 89 27 F.R.S.,
381 2612 45 21 and
435 2612 59 22 John
506 2613 126 27 M'Arthur,

49 2635 59 26 Esq.,
120 2635 85 22 L.L.D.
234 2638 13 19 3
258 2637 53 22 vols.

64 2664 5 21 I
75 2661 47 22 The
139 2662 81 27 Rhine,
232 2663 65 28 Italy,
310 2665 45 20 and
372 2666 85 21 Greece
465 2666 133 28 illustrated,
609 2668 22 23 in

49 2696 13 13 a
71 2688 66 22 series
149 2689 25 21 of
182 2689 109 28 drawings
308 2691 56 22 from
381 2696 84 24 nature,
477 2694 52 22 with
545 2694 88 23 histori-

49 2714 33 23 cal
94 2715 174 28 andlegendary
278 2718 161 27 descriptions.-
466 2737 2 7 ,

76 2742 155 28 Shakspeare's
242 2744 116 22 Dramatic
367 2745 87 28 Works,
465 2747 53 22 with
527 2747 78 27 plates.
621 2752 9 20 1

47 2768 43 22 vol.

66 2794 152 25 .Buchanan's
228 2796 83 28 history
323 2798 26 22 of
355 2798 112 24 Scotland.
498 2802 12 20 1
519 2801 43 22 vol.

76 2822 94 28 History
180 2824 31 21 of.
217 2824 108 26 England,
338 2828 22 17 to
376 2826 36 23 the
428 2826 65 22 death
509 2829 25 20 of
547 2829 85 27 George

49 2848 37 21 the
99 2848 94 28 Second,
201 2850 31 27 by
242 2851 77 24 Oliver
329 2851 136 29 Goldsmith;
482 2855 120 22 continued
611 2860 22 18 to

48 2875 37 20 the
96 2879 127 18 coronation
234 2876 26 21 of
273 2878 78 23 Queen
363 2878 104 26 Victoria,
484 2881 29 23 by
524 2881 36 22 the
577 2883 48 21 Rev

50 2901 69 22 GJN.
131 2901 99 29 Wright,'
237 2901 69 24 MJAV
431 2904 11 10 '•
499 2890 14 18 *

71 2928 115 28 iWesley's
207 2930 111 27 Sermons,
338 2930 52 23 with
408 2939 13 14 a
438 2934 99 26 memoir,
562 2935 28 25 by
610 2938 14 20 S

47 2954 73 28 Drew;
136 2956 64 21 M.A.

67 3003 3 6 ,
75 2981 97 26 Memoir
182 2983 25 21 of
214 2984 56 21 Rev.
280 2984 110 23 Rowland
404 2986 54 26 Hill,
468 2987 31 27 by
510 2988 34 21 W.
555 2989 70 23 Jones

47 3008 87 21 Atthoi-
140 3010 3 5 1
160 3009 25 22 of
197 3009 203 31 '"Testamentary
587 3017 46 22 2nd

47 3035 89 21 edition.
167 3037 7 20 ]
189 3036 42 22 vol.

52 3071 4 4 ■
74 3062 122 27 Magnall's
204 3064 120 23 Questions
332 3073 6 19 ;
353 3066 101 26 pictorial
464 3067 90 23 edition.

73 3088 104 23 Barton's
189 3090 81 26 Gospel
278 3092 87 26 history
373 3094 26 21 of
405 3093 79 23 Christ.
510 3097 13 19 ,1
533 3095 45 22 vol.

73 3115 46 21 The
130 3115 79 23 Easter
219 3118 54 22 Gift,
285 3118 29 27 by
324 3118 83 23 L.E.L.
437 3122 11 20 1
460 3121 43 21 vol.

72 3141 48 22 The
131 3141 100 23 Parents'
242 3142 89 30 Friend,
340 3145 29 27 by
378 3146 59 22 John
449 3147 106 27 Morison,
563 3149 67 27 D.D.,

47 3168 87 21 Author
144 3168 30 22 of
317 3174 23 18 to
351 3178 13 14 a
376 3172 256 30 newly-wedded'pair."

75 3194 111 27 Scripture
204 3195 91 29 History
308 3197 36 22 for
360 3198 84 22 Youth.
471 3201 14 20 2
502 3201 61 26 v015.,
574 3202 58 22 -with

46 3227 63 19 maps
118 3221 45 21 and
174 3221 76 27 plates.

73 3246 47 22 The
140 3247 95 23 Women
255 3248 23 22 of
297 3249 108 27 England,
426 3250 57 23 their
503 3254 73 21 Social
588 3255 42 22 and

45 3273 115 22 Domestic
168 3273 93 29 'Duties,
278 3275 31 27 by
318 3276 57 22 Mrs.
391 3276 54 23 Ellis
454 3286 5 13 :
471 3279 55 22 15th
542 3280 88 24 edition'

47 3301 9 19 1
65 3299 47 22 -vol.

72 3327 102 22 Summer
189 3328 56 23 and'
245 3328 84 23 Winter
343 3329 24 22 in
383 3330 37 21 the
431 3330 115 29 Pyrenees,
557 3333 30 26 by
593 3334 38 23 the

44 3360 61 14 same
115 3353 95 23 Author.
240 3356 11 21 1
261 3355 45 22 vol.

73 3379 137 23 Goldsmiths
220 3381 82 28 history
313 3382 26 22 of
346 3382 36 22 the
393 3384 68 22 earth.
489 3387 15 20 4
513 3386 54 22 vols.

71 3405 107 24 Burder's
188 3407 87 28 Village
285 3410 112 21 Sermons.
425 3410 12 23 I
449 3411 43 22 vol.

71 3432 91 23 Wood's
170 3434 132 28 Dictionary
313 3436 26 21 of
346 3435 37 23 the
393 3437 69 23 Bible.
492 3441 13 20 2
515 3439 55 22 vols.

71 3459 93 23 Smith's
174 3461 110 28 Mecauic,
294 3464 15 19 2
317 3462 56 22 vols.

70 3485 47 23 The
128 3486 64 22 Book
202 3488 27 22 of;
239 3489 109 22 Common
359 3489 88 28 Prayer,
457 3490 130 25 illustrated.

70 3511 145 24 Fleetwood's
224 3512 39 24 life
273 3515 26 21 of
306 3515 80 23 Christ.

70 3539 66 21 Fox's
148 3537 110 25 Christain
269 3542 161 30 Martyrology.

69 3565 47 22 The
128 3566 71 22 whole
209 3567 54 28 duty
273 3569 26 20 of
306 3569 64 27 Man,
386 3570 30 26 by
424 3570 37 22 the
471 3571 56 22 Rev.
539 3572 90 24 Charles

42 3593 101 25 Almpre,

69 3619 131 23 Morrison's
209 3621 87 28 Family
306 3622 102 27 Prayers.

68 3645 118 28 Bunyan's
203 3647 112 27 Pilgrim's
332 3649 108 28 Progress,
458 3651 130 27 beautifully
602 3654 15 22 il

40 3671 114 24 lustrated.
421 3676 4 6 '

69 3699 110 22 Sermon's
190 3700 29 26 by
228 3700 60 22 Blair
297 3701 46 21 and
354 3701 133 24 Whitefield.

69 3725 112 23 Buchan's
191 3726 115 23 Domestic
317 3727 120 24 Medicine.

69 3750 91 24 Walker
162 3753 23 22 'a.
189 3753 157 28 Pronouncing
357 3754 135 30 Dictionary.

70 3776 271 31 Jamieson'sDictionary
346 3782 27 20 of
377 3781 141 24 Mechanical
528 3785 91 24 Science

42 3804 60 25 Arts,
115 3803 172 30 Manufactures,
299 3808 49 22 &c.
369 3809 14 21 2
393 3809 61 26 vols.,
463 3811 46 22 4to.

69 3829 171 28 Encyclopedia
250 3833 127 24 Edinensis.
405 3836 88 22 Ovola.,
527 3847 12 10 ■.

68 3856 191 28 Drawingrßoom
269 3861 69 26 Scrap
346 3856 65 30 jtook
419 3861 40 24 for,
463 3864 60 21 1842.
531 3870 7 5 T

57 3882 112 31 r.Mathew
178 3883 92 28 W.a10*...,
281 3905 3 8 ,
311 3897 150 16 .,.„,,,

129 3943 12 15 s
150 3936 93 28 spelling
250 3937 65 29 toolc,
327 3937 48 30 &c.',
384 3937 42 28 '&c.
451 3943 39 22 &c.

1308 132 4 9 ■
1337 130 9 12 ■,
1437 132 2 5 .
1469 130 2 7 .
1518 118 42 21 <To
1576 120 57 24 Let,
1729 127 11 13 j.

1288 146 88 47 FOR
1390 144 53 23 such
1454 153 13 14 a
1477 148 55 19 term
1543 145 24 21 of
1572 152 64 20 years
1647 152 23 15 as
1687 153 53 21 may
1750 145 29 22 be
1792 146 81 27 agreed

1360 179 36 20 on,
1407 172 38 23 six,
1451 179 61 14 acres
1529 170 73 28 along,
1609 172 38 22 the
1657 171 48 24 Kai
1715 172 157 28 ,Warra-road,

1285 203 29 16 on
1324 199 87 23 Section
1422 198 43 22 No.
1475 200 20 24 4,
1510 198 24 21 in
1549 205 43 15 one
1607 205 26 15 or
1650 207 63 14 more
1726 199 52 22 lots.
1806 200 65 28 Also,

1284 226 89 21 wanted
1392 232 12 15 a
1423 228 123 19 contractor
1562 225 36 22 for
1615 225 104 28 building
1736 233 15 14 a
1765 226 108 22 weather-

1284 251 99 22 boarded
1397 252 80 26 house,;
1491 251 52 22 with
1560 251 62 22 brick
1642 252 117 27 chimnies,
1775 259 29 15 on
1815 253 58 22 -said

1285 278 93 22 section.
1392 295 1 6 ,
1407 278 74 28 Apply
1492 282 21 18 to
1649 289 2 5 ■
1674 292 2 5 .
1703 297 4 3 .

1426 322 2 5 ,
1458 320 1 7 ,
1475 306 47 21 Mr.
1536 304 155 28 Macdonald,
1703 306 46 21 Kai
1759 306 85 21 Warra.

1313 331 44 22 Kai
1367 332 86 26 Warra,
1465 332 53 26 July
1529 334 19 24 8,
1560 333 59 20 1842.
1806 349 3 3 .

1434 377 39 19 To
1487 377 33 19 be
1536 376 64 21 Sold
1620 382 30 14 or
1665 377 57 20 Let.
1730 396 2 6 ,

1283 407 10 12 r
1300 407 77 22 I~WO
1391 407 100 22 Wooden
1501 407 94 26 Houses,
1607 414 28 14 on
1643 407 38 21 the
1687 407 185 29 Tinakore-road,

1294 428 24 26 JL
1361 434 36 22 the
1416 433 83 23 second
1517 441 49 15 acre
1578 434 64 26 ,from
1662 433 95 28 Captain
1774 435 90 21 Smith's

1329 461 132 28 containing,
1472 461 49 22 four
1530 468 73 14 rooms
1612 460 46 22 and
1673 468 14 15 a
1699 468 101 21 passage,
1816 461 56 22 each

1284 486 54 23 with
1356 487 50 22 zinc
1425 487 66 25 roofs,
1517 487 44 22 and
1583 488 23 21 in
1631 494 67 21 every
1718 492 87 23 respect
1823 488 49 23 well

1285 513 101 23 finished.
1408 514 112 24 .Terms—
1520 514 24 22 lf
1552 514 53 27 sold,
1616 514 61 22 £150
1689 515 34 21 for
1729 515 55 21 each
1790 515 69 22 house
1866 523 6 18 ;

1284 539 20 22 if
1314 540 38 27 let,
1364 541 31 22 £1
1406 548 40 20 per
1456 538 61 25 week
1526 541 34 21 for
1569 541 56 22 each
1633 541 80 22 house.
1740 542 76 26 Apply
1827 544 23 21 to

1674 576 76 21 James
1765 575 79 22 Watt.

1296 600 143 29 Wellington,
1449 602 58 21 Nov.
1517 602 33 26 27,
1559 603 60 21 1841.
1808 611 1 6 ■

1420 648 85 20 Town
1520 649 75 19 Land
1607 649 44 20 for
1665 649 69 20 Sale.

1285 680 93 48 TIIE
1393 680 70 23 whole
1480 681 26 22 of
1519 685 58 18 town
1587 682 98 21 sections
1699 682 55 21 Nos.
1764 683 47 27 285,
1823 684 47 26 106,

1360 706 44 23 and
1419 708 49 26 878,
1479 708 44 22 and
1536 711 49 24 part
1595 708 26 21 of
1633 712 61 18 town
1710 709 98 21 sections
1822 711 48 25 204,

1284 734 47 25 248,
1343 734 44 21 and
1401 735 41 20 528
1458 742 37 15 are
1509 735 81 22 offered
1599 735 34 22 for
1644 735 52 22 sale.
1727 736 59 21 Half
1798 737 24 20 of
1835 736 36 22 the

1283 760 109 27 purchase
1408 768 82 20 money
1499 765 23 18 to
1531 762 84 21 remain
1626 769 29 14 on
1673 767 123 23 mortgage,
1807 767 24 17 at
1846 765 26 20 10

1283 793 41 21 per
1332 791 58 18 cent.
1419 788 44 21 For
1472 788 134 28 particulars,
1619 789 66 27 apply
1696 795 22 15 to

1554 815 97 22 Hanson
1666 816 45 22 and
1726 817 117 21 Alzdorf.

1458 860 106 21 Heifers
1579 862 28 20 in
1623 861 69 21 Calf.

1284 886 89 47 FOR
1387 886 85 26 SALE,
1483 887 67 21 about
1565 889 27 21 50
1601 889 102 26 superior
1711 889 57 21 bred
1781 888 87 28 heifers,

1343 917 58 17 most
1418 913 25 21 of
1454 913 61 21 them
1530 914 72 27 heavy
1616 912 23 24 iii
1658 915 50 27 calf,
1727 916 45 21 and
1788 916 83 28 having

1284 939 56 21 been
1360 946 60 15 some
1436 940 54 21 time
1505 941 22 21 in
1541 941 36 22 the
1598 941 93 28 Colony,
1709 946 40 18 not
1764 943 66 21 liable
1848 947 22 17 to

1284 966 66 22 suffer
1360 967 55 21 from
1426 966 37 22 the
1473 967 75 22 effects
1558 968 24 21 of
1594 968 37 22 the
1649 969 62 21 Toot.
1740 969 48 22 The
1801 970 69 22 above

1284 993 66 21 cattle
1368 1000 41 15 can
1425 993 27 22 be
1469 995 98 26 strongly
1579 996 182 27 recommended,
1780 1004 23 13 as
1818 997 52 27 they

1283 1019 57 22 have
1357 1021 55 21 been
1431 1021 95 21 selected
1541 1022 55 22 from
1614 1023 37 21 the
1668 1030 121 14 numerous
1804 1024 66 21 cattle

1283 1046 60 27 ships
1353 1047 71 21 which
1434 1047 57 22 have
1508 1049 85 21 arrived
1606 1050 61 21 here.
1698 1050 76 27 Apply
1790 1055 21 16 to
1825 1051 44 21 Mr.

1284 1073 97 27 Revans,
1393 1075 86 20 Gazette
1490 1075 67 26 office,
1571 1084 23 14 or
1603 1080 23 18 to
1638 1077 44 21 Mr.
1694 1077 85 26 Hulke,
1789 1078 81 21 Evans'

1284 1100 55 27 Bay.

1311 1123 61 30 Also,
1384 1127 61 23 three
1456 1129 113 22 well-bred
1578 1138 73 13 mares
1657 1130 24 21 in
1691 1131 53 26 foal,
1757 1134 21 17 to
1789 1131 81 27 impor-

1284 1153 37 22 ted
1331 1154 81 22 horses.

1284 1199 63 26 Ship
1363 1200 83 20 Hotel
1461 1201 20 20 &
1496 1201 113 25 Tavern,
1625 1202 132 21 Manners
1774 1203 96 25 Street,

1432 1233 41 22 BY
1488 1234 84 22 JOHN
1587 1235 131 27 FULLER,

1284 1266 79 20 WINES,
1376 1267 94 20 SPIRITS,
1483 1268 44 14 AND
1538 1269 60 15 MALT
1608 1270 99 14 HOUORS
1719 1270 27 14 OF
1757 1270 112 15 SUPERIOR

1521 1296 105 14 QUALITY.

1357 1313 155 23 Commodious
1522 1322 71 15 rooms
1604 1315 52 22 with
1666 1316 58 27 good
1733 1317 62 22 beds.

1310 1341 92 19 Dinners
1419 1343 35 23 got
1477 1343 62 25 ready
1558 1350 25 13 on
1604 1344 35 20 the
1652 1345 93 19 shortest
1766 1346 74 19 notice.

1364 1376 29 13 AN
1404 1375 119 15 ORDINARY
1534 1378 68 14 DAILY
1614 1378 28 14 AT
1652 1372 13 20 2
1684 1372 102 21 o'd.OCK.

1426 1414 141 23 CHARLES
1582 1416 142 28 HARVEY,

1491 1442 99 26 Tailor,
1605 1444 54 24 &c,

1409 1470 115 25 Adjoining
1537 1471 69 20 Kumu
1623 1472 51 19 Toto
1689 1473 55 25 Pah,

1498 1505 156 19 WELLINGTON,

1283 1523 107 47 BEGS
1405 1525 22 18 to
1445 1528 74 17 return
1537 1524 79 22 thanks
1635 1530 21 16 to
1675 1526 37 21 the
1728 1530 80 23 gentry
1823 1527 44 21 and

1359 1550 73 27 public
1445 1550 21 21 of
1477 1551 55 21 New
1543 1551 99 22 Zealand
1651 1553 35 21 for
1694 1553 37 21 the
1740 1557 92 22 support
1840 1553 28 22 he

1282 1575 40 22 has
1339 1576 101 22 received
1455 1577 57 21 from
1529 1578 59 21 them
1604 1579 61 21 since
1680 1579 28 22 he
1724 1581 144 21 commenced

1283 1603 107 26 business,
1407 1604 45 21 and
1472 1604 27 21 he
1517 1612 84 14 assures
1618 1606 61 21 them
1696 1606 50 21 that
1762 1607 16 20 it
1798 1607 18 21 is
1835 1607 33 21 his

1282 1630 109 21 intention
1404 1634 22 17 to
1436 1632 103 20 continue
1550 1632 33 21 his
1599 1636 59 18 most
1673 1637 119 17 strenuous
1806 1641 53 14 exer

1283 1656 58 22 tions
1352 1661 22 17 to
1385 1658 65 21 merit
1459 1666 13 13 a
1482 1659 146 22 continuance
1639 1660 26 20 of
1672 1660 57 22 their
1740 1665 128 22 patronage.

1311 1684 23 21 C.
1346 1685 28 20 H.
1385 1684 62 22 takes
1464 1686 42 21 this
1527 1687 143 26 opportunity
1686 1687 25 21 of
1722 1687 83 27 stating
1822 1688 48 21 that

1282 1710 34 21 his
1326 1712 62 21 stock
1399 1713 92 20 consists
1501 1712 26 21 of
1538 1720 12 13 a
1560 1713 57 26 good
1628 1713 85 28 variety
1725 1713 27 22 of
1757 1715 111 26 superfine

1282 1737 77 27 cloths,
1372 1738 109 28 doeskins,
1498 1741 87 25 tweeds,
1602 1740 128 27 moleskins,
1743 1741 124 26 velveteen,

1282 1764 55 27 pilot
1352 1766 66 26 cloth,
1430 1766 40 21 &c.
1481 1767 46 26 &c,
1544 1767 43 21 and
1603 1767 34 21 his
1649 1767 94 27 charges
1755 1768 46 25 (for
1820 1770 49 19 cash
1876 1767 2 28 j

1281 1792 58 25 only)
1352 1792 120 22 moderate.

1509 1839 40 20 On
1569 1840 70 24 Sale,

1282 1865 92 48 THE
1389 1865 75 22 BEST
1479 1865 74 22 CASE
1569 1866 64 27 GIN,
1649 1866 24 21 in
1684 1874 61 15 cases
1760 1868 44 21 and
1821 1869 51 22 half

1358 1899 67 14 cases.

1596 1920 83 22 Waitt
1695 1921 46 21 and
1755 1922 84 23 Tyser.

1308 1945 59 22 June
1378 1948 32 24 24,
1425 1948 59 19 1842.

1384 1993 93 20 Seeds!
1504 1993 105 22 Seeds!!
1630 1994 83 21 Seeds
1729 1995 33 21 !!!

1281 2027 88 48 FOR
1383 2027 84 26 SALE,
1478 2027 28 26 by
1517 2027 36 21 the
1566 2028 149 26 undersigned
1725 2037 35 13 :—

1339 2054 21 20 A
1377 2053 86 22 various
1478 2057 129 18 assortment
1621 2056 25 20 of
1661 2062 48 15 new
1722 2056 71 28 seeds,
1813 2066 56 14 war-

1279 2080 78 21 ranted
1368 2087 75 20 grown
1453 2080 23 22 in
1488 2081 36 21 the
1534 2081 91 28 Colony.

1574 2114 112 22 William
1697 2115 142 23 Bannister.

1416 2152 87 19 Town
1520 2152 30 20 of
1564 2154 165 20 Manewatu.

1280 2177 93 37 rpHE
1396 2176 212 25 PROPRIETORS
1634 2180 25 20 of
1684 2180 38 22 the
1744 2181 60 21 three
1819 2182 48 22 first

1287 2201 30 24 JL
1369 2204 87 22 choices
1472 2208 22 18 at
1504 2206 36 21 tiie
1559 2206 41 21 last
1616 2206 106 22 selection
1734 2207 26 21 of
1774 2213 93 23 country

1280 2230 69 27 lands,
1364 2230 83 28 having
1467 2232 134 22 determined
1616 2241 61 17 upon
1695 2234 38 21 the
1750 2235 40 21 site
1805 2236 34 21 for
1854 2244 13 13 a

1294 2257 92 22 TOWN
1402 2258 43 21 ON
1461 2259 63 22 THE
1541 2260 188 22 MANEWATU
1745 2261 106 28 RIVER,

1280 2284 56 22 after
1341 2286 78 19 several
1428 2287 59 19 visits
1496 2290 21 17 to
1527 2286 35 22 the
1572 2287 188 27 neighbouroood,
1772 2289 45 21 and
1828 2290 37 21 the

1278 2315 58 18 most
1355 2312 83 21 careful
1458 2312 43 22 and
1520 2312 80 22 minute
1621 2315 152 21 examination
1790 2317 24 21 of
1828 2317 37 21 the

1279 2343 71 17 entire
1367 2340 91 26 district,
1473 2339 65 22 aided
1555 2341 28 26 by
1593 2340 37 22 the
1646 2341 146 27 professional
1806 2343 57 27 skill,

1280 2365 136 27 knowledge,
1436 2366 44 21 and
1494 2368 129 26 experience
1639 2367 26 21 of
1678 2368 36 21 the
1731 2373 59 17 most
1805 2378 60 13 com-

1280 2395 75 23 petent
1363 2392 86 28 judges,
1468 2400 90 20 propose
1573 2398 22 17 to
1613 2394 53 21 offer
1679 2395 33 20 for
1728 2395 103 28 disposal,
1843 2401 23 17 at

1428 2420 37 21 the
1479 2425 87 23 present
1575 2421 60 26 time,
1647 2421 68 21 about

1278 2446 219 22 TWENTY-FIVE
1532 2448 104 24 ACRKS,
1677 2448 34 21 IN
1751 2449 114 24 ALLOT-

1280 2473 112 27 MENTS,
1408 2474 84 21 EACH
1515 2474 37 21 OF
1578 2474 62 22 ONE
1662 2475 149 23 QUARTER
1826 2479 39 21 OF

1496 2501 42 20 AN
1555 2501 89 21 ACRE.

1306 2526 46 22 The
1362 2530 48 25 spot
1421 2527 49 21 thus
1480 2527 93 22 selected
1586 2535 111 20 possesses
1707 2529 36 21 the
1754 2535 56 18 most
1826 2540 38 14 ex-

1277 2554 87 21 tensive
1378 2554 100 27 frontage
1492 2557 22 18 to
1532 2554 54 28 deep
1598 2559 68 17 water
1682 2556 26 21 of
1719 2564 45 19 any
1780 2566 26 14 on
1826 2559 37 22 the

1278 2580 64 22 river.
1373 2581 21 21 It
1411 2581 19 21 is
1449 2581 94 22 situated
1558 2583 47 25 just
1618 2585 22 19 at
1657 2582 48 22 that
1724 2585 64 24 point
1805 2587 58 21 from

1341 2607 71 21 which
1423 2615 14 13 a
1446 2608 52 20 road
1511 2609 69 21 would
1590 2609 85 22 branch
1686 2609 34 22 off
1726 2615 22 17 to
1759 2611 36 22 the

1279 2641 94 14 WOODED
1387 2637 55 18 'AND
1465 2642 94 14 FERTILE
1579 2643 118 17 DISTRJCTS
1718 2645 76 15 ALONG
1818 2648 45 14 THE

1448 2668 54 14 BASTE
1517 2669 26 13 OF
1558 2669 44 14 THE
1618 2670 75 19 HILLS,

1278 2687 44 22 and
1334 2688 70 21 above
1415 2688 72 21 which
1497 2688 36 21 the
1547 2689 128 26 navigation
1690 2690 35 22 for
1734 2693 81 21 vessels
1825 2693 38 22 be-

1280 2721 73 15 comes
1364 2715 84 25 tedious,
1459 2715 24 25 if
1487 2717 36 19 not
1532 2715 93 27 difficult.
1656 2716 22 22 It
1684 2717 19 21 is
1710 2717 108 24 therefore
1825 2720 37 22 the

1476 2743 60 26 point
1547 2743 69 21 where
1629 2743 36 21 the

1280 2775 87 22 LAND
1383 2776 66 21 AND
1465 2776 111 22 WATER
1590 2778 164 23 CARRIAGE
1769 2780 92 23 MEET,

1279 2802 43 21 and
1334 2802 71 21 where
1415 2809 13 14 a
1439 2802 67 23 Town
1524 2811 57 18 mjjst
1597 2813 27 14 be
1640 2812 91 15 formed
1750 2807 63 22 when
1825 2809 38 23 the

1279 2828 85 22 district
1379 2829 18 21 is
1407 2830 85 21 settled.
1522 2830 21 21 It
1553 2839 42 14 was
1606 2831 97 22 selected
1719 2833 30 27 by
1760 2834 37 21 the
1811 2836 52 21 Sur-

1278 2856 148 26 veying-Staff
1440 2864 22 13 as
1473 2857 36 21 the
1519 2858 135 21 rendezvous
1663 2860 37 21 for
1715 2860 58 21 their
1786 2862 60 27 body
1856 2870 5 19 ;

1278 2881 42 22 and
1332 2882 39 21 lias
1381 2882 56 22 been
1447 2891 49 14 now
1510 2884 75 28 found,
1595 2886 58 21 after
1664 2887 86 21 several
1768 2889 95 22 months'

1277 2909 104 27 location,
1393 2913 21 18 to
1428 2910 28 21 be
1465 2910 36 22 the
1512 2916 56 17 most
1582 2912 167 28 advantageous
1759 2916 102 27 position,

1278 2935 56 22 from
1352 2936 26 21 its
1393 2936 98 27 peculiar
1510 2938 84 28 facility
1609 2939 26 22 of
1647 2940 113 27 approach
1771 2942 52 22 both
1833 2943 30 26 by

1278 2963 53 20 land
1341 2963 43 20 and
1394 2967 74 19 water.

1306 2989 26 21 In
1345 2990 150 23 confirmation
1506 2992 26 21 of
1538 2992 36 22 the
1584 2992 133 28 superiority
1726 2994 28 21 of
1762 2994 42 23 this
1814 2999 49 24 spot

1277 3023 54 14 over
1339 3023 44 21 any
1393 3017 63 22 other
1464 3022 37 24 yet
1510 3018 87 27 known,
1610 3020 37 21 the
1659 3020 91 22 Messrs.
1759 3022 102 27 Kebbell,

1277 3043 57 21 after
1352 3043 37 22 the
1409 3045 148 22 examination
1566 3065 1 5 ,
1574 3046 26 22 of
1616 3046 37 21 the
1673 3047 59 22 river
1748 3048 58 23 from
1825 3050 37 21 the

1279 3070 88 21 Paneiri
1378 3070 45 22 Pah
1433 3075 23 18 to
1466 3072 28 21 its
1503 3072 83 27 mouth,
1598 3072 141 23 determined
1753 3082 28 14 on
1792 3081 71 17 erect-

1515 3098 37 26 ing
1565 3099 58 22 their

1278 3130 65 20 SAW
1359 3131 80 21 MILL
1459 3130 229 25 IMMEDIATELY
1703 3134 158 25 OPPOSITE.

1277 3156 48 22 The
1343 3157 71 21 works
1432 3158 26 21 of
1472 3158 48 22 that
1538 3159 168 23 establishment
1724 3169 38 14 are
1781 3167 23 18 at
1820 3164 42 21 this

1278 3187 100 18 moment
1395 3184 23 21 in
1433 3185 62 28 rapid
1510 3193 106 20 progress,
1635 3187 43 21 and
1698 3188 37 22 the
1753 3191 109 27 proposed

1277 3210 68 22 Town
1356 3211 43 22 will
1409 3213 131 26 necessarily
1546 3213 91 27 partake
1643 3215 27 20 of
1676 3215 43 21 this
1729 3215 132 29 advantage.

1304 3237 48 22 The
1371 3237 92 23 nucleus
1479 3239 24 21 of
1518 3247 13 13 a
1552 3240 64 22 Town
1632 3241 26 26 is,
1669 3241 24 22 in
1708 3243 51 26 fact,
1771 3244 90 28 already
1866 3261 5 2 -

1277 3263 96 26 created,
1382 3264 30 27 by
1422 3264 37 22 the
1470 3267 163 21 concentration
1650 3268 25 21 of
1689 3268 37 23 the
1738 3270 124 28 Surveying

1278 3290 58 22 Staff
1342 3298 29 14 on
1381 3290 47 22 that
1439 3295 53 23 spot,-
1504 3300 23 13 as
1536 3293 36 21 the
1583 3297 75 18 centre
1675 3295 26 21 of
1711 3298 150 21 communica-

1277 3317 46 21 tion
1334 3320 23 18 to
1367 3317 36 21 the
1414 3318 146 29 surrounding
1569 3320 86 22 district
1661 3329 5 19 ;
1683 3321 37 23 the
1733 3324 95 22 erection
1839 3325 26 21 of

1277 3344 95 22 Messrs..
1379 3344 96 22 Kebbell
1479 3345 14 21 's
1508 3346 49 22 Saw
1572 3347 64 21 Mills
1653 3349 112 28 opposite;
1782 3350 28 28 by
1824 3352 37 21 the

1277 3375 163 22 arrangements
1454 3372 34 21 for
1503 3380 27 14 an
1547 3374 113 21 extensive
1673 3373 98 25 General
1784 3378 61 22 Store
1853 3387 6 19 ;

1277 3396 45 22 and
1331 3397 29 27 by
1369 3397 36 22 the
1415 3397 44 22 late
1468 3399 131 31 application
1606 3401 33 21 for
1649 3408 13 14 a
1668 3402 110 23 Licensed
1785 3404 76 23 House

1275 3430 28 14 on
1313 3424 37 21 the
1357 3427 52 28 part
1419 3425 25 21 of
1456 3432 28 14 an
1493 3425 121 23 individual
1630 3427 49 22 who
1692 3429 49 27 has,
1753 3430 60 23 since
1824 3432 37 21 the

1275 3450 118 22 formation
1411 3451 26 21 of
1450 3452 38 21 the
1505 3452 88 29 Colony,
1609 3455 98 26 pursued
1723 3463 15 14 a
1755 3457 106 24 lucrative

1275 3477 63 21 trade
1349 3477 51 22 with
1411 3477 36 23 the
1459 3479 90 27 natives,
1560 3480 46 22 and
1616 3480 73 23 whose
1701 3482 130 29 knowledge
1839 3486 25 21 of

1274 3504 38 21 the
1323 3504 135 27 advantages
1468 3505 24 21 of
1499 3505 37 22 the
1546 3507 100 26 position,
1653 3510 120 26 prompted
1782 3511 45 24 him
1837 3515 24 19 at

1275 3537 56 14 once
1342 3534 22 18 to
1373 3531 72 26 prefer
1455 3531 48 22 that
1515 3533 141 26 application.

1301 3557 48 21 The
1360 3557 92 22 Natives
1466 3558 30 27 by
1505 3559 72 22 whotn
1592 3559 44 23 this
1646 3560 55 23 land
1712 3570 45 14 was
1767 3563 94 24 claimed

1274 3590 38 14 are
1322 3584 60 26 quite
1392 3585 108 26 prepared
1508 3588 23 18 to
1539 3585 87 28 givenp
1632 3589 133 28 possession,
1773 3591 87 23 andare

1274 3610 145 28 exceedingly
1429 3611 93 22 anxious
1534 3615 23 18 to
1571 3612 58 22 have
1638 3620 15 14 a
1662 3613 120 30 European
1791 3625 70 20 popu-

1273 3636 68 25 lation
1352 3643 81 20 among
1444 3638 66 26 them,
1521 3638 82 27 having
1620 3639 57 23 been
1686 3648 60 21 upon
1758 3643 37 23 the
1804 3647 57 20 most

1273 3662 96 28 friendly
1376 3663 86 27 footing
1472 3664 52 21 with
1531 3664 38 22 the
1581 3665 126 29 Surveying
1717 3669 59 22 Staff
1781 3671 81 26 during

1272 3690 38 22 the
1319 3688 50 24 four
1378 3696 24 15 or
1412 3690 43 21 five
1465 3691 87 21 months
1560 3691 54 28 they
1633 3691 58 24 have
1707 3695 56 23 been
1774 3697 88 24 located

1271 3716 70 24 there.

1302 3742 32 23 As
1345 3742 36 23 the
1390 3743 136 28 Proprietors
1534 3751 94 21 purpose
1636 3749 23 19 to
1670 3747 87 28 dispose
1767 3751 27 21 of
1799 3752 40 22 but
1847 3759 14 15 a

1272 3770 86 23 limited
1372 3770 88 27 por,tion
1478 3771 25 21 of
1513 3771 37 21 the
1564 3772 69 23 Town
1650 3777 23 18 at
1691 3780 97 24 present,
1807 3779 53 25 they

1271 3796 79 30 pledge
1360 3797 132 22 themselves
1499 3797 54 28 that,
1565 3802 23 19 at
1597 3806 29 15 no
1646 3799 73 25 future
1729 3803 64 28 sales,
1804 3806 57 24 shall

1272 3823 38 25 the!
1321 3823 127 22 allotments
1457 3824 145 28 beputup-at
1610 3834 14 14 a
1633 3824 46 26 leak
1689 3836 50 16 sum
1748 3829 54 26 thap
1811 3838 50 18 now

1272 3849 91 23 offered.
1461 3851 2 6 '
1548 3857 3 8 •
1574 3864 4 3 -
1690 3851 3 11 :
1837 3848 13 15 •'
1866 3855 3 7 •

1299 3877 23 22 A
1332 3874 140 28 iProspectuß
1491 3877 52 22 and.
1553 3878 56 24 Plan
1627 3877 30 24 <tf
1669 3877 39 26 fte
1724 3880 72 25 tTown
1814 3884 47 22 will

1271 3902 87 28 shortly
1367 3902 26 22 be
1403 3902 111 29 reajfyfor
1522 3904 124 28 inspection
1651 3921 5 5 *
1661 3910 24 19 at
1696 3907 39 24 tte
1746 3908 118 25 Officcsiof

1273 3930 91 24 Meattß.
1371 3928 126 31 ,WaHt.and
1506 3931 75 28 Tyser,
1592 3932 31 22 Te
1633 3933 55 23 A-ro.
1767 3952 13 8 M
1822 3949 38 7 .

1275 3960 3 21 i
1298 3956 147 28 Wellington,
1457 3957 63 27 April
1529 3959 33 28 22,
1572 3956 62 25 18421,
1679 3960 5 4 -
1712 3969 4 3 .
1777 3952 3 11 '
1863 3960 4 3 ■

721 139 3 7 ,
748 139 3 4 .
763 129 11 12 .<
831 138 2 7 ,
856 120 114 21 Gazette
984 119 89 21 Office.
1089 134 3 5 ,

671 153 199 31 STATIONERY
884 152 196 25 WHOLESALE
1096 152 21 22 &
1131 152 124 22 RETAIL.

668 187 89 48 WE
781 187 43 25 beg
845 189 24 20 to
892 193 115 16 announce
1026 186 38 21 the
1086 186 88 26 arrival,
1198 186 58 22 from

765 212 112 28 England,
888 214 25 21 of
920 213 38 22 the
974 213 47 22 first
1030 216 49 24 part
1089 213 24 22 of
1124 219 47 16 our-
1179 212 77 24 exteh-j

669 240 46 21 sive
725 240 75 22 orders
809 240 22 21 in
843 240 44 22 this
897 240 141 27 department
1047 240 26 21 of
1080 239 108 22 business.
1195 237 2 8 '
1207 239 49 22 'Our

670 266 62 22 stftck
743 266 88 28 already
842 267 93 22 consists
950 266 26 22 of
988 273 66 19 every
1063 266 76 22 article
1155 266 101 27 required

669 293 35 22 for
718 294 96 26 Schools,
832 294 81 26 Banks,
931 294 86 26 Courts,
1035 292 54 23 Law
1105 292 89 24 Offices,
1211 292 45 22 and

670 320 88 28 Artists,
771 321 39 21 &c.
819 328 5 19 ;
841 320 73 22 whilst
923 320 37 22 the
976 320 141 24 ornamental,
1126 319 44 22 and
1186 319 69 22 draw-

670 346 37 28 ing
720 354 63 15 room
798 347 121 27 stationery
934 347 41 22 has
988 351 41 18 not
1041 348 59 21 been
1116 346 139 22 overlooked.

670 373 47 22 The
728 373 126 22 difficulties
864 374 115 27 attending
988 374 38 21 the
1036 374 48 21 first
1091 372 165 23 establishment

670 399 82 28 having
761 400 56 21 been
833 407 124 19 overcome,
968 400 45 21 and
1023 407 67 19 every
1105 399 81 22 arrival
1200 400 56 21 from

670 426 105 26 England
793 426 84 27 adding
892 426 59 22 fresh
967 426 111 22 additions
1092 429 23 18 to
1131 431 39 16 our
1186 426 67 26 stock,

670 452 43 21 will
731 452 78 23 enable
823 459 28 14 us
859 456 23 18 to
899 452 80 22 reduce
997 460 40 14 our
1052 452 92 27 charges
1155 459 28 14 on
1198 456 58 18 most

670 478 87 22 articles
767 483 23 17 at
798 478 57 22 least
864 480 27 21 50
899 486 40 17 per
948 483 57 18 cent.

697 505 155 28 Storekeepers
870 506 43 21 and
932 505 117 22 wholesale
1068 504 86 23 dealers
1172 513 41 14 can
1228 506 27 21 be

670 532 100 27 supplied
787 535 21 18 to
823 539 45 21 any
877 536 84 22 extent,
979 532 43 22 and
1038 539 29 15 on
1082 535 70 18 'terms
1168 532 88 28 equally

670 558 163 28 advantageous
842 562 24 19 to
876 566 44 20 any
928 559 105 22 obtained
1042 559 23 22 in
1070 558 103 28 -Sydney,

697 585 94 27 Writing
800 593 75 20 papei,
899 599 4 4 *

697 612 112 28 Imperial,

697 638 79 28 Royal,

696 665 114 28 Foolscap,
823 666 87 22 various
920 666 108 28 qualities,

696 692 73 27 Large
777 691 63 23 thick'
846 697 56 27 post,
913 700 63 15 wove
986 693 45 22 and
1041 693 53 27 laid,

677 736 1 6 ,
696 718 57 23 Thin
764 723 55 23 post,
830 719 64 27 ditto,

697 745 56 22 Fine
763 746 53 21 bath
826 750 56 24 post,
894 746 47 28 gilt.

695 772 89 23 Double
800 772 110 28 elephant,
928 774 148 27 antiquarian,
1092 773 107 30 imperial,
1211 773 43 22 and

659 799 73 27 -royal
742 799 96 27 drawing
847 807 75 21 paper,

698 826 90 27 Oblong
798 826 90 27 clasped
897 828 169 22 memorandum
1076 827 77 26 books,

696 852 86 23 French
792 854 85 26 tracing
887 861 73 20 paper,

696 879 89 22 Ladies'
795 880 43 22 and
849 881 147 27 gentlemen's
1005 881 54 21 card
1068 888 67 19 cases,

697 906 63 23 Ditto
809 906 3 5 '
830 907 34 22 do.
922 908 71 21 tinted
1003 908 45 21 and
1059 907 116 22 embossed
1183 907 69 27 cards,

696 934 94 26 Sponge,
802 933 77 22 wafers
889 934 22 21 in
922 936 12 19 2
944 941 34 14 oz.
987 935 77 24 boxes,

696 955 68 27 Black
782 960 53 26 edge
856 961 45 21 and
919 960 116 26 bordered,
1056 961 64 21 letter
1138 960 46 21 and
1203 964 51 18 note

668 993 75 20 paper.

695 1009 91 25 invoice
797 1013 74 26 books,
882 1013 54 22 with
946 1014 99 26 indexes,
1057 1014 88 21 various
1155 1014 63 27 sizes,

685 1038 2 7 '
696 1039 57 22 Cash
760 1040 77 26 books,
848 1040 63 21 ruled
922 1040 87 27 double,
1020 1040 88 22 various
1118 1041 63 26 sizes,

695 1066 129 26 Envelopes,

695 1092 86 22 Pewter
787 1093 122 27 inkstands,

694 1119 82 29 Ebony
784 1120 122 27 inkstands,
918 1120 53 22 with
980 1122 102 24 drawers,

694 1146 75 22 Broad
780 1146 42 22 and
832 1155 85 14 narrow
927 1154 68 20 green
1005 1148 41 21 silk
1059 1148 85 26 ribbon,

696 1173 64 22 Brief
768 1173 43 22 and
821 1173 57 22 deed
887 1182 75 19 paper,

696 1200 73 21 Ruled
779 1207 66 21 paper
855 1201 34 21 for
899 1201 38 21 bill
948 1200 75 26 heads,

694 1226 74 27 Royal
784 1227 67 27 nand,
864 1228 80 21 double
962 1228 61 21 hand
1038 1228 84 26 brown,
1140 1228 45 21 and
1194 1228 60 28 royal

667 1254 75 21 brown
753 1254 114 28 wrapping
876 1262 74 20 paper,

696 1280 99 27 Ledgers
805 1281 44 21 and
859 1285 96 18 account
963 1281 77 27 books,
1051 1282 87 21 various
1150 1281 61 27 sizes,

696 1307 83 22 Pocket
787 1308 87 27 ledgers
885 1308 42 21 and
937 1308 170 22 memorandum
1117 1308 76 27 books,

695 1334 119 27 Engraved
824 1343 56 19 copy
889 1336 52 26 slips
951 1335 45 22 and
1005 1334 77 26 books,

652 1370 2 14 1
696 1361 52 21 Best
758 1361 77 22 Welch
846 1364 72 24 slates,
929 1362 61 27 large
998 1362 42 21 and
1051 1362 71 26 small,

695 1387 74 22 Blank
779 1388 70 22 music
859 1389 75 26 books,

695 1414 103 27 Message
809 1416 70 26 cards,

695 1440 110 23 Coloured
817 1449 84 20 papers,

695 1468 72 26 Sugar
776 1476 83 20 papers,

696 1494 19 21 ft
720 1499 35 17 ote
766 1503 84 20 papers,

694 1522 93 27 Playing
797 1522 70 27 cards,
878 1523 104 22 coloured
993 1523 43 22 and
1043 1524 53 26 gold
1103 1524 76 26 backs,

694 1548 62 28 Copy
767 1549 74 27 books,

694 1575 71 22 Black
774 1576 49 21 lead
833 1576 91 28 pencils,

695 1602 65 21 India
769 1603 87 27 rubber,
869 1604 68 21 bottle
949 1604 43 22 and
1005 1607 85 25 patent,

696 1628 67 28 Ivory
773 1629 80 22 folders
864 1630 44 21 and
918 1630 84 28 knives,

695 1656 46 21 Pen
753 1656 83 26 knives,

695 1682 86 26 Rulers,
792 1683 81 27 pocket
884 1684 74 26 books,

695 1709 72 22 Blank
778 1710 49 21 bills
838 1711 25 21 of
871 1711 122 27 exchange,

695 1736 76 21 Letter
780 1736 43 22 and
833 1737 40 22 bill
885 1738 54 26 files,

695 1762 42 22 Ink
747 1764 43 21 and
800 1764 38 21 ink
848 1764 105 28 powders,

694 1789 75 22 Bibles
780 1791 41 20 and
832 1794 134 23 testaments,

694 1817 97 27 Spelling
802 1818 73 26 books,
888 1819 92 27 various,

694 1843 100 27 Primers,

694 1870 124 22 Children's
828 1872 70 21 books
908 1872 21 21 in
941 1876 63 23 great
1012 1872 93 29 variety,

694 1898 73 21 Blank
779 1899 168 21 Custom-house
961 1899 76 27 forms,
1055 1900 35 21 for
1106 1900 143 27 auctioneers,

666 1924 45 21 and
722 1924 28 21 all
762 1924 36 22 the
815 1925 63 21 other
889 1926 170 21 Custom-house
1070 1927 66 21 forms
1148 1927 33 21 for
1192 1928 58 22 Mer-

666 1951 84 22 chants.

694 1979 113 21 Seamen's
816 1979 100 21 advance
927 1983 70 18 notes.

694 2005 114 22 Seamen's
819 2006 86 22 articles
917 2007 24 20 of
949 2011 135 22 agreement.

694 2031 135 27 Log-books.

694 2058 73 22 Blank
777 2059 65 25 writs,

694 2085 143 22 Parchments
848 2086 34 21 for
908 2086 74 22 deeds.

694 2112 79 23 Quills.

694 2138 58 22 Ever
763 2139 86 28 pointed
861 2140 71 27 pencil
944 2148 59 14 cases
1013 2141 22 21 in
1045 2142 97 27 superior
1153 2142 96 22 German

667 2164 77 23 Silver.

693 2192 89 22 Lucifer
791 2193 75 22 boxes.

693 2219 76 22 Wafer
779 2223 87 24 stamps.

746 2265 40 20 To
801 2265 192 22 Blacksmiths'
1005 2268 54 20 and
1070 2270 99 20 others.

664 2298 51 47 A
732 2298 105 22 LARGE
853 2299 163 24 QUANTITY
1028 2301 39 21 OF
1081 2302 169 24 CHARCOAL

732 2326 125 26 constantly
867 2333 27 14 on
905 2326 66 22 hand.
993 2327 42 21 For
1045 2329 129 25 particulars
1186 2331 64 26 apply

664 2354 23 18 to
703 2351 21 21 J.
736 2352 117 27 Plimmar,
866 2353 193 27 Ingestrie-street.

692 2385 127 28 September
830 2388 33 25 12,
875 2388 59 21 1842.

759 2431 91 21 Union
865 2432 79 21 Bank
958 2434 31 19 of
1006 2434 149 21 Australia.

666 2463 94 23 London
778 2465 92 27 Office,
887 2466 44 21 No.
946 2467 33 26 38,
999 2467 50 22 Old
1066 2468 183 24 Broad-street.

719 2496 93 28 Capital,
822 2497 122 27 £800,000;
964 2499 52 27 paid
1026 2507 37 19 up,
1078 2500 118 27 £500,000.

898 2536 119 14 directors:

770 2557 67 20 George
845 2557 38 16 Fife
891 2558 66 20 Angas,
965 2559 49 21 Esq.,

770 2577 66 17 Robert
844 2578 74 19 Brooks,
929 2579 47 20 Esq.,

769 2598 60 17 James
837 2599 47 16 John
893 2599 99 20 Cummins,
1000 2601 49 20 Esq.,

770 2619 66 16 Robert
844 2620 95 19 Gardener,
951 2621 49 20 Esq.,
1011 2622 122 20 Mancheiter,

769 2639 46 17 John
824 2640 46 16 Gore
887 2641 47 19 Esq.,

768 2661 46 16 John
823 2661 78 16 William
910 2662 74 19 Buckle,
990 2662 48 21 Esq.,

769 2681 93 21 Benjamin
871 2682 21 16 E.
898 2682 63 20 Lindo,
969 2684 49 19 Esq.,

769 2702 71 17 Charles
849 2703 26 16 I'M
878 2703 46 16 ward
932 2703 87 21 Mangles,
1028 2705 49 21 Esq.,

768 2723 115 20 Christopher
891 2724 81 20 Hawson,
981 2725 49 20 Esq.,
1042 2726 80 21 Halifax,

769 2744 76 16 Thomas
853 2745 64 18 Sands,
925 2745 47 20 Esq.,
980 2746 101 21 Liyerpool,

768 2764 60 17 James
837 2765 54 20 Bogle
898 2766 65 19 Smith,
970 2766 48 20 Esq.,

768 2785 60 16 James
837 2785 79 17 Ruddell
922 2787 56 19 Todd,
987 2788 42 19 Esq.

663 2813 95 16 Trustees:
775 2813 80 17 George
866 2814 56 16 Caiui
934 2815 60 19 Glyn,
1007 2816 49 20 Esq.,
1065 2816 53 17 John
1131 2818 60 19 Gom,
1201 2820 49 19 Esq.,

809 2834 36 15 and
852 2835 66 15 James
925 2835 18 16 J.
950 2836 100 19 Cummins,
1060 2837 43 21 Esq.

690 2861 91 16 Bankers:
794 2861 74 17 Messrs.
876 2862 61 19 Glyn,
949 2863 114 19 Haiufax,
1071 2864 71 21 Mills,
1150 2866 35 16 and
1193 2867 30 17 Co.

783 2889 100 21 Secretary:
895 2890 83 17 Samtjel
984 2891 95 20 Jackson,
1087 2894 42 20 Esq.

753 2910 79 16 Colonial
840 2910 103 21 Inspector:
955 2912 17 16 J.
979 2912 19 16 C.
1006 2913 103 20 M'l.aken,
1116 2916 43 19 Esq,

784 2958 68 20 New
871 2959 122 21 Zealand
1011 2961 115 22 Branch.
1150 2967 1 5 '

662 2983 54 16 Local
724 2983 90 18 Directors
819 2990 4 11 :
840 2985 47 16 Geo.
898 2985 18 16 S.
927 2986 73 18 Evans,
1012 2987 49 20 Esq.,
1073 2988 64 18 D.C.L.
1155 2991 36 16 and
1203 2992 40 16 Geo

883 3006 90 20 HoNTEn,
987 3008 42 20 Efcq.

662 3025 96 21 Manager:
770 3026 47 17 John
825 3027 72 19 StaiTH,
906 3027 48 21 Esq.,
962 3028 36 17 late
1006 3029 20 15 of
1034 3029 31 16 the
1073 3030 117 18 Commercial
1197 3032 52 18 Bank

830 3048 21 15 of
858 3048 90 20 England,
959 3049 122 18 Manchester.

772 3067 113 23 Branches
896 3072 23 18 at
934 3070 97 28 Sydney,

934 3096 89 23 Hobart
1031 3098 77 28 Town,

935 3123 149 29 Launceston,
1095 3127 46 21 and

934 3150 54 22 Port
998 3150 80 28 Philip.

663 3173 53 21 Port
725 3173 131 28 Nicholson,
867 3175 79 22 March
956 3178 34 26 24,
1003 3179 61 20 1840.

663 3225 92 37 rpHE
771 3227 114 21 Directors
901 3228 27 20 of
943 3229 38 22 the
998 3229 57 22 New
1070 3231 101 24 Zealand
1185 3234 64 24 Land

669 3254 30 19 _L
737 3254 116 26 Company
867 3254 83 28 hereby
966 3256 52 27 give
1034 3258 81 26 notice,
1132 3260 50 22 that
1196 3262 53 26 they

662 3281 56 19 have
726 3286 112 17 effectep
848 3288 30 14 an
889 3285 231 22 ARRANGEiiENTwith
1128 3286 37 22 the
1174 3288 73 23 Union

661 3305 65 21 Bank
741 3306 26 22 of
781 3307 120 27 Australia,
920 3308 43 22 No.
979 3310 35 26 38,
1029 3310 45 22 Old
1089 3312 151 26 Broad-street

661 3331 103 29 London,
775 3333 34 21 for
817 3333 39 22 the
868 3334 169 23 establishment
1050 3337 26 22 of
1089 3346 14 13 a
1118 3340 130 22 BRANCH

661 3358 89 23 BANK
764 3359 34 22 IN
812 3359 73 23 NEW
898 3361 159 29 ZEALAND,
1070 3364 96 29 through
1177 3368 70 23 which

661 3385 37 21 the
706 3385 104 23 business
821 3387 27 21 of
861 3387 36 22 the
915 3388 56 22 New
988 3389 100 24 Zealand
1101 3392 66 23 Land
1183 3395 65 23 Com-

661 3418 59 21 pany
729 3413 46 23 will
783 3413 27 22 be
819 3415 135 21 transacted.
972 3415 58 22 ,The
1046 3417 114 24 Directors
1176 3421 72 23 there-

660 3439 46 21 fore
716 3440 145 22 recommend
870 3444 22 18 to
910 3441 111 23 Colonists
1036 3443 38 22 the
1092 3445 75 23 Union
1184 3448 64 23 Bank

660 3465 27 21 of
704 3465 113 22 Australia
835 3474 24 14 as
878 3474 28 14 an
932 3469 169 24 establishment
1122 3476 125 24 possessing

660 3491 57 22 their
733 3493 69 21 entire
826 3494 137 28 confidence,
983 3496 45 21 and
1047 3497 49 22 aole
1115 3502 23 19 to
1155 3503 92 24 provide

659 3519 126 27 effectually
800 3519 35 21 for
851 3520 37 22 the
902 3521 105 23 financial
1023 3526 70 20 wants
1110 3526 26 21 of
1146 3526 37 23 the
1200 3529 47 22 first

659 3545 134 22 settlement.

825 3573 36 28 By
870 3573 67 23 order
946 3576 26 21 of
982 3576 37 22 the
1027 3577 81 29 Board,

659 3632 21 13 tst
726 3633 16 12 n
770 3633 6 7 ,
810 3634 35 11 JT
902 3608 85 23 JOHN
1002 3610 104 29 WARD,
1121 3613 123 31 Secretary.

659 3634 55 20 New
724 3634 99 21 Zealand
833 3634 64 22 Land
908 3636 134 29 Company's
1052 3639 77 28 Office,

685 3665 19 23 1,
717 3664 158 28 Adam-street,
887 3667 104 28 Adelphi,
1002 3669 52 22 2?th
1064 3671 60 26 Aug.
1143 3673 61 22 1839.

661 3709 14 15 r
675 3709 76 35 p.HE
774 3711 79 20 Nelson
876 3712 116 22 Examiner
1014 3716 44 19 and
1078 3717 53 20 New
1153 3719 92 22 Zealand

666 3735 29 21 -L
733 3737 109 21 Chronicle
857 3738 127 25 (published
993 3744 23 19 at
1025 3741 102 29 Nelson,)
1143 3744 19 22 is
1179 3752 65 18 reeu-

665 3763 49 26 arly
733 3763 141 23 transmitted:
888 3768 23 17 to
927 3765 144 30 Wellington,
1091 3770 45 21 and
1151 3778 51 20 may
1217 3773 26 22 be

658 3787 42 22 had
712 3793 23 18 at
743 3789 38 22 the
791 3790 99 22 office-of
901 3789 43 23 this
952 3799 76 20 paper.
1232 3797 3 4 '
1249 3792 3 6 '

659 3815 2 24 ;
685 3814 47 23 The
742 3817 77 21 Nelson
828 3818 117 20 Examiner
960 3818 44 23 will
1014 3819 27 22 be
1051 3820 69 24 found
1130 3830 28 14 an
1171 3826 72 22 excel-

657 3841 48 23 lent
713 3843 97 23 medium
821 3845 40 20 for.
866 3844 140 23 advertisers.'
1040 3856 3 5 '

683 3867 79 25 Terms
772 3871 33 21 for
814 3870 38 23 the
861 3877 75 21 paper,
946 3871 147 29 tenshillingß
1106 3881 42 21 per
1155 3882 89 19 quarter

657 3893 94 28 payable
759 3902 23 16 in
793 3895 106 24 advance.
941 3916 3 9 ,
1014 3918 5 3 .
1064 3912 16 12 
1125 3916 13 6 

659 3926 2 19 ;
685 3919 82 25 Orderß
774 3924 3 8 '
789 3923 41 22 ft*.
842 3920 128 34 thV>aper
992 3924 45 23 aria
1044 3926 198 30 ..ndveitisemente

657 3948 103 22 received
770 3952 21 20 at
800 3949 41 24 tW
849 3949 71 24 Office
931 3950 26 23 of
968 3951 137 33 this^e*/
1186 3956 12 9 v
1244 3952 3 10 !
