3340 6100
98 127 1308 119 LYELL
1668 127 1569 119 TIMES.

660 490 233 71 AND
987 495 518 89 CENTRAL
1594 513 455 89 BULLER
2133 533 518 84 GAZETTE.

144 650 27 15 —
171 653 425 16 —^—————«—^
596 650 83 19 ———i
692 650 2 19 I
830 653 11 12 ■

193 745 108 46 Vol.
327 739 202 50 V.—No.
559 736 118 49 208)

1007 740 218 50 LYELL
1309 752 365 57 SATURDAY.
1742 764 353 52 FEBRUARY
2159 791 39 42 7,
2260 781 108 57 1885

2915 795 178 52 [Price
3127 800 72 41 6d.

260 927 203 40 JAMES
511 921 248 49 INGLIS,

198 1029 304 49 HABEBEOKER
539 1035 24 31 &
600 1031 272 36 COMMISSION

383 1156 129 33 AGE
537 1154 28 34 N
590 1155 37 39 T,

218 1275 135 34 Cliff
398 1271 189 39 Street,
632 1270 85 34 Lye
729 1280 51 23 ll
791 1292 7 12 *

230 1382 93 42 MR.
345 1381 33 42 I
400 1384 34 39 J.
456 1380 318 51 MOYNIHAN,

200 1468 224 35 ARRISTER
462 1466 93 34 AND
603 1464 267 40 QOLICITOR

126 1612 254 34 Commissioner
407 1609 35 34 of
462 1609 54 34 the
542 1610 159 42 Supreme
726 1609 99 33 Court
850 1619 18 21 o

427 1690 155 34 Victoria.

187 1776 98 36 Office
301 1786 6 24 :
332 1776 207 35 Palmerston
563 1776 61 39 St.,
643 1772 177 47 Weetport.

127 1869 92 44 Lyell
242 1870 116 32 Courts
374 1867 154 34 attended
544 1867 96 32 when
665 1878 34 21 so
722 1863 149 44 required

240 1977 52 38 J.
358 1976 61 38 F.
488 1973 282 48 CLARK,

228 2066 625 44 HABBBROKBR

242 2193 170 33 MINING
447 2191 90 32 AND
570 2188 214 34 GENERAL

129 2293 467 41 COMMISSION
655 2289 206 36 AGENT

366 2392 282 39 LYELL.

225 2517 286 40 GEORGE
591 2512 201 39 WISE.

221 2606 651 55 HAREBBOKEI

133 2811 26 37 C
176 2812 29 35 O
224 2811 32 35 M
279 2814 29 32 M
332 2813 12 35 I
363 2811 25 38 8
402 2809 100 40 810
518 2809 31 38 H
658 2811 25 33 A
705 2811 38 33 (l
758 2806 21 37 R
795 2805 33 37 N
845 2806 27 35 T.

248 2920 257 40 BROADWAY,
542 2917 221 33 REEFTON.

221 3035 57 44 G.
338 3035 53 42 C.
447 3023 343 58 BOWMAN,

156 3136 7 4 -
199 3129 276 38 UCTJONEER,
501 3124 368 46 QHAREBROKEIi

311 3240 135 35 Mining
469 3249 65 25 and
558 3240 139 34 Genual

144 3330 405 35 COMMISSION
628 3326 233 39 AGENT,

288 3416 202 40 Broadway,
546 3413 170 33 Reefton.

175 3528 293 44 JOHNSTON
504 3530 33 38 &
567 3528 257 40 WATKINS

383 3619 126 35 CIVIL
532 3619 92 34 AND

229 3712 56 35 IN
301 3712 54 34 IN
369 3712 27 34 G

569 3710 303 35 NGINEERS,

348 3825 212 24 authorised
586 3826 65 22 and

120 3896 336 49 LICENSED
487 3895 385 48 SURVEYORS

117 4024 160 41 Working
308 4025 97 31 Plans
432 4023 65 32 and
527 4022 127 34 Details
683 4023 36 32 of
748 4022 124 41 Miinng

161 4070 192 42 Machinery
371 4069 156 43 prepared
539 4068 64 33 and
616 4068 52 32 the
680 4069 155 31 Erection

223 4117 126 42 Mining
369 4114 188 47 Machinery
574 4114 199 44 supervised.

117 4211 143 44 purveys
276 4210 50 32 for
340 4208 128 42 Mining
481 4207 195 45 Companies
689 4208 183 33 contracted

115 4255 49 38 for
180 4258 41 43 by
240 4257 52 34 the
309 4267 86 33 year.
442 4257 140 41 Surveys
596 4258 96 30 made
704 4255 103 33 under
820 4255 52 33 the

324 4302 93 33 Land
434 4303 150 32 Transfer
596 4303 71 32 Act.

413 4394 160 34 Address:

113 4444 202 35 Broadway,
342 4441 157 32 Reefton
513 4451 7 28 ;
554 4451 65 21 and
652 4441 220 31 Commercial

359 4485 129 40 Hotel,
513 4486 106 33 Lyeli

156 4577 346 35 N.R.—lnstructions
520 4578 56 32 left
592 4584 32 27 at
640 4578 108 32 Times
762 4578 109 35 Office,

115 4626 106 38 lyell,
238 4624 64 34 will
321 4624 121 33 receive
452 4624 188 33 immediate
658 4623 172 34 attention.

117 4789 103 38 c£j-L
262 4791 75 33 UU
363 4789 111 35 3j-fc
513 4798 92 34 mmle
634 4799 40 42 by
692 4811 133 31 persons
842 4801 30 33 of

116 4848 105 34 either
236 4858 65 26 sex,
317 4846 33 33 in
369 4845 83 33 their
469 4857 71 21 own
558 4846 165 39 localities,
737 4851 33 29 at
783 4848 88 32 work

116 4893 49 33 for
191 4904 49 20 us.
286 4893 79 30 New
397 4890 158 34 business.
598 4892 52 30 All
678 4897 85 28 meet
792 4893 78 32 with

116 4937 180 36 wonderful
313 4949 137 22 success.
495 4938 72 42 Any
585 4949 60 21 one
669 4949 60 22 can
753 4938 40 33 do
817 4939 53 34 the

115 4987 100 33 work.
271 4984 126 44 Capital
428 4989 56 28 not
513 4984 158 43 required.
717 4984 58 35 We
805 4987 64 32 w.ll

115 5038 83 28 start
212 5043 75 32 you.
334 5031 102 33 Outfit
453 5029 103 35 worth
583 5031 42 33 £1
651 5031 120 33 mailed
793 5032 77 33 free.

116 5079 69 34 The
201 5078 224 45 employment
449 5078 26 31 is
498 5076 210 46 particularly
732 5078 138 45 adapted

115 5137 33 24 to
165 5128 54 33 the
242 5126 110 42 region
377 5127 32 30 in
438 5125 108 32 which
577 5124 65 32 this
673 5123 197 45 publication

116 5172 181 34 circulates.
363 5172 87 41 Leys
488 5170 64 32 and
589 5170 76 41 girls
703 5182 58 20 can
794 5183 77 21 earn

115 5219 114 43 nearly
245 5230 35 20 as
296 5217 98 33 much
412 5229 33 20 as
462 5228 86 20 men.
594 5215 74 33 Full
678 5218 193 41 particulars

111 5266 65 35 and
217 5264 199 33 nstructions
445 5262 121 32 mailed
595 5264 75 31 tree.
726 5264 81 31 Now
843 5264 27 32 is

114 5313 54 34 the
186 5311 81 33 time
269 5309 133 33 —don't
419 5308 106 44 delay,
544 5308 56 32 but
613 5308 91 33 write
729 5318 31 24 to
784 5320 37 22 us
838 5316 32 27 at

111 5370 91 25 once.
247 5355 141 36 Address
405 5354 97 35 STIN
510 5354 83 35 SON
617 5354 30 34 •&
671 5354 65 35 CO.
781 5356 70 34 Tort-

109 5406 90 37 land,
219 5405 121 37 Maine,
360 5402 117 34 United

115 5512 233 79 REMEDY
364 5511 118 34 FREE
498 5511 80 33 I—A
588 5510 110 34 victim
712 5511 35 34 of
752 5513 116 43 youth*

229 5560 47 33 ml
291 5558 210 45 imprudence
523 5558 133 40 causing
682 5558 187 35 Premature

115 5612 122 40 Decay,
257 5608 146 31 Nervous
421 5604 156 43 Debility,
595 5604 80 33 Lost
692 5605 175 40 Manhood,

113 5659 66 38 &€.,
202 5653 123 39 having
349 5652 82 32 tried
461 5651 33 32 in
525 5661 73 22 vain
626 5661 97 32 every
748 5651 118 34 known

110 5700 146 46 remedy,
275 5700 59 32 has
345 5697 185 34 discovered
544 5709 18 21 a
578 5697 116 43 simple
708 5697 159 42 self-cure,

111 5749 110 37 which
239 5748 39 33 he
297 5746 65 33 will
377 5745 80 33 send
474 5744 119 33 FREE
617 5749 33 28 to
673 5744 51 32 his
746 5744 103 35 fellow-

113 5790 345 44 lufferers.—Address
467 5791 31 35 J.
511 5787 44 38 H.
571 5791 191 41 REEVES,
776 5792 90 46 Esq.,

114 5850 35 34 itf
188 5842 164 38 Chatham
386 5842 114 36 Street,
539 5839 79 34 New
656 5839 88 34 York
781 5839 85 46 City,

117 5895 114 35 U.S.A.

1051 2752 228 41 NOBEL'S
1332 2758 211 37 PATENT

920 2809 716 81 DYNAMITE

958 2948 47 33 To
1021 2949 67 33 Con
1094 2955 146 33 tractors,
1268 2955 132 37 Miners,
1418 2957 218 42 Quarryiiien,

989 3027 11 6 „
1013 3025 48 10 .....
1075 3009 10 27 v
1186 3009 5 12 S
1195 2997 69 34 *J:<l.
1278 2999 138 30 Others*-
1450 3013 16 18 \-
1495 3018 11 6 -
1528 3004 6 3 *

918 3079 231 36 ■NTOBEL's
1165 3083 254 44 DYNAMITE,
1431 3087 84 34 from
1527 3092 148 42 repeated

919 3121 55 28 -L^
974 3121 9 28 l
1043 3127 93 34 trials
1158 3128 42 44 by
1230 3130 55 33 the
1316 3132 122 43 largest
1468 3136 208 35 Contractors

916 3172 63 31 and
998 3172 129 44 Mining
1142 3175 171 42 Managers
1331 3179 33 31 in
1381 3180 54 32 the
1451 3181 224 35 Australasian

916 3216 162 43 Colonies,
1096 3220 64 32 and
1175 3221 84 33 from
1278 3222 75 42 long
1370 3236 55 23 use
1457 3227 64 34 and
1550 3237 127 27 mortar

917 3269 88 36 tests,
1022 3266 60 33 has
1098 3268 121 43 proved
1233 3269 91 33 itself
1336 3271 127 38 beyond
1494 3275 125 44 dispute
1643 3286 32 25 to

916 3309 37 33 be
980 3312 55 32 the
1066 3320 112 35 purest
1207 3316 65 32 and
1297 3316 40 42 by
1360 3318 49 32 far
1432 3320 55 33 the
1514 3329 161 35 strongest

916 3357 263 35 manufactured.

956 3412 31 35 It
1003 3414 27 33 is
1045 3416 199 44 unequalled
1259 3417 49 35 for
1322 3417 140 49 mining,
1480 3427 192 44 quarrying,

916 3459 142 44 blasting
1073 3465 45 34 (in
1134 3469 115 29 wet.or
1265 3466 68 40 dry,
1360 3469 80 31 solid
1470 3483 35 20 or
1534 3474 140 32 fissiuvd

915 3504 101 44 roek).
1062 3507 207 47 Tunnelling,
1286 3509 154 50 breaking
1466 3527 43 35 up
1538 3520 134 36 wrecks,

915 3552 128 32 sunken
1059 3555 105 37 rocks,
1180 3555 142 44 blowing
1344 3567 55 25 out
1428 3565 66 31 and
1523 3548 152 60 splitting

915 3605 43 33 up
974 3600 66 30 tree
1058 3603 97 37 roots,
1174 3600 158 38 boulders,
1350 3605 52 34 &c.

957 3643 48 34 Its
1021 3646 103 43 safety
1139 3647 59 33 has
1213 3649 80 34 been
1317 3656 191 45 completely
1538 3661 111 33 demon-

915 3691 122 31 strated
1054 3691 42 41 by
1111 3693 55 32 the
1183 3694 136 35 absence
1331 3699 34 31 of
1378 3701 172 42 accidents,
1567 3706 89 34 eithe

915 3744 32 21 m
971 3739 126 36 transit,
1108 3743 137 39 storage,
1270 3753 35 21 or
1333 3745 41 32 its
1404 3747 175 43 legitimate
1604 3764 68 22 use.

914 3781 31 31 It
960 3791 27 22 is
1003 3784 172 34 insensible
1193 3792 32 27 to
1241 3787 126 44 shocks,
1385 3804 18 22 a
1416 3798 184 39 percussion
1613 3812 59 30 cap

915 3829 94 42 being
1044 3832 151 42 required
1238 3840 32 28 to
1314 3837 135 48 develop
1494 3844 42 34 its
1581 3847 91 38 giant

913 3885 120 31 power.

955 3921 108 35 Prices
1080 3936 53 21 are
1150 3937 72 24 now
1238 3928 90 34 for—

954 3971 15 32 -1
995 3983 83 30 ease,
1096 3974 40 33 50
1152 3974 48 35 lbs
1418 3985 34 32 2s
1468 3987 40 33 Od
1525 4000 56 31 per
1597 3990 31 33 lb

953 4019 19 32 *
1016 4019 40 33 do
1057 4063 7 5 .
1120 4022 40 32 d@
1418 4032 35 31 2s
1468 4033 40 32 3d
1524 4045 58 32 per
1596 4037 32 31 lb

955 4066 65 30 llie
1037 4066 100 33 above
1153 4078 54 23 are
1223 4069 55 34 the
1295 4072 103 42 prices
1411 4076 33 32 in
1461 4077 155 38 Dnnedln
1634 4094 36 21 or

916 4112 28 29 VV
955 4112 156 39 elhngton
1129 4116 200 41 magazines.

951 4155 159 38 Discount
1143 4161 137 36 allowed
1310 4172 31 26 to
1372 4166 115 46 buyers
1518 4173 35 34 of
1579 4174 89 37 lar°-e

913 4204 132 41 parcels.
1630 4206 17 13 °

933 4296 230 47 NOBEL'S
1188 4301 225 49 PATENT
1451 4311 161 49 BLAST-

1065 4362 104 47 ING
1211 4367 301 52 GELATINE.

932 4484 5 7 _
950 4440 33 32 Is
1000 4443 40 30 50
1056 4452 55 30 per
1127 4449 73 28 cent
1217 4450 148 37 stronger
1376 4451 78 32 than
1467 4452 76 44 Dyn
1553 4458 93 33 unite
1661 4470 6 29 ;

908 4485 89 42 gives
1014 4487 46 32 off
1073 4488 61 32 less
1151 4491 129 40 smoke;
1305 4493 26 32 is
1348 4506 35 21 as
1400 4505 65 25 sate
1483 4511 34 22 as
1555 4502 89 43 Dyna-

909 4537 77 27 mite
1000 4543 6 28 ;
1030 4532 27 34 is
1073 4535 124 39 slower,
1214 4538 62 31 less
1292 4539 190 46 shattering,
1500 4548 64 31 and
1576 4560 90 23 more

908 4588 174 31 expansive
1106 4579 33 33 in
1169 4582 40 32 its
1240 4585 129 40 action;
1392 4587 210 39 indissoluble
1633 4597 32 31 in

909 4630 110 31 water,
1037 4626 62 31 and
1117 4627 26 31 is
1160 4626 78 35 fired
1261 4632 79 31 with
1372 4633 80 39 fuse,
1484 4637 181 43 detonator,

908 4668 64 32 and
990 4669 170 43 dynamite
1176 4673 123 42 primer
1312 4677 33 32 in
1357 4677 54 35 the
1425 4691 89 24 same
1526 4694 140 26 manner

908 4726 35 23 as
959 4714 180 46 dynamite.

949 4762 107 33 Prices
1071 4765 37 30 of
1120 4764 150 45 Blasting
1286 4768 152 35 Gelatine

950 4820 14 32 1
983 4830 83 28 case,
1084 4822 39 33 50
1140 4821 48 35 lbs
1329 4853 32 8 ...
1408 4832 18 31 3
1430 4842 13 20 S
1459 4843 20 32 p
1481 4844 35 22 er
1531 4834 9 32 }
1546 4846 16 21 D

949 4867 103 31 sdo
1089 4913 5 5 .
1117 4868 19 31 (1
1139 4880 18 46 f
1261 4915 5 7 .
1327 4898 34 7 ...
1407 4867 3 59 k
1411 4878 88 32 2sßd
1520 4891 57 31 per
1592 4882 31 32 lb

1086 4912 35 35 in
1138 4914 153 36 Dimedin
1308 4921 178 38 magazine.

920 4980 4 53 i
949 4980 180 45 Necessary
1145 4985 161 41 tape-fuse
1324 4989 64 33 and
1402 4991 186 37 detonators
1617 4997 49 33 for

907 5027 97 41 firing
1021 5027 178 43 Dynamite
1212 5033 63 32 and
1306 5036 149 34 Gelatine
1483 5040 122 44 always
1632 5045 33 32 in

906 5072 101 33 stock.
1054 5074 132 35 Printed
1198 5077 210 39 instructions
1425 5085 48 33 for
1489 5089 94 43 using
1609 5091 56 35 the

906 5119 101 34 above
1024 5121 107 34 issued
1145 5125 79 31 with
1242 5138 96 33 every
1354 5131 51 31 51b
1421 5119 160 58 package?

966 5212 124 43 Agents
1106 5214 49 33 for
1171 5215 53 35 the
1242 5219 150 44 Glasgow
1415 5224 170 46 Company

1051 5280 246 41 DALGETTY
1320 5288 24 33 &
1360 5290 56 32 Co.

1125 5329 154 38 Dunedin
1298 5336 64 33 and
1378 5337 244 40 Christchurch.

1048 5396 51 36 W.
1118 5399 46 33 M.
1181 5400 275 41 BANNATYNE
1472 5411 25 30 k
1513 5411 69 39 Co.,

1410 5453 213 45 Wellington.

945 5535 282 45 N.B.—Supplies
1244 5552 76 32 may
1336 5543 38 33 be
1392 5545 64 33 had
1472 5548 86 34 from
1573 5550 91 36 John

904 5580 160 36 Fennell
1075 5583 64 33 and
1150 5585 108 35 James
1272 5588 104 41 Ryan,
1390 5591 113 45 Lyell;
1522 5596 141 37 Thomas

904 5628 101 38 Field,
1035 5629 181 43 West-port;
1242 5634 38 31 It.
1309 5636 111 43 Oxley,
1436 5640 141 43 Forsyth
1600 5646 63 32 and

904 5673 150 41 Masters,
1079 5675 137 37 Peeffon
1243 5680 65 33 and
1336 5683 203 43 Greymouth
1555 5698 7 27 ;
1587 5690 56 34 Gal-

903 5719 112 42 lagher
1034 5721 100 40 Bros.,
1157 5724 213 44 Boatman's;
1393 5731 39 31 A.
1459 5732 105 44 Foldi,
1581 5737 64 34 Dill-

901 5768 108 32 man's
1038 5767 113 44 Town,
1186 5769 147 39 Kumara
1350 5784 7 32 ;
1405 5778 34 33 C.
1471 5779 189 48 Lhmiman,

905 5816 48 31 W.
969 5816 165 35 Johnston
1147 5818 64 34 and
1228 5820 68 41 Co.;
1313 5822 347 52 CowlishawandCo.,

901 5860 179 43 Hokitika;
1106 5865 64 33 and
1186 5867 110 35 others
1312 5877 41 26 on
1364 5871 55 36 the
1438 5874 88 34 West
1553 5877 105 42 Coast,

901 5916 32 25 at
949 5909 112 33 lowest
1078 5917 94 27 rates.
1305 5921 5 7 '
1421 5922 10 6 -
1622 5921 8 9 •'

922 981 310 89 Import
1307 989 573 107 Ironmongery
1941 1009 523 93 Warehouse,

1508 1206 39 45 N
1574 1209 35 43 E
1636 1210 36 44 L
1701 1214 26 40 '5
1753 1211 29 45 0
1811 1214 40 43 N

2234 1553 95 37 *&*?■

2115 1644 14 41 i.
2149 1644 90 41 ,;S£

2213 1764 10 13 ■:
2244 1759 19 20 <:

1597 2278 44 12 ■...'3--
1642 2278 1 17 l
1646 2279 64 13 :-VJ5.~..J
1710 2278 30 17 t^'JJ
1740 2278 4 17 ,

1096 2432 417 52 Communications
1562 2434 58 64 by
1663 2434 108 51 Post
1814 2455 49 31 or
1899 2437 119 54 Wire
2061 2449 230 65 promptly

1540 2578 219 45 attended
1785 2588 59 37 to.

1785 2803 177 37 LADIES'
1987 2809 57 33 OR
2069 2810 325 41 GENTLEMEN'S

1714 2909 356 74 SADDLE
2151 2918 313 73 HACKS,

1757 3043 4 42 ;
1870 3043 110 40 (Quiet
1995 3045 65 33 and
2072 3047 240 38 Well-broken)

1712 3135 85 34 FOR
1813 3134 115 36 HIRE
1946 3138 59 33 BY
2021 3141 92 33 THE
2133 3144 333 40 UNDERSIGNED

1694 3230 1 48 i
1851 3230 49 34 At
1926 3231 197 41 Inangahua
2145 3235 179 41 Junction.

1754 3372 130 37 Morse's
1900 3381 70 28 sent
1986 3379 43 40 Jto
2047 3379 92 43 Lyell
2156 3386 33 30 at
2213 3394 18 22 a
2248 3387 176 32 moment's

2025 3450 118 33 notice.

1709 3567 231 61 Courtney's
1952 3574 358 50 Accommodation
2323 3579 141 50 House

1709 3667 133 43 Having
1872 3670 97 42 lately
1996 3672 81 32 been
2104 3677 227 43 considerably
2357 3681 106 32 added

1710 3734 30 27 to
1765 3730 64 33 and
1853 3730 179 44 improved,
2049 3733 27 35 is
2102 3747 72 22 now
2191 3750 59 21 one
2267 3737 36 34 of
2323 3741 53 33 the
2392 3741 72 35 best

1707 3794 174 43 appointed
1896 3795 64 34 and
1976 3802 86 29 most
2078 3800 210 35 comfortable
2314 3804 148 35 roadside

1837 3858 129 35 house's
1982 3873 41 21 on
2040 3861 54 35 the
2112 3863 91 35 West
2220 3865 108 36 Coast.

1723 4009 283 42 PRA;NCIS
2068 4016 373 52 COURTNEY,

1972 4094 225 37 PROPRIETOR.

1820 4247 158 41 LYELL,
2002 4252 93 33 AND
2120 4254 221 38 REEFTON.

1714 4375 100 34 TOB
1851 4378 147 39 LINES,
2024 4380 118 33 wishes
2180 4386 32 30 to
2250 4383 118 36 inform
2406 4388 53 33 the

1705 4416 34 32 U
1796 4423 109 42 public
1920 4425 36 32 of
1967 4425 104 43 Lyell,
2089 4427 148 39 Reefton,
2267 4432 64 31 and
2361 4433 81 33 inter-

1703 4467 140 33 mediate
1859 4470 117 42 places,
1994 4471 72 33 that
2081 4472 40 33 he
2138 4473 58 33 has
2210 4485 73 24 now
2296 4477 112 43 placed
2418 4491 41 21 on

1703 4510 54 36 the
1775 4514 246 45 Reefton-Lyell
2038 4518 92 32 Road
2153 4531 18 21 a

1867 4583 109 33 LINE
2003 4585 53 32 OF
2080 4585 214 42 COACHES,

1705 4648 144 45 Leaving
1865 4651 92 42 Lyell
1973 4663 42 21 on
2033 4653 171 45 Mondays,
2222 4656 235 49 Wednesdays,

1702 4695 62 33 and
1781 4696 147 45 Fridays,
1971 4704 32 27 at
2034 4701 28 32 8.
2112 4708 88 33 a.im,
2230 4704 145 44 arriving
2427 4712 31 30 at

1703 4741 134 35 Reefton
1870 4752 31 24 at
1932 4748 17 29 5
1980 4757 78 29 p.m.
2096 4759 89 21 same
2223 4750 73 42 day,
2331 4752 129 34 leaving

1804 4789 138 34 Reefton
1959 4802 41 21 on
2017 4793 228 35 intermediate
2263 4796 89 43 days.

1825 4891 106 22 GREAT
1950 4892 190 23 REDUCTION
2164 4894 34 23 IN
2222 4896 111 23 FARES.

1742 4985 68 33 The
1827 4986 181 42 proprietor
2020 4988 123 42 having
2161 5001 18 22 a
2195 4992 98 32 coach
2307 4996 32 31 to
2370 5000 87 29 meet

1701 5029 68 34 him
1785 5044 41 20 on
1843 5030 54 35 the
1914 5032 92 43 Lyell
2022 5034 68 33 side
2107 5036 35 32 of
2152 5036 195 43 Inangahua
2360 5040 98 35 River

1702 5087 57 24 ean
1777 5084 178 37 guarantee
1972 5091 18 22 a
2006 5079 141 47 through
2163 5094 146 33 passage.

1813 5233 167 37 EVERY
2021 5232 336 47 DESCRIPTION

1699 5463 154 75 JOB
1933 5466 522 80 PRINTING

1903 5599 345 40 EXECUTED

1700 5706 66 37 ON
1818 5707 99 38 THE
1968 5712 254 41 SHORTEST
2268 5720 187 42 NOTICE

2006 5836 41 23 AT
2077 5837 67 25 THE

1790 5924 162 39 LYELL
1989 5927 149 39 TIMFft
2168 5931 189 45 OFFICE.

2524 968 402 45 CRITERION
2985 980 234 39 HOTEL

2780 1050 138 31 LTEL
2940 1056 18 25 L

2644 1176 219 44 HI)WARD
2895 1185 234 41 CARROLL

2690 1261 33 29 to
2747 1258 120 36 inform
2891 1261 51 35 his
2967 1275 177 28 numerous
3175 1275 85 32 town

2620 1315 64 32 and
2716 1322 139 40 country
2883 1321 122 35 fri.nds
3035 1325 72 35 that
3137 1329 40 32 he
3205 1329 60 34 has

2504 1383 182 41 purchased
2703 1385 54 34 the
2774 1386 100 37 above
2890 1388 158 46 business,
3065 1395 66 35 and
3161 1397 100 45 hopes

2504 1448 43 44 by
2577 1453 92 33 strict
2698 1457 162 34 attention
2876 1463 33 30 to
2934 1460 55 35 the
3015 1468 105 30 wants
3150 1466 36 39 of
3212 1468 49 34 his

2503 1524 181 31 customers
2709 1524 66 34 and
2801 1528 167 36 travellers
2993 1536 32 29 to
3055 1535 97 34 merit
3167 1547 19 24 a
3201 1536 61 36 fair

2647 1593 94 35 share
2757 1596 36 33 of
2811 1598 108 43 public
2937 1606 186 41 patronage.

2597 1743 150 51 I»quors
2773 1748 37 35 of
2834 1750 58 37 the
2914 1751 84 39 Beat
3022 1754 141 40 Brands.

2852 1931 36 37 K
2920 1933 245 52 CARROLL,

3023 2013 194 41 Proprietor.

2500 2152 381 54 BELFAST
2944 2163 309 64 HOTEL,

2728 2241 134 35 GIBBS
2887 2243 142 38 TOWN.

2706 2304 220 36 Eight-Mile
2951 2309 104 35 Road.

2503 2389 128 35 rriHE
2641 2393 223 46 undersigned
2874 2398 124 46 having
3006 2405 155 34 removed
3172 2406 85 36 from

2608 2455 79 35 Zala
2704 2457 102 36 Town
2823 2461 65 35 and
2905 2465 127 35 erected
3055 2479 72 25 new
3151 2482 84 33 prem-

2499 2512 63 33 ises
2587 2525 35 22 as
2646 2516 114 42 above,
2784 2518 28 35 is
2841 2531 75 25 now
2938 2527 159 42 prepared
3121 2534 33 29 to
3179 2530 79 34 offer

2500 2571 160 34 excellent
2710 2579 287 34 accommodation
3034 2589 31 26 to
3113 2587 142 37 visitors,

2500 2624 163 45 boarders,
2681 2629 65 35 and
2763 2631 55 36 the
2833 2632 111 47 public
2959 2640 179 46 generally.

2500 2740 90 36 Ales
2615 2743 120 36 Wines
2757 2757 67 24 and
2849 2750 132 37 Spirits
3011 2765 39 24 of
3080 2767 67 24 the
3173 2769 84 24 best

2679 2803 183 41 Qualities
2879 2818 84 25 only
2980 2821 95 25 kept.

2649 2916 185 64 Charges
2867 2923 229 50 Moderate.

2710 3058 150 34 PETER
2883 3064 292 43 ARMSTRONG,

3019 3146 196 43 Proprietor.

2527 3266 317 50 ALPINE
2908 3274 317 67 HOTEL,

2752 3373 258 40 ZALATOWN.

2501 3514 128 72 IJIHE
2660 3518 218 48 undersigned
2905 3525 77 45 begs
3009 3535 34 30 to
3065 3534 120 36 inform
3204 3539 53 33 thr

2604 3581 110 42 public
2751 3584 73 35 that
2859 3587 55 35 the
2954 3591 103 37 above
3098 3596 102 38 Hotel
3231 3602 26 36 it,

2496 3641 121 43 replete
2634 3644 78 34 with
2730 3659 96 32 every
2843 3654 150 34 comfort.

2496 3788 86 42 Ales,
2600 3789 122 45 Wines,
2740 3796 64 33 and
2823 3797 117 45 Spirits
2957 3805 35 31 of
3011 3806 87 36 First
3122 3812 135 47 Quality

2785 3873 78 44 only
2879 3875 87 45 kept.

2578 4017 96 33 Good
2691 4020 167 35 Stabling
2871 4035 299 32 accommodation.

2533 4167 243 43 HENRY
2865 4177 350 50 GARBETT.

2777 4252 62 35 Pro
2880 4256 91 34 ietor.

2590 4389 172 60 JOHN
2829 4395 332 54 FENNELL.

2497 4535 295 72 Q.ENERAL
2851 4544 403 56 STOREKEEPER

2520 4675 123 36 WINE
2668 4680 92 33 AND
2786 4682 147 38 SPIKIT
2958 4688 264 51 MERCHNAT,

2658 4812 107 37 Cliff
2789 4817 141 42 Street,
2954 4821 122 37 Lyell.

2574 4995 143 44 Highest
2749 5002 89 34 Price
2869 5004 96 41 given
2992 5009 49 33 for
3080 5013 85 42 gold.

2490 5142 314 47 ANCHOR
2885 5149 366 56 FOUNDRY

2719 5231 279 42 NELSON
3029 5268 9 10 .

2507 5379 36 45 A
2562 5379 56 34 LL
2642 5379 96 36 kinds
2754 5382 36 34 of
2802 5384 225 49 Engineering
3042 5395 65 31 and
3126 5396 103 36 Smith-

2603 5444 99 38 work,
2736 5445 77 35 Iron
2839 5449 66 32 and
2937 5451 99 36 Brass
3069 5456 180 39 Foundiaff

2490 5505 140 45 Mining,
2650 5508 137 42 Marine,
2803 5512 66 32 and
2894 5513 229 40 Monumental
3142 5523 99 36 Work

2531 5646 289 37 Communication
2865 5652 107 36 Twice
3020 5657 138 46 Weekly
3206 5663 44 42 by

2490 5710 132 33 Anchor
2637 5711 82 34 Line
2738 5712 131 36 Steame
2925 5719 66 33 and
3007 5722 104 42 prices
3128 5727 122 40 quoted

2490 5773 163 36 delivered
2669 5780 35 30 at
2719 5776 77 36 Wes
2827 5778 98 38 Coast
2941 5781 104 37 Ports.

2688 5868 280 39 ALEXANDER
2991 5875 177 45 BROWN,

3039 5944 167 48 Manager,
