3340 6100
77 2011 147 76 The
273 2011 245 76 Lyell
567 2011 293 76 Times.

122 2169 248 41 SATURDAY,
387 2168 248 37 FEBRUARY
652 2171 30 41 7,
700 2172 91 33 1885.

120 2300 68 34 The
211 2298 129 44 general
356 2298 212 44 cleaning-up
582 2304 34 29 at
631 2299 56 34 the
712 2298 124 35 United

77 2358 118 45 Alpine
211 2357 200 42 Company's
427 2356 127 45 battery
569 2356 50 34 for
635 2357 55 33 the
708 2357 128 40 month,

80 2427 80 31 gave
183 2427 19 22 a
218 2419 111 30 return
345 2414 36 34 of
395 2415 136 41 193-£ozs
546 2414 36 34 of
592 2415 143 33 retorted
750 2415 88 42 gold,

79 2474 82 34 from
184 2472 44 35 all
251 2482 139 30 sources,
393 2471 96 34 —the
512 2471 151 45 quantity
686 2472 36 33 of
744 2477 93 30 stone

81 2529 149 42 •rushed,
247 2541 67 23 was
329 2530 60 34 377
406 2534 83 29 tons.

120 2590 44 35 At
189 2600 19 23 a
234 2588 115 42 sitting
371 2587 36 35 of
425 2587 55 36 the
508 2588 107 35 Police
639 2588 101 34 Court
763 2587 77 36 held

80 2648 107 33 before
203 2648 32 32 J.
253 2647 136 32 Feanell
407 2648 78 40 Esq.
503 2647 70 32 J.P.
598 2647 185 41 yesterday,
806 2647 33 32 J.

82 2700 226 47 M'Donough,
339 2712 67 25 was
435 2700 140 49 charged
605 2700 79 37 with
717 2700 124 47 having

82 2762 81 34 been
190 2761 106 34 drunk
312 2772 7 29 ;
343 2761 65 33 and
434 2761 56 33 the
514 2762 122 32 offence
663 2761 99 42 being
785 2762 56 32 the

86 2818 118 38 second
220 2817 115 36 within
352 2817 49 35 six
415 2817 147 43 months,
585 2829 66 24 was
674 2818 87 35 fined
785 2820 57 33 30s

85 2878 64 33 and
165 2882 95 29 costs.

127 2934 70 33 The
227 2933 138 34 Reefton
395 2933 130 44 battery
547 2939 130 28 returns
702 2935 50 32 ior
780 2935 62 33 last

87 2991 89 34 week
190 3001 54 24 are
258 3000 6 24 :
289 2989 249 45 Keep-it-Dark,
562 2992 116 33 701ozs
693 2991 35 34 of
740 2991 80 34 amal-

87 3059 77 31 gam
179 3058 8 28 ;
209 3047 191 39 Inkernian,
416 3050 117 36 2_B2ozs
555 3048 178 40 amalgam,
755 3048 85 32 from

87 3105 61 33 456
164 3109 73 29 tons
253 3103 35 34 of
298 3109 103 28 stone.

132 3159 69 34 The
224 3159 151 33 National
401 3158 104 41 Bank,
529 3159 63 33 and
616 3159 55 33 the
695 3158 94 34 Bank
812 3158 35 34 of

88 3218 81 34 New
186 3215 152 40 Zealand,
354 3216 66 34 will
435 3228 84 33 open
536 3216 77 35 here
635 3217 50 33 for
702 3216 142 45 banking

87 3273 148 34 business
252 3273 120 34 to-dav.

131 3333 42 33 At
190 3331 54 35 the
267 3330 150 46 monthly
432 3330 144 46 meeting
594 3331 36 35 of
648 3331 55 35 the
726 3332 118 43 Alpine

91 3389 171 44 Company
299 3388 74 34 held
412 3400 41 22 on
490 3388 151 44 Tuesday
678 3389 73 41 last,
790 3389 54 34 the

91 3445 130 34 tenders
237 3446 34 31 of
282 3446 39 32 G.
338 3445 120 40 White,
471 3445 65 33 and
548 3445 52 33 W.
611 3445 138 39 Kearns,
762 3457 82 21 were

94 3502 151 44 accepted
275 3503 48 33 for
351 3504 124 42 carting
503 3502 146 35 between
681 3502 165 46 Westport

93 3559 66 33 and
181 3559 103 43 Lyell,
309 3559 64 32 and
394 3559 92 44 Lyell
510 3559 65 32 and
597 3559 56 32 the
676 3560 100 38 mine,
797 3570 32 22 re-

93 3615 184 43 spectively,
294 3613 49 34 for
355 3614 54 34 the
422 3615 140 39 ensuing
569 3615 115 33 twelve
701 3615 142 33 months.

93 3671 67 34 The
178 3671 109 33 Under
302 3671 35 33 of
348 3670 30 34 J.
398 3671 106 45 Kyan,
523 3671 50 33 for
594 3670 57 34 the
674 3671 116 44 supply
814 3671 35 33 of

93 3730 127 43 mining
234 3730 98 43 goods
346 3735 49 30 for
409 3742 19 23 a
444 3729 125 35 similar
583 3734 98 34 term,
697 3740 67 25 was
778 3730 67 34 also

94 3787 160 44 accepted.

134 3844 49 31 An
220 3843 130 32 alluvial
386 3843 117 38 miner,
547 3841 121 33 named
705 3841 141 45 Godfrey

94 3900 112 41 Holer,
233 3900 72 33 who
334 3899 60 36 has
429 3900 82 35 been
548 3899 128 42 mining
711 3911 41 22 on
792 3899 54 36 the

94 3958 112 33 Buller
219 3958 85 33 river
318 3958 50 34 for
383 3969 90 23 some
489 3959 80 32 time
586 3963 82 38 past,
686 3964 64 28 met
766 3959 79 33 with

94 4028 18 22 a
137 4016 109 34 rather
272 4017 122 33 serious
425 4015 150 35 aeeident
603 4027 41 21 on
675 4016 170 41 Thursday

94 4074 165 42 forenoon,
285 4073 43 47 by
352 4073 108 36 which
488 4084 62 25 one
570 4073 36 36 of
624 4073 51 35 his
701 4073 66 45 legs
793 4080 53 40 got

93 4130 122 35 broken
227 4131 69 43 just
317 4130 104 33 below
437 4132 56 31 the
515 4130 95 33 knee.
656 4131 104 32 Hof*r
780 4143 67 21 was

93 4187 147 41 working
254 4188 43 43 by
312 4187 136 34 himself
459 4192 34 28 at
508 4186 56 34 the
580 4186 90 40 time,
695 4187 64 34 and
775 4189 22 33 it
821 4189 26 32 is

95 4244 160 45 supposed
278 4257 19 21 a
319 4244 135 34 boulder
475 4244 84 32 from
584 4243 55 34 the
668 4245 69 33 face
761 4249 87 30 must

95 4301 83 34 have
205 4301 118 33 caused
345 4301 55 33 the
423 4300 122 42 injury.
592 4301 50 31 No
668 4312 61 21 one
752 4301 96 41 being

94 4369 90 29 near,
221 4358 56 35 the
313 4358 209 33 unfortunate
561 4356 106 35 fellow
711 4358 137 35 crawled

94 4415 142 44 through
256 4415 54 35 the
327 4411 93 43 bush,
439 4415 63 33 and
518 4426 44 33 up
585 4415 55 33 the
662 4421 121 29 terrace
806 4428 42 22 on

93 4480 34 29 to
150 4475 54 34 the
225 4473 90 40 road,
341 4474 105 33 where
470 4473 40 34 he
538 4483 66 24 was
627 4473 155 35 observed
805 4475 42 44 by

94 4542 152 24 someone
261 4532 132 43 passing
407 4541 6 22 :
438 4531 87 32 word
544 4542 65 21 was
633 4536 73 28 sent
728 4532 114 40 round,

95 4589 64 33 and
175 4600 78 22 soon
264 4589 90 33 there
362 4600 83 21 were
458 4588 125 40 willing
596 4589 105 32 hands
713 4594 33 28 to
757 4602 92 31 carry

96 4645 70 35 him
181 4647 68 33 into
266 4645 55 35 the
338 4645 174 44 township.
556 4644 68 35 The
641 4645 132 35 sufferer
784 4659 66 23 was

96 4704 98 33 taken
211 4709 32 28 to
260 4704 53 32 the
336 4699 165 47 Westport
524 4702 153 44 Hospital
700 4704 42 43 by
763 4706 85 38 boat,

97 4767 33 29 at
145 4757 149 48 daylight
309 4765 78 29 next
402 4760 163 43 morning.

141 4818 59 34 We
222 4816 67 50 are.
304 4816 170 50 requested
496 4822 33 28 to
559 4817 71 42 give
652 4817 105 37 notice
780 4820 35 33 of
834 4833 17 21 a

100 4866 142 39 meeting
260 4863 34 34 of
306 4864 92 33 those
415 4863 144 33 desirous
578 4865 35 31 of
627 4864 128 42 joining
777 4866 31 33 in
834 4880 15 20 a

100 4909 207 46 prospecting
322 4909 204 37 association,
543 4914 33 28 to
597 4906 39 36 bo
659 4911 125 34 formed
802 4913 49 33 for

100 4956 55 35 the
171 4967 137 32 purpose
324 4955 37 33 of
371 4955 120 40 testing
508 4955 146 34 Manuka
679 4956 82 42 Flat,
785 4958 63 35 and

98 5003 106 33 which
229 5002 65 33 will
318 5000 39 35 be
373 5000 75 34 held
474 5005 33 29 at
531 5001 52 34 Mr
608 5002 37 34 CI
655 5003 77 35 irk's
759 5005 91 35 office

101 5049 66 34 this
183 5047 138 43 evening
336 5052 33 28 at
385 5049 19 31 8
421 5047 131 33 o'clock.

145 5117 54 34 Mr
229 5116 40 34 E.
300 5115 31 35 J.
362 5115 155 36 O'Conor,
549 5117 136 34 M.H.ft.
716 5120 137 35 reached

104 5163 77 35 here
198 5162 62 35 last
274 5163 148 40 evening,
439 5173 40 22 on
499 5174 18 22 a
533 5163 90 35 short
640 5165 74 35 visit
729 5165 33 35 in
780 5179 54 22 con-

104 5210 129 34 nection
244 5209 78 33 with
338 5210 127 42 County
477 5209 155 35 business.
676 5214 27 31 A
719 5214 112 43 deputa-

105 5257 68 33 tion
195 5253 206 36 interviewed
427 5254 52 35 Mr
501 5256 157 41 O'Conor,
682 5257 173 47 regarding

105 5303 55 33 the
191 5301 293 45 Lyell-Mokihinui
508 5304 100 39 traek,
639 5304 53 34 aid
715 5309 140 32 towards

105 5349 207 47 prospecting
327 5349 32 35 of
374 5347 145 37 Manuka
538 5350 84 42 Flat,
646 5352 61 35 and
733 5354 121 36 several

107 5398 92 33 other
215 5402 151 35 matters;
381 5397 58 33 but
453 5409 48 22 we
516 5405 106 35 regret
635 5400 70 33 that
722 5409 87 26 want
823 5404 36 32 of

107 5455 95 35 space
218 5449 150 41 prevents
383 5454 37 24 us
435 5443 82 36 from
535 5445 109 46 giving
660 5447 54 35 the
738 5448 117 36 details

103 5494 35 32 in
155 5492 63 33 this
234 5492 95 33 issue.

147 5590 196 36 TOWLE'S
361 5590 299 35 PKNNYKOYAL
674 5593 23 33 &
711 5595 146 33 STEEL

107 5637 128 35 PILLS
253 5635 85 35 FOK
354 5635 211 35 FEMALES
584 5638 131 44 quickly
738 5648 119 27 correct

110 5686 42 32 all
167 5682 237 41 irregularities,
421 5682 65 34 and
502 5682 116 36 relieve
641 5685 54 33 the
712 5685 129 35 distress-

109 5732 56 40 ing
180 5734 181 39 symptoms
377 5739 34 22 so
427 5730 166 42 prevalent
612 5732 76 32 with
714 5732 54 34 the
792 5745 64 22 sex.

108 5778 106 33 Boxes
232 5777 33 31 Is
282 5774 59 40 lid
357 5774 63 33 and
436 5774 3 40 4
440 5777 30 29 2s
486 5776 64 37 9d.,
573 5776 36 33 of
627 5778 41 31 all
686 5778 172 34 Chemists.

112 5820 158 45 Prepared
286 5818 76 40 only
379 5818 42 42 by
445 5818 39 32 R.
501 5820 36 31 T.
557 5820 119 36 Towlo,
702 5823 157 37 Chemist,

111 5866 229 43 Nottingham,
364 5863 162 40 England.
572 5866 182 36 Wholesale
771 5870 34 33 of
818 5870 42 33 all

108 5915 56 35 the
189 5901 183 44 Wholesale
395 5910 140 33 Houses.
579 5912 133 34 Beware
736 5915 35 31 of
795 5915 44 32 Im-

105 5961 145 36 itations.

956 203 93 34 THE
1069 203 300 35 MINISTERIAL
1387 201 153 35 PARTY.

910 318 69 35 The
996 318 88 34 Eon.
1103 320 39 33 R.
1161 320 106 38 Stout,
1284 320 163 40 Premier;
1468 319 89 34 Hon.
1572 306 53 46 W*

869 375 30 34 J.
926 375 160 37 Larnach.
1112 377 139 36 C.M.G.,
1280 377 149 34 Minister
1453 377 36 34 of
1512 378 113 40 Mines,

870 434 65 33 and
961 434 50 33 Mr
1036 436 99 37 Blair,
1162 437 322 39 Engineer-in-ehief,
1502 439 48 31 for
1573 437 52 33 the

873 490 121 33 Middle
1013 491 121 37 Island,
1152 494 126 33 arrived
1301 494 75 34 here
1394 499 33 29 at
1446 495 37 33 10
1506 494 121 33 o'clock

872 560 76 20 a.m.
966 560 39 19 on
1025 549 135 42 Sunday
1183 552 153 31 forenoon
1360 553 83 38 last;
1468 553 98 40 being
1588 560 36 26 efi

871 610 91 27 route
993 604 49 32 for
1075 604 171 44 Westport,
1286 607 48 32 for
1371 608 54 33 the
1456 608 171 42 inaugural

872 659 258 33 demonstration
1161 662 33 30 in
1235 664 191 31 connection
1458 664 76 31 with
1574 664 53 33 the

873 722 281 27 eommeucement
1184 718 35 31 of
1245 718 54 33 the
1333 718 129 34 Harbor
1492 721 135 32 Board's

873 772 193 43 operations,
1085 770 105 35 which
1210 773 74 32 took
1301 774 90 42 place
1406 775 88 32 there
1512 787 41 21 on
1572 777 52 33 the

874 829 62 39 day
952 828 174 44 following.
1172 830 30 32 It
1219 840 66 22 was
1299 831 139 40 thought
1453 833 174 39 advisable,

874 885 107 33 whilst
1006 885 54 34 the
1086 885 164 35 Miniaters
1266 897 83 23 were
1371 894 129 36 present
1515 888 34 33 in
1573 889 54 34 the

874 943 99 41 place,
997 942 72 33 that
1099 943 121 33 several
1244 949 134 28 matters
1402 943 151 43 affecting
1578 947 50 31 the

875 1000 134 33 District
1045 1000 34 34 in
1113 1013 19 22 a
1162 1002 129 41 general
1327 1011 82 33 way,
1438 1000 117 36 should
1592 1003 36 35 be

875 1055 139 45 brought
1030 1056 103 34 under
1149 1057 85 33 their
1249 1057 117 39 notice,
1383 1056 64 34 and
1462 1058 78 32 with
1557 1059 72 33 that

875 1111 93 40 view,
985 1122 35 22 as
1035 1111 56 34 the
1106 1115 122 41 party's
1245 1118 73 38 stay
1334 1123 66 23 was
1416 1112 127 34 limited
1560 1119 32 29 to
1611 1126 18 21 a

875 1168 61 33 few
973 1169 111 38 hours,
1115 1182 89 21 some
1241 1170 36 33 of
1310 1170 54 35 the
1402 1172 226 33 conventional

875 1223 209 34 observances
1101 1226 141 42 peculiar
1258 1231 33 28 to
1311 1226 55 33 the
1374 1227 63 43 day
1449 1226 89 32 itself
1547 1238 81 18 w«™

875 1280 171 42 dispensed
1070 1282 90 39 with,
1184 1283 64 32 and
1275 1296 19 20 a
1326 1282 202 41 deputation,
1553 1272 68 60 cc£jj

874 1334 116 45 sisting
1005 1336 35 34 of
1054 1336 34 33 M
1110 1348 64 22 ssrs
1190 1338 134 42 Savage,
1341 1333 145 41 Fennell,
1501 1335 126 46 M'Coy,

875 1392 105 39 Clark,
1000 1393 181 42 Campbell,
1199 1395 112 38 Inglis,
1330 1391 102 40 Edge,
1455 1393 64 33 and
1543 1403 85 26 most

874 1449 93 34 other
979 1449 143 34 business
1131 1451 158 33 residents
1300 1447 116 35 waited
1430 1460 85 34 upon
1526 1452 99 35 them.

873 1506 68 31 The
959 1505 88 33 track
1064 1515 32 22 to
1114 1511 137 27 eonnect
1264 1504 79 33 with
1357 1505 282 45 Mokihinm,was'

873 1563 54 32 the
950 1562 69 31 first
1041 1561 125 42 subject
1187 1561 212 33 introduced:
1424 1564 65 32 and
1512 1567 25 31 it
1558 1579 66 21 was

872 1617 111 35 shown
1021 1617 89 34 what
1147 1616 116 47 highly
1301 1617 65 36 and
1402 1620 225 48 immediately

873 1675 167 33 beneficial
1063 1675 117 33 results
1202 1675 108 35 would
1329 1689 114 22 accrue
1467 1681 83 33 from
1574 1682 54 35 the

871 1733 205 42 prosecution
1113 1733 35 32 of
1180 1732 66 35 this
1282 1734 101 40 work,
1421 1737 107 35 which
1564 1739 63 34 had

872 1788 134 43 already
1021 1788 81 33 been
1120 1791 133 33 entered
1263 1802 99 33 upon,
1378 1794 64 32 and
1454 1795 49 33 for
1512 1797 115 37 which,

870 1846 26 33 it
927 1857 65 23 ▼as
1022 1846 212 41 understood,
1257 1849 166 43 provision
1454 1852 64 35 had
1547 1854 80 35 been

872 1902 93 35 made
982 1914 41 23 on
1040 1903 56 34 the
1113 1904 178 35 estimates.
1336 1907 69 35 The
1421 1907 145 39 Premier
1581 1920 31 26 re-

871 1959 86 45 plied
974 1961 89 33 there
1073 1973 67 21 was
1153 1962 121 43 simply
1283 1975 43 22 no
1340 1976 119 33 money
1470 1968 157 34 available

871 2018 49 33 for
948 2016 56 35 the
1037 2017 90 34 work
1144 2028 8 31 ;
1190 2018 40 35 he
1260 2022 164 41 regretted
1452 2024 35 40 it,
1517 2024 59 35 but
1604 2025 25 34 it

872 2074 158 42 appeared
1056 2079 33 28 to
1112 2075 81 39 him,
1211 2077 55 32 the
1291 2083 83 34 vote,
1399 2079 118 40 4>1705,
1540 2088 88 26 must

873 2129 83 34 have
972 2129 112 45 lapsed
1103 2130 50 34 for
1168 2137 88 28 want
1279 2132 36 33 of
1333 2136 148 40 renewal,
1526 2136 102 35 Could

872 2191 58 30 not
954 2186 56 34 the
1038 2187 81 34 local
1145 2188 131 45 County
1300 2191 135 34 Council
1459 2193 41 33 do
1525 2206 82 21 some-

872 2243 95 44 thing
981 2244 35 34 in
1032 2245 211 44 anticipation
1261 2247 36 33 of
1310 2247 54 34 the
1381 2254 72 29 vote
1470 2249 97 43 being
1582 2263 30 21 re-

872 2301 142 33 instated
1026 2303 14 31 ?
1085 2302 68 34 The
1171 2303 149 35 Minister
1336 2306 32 33 of
1393 2306 106 34 Mines
1522 2308 106 33 would

873 2363 75 29 note
964 2358 55 34 the
1035 2364 130 35 matter,
1177 2360 107 35 which
1298 2364 158 43 certainly
1467 2365 161 43 appeared

873 2414 173 44 deserving
1081 2417 37 33 of
1150 2429 96 32 every
1279 2421 248 40 consideration,
1565 2423 64 32 and

874 2472 113 42 falling
1002 2473 43 33 all
1061 2473 76 41 else,
1155 2475 54 34 the
1220 2476 78 33 road
1310 2477 106 41 might
1426 2477 38 34 be
1473 2479 157 33 extended

874 2543 61 22 one
963 2543 36 23 or
1023 2536 64 30 two
1114 2531 106 43 miles,
1247 2533 42 46 by
1312 2546 114 23 means
1452 2536 35 33 of
1510 2534 119 44 which,

874 2588 151 36 facilities
1048 2590 107 35 would
1178 2590 38 35 be
1236 2593 95 44 given
1352 2593 125 46 ground
1500 2593 130 47 already

875 2649 157 40 woriiug,
1045 2649 125 33 besides
1180 2651 99 40 doing
1294 2664 89 20 some
1397 2664 75 29 very
1482 2654 148 31 material

876 2702 206 48 prospecting
1110 2703 35 35 in
1174 2703 88 36 what
1299 2705 66 35 had
1395 2705 81 36 been
1514 2706 117 47 clearly

877 2763 124 38 shown,
1032 2774 67 21 was
1129 2764 99 43 likely
1262 2770 32 27 to
1331 2778 97 30 prove
1467 2778 19 21 a
1515 2766 115 43 widely

876 2820 178 34 aurilerous
1081 2826 149 39 country.
1275 2822 52 34 He
1354 2822 108 34 would
1485 2822 65 36 like
1577 2823 53 35 the

877 2883 119 27 matter
1012 2884 58 37 pat
1087 2877 107 35 before
1212 2879 55 34 the
1289 2880 137 33 Cabinet
1442 2880 32 33 in
1491 2882 137 41 writing.

877 2935 68 33 The
963 2935 150 43 question
1125 2937 35 32 of
1165 2936 170 43 obtaining
1348 2940 223 32 Government
1581 2938 48 34 aid

877 2992 141 35 towards
1048 2996 205 43 prospecting
1285 2996 147 33 Manuka
1462 2996 75 34 Flat
1570 3007 60 22 was

877 3050 80 31 then
973 3050 141 41 brought
1130 3062 53 30 up.
1228 3051 69 33 Tlie
1311 3053 144 31 Premier

877 3114 84 22 were
991 3104 199 42 regulations
1220 3118 42 21 on
1297 3106 55 34 the
1390 3107 133 44 subject.
1580 3108 51 34 He

878 3160 107 32 would
1003 3162 205 32 recommend
1230 3162 52 34 tfie
1299 3164 112 42 people
1424 3168 33 29 to
1473 3164 157 34 ascertain

878 3223 89 28 wnat
989 3229 74 22 sum
1080 3218 79 45 they
1182 3220 94 33 could
1299 3220 144 44 provide,
1467 3222 64 33 and
1554 3222 76 34 then

879 3274 57 33 ask
954 3275 223 33 Government
1201 3281 32 28 to
1257 3278 207 42 supplement
1484 3278 36 33 it.
1564 3280 67 32 The

880 3333 150 35 Minister
1052 3333 36 35 of
1108 3334 105 34 Mines
1231 3335 69 34 said
1321 3336 224 36 Government
1567 3349 65 23 was

879 3390 137 34 anxious
1051 3395 35 29 to
1123 3393 95 32 assist
1264 3393 79 33 such
1384 3394 148 44 projects,
1570 3396 62 33 and

879 3446 139 43 thought
1035 3448 186 42 something
1236 3450 106 32 would
1366 3450 37 33 be
1419 3451 95 39 done,
1535 3452 25 32 if
1580 3452 52 33 the

879 3504 91 44 piace
1000 3504 105 35 raised
1139 3518 18 21 a
1187 3513 173 36 guarantee
1394 3508 127 44 locally.
1566 3509 66 35 The

880 3560 118 43 Bridge
1022 3573 76 21 over
1120 3562 113 33 Buller
1257 3563 85 33 river
1366 3570 33 27 at
1423 3565 92 43 Lyell
1537 3566 95 42 ferry.

880 3618 67 32 The
975 3618 145 33 Premier
1147 3619 68 33 said
1243 3620 71 33 that
1340 3622 103 42 costly
1474 3622 106 33 works
1603 3623 35 32 of

881 3672 64 35 this
975 3674 193 46 description
1199 3676 95 35 could
1330 3681 59 30 not
1418 3678 142 45 possibly
1596 3678 37 35 be

880 3732 97 34 taken
1001 3735 33 31 in
1056 3733 89 35 hand
1168 3740 33 29 at
1217 3742 141 37 present.
1403 3737 119 34 Where
1545 3737 89 35 there

882 3800 81 23 were
988 3791 111 33 ferries
1128 3792 148 44 working
1305 3794 241 42 satisfactorily,
1577 3796 55 33 the

880 3847 161 43 necessity
1056 3848 49 32 for
1120 3848 128 42 bridges
1265 3849 55 32 did
1331 3855 57 28 not
1398 3856 132 38 present
1540 3853 93 32 itself.

881 3904 43 33 As
940 3903 49 35 for
1004 3904 54 35 the
1070 3911 176 29 statement
1260 3906 99 37 about
1370 3908 55 35 the
1437 3909 89 35 West
1539 3911 96 33 Coast

881 3960 95 43 being
992 3962 167 43 neglected
1183 3963 32 35 in
1234 3965 79 33 such
1335 3970 146 35 matters,
1500 3967 38 34 he
1561 3979 55 22 con-

881 4019 123 34 sidered
1021 4022 56 32 the
1092 4023 213 42 expenditure
1321 4024 132 45 already
1469 4026 106 39 made,
1591 4031 29 29 to-

881 4076 111 44 gether
1008 4078 77 36 with
1102 4080 72 34 that
1189 4081 34 34 in
1242 4083 209 44 perspective,
1469 4096 66 22 was
1547 4097 89 23 more

882 4136 78 31 than
987 4147 42 21 an
1055 4148 125 21 answer
1204 4147 33 23 to
1269 4140 80 31 such
1380 4151 42 21 an
1453 4146 183 36 argument.

882 4191 68 34 Tke
968 4192 148 34 Minister
1131 4194 36 33 of
1182 4194 105 34 Mines
1303 4197 164 41 promised
1490 4203 33 28 to
1545 4198 93 42 bring

882 4248 54 34 the
952 4255 120 29 matter
1090 4250 104 35 before
1213 4251 55 35 the
1286 4252 150 36 Minister
1453 4255 49 34 for
1525 4255 111 35 Public

884 4306 125 34 Works.
1055 4308 68 33 The
1139 4309 190 34 alterations
1352 4311 157 35 desirable
1525 4314 34 33 in
1585 4313 52 33 the

883 4370 130 36 present
1036 4366 152 34 overland
1208 4367 82 34 Mail
1312 4368 140 40 Service,
1471 4370 64 34 had
1557 4370 80 34 been

884 4420 110 34 shown
1018 4422 42 41 by
1084 4423 54 33 the
1156 4424 123 33 Nelson
1303 4426 164 34 Chamber
1489 4428 32 33 of
1544 4428 69 33 Com-

882 4490 117 30 merce,
1013 4481 63 33 and
1086 4481 54 34 the
1149 4488 120 28 matter
1277 4484 107 34 would
1396 4485 38 33 be
1446 4485 193 35 considered

882 4534 44 45 by
956 4536 55 34 the
1041 4537 84 35 head
1155 4539 35 33 of
1220 4541 54 33 the
1305 4541 229 45 Department.
1587 4544 51 33 He

884 4594 144 43 strongly
1044 4596 131 33 favored
1192 4609 18 20 a
1223 4598 168 34 reduction
1404 4601 133 32 inG.M.
1552 4602 86 32 lease

884 4654 97 38 rents,
1000 4652 64 35 and
1081 4653 54 35 the
1145 4654 169 35 reduction
1328 4656 35 34 of
1371 4657 134 35 miner's
1516 4659 102 42 rights
1632 4668 8 32 ;

884 4708 55 32 the
966 4709 96 33 latter
1086 4712 108 32 would
1225 4712 39 34 be
1289 4714 140 44 broight
1456 4715 105 34 before
1587 4717 53 32 the

886 4764 145 36 Cabinet.
1076 4767 68 35 The
1163 4769 167 36 Ministers
1349 4773 135 43 pointed
1507 4781 57 26 out
1587 4774 54 34 the

884 4821 93 36 effect
1007 4835 18 23 a
1054 4824 166 37 reduction
1250 4829 108 34 would
1384 4830 144 45 possibly
1558 4831 82 36 have

886 4890 84 32 upon
989 4882 129 43 County
1133 4883 108 42 funds,
1260 4887 65 31 and
1341 4887 133 33 advised
1490 4889 73 33 that
1587 4890 54 32 the

884 4935 85 35 local
992 4937 110 36 bodies
1124 4941 119 35 should
1265 4943 38 34 be
1324 4943 70 34 first
1417 4946 168 35 consulted
1610 4948 31 33 in

887 4993 54 35 the
972 5000 130 38 matter,
1133 5010 35 22 so
1195 5012 35 21 as
1261 5005 32 29 to
1316 5000 83 35 have
1430 5003 56 33 the
1519 5006 124 41 people,

888 5053 143 34 councils
1055 5055 64 35 and
1135 5057 55 34 the
1212 5057 136 35 District
1370 5062 273 42 representatives

886 5113 209 35 unanimous.
1130 5116 93 34 After
1236 5117 162 43 thanking
1409 5118 54 34 the
1478 5118 165 36 Ministers

887 5167 49 35 for
973 5169 85 36 their
1098 5179 152 39 courtesy
1294 5175 65 34 and
1403 5175 240 37 consideration

888 5225 112 36 shown
1030 5228 201 45 throughout
1254 5231 56 34 the
1332 5231 180 38 interview,
1537 5234 106 34 which

887 5295 66 22 was
969 5296 18 23 a
1003 5285 137 46 lengthy
1163 5300 73 28 one,
1253 5289 56 35 the
1333 5290 192 44 deputation
1548 5292 75 35 with-

888 5340 98 35 drew.

889 5460 232 39 RESIDENT
1145 5464 327 41 MAGISTRATE'S
1490 5469 153 38 COURT.

1007 5577 141 43 Jriday,
1164 5580 77 34 30th
1258 5581 168 43 January,
1444 5586 91 34 1885.

948 5692 128 38 (Before
1107 5693 110 35 Frank
1247 5696 91 41 Bird,
1368 5697 91 44 Esq.,
1491 5700 102 44 R.M.)

933 5747 52 35 W.
1003 5748 112 40 Little,
1132 5749 39 35 T.
1190 5751 245 43 Cunnin*htni,
1460 5756 35 34 C.
1519 5757 129 43 Weeks,

893 5805 64 32 and
981 5804 32 34 J.
1038 5806 137 38 Hewitt,
1195 5818 84 21 were
1302 5810 80 31 eaeh
1406 5812 139 38 charged
1570 5816 80 31 with

893 5860 122 44 having
1025 5859 81 36 bean
1115 5859 106 37 drunk
1232 5862 33 35 in
1280 5876 18 21 a
1311 5864 107 44 public
1430 5867 100 44 place.
1555 5871 68 33 The
1634 5873 17 32 3

893 5916 205 34 fint-named
1131 5918 160 35 admitted
1319 5921 57 33 the
1408 5923 129 46 oharge,
1568 5921 83 42 wjere

895 5973 87 33 fined
993 5976 46 36 se,
1052 5975 65 32 and
1128 5977 35 30 7s
1173 5982 83 26 oosts
1269 5978 34 30 in
1314 5979 79 32 each
1408 5991 82 23 case.
1527 5966 124 64 Hewitt

1657 200 119 35 denied
1791 200 54 35 the
1862 201 129 44 eharge,
2014 201 199 46 whereupon
2236 202 173 35 Constable

1658 259 144 36 Bowden
1818 272 81 32 gave
1922 259 153 37 evidence
2091 265 33 31 to
2147 261 55 35 the
2226 261 93 36 effect
2342 262 72 36 that

1657 318 51 33 his
1738 320 140 33 conduct
1902 319 65 33 had
1998 319 80 34 been
2110 320 143 37 peculiar
2279 332 40 22 on
2351 333 61 22 oue

1658 377 156 35 occasion,
1825 376 63 35 aud
1898 377 71 34 that
1983 378 40 33 he
2037 377 64 34 had
2113 378 162 45 provoked
2285 390 133 33 persons

1660 432 42 43 by
1726 433 119 44 calling
1867 440 56 28 out
1946 435 80 34 after
2049 435 101 35 them.
2196 437 80 33 Fine
2294 439 35 31 5s
2352 437 65 33 and

1658 491 36 33 7s
1710 496 94 27 costs.

1703 548 113 33 Mason
1834 561 26 20 v.
1880 550 265 33 M'Dowell.—C.
2163 551 184 39 M'Dowell,
2364 564 34 30 ap-

1659 605 116 41 peared
1791 617 40 20 on
1851 617 40 22 an
1910 606 211 33 information
2148 607 65 32 laid
2237 607 41 42 by
2303 607 115 44 Henry

1666 660 47 31 \V.
1733 660 127 37 Mason,
1878 661 65 32 and
1960 661 155 40 charging
2131 663 57 30 her
2205 663 76 30 with
2296 662 122 42 having

1661 717 195 42 unlawfully
1887 718 63 32 and
1988 717 205 43 maliciously
2232 727 54 25 eut
2322 719 94 34 down

1661 774 129 40 portion
1813 773 35 32 of
1868 783 17 23 a
1902 773 100 37 fence,
2024 773 53 31 the
2101 780 152 36 property
2277 774 35 33 ef
2332 787 63 22 com-

1661 829 158 42 plainant.
1866 828 87 33 Plea.
1972 830 65 30 Not
2053 829 115 41 guilty.

1702 884 232 43 Complainant
1958 883 103 34 stated
2085 884 72 33 that
2172 896 42 22 on
2239 886 75 34 28th
2339 887 75 35 Jan.

1661 941 41 31 he
1718 940 100 32 found
1835 941 177 32 defendant
2028 940 64 33 and
2115 941 59 32 her
2196 943 63 42 boy
2283 945 135 40 making

1661 1009 41 21 an
1734 995 143 45 opening
1906 996 78 35 with
2017 1009 41 23 an
2089 1009 58 23 axe
2174 999 35 33 in
2239 999 55 35 the
2324 1001 90 35 fence

1661 1053 105 33 which
1798 1060 166 36 separates
1990 1055 55 32 the
2076 1059 64 29 two
2172 1056 152 40 sections,
2355 1058 65 33 and

1663 1109 105 34 which
1784 1110 27 34 is
1828 1111 127 35 erected
1971 1123 42 24 on
2037 1112 50 35 his
2112 1119 164 39 property.
2322 1115 99 34 Later

1661 1181 53 28 on,
1731 1169 101 34 found
1849 1171 59 33 her
1923 1171 168 45 smashing
2114 1178 73 38 part
2202 1173 36 34 of
2256 1173 55 35 the
2334 1174 87 34 front

1661 1224 90 34 fence
1773 1227 45 39 in,
1845 1226 81 33 with
1950 1239 41 21 an
2015 1239 69 28 axe,
2112 1228 110 43 (board
2244 1229 174 45 produced)

1661 1281 90 33 there
1767 1291 66 24 Was
1849 1295 42 20 an
1907 1284 144 41 opening
2066 1285 88 42 large
2178 1288 129 41 enough
2330 1289 50 32 for
2402 1299 18 23 a

1663 1346 73 23 man
1753 1342 32 28 to
1803 1342 54 38 get
1872 1338 153 41 through,
2045 1339 107 36 which
2169 1342 57 35 left
2242 1342 51 36 his
2317 1343 81 35 work-

1662 1392 81 42 shop
1755 1394 183 33 accessible.
1983 1395 52 33 He
2050 1397 98 34 asked
2159 1400 71 34 that
2243 1402 177 34 defendant

1661 1448 38 34 be
1716 1449 95 34 made
1827 1455 32 30 to
1876 1462 63 34 pay
1955 1458 95 37 costs,
2068 1455 64 36 and
2148 1456 37 37 be
2210 1458 109 37 bound
2343 1473 77 23 over

1661 1508 33 30 to
1710 1505 81 45 keep
1807 1507 56 34 the
1879 1521 107 31 peace.

1703 1564 144 34 Thomas
1858 1567 127 34 Buddie
1999 1572 161 41 appeared
2173 1584 41 22 om
2232 1585 18 22 a
2263 1575 155 38 subpoena

1661 1623 35 32 at
1717 1622 146 36 instance
1891 1625 31 35 of
1952 1627 235 45 complainant,
2211 1629 57 37 but
2291 1632 50 36 his
2364 1646 34 22 ex-

1664 1689 112 32 penses
1786 1688 58 28 not
1854 1683 96 45 being
1959 1684 229 49 forthcoming,
2203 1700 66 24 was
2280 1692 135 34 allowed

1661 1740 31 29 to
1705 1735 123 46 depart.

1700 1792 96 35 Ellen
1812 1797 173 43 Williams,
2002 1811 80 31 gave
2099 1803 154 33 evidence
2272 1804 71 34 that
2355 1805 58 32 she

1660 1860 66 22 was
1755 1862 19 22 a
1803 1855 157 41 neighbor
1990 1858 36 33 of
2052 1858 79 34 both
2162 1861 130 41 parties.
2352 1862 42 32 Re-

1660 1905 153 37 collected
1829 1911 77 34 28th
1930 1913 160 45 January.
2136 1916 72 33 Saw
2232 1917 186 34 Defendant

1660 1963 163 45 chopping
1838 1979 18 21 a
1872 1970 100 40 plank
1989 1971 74 32 that
2079 1971 64 42 day
2160 1982 7 28 ;
2186 1973 94 32 when
2297 1974 122 41 spoken

1661 2024 42 34 to,
1718 2020 56 33 she
1786 2023 68 34 said
1865 2025 79 44 they
1955 2027 96 33 could
2067 2027 96 45 bring
2178 2028 56 34 the
2251 2034 8 12 4
2282 2029 108 43 bobby

1660 2087 42 31 up
1720 2083 33 26 to
1771 2090 52 20 see
1839 2081 34 31 it.

1701 2132 283 37 Cross-examined
1987 2136 148 34 —Know
2157 2137 91 34 thtre
2264 2138 27 33 is
2314 2150 18 22 a
2355 2138 48 34 dis-

1661 2197 75 36 pute
1752 2190 99 35 about
1867 2193 55 33 the
1936 2194 195 33 boundaries
2145 2196 36 32 of
2187 2197 150 38 sections,
2357 2198 63 32 and

1663 2247 70 34 that
1762 2248 174 34 defendant
1966 2250 115 33 claims
2111 2252 131 42 portion
2272 2253 36 33 of
2333 2264 66 22 com-

1664 2305 172 43 plainant's
1852 2305 138 41 ground.

1705 2362 35 32 C.
1772 2361 185 41 M'Dowell,
1993 2362 55 34 the
2086 2363 188 41 defendant,
2313 2365 107 34 stated

1663 2419 71 32 that
1749 2430 18 21 a
1776 2419 91 33 drain
1881 2431 58 21 ran
1954 2419 146 35 between
2113 2421 55 33 the
2181 2428 64 28 two
2260 2423 159 41 seetions;

1663 2475 31 32 in
1713 2475 144 43 cleaning
1872 2477 27 33 it
1914 2482 67 36 out,
1999 2477 25 35 it
2041 2490 66 22 wag
2127 2480 102 33 ioand
2245 2491 175 34 necessary

1664 2537 32 30 to
1713 2545 128 24 remove
1858 2548 87 22 some
1962 2536 129 35 boards.

1706 2595 379 35 Cross-examined--The
2094 2597 142 45 opening
2244 2609 66 23 was
2325 2599 95 36 made

1665 2656 31 26 to
1720 2652 94 32 allow
1828 2666 54 29 niy
1901 2655 62 40 boy
1980 2655 34 31 in
2039 2656 64 31 and
2126 2661 67 27 out.
2238 2658 70 31 The
2329 2664 91 27 ience

1663 2705 27 34 ia
1706 2717 41 22 on
1766 2717 55 34 my
1836 2708 135 43 ground.

1705 2766 96 32 Chas.
1820 2768 154 41 liowden,
1992 2770 175 32 Constable
2184 2771 36 32 of
2230 2771 121 43 poliee;
2369 2773 34 32 de-

1663 2821 110 45 posed,
1799 2823 69 37 that
1894 2837 42 23 on
1963 2825 53 35 the
2041 2825 64 45 day
2130 2826 34 35 in
2195 2828 152 44 question
2377 2828 41 36 he

1663 2886 85 26 went
1785 2887 33 26 to
1862 2884 250 43 complainants'
2150 2886 104 43 place,
2301 2886 115 34 Mason

1663 2934 125 46 fearing
1811 2950 18 21 a
1863 2940 116 34 breach
2011 2941 35 33 of
2065 2941 56 33 the
2150 2953 110 32 peace.
2306 2944 73 32 Saw
2402 2956 18 21 a

1663 2992 63 45 boy
1750 2995 148 44 cleaning
1914 2997 92 35 drain
2030 3002 68 30 out.
2143 2998 186 36 Defendant
2351 3000 69 35 said

1661 3051 58 31 Abe
1736 3051 134 35 marked
1886 3054 55 32 the
1957 3054 100 36 board
2074 3067 43 20 on
2140 3056 55 31 the
2218 3057 87 32 iront
2327 3058 91 31 fence

1665 3110 31 27 to
1722 3105 91 33 show
1842 3105 107 35 where
1976 3106 59 35 her
2059 3108 169 44 boundary
2251 3108 63 35 line
2343 3122 77 22 was.

1665 3160 182 34 Defendant
1863 3162 159 44 appeared
2039 3169 32 28 to
2086 3164 82 34 have
2185 3165 167 34 disturbed
2365 3167 55 33 the

1664 3216 89 35 fence
1769 3219 49 34 for
1834 3232 18 21 a
1869 3231 78 32 very
1962 3220 85 41 £ood
2063 3233 150 32 purpose.

1706 3275 66 33 The
1790 3277 100 31 Court
1905 3277 190 33 considered
2116 3279 55 32 the
2188 3290 71 22 case
2276 3291 18 21 a
2311 3281 110 33 trivial

1664 3345 69 29 one,
1751 3334 65 34 and
1833 3333 71 35 that
1920 3335 56 34 the
1998 3335 154 36 evidence
2176 3337 97 35 failed
2291 3341 33 31 to
2348 3350 54 33 sup-

1664 3395 70 39 port
1751 3390 56 34 the
1823 3391 222 41 information,
2059 3394 108 33 which
2184 3395 110 33 would
2307 3395 38 33 b*
2358 3396 47 34 dis-

1665 3446 118 33 missed
1800 3448 77 31 with
1892 3455 84 25 costs
1993 3449 127 41 against
2138 3452 233 42 complainant.

1745 3577 326 36 WARDEN'S
2115 3580 215 34 COURT.

1706 3689 87 35 John
1806 3689 393 40 Carroll—Water-race.
2245 3695 158 36 Granted.

1708 3749 52 34 W.
1776 3750 377 37 Bums.—Water-race.
2200 3755 158 34 Granted.

1707 3806 31 33 J.
1789 3806 65 33 and
1904 3807 39 32 R.
1997 3809 133 33 Carroll.
2208 3811 214 35 Water-race.

1668 3860 155 35 Gruited.

1708 3920 35 34 C.
1760 3921 387 35 Jacobs.—Water-race.
2193 3924 158 35 Granted.

1709 3976 49 35 W.
1776 3976 365 35 Little.—Water-race.
2186 3978 159 36 Granted.

1908 4110 276 33 LATEST

1711 4176 289 48 CABLE
2096 4178 283 47 NEWS.

2042 4317 114 40 Cairo,
2173 4317 148 44 January
2335 4319 50 31 28.

1711 4373 112 33 Latest
1839 4377 124 39 reports
1979 4373 83 35 from
2080 4375 42 33 El
2138 4377 189 33 Metemneh
2339 4375 88 34 show

1672 4430 71 34 that
1765 4429 55 34 the
1844 4440 117 34 enemy
1990 4432 179 34 numbered
2192 4434 92 34 7000.
2331 4436 99 35 Their

1672 4490 62 31 loss
1762 4488 27 32 is
1813 4489 172 33 estimated
2012 4493 33 29 at
2067 4492 93 32 2000.
2205 4493 87 33 That
2315 4497 31 30 ot
2373 4495 56 35 the

1676 4544 118 36 British
1810 4545 27 33 is
1854 4546 37 32 21
1909 4544 98 34 killed
2024 4546 66 33 and
2113 4546 99 37 about
2237 4551 60 33 100
2320 4562 87 23 woun-

1673 4603 71 33 ded.

1716 4661 50 34 Sir
1789 4658 44 35 H.
1858 4659 138 34 Stewart
2018 4658 59 36 has
2098 4660 79 37 been
2195 4664 107 36 raised
2318 4671 34 30 to
2374 4666 56 36 the

1674 4717 80 34 rank
1770 4718 35 31 of
1821 4716 272 43 Major-General.

1717 4775 137 35 General
1864 4773 79 33 Earl
1956 4773 186 45 telegraphs
2155 4777 71 34 that
2240 4778 26 34 it
2276 4780 27 32 is
2317 4780 93 35 doubt-

1674 4832 45 37 ful
1736 4831 145 37 whether
1896 4842 64 32 any
1976 4830 141 45 fighting
2129 4833 66 35 will
2212 4845 98 25 occur
2322 4836 107 36 before

1676 4892 54 34 the
1746 4891 132 33 column
1892 4888 135 33 reaches
2051 4890 132 33 Berber.
2228 4892 52 34 He
2305 4901 126 36 reports

1676 4950 71 34 that
1769 4947 55 35 the
1846 4945 112 35 uncles
1982 4945 35 34 of
2035 4945 169 35 Sulieman
2223 4949 82 43 Bey,
2329 4950 104 34 under

1677 5007 107 33 whose
1807 5003 110 35 orders
1933 5002 134 34 Colonel
2084 5004 139 34 Stewart
2247 5005 64 34 and
2334 5012 96 38 party

1677 5074 81 24 were
1775 5059 180 39 murdered,
1972 5059 83 33 have
2071 5059 178 35 submitted
2263 5065 32 30 to
2309 5062 81 33 him.

2178 5118 147 44 January
2341 5121 49 33 30.

1720 5180 99 34 Later
1830 5176 172 44 telegrams
2012 5174 82 35 have
2106 5173 81 37 been
2195 5177 148 35 received
2355 5177 77 36 here

1678 5238 166 45 reporting
1862 5235 68 34 that
1947 5233 54 34 the
2021 5233 103 33 Arabs
2146 5233 95 33 made
2258 5245 43 23 an
2324 5235 109 34 attack

1678 5308 89 32 upon
1791 5292 139 36 General
1954 5290 126 35 Earle's
2103 5290 143 38 eolumn,
2270 5290 58 35 but
2351 5303 82 23 were

1678 5350 150 50 repulsed
1844 5351 42 45 by
1903 5349 54 35 the
1977 5347 142 46 cavalry.
2164 5346 69 36 The
2250 5347 96 36 latter
2362 5349 53 35 sub-

1680 5410 171 45 sequently
1867 5407 149 35 attacked
2035 5407 54 33 the
2105 5406 114 40 rebels,
2236 5408 65 33 and
2323 5408 110 33 forced

1680 5469 92 36 them
1788 5472 32 32 to
1836 5470 117 32 retreat
1969 5468 32 32 t»
2017 5464 103 35 Barti.

659 62 134 50 THE

872 64 219 48 LYELL
1157 61 223 54 TIMES,
1451 64 169 47 SATU

1654 62 176 53 U>AY,
1905 58 375 52 FEBRUARY
2346 78 35 40 7,
2458 63 125 62 1885.

77 198 93 37 THE
207 201 233 37 NATIONAL
476 204 123 34 BANK
637 204 55 34 OF
728 205 104 33 NEW

224 284 221 38 ZEALAND,
478 285 209 33 LIMITED.
723 277 7 14 *

142 407 87 37 IHIS
267 409 122 35 BANK
419 411 66 33 will
515 411 38 34 be
584 409 183 36 OPENED
804 414 31 30 to

224 481 91 34 BUY
353 482 119 33 GOLD
510 484 64 33 and
610 482 228 34 TRANSACT

84 550 215 33 GENERAL
358 551 205 34 BANKING
618 551 220 34 BUSINESS

85 623 35 27 at
135 617 91 42 Lyell
243 630 41 21 on
309 618 234 33 SATURDAY
567 619 56 33 7th
649 618 189 36 February

82 689 105 35 tinder
200 690 53 34 the
267 689 116 46 charge
400 701 30 23 oi
447 691 55 34 the
516 692 138 33 Reefton
671 691 167 44 Manager,

85 766 27 34 I.
132 767 120 34 Lewis.

497 847 50 33 W.
572 846 187 40 DIMOCK,

615 926 184 38 Inspector.

160 1043 214 46 BANK
427 1042 342 48 NOTICE.

141 1199 76 31 .HE
236 1198 122 32 BANK
374 1199 35 33 of
423 1200 104 32 NEW
548 1200 209 32 ZEALAND
777 1201 65 31 will

195 1276 38 33 be
257 1288 82 31 open
363 1284 33 26 at
419 1276 157 39 LYELL,
608 1290 42 21 on
678 1277 132 34 SATUR-

84 1352 102 42 DAY,
202 1353 56 35 7th
276 1353 191 41 February,
483 1360 33 30 to
533 1355 91 35 BUY
642 1357 119 33 COLD
777 1356 65 34 and

84 1438 144 31 transact
279 1434 215 36 GENERAL
551 1436 289 35 BANKING

82 1510 233 39 BUSINESS,
348 1514 102 34 under
480 1515 55 33 the
726 1515 35 33 of
789 1512 52 36 Mr

84 1589 192 34 PICKETT
294 1591 82 34 from
395 1590 207 35 REEFTON
625 1592 192 33 AGENCY.

426 1671 38 32 A.
491 1670 263 38 PICKERING,

679 1745 116 42 Agent.

165 1820 94 36 Bank
276 1820 35 36 of
323 1821 80 35 New
420 1820 154 43 Zealand,

123 1893 147 43 Reefton,
287 1895 148 44 January
450 1895 89 40 30th,
559 1896 90 33 1885.

1723 5590 69 33 Th«
1815 5588 96 34 latest
1934 5585 134 35 Yankee
2095 5587 114 33 notion
2236 5585 28 34 is
2292 5585 89 35 what
2409 5587 29 34 is

1681 5646 128 36 termed
1873 5645 55 35 the
1960 5656 100 34 paper
2088 5643 64 46 pad
2369 5643 68 35 The

1681 5704 113 35 bosom
1831 5704 33 34 of
1899 5702 66 35 this
1989 5702 200 35 remarkable
2226 5704 151 38 garment
2411 5701 28 35 is

1683 5762 125 34 formed
1831 5760 36 36 of
1887 5772 98 23 seren
2010 5760 106 45 layers
2146 5758 35 36 of
2205 5758 99 35 white
2327 5769 111 35 paper.

1683 5818 108 32 When
1815 5830 61 20 one
1898 5817 60 33 has
1981 5817 83 33 done
2087 5817 43 33 its
2153 5816 80 43 duty
2254 5817 25 32 it
2302 5828 77 31 may
2401 5816 38 33 be

1685 5877 72 30 torn
1789 5874 54 41 off,
1873 5874 66 35 and
1969 5875 41 33 its
2040 5885 120 23 wearer
2189 5875 26 33 is
2242 5884 80 24 once
2349 5884 91 24 more

1684 5929 178 46 ostensibly
1885 5929 56 36 the
1970 5929 110 47 happy
2106 5942 110 23 owner
2242 5929 36 35 of
2300 5941 18 23 a
2349 5930 91 34 clean

1700 5983 76 32 hirt.

2452 202 180 37 UNITED
2658 200 166 35 ALPINE
2843 200 177 42 QUARTZ
3041 203 171 35 MINING

2603 264 223 39 COMPANY,
2854 264 206 36 LIMITED.

2454 394 248 36 fTIENDERS
2719 392 131 34 wanted
2862 392 47 34 for
2922 391 53 35 the
2989 397 219 33 construction

2580 460 35 33 of
2627 458 99 34 about
2742 460 40 30 80
2796 456 90 34 Feet
2904 455 36 32 of
2960 456 249 44 TAIL-RACE,

2452 521 64 37 and
2532 522 50 36 for
2601 524 35 33 15
2655 522 125 35 Chains
2798 520 34 35 of
2846 518 272 38 HEAD-RACE.

2494 639 144 33 Tenders
2667 639 49 33 for
2745 637 161 33 Tail-race
2938 642 32 26 to
3002 636 83 32 close
3124 647 32 23 at
3192 640 18 32 7

2455 698 123 35 o'clock
2595 712 78 31 p.m.
2691 712 42 22 on
2757 697 190 36 MONDAY
2971 703 87 33 next,
3076 698 54 34 the
3152 701 58 33 9th

2452 764 88 36 inst.,
2572 764 65 31 and
2664 764 91 31 those
2784 762 49 32 for
2864 760 197 39 Head-race,
3094 767 32 27 at
3158 764 53 32 the

2453 836 89 22 same
2559 825 82 33 hour
2657 838 40 21 on
2716 823 250 40 SATURDAY,
2985 824 77 34 14th
3078 825 76 33 inst.

2496 938 243 42 Specification!
2763 945 32 28 to
2822 940 38 33 be
2883 952 75 20 seen
2982 945 33 27 at
3038 940 55 32 the
3117 940 69 32 Com-

2453 1004 115 42 pany's
2585 1003 111 42 Office,
2714 1004 104 45 Lyell.

2495 1114 69 36 The
2587 1115 113 38 lowest
2721 1129 37 25 or
2780 1131 64 35 any
2874 1121 124 41 tender,
3022 1125 58 30 not
3103 1131 88 24 neces-

2454 1179 101 43 sarily
2571 1183 163 42 accepted.

2782 1240 145 36 JAMES
2959 1241 168 40 INGLIS,

3001 1305 167 45 Manager.

2497 1359 104 45 Lyell,
2618 1362 56 35 6th
2692 1362 178 46 February,
2889 1369 89 32 1885.

2452 1608 144 35 GOLD
2635 1609 217 37 MINING
2887 1612 141 37 LEASE
3060 1615 54 34 TO
3150 1615 58 34 BE

2715 1660 225 35 GRANTED.

2631 1750 123 34 Puplic
2779 1752 252 35 Notification.

2452 1839 74 71 IN
2549 1841 198 45 conformity
2762 1843 79 34 with
2865 1843 55 35 the
2937 1844 76 35 37th
3034 1844 124 36 section
3181 1846 36 34 of

2573 1888 70 31 The
2662 1889 104 32 Mines
2783 1891 70 35 Act,
2991 1892 64 32 and
3065 1893 80 31 with
3156 1893 57 33 the

2452 1933 198 41 regulations
2672 1935 96 33 made
2791 1935 105 33 under
2911 1937 72 33 that
3000 1939 60 32 Aet
3083 1938 49 33 for
3156 1938 56 33 the

2452 1982 155 35 granting
2630 1979 36 31 of
2684 1979 102 32 leases
2808 1981 50 31 for
2883 1982 75 38 gold
2985 1984 129 39 mining
3139 1995 55 32 pur-

2453 2032 104 32 poses,
2582 2022 25 33 it
2629 2022 27 33 is
2679 2022 121 45 hereby
2816 2025 136 34 notified
2975 2027 73 35 that
3067 2028 27 33 it
3116 2030 28 32 is
3165 2030 32 32 in-

2453 2067 120 31 tended
2597 2073 32 25 to
2657 2075 96 34 grant
2776 2081 18 21 a
2814 2071 85 33 lease
2923 2073 35 31 of
2977 2074 118 31 Crown
3118 2075 96 32 lands

2453 2111 49 30 for
2517 2111 75 41 gold
2608 2112 129 40 mining
2751 2124 156 30 purposes
2923 2119 33 29 to
2968 2117 55 31 the
3032 2118 183 41 applicants

2454 2154 154 44 specified
2630 2154 34 35 in
2687 2156 56 35 the
2766 2159 148 34 annexed
2930 2161 155 35 schedule
3104 2163 112 34 muless

2454 2203 91 31 there
2582 2203 83 32 shall
2696 2203 38 33 be
2761 2204 87 33 valid
2878 2206 179 43 objections
3086 2210 131 43 against

2454 2247 79 32 such
2552 2247 98 34 lease.

2497 2293 188 42 Objections
2701 2297 33 30 to
2751 2294 55 34 the
2817 2297 153 42 granting
2982 2301 32 30 ot
3027 2300 80 33 such
3116 2301 99 40 lease,

2454 2339 124 42 stating
2592 2338 56 33 the
2664 2340 143 40 grounds
2824 2342 36 32 of
2878 2342 170 43 objection,
3072 2352 91 28 must
3177 2347 40 34 bo

2455 2384 96 33 made
2578 2385 35 33 in
2641 2385 141 46 writing,
2813 2387 66 34 and
2911 2389 117 40 lodged
3052 2392 80 34 with
3161 2393 55 34 the

2455 2430 143 33 Warden
2621 2436 34 29 at
2677 2433 107 43 Lyell,
2808 2444 42 23 on
2871 2446 36 22 or
2930 2436 106 34 before
3058 2438 56 34 the
3139 2439 76 34 12th

2455 2476 64 45 day
2534 2478 35 32 of
2580 2477 179 47 February,
2780 2482 89 33 1885.

2497 2525 90 44 Copy
2603 2525 36 34 of
2651 2526 55 35 the
2723 2527 200 47 application
2944 2529 97 35 made
3057 2531 65 35 and
3139 2533 76 45 plan

2454 2572 149 33 annexed
2630 2585 77 34 may
2734 2575 38 35 be
2799 2588 75 22 seen
2905 2582 33 28 at
2965 2576 52 35 the
3043 2578 172 39 Warden'!

2455 2619 101 37 Office
2571 2625 33 30 at
2622 2622 102 45 Lyell.

2733 2714 181 37 Schedule
2927 2726 6 26 :

2497 2763 205 42 Applicants:
2726 2765 140 33 William
2875 2767 109 33 Burns
2995 2769 65 32 and
3069 2770 141 34 Edward

2578 2809 129 32 Carton.

2497 2853 89 43 Style
2603 2854 102 36 mder
2719 2855 109 36 which
2845 2858 27 34 it
2880 2860 27 33 is
2918 2859 155 35 intended
3090 2865 32 28 to
3133 2871 55 22 eon-

2577 2902 76 33 duct
2664 2902 55 33 the
2735 2902 148 37 business
2900 2914 5 25 :
2923 2906 92 42 Lyell
3027 2906 85 33 Gold
3121 2906 63 34 Min-

2577 2947 55 44 ing
2648 2949 181 44 Company.

2492 3003 105 37 Area:
2622 3006 39 34 10
2677 3017 91 24 acres

2492 3060 168 43 Locality:
2684 3063 106 34 About
2806 3065 18 30 2
2847 3064 95 32 miles
2965 3065 101 34 above
3089 3067 118 42 Alpine

2574 3104 129 44 battery
2725 3106 64 33 and
2803 3109 61 33 400
2881 3107 63 35 feet
2963 3117 80 27 west
3058 3111 36 33 of
3114 3112 92 42 Lyell

2575 3151 123 37 Creek;
2729 3151 145 36 bounded
2903 3165 42 22 on
2975 3157 44 31 all
3048 3156 86 34 sides
3163 3158 44 44 by

2574 3195 116 36 Crown
2705 3196 105 36 lands.

2494 3243 127 41 Mining
2636 3244 157 34 District:
2812 3246 123 34 Nelson
2952 3245 210 36 South-w«st.

2497 3333 104 36 Girtn
2622 3335 104 36 under
2744 3349 52 32 mj
2826 3337 88 36 hand
2930 3342 34 31 at
2986 3337 133 42 Kelson,
3142 3337 68 35 thii

2454 3382 78 33 29th
2549 3382 63 42 day
2627 3383 33 32 of
2673 3384 160 42 January,
2851 3396 62 23 one
2933 3385 165 34 thousand
3120 3384 90 44 eight

2455 3427 150 33 hundred
2620 3427 65 33 and
2697 3429 202 42 eighty-five.

2572 3483 181 35 ALFRED
2777 3484 311 44 GREENFIELD,

2601 3544 256 32 Commissioner
2871 3546 35 30 of
2918 3546 117 32 Crown
3051 3546 120 33 Land*,

2714 3587 148 45 (holding
2878 3589 168 43 delegated
3062 3591 150 43 powers.)

2457 3674 360 35 LICENSING
2860 3676 353 37 COMMITTEE

2714 3740 239 35 ELECTION.

2460 3853 208 33 DISTRICT
2692 3853 55 32 OF
2771 3853 159 40 LYELL,
2958 3854 179 33 COUNTY
3160 3855 57 33 OF

2738 3916 195 36 BULLER.

2507 4091 14 26 *
2567 4094 50 34 for
2633 4094 55 35 the
2704 4095 174 44 Licensing
2900 4097 137 35 District
3053 4099 36 33 of
3108 4097 106 45 Lyell,

2460 4155 32 32 in
2518 4156 54 33 the
2594 4156 131 44 County
2740 4165 32 25 ot
2788 4157 122 40 Bailer,
2935 4160 40 32 do
2999 4160 121 43 hereby
3143 4161 73 41 give

2460 4219 109 43 pnbl<t
2585 4221 118 38 notiee,
2721 4227 160 37 pursuant
2897 4226 33 29 to
2954 4222 56 33 the
3033 4224 187 42 provisions

2462 4283 35 32 of
2660 4282 176 43 Licensing
2864 4285 72 39 Act,

2462 4345 174 45 Licensing
2659 4347 60 34 Aet
2742 4347 226 35 Amendment
2998 4349 72 40 Act,

2462 4410 64 33 and
2584 4410 69 33 The
2672 4411 195 41 Regulation
2890 4413 36 33 of
2939 4414 99 33 Local
3055 4414 168 34 Elections

2464 4475 70 38 Act,
2690 4475 73 35 that
2778 4488 42 22 an
2843 4476 228 37 ELECTION
3095 4478 51 36 for
3166 4479 57 36 the

2464 4548 140 33 purpose
2627 4539 36 33 of
2681 4538 56 34 the
2753 4544 112 28 return
2881 4541 36 33 of
2935 4541 109 33 FIVE
3069 4542 155 44 qualified

2465 4611 134 29 persons
2629 4605 33 29 to
2693 4613 91 22 serve
2814 4614 43 21 on
2887 4603 55 33 the
2972 4605 253 33 LICENSING

2466 4661 271 36 COMMITTEE
2761 4664 49 35 for
2824 4664 56 35 the
2904 4665 68 34 said
2996 4666 138 35 District
3155 4667 69 34 will

2464 4723 38 34 be
2527 4724 76 34 held
2626 4730 33 28 at
2688 4726 56 33 th<«
2769 4727 243 41 Court-House,
3042 4729 105 42 Lyell,
3181 4739 43 23 on

2469 4787 296 39 WEDNESDAY,
2789 4789 56 33 the
2867 4789 78 34 25th
2973 4789 65 44 day
3060 4790 35 34 of
3121 4791 75 33 FEB-

2467 4849 162 40 RUARY,
2648 4852 90 31 1885.

2507 4910 317 34 NOMINATIONS
2852 4912 33 32 in
2915 4911 198 35 accordance
3142 4912 80 35 with

2467 4970 131 34 Section
2620 4974 19 30 2
2754 4972 69 33 The
2847 4972 196 44 Regulation
3066 4973 38 34 of
3123 4974 99 35 Local

2467 5033 166 33 Elections
2662 5035 73 38 Act,
2925 5036 112 41 signed
3067 5037 42 41 by
3146 5038 78 32 Two

2467 5094 147 35 Electors
2647 5095 36 35 of
2713 5096 54 34 the
2805 5096 68 34 laid
2906 5097 136 35 District
3071 5099 65 35 and
3167 5099 55 36 the

2467 5157 191 40 Candidate,
2675 5163 90 29 must
2780 5160 38 33 be
2836 5159 175 36 addressed
3026 5165 34 30 to
3083 5173 52 24 me
3158 5163 67 34 and

2467 5219 163 35 delivered
2646 5226 33 28 at
2695 5221 56 33 the
2767 5222 241 39 Court-House,
3030 5225 105 43 Lyell,
3159 5238 66 32 any

2467 5282 79 35 time
2575 5282 82 35 after
2685 5283 55 36 the
2777 5284 203 45 publication
3017 5287 116 37 hereof
3158 5289 66 36 and

2467 5344 84 35 until
2568 5344 120 36 NOON
2706 5358 42 23 on
2761 5347 304 46 WEDNESDAY,
3079 5351 54 35 the
3147 5353 77 35 18th

2467 5409 65 43 day
2554 5410 36 33 of
2610 5411 256 41 FEBRUARY,
2890 5416 90 38 1885,
3004 5416 56 33 the
3083 5417 64 42 day
3170 5429 36 31 ap-

2469 5471 132 47 pointed
2630 5473 49 37 for
2708 5475 56 36 the
2792 5477 216 36 Nomination
3040 5478 35 36 of
3104 5479 118 35 Cakdi*

2469 5545 115 25 dates.

2511 5600 68 33 The
2597 5600 126 40 POLL,
2740 5600 26 34 if
2779 5612 182 30 necessary,
2981 5602 66 32 will
3062 5602 38 33 be
3123 5602 99 33 taken

2470 5673 42 23 on
2529 5661 299 42 WEDNESDAY,
2844 5663 55 34 the
2916 5663 76 33 25tk
3006 5663 64 45 day
3082 5665 36 33 of
3127 5665 73 34 FEB-

2471 5723 167 44 RUARV,
2670 5727 90 37 1885,
2790 5725 144 34 between
2965 5726 55 34 the
3058 5727 97 33 hours
3192 5727 34 35 of

2471 5790 19 31 9
2506 5799 67 22 a.m
2599 5788 64 33 and
2679 5790 19 31 6
2714 5800 79 31 p.m.

2514 5849 106 35 Dated
2636 5848 64 36 this
2715 5849 57 34 4th
2790 5848 63 46 day
2869 5849 35 35 of
2918 5849 175 45 February,
3111 5851 91 35 1885.

2770 5913 144 33 JAMES
2939 5914 167 37 INGLIS,

2455 5979 5 20 1
2862 5978 46 32 Re
2913 5977 132 43 turning
3061 5976 126 38 Officer.
