3340 6100
97 1911 171 38 MINING
319 1906 320 38 REGULATIONS
690 1904 158 36 UNDER

354 1956 143 33 MINES
520 1955 93 38 ACT,

140 2033 73 44 Any
228 2041 115 36 person
360 2025 204 46 discovering
574 2037 70 25 new
661 2025 74 44 gold
746 2025 82 35 work-

100 2092 66 29 ing*
189 2091 41 21 an
233 2079 19 32 d
277 2088 70 22 Dtm
351 2089 19 30 £
392 2076 145 33 desirons
560 2076 35 31 of
614 2074 171 42 obtaining
809 2085 40 21 an

100 2123 165 38 increased
287 2134 74 22 area
383 2121 134 34 thereon
547 2120 82 32 shall
654 2118 91 34 mark
767 2118 46 33 off
833 2130 18 21 a

101 2172 205 47 prospecting
321 2169 106 38 claim,
445 2180 34 23 as
495 2166 156 47 provided
666 2166 34 35 in
714 2166 116 42 Regula-

103 2222 67 32 tion
188 2218 46 40 11,
250 2218 64 33 and
326 2216 82 33 shall
418 2213 224 44 immediately
652 2218 108 39 report
772 2213 79 33 such

105 2267 164 42 discovery
305 2262 76 36 with
412 2262 58 34 full
500 2260 191 46 particulars
728 2267 33 26 to
797 2260 56 33 the

105 2313 153 38 Warden,
281 2310 62 35 and
369 2309 54 34 the
446 2308 125 42 ground
595 2319 35 23 so
653 2307 134 34 marked
810 2307 48 33 off

107 2359 83 33 ■hall
204 2357 38 32 be
258 2355 161 45 protected
434 2355 83 31 until
532 2354 56 32 the
612 2354 142 31 Warden
770 2352 85 32 shall

107 2404 82 37 have
206 2403 111 45 finally
331 2400 125 37 refused
470 2412 36 25 or
521 2399 135 47 granted
667 2399 55 36 tho
736 2397 96 38 claim
847 2409 7 32 ;

108 2451 58 35 but
196 2452 53 33 the
279 2450 138 33 Warden
442 2460 86 31 may,
558 2449 27 31 if
611 2450 40 30 he
682 2448 94 31 think
808 2448 47 36 fit,

108 2498 117 36 refrain
256 2497 81 34 from
361 2494 149 47 granting
538 2506 36 24 or
600 2493 147 43 refusing
777 2492 79 36 snch

107 2545 97 33 elaim
232 2543 85 34 until
339 2543 53 33 the
414 2542 123 43 ground
559 2540 87 35 shall
667 2542 83 32 have
776 2541 82 32 been

107 2589 117 37 visited
241 2590 41 45 by
299 2588 131 36 himself
441 2599 36 24 or
486 2588 40 45 by
538 2599 127 33 anyone
681 2585 177 47 appointed

105 2639 44 45 by
166 2638 80 34 him.

152 2686 129 31 Notices
292 2683 36 33 of
334 2683 42 33 all
387 2682 201 43 prospecting
597 2682 117 33 claims
724 2679 136 44 granted

110 2730 78 35 with
213 2728 59 35 full
294 2728 193 45 particulars
502 2726 34 34 of
555 2728 140 43 'ocality,
718 2725 88 46 yield
829 2726 35 32 of

110 2778 86 45 gold,
213 2777 64 34 and
287 2775 196 45 description
495 2775 35 33 of
542 2775 171 43 workings,
727 2773 83 34 shall
822 2772 39 34 be

110 2824 114 50 posted
247 2823 42 42 by
312 2821 54 35 the
385 2821 139 34 Warden
540 2832 42 22 on
601 2822 55 33 the
679 2820 127 34 outside
830 2821 32 31 ot

112 2872 50 33 his
177 2869 91 35 office
284 2868 50 34 for
348 2867 107 45 public
477 2867 219 33 information.

155 2916 32 33 It
202 2914 84 35 shall
301 2921 58 26 not
374 2913 38 33 be
428 2912 110 34 lawful
547 2913 47 32 for
604 2912 57 33 the
675 2910 141 35 Warden
829 2915 33 29 to

109 2968 98 30 Aran*
236 2973 18 21 a
277 2960 204 46 prospecting
500 2959 97 34 claim
623 2959 49 33 for
696 2969 65 32 any
790 2968 70 23 new

108 3012 167 41 discovery
305 2996 45 46 aT
368 3019 18 22 a
416 3006 63 35 ieis
512 3005 146 34 distance
689 3003 79 35 than
800 3009 63 27 two

108 3058 94 33 miles
218 3057 83 31 from
317 3067 65 30 any
399 3053 184 44 previously
605 3053 140 38 existing
759 3050 82 33 work-

108 3103 72 41 ings
209 3100 32 35 in
269 3098 133 35 alluvial
425 3097 136 43 ground,
578 3107 61 23 nor
660 3102 33 28 to
720 3100 95 36 grant
846 3107 17 21 a

107 3145 207 46 prospecting
337 3146 95 31 claim
449 3144 49 31 for
519 3154 65 30 any
600 3154 72 19 new
696 3142 167 40 discovery

107 3193 36 35 of
166 3205 18 22 a
209 3198 113 39 quarts
347 3189 69 36 reef
430 3193 32 31 at
485 3200 18 23 a
526 3188 62 35 less
612 3186 147 35 distance
784 3185 79 35 than

105 3241 73 35 half
197 3252 18 20 a
235 3239 77 32 mile
329 3246 82 24 Irom
428 3248 65 31 any
515 3234 188 44 previously
726 3234 139 40 existing

105 3291 113 41 quarU
235 3282 174 43 workings.

149 3333 110 43 Every
289 3331 207 44 prospecting
524 3326 96 36 claim
651 3325 95 41 shall,
783 3325 82 35 after

107 3379 97 45 being
230 3377 146 38 marked,
401 3376 38 34 be
463 3374 76 36 held
561 3373 43 45 by
627 3385 62 22 one
712 3384 78 22 man
817 3384 31 22 re-

108 3426 150 41 maining
281 3436 41 21 on
347 3424 55 32 the
428 3422 127 42 ground
578 3420 119 40 during
720 3419 145 41 working

108 3473 99 36 hours
230 3470 84 36 until
331 3469 53 37 the
408 3466 197 48 application
622 3466 27 34 is
665 3465 87 35 dealt
775 3464 78 35 with

108 3519 77 39 and,
202 3519 26 33 if
241 3518 147 42 granted,
405 3518 55 31 the
477 3516 97 32 claim
590 3519 99 33 must,
702 3513 109 33 unless
823 3513 42 41 by

108 3564 120 46 special
244 3563 194 45 permission
455 3561 36 33 of
503 3560 55 33 the
572 3559 153 39 Warden,
738 3558 37 32 be
787 3558 79 38 fully

108 3612 155 43 occupied
281 3610 116 34 within
413 3619 95 23 seven
525 3606 81 44 days
622 3606 83 34 from
722 3604 54 36 the
792 3603 74 35 date

109 3659 36 31 of
156 3662 106 37 grant.

150 3703 70 35 The
237 3700 141 36 Warden
395 3710 89 35 may,
500 3697 28 35 if
540 3697 40 34 he
597 3695 93 37 think
707 3695 47 40 fit,
772 3700 97 40 grant

110 3764 14 22 a
140 3749 206 47 prospecting
354 3747 97 35 claim
465 3753 33 27 to
507 3746 55 33 the
569 3744 107 35 actual
687 3743 182 34 discoverer

110 3798 131 38 of.new
271 3796 75 39 gold
377 3794 163 37 workings
570 3790 181 43 oonjointly
788 3789 79 33 with

110 3852 134 36 persons
270 3840 73 34 who
366 3840 83 33 have
466 3836 136 35 assisted
627 3836 90 33 them
740 3836 33 31 in
797 3846 52 32 pro-

110 3890 148 45 specting
294 3887 105 36 either
434 3885 79 35 with
552 3882 237 36 contributions
834 3894 35 22 or

108 3936 185 39 otherwise,
310 3946 37 22 or
362 3932 79 35 with
454 3932 94 33 other
560 3940 135 34 parsons
707 3928 73 33 who
794 3940 74 31 may

108 3984 39 34 be
174 3980 190 37 nominated
388 3981 42 42 by
447 3979 54 33 the
526 3977 108 33 actual
658 3975 210 40 discoverers,

109 4029 158 44 although
277 4022 4 51 I
292 4027 55 34 the
364 4024 69 35 said
457 4034 133 35 persons
608 4033 74 32 may
707 4028 56 27 not
787 4022 81 33 have

109 4078 82 40 been
214 4088 42 25 cm
274 4075 54 36 the
344 4080 128 40 ground
488 4082 87 36 prior
591 4076 32 30 to
640 4069 55 35 the
717 4071 152 43 granting

108 4125 137 37 thereof.

152 4170 69 38 The
242 4167 142 35 Warden
402 4176 89 31 may,
508 4174 87 33 upon
607 4162 54 32 the
672 4161 196 44 application

110 4216 37 34 of
158 4226 64 33 any
240 4224 133 35 persons
389 4209 144 40 forming
552 4221 17 20 a
587 4215 93 37 party
696 4208 34 32 of
740 4212 56 28 not
806 4208 63 33 less

111 4263 80 33 than
214 4261 82 38 four,
321 4261 95 40 grant
432 4261 180 39 protection
630 4255 48 33 for
701 4259 57 29 not
780 4265 89 23 more

114 4308 80 40 than
211 4307 90 34 three
326 4302 133 35 months
476 4302 48 32 for
539 4313 18 21 a
575 4300 205 44 prospecting
795 4312 74 22 area

112 4360 35 30 at
168 4367 20 21 a
209 4351 145 42 distance
378 4356 30 27 ot
424 4353 58 29 not
502 4348 61 33 less
587 4346 80 35 than
691 4352 63 29 two
776 4346 94 35 miles

113 4400 177 41 from,any
314 4397 139 39 existing
480 4395 162 38 workings
672 4393 35 32 in
736 4395 133 31 alluvial

113 4443 137 51 ground,
267 4455 43 29 or.
319 4444 37 35 in
370 4442 54 34 the
441 4453 71 22 case
529 4440 35 34 of
578 4444 111 41 quartz
709 4438 161 44 workings

114 4495 35 34 of
174 4500 58 30 not
248 4487 3 43 •
265 4492 64 37 less
351 4490 79 37 than
456 4488 72 34 half
547 4501 17 19 a
590 4487 77 33 mile
691 4488 83 31 from
806 4499 64 30 any

114 4539 140 42 existing
270 4540 112 42 quart?
401 4534 181 44 workings:
609 4532 159 34 Provided
783 4532 33 35 in
829 4544 42 23 no

115 4599 78 23 case,
211 4585 85 36 shall
319 4595 64 32 any
400 4581 79 41 such
507 4581 206 44 prospecting
736 4592 75 22 area
835 4581 36 33 be

115 4633 134 43 granted
274 4631 114 33 within
413 4629 67 33 halt
496 4640 18 21 a
538 4628 75 33 mile
637 4628 35 32 of
691 4638 66 31 any
780 4628 93 33 other

116 4680 80 36 such
213 4676 207 47 prospecting
442 4685 84 26 area.
573 4672 159 34 Provided
748 4673 126 34 further

116 4727 84 35 that,
211 4724 78 40 such
315 4722 181 47 protection
512 4720 84 34 shall
619 4720 77 43 only
720 4720 152 34 coutinue

117 4774 35 36 in
169 4774 85 36 force
268 4770 84 39 until
368 4769 74 43 gold
459 4769 26 33 is
501 4766 121 38 struck,
634 4768 32 32 in
683 4767 106 33 which
801 4779 71 22 case

120 4822 55 39 the
198 4820 170 43 discovery
392 4816 83 37 shall
492 4814 39 36 be
555 4814 160 45 reported,
733 4826 35 23 or
791 4815 83 35 until

117 4870 55 34 the
188 4868 130 36 holders
334 4877 53 21 are
404 4863 148 45 required
569 4861 42 43 by
623 4862 54 32 the
691 4862 139 33 Warden
842 4869 32 27 to

119 4914 95 37 mark
243 4926 19 22 a
287 4910 209 48 prospecting
518 4908 109 40 claim,
650 4909 33 33 in
712 4908 103 35 either
843 4910 36 33 of

118 4962 105 33 which
240 4971 91 24 cases
347 4971 19 21 a
381 4956 208 47 prospecting
613 4955 97 33 claim
731 4955 84 33 shall
837 4956 38 33 be

118 5007 136 38 marked
280 5005 65 38 and
369 5002 129 48 applied
522 5002 49 35 for
597 5014 35 23 as
660 5002 154 45 provided
842 5004 34 33 in

120 5055 195 42 Regulation
346 5053 47 33 11.
424 5051 66 34 and
517 5050 51 40 V.,
599 5049 65 36 and
697 5050 179 43 protection

119 5101 83 34 shall
218 5101 181 43 thereupon
416 5110 90 22 cease
524 5109 35 21 as
575 5103 32 27 to
624 5096 55 34 the
693 5097 184 33 remainder

120 5148 35 35 •f
167 5148 79 34 such
263 5147 206 45 prospecting
485 5156 85 23 area.

163 5195 32 33 It
220 5193 83 38 shall
329 5193 39 33 be
392 5192 109 34 lawful
523 5191 48 33 for
594 5190 54 33 the
675 5188 142 35 Warden
844 5194 33 30 to

122 5250 107 23 renew
251 5240 84 39 frojn
360 5245 79 27 time
460 5243 35 28 to
517 5238 79 33 time
619 5236 55 33 the
696 5238 181 42 protection

123 5285 49 37 for
201 5297 21 23 a
249 5285 208 44 prospecting
491 5295 84 22 area.
622 5282 154 33 Prrvided
808 5282 71 34 that

125 5331 79 33 such
241 5331 147 34 renewed
421 5336 125 38 protect
559 5341 42 21 on
632 5329 84 33 shall
748 5335 56 27 not
842 5329 37 33 be

124 5377 136 44 granted
286 5378 48 32 for
357 5388 89 21 more
463 5376 80 33 than
568 5376 90 33 three
686 5375 136 34 months
847 5381 32 28 to

124 5430 64 34 Any
204 5422 88 33 time.

166 5505 104 33 ••For
298 5513 65 24 thk
395 5504 113 32 81->od
538 5514 30 22 is
597 5513 66 23 the
841 5523 40 4 —

126 5550 213 34 CLAKKK'S
366 5548 338 33 WOKLD-FAMED
731 5549 148 33 BLOOD

129 5595 209 36 MIXTURE
362 5595 27 31 is
412 5594 183 34 warranted
621 5601 32 27 to
677 5595 126 33 cleanse
827 5598 54 29 the

129 5642 94 33 blood
240 5640 82 33 from
347 5638 42 34 all
411 5640 183 42 impurities
613 5640 83 32 from
719 5641 164 32 whatever

130 5697 93 25 cause
235 5687 131 38 arising,
414 5685 61 32 lor
484 5684 156 40 Scrofula,
653 5687 135 41 Scurvy,
804 5684 77 34 Skin

131 5736 63 33 And
207 5731 103 36 Blood
322 5731 160 38 Diseases,
494 5731 63 31 and
571 5731 94 33 Sores
677 5732 35 32 of
721 5731 43 33 all
777 5731 105 40 kinds,

129 5781 44 34 its
188 5779 108 35 effects
312 5788 54 23 are
383 5776 207 33 marvellous.
635 5777 192 32 Thousand*
851 5779 36 30 of

131 5823 228 39 testimonials.
405 5821 77 35 Sold
505 5822 32 32 in
555 5821 127 39 bottles,
699 5824 36 30 2s
757 5821 41 33 Gd
821 5822 64 33 and

131 5875 55 32 lis
199 5871 79 34 each
293 5872 41 41 by
345 5867 165 35 Chemists
521 5867 64 33 and
595 5868 117 32 Patent
725 5868 159 33 Medicine

126 5917 151 38 Vendors
298 5913 219 47 everywhere.
572 5912 72 34 Sole
675 5912 210 45 Proprietors,

126 5964 75 36 TliE
235 5965 150 30 Lincoln
416 5970 66 23 and
521 5959 160 33 Midland
719 5960 167 30 Counties

126 5992 101 56 tWfl
249 6012 69 38 Co.,
338 6006 137 36 Lincoln
496 6003 161 46 England.

691 42 137 55 THE
896 50 218 50 LYELL
1178 50 218 58 TIMES,
1462 53 363 59 SATURDAY,
1894 56 347 54 FEBRUARY
2316 79 39 48 7.

2513 5879 136 35 Printed
2664 5881 67 34 and
2746 5883 176 44 published
2945 5888 49 33 for
3011 5888 58 34 the

2554 5925 42 47 by
2611 5925 32 38 J.
2662 5925 36 38 P.
2716 5928 110 43 Clark,
2844 5937 34 30 at
2894 5934 57 35 the
2970 5934 193 45 Registered
3179 5932 100 39 0&!<i

2556 5979 31 27 ot
2595 5974 55 33 the
2698 5975 95 43 Lyell
2958 5982 79 32 Cliff
3048 5982 117 37 Street,
3175 5980 106 44 Lyeli,

2557 6018 133 49 County
2707 6021 36 37 of
2754 6021 125 48 Buller,
2897 6026 127 47 Colony
3042 6027 35 37 of
3088 6024 79 39 N.Z.

80 191 427 49 ALHAMBRA
558 191 274 58 HOTEL,

359 281 208 46 Lyell>

117 390 99 34 HHE
233 386 216 46 undersigned
467 391 120 42 having
603 391 132 33 become
761 390 74 34 Pro*

194 437 119 46 prietor
329 437 35 35 of
376 437 64 36 this
456 434 209 39 Well-known
681 437 64 35 and
763 438 75 41 long

86 484 195 33 established
300 482 109 36 Hotel,
427 486 106 31 would
555 488 58 35 l>eg
629 492 32 26 to
677 486 88 31 draw
783 486 54 31 the

86 530 161 33 attention
270 530 35 34 of
331 529 192 36 Travellers,
551 531 134 33 Persons
710 530 130 39 visiting

86 576 55 34 the
159 576 134 36 district,
310 578 63 32 and
399 578 53 33 the
477 578 106 43 public
607 578 176 41 generally,
808 583 31 26 to

89 621 53 34 the
159 623 106 43 ample
281 623 64 32 and
362 623 195 33 convenient
567 624 167 32 character
747 623 93 32 oi'the

88 668 246 35 accomodation
367 669 105 35 which
510 670 54 33 the
594 670 248 34 establishment

397 713 128 35 Affords.

88 803 137 40 Board
240 804 82 39 and
337 806 163 48 lodging
526 835 19 8 ..
569 805 52 40 £1
637 814 73 40 per
729 807 113 37 week

89 846 221 40 Meals—at
324 850 54 37 all
393 850 168 37 hours—
733 850 38 37 Is
788 850 55 37 6d

90 890 108 38 Beds
805 892 39 36 Is

92 974 70 33 The
178 974 111 33 Table
306 974 65 33 will
387 974 36 33 be
440 974 104 33 under
555 974 54 33 the
620 972 103 36 direct
735 985 90 33 super-

90 1019 105 36 vision
213 1021 34 35 of
261 1021 68 35 Mrs
344 1021 37 35 At

92 1112 86 36 Next
185 1113 78 35 door
277 1120 31 28 to
324 1113 54 35 the
398 1113 96 35 Hotel
507 1114 89 34 there
608 1113 27 35 is
647 1125 18 23 a
683 1115 86 40 large
782 1114 64 34 and

174 1161 225 34 commodious
428 1162 103 33 Room
555 1157 138 38 suitable
715 1162 50 33 for

237 1206 170 43 Meetings.
433 1209 112 31 Dance
571 1210 129 40 parties,

319 1253 293 38 Entertainments,

440 1301 53 33 &c.

90 1388 119 37 Winks
225 1399 65 24 and
308 1391 127 34 Spirits
452 1401 39 23 of
508 1401 64 23 thi
590 1398 80 26 best
694 1397 150 31 quality.

134 1482 157 32 Marshall
315 1482 65 32 and
403 1483 194 41 Copeland's
616 1482 124 32 XXXX
762 1491 42 23 on

437 1534 64 37 tap.

332 1618 91 34 Good
448 1617 158 44 Stabling*

268 1706 52 35 All
338 1706 132 45 charges
487 1707 176 34 moderate.

308 1763 199 34 ANTONIO
529 1761 235 36 ACCOLINO,

613 1809 192 44 Proprietor.

871 207 283 36 REWARDS
1185 210 108 34 FOR
1327 210 155 36 GOLD
1515 209 80 36 DIS-

1128 256 236 35 COVBRTKR.

915 347 25 31 I.
965 345 69 35 The
1065 349 180 33 maximum
1278 360 72 23 sum
1386 349 119 34 offered
1537 360 35 23 as
1608 362 18 21 a

872 391 121 34 reward
1010 391 49 34 for
1074 404 65 31 any
1156 395 120 42 proved
1293 397 168 42 discovery
1478 397 35 32 of
1520 408 17 22 a
1554 407 72 22 new

872 435 150 47 goldfield
1039 439 32 33 in
1089 437 196 38 accordance
1305 443 75 34 with
1403 443 91 34 these
1518 442 107 36 condi*

874 487 83 32 tions
994 486 25 31 is
1059 489 104 35 £300;
1197 488 57 32 lut
1290 491 26 29 if
1345 491 55 31 the
1437 490 81 33 total
1555 501 73 21 sum

873 529 138 35 claimed
1048 541 35 22 as
1113 532 140 33 rewards
1291 531 33 36 in
1358 543 65 35 any
1453 547 61 22 one
1550 547 79 33 year

873 577 132 34 exceeds
1048 578 54 33 the
1148 579 260 45 Parliamentary
1445 590 84 31 vote,
1572 583 56 33 the

875 630 136 27 amount
1036 623 159 34 available
1225 626 78 43 only
1334 628 65 33 will
1429 628 38 34 be
1499 627 130 35 divided

875 670 138 45 equally.

916 719 28 31 %
969 717 68 33 The
1054 716 309 44 newly-discovered
1378 719 165 40 goldfield,
1561 720 28 33 if
1595 721 33 34 in

876 764 130 33 alluvial
1023 763 135 43 ground,
1176 771 88 26 must
1280 764 37 33 be
1334 766 141 33 situated
1492 772 57 27 not
1568 768 62 33 less

877 810 79 33 than
984 811 36 31 15
1046 809 93 34 miles
1155 811 83 31 from
1262 810 55 33 the
1343 816 127 28 nearest
1498 813 132 33 alluvial

877 857 73 40 gold
973 855 171 45 workings,
1169 870 45 26 or,
1238 855 27 35 if
1284 857 33 33 in
1339 863 126 38 quartz,
1489 865 57 27 not
1570 860 61 33 less

878 903 78 32 than
982 902 37 34 10
1041 900 93 36 miles
1157 904 83 32 from
1264 902 54 36 the
1341 910 129 28 nearest
1492 905 140 43 existing

877 955 113 38 quartz
1008 949 115 34 mines.

919 998 29 32 3.
974 997 49 34 No
1052 1001 95 40 grant
1177 996 65 36 will
1270 997 38 35 be
1346 996 75 48 paid
1449 1008 89 34 upon
1567 1009 65 33 any

879 1044 199 43 application
1094 1045 85 34 until
1191 1045 25 34 it
1229 1046 86 33 shall
1325 1046 82 34 have
1421 1046 78 34 been
1512 1046 121 44 proved

880 1090 71 32 that
974 1096 57 28 not
1054 1090 61 34 less
1132 1091 79 33 than
1227 1094 114 36 20,000
1362 1103 119 23 ounces
1503 1093 36 33 of
1557 1092 76 41 gold

881 1136 79 35 have
986 1137 77 34 been
1087 1139 162 34 extracted
1266 1140 83 33 from
1372 1139 55 36 the
1451 1150 70 24 new
1539 1138 77 41 jjold-

880 1183 75 33 field
977 1184 116 33 within
1112 1191 62 26 two
1190 1197 94 30 years
1306 1187 84 33 from
1407 1187 54 31 the
1485 1175 160 48 registrar*

880 1229 68 33 tion
986 1230 35 32 of
1054 1229 56 33 the
1147 1230 178 43 discovery,
1364 1233 26 29 if
1423 1230 34 31 in
1499 1227 133 32 alluvial

880 1274 180 42 workings;
1098 1276 63 33 and
1191 1277 27 32 if
1243 1277 34 34 in
1307 1281 113 38 quartz
1460 1272 173 44 workings,

881 1321 95 41 proof
993 1322 37 30 of
1048 1333 18 19 a
1083 1322 124 31 similar
1221 1322 88 41 yield
1325 1323 83 29 from
1433 1319 65 31 this
1520 1330 113 22 source

881 1365 110 33 within
1010 1366 88 32 three
1114 1378 95 29 years
1231 1369 82 30 from
1331 1364 78 33 such
1426 1363 207 42 registration

881 1411 64 33 will
962 1411 36 33 be
1015 1410 159 43 required.

921 1459 29 30 4»
974 1458 74 39 Any
1072 1467 116 30 person
1211 1455 204 42 discovering
1437 1465 72 24 new
1532 1458 81 33 work-

881 1501 81 43 ings,
990 1500 64 33 and
1078 1499 97 44 being
1200 1500 145 32 derirous
1366 1502 36 31 of
1422 1501 170 46 obtaining
1618 1516 18 21 a

880 1547 134 37 reward,
1053 1547 83 32 shall
1174 1546 225 43 immediately
1442 1549 139 34 forward
1618 1563 19 20 a

881 1592 128 33 written
1024 1597 106 38 report
1146 1591 35 33 of
1193 1590 80 33 such
1291 1591 179 45 discovery,
1488 1594 79 35 with
1578 1596 58 33 fall

881 1638 201 41 particulars,
1110 1643 32 26 to
1173 1637 54 32 the
1254 1638 143 32 Warden
1422 1651 36 20 or
1482 1641 155 33 Resident

883 1681 189 42 Magistrate
1096 1681 35 32 of
1151 1681 54 33 the
1235 1681 126 35 district
1391 1684 115 33 within
1529 1686 106 33 which

881 1723 77 38 such
983 1726 168 44 discovery
1168 1726 84 35 shall
1269 1728 39 34 be
1332 1730 153 40 situated,
1502 1732 65 34 and
1581 1732 56 39 the

882 1772 141 32 Warden
1061 1784 36 20 or
1134 1774 158 33 Resident
1331 1776 187 41 Magistrate
1555 1778 83 33 shall

882 1818 167 35 forthwith
1063 1819 135 41 register
1207 1820 56 35 the
1277 1827 108 38 report
1398 1834 35 23 as
1445 1835 42 23 an
1497 1824 126 45 applica-

882 1867 68 31 tion
966 1866 49 32 for
1030 1866 134 33 reward.
1572 1866 4 36 .
1616 1892 5 7 ,

924 1913 29 32 5.
979 1911 50 34 No
1052 1911 200 45 application
1282 1912 49 36 for
1360 1916 124 35 reward
1512 1916 67 35 will
1600 1916 39 35 be

883 1959 147 33 received
1047 1959 50 32 for
1112 1961 206 38 registration
1341 1961 103 34 under
1459 1964 89 32 these
1565 1975 56 22 con-

883 2004 121 34 ditions
1027 2004 83 34 after
1125 2004 117 35 twelve
1258 2007 134 33 months
1414 2008 83 34 from
1513 2009 74 34 date
1609 2008 35 35 of

883 2050 67 35 this
965 2049 216 38 notification.

926 2100 30 30 6.
981 2098 51 32 No
1069 2100 207 41 prospecting
1311 2100 27 33 is
1374 2101 136 33 allowed
1553 2108 88 37 upofi

887 2142 118 36 Native
1044 2143 78 36 land
1157 2144 139 37 without
1325 2145 54 36 the
1416 2147 155 47 approval
1609 2149 35 36 im

886 2191 131 43 writing
1047 2192 39 33 of
1110 2192 55 34 the
1197 2193 118 36 Native
1349 2195 158 41 Minister,
1543 2208 37 22 or
1611 2198 34 32 of

887 2249 90 22 some
1015 2250 61 22 one
1112 2239 177 44 appointed
1326 2241 41 38 by
1397 2241 68 33 him
1503 2243 34 32 in
1575 2241 70 36 that

887 2284 120 35 behalf.

930 2332 209 43 Prospectors
1169 2333 98 43 going
1296 2346 85 31 upon
1421 2336 117 32 Native
1568 2336 77 32 land

888 2376 139 36 without
1054 2377 56 36 the
1136 2385 135 28 eonsent
1298 2380 36 33 of
1358 2380 54 34 the
1440 2391 124 23 owners
1593 2392 52 23 are

890 2424 94 35 liable
1011 2430 33 29 to
1071 2426 55 34 the
1157 2428 158 42 penalties
1345 2429 147 43 imposed
1522 2429 42 42 by
1591 2429 54 33 the

890 2472 77 33 Acts
983 2472 138 42 relating
1137 2478 32 29 to
1184 2472 182 46 goldfields,
1384 2474 65 34 and
1465 2474 64 34 will
1541 2475 104 34 forfeit

891 2518 44 34 all
952 2519 97 33 claim
1065 2526 33 27 to
1114 2521 135 32 reward.

897 2618 98 37 THE
1032 2619 183 39 PBULIC
1255 2620 157 40 TRUST
1453 2619 147 39 OKiIU

1014 2721 225 42 Guaranteed
1270 2726 41 42 by
1333 2725 56 36 the
1418 2723 107 40 Sate.

945 2787 26 39 I.
1023 2789 71 36 Th#
1126 2789 120 37 Public
1272 2789 147 37 Trustee
1447 2791 28 35 is
1500 2791 145 46 charged

898 2842 79 35 with
1011 2843 61 35 the
1099 2843 70 36 due
1202 2842 44 37 ad
1262 2844 236 40 ninistratior\
1520 2847 34 32 at
1592 2844 57 35 the

903 2893 134 37 Estates
1072 2898 33 32 ot
1134 2895 44 35 all
1213 2907 78 34 pern
1307 2907 50 23 .iih
1388 2896 74 34 who
1492 2908 73 34 may
1595 2897 52 33 die

898 2951 187 32 intestate:
1096 2968 38 5 —

946 3007 21 28 I.
1004 2997 128 37 Where
1146 3010 45 24 no
1207 2998 161 37 relatives
1386 3012 59 23 are
1461 3000 134 40 known,
1613 2998 36 36 t#

1040 3052 75 34 who
1133 3065 59 20 are
1212 3052 123 35 known
1356 3061 35 25 to
1412 3054 110 34 reside
1541 3063 56 24 out
1616 3057 32 29 ot

1043 3100 81 38 New
1146 3099 25 39 Z
1186 3103 120 36 <uhin«i.

945 3165 41 26 11.
1016 3154 133 37 Where
1178 3154 57 35 the
1273 3166 123 34 person
1432 3153 147 38 entitled
1607 3152 20 37 b

1040 3211 59 33 law
1122 3212 35 31 to
1178 3206 80 37 take
1276 3213 61 31 out
1358 3205 142 40 Litters
1519 3207 38 36 of
1589 3207 43 36 Ad

1042 3271 19 22 u
1077 3259 198 36 initiation
1312 3260 152 35 decline*
1500 3272 37 22 or
1564 3272 66 28 neg-

1041 3311 87 37 lects
1149 3325 34 23 10
1202 3314 98 35 make
1319 3310 210 48 application
1543 3323 35 24 to
1593 3311 36 37 th

1040 3365 112 38 Court
1171 3365 156 38 therefor
1346 3364 120 39 within
1486 3368 67 35 due
1569 3376 80 27 tune

1038 3424 91 31 attar
1146 3419 30 33 d'
1190 3417 71 35 ath.

947 3473 20 38 2
1005 3471 72 38 The
1111 3467 119 41 Public
1269 3467 140 42 Trustee
1440 3483 29 26 la
1502 3469 146 46 charged

903 3527 80 35 with
1005 3526 59 35 the
1080 3537 51 22 ext
1146 3533 54 26 tut
1209 3525 54 35 ion
1284 3528 34 32 ot
1339 3526 58 35 the
1417 3527 86 34 wills
1519 3528 37 32 of
1568 3527 83 36 such

904 3589 196 30 ueisonsas
1120 3587 73 37 may
1216 3582 146 44 appoint
1391 3575 68 40 him
1483 3575 170 38 Executor

903 3634 41 43 by
968 3631 90 35 iheir
1075 3630 65 34 last
1161 3630 85 33 wills
1273 3643 39 21 or
1338 3629 141 37 coticiU
1506 3632 136 32 thereto

905 3681 38 38 In
964 3683 83 36 such
1065 3691 95 27 cases
1181 3680 58 36 the
1252 3681 64 35 din
1330 3681 114 37 ctions
1462 3684 33 32 ol
1511 3681 58 36 the
1587 3680 64 35 will

902 3749 58 24 tre
978 3733 136 50 stiictly
1134 3736 132 34 earned
1287 3742 74 31 out.
1390 3735 59 37 the
1468 3737 101 35 debts
1588 3747 63 23 ami

918 3789 133 34 piracies
1073 3797 74 36 paid
1167 3796 35 26 at
1224 3787 57 35 the
1300 3789 138 35 earliest
1469 3793 80 29 date
1567 3789 86 34 after

905 3840 208 41 realisation,
1131 3843 64 31 as»l
1220 3838 59 36 the
1296 3840 137 37 residue
1446 3838 156 38 invested
1618 3849 38 22 »»r

903 3893 208 37 distributed
1131 3905 34 24 in
1185 3895 214 35 accordance
1426 3894 79 34 with
1527 3892 58 36 the
1599 3903 41 25 ex

905 3947 136 47 pressed
1058 3945 81 37 wish
1154 3947 38 34 of
1203 3946 58 36 the
1277 3951 151 32 testator
1500 3944 101 37 There
1618 3956 37 32 u,

906 4009 164 33 However,
1092 4012 114 31 power
1225 4010 33 23 in
1289 4000 59 34 the
1373 3999 33 36 B<
1421 4000 73 37 ard,
1515 3998 123 35 herein-

911 4054 82 34 »tur
1007 4050 210 46 meirioiied,
1230 4057 36 31 to
1283 4052 106 50 reject
1406 4050 55 38 the
1472 4059 182 30 execution

916 4110 20 31 •t
964 4109 58 33 the
1051 4117 110 26 trusts
1187 4122 31 20 oi
1249 4122 17 20 a
1290 4108 76 42 will,
1395 4113 22 30 it
1448 4107 81 44 they
1559 4106 94 35 think

905 4158 47 36 fir.

949 4211 20 31 ft
1009 4208 143 51 Subject
1172 4215 36 30 to
1236 4209 60 38 the
1324 4222 193 31 provisions
1535 4210 35 34 of
1588 4206 48 37 Tli

910 4262 117 37 Public
1079 4271 7 26 I
1102 4269 73 30 rust
1221 4262 68 37 (>tH
1312 4277 19 23 e
1378 4267 96 38 Aits,
1519 4267 135 40 pnsenl

903 4313 37 37 Ti
954 4324 127 35 ustws,
1103 4314 49 37 Ex
1176 4328 42 23 cu
1240 4329 57 22 ors
1313 4328 37 23 or
1368 4314 275 37 Administrator

907 4382 70 31 may
1009 4377 152 27 transfer
1187 4377 112 28 trusts
1334 4368 86 37 wine
1437 4384 6 18 i
1471 4381 59 22 are
1559 4369 97 36 beitijs

905 4420 245 37 administered
1181 4421 41 49 by
1252 4421 93 37 them
1380 4427 37 30 to
1454 4420 59 37 the
1542 4416 111 41 Publu

915 4478 29 31 11
956 4487 38 22 us
1000 4483 64 35 lee,
1095 4476 65 34 and
1190 4475 81 37 thus
1300 4476 125 35 relieve
1454 4476 205 35 tnemMsljes

905 4528 37 33 «»f
968 4532 58 30 the
1055 4528 75 35 burl
1141 4528 63 37 ben
1232 4532 37 32 ot
1295 4529 59 36 the
1380 4527 279 36 aduiiuistration

908 4589 6 25 l
924 4579 128 38 hereof.

954 4634 21 35 I
1018 4634 136 36 Private
1182 4634 164 45 Persons,
1378 4630 221 50 Companies,
1624 4643 33 21 or

913 4685 70 38 Pub
1002 4685 30 36 ic
1072 4685 123 40 Bodies
1240 4701 74 35 may
1347 4688 75 35 alsj
1459 4683 97 51 place
1597 4694 65 38 any

911 4737 4 52 i
934 4745 140 41 roperty
1098 4742 40 33 be
1155 4740 131 49 ouging
1314 4748 36 29 to
1370 4740 93 36 them
1485 4750 32 25 in
1538 4737 125 42 charge

909 4793 33 36 et
961 4791 60 38 the
1053 4791 120 40 Public
1192 4791 150 42 Truvite
1371 4806 93 34 upon
1485 4798 104 36 trust,
1613 4790 53 35 tor

909 4846 83 37 such
1032 4860 79 23 u>es
1140 4863 38 21 as
1205 4860 75 26 mav
1305 4850 40 35 b©
1371 4847 136 36 denned
1539 4844 34 36 iu
1608 4845 58 34 the

909 4900 83 35 dt©d
1012 4900 159 46 creating
1190 4900 61 38 the
1268 4908 104 30 'rust.

956 4954 20 33 5
1024 4953 63 34 The
1102 4960 247 41 management
1366 4955 35 34 of
1416 4953 58 34 the
1491 4956 176 44 property,

913 5007 81 36 both
1016 5005 68 38 real
1104 5007 67 36 and
1202 5010 173 45 personal,
1394 5005 40 38 of
1448 5005 150 38 lunatics
1634 5011 31 29 ot

914 5061 112 33 whose
1051 5068 77 28 esta
1147 5075 37 20 es
1206 5074 44 23 no
1277 5066 201 31 cotuinittte
1498 5057 59 37 has
1585 5059 83 35 been

911 5113 190 46 appointed
1126 5113 39 50 by
1189 5118 57 31 the
1457 5117 8 27 1
1487 5116 93 37 ourt,
1605 5110 45 37 de-

913 5179 40 22 vo
970 5177 58 24 ve»
1049 5178 89 32 upon
1162 5165 59 37 the
1243 5165 122 37 Public
1388 5166 152 41 Trustee,
1558 5161 113 38 whose

912 5219 85 45 duty
1029 5226 26 26 it
1084 5219 27 33 is
1138 5224 37 30 to
1198 5218 207 37 administer
1430 5220 84 34 hueh
1542 5222 130 30 estates

915 5271 53 35 for
998 5271 57 35 the
1083 5271 130 35 benefit
1240 5273 34 33 of
1303 5270 60 36 the
1392 5272 145 38 lunatic,
1564 5269 110 34 under

914 5321 84 37 such
1018 5322 122 36 orders
1159 5335 38 23 as
1218 5335 74 35 may
1314 5328 89 30 from
1425 5323 83 35 time
1528 5328 36 27 to
1592 5320 82 35 time

917 5375 40 36 be
985 5378 98 33 made
1112 5377 40 45 by
1173 5389 19 22 a
1213 5375 118 47 Judge
1354 5381 35 31 ot
1417 5375 60 37 the
1504 5370 170 49 Supreme

916 5428 122 34 Court.

962 5482 20 33 (j
1032 5478 63 37 The
1114 5478 285 39 administration
1420 5482 33 34 of
1469 5478 100 38 lands
1582 5476 93 51 lyinij

919 5538 104 27 waste
1037 5533 68 33 and
1124 5534 233 44 unoccupied,
1373 5532 186 35 theowner
1577 5536 100 41 being

919 5584 176 35 unknown
1115 5597 39 22 or
1172 5584 128 36 absent
1323 5589 84 31 horn
1423 5583 86 38 New
1525 5581 151 40 Zealand

920 5645 51 25 lor
1000 5645 59 25 ten
1085 5648 115 34 years,
1229 5637 126 47 having
1383 5638 61 33 Jett
1480 5649 45 22 no
1554 5637 123 36 known

918 5696 118 37 a^ent.

976 5741 63 34 Hie
1065 5748 95 26 costs
1191 5739 39 37 of
1254 5740 270 44 administering
1550 5748 131 30 estates

922 5792 119 43 placed
1078 5803 34 23 iu
1146 5793 68 33 this
1250 5792 110 37 Ollice
1395 5805 28 24 is
1459 5806 81 36 very
1571 5796 97 35 fciriull

922 5840 116 39 Scdrs
1057 5846 33 32 ot
1110 5842 158 47 charges,
1296 5844 82 37 with
1398 5847 156 42 existing
1576 5859 84 34 regu-

923 5893 137 46 lations,
1085 5897 67 34 aud
1185 5899 44 33 all
1263 5898 239 44 information,
1533 5910 76 40 m»iy
1644 5901 37 36 be

921 5948 165 35 obtained
1107 5951 87 32 from
1216 5949 60 36 the
1296 5951 234 43 undersigned
1551 5960 41 30 ot*
1617 5967 64 31 any

903 5988 4 67 '
923 5998 34 35 uf
979 5998 51 35 bis
1050 6005 122 42 agents
1193 5998 218 53 throughout
1432 6004 59 36 the
1514 6001 147 54 Colony.

1988 210 96 35 THE

1659 298 369 77 LTBLL
2075 305 338 78 TIMES

1798 440 207 38 Newspaper
2027 456 66 24 and
2117 445 162 37 General

1682 527 98 51 JOB
1836 531 281 54 PRINTING
2178 534 213 59 OFFICE,

1801 634 116 39 Cliff
1955 635 155 49 Struct,
2139 637 136 38 Lyrll.

1665 819 440 56 LETTER-PRESS
2129 821 291 52 PRINTING

1789 1028 154 37 EVERY
1994 1025 303 40 DESCRIPTION

1666 1209 251 39 NEATEST
1940 1211 168 36 STYLE
2137 1212 33 37 &
2193 1211 230 42 NEWEST

1921 1295 253 41 DESIGNS.

1668 1475 205 35 BALANCE
1900 1475 176 38 SHEETS

1751 1571 112 32 CALL
1887 1571 254 37 CIRCULARS

1833 1662 222 34 BUSINESS
2079 1667 254 36 CIRCULARS

1915 1754 174 37 MINING
2113 1760 128 34 SCRIP

2000 1849 195 37 RECEIPT
2220 1853 144 35 BOOKS

2152 1945 277 37 BILLHEADS

1753 2029 230 48 Prospectuses

1837 2125 177 35 Handbills

1919 2221 158 34 Bushiest
2093 2222 102 36 Cards

2131 2317 99 34 Show
2245 2318 103 35 Cards

1781 2404 70 38 And
1866 2419 100 35 every
1981 2407 94 37 other
2091 2408 199 48 description
2306 2414 35 34 of

1678 2498 167 75 JOB
1950 2501 484 71 PRINTING

1987 2629 42 23 OK
2058 2629 66 23 THK

1849 2709 229 34 SHORTEST
2102 2711 166 35 NOTICE

1987 2815 66 22 AND
2086 2815 41 23 AT

1715 2893 363 50 WESTPORT
2157 2899 242 48 PRICES,

1898 3097 46 33 To
1971 3097 246 36 Adviituiii,

1686 3175 43 33 As
1759 3186 41 22 an
1831 3175 207 44 Advertising
2063 3175 147 35 Mtdium
2238 3176 55 35 the
2324 3177 114 33 Ltell

1685 3240 106 31 Tim2s
1806 3240 26 31 is
1848 3250 60 22 one
1924 3240 37 32 of
1973 3240 54 33 the
2037 3240 71 33 best
2122 3241 32 31 in
2166 3241 55 33 the
2240 3249 199 34 up-country

1686 3299 151 43 districts,
1854 3301 40 34 its
1907 3300 191 36 eirculatiou
2115 3301 96 47 being
2230 3302 86 44 large
2333 3302 35 36 in
2385 3302 54 37 the

1686 3365 162 42 following
1885 3366 347 46 places:—Township
2265 3367 36 35 of
2334 3367 106 46 Lyell,

1686 3428 176 36 Zalatowu,
1876 3428 93 42 Lyell
1982 3429 114 39 Creek,
2111 3430 81 31 New
2202 3430 112 38 Creek,
2328 3430 114 44 Upper

1691 3490 118 42 Buller,
1827 3490 84 36 Fern
1928 3490 85 44 Flat,
2030 3492 132 36 Central
2180 3492 124 45 Buller,
2333 3494 85 46 Long-

1686 3554 82 39 ford,
1787 3555 198 40 Murchisou,
2018 3556 207 39 Matakitaki,
2243 3557 198 43 laangahua

1687 3617 167 35 Junction.
1883 3618 173 43 Westport,
2085 3621 149 36 Retfton,
2263 3621 66 33 and
2350 3621 95 34 other

1688 3683 123 30 centres
1848 3679 35 34 of
1921 3680 191 45 population
2159 3694 44 23 on
2249 3682 56 36 the
2353 3683 93 35 West

2009 3745 107 35 Coast.

1909 3904 46 32 Te
1983 3905 240 36 Subscribers.

1691 3981 68 33 The
1776 3982 110 35 Lyrll
1902 3984 107 34 Timss
2033 3986 149 35 contains
2199 3988 55 33 the
2272 3988 94 34 latest
2383 3988 64 35 and

1731 4050 86 28 most
1846 4046 132 36 reliable
2008 4059 89 25 news
2126 4051 33 34 of
2198 4050 44 35 all
2279 4052 129 43 mining

1773 4117 136 29 matters
1930 4112 34 35 in
1981 4113 55 37 the
2063 4116 93 43 Lyell
2171 4117 65 33 and
2257 4115 110 44 Upper

1795 4173 112 34 Bailer
1922 4175 153 35 Districts
2091 4177 65 33 and
2183 4177 55 33 the
2254 4176 92 33 West

1815 4235 97 35 Coast
1920 4238 167 44 generally
2095 4237 230 45 togetherwith

1836 4299 43 33 all
1903 4301 130 42 general
2051 4313 89 21 news
2154 4302 37 33 of
2216 4313 65 21 com-

1856 4364 134 34 mercial
2004 4364 200 43 imporance,
2221 4364 65 33 and

1882 4426 27 34 is
1920 4426 159 34 therefore
2088 4438 18 21 a
2116 4425 149 34 valuable

1901 4502 112 21 source
2037 4489 36 33 of
2096 4495 150 27 accurate

1915 4551 212 35 information
2135 4556 33 29 to
2177 4551 55 34 the

1943 4615 129 41 mining
2084 4617 24 32 &
2121 4627 83 22 mer*

1964 4678 118 33 eantile
2100 4689 63 22 com-

1992 4724 167 35 munities.

1701 4882 68 33 The
1785 4882 107 33 Times
1907 4881 27 33 is
1958 4880 173 45 published
2153 4892 98 33 every
2280 4882 176 44 Saturday,

1999 4958 33 30 at
2048 4955 19 33 7
2082 4965 78 22 a.m.

1705 5118 118 34 Orders
1835 5117 49 33 for
1895 5114 63 35 Job
1970 5114 150 44 Printing
2132 5125 36 23 or
2180 5114 282 36 Advertisements

1705 5182 42 44 by
1762 5186 73 40 post
1849 5191 37 23 or
1901 5179 166 44 telegraph
2093 5178 68 34 will
2186 5179 124 34 receive
2331 5184 133 39 prompt

2001 5240 172 34 attention.

1714 5412 164 75 The
1924 5409 233 95 Lyell
2203 5409 263 75 Times

1755 5674 209 36 CENTRAL
2002 5672 186 38 BULLER
2225 5670 206 38 GAZETTE

2011 5797 172 27 6EXEKAL

1715 5894 106 51 JOP
1881 5891 290 54 PRINTING
2242 5889 230 61 OFFICE,

1962 6013 56 37 FF
2049 6013 74 42 ST.,
2156 6013 158 37 LYELL.

2554 232 99 38 THE
2679 231 165 38 STAMP
2872 232 102 47 ACT,
3005 235 99 36 1*75.

2526 353 17 34 A
2552 350 451 37 UTlON.—Transferors
3019 351 69 37 and
3102 359 100 29 trans

2565 404 51 35 fer
2636 405 70 35 tees
2726 404 33 35 in
2777 404 77 44 pold
2878 402 134 42 mining
3025 403 67 38 and
3107 402 104 38 oth«i*

2451 470 73 24 com
2532 456 119 50 paries
2682 454 69 40 and
2785 456 166 38 societies
2981 471 60 23 are
3072 457 138 39 warned

2451 511 133 37 against
2614 511 190 44 executing
2833 521 65 34 any
2940 511 216 34 instrument
3175 508 40 37 »f

2452 560 69 37 sale
2540 574 40 24 or
2599 564 153 36 transfer
2773 564 118 35 unless
2907 561 60 39 the
2981 574 102 26 name
3097 567 34 33 of
3151 571 61 29 t&e

2454 613 188 44 purchaser
2677 628 39 21 or
2752 616 198 35 transferee
2991 615 29 35 is
3053 616 157 36 iuserted

2455 664 134 37 therein
2624 674 37 28 at
2698 681 40 22 or
2770 668 118 37 before
2923 668 60 37 the
3020 676 189 30 execution

2455 717 142 41 thereof,
2621 730 20 23 a
2661 718 185 38 maximum
2882 720 143 44 penalty
3045 723 37 33 of
3108 722 103 35 £IOO

2456 769 107 35 under
2608 772 133 35 section
2787 774 76 40 103,
2909 773 103 44 being
3045 772 165 37 incurred

2455 818 156 50 thereby.
2663 821 78 51 Any
2759 825 83 35 such
2857 825 227 44 instrument,
3100 837 84 23 more-

2456 884 94 31 over,
2569 887 37 21 to
2622 874 120 45 signed
2764 875 28 36 is
2822 878 200 44 absolutely
3044 877 77 34 veid
3141 874 70 36 and

2458 923 225 49 inoperaiive,
2714 927 68 38 and
2810 927 83 38 does
2920 934 62 31 not
3002 929 118 36 divest
3151 925 62 37 the

2459 981 191 33 transferor
2668 984 34 31 of
2737 980 52 36 his
2804 980 150 37 interest
2973 979 152 46 therein,
3143 978 69 38 aud

2458 1028 41 38 he
2519 1032 147 38 remains
2684 1033 105 39 liable
2808 1035 147 37 thereon
2975 1048 37 24 as
3031 1034 29 37 if
3087 1035 41 35 he
3149 1032 63 39 had

2460 1093 103 26 never
2581 1083 165 49 disposed
2764 1089 35 33 of
2831 1086 60 36 the
2911 1100 106 23 same.
3085 1084 34 38 It
3154 1085 61 35 the

2459 1137 193 37 transferor
2685 1139 40 37 be
2745 1151 19 26 a
2796 1138 155 39 licensed
2978 1138 237 39 sharebroker

2460 1187 50 36 his
2530 1188 128 38 license
2691 1191 30 37 is
2752 1192 166 37 forfeited
2949 1206 45 22 on
3014 1190 203 38 conviction

2459 1242 64 33 and
2544 1240 188 40 thereafter
2763 1244 41 36 he
2823 1246 28 34 is
2880 1244 220 50 disqualified
3132 1243 91 37 from

2459 1293 118 47 actiug
2606 1309 38 23 as
2677 1310 20 24 a
2716 1297 128 37 broker
2862 1311 40 23 or
2932 1302 88 33 from
3058 1294 123 51 having
3203 1310 21 27 a

2462 1345 90 37 fresh
2574 1346 129 39 iicense
2716 1349 116 37 issued
2853 1357 36 28 to
2905 1350 80 36 him.

2554 1477 301 37 POSTAGE
2907 1479 221 35 KATB3.

2686 1621 106 26 TOWJT
2823 1621 175 26 LiTTBES.

2512 1661 127 34 Posted
2672 1669 38 28 at
2737 1674 67 33 any
2839 1662 86 34 Post
2959 1660 110 36 Office
3105 1660 124 36 within

2462 1722 59 37 the
2540 1722 124 49 colony
2684 1724 53 36 for
2756 1722 156 49 delivery
2930 1727 36 32 at
2984 1734 40 25 or
3036 1721 90 38 from
3142 1722 87 37 such

2465 1784 84 37 Post
2570 1785 111 38 Office
2702 1798 56 24 ;

2467 1854 68 37 Not
2552 1855 193 43 exceeding
2764 1854 74 37 half
2855 1867 43 24 an
2919 1867 114 24 ounce

2470 1908 196 43 Kxcceding
2686 1907 74 36 half
2775 1919 43 24 an
2838 1919 125 32 ounce,
2994 1908 64 37 but
3076 1912 64 32 not

2510 1961 194 41 exceeding
2723 1973 67 23 one
2810 1973 115 22 ounce
3098 1991 37 7 ...
3190 1962 9 35 \

2468 2010 67 38 Fir
2551 2023 108 28 everv
2681 2011 74 36 half
2770 2023 115 24 ounce
2903 2023 82 25 over
3004 2023 68 26 one
3102 2042 37 10 ...
3194 2012 44 39 Id

2662 2092 176 25 COmrrfcY
2858 2092 176 28 LETTBRg.

2517 2132 126 39 Posted
2664 2140 37 29 at
2718 2145 68 37 any
2818 2138 80 42 post
2914 2132 101 40 office
3034 2133 123 40 within
3177 2134 62 42 the

2467 2198 123 48 colony
2628 2200 54 34 for
2719 2196 159 50 delivery
2909 2204 38 31 at
2978 2212 40 23 or
3050 2200 89 37 from
3171 2213 70 38 any

2467 2260 104 38 other
2584 2268 78 43 post
2677 2259 100 39 office
2798 2260 121 40 within
2941 2260 61 40 the
3018 2265 199 50 colony:—

2472 2331 72 35 Not
2562 2332 194 44 exceeding
2775 2331 75 37 half
2865 2345 44 23 an
2930 2347 115 22 ounce

2475 2382 196 50 Exceeding
2691 2383 72 39 half
2780 2396 44 26 an
2843 2396 126 38 ounce,
2989 2385 63 40 but
3081 2390 64 35 net

2514 2441 193 45 exceeding
2723 2452 67 22 one
2808 2452 115 25 eunce

2475 2489 65 40 For
2574 2505 103 34 every
2710 2489 74 42 ai!f
2815 2504 115 28 ounce
2958 2506 86 26 ever
3077 2507 68 26 ene

2517 2558 115 24 ounce

2623 2639 238 26 JJJSTKILIA.X
2888 2639 195 27 COLOXIKB.

2474 2700 73 35 Xot
2563 2702 195 43 exceeding
2777 2701 75 36 half
2874 2714 42 24 an
2937 2715 112 23 ounce
3101 2733 37 9 ...
3191 2707 7 15 *

2476 2751 197 50 Exceeding
2691 2752 76 40 half
2792 2767 43 25 an
2855 2768 123 33 ounce,
3000 2754 62 40 but
3081 2762 63 33 Hot

2518 2809 191 44 exceeding
2728 2820 66 24 one
2813 2821 114 25 ounce
3099 2836 34 8 ...
3186 2808 31 37 4<

2475 2858 67 37 For
2575 2872 101 37 every
2710 2859 73 38 half
2814 2874 113 23 ounce
3074 2871 67 24 eae

2518 2924 113 24 ounce

2498 3002 173 27 SNULi.NO
2698 3003 74 26 AND
2798 2999 167 28 FOBIISX
2983 2999 225 30 COUYTRIBB.

2684 3073 68 35 Per
2771 3073 91 36 Half
2889 3074 140 37 Ounce.

2478 3124 130 38 United
2634 3124 188 47 Kingdom,
2855 3127 53 33 via
2936 3130 67 30 Sau
3031 3126 90 38 Frau-

2520 3188 92 25 cisco
2630 3175 69 38 and
2726 3179 89 34 Suez
3102 3200 40 12 ...
3193 3188 5 27 i

2480 3229 129 38 United
2645 3232 120 35 States
2798 3228 40 37 of
2878 3227 176 46 America,
3095 3230 54 36 via

2522 3283 68 34 San
2612 3280 193 38 Francisco
3109 3310 37 9 ...
3198 3283 9 36 (

2477 3334 183 38 Sandwich
2680 3334 152 46 Islands,
2861 3333 54 39 via
2949 3332 70 38 San
3040 3332 87 39 Fran-

2523 3401 95 25 citco

2479 3440 179 38 Canadian
2706 3439 223 47 Dominions,
2972 3440 57 36 via
3083 3440 71 38 San

2527 3492 194 42 Francisco
2921 3527 37 8 ...
3111 3527 37 8 ...
3202 3497 5 36 J

2485 3547 129 36 British
2635 3547 190 35 Columbia

2485 3600 101 40 West
2605 3598 122 40 Indies

2483 3653 153 42 Mexico,
2654 3652 54 35 via
2724 3653 69 34 San
2814 3652 197 36 Fransi^e

2483 3704 146 41 Central
2653 3705 165 39 America

2484 3759 109 46 South
2614 3758 176 47 America,
2806 3758 56 39 via
2876 3760 70 37 San
2965 3758 190 40 Francisco

2741 3840 262 26 aeWSP4J»BRB.

2490 3899 125 36 Posted
2650 3911 21 24 a
2718 3911 68 30 any
2817 3897 101 38 office
2951 3897 124 39 within
3102 3898 63 38 the

2529 3952 125 48 colony
2675 3958 55 30 tor
2748 3950 156 50 delivery
2923 3956 37 32 at
2988 3949 60 39 the
3066 3963 96 27 same

2530 4003 101 37 office
2929 4034 36 7 ...
3117 4029 41 12 ...
3208 4007 9 45 \

2490 4055 126 40 Posted
2647 4064 38 30 at
2714 4068 68 38 any
2815 4054 101 40 office
2947 4054 124 40 within
3100 4056 62 41 the

2530 4111 125 47 colony
2676 4111 54 35 for
2749 4110 154 46 delivery
2923 4120 36 26 at
2974 4123 67 35 any
3059 4111 106 38 oiher

2532 4161 99 37 office
2649 4161 119 35 within
2789 4162 61 34 the
2867 4162 128 44 colony

2488 4212 204 38 Australian
2711 4210 170 39 Colonies
3124 4245 36 8 ...
3214 4210 3 43 .

2491 4265 131 37 United
2647 4263 180 46 Kingdom

2677 4341 66 40 Vu
2762 4345 68 34 Sun
2861 4341 207 42 Franciaeo.

2489 4407 133 38 United
2645 4409 118 33 States
2782 4409 34 33 of
2838 4407 166 36 America

2489 4459 183 40 Sandwich
2694 4459 139 38 Islands

2490 4512 177 36 Canadian
2691 4511 32 36 D
2728 4512 176 35 uninious
3121 4544 38 9 ...
3212 4519 5 32 \

2495 4563 129 39 British
2647 4563 188 40 Columbia
3122 4598 38 9 ...
3212 4570 5 37 J

2496 4617 98 37 West
2614 4616 123 38 Indies
3120 4650 37 9 ...
3211 4623 6 36 J

2492 4668 144 37 Mexico
3123 4703 36 8 ...
3212 4677 5 32 !

2492 4720 146 39 Central
2660 4722 162 37 America
3123 4755 37 10 ...
3213 4720 4 45 :

2492 4772 113 39 South
2626 4776 186 36 Amerrica

2728 4859 102 26 BOOK
2857 4861 166 26 PACKETS

2500 4922 124 37 Ported
2655 4926 38 33 at
2720 4935 68 37 any
2820 4924 98 36 office
2951 4925 123 35 within
3108 4925 61 37 the

2540 4977 126 49 colony
2686 4975 55 37 for
2759 4976 155 46 delivery
2932 4983 36 30 at
2988 4976 60 37 the
3062 4989 108 36 same,

2542 5028 123 38 within
2702 5028 62 37 the
2798 5028 137 49 colony,
2971 5028 61 38 the
3076 5031 96 37 Aus»

2544 5083 127 36 tralian
2874 5095 39 24 or
2943 5081 61 38 the
3034 5081 139 41 United

2547 5134 181 43 Kingdom
2827 5165 36 9 ...
2966 5136 62 36 loz

2827 5218 37 8 ...
2963 5190 65 36 2os

2829 5270 36 8 ...
2966 5240 61 46 ilb
3130 5273 36 9 ...

2613 5309 38 20 .j
2831 5323 36 8 ...
2972 5293 57 39 lib

2505 5345 112 49 Every
2651 5344 195 39 additional
2876 5347 132 47 pound,
3025 5361 40 24 or
3085 5348 76 40 frac-

2548 5397 112 38 tional
2676 5405 79 42 part
2773 5402 35 33 ot
2827 5412 21 23 a
2868 5401 123 46 pouud

2705 5476 68 41 Via
2791 5479 68 39 San
2883 5478 205 45 Francisco.

2510 5552 131 39 United
2677 5552 131 45 States,
2839 5568 105 38 every
2982 5557 61 45 ilb

2508 5606 182 38 Sandwich
2712 5607 136 39 Islands

2510 5659 177 39 Canadian
2711 5660 211 41 Dominions
2998 5694 21 18 „

2514 5711 129 39 Brit'ah
2665 5713 190 41 Columbia
3001 5749 19 19 „

2516 5765 101 38 West
2635 5766 126 39 Indies
