2569 4060
1359 734 169 25 SHIPPING
1545 735 278 27 INTELLIGENCE.

1519 786 143 21 ARRIVED.

1324 812 101 27 January,
1437 814 34 23 18,
1481 814 103 21 schooner
1598 814 123 26 Richmond,
1733 815 35 25 30,
1787 814 98 24 Sinclair,

1297 840 54 21 from
1362 840 89 27 Poverty
1462 841 53 26 Bay.

1324 867 94 27 January
1428 868 32 26 19,
1472 869 101 20 schooner
1584 869 113 20 Susannah
1705 870 57 24 Ann,
1774 870 35 24 79,
1826 871 59 25 tons,

1298 895 126 26 Doughirty,
1434 895 54 21 from
1499 896 102 20 Chatham
1612 896 92 21 Islands.
1877 901 14 23 jg

1532 935 125 26 SAILED?
1787 951 45 13 .**«

1324 971 93 27 January
1429 973 25 20 18
1464 972 104 21 schooner
1586 973 53 20 New
1650 972 123 28 Zealander,
1785 973 101 25 27^tons,

1298 998 101 27 Croseby,
1411 998 84 28 Cloudy
1504 1000 58 26 Bay.'
1744 1006 7 5 v
1859 997 19 17 **

1324 1026 60 21 Same
1395 1026 46 27 day,
1459 1027 79 26 barque
1547 1027 81 20 Prince
1641 1028 29 25 of
1682 1028 76 25 Wales,
1770 1029 42 20 582
1829 1030 57 23 tons,

1297 1053 125 26 Alexander,
1433 1054 34 21 for
1477 1053 91 27 Sydney.
1728 1073 3 5 ,
1827 1052 7 8 *

1520 1102 34 18 IN
1570 1102 88 19 PORT.

1325 1132 82 26 Barque
1422 1132 119 26 Clydeside,
1560 1133 42 20 256
1619 1135 60 23 tons,
1695 1134 88 26 Adams,
1802 1135 83 27 loading

1297 1160 32 20 for
1338 1160 99 20 London.
1465 1160 68 21 Waitt
1541 1161 43 20 and
1594 1160 77 27 Tyser,
1678 1162 92 26 Agents.

1322 1187 84 27 Barque
1412 1188 130 26 Indemnity,
1549 1189 43 20 450
1608 1192 62 23 tons,
1683 1190 89 26 Adams,
1784 1191 101 27 refitting.

1297 1214 88 27 Agents,
1394 1215 70 21 Waitt
1471 1216 43 20 and
1523 1216 78 26 Tyser.

1300 1257 4 2 •
1323 1242 109 21 Schooner
1454 1244 58 25 Ann,
1537 1245 26 20 22
1589 1247 59 23 tons,
1673 1245 86 26 Brown,
1783 1247 44 21 laid
1850 1253 35 22 up.

1297 1270 76 26 Agent,
1383 1271 68 20 Waitt
1460 1272 42 19 and
1512 1272 75 26 Tyser.

1323 1298 110 21 Schooner
1443 1299 80 25 Maori,
1536 1301 24 19 15
1571 1304 61 17 tons.

1323 1325 109 21 Schooner
1443 1327 106 20 Governor
1564 1329 94 25 Hobson,
1668 1329 27 20 40
1706 1331 58 24 tons,
1775 1330 110 27 Crumner,

1297 1353 87 26 Agents,
1396 1354 57 20 Hort
1463 1355 41 20 and
1515 1355 39 21 Co.
1584 1355 36 21 On
1630 1357 37 20 the
1678 1357 48 26 slip,
1737 1358 115 25 repairing.

1323 1381 109 21 Schooner
1450 1382 62 25 Jane,
1531 1383 25 20 15
1577 1385 58 25 tons,
1656 1384 85 27 Vendy.
1771 1385 21 21 J.
1812 1385 73 20 Wade.

1297 1409 78 26 Agent.

1322 1436 235 26 Brigantine^n'e/104
1568 1440 58 23 tons,
1635 1437 144 24 Cruikshank.
1808 1439 77 27 Agent,

1297 1463 142 21 Cruikshank.

1323 1491 144 21 Government
1476 1492 46 27 brig
1534 1493 102 24 Victoria,
1648 1494 41 19 200
1699 1495 57 24 tons,
1768 1494 76 25 Nagle.

1324 1518 71 21 Ketch
1405 1519 79 26 Clown,
1502 1520 40 20 104
1552 1522 58 23 tons,
1627 1521 131 27 Thompson.
1787 1521 98 27 Captain,

1297 1546 76 25 Agent.
1473 1559 5 7 ,

1323 1573 109 20 Schooner
1440 1574 54 25 Imp,
1511 1574 27 21 20
1549 1577 56 25 tons,
1623 1575 84 27 Spring.
1737 1576 99 22 Johnson
1845 1576 40 21 and

1297 1600 83 24 Moore,
1390 1601 88 25 Agents.

1324 1628 67 26 Sloop
1399 1629 68 24 Royal
1479 1629 101 25 William,
1592 1630 27 20 43
1629 1632 57 22 tons,
1697 1630 84 22 Lovett.

1324 1655 75 21 Cutter
1425 1654 110 26 VicXwici,
1556 1658 28 19 38
1603 1660 56 22 tons,
1679 1658 62 26 Jury.
1788 1658 97 28 Captain,

1297 1684 77 24 Agent.

1324 1710 108 21 Schooner
1440 1711 122 25 Richmond,
1573 1713 28 19 30
1610 1714 57 25 tons,
1678 1713 98 21 Sinclair.
1806 1713 79 27 Agent,

1297 1738 137 21 Fitzherbert.
1600 1755 2 8 ,

1324 1765 108 20 Schooner
1448 1766 106 21 Susannah
1568 1767 56 25 Ann,
1638 1767 32 21 79
1681 1770 56 22 tons,
1758 1768 127 28 Doughirty.

1297 1792 75 24 Wade,
1383 1793 77 23 Agent.

1469 1844 124 21 CUSTOM
1609 1846 109 21 HOUSE.

1444 1900 115 21 Inwards
1561 1912 26 4 —
1590 1901 147 22 Coastwise.

1288 1936 2 23 |
1324 1931 29 21 In
1363 1938 47 14 the
1566 1940 63 14 from
1638 1934 139 21 Auckland.
1779 1945 28 4 —
1808 1936 77 24 Agent,

1288 1969 2 19 j
1298 1960 97 25 Captain.
1396 1971 26 4 —
1424 1960 12 20 5
1456 1961 51 25 bags
1523 1962 74 19 coffee.
1625 1961 126 27 Passengers
1752 1974 27 4 —
1779 1962 44 21 Mr.
1843 1963 43 20 and

1288 1995 2 21 |
1297 1987 55 20 Mrs.
1372 1987 65 26 King,
1455 1988 42 21 Mr.
1518 1988 62 25 Ross,
1599 1992 40 17 two
1659 1989 103 24 children,
1783 1989 42 20 and
1845 1992 41 18 two

1297 2017 102 23 servants,
1410 2015 85 21 Messrs.
1507 2016 99 25 Thomas,
1624 2016 133 25 Henderson,
1767 2017 43 19 and
1828 2017 59 20 Mar-

1297 2042 61 19 shall.
1410 2049 8 8 -
1429 2058 3 3 .
1472 2041 3 4 '

1324 2067 30 20 In
1364 2073 46 14 the
1540 2074 66 14 from
1615 2069 150 20 Wanganc/i.
1766 2080 28 4 —
1794 2069 94 20 Johnson

1298 2094 42 21 and
1352 2095 79 25 Moore,
1443 2096 85 23 Agents.
1530 2108 27 3 —
1558 2096 26 19 21
1602 2096 54 25 pigs,
1667 2095 13 20 6
1696 2096 91 23 shovels,
1799 2096 13 19 6
1830 2101 58 14 cases

1298 2128 57 20 soap,
1377 2122 12 20 6
1408 2122 78 20 barrels
1502 2122 98 25 oatmeal,
1617 2123 14 19 3
1650 2123 79 20 barrels
1747 2122 106 26 herrings,
1876 2124 10 19 1

1298 2150 70 20 swivel
1377 2155 49 19 gun,
1438 2150 11 19 1
1460 2155 47 14 case
1517 2152 72 24 empty
1596 2151 50 24 jars,
1658 2151 13 18 2
1686 2156 59 14 cases
1756 2150 76 20 bacon.

1325 2176 28 21 In
1363 2183 45 14 the
1618 2183 63 14 from
1690 2178 82 20 Table
1783 2178 74 21 Caff.
1861 2190 28 4 —

1297 2204 88 23 Master,
1395 2204 76 26 Agent.
1472 2216 27 4 —
1499 2206 26 19 31
1536 2204 54 27 pigs,
1601 2205 13 19 4
1625 2208 49 17 tons
1683 2208 105 23 potatoes,
1800 2206 12 20 9
1827 2205 61 21 casks

1298 2231 40 20 salt
1347 2232 61 25 pork,
1427 2232 9 19 1
1449 2232 77 20 bundle
1542 2232 130 23 whalebone,
1691 2233 11 19 1
1721 2234 47 19 cwt.
1786 2232 53 25 lard,
1860 2234 27 19 35

1298 2259 49 25 bags
1357 2265 58 17 corn,
1427 2260 26 19 13
1462 2260 67 23 hams,
1540 2260 28 20 14
1570 2264 5 10 J
1577 2260 55 19 sides
1643 2260 76 22 bacon,
1731 2260 27 20 16
1768 2263 47 18 cwt.
1829 2261 60 25 pearl

1298 2286 60 21 shell.
1383 2286 122 26 Passengers
1507 2299 26 4 —
1534 2286 43 21 Mr.
1585 2286 41 21 and
1634 2286 53 21 Mrs.
1694 2287 74 20 Tulett
1773 2288 43 20 and
1822 2288 66 25 child,

1298 2314 89 22 Messrs.
1398 2314 120 24 Skillicorn,
1531 2314 68 21 Smith
1611 2314 41 20 and
1662 2314 86 27 Haphy.

1397 2369 11 8 '"
1443 2375 141 17 outwards,
1602 2375 147 15 coastwise.

1326 2401 29 21 In
1371 2407 46 15 the
1430 2401 122 27 J'Kate,"
1574 2408 46 14 for
1638 2402 61 21 New
1718 2402 134 21 Plymouth

1298 2428 122 26 Machattie,
1439 2425 117 30 Agenft—l
1578 2430 65 19 tierce
1661 2430 95 25 tobacco,
1779 2430 40 20 160
1838 2430 50 26 bags

1298 2462 69 20 sugar,
1379 2457 25 20 10
1415 2456 63 21 boxes
1487 2457 43 24 tea?
1538 2458 13 19 4
1563 2457 55 20 rolls-
1625 2457 89 24 leather,
1725 2459 13 18 2
1747 2458 51 25 bags
1816 2458 72 24 coffee,

1299 2484 26 21 73
1334 2482 51 28 bags
1395 2483 50 26 rice,
1457 2484 15 22 1.
1478 2484 46 20 bale
1530 2484 104 26 blankets,
1646 2485 11 19 1
1666 2491 48 14 case
1725 2485 81 20 British
1814 2486 74 25 goods,

1298 2513 13 20 2
1328 2512 57 20 bales
1399 2512 104 24 blankets,
1522 2512 11 20 1
1551 2512 51 20 cask
1618 2512 94 26 -vinegar,
1734 2513 11 20 1
1763 2513 51 20 cask
1831 2514 59 24 pearl

1298 2540 78 26 barley,
1387 2540 12 19 3
1481 2540 94 23 candles,
1592 2540 13 19 2
1617 2545 57 14 cases
1692 2539 81 21 British
1783 2541 73 25 goods,
1877 2542 10 19 1

1298 2568 60 19 chest
1368 2568 42 22 do.,
1422 2568 12 19 1
1444 2567 46 20 bale
1497 2567 104 25 blankets,
1613 2568 11 19 1
1638 2573 46 14 case
1691 2573 59 21 navy
1755 2567 48 21 blue
1812 2568 76 26 prints,

1298 2595 41 20 220
1349 2594 121 26 bags-flour,
1481 2595 12 19 5
1508 2594 50 26 bags
1568 2601 70 19 sugar,
1651 2595 10 20 1
1672 2595 61 20 chest
1749 2597 41 22 tea,
1801 2596 13 19 2
1831 2596 58 20 bales

1298 2622 103 24 blankets,
1413 2622 12 20 6
1436 2627 57 15 cases
1502 2622 67 26 pipes,
1581 2623 13 19 5
1605 2622 64 20 boxes
1685 2628 59 21 soap,
1755 2623 13 20 2
1780 2625 81 21 horses,
1876 2625 12 19 2

1298 2649 103 25 bullocks,
1412 2650 13 19 2
1435 2649 101 26 packages
1546 2649 65 27 slops,
1622 2650 13 20 4
1652 2656 62 19 guns,
1725 2651 13 19 4
1749 2651 63 19 casks
1821 2650 30 21 N.
1862 2651 26 20 Z.

1298 2676 62 27 pork,
1371 2677 21 20 2*
1394 2676 61 21 casks
1464 2676 48 20 salt.

1326 2703 28 21 In
1364 2710 47 14 the
1445 2703 144 21 {Catherine
1759 2710 47 16 for
1815 2705 73 21 Wan-

1300 2737 84 15 ganui.
1385 2742 26 4 —
1413 2731 89 25 Master,
1518 2732 78 25 Agent:
1598 2742 26 5 —
1625 2733 27 19 33
1662 2732 51 26 bags
1730 2733 50 24 rice,
1794 2733 25 20 15
1839 2733 51 26 bags

1298 2765 70 20 sugar,
1380 2760 10 20 1
1406 2759 51 20 hhd.
1467 2759 81 26 sherry,
1567 2760 10 19 1
1591 2766 46 14 case
1653 2760 117 24 chocolate,
1782 2761 11 19 1
1812 2761 78 20 bundle

1298 2787 83 26 spades,
1392 2787 12 20 2
1415 2792 57 14 cases
1481 2787 105 24 sundries,
1600 2788 10 19 1
1621 2793 48 15 case
1682 2789 63 24 glass,
1757 2789 13 19 2
1780 2788 47 20 doz.
1843 2789 47 20 iron

1298 2819 56 21 pots,
1364 2814 16 24 i
1389 2814 49 20 cask
1448 2814 96 25 tobacco,
1555 2816 13 19 2
1578 2816 50 25 bags
1644 2822 70 19 sugar,
1726 2816 12 20 2
1749 2816 35 21 do.
1796 2816 61 24 flour,
1878 2816 10 20 1

1299 2842 74 26 barrel,
1386 2843 10 19 1
1408 2844 154 24 portmanteau,
1573 2843 13 19 2
1600 2848 59 15 cases
1669 2843 66 26 slops,
1747 2844 12 19 2
1770 2850 57 14 cases
1844 2843 44 26 gin,

1298 2870 14 20 2
1322 2869 50 27 bags
1382 2876 69 19 sugar,
1462 2870 13 20 2
1484 2869 37 21 do.
1530 2870 61 26 flour,
1605 2870 11 21 1
1627 2870 69 21 barrel
1711 2870 71 25 bread,
1794 2872 11 19 1
1816 2872 73 23 trunk,

1301 2898 9 19 1
1328 2897 40 26 bag
1377 2903 68 20 sugar,
1465 2898 11 19 1
1495 2897 40 20 box
1550 2898 112 26 groceries,
1674 2899 11 19 1
1702 2898 69 21 barrel
1787 2898 72 23 bread.
1878 2900 10 19 1

1298 2924 92 27 package
1399 2924 94 25 tobacco,
1505 2926 11 19 1
1528 2925 52 21 hhd.
1591 2925 43 26 gin,
1645 2926 13 19 4
1669 2926 51 26 bags
1728 2932 70 20 sugar,
1810 2927 10 24 J
1831 2926 59 20 chest

1298 2954 42 22 tea,
1350 2952 13 20 4
1370 2954 48 19 cwt.
1426 2952 47 25 salt,
1481 2953 12 20 2
1503 2952 52 26 bags
1559 2953 63 24 flour,
1634 2954 11 20 1
1653 2953 35 20 do.
1695 2959 69 21 sugar,
1773 2953 118 22 household

1298 2979 112 21 furniture.
1451 2980 124 26 Passengers
1577 2992 26 4 —
1605 2981 43 20 Mr.
1669 2980 80 24 Hulke,
1770 2980 119 28 andjMiss

1297 3006 113 23 Williams.
1778 3008 9 16 '.
1867 3011 21 23 $

1326 3034 30 21 In
1372 3040 46 15 the
1461 3034 60 21 New
1726 3039 47 16 for
1791 3034 99 21 CiTottdy

1297 3062 90 21 Bay.—
1390 3063 67 20 Waitt
1467 3063 42 20 and
1519 3063 72 26 Tyser,
1609 3063 88 25 Agents.
1697 3072 29 4 —
1726 3062 12 20 1
1747 3061 71 21 barrel
1827 3057 64 30 'rum,'

1299 3090 11 20 1
1330 3090 40 26 bag
1389 3096 68 20 sugar,
1477 3090 11 20 1
1509 3090 71 26 parcel
1598 3089 106 20 sundries.
1725 3085 164 30 'Passengers-

1297 3117 119 25 Robinson,
1428 3117 108 27 Regester,
1547 3116 42 21 and
1598 3115 104 22 Diibloes.
1761 3123 11 15 /

1507 3606 171 24 FREIGHTS.

1317 3803 41 15 The
1364 3802 100 16 following-
1470 3806 32 12 are
1510 3802 34 16 the
1551 3803 81 15 quarter
1642 3801 48 17 days
1698 3803 25 15 of
1726 3803 43 15 this
1777 3808 94 10 paper:—

1403 3830 69 18 March
1735 3831 52 17 31st.

1402 3852 54 18 June
1521 3862 15 7 ..
1735 3852 55 17 30th.

1402 3872 114 23 September
1735 3872 56 19 30th.

1402 3894 109 19 December
1737 3895 51 17 31st.

1318 3920 83 20 Persons
1406 3920 112 24 previously
1523 3922 23 17 to
1558 3920 150 24 discontinuing
1718 3920 55 19 their
1778 3925 71 19 paper?
1855 3921 36 19 an)

1296 3948 171 24 advertisements,
1471 3950 55 18 must
1533 3949 59 19 settle
1598 3949 35 19 the
1643 3949 96 19 accounts
1745 3949 40 19 due
1791 3953 27 20 up
1829 3950 22 18 to
1860 3949 31 19 the

1290 3970 61 28 fdatt.

1899 504 94 68 New
2024 504 219 68 Zealand
2274 504 219 68 Gazette

1899 572 71 68 AND
1994 572 237 68 WELLINGTON
2255 572 238 68 SPECTATOR.

2016 640 131 26 Saturday,
2164 642 110 23 January
2288 644 33 24 21,
2333 644 61 22 1843.

1947 690 51 24 The
2011 690 114 32 following
2136 698 96 19 account
2250 695 26 23 of
2290 695 38 23 the
2342 694 157 26 disturbances

1915 727 24 20 at
1956 724 130 31 Tauranga,
2104 725 102 24 between
2229 727 38 23 the
2280 727 95 24 Natives
2398 729 26 23 of
2450 729 49 24 that

1914 757 63 30 place
1989 757 44 23 and
2045 757 38 24 the
2099 757 99 25 Maketu
2215 759 103 31 Natives,
2329 769 34 15 we
2382 761 57 23 have
2457 770 42 15 ex-

1915 790 86 24 tracted
2017 790 60 24 from
2096 790 48 26 Mr.
2163 791 91 30 Spain's
2273 793 70 32 diary,
2363 795 75 24 which
2457 795 43 24 has

1915 823 56 23 been
1982 824 90 30 printed
2083 824 23 23 in
2116 817 41 32 the
2172 824 60 25 New
2248 826 105 25 Zealand
2364 827 101 24 Colonist
2475 828 27 24 of

1916 856 104 31 Tuesday
2033 856 52 24 last.

1949 894 24 23 It
1990 894 76 24 would
2083 903 82 23 appear
2184 897 31 30 by
2227 897 38 23 the
2283 902 65 27 entry
2359 898 27 24 of
2399 898 39 25 the
2456 898 44 26 3rd

1915 927 136 30 December,
2065 927 37 24 the
2117 927 103 26 Victoria
2236 931 53 30 brig
2300 931 112 24 anchored
2425 932 23 23 in
2460 932 41 24 the

1917 960 109 24 Harbour
2038 961 25 23 of
2071 961 130 32 Tauranga.
2238 963 62 24 That
2311 965 40 22 she
2363 972 45 16 was
2420 965 82 24 visited

1916 993 28 32 by
1956 993 39 24 the
2011 994 93 24 Church
2125 995 159 24 Missionaries
2303 997 97 24 Messrs.
2415 997 84 25 Brown

1916 1026 43 24 and
1971 1026 102 32 Kisling,
2086 1028 43 23 and
2141 1028 48 23 also
2201 1028 31 31 by
2242 1037 14 15 a
2271 1029 62 32 large
2344 1038 70 16 ca'ioe
2424 1031 43 23 full
2477 1031 26 24 of

1916 1059 95 25 Natives
2022 1060 57 24 from
2092 1060 38 24 the
2143 1061 127 24 Otumaitai
2281 1063 52 24 Pah
2342 1072 7 15 :—:
2349 1075 35 6 —

1976 1098 70 24 From
2053 1099 39 23 the
2099 1104 122 20 statement
2226 1101 65 23 made
2299 1101 29 31 by
2334 1101 64 24 these
2403 1103 96 28 natives,

1916 1132 17 23 it
1944 1132 120 32 appeared,
2077 1132 48 25 that
2142 1133 68 24 about
2222 1141 13 16 a
2250 1134 112 31 fortnight
2373 1135 70 29 since,
2455 1139 45 20 two

1916 1164 136 32 Europeans
2071 1166 43 24 and
2133 1174 62 16 some
2215 1166 98 24 Maketu
2333 1167 87 24 natives
2437 1176 63 16 came

1916 1198 57 23 from
1982 1198 97 24 Maketu
2091 1200 24 22 in
2126 1198 46 23 this
2184 1199 60 29 boat,
2252 1199 77 24 bound
2336 1204 24 19 to
2367 1200 132 32 Auckland,

1916 1232 43 22 and
1977 1237 42 25 put
2039 1233 46 21 into
2104 1232 115 29 Katikati,
2231 1232 45 24 and
2292 1240 58 17 were
2370 1233 129 26 afterwards

1916 1263 101 24 delected
2039 1265 31 30 by
2090 1264 37 23 the
2152 1264 118 32 Taurangi
2292 1268 87 22 natives
2401 1268 99 31 stealing

1914 1301 103 27 potatoes
2045 1297 45 24 and
2117 1298 108 24 kumeras
2247 1299 59 24 from
2334 1299 59 25 their
2421 1301 78 31 tapu'd

1915 1330 95 30 ground,
2024 1331 52 28 and,
2095 1332 25 22 in
2139 1338 154 25 consequence
2311 1332 26 24 of
2352 1332 80 30 which,
2445 1334 54 31 they

1915 1363 76 23 seized
2002 1364 38 23 the
2052 1364 52 23 boat
2115 1364 45 24 and
2179 1372 67 24 cargo
2265 1364 137 33 (consisting
2414 1367 24 23 of
2447 1368 52 31 pigs

1915 1397 44 22 and
1976 1396 119 32 blankets)
2106 1406 26 15 as
2150 1403 108 29 payment
2269 1399 34 24 for
2321 1399 39 24 the
2379 1400 57 23 theft
2454 1400 44 25 and

1915 1435 107 25 trespass,
2045 1430 44 24 and
2116 1431 101 32 brought
2244 1432 41 23 her
2313 1432 35 24 to*
2365 1433 130 32 Tauranga.

1915 1463 92 31 During
2019 1463 38 23 the
2067 1463 79 31 affray,
2158 1465 46 23 and
2215 1465 38 24 the
2266 1466 135 24 excitement
2416 1474 80 16 conse-

1915 1501 69 25 quent
2005 1505 62 22 upon
2087 1497 38 23 the
2144 1498 88 24 seizure
2253 1499 26 23 of
2294 1499 39 23 the
2349 1500 61 29 boat,
2428 1508 13 15 a
2457 1499 38 25 lad

1914 1529 70 24 about
2007 1532 31 21 12
2058 1538 65 23 years
2147 1531 25 22 of
2192 1539 41 23 age
2255 1531 136 33 (belonging
2412 1537 23 19 to
2458 1533 39 24 the

1915 1562 97 24 Maketu
2026 1562 68 33 tribe)
2106 1571 41 15 ran
2158 1571 63 24 away
2233 1570 24 18 to
2268 1564 38 24 the
2317 1566 59 23 bush
2386 1564 111 33 (through

1914 1595 47 24 fear
1979 1597 18 23 it
2015 1597 20 23 is
2053 1596 124 32 supposed)
2189 1597 44 24 and
2248 1591 47 37 )ias
2306 1603 41 19 not
2363 1600 63 23 since
2439 1599 59 24 been

1914 1628 69 25 heard
1995 1630 31 23 of.
2057 1630 83 24 About
2151 1630 45 24 this
2208 1631 56 23 time
2273 1631 76 24 James
2361 1632 98 29 Farrow,
2468 1640 30 16 an

1914 1662 131 31 European,
2058 1663 25 24 of
2097 1663 129 32 Tauranga,
2238 1665 77 23 bound
2335 1669 23 20 to
2375 1665 39 24 the
2431 1666 67 24 north

1914 1695 54 24 with
1980 1704 14 15 a
2006 1703 67 24 cargo
2085 1696 26 24 of
2125 1697 44 23 live
2187 1698 60 31 pigs,
2260 1705 46 16 was
2321 1698 89 32 obliged
2424 1703 20 19 to
2455 1704 44 27 put

1914 1729 47 23 into
1979 1729 105 24 Katikati
2100 1738 29 15 on
2141 1736 96 18 account
2248 1731 25 22 of
2283 1731 44 24 bad
2338 1731 104 30 weather,
2454 1733 45 23 and

1914 1766 47 20 met
1972 1763 55 23 with
2045 1763 38 24 the
2094 1767 45 20 two
2159 1764 100 24 Maketu
2271 1765 95 28 natives,
2379 1766 49 22 who
2440 1773 59 17 were

1914 1795 24 23 in
1961 1795 38 26 the
2022 1795 53 25 boat
2096 1797 66 23 when
2186 1797 40 23 she
2247 1805 45 16 was
2313 1799 74 22 seized
2408 1799 31 31 by
2459 1798 40 25 the

1915 1828 123 32 Tauranga
2055 1831 96 29 natives,
2170 1831 24 22 in
2213 1839 14 14 a
2241 1830 107 25 destitute
2368 1831 113 24 condition
2491 1841 7 20 ;

1915 1861 54 32 they
1975 1862 91 31 applied
2075 1868 22 19 to
2107 1863 94 24 Farrow
2211 1868 22 19 to
2245 1864 51 30 give
2308 1865 62 23 them
2380 1873 13 15 a
2404 1873 96 23 passage

1915 1896 22 22 in
1949 1895 37 23 his
1998 1896 53 24 boat
2063 1901 22 18 to
2097 1897 108 29 Maketu,
2217 1897 42 23 but
2276 1897 28 24 he
2317 1898 48 24 told
2375 1898 61 24 them
2452 1899 50 23 that

1914 1928 54 31 they
1979 1929 75 31 might
2072 1938 139 24 accompany
2220 1930 50 24 liim
2282 1936 22 18 to
2320 1932 76 23 where
2414 1932 29 23 he
2454 1940 48 15 was

1914 1962 75 23 bound
2002 1961 124 33 (Tauroa),
2139 1964 45 23 and
2196 1971 28 16 on
2243 1964 35 24 his
2289 1969 78 19 return
2384 1964 28 24 he
2427 1964 75 25 would

1914 1999 38 26 get
1970 1995 61 24 them
2052 1996 109 24 forwared
2179 2001 23 19 to
2221 1997 107 24 Maketu.
2365 1998 66 32 They
2446 2006 56 16 con-

1914 2027 79 22 sented
2006 2032 23 18 to
2038 2028 45 23 this
2095 2034 167 24 arrangement,
2271 2030 44 22 and
2325 2035 59 16 went
2390 2034 36 18 xim
2431 2032 71 21 board

1914 2058 55 24 with
1980 2058 56 29 him,
2050 2060 42 22 and
2103 2060 30 22 he
2140 2061 37 22 led
2189 2061 44 22 aud
2246 2061 89 23 clothed
2344 2060 70 25 them.
2449 2061 53 25 The

1914 2091 54 23 boat
1980 2098 46 16 was
2038 2091 92 24 moored
2140 2100 56 16 near
2208 2092 38 24 the
2264 2093 73 29 shore,
2350 2094 53 24 with
2422 2103 14 16 a
2445 2103 57 24 rope

1915 2123 58 24 from
1992 2124 39 24 the
2052 2130 61 18 stern
2132 2126 104 23 attached
2256 2131 23 18 to
2300 2127 27 28 it,
2346 2134 26 16 so
2396 2128 48 24 that
2461 2129 40 23 the

1915 2164 95 23 persons
2022 2166 28 15 on
2067 2158 70 24 board
2150 2159 66 23 could
2227 2159 54 23 land
2292 2164 22 19 at
2327 2168 43 23 any
2382 2161 61 29 time,
2455 2162 46 24 and

1916 2198 42 15 one
1977 2192 106 30 morning
2106 2192 93 23 Farrow
2218 2192 44 24 and
2282 2193 36 23 the
2337 2199 43 18 two
2403 2194 98 24 Maketu

1916 2225 87 23 natives
2020 2230 58 18 went
2090 2233 29 15 on
2132 2226 66 23 shore
2211 2230 22 19 to
2250 2225 52 24 look
2314 2231 24 19 at
2353 2227 38 24 the
2401 2228 99 24 weather

1915 2257 60 24 from
1980 2280 4 8 t
1986 2265 13 16 a
2010 2257 54 32 high
2078 2260 62 30 point
2161 2260 25 22 of
2203 2259 61 29 land,
2277 2260 74 24 where
2368 2261 54 31 they
2434 2261 67 24 could

1916 2291 76 23 obtain
2005 2299 14 15 a
2029 2291 56 24 view
2098 2292 107 30 seaward,
2219 2293 38 23 the
2269 2293 84 24 former
2363 2294 89 31 leaving
2463 2295 37 23 his

1916 2332 49 15 own
1978 2326 75 22 native
2064 2325 45 31 boy
2121 2333 28 15 on
2161 2326 79 28 board,
2257 2326 53 24 with
2323 2327 77 23 orders
2412 2331 22 21 to
2445 2328 55 24 look

1916 2357 58 24 after
1990 2357 37 25 the
2039 2358 52 24 boat
2103 2359 84 31 during
2198 2359 35 23 his
2245 2359 104 25 absence.
2386 2361 38 24 On
2441 2362 61 23 their

1916 2395 89 26 return,
2032 2391 37 24 the
2092 2396 44 19 two
2159 2394 89 22 natives
2270 2400 41 16 ran
2336 2394 65 23 down
2424 2394 78 24 before

1918 2423 100 30 Farrow,
2027 2425 97 32 jumped
2135 2427 47 22 into
2194 2426 39 24 the
2245 2426 60 29 boat,
2326 2432 38 18 cut
2374 2427 40 24 the
2426 2432 75 19 stern-

1916 2465 54 23 rope
1992 2459 103 23 attached
2116 2464 21 18 to
2158 2459 38 24 the
2213 2459 75 30 shore,
2309 2460 83 24 hauled
2412 2468 30 25 up
2462 2461 40 24 the

1917 2491 92 30 anchor,
2022 2492 44 23 and
2076 2496 43 28 put
2128 2497 23 19 to
2161 2500 47 16 sea.
2244 2492 48 25 Mr.
2306 2493 113 24 Farrow's
2426 2495 77 23 native

1916 2523 153 40 bov^njmped
2080 2527 48 22 into
2140 2526 39 23 the
2191 2529 69 21 water
2272 2526 46 24 and
2333 2531 40 27 got
2385 2535 29 15 on
2426 2527 76 30 shore,

1916 2550 119 31 fronrfear
2046 2558 25 24 of
2085 2559 71 31 being
2173 2559 165 30 tomahawked,
2353 2560 44 24 and
2408 2561 37 23 the
2457 2566 45 19 two

1916 2591 89 23 natives
2016 2592 119 30 menacing
2154 2592 49 24 Mr.
2216 2592 102 30 Farrow,
2331 2593 47 24 told
2394 2594 46 23 him
2452 2594 51 24 that

1916 2623 65 25 when
1994 2624 28 24 he
2101 2625 64 24 them
2183 2625 60 25 back
2262 2626 59 23 their
2331 2627 44 30 boy
2387 2625 115 33 (alluding

1917 2662 22 18 to
1952 2657 39 24 the
2012 2650 163 39 boyVwhd^iad
2194 2666 44 17 run
2250 2660 47 23 into
2309 2659 38 23 the
2366 2659 69 32 bush)
2447 2660 56 33 they

1917 2690 74 25 would
2003 2695 78 21 return
2083 2686 46 35 fnis
2137 2690 66 26 Vbat.
2240 2692 24 24 It
2274 2700 95 24 appears
2382 2693 52 32 they
2445 2693 58 24 then

1918 2724 71 24 sailed
2000 2724 35 25 for
2046 2723 109 31 Maketu,
2168 2725 45 24 and
2230 2725 86 32 having
2334 2726 70 24 taken
2417 2731 86 28 twenty

1917 2766 26 15 or
1954 2757 71 32 thirty
2037 2757 24 25 of
2077 2758 60 24 their
2149 2758 58 24 tribe
2219 2761 29 22 oh
2265 2759 79 30 board,
2355 2760 107 24 returned
2478 2761 25 23 in

1918 2790 113 25 Farrow's
2042 2791 53 24 boat
2106 2792 24 23 in
2143 2797 43 18 two
2196 2800 26 16 or
2234 2792 63 24 three
2308 2792 55 32 days
2372 2794 131 24 afterwards

1918 2829 22 19 to
1952 2825 39 23 the
2004 2824 82 32 Mayor
2104 2825 88 30 Island,
2204 2826 73 24 which
2289 2826 21 24 is
2321 2826 115 25 inhabited
2447 2827 31 31 by
2490 2835 13 16 a

1918 2863 51 26 part
1991 2858 25 24 of
2036 2858 37 25 the
2102 2858 125 32 Tauranga
2248 2860 96 29 natives,
2367 2860 72 24 called
2464 2860 39 24 the

1919 2893 6 10 '
1933 2891 152 38 Ngaiterangi
2093 2892 6 10 '
2112 2892 67 29 tribe,
2188 2892 46 24 and
2245 2900 62 17 some
2316 2893 26 24 of
2350 2893 62 24 them
2419 2894 84 31 having

1918 2924 92 24 dressed
2028 2924 137 24 themselves
2174 2925 26 23 in
2218 2925 125 31 European
2358 2926 94 30 clothes,
2464 2928 39 22 the

1917 2958 88 22 natives
2026 2964 29 16 on
2070 2957 68 23 shore
2147 2956 72 32 being
2230 2957 107 31 ignorant
2347 2959 25 23 of
2387 2959 60 24 wßat
2457 2959 46 24 Bad

1917 2989 125 32 happened,
2053 2990 78 32 pulled
2150 2989 34 24 off
2198 2990 24 23 in
2234 2997 14 17 a
2266 2997 70 18 canoe
2352 2995 25 20 to
2394 2992 37 25 the
2449 2992 54 25 boat

1916 3020 155 39 (^ith^which
2090 3023 54 31 they
2156 3030 60 17 were
2229 3023 50 25 well
2297 3024 146 33 acquainted)
2459 3034 43 16 ex-

1916 3057 92 31 pecting
2031 3061 22 19 to
2068 3057 55 23 'find
2150 3056 94 25 Farrow
2266 3065 31 16 on
2325 3058 78 25 board.
2450 3058 52 25 The

1917 3090 100 24 Maketu
2034 3091 88 23 natives
2142 3090 56 24 then
2215 3090 56 25 fired
2293 3091 49 24 into
2363 3091 39 25 the
2422 3100 80 23 canoe,

1916 3123 67 24 when
2005 3123 40 24 she
2066 3131 47 17 was
2135 3128 75 28 upset,
2234 3124 44 24 and
2300 3124 54 33 they
2373 3125 130 32 ultimately

1907 3171 3 6 ■
1916 3156 73 25 killed
2007 3158 45 24 five
2070 3157 25 23 of
2110 3157 41 24 her
2171 3165 66 22 crew,
2257 3157 44 25 and
2314 3158 56 24 took
2390 3164 42 19 two
2451 3159 51 25 lads

1916 3191 117 31 prisoners
2043 3190 54 25 with
2110 3190 62 25 them
2191 3195 23 20 to
2233 3191 106 25 Maketu.
2375 3192 67 32 They
2452 3193 50 24 also

1917 3224 55 24 took
1979 3225 45 23 five
2031 3224 55 24 dead
2099 3224 80 24 bodies
2191 3224 54 24 with
2258 3224 69 30 them,
2335 3229 51 28 part
2395 3226 25 23 of
2425 3226 77 24 which

1917 3257 53 33 they
1982 3262 44 26 eat,
2038 3257 97 32 sending
2151 3258 39 23 the
2201 3257 129 24 remainder
2346 3262 24 19 to
2388 3258 112 30 Rotorua,

1916 3291 76 25 which
2001 3292 22 24 is
2035 3291 38 25 the
2083 3291 59 25 head
2154 3291 84 23 station
2256 3290 26 24 of
2291 3290 59 25 their
2360 3291 66 30 tribe,
2439 3292 37 25 for
2487 3300 15 16 a

1916 3324 59 25 feast
1987 3329 24 20 at
2020 3324 49 25 that
2079 3324 74 32 place.

1950 3363 149 25 December
2118 3364 61 27 sth,
2201 3370 58 17 a.m.
2266 3374 35 6 —
2309 3363 52 24 The
2383 3363 120 26 Governor

1916 3401 52 19 sent
1988 3397 96 31 Captain
2086 3396 3 11 1
2102 3396 66 28 Best,
2180 3395 49 25 Mr.
2250 3395 100 25 Edward
2369 3397 133 30 Shortland,

1917 3430 44 25 and
1980 3430 48 24 Mr.
2041 3429 92 32 George
2152 3428 93 31 Clarke,
2253 3429 87 32 junior,
2352 3434 23 21 to
2394 3430 108 31 Maketu,

1917 3469 23 19 to
1952 3464 92 31 enquire
2054 3464 50 22 into
2123 3462 30 24 all
2171 3463 39 23 the
2231 3464 176 24 circumstances
2421 3465 27 23 of
2462 3464 40 25 the

1917 3497 65 24 affair
1992 3497 101 24 between
2111 3495 52 24 that
2180 3496 65 27 tribe,
2258 3497 46 24 and
2322 3497 38 25 the
2378 3497 124 32 Tauranga

1918 3530 103 28 Natives,
2027 3528 57 28 ..and
2091 3528 58 24 'also
2168 3533 24 20 to
2210 3530 97 24 demand
2327 3531 130 24 restitution
2480 3531 23 26 of

1917 3563 114 24 Farrow's
2039 3563 56 23 boat
2104 3571 7 21 ;
2130 3561 50 25 that
2198 3563 54 32 they
2264 3562 81 25 should
2362 3564 86 25 release
2463 3563 40 25 the

1917 3601 44 19 two
1972 3596 123 32 prisoners.
2098 3596 55 31 they
2163 3596 46 24 had
2230 3596 77 29 taken,
2319 3597 45 23 and
2383 3597 51 24 that
2447 3598 56 31 they

1917 3629 82 24 should
2020 3637 65 16 cease
2113 3629 60 24 their
2200 3629 157 31 depredations
2380 3638 61 24 upon
2464 3631 39 24 the

1918 3662 95 25 Natives
2022 3662 25 24 of
2055 3662 132 33 Tauranga.
2217 3663 50 24 The
2276 3663 122 32 Tauranga
2406 3664 97 25 Natives

1916 3697 71 31 being
1996 3700 60 20 most
2074 3697 97 23 anxious
2182 3700 24 19 to
2225 3704 37 16 see
2273 3696 40 24 the
2333 3696 119 25 Governor
2466 3697 37 25 for

1918 3729 38 25 the
1966 3737 99 24 purpose
2074 3730 26 23 of
2113 3729 87 31 having
2210 3737 14 16 a
2241 3728 80 24 horero
2332 3729 54 24 with
2397 3730 56 29 him,
2465 3730 37 25 his

1918 3763 139 30 Excellency
2064 3762 140 25 determined
2210 3761 49 25 that
2263 3763 18 22 it
2286 3762 75 24 would
2366 3763 27 23 be
2398 3763 74 24 better
2479 3768 24 20 to

1918 3800 110 28 postpone
2038 3796 36 24 his
2085 3796 117 24 interview
2213 3795 53 24 with
2278 3795 61 24 them
2348 3796 59 24 until
2417 3796 30 25 lie
2459 3796 44 25 bad

1918 3831 74 22 learnt
2004 3829 37 24 the
2052 3829 73 24 result
2142 3829 27 24 of
2183 3829 39 24 the
2239 3829 94 24 mission
2352 3834 23 19 to
2395 3829 107 30 Maketu,

1919 3863 46 24 and
1975 3862 30 24 he
2017 3862 120 32 requested
2149 3862 50 24 that
2218 3862 89 31 myself,
2321 3862 47 24 Mr.
2381 3862 121 30 Freeman,

1920 3896 46 24 and
1988 3895 191 30 Mr.vMeurant,
2200 3895 82 24 should
2302 3896 97 32 proceed
2419 3901 25 20 to
2466 3895 37 25 the

1919 3928 112 34 principal
2043 3928 59 32 Jteb,
2115 3929 46 25 and
2180 3928 101 33 explain-
2289 3933 95 21 matters
2398 3933 24 21 to
2433 3929 70 25 them.

1919 3963 47 25 We
1977 3961 134 28 went#tere
2123 3962 144 32 accordingly
2278 3963 25 24 in
2318 3962 38 26 the
2365 3961 138 29 .Governor?*

584 73 98 47 &t)t
705 57 120 57 Wfrtb
850 71 207 42 ZtaUmb
1081 69 188 47 ®mtit
1291 69 101 42 aM
1408 70 302 46 W^ttltxxqton
1734 65 258 51 Ssptctatov.

265 448 10 13 V

191 477 83 21 Third
287 475 184 26 Anniversary
481 475 80 21 Fete.,

84 509 70 49 AT
168 510 21 21 A
203 507 146 24 MEETING
362 506 26 23 of
397 505 38 24 the
453 507 144 26 Subscribers,
611 507 53 22 held

162 539 23 18 at
194 534 106 23 Barrett's
315 533 68 22 Hotel
398 541 30 14 on
444 533 101 28 Monday
559 533 104 28 evening,

83 562 100 27 January
194 563 31 25 16,
237 562 61 25 1843,

164 593 44 22 Mr.
223 592 98 22 George
336 592 74 22 Smith
425 592 23 22 in
457 591 38 23 the
509 591 73 26 Chair,

82 619 40 24 ihe
138 619 114 27 following
276 621 140 26 programme
436 625 44 15 was
500 617 80 28 agreed
597 621 24 19 to
630 626 5 14 :
636 628 28 6 —

185 747 28 16 TO
227 747 71 15 START
314 747 28 15 AT
357 746 87 16 ELEVEN
459 738 100 22 O'CLOCK.

110 766 83 28 Sailing
202 765 81 28 match,
294 766 30 28 by
334 765 148 23 Boats'under
491 767 27 20 30
531 765 46 21 feet
586 764 78 22 keel-

167 797 23 18 to
212 790 64 26 start'
281 795 33 23 'jor
335 800 29 15 no
387 800 59 14 race.
481 792 118 26 Entrance,
622 791 40 23 £1.

81 819 71 26 Prize,
163 820 53 25 £15.
223 837 3 5 ,
246 819 87 23 Second
347 819 59 27 boat,
416 819 41 25 £5.
486 819 12 21 'I
505 818 50 23 hird
571 818 53 22 boat
641 821 22 19 to

82 854 51 15 save
142 847 41 22 her
192 845 106 23 stakes.'.*'

168 887 28 16 TO
209 887 79 15 START-
295 887 29 15 AT
339 886 126 15 HALF-PAST
480 885 94 16 ELEVEN.

108 907 93 27 Rowing
218 905 82 28 match,
316 906 31 33 by
365 905 79 23 Whale
464 905 93 22 Boats—
559 905 61 21 three
640 907 22 19 to

81 936 55 20 start
151 940 25 15 or
190 940 28 15 no
234 940 58 15 race.
321 934 120 25 Entrance,
456 932 40 22 £1.
526 931 71 27 Prize,
615 931 55 31 firs£

80 960 60 28 boat,
150 960 58 27 £12;
223 958 83 23 second
312 958 57 28 boat,
378 959 41 24 £6.
500 973 12 10 
554 980 6 3 ,
661 978 7 13 4

169 1001 27 15 TO
210 991 71 25 ST*?RT
296 1000 27 15 AT
339 1000 125 15 HALF-PAST
478 998 98 16 TWELVB.
608 988 23 28 '^
652 989 19 16 *

108 1020 56 23 Foot
172 1028 49 16 race
221 1033 28 4 —
251 1020 97 22 distance
358 1026 42 16 one
410 1019 61 22 mile.
483 1018 134 31 /Entrance,
628 1018 32 22 ss.
670 1030 3 3 -

77 1047 75 28 prize,
162 1047 40 24 £5.
228 1047 74 21 Three
313 1050 23 18 to
345 1049 54 19 start
406 1053 25 15 or
441 1053 29 15 no
481 1052 58 16 race.
594 1062 3 4 .

85 1080 82 15 '*-'"'
201 1088 28 15 TO
244 1087 71 16 START
330 1087 27 16 AT
378 1087 46 15 ONE
440 1080 100 22 O'CLOCK.

107 1107 172 22 Wheel-barrow
289 1114 59 15 race.
363 1106 119 28 Entrance,
493 1108 31 20 2s.
538 1105 36 23 6d.
590 1105 70 27 Prize,

80 1134 40 23 £2.
147 1134 71 23 Three
229 1138 22 17 to
260 1137 55 18 start
323 1141 26 14 or,
356 1140 29 15 no
395 1140 59 15 race.

76 1183 3 8 
86 1181 19 12 -'
128 1182 9 4 -
190 1176 38 14 -TO
243 1174 71 16 START
329 1175 27 15 AT
371 1174 49 14 TWO
435 1167 101 22 O'CLOCK.

107 1194 87 23 Hurdle
203 1202 51 14 race
261 1202 7 19 ;
284 1193 62 23 three
356 1194 76 22 horses
439 1197 23 18 to
472 1197 53 18 start
532 1200 25 14 or
563 1200 29 14 no
603 1200 57 14 race.

81 1221 76 23 Heats.
187 1221 118 26 Entrance,
313 1221 33 24 £2
359 1223 30 20 2s.
420 1220 71 27 Prize,
498 1220 55 22 £20.
574 1219 88 23 Second

79 1249 64 21 horse
153 1251 22 19 to
186 1255 50 15 save
248 1247 33 22 his
292 1247 79 22 stakes.
659 1268 9 10 A
669 1267 3 6 ,

147 1289 35 15 TO.
190 1289 123 15 COMMENCE
328 1289 27 14 AT
370 1288 125 15 HALF-PAST
511 1287 84 16 THREE.

72 1329 2 3 .
98 1309 65 24 ,Rifle
187 1308 82 23 match.
306 1308 118 26 Entrance,
449 1308 41 23 £1.
523 1307 72 27 Prize,
620 1306 40 24 £5.

79 1334 113 28 Distance,
202 1336 35 26 50,
250 1337 46 24 100,
307 1334 45 23 and
363 1336 39 21 150
417 1334 73 28 yards.
517 1333 73 22 Three
601 1340 61 15 com-

79 1363 90 27 petitors
180 1370 22 14 or
216 1369 29 14 no
255 1362 82 21 match.

105 1387 41 24 All
158 1392 115 19 entrances
288 1388 36 22 for
338 1388 37 22 the
390 1387 134 28 proceeding
540 1390 71 25 sports
624 1393 38 15 are

79 1419 23 18 to
111 1413 28 24 be
148 1415 73 22 added
232 1419 22 18 to
263 1416 39 21 the
311 1414 80 23 stakes.

105 1449 48 22 The
169 1449 112 26 following
295 1448 67 22 Rural
377 1449 76 26 Sports
467 1447 44 23 will
521 1454 63 16 come
595 1447 35 22 off
640 1449 23 19 at

79 1475 132 23 convenient
220 1475 106 22 intervals
336 1483 5 14 :
504 1491 6 8 ,

107 1502 111 27 Jumping,
223 1502 24 22 in
263 1502 71 22 sacks.
362 1501 72 27 Prize,
445 1501 32 23 £1
493 1503 44 21 W)s.
552 1508 24 15 or
585 1508 14 15 a
613 1508 50 14 new

79 1528 54 23 Hat.

106 1555 111 26 Climbing
234 1563 14 14 a
266 1562 79 21 greasy
362 1555 58 28 pole.
463 1555 71 27 Prize,
545 1555 32 23 £1
594 1553 46 23 and
649 1561 14 15 a

79 1587 89 23 quarter
173 1583 26 21 of
205 1578 98 26 Mutton.
547 1592 3 3 -
553 1602 9 10 t

106 1609 108 26 Catching
221 1616 14 14 a
242 1607 162 30 soaped-tailed
413 1608 47 27 Pig.
490 1607 71 26 Prize,
568 1607 38 22 the
613 1607 48 27 Pig.

107 1636 74 22 Canoe
190 1643 58 20 race,
258 1635 31 28 by
298 1635 38 22 the
345 1635 101 22 Natives.
475 1634 71 27 Prize,
555 1634 42 22 £5.

106 1669 63 22 Flax
184 1670 92 21 Prizes.
277 1680 28 4 —
306 1668 103 23 Maories.
447 1668 44 22 For
508 1667 39 22 the
565 1671 98 23 greatest

80 1696 102 28 quantity
191 1696 26 21 of
228 1695 58 23 Flax
300 1695 108 29 prepared
422 1695 24 22 in
462 1702 40 15 one
515 1694 65 27 hour,
592 1694 23 22 in
625 1694 37 22 the

77 1722 50 23 best
135 1722 122 23 condition.

105 1749 58 22 First
172 1749 64 22 Prize
593 1747 6 12 {
601 1748 33 23 £5

105 1776 86 22 Second
200 1776 63 22 Prize
622 1777 14 20 2

101 1802 148 24 ThirdPriue
623 1803 10 20 1

77 1828 123 25 Judges.—
201 1829 92 22 Messrs.
303 1830 35 21 W.
356 1830 26 21 B.
401 1828 96 32 Rhodes,
508 1829 27 21 T.
553 1829 33 22 M.
598 1828 64 23 Part-

123 1864 3 6 1
143 1868 3 7 ■
164 1856 70 28 ridge,
246 1856 75 22 David
331 1857 67 25 Scott,
409 1856 44 21 and
464 1856 20 21 J.
496 1855 78 22 Wade.

105 1883 21 23 A
143 1884 40 21 full
197 1882 61 24 band
272 1883 46 22 will
335 1883 27 22 be
380 1882 24 22 in
423 1882 132 22 attendance
575 1889 31 15 on
624 1881 38 22 the

75 1910 96 27 grourfd.
187 1916 2 7 '

105 1937 47 22 The
161 1936 114 28 following
283 1936 126 28 gentlemen
421 1943 56 15 were
493 1935 132 22 nominated
639 1939 23 18 to

77 1963 57 22 form
145 1963 36 23 the
192 1964 132 22 Committee
338 1963 36 22 for
390 1962 138 28 conducting
543 1963 38 22 the
591 1962 71 23 above

77 1990 91 28 Sports:
192 2014 3 7 ,
440 2007 2 6 ,

103 2025 45 21 Mr.
158 2017 151 35 Moles^wth,
375 2043 5 3 .
388 2020 67 33 ->MX
466 2019 94 30 Barnes?
608 2025 4 9 '

103 2051 45 22 Mr.
160 2049 102 27 Ludlam,
409 2049 46 25 Mr,.
467 2047 98 27 Rhodes,

103 2077 45 22 Mr.
159 2077 27 21 R.
198 2076 77 27 Davi«,
409 2074 46 24 Mi
467 2075 31 21 H.
508 2075 89 27 Taylor,

103 2104 45 22 Mr.
160 2103 85 26 Virtue,
411 2103 45 21 Mr.
468 2101 96 27 Clifford,

103 2130 45 23 Mr.
158 2129 98 28 Dorsett,
410 2129 45 22 Mr.
468 2128 96 27 Hunter,

103 2157 44 23 Mr.
159 2156 106 28 Wallace,
409 2156 46 23 Mr.
466 2155 103 28 Wansey,

103 2183 47 23 Mr.
161 2183 132 28 Wakefield,
410 2183 44 21 Mr.
466 2182 68 27 Watt,

103 2210 46 23 Mr.
158 2211 88 26 Sutton,
411 2210 44 22 Mr.
466 2209 78 26 Wade',

104 2237 46 23 Mr.
157 2237 111 26 Boulcott,
409 2236 46 21 Mr.
468 2235 84 27 Moore,

104 2264 45 22 Mr.
161 2263 85 27 Penny,
409 2262 46 22 Mr.
467 2261 141 28 Vavoussjer,

101 2291 47 24 Mr.
161 2290 133 27 Mathieson,
411 2289 43 21 Mr.
465 2288 73 27 Earle,
552 2307 3 3 .
589 2306 2 3 .

104 2317 45 23 Mr.
162 2317 110 27 Bethune,
410 2316 45 22 Mr.
467 2315 130 23 Machattie.

103 2344 46 22 Mr.
162 2344 28 22 G.
201 2345 79 26 Smith,

104 2378 48 23 The
168 2378 133 22 Committee
315 2380 60 20 meet
392 2383 68 21 every
470 2376 43 28 day
523 2379 23 20 at
555 2376 108 23 Barrett's

78 2404 77 27 Hotel,
164 2408 22 18 at
196 2406 27 21 12
234 2404 91 23 o'clock.

86 2429 68 33 *£iyk
160 2431 161 27 Subscriptions
335 2430 45 23 and
395 2430 112 23 Entrance
522 2430 89 21 Monies
625 2437 38 14 are

77 2458 117 28 requested
203 2461 23 18 to
236 2458 27 22 be
273 2458 52 28 paid
333 2465 29 16 on
373 2465 25 15 or
413 2457 74 23 before
502 2456 83 29 Friday
595 2464 68 15 even-

77 2485 45 27 ing,
133 2488 24 19 at
166 2484 12 24 7
188 2485 94 22 o'clock.

105 2517 101 27 January
221 2517 32 27 17,
265 2519 59 21 1843.
330 2529 3 9 i
541 2532 4 11 ;
575 2512 24 32 '_•

141 2562 171 28 Wellington
327 2562 187 26 Anniversary
528 2562 73 21 Fete.

79 2596 91 50 THE
189 2595 230 23 ANNIVERSARY
438 2594 225 24 SUBSCRIPTION

154 2622 81 23 BALL
251 2622 44 22 will
305 2622 50 22 take
370 2622 64 28 place
450 2625 22 19 at
482 2622 37 22 the
533 2622 129 26 Exchange,

78 2649 31 24 Te
123 2650 50 27 Aro,
185 2656 29 14 on
226 2649 100 28 Monday
336 2649 105 27 evening,
450 2649 100 28 January
559 2650 35 26 23,
602 2649 61 22 1843.

106 2676 152 28 Subscription
274 2676 85 27 tickets,
369 2676 119 27 including-
495 2676 168 27 refreshments,

80 2705 43 21 15s.
134 2703 61 27 each,
208 2707 22 18 to
239 2704 28 21 be
276 2703 45 22 had
331 2703 24 22 of
363 2703 37 22 the
411 2703 111 22 Stewards
530 2710 6 14 :

105 2736 23 23 J.
140 2735 89 27 Dorset,
242 2735 61 28 Esq.,
415 2735 88 26 George
514 2735 79 28 Smith,

106 2763 23 22 J.
140 2764 89 25 Sutton,
240 2762 63 27 Esq.,
413 2761 29 22 R.
453 2761 75 28 Waitt,
540 2763 61 27 Esq.,

105 2789 27 23 T.
143 2789 131 27 Machattie,
281 2789 60 27 Esq.,
411 2788 37 22 W.
453 2789 26 21 B.
485 2788 98 28 Rhodes,
591 2790 60 27 Esq.,

106 2816 23 23 J.
136 2816 31 21 H.
173 2811 109 31 Wallace,
290 2815 60 28 Esq.,
413 2815 28 22 G.
453 2815 85 28 Moore,
550 2816 52 27 Esq.

105 2849 63 24 Each
178 2850 130 22 Subscriber
322 2849 20 21 is
358 2848 95 23 allowed
462 2853 22 17 to
498 2849 67 28 bring
580 2853 43 18 two
641 2857 24 15 or

79 2884 62 16 more
160 2876 77 23 ladies.
268 2876 32 22 As
317 2876 38 22 the
375 2876 95 22 number
489 2876 26 22 of
531 2876 80 23 tickets
627 2884 37 15 are

78 2903 93 28 limited,
183 2910 30 16 an
223 2903 61 28 early
295 2903 132 28 application
436 2903 20 22 is
464 2903 127 28 requested.

106 2936 101 27 January
218 2935 33 27 17,
263 2936 60 22 1843.
561 2932 18 29 \

195 2980 43 22 Ex
500 2982 45 21 &c.
570 2982 29 21 -V

82 3016 66 23 OA
163 3017 144 23 BARRELS
321 3017 59 22 Irish
394 3018 71 27 prime
475 3024 59 15 mess
544 3017 64 29 pork,

78 3039 69 27 OVr
175 3046 29 20 30
218 3043 85 22 barrels
312 3043 122 24 American
449 3044 71 28 prime
531 3052 61 15 mess
600 3044 63 30 pork;
668 3063 5 7 s

175 3070 139 30 Westphalia
324 3070 70 27 hams,
528 3067 12 12 *
636 3081 5 7 >
665 3087 4 3 -

141 3096 79 23 firkins
229 3096 60 23 Cork
296 3097 81 28 butter,
649 3098 20 26 V

107 3121 62 29 Rice,
594 3135 14 12 >.
630 3140 7 3 -
663 3133 5 5 '

98 3149 36 25 .38
143 3150 54 27 bags
207 3149 76 27 coffee,

105 3175 29 22 19
142 3177 70 22 boxes
223 3176 76 23 mould
308 3174 98 31 candles,

105 3203 14 19 5
129 3210 61 16 cases
199 3203 77 22 Dutch
286 3203 85 29 cheese,

105 3228 109 26 Tobacco,
226 3230 68 28 pipes,

107 3256 27 21 10
143 3260 49 19 tons
202 3257 120 22 Mauritius
331 3264 73 20 sugar,

107 3284 40 21 140
155 3284 54 27 bags
220 3283 95 23 Manilla
323 3291 72 21 sugar,

105 3311 29 20 30
144 3317 61 15 cases
214 3309 79 28 cherry
303 3311 94 27 brandy,

106 3336 79 23 Wines
203 3337 26 22 of
246 3344 65 20 every
329 3337 132 27 description
484 3339 25 22 in
530 3339 65 23 wood
619 3340 46 23 and

106 3363 48 28 ttle,

106 3391 27 20 10
142 3397 62 16 cases
212 3389 95 29 English
315 3390 65 22 boots
390 3391 45 22 and
445 3392 72 27 shoes,

106 3417 52 29 Slop
168 3417 108 27 clothing,
287 3417 80 22 beaver
376 3417 58 27 hats,
445 3419 39 22 &c.
496 3420 39 21 &c.

392 3450 23 22 J.
430 3450 34 22 M.
479 3450 103 28 Taylor,

532 3478 33 22 Te
580 3479 56 24 Aro,
641 3474 31 28 A

106 3502 128 24 December
241 3504 35 25 26,
288 3503 61 23 1842.
359 3526 2 4 .
609 3530 2 5 _

310 3549 41 21 On
361 3549 74 21 'Sale.
487 3560 15 11 .-.
611 3546 9 29 ,'

81 3582 137 49 SILVER
230 3581 125 24 PLATED
369 3582 113 28 GOODS,

145 3609 74 27 Kings
235 3612 88 24 pattern
343 3609 67 24 table,
422 3617 89 20 spoons,
529 3609 71 29 forks,
610 3611 57 30 .fishj

79 3635 71 28 slices,
159 3643 67 15 sauce
234 3635 77 28 ladles,
321 3638 63 20 meat
397 3634 103 30 skewers,
511 3636 84 23 dessert
602 3637 63 23 forks

79 3661 47 24 and
140 3670 87 22 spoons,
237 3666 38 19 tea
289 3667 88 26 spoqnß,
392 3668 67 22 sugar
472 3666 73 25 tongs,
554 3666 38 20 tea
605 3666 61 26 pots;

79 3688 76 23 butter
176 3689 92 27 coolers,
293 3696 68 20 sugar
382 3689 88 28 basons,
473 3699 6 9 >
489 3689 96 29 waiters,
608 3691 56 23 cake

78 3714 97 28 baskets,
195 3715 136 27 christening
353 3716 75 28 bowls,
449 3716 108 23 decanter
579 3717 84 28 stands,

80 3745 63 19 cruet
157 3742 49 24 and.
215 3742 88 29 liqueur
315 3742 91 28 frames,
423 3742 59 24 table
498 3744 45 22 and
559 3743 106 24 chamber

81 3768 156 26 candlesticks,
241 3770 85 27 4amps,
336 3770 42 22 &c.
451 3782 37 12 •-.
509 3791 6 3 .

76 3808 6 15 t
108 3794 130 24 Rosewood;
241 3796 43 22 and
288 3796 128 28 mahogany
422 3796 61 23 work
491 3796 77 28 boxes,
576 3798 89 28 writing

81 3820 71 29 desks,
161 3822 100 27 dressing
270 3828 68 23 eases,

108 3848 87 23 Bronze
204 3848 98 29 pedestal
311 3850 45 22 and
365 3850 132 28 suspension
506 3850 79 29 lamps,
593 3852 41 22 &c.
641 3855 24 19 at

336 3883 23 23 J.
375 3883 33 23 M.
423 3883 103 28 Taylor,

228 3919 9 16 4
334 3915 17 16 i'
373 3923 2 4 •
390 3910 129 23 Wholesale.
522 3911 73 27 Store,

496 3955 3 4 .
537 3937 34 24 Te
580 3936 55 26 Aro.

107 3961 127 26 December
239 3963 37 27 26,
288 3963 60 22 1842.

846 157 184 26 Anniversary
1047 156 70 22 Fete.

693 191 97 51 LIST
822 190 40 22 OF
892 189 198 24 SUBSCRIBERS
1117 188 153 24 ALREADY

769 217 76 23 PAID
861 217 47 22 UP.

720 250 143 28 Willoughby
873 249 125 27 Shortland,
1010 249 45 27 Esq
1149 250 14 21 5
1190 250 14 21 0
1230 252 14 20 0

687 278 4 5 '
719 277 93 22 Colonel
820 276 125 23 Wakefield
1149 276 13 21 5
1190 277 14 21 0
1230 273 50 26 0*

721 304 28 22 G.
761 304 88 21 Hunter
1148 303 13 20 5
1190 303 14 20 0
1230 304 14 21 0

719 330 23 22 J.
757 330 82 22 Dorset
1149 330 14 20 2
1190 329 14 21 2
1230 331 14 20 0

720 356 109 28 Ridgway
1149 356 14 20 2
1190 356 14 20 2
1230 357 14 20 0

720 383 145 24 Molesworth
1110 391 16 16 *
1149 382 14 21 2
1189 382 15 20 2
1230 383 14 20 0

719 410 75 21 Cooke
1095 413 35 21 W
1149 408 14 21 2
1190 409 14 20 2
1231 410 13 20 0

719 436 79 22 Virtue
1094 434 29 21 77
1149 435 14 20 2
1190 435 14 20 2
1230 436 14 20 0

719 463 97 28 Wansey
1024 463 95 20 ....'....
1151 459 99 23 110*

720 489 116 22 Vavasour
1150 488 14 21 2
1191 488 13 20 2
1231 489 14 20 0

720 514 92 29 Guyton
1150 513 13 21 5
1190 515 14 19 0
1231 515 13 20 0

719 542 77 22 Kettle
1152 540 10 22 1
1192 541 11 19 1
1231 542 13 20 0

695 569 102 21 .Sutton
1150 567 14 20 0
1178 567 26 21 10
1230 568 14 20 6

719 595 85 21 Adams
1150 594 54 20 10
1230 594 14 20 0

719 621 28 22 R.
762 621 70 22 Davis
903 619 6 21 i
1149 620 14 20 0
1178 619 26 21 10
1230 621 14 20 6

719 647 60 22 Hort
1149 645 14 21 5
1190 647 15 19 0
1231 647 14 20 0

704 669 106 32 'Meyers
1150 673 15 20 0
1190 672 14 21 5
1231 674 14 20 0

719 700 30 22 G.
761 699 71 24 Smith
1151 699 53 21 10
1231 700 41 22 0.

719 726 71 23 Waitt
1149 725 14 21 2
1190 725 14 21 2
1231 727 14 20 0

719 753 90 23 Revans
1150 752 13 20 2
1190 752 15 21 2
1230 753 14 21 0

719 781 92 26 Captain
822 780 72 24 Smith
1149 778 14 20 2
1190 779 15 21 2
1230 780 14 20 0

718 806 72 22 Durie
1150 805 94 21 110

719 833 40 22 Dr.
768 833 83 28 Taylor
1151 831 94 22 110

718 859 97 23 Ludlum
1147 858 14 20 2
1188 859 14 20 2
1229 860 14 19 0

698 902 4 4 .
719 887 25 22 E.
758 887 22 22 J.
792 887 131 26 Wakefield,
1147 885 14 20 2
1188 885 15 21 2
1229 886 14 20 0

687 924 5 5 •
712 913 38 23 'H.
766 915 33 21 St.
814 913 50 23 Hill
1149 911 15 21 2
1190 911 15 21 0
1230 913 16 20 0

680 958 6 11 r
756 940 69 22 Wade
1149 939 14 19 0
1178 938 26 20 10
1230 939 14 21 6

684 965 108 28 •;*Major
802 967 73 21 Baker
1147 965 15 20 2
1189 964 14 21 2
1229 966 15 20 0

680 990 128 31 irciinbrd
1149 991 15 21 2
1189 991 15 20 2
1230 993 15 20 0

681 1014 14 8 *
717 1019 72 23 Levin
1148 1018 15 20 2
1190 1018 14 20 2
1229 1019 15 20 0

717 1045 181 28 Dr.,;Johnsfone
1149 1045 11 20 1
1190 1044 11 21 1
1229 1046 15 20 0

688 1078 5 27 ;
705 1086 4 12 ;
717 1073 44 21 Old
775 1073 96 29 J,enkins
1149 1071 12 21 1
1190 1071 11 20 1
1229 1073 15 19 0

688 1098 10 26 \
885 1099 78 23 Moore
1147 1098 15 21 2
1189 1098 13 20 2
1228 1099 15 20 0

717 1125 70 29 Percy
797 1127 66 21 Earle
1149 1125 14 20 0
1176 1124 27 21 10
1229 1125 14 20 6

695 1162 4 7 •
717 1153 119 28 M'Carthy
1048 1156 8 16 i
1149 1152 15 20 0
1189 1150 13 21 5
1230 1153 14 19 0

717 1179 105 23 Knowles
1023 1186 5 12 i
1149 1178 13 20 1
1190 1178 11 20 1
1229 1179 14 19 0

717 1206 39 22 Dr.
768 1206 79 23 Stokes
862 1216 17 17 .>
1149 1204 94 21 110

718 1232 98 27 Barnes^
1148 1232 15 19 0
1176 1230 26 21 10
1228 1232 20 27 0^

717 1260 31 21 Te
759 1261 46 21 Aro
816 1260 103 26 Brewery
1149 1258 14 20 0
1189 1257 13 21 5
1229 1259 14 20 0

686 1307 2 5 ,
718 1286 103 27 Moreing
1147 1284 15 21 2
1189 1285 14 20 0
1228 1285 15 21 0l0
1254 1289 5 10 l

717 1313 23 22 J.
756 1313 71 22 Smith
838 1312 107 27 (Banker)
1147 1312 14 20 2
1187 1312 15 19 0
1228 1312 15 20 0

718 1341 27 22 G.
762 1341 89 21 Hunter
861 1339 53 23 Jun.
939 1346 9 14 «
1148 1338 12 21 1
1189 1338 67 26 1,0,

717 1366 127 24 Mathiesbn
1149 1365 10 20 1
1189 1366 14 19 0
1224 1366 20 22 ,0

717 1396 28 21 A.
761 1393 64 23 Wills
1148 1392 54 19 10
1229 1392 14 20 0

717 1422 21 22 J.
753 1421 23 23 N
1149 1418 54 21 10
1229 1419 28 19 0-

717 1449 48 21 Rae
1100 1458 18 7 ••
1149 1445 94 20 110

717 1475 97 23 Kelham
1149 1472 95 20 110

717 1502 30 22 K.
762 1500 104 24 Bethune
1148 1498 12 20 1
1190 1499 10 20 1
1229 1499 15 20 0

717 1529 102 23 Norman
1147 1525 15 20 0
1176 1525 27 20 10
1229 1526 14 19 6

717 1555 66 27 Tully
1149 1552 14 20 0
1176 1551 27 22 10
1229 1552 14 20 6

717 1582 68 22 Jollie
1149 1578 14 21 0
1177 1578 26 21 10
1229 1579 14 20 6

718 1609 67 22 Allen
1046 1620 7 11 .■
1150 1605 9 20 1
1189 1606 14 20 0
1229 1606 14 19 0

717 1636 99 22 Wallace
1150 1632 11 19 1
1190 1632 11 20 1
1229 1632 14 20 0

687 1658 6 4 '
717 1664 25 22 C.
757 1662 32 22 H.
804 1661 63 28 Piper
1150 1659 14 20 0
1178 1658 26 21 10
1230 1660 32 19 0'

717 1691 30 21 D.
761 1689 123 23 Johnstone
1149 1685 14 20 0
1177 1684 27 22 10
1230 1686 14 19 6

717 1717 25 23 C.
757 1713 90 25 Suisted
861 1720 44 14 ...;
1027 1725 3 8 i
1147 1714 15 20 0
1177 1711 26 22 10
1230 1712 13 20 6

1112 1764 49 24 £88
1175 1765 27 21 12
1229 1766 13 19 6
1260 1759 3 5 '

717 1804 39 23 All
771 1801 140 24 Subscribers
927 1804 39 17 not
980 1799 81 26 having
1074 1797 52 30 paid
1137 1805 36 20 up,
1185 1806 85 14 are-re-

691 1830 94 30 quested
799 1833 23 18 to
838 1828 29 22 do
883 1835 24 14 so
917 1833 28 15 on
955 1833 25 15 or
996 1825 71 22 before
1084 1824 109 29 Tuesday,
1204 1828 23 18 at
1243 1827 27 20 12

691 1858 94 22 o'clock.

717 1884 38 23 AH
770 1883 37 22 the
825 1882 75 23 Prizes
916 1880 44 22 and
976 1880 112 27 Expences
1102 1880 125 26 liquidated
1243 1886 27 15 on

691 1912 27 21 W
724 1910 120 27 ednesday,
855 1914 23 16 at
888 1910 10 19 1
911 1906 90 27 o'clock,
1011 1910 24 17 at
1043 1907 85 21 Barrett
1137 1914 10 13 s
1156 1906 75 21 Hotel.
1259 1924 2 5 ,

719 1945 205 26 PROGRAMME
952 1942 39 22 OF
1016 1941 116 28 SPORTS,
1157 1940 100 24 WITH'

890 1969 187 24 ENTRANCES.
1153 1974 7 4 -
1250 1974 9 15 t
1269 1978 12 6 -

705 2003 11 15 ''
867 2009 119 25 UUjRWE
1015 2008 78 15 RACE.

688 2025 21 17 *
718 2032 93 24 Colonel
822 2029 143 22 Wakefield's
977 2028 41 20 Old
1027 2028 61 19 Beau.
1241 2037 7 8 »
1253 2028 10 16 I

717 2060 50 23 Mr.'
775 2054 144 26 Molesworth
921 2054 112 21 VCa/»iKe
1043 2054 83 20 Tartar.

718 2086 46 24 Mr.
775 2084 110 27 Guyton's
895 2082 109 25 Maztppa.

686 2117 3 3 ■
718 2113 45 23 Ms.
778 2110 106 23 Hunter's
895 2110 142 23 Temperance.

718 2140 73 22 Baron
803 2136 96 23 Alzdorf
928 2136 65 20 Black
1002 2135 62 26 Billy.

679 2172 2 19 !
885 2176 92 16 SAILING
992 2175 83 15 MATCH.

717 2201 45 22 Mr.
773 2197 80 23 Watt's
863 2200 70 18 cutter
943 2196 63 26 Sally,
1020 2195 71 22 Green
1100 2194 45 22 and
1154 2194 93 23 Yellow.

717 2227 46 21 Mr.
774 2223 112 24 Ceniirto's
896 2222 107 21 schooner
1013 2222 73 26 Pdele,
1100 2221 73 21 White
1184 2222 20 21 &
1215 2221 54 22 Red.

717 2253 46 22 Mr.
775 2252 28 22 G.
815 2248 142 27 Houghton's
970 2248 104 22 schooner
1086 2249 49 25 City
1147 2248 26 26 of
1178 2249 91 25 London,

691 2281 31 21 St.
733 2276 110 29 George's
852 2275 64 27 Flag.
1095 2286 14 17 }f

679 2308 2 20 I
717 2306 46 23 Mr.
776 2305 62 23 John
855 2301 142 28 Houghton's
1013 2301 107 23 schooner
1137 2303 69 24 Queen
1220 2304 49 26 Bee,

691 2333 65 22 Blue.

717 2360 46 22 Mr.
773 2355 117 26 Hawkins'
906 2355 105 22 schooner
1029 2355 122 28 Labernum,
1162 2355 50 23 Red
1227 2357 44 23 and

691 2386 65 23 Blue.
834 2374 49 38 T
1029 2395 6 8 '
1098 2380 33 36 '7

794 2423 4 4 -
869 2411 109 21 IWROWINGi
988 2416 88 18 .MATCH.
1082 2423 3 4 ■

718 2439 45 24 Mr.
775 2439 29 23 G.
815 2435 103 28 Young*s
928 2435 56 23 Star.

718 2466 45 23 Mr.
774 2466 28 22 G.
814 2463 89 25 Allenis
907 2463 68 26 MWy.

718 2493 45 22 Mr.
775 2491 90 24 Wade's
872 2491 71 26 Kapai
956 2491 67 21 Tenet.

895 2525 66 17 RIFJ.B
985 2524 82 16 MATCH.
1095 2522 10 18 \

718 2547 22 22 J.
752 2546 68 27 Watt,
840 2545 28 23 G.
879 2544 118 27 Crawford,
1015 2544 24 23 E.
1049 2544 23 23 J.
1082 2544 133 30 Wakefield,
1226 2546 44 23 and

692 2574 44 22 Mr.
748 2574 77 27 Tyser.

914 2606 56 16 FOOT
986 2605 62 15 RACE.
1114 2605 6 8 '

759 2625 90 24 Samuel
859 2626 81 22 Mason
950 2624 46 23 and
1005 2624 95 23 William
1109 2625 93 24 Everitt.

846 2665 188 18 WHEEL-BARROW
1048 2666 65 16 RACE.

719 2689 45 22 Mr.
775 2688 120 22 Wallace's
903 2688 76 24 Flying
989 2687 124 21 Dutchman.

719 2716 45 22 Mr.
775 2715 99 22 Virtue's
884 2714 110 22 Vickwick.

719 2743 45 21 Mr.
775 2742 101 27 Taylor's
884 2742 96 24 Lucifer.

721 2769 169 26 Mr.sLudlam's
900 2769 117 21 Cherubim.

720 2796 44 22 Mr.
776 2796 91 22 Smith's
877 2797 109 25 Seraphin.

720 2823 45 21 Mr.
777 2823 100 22 Sutton's
887 2823 132 27 Continually
1026 2825 24 19 do
1059 2830 38 20 cry
1097 2835 27 6 —
1125 2825 59 22 Cat's
1192 2827 66 21 Meat.

719 2850 45 22 Mr.
776 2850 84 28 Lyon's
869 2851 59 21 None
936 2858 23 14 so
968 2853 74 24 Dusty.

719 2876 101 22 Johnson
830 2877 45 23 and
884 2878 97 23 Moore's
989 2879 15 21 /
1010 2885 31 15 am
1050 2881 36 19 not
1096 2886 75 15 aware.

719 2910 87 23 AUfthe
816 2911 70 22 above
896 2912 72 23 Races
976 2920 37 15 are
1026 2921 55 21 open
1096 2914 35 22 for
1140 2917 65 28 entry
1215 2916 56 22 until

691 2939 15 21 9
716 2937 88 24 o'clock
811 2937 45 24 this
866 2940 101 27 evening,
978 2943 23 19 at
1011 2940 105 23 Barrett's
1128 2941 77 23 Hotel.

709 2984 4 7 '
742 2992 5 11 4
796 2974 8 8 '
961 2973 62 23 John
1037 2975 101 27 Dorset,

884 2999 60 24 Hon.
956 3001 113 28 Secretary
1078 3001 45 22 and
1131 3002 124 23 Treasurer.

693 3028 22 5 ~
761 3029 24 5 ~
851 3041 5 10 '
930 3044 103 22 Notice.
1250 3033 19 5 ~

692 3074 91 49 ALL
803 3074 83 23 Claims
902 3075 85 27 against
1005 3075 34 23 the
1054 3076 95 29 barques
1165 3078 107 27 Clydeside

760 3119 4 5 .
770 3101 46 22 and
830 3102 122 28 Indemnity,
968 3106 57 19 must
1041 3104 28 21 be
1078 3108 51 18 sent
1145 3109 22 17 to
1181 3105 89 25 Messrs.

692 3128 84 22 Waitt
791 3128 46 22 and
853 3129 82 27 Tyser,
951 3135 29 16 on
991 3137 25 15 or
1023 3130 74 23 before
1116 3131 101 29 Monday
1232 3134 37 24 the

690 3154 116 24 23rdinst.

719 3182 101 27 January
830 3184 33 25 20,
875 3183 59 21 1843:

735 3226 5 10 1
806 3229 55 21 For
875 3228 68 25 Sale,
959 3234 35 16 ex

692 3260 109 51 PALE
816 3260 95 22 INDIA
925 3260 62 22 ALE
1001 3260 22 23 in
1037 3260 79 29 bottle,
1127 3262 86 28 Bryant
1227 3265 45 23 and

765 3286 98 28 Davis's,

719 3315 71 25 Stout,
801 3314 87 27 Bryant
896 3313 43 22 and
948 3314 93 27 Davis's,

681 3359 4 9 (
718 3341 63 22 Bass'
792 3341 86 22 Burton
888 3340 41 28 ale,

718 3368 55 23 Pale
792 3367 78 27 sherry
889 3367 44 23 and
948 3367 108 29 Madeira,
1075 3368 137 27 Rutherford
1227 3373 45 23 and

691 3396 94 27 Druryis
795 3394 79 28 brand,
905 3411 4 7 ,

719 3418 107 32 Verbid
836 3420 109 28 Madeira,
955 3425 51 23 port
1018 3422 43 22 and
1076 3422 76 30 sherry
1161 3424 24 23 in
1201 3426 70 29 wood,

691 3444 139 30 Rutherford,
836 3448 45 22 and
890 3448 93 28 Drury's
991 3449 78 28 brand,

699 3488 3 3 •
719 3475 50 23 Old-
773 3482 87 20 cognac
868 3475 86 28 brandy
962 3476 23 22 in
995 3476 74 28 bottle,
1121 3485 2 5 ■
1144 3481 3 8 '

718 3500 181 30 Cherrrbrandy
907 3502 23 23 in
938 3510 70 20 cases,
1011 3509 3 5 1
1091 3514 6 5 -
1269 3518 4 7 ,

713 3528 124 36 •Sparkling
846 3529 143 29 champagne,
1065 3552 5 2 .
1197 3544 5 3 .
1271 3531 3 23 \

717 3556 145 22 Maraschion
872 3555 44 24 and
921 3558 76 26 punch
1006 3563 96 22 essence,
1155 3574 2 4 •
1197 3580 7 6 „
1262 3555 12 28 j

717 3582 51 24 Eau
776 3582 30 23 Ac
819 3583 104 27 Cologne,
970 3583 4 6 '
1013 3585 44 18 '."
1197 3580 11 14 *

682 3632 2 5 ,
719 3611 11 20 1
741 3617 51 16 case
801 3610 89 22 French
897 3611 61 27 rugs.'

681 3645 7 3 -
717 3636 109 23 Assorted
835 3637 103 26 anchors,
945 3641 4 4 '
1171 3642 3 3 '

718 3663 73 23 Chain
800 3664 81 26 cables,
891 3665 88 22 various
987 3664 61 28 sizes,
1154 3669 10 10 •'•

717 3689 82 23 Patent
808 3695 93 24 carpets,
913 3696 4 3 '

719 3717 97 27 Glasses,
830 3718 2 4 '

717 3743 125 29 Tumblers,

718 3770 97 28 Pickles,
860 3772 13 13 *
1042 3777 3 3 •
1135 3784 7 4 -
1225 3787 5 2 -

718 3798 78 22 Butter
804 3799 23 21 in
834 3798 55 27 jars,
905 3806 2 4 ■
1112 3819 3 2 .

719 3825 54 23 Pine
783 3825 87 28 cheese,
883 3825 39 23 &c.
932 3826 41 22 &c.
1055 3824 3 5 '
1096 3842 2 4 .
1218 3832 2 3 '
1271 3827 3 4 '

999 3853 80 23 Waitt
1094 3854 47 24 and
1157 3856 86 25 Tyser.
1270 3857 4 22 i

719 3884 144 29 Wellington,
874 3886 127 28 September
1008 3888 34 26 30,
1053 3889 63 22 1842.

693 3934 71 51 ON
778 3935 85 27 SALE,
879 3939 23 20 at
912 3936 44 23 thu
966 3937 69 31 office,
1044 3937 71 24 blank
1124 3940 61 24 Bm»
1194 3939 79 26 Boos*

769 3962 16 11 M
791 3959 114 29 *«Mttt*
919 3963 174 34 OfiM»'jMKV
1120 3972 7 3 -
1169 3973 53 23 V.
1259 3956 17 38 3

1351 157 55 21 For
1426 153 62 24 Sate
1509 156 97 26 at^the
1619 156 109 21 Nelson
1747 155 85 27 Dairy

1476 206 224 24 NelsoxPHaven.

1302 246 65 23 qa
1384 240 84 23 COWS
1484 240 35 22 IN
1534 240 86 27 CALF,

1396 268 29 21 30
1432 266 84 23 heifers
1524 266 23 21 in
1558 267 50 27 calf,

1387 292 4 6 1501
1396 295 28 20 50
1432 300 77 20 young
1517 292 89 28 heifers,

1324 322 16 20 4
1348 319 116 22 halt-bred
1474 320 102 22 Durham
1587 320 67 27 bulls,

1325 348 24 21 11
1361 350 76 22 steers,

1351 375 14 20 6
1375 372 99 27 working
1483 372 109 28 bullocks,

1350 400 16 21 4
1372 397 66 24 iotock
1446 398 84 28 horses,

1346 427 48 20 -.100
1404 432 64 20 ewes,

1351 453 28 21 50
1389 452 102 27 wethers,

1324 479 48 23 The
1387 479 71 22 above
1471 487 37 14 are
1523 480 56 23 from
1595 479 41 22 Dr.
1648 478 93 28 Imlay's
1758 478 127 23 celebrated

1298 506 62 23 stock
1370 509 23 18 at
1403 506 99 22 Twofold
1514 506 56 28 Bay.
1598 506 49 22 The
1657 506 67 22 cattle
1738 513 39 14 are
1787 505 37 22 the
1836 505 49 22 best

1298 532 61 28 bred,
1370 531 57 24 have
1439 533 56 22 been
1504 533 85 23 landed
1598 534 23 21 in
1634 532 38 23 the
1683 532 66 22 finest
1759 532 70 26 order,
1841 532 44 21 and

1298 560 58 22 form
1366 560 38 21 the
1418 560 49 21 best
1476 560 105 23 selection
1589 560 26 21 of
1620 567 44 20 any
1671 560 32 21 lot
1711 562 39 24 yet
1758 558 97 27 brought
1864 562 21 18 to

1299 587 55 22 New
1364 586 107 22 Zealand.
1500 586 45 22 For
1551 586 137 29 particulars,
1698 585 67 29 apply
1775 590 22 17 to

1487 621 22 22 S.
1525 618 100 30 RevansJ
1642 621 144 27 Wellington,
1798 628 26 14 or

1488 647 28 23 D.
1526 647 147 27 Dbummond,
1685 647 87 23 Nebon
1782 647 89 23 Haven.

1326 673 55 26 July
1391 673 20 24 7,
1422 675 61 21 1842.

1324 3174 91 23 Notice
1440 3180 28 15 to
1492 3173 164 22 Subscribers.
1657 3184 28 5 —
1685 3173 50 23 The
1760 3173 90 23 settlers
1859 3177 28 19 -at

1297 3199 128 29 Wanganui
1434 3199 112 28 complain
1556 3199 50 23 that
1621 3199 54 29 they
1693 3200 30 22 do
1738 3204 42 18 not
1797 3203 39 24 get
1850 3208 37 16 our

1297 3235 80 21 papers
1384 3227 113 27 regularly
1498 3237 28 6 —
1528 3227 44 22 and
1581 3227 66 28 plead
1658 3228 56 27 that,
1725 3234 24 15 as
1765 3235 29 15 an
1808 3235 79 15 excuse

1297 3256 34 21 for
1341 3258 40 19 not
1389 3255 84 27 paying
1488 3254 60 22 their
1563 3258 117 19 accounts.
1719 3254 42 23 We
1777 3262 43 15 can
1837 3256 50 27 only

1296 3285 42 25 put
1356 3281 57 23 their
1430 3286 81 23 papers
1524 3281 25 22 in
1566 3281 38 22 the
1618 3284 59 25 post,
1695 3282 49 25 and.
1758 3286 87 19 cannot
1862 3283 25 22 be

1297 3307 139 30 responsible
1444 3308 36 22 for
1494 3307 60 23 their
1569 3307 48 23 safe
1632 3308 91 23 arrival.
1762 3309 68 22 From
1846 3309 41 23 this

1298 3336 51 22 date
1357 3343 33 15 we
1399 3340 50 23 stop
1458 3335 39 23 the
1505 3342 81 26 papers
1596 3335 27 23 of
1638 3335 31 23 all
1683 3342 94 22 persons
1791 3335 96 29 residing

1298 3367 25 18 at
1342 3363 127 28 Wanganui
1488 3363 55 22 with
1561 3370 45 14 one
1624 3362 128 29 exception.
1794 3363 34 24 If.
1836 3363 51 29 they

1297 3389 59 23 need
1363 3396 80 21 papers
1453 3390 53 27 they
1514 3397 44 15 can
1567 3389 60 22 have
1632 3389 65 23 them
1706 3390 150 32 uponjgijdng
1864 3398 23 15 us

1298 3417 39 22 ihe
1345 3419 108 25 gurantee
1464 3417 26 21 of
1500 3424 63 15 some
1571 3413 316 37 respectable^ermnTresm-

1297 3444 40 27 ing
1344 3442 60 29 here)
1414 3443 50 22 that
1472 3447 109 24 payment
1589 3443 59 22 shall
1653 3444 29 22 be
1688 3451 67 15 maae
1765 3444 64 23 when
1838 3444 49 24 due.

1298 3471 42 22 We
1350 3474 90 24 suspect
1446 3478 34 15 we
1490 3471 59 22 shall
1556 3478 55 19 very
1620 3478 55 15 soon
1684 3471 49 22 find
1740 3472 21 21 it
1771 3478 116 23 necessary

1298 3501 24 20 to
1331 3498 69 28 adopt
1408 3497 38 23 the
1456 3505 62 15 same
1528 3505 80 15 course
1615 3497 25 22 in
1650 3498 96 22 relation
1755 3502 25 19 to
1792 3499 31 22 all
1838 3500 49 23 sub-

1298 3525 95 23 scribers
1400 3528 41 19 not
1449 3525 100 27 residing
1557 3525 25 22 in
1592 3525 148 27 Wellington.
1760 3531 3 4 '

1326 3556 145 28 Wellington,
1480 3556 104 29 January
1594 3558 21 27 1,
1626 3558 64 22 1842.

2125 155 75 24 THIS
2214 156 74 23 DAY.

2086 191 20 9 '*
2150 188 109 22 Notice.

2092 219 134 30 Secretary's
2237 221 77 28 Office,
2326 222 143 28 Wellington,

2184 249 103 27 January
2297 250 33 25 19,
2342 250 61 21 1843.

1912 278 53 50 IN
1989 279 224 25 CONSEQUENCE
2233 282 27 22 of
2277 282 38 22 the
2337 282 160 23 unfavourable

1968 309 58 18 state
2044 306 26 21 of
2083 306 37 22 the
2136 308 104 28 weather,
2257 308 35 22 his
2311 308 135 29 Excellency
2460 309 37 22 the

1914 332 83 22 Officer
2006 332 174 29 Administering
2189 335 38 21 tho
2234 336 155 21 Government
2398 335 39 23 has
2443 336 54 22 been

1912 358 91 26 pleased
2022 362 23 18 to
2067 363 104 23 postpone
2189 362 38 21 the
2251 362 76 22 Levee
2350 362 91 22 notified
2464 363 35 21 for

1914 385 88 28 Friday,
2019 389 24 18 at
2057 387 14 20 2
2088 386 91 28 o'clock,
2189 391 24 18 at
2217 388 118 22 'Barrett's
2350 389 77 28 Hotel,
2441 388 57 23 until

1914 412 110 28 Snturday
2033 416 62 22 next,
2106 416 23 18 at
2139 413 37 22 the
2185 421 61 15 same
2257 415 64 23 hour.

2044 438 76 23 James
2133 439 93 24 Stuart
2241 442 122 28 Freeman,

2172 467 114 29 Secretary
2295 469 23 21 in
2327 468 143 23 attendance.
