2520 3989
1892 694 218 25 WHOLESALE
2139 683 144 37 PRICES
2283 683 192 37 CURRENT.

84 167 50 24 The
153 166 111 32 Morning
277 167 139 23 Chronicle's
428 167 108 23 Windsor
546 174 88 15 corres-

49 200 100 29 pondent
165 208 52 23 says
219 212 33 4 —
277 200 50 23 The
345 207 95 23 nursery
452 199 44 23 and
515 199 63 23 three
594 198 39 23 ad-

47 233 90 29 joining
155 240 74 15 rooms
247 237 24 18 at
289 231 38 24 the
346 231 84 29 Castle,
444 232 34 23 for
497 231 37 23 the
552 238 41 16 use
612 231 24 23 of

49 265 38 23 the
98 265 72 23 infant
181 266 108 23 Princess
301 265 43 23 and
354 264 40 23 her
407 264 75 31 Royal
494 264 140 30 Highness's

48 297 135 28 attendants,
196 305 38 15 are
252 297 77 30 nearly
341 297 133 30 completed.
518 296 66 30 They
597 304 36 15 are

49 336 54 24 very
121 330 85 30 plainly
218 330 124 28 furnished,
355 329 43 24 and
416 337 38 16 are
473 333 61 19 most
552 336 81 16 conve-

41 362 95 30 niently
151 362 95 23 situated
264 363 25 22 in
427 367 78 22 tower,
524 369 54 15 over
595 361 38 23 the

47 394 107 23 bedroom
165 395 73 22 which
249 402 47 15 was
315 394 107 31 occupied
437 395 31 29 by
478 394 43 23 her
532 393 100 31 Majesty

45 427 128 30 previously
186 432 22 18 to
220 427 41 23 her
273 428 117 29 marriage.
427 426 67 30 They
506 434 37 15 are
555 435 14 14 a
581 434 53 22 very-

47 459 63 23 short
122 459 99 23 distance
232 459 60 23 from
306 459 40 23 her
365 459 121 31 Majesty's
499 458 134 24 bed-cham-

45 491 48 29 ber,
107 492 71 23 which
190 493 21 22 is
223 499 53 16 over
288 491 37 24 the
338 492 107 30 Augusta
457 496 75 19 tower.
557 491 76 24 There

45 524 21 22 is
78 531 50 16 now
139 529 38 18 not
190 525 37 23 the
244 525 57 22 least
319 524 69 24 doubt
405 524 49 23 that
472 524 41 22 her
532 523 100 31 Majesty

46 556 45 23 will
103 556 72 30 spend
188 556 127 24 Christmas
327 562 23 17 at
361 557 37 23 the

80 598 57 24 The
151 598 126 24 Princess
298 598 98 24 Royal.
398 611 34 4 —
432 598 44 24 We
488 598 57 24 have
552 606 79 16 reason

46 635 24 19 to
81 631 85 23 believe
179 631 48 23 that
240 631 80 25 Queen
337 631 117 28 Adelaide,
475 631 38 23 the
525 631 107 23 Duchess

46 664 26 23 of
88 663 72 29 Kent,
173 664 43 23 and
229 664 37 23 the
279 664 107 23 Duchess
397 664 25 23 of
438 664 143 28 Gloucester,
594 671 38 16 are

45 701 23 18 to
81 696 34 23 be.
120 697 38 22 the
169 696 144 31 godmothers
327 697 24 23 of
365 697 41 23 her
418 696 75 31 Royal
503 696 127 31 Highness;

47 729 44 22 aud
103 729 38 22 the
154 729 69 23 Duke
235 729 26 22 of
277 730 61 22 Saxe
356 729 98 31 Coburg,
475 729 38 23 the
533 729 66 31 King
611 730 23 22 of

45 761 39 23 the
102 762 116 30 Belgians,
238 762 44 22 and
299 762 37 22 the
355 761 70 24 Duke
444 762 26 23 of
485 762 96 23 Sussex,
593 762 39 23 the

45 794 138 30 godfathers,
227 794 24 23 It
273 795 20 22 is
314 799 39 18 not
376 795 116 30 expected,
517 795 114 28 however,

45 826 49 24 that
106 826 39 23 the
157 826 141 31 christening
314 827 47 23 will
380 827 52 23 take
446 827 65 32 place
522 827 35 23 for
569 835 63 15 some

45 859 62 23 time.
110 871 33 5 —
144 857 112 32 Morning
273 859 68 24 Post.

79 901 50 23 The
153 901 120 31 rejoicings
297 909 28 15 on
348 902 38 23 the
409 903 47 22 safe
487 902 100 30 delivery
610 903 24 23 of

45 932 38 25 the
107 934 82 24 Queen
211 934 57 23 have
291 934 57 23 been
375 935 90 30 general
494 935 139 31 throughout

45 966 39 23 the
102 971 102 26 country.
252 967 73 30 Many
343 972 63 25 great
423 968 78 30 public
520 969 112 30 meetings

45 999 56 23 have
119 999 57 23 been
195 999 53 23 held
266 1004 23 19 to
308 999 90 24 address
423 1001 38 23 the
478 1000 91 25 -Queen
588 1001 44 23 and

46 1031 83 24 Prince
141 1031 90 25 Albert.

78 1073 177 25 Bankruptcy
274 1075 178 24 Superseded.
454 1087 34 5 —
489 1075 31 24 A.
541 1076 30 23 G.
591 1075 39 24 W.

45 1106 125 32 Riddulph,
190 1108 21 23 J.
226 1107 99 31 Wright,
348 1108 33 23 H.
395 1108 129 29 Robinson,
537 1109 44 23 and
599 1108 30 24 E.

45 1139 39 23 W.
107 1139 157 32 Jerningham,
294 1139 213 31 Henrietta-street,
532 1142 99 23 Covent-

44 1172 93 30 garden,
153 1172 106 24 bankers.

79 1214 250 30 Downing-street,
371 1216 63 24 Dec.
484 1218 40 22 15.
537 1230 34 4 —
580 1217 51 23 The

45 1247 81 25 Queen
144 1247 41 24 has
204 1249 57 22 been
278 1249 91 30 pleased
388 1254 21 18 to
428 1250 93 30 appoint
541 1250 89 30 George

45 1279 70 31 Grey,
129 1280 66 31 Esq.,
204 1285 22 18 to
239 1281 27 23 be
280 1282 117 23 Governor
409 1282 45 23 and
466 1283 164 23 Commander-

45 1313 35 22 in-
85 1313 68 23 Chief
162 1314 24 22 of
202 1313 37 23 the
257 1315 106 29 province
376 1315 24 23 of
417 1315 73 23 South
503 1316 125 23 Australia.

45 1345 49 24 The
108 1345 79 25 Queen
202 1346 40 23 has
262 1347 48 22 also
321 1348 56 22 been
396 1348 92 30 pleased
501 1355 21 16 to
538 1350 92 29 appoint

45 1378 92 31 George
162 1379 69 30 Grey,
252 1379 67 32 Esq.,
339 1385 23 17 to
380 1381 27 22 be
428 1381 113 23 Resident
559 1382 70 22 Com-

44 1412 120 22 missioner
176 1412 25 23 of
211 1412 82 23 Public
310 1412 78 24 Lands
398 1413 25 22 in
435 1413 38 24 the
489 1415 106 29 province
609 1415 24 22 of

44 1444 73 23 South
128 1444 125 23 Australia.

77 1486 126 24 Downing
211 1500 8 5 -
230 1494 106 22 street,
371 1488 65 25 Dec.
480 1491 39 22 16.
532 1501 35 4 —
578 1489 51 24 The

44 1519 81 25 Queen
144 1519 40 23 has
203 1520 58 23 been
277 1520 90 31 pleased
388 1525 21 19 to
429 1522 94 30 appoint
541 1522 88 23 Robert

44 1552 87 27 Power,
144 1552 67 31 Esq.,
224 1557 23 18 to
259 1553 28 23 be
307 1553 228 31 Surveyor-Geueral
553 1555 23 23 in
592 1555 36 24 the

44 1585 78 23 Island
135 1585 25 22 of
169 1585 50 24 Van
231 1585 121 24 Dieman's
365 1586 74 24 Land.

75 1626 44 24 We
131 1635 38 15 are
181 1635 64 23 sorry
256 1632 24 19 to
299 1632 58 19 state
375 1629 48 23 that
440 1629 65 23 there
523 1631 20 21 is
561 1638 67 23 every

41 1667 80 17 reason
144 1665 22 18 to
190 1661 47 22 fear
259 1660 50 24 that
331 1661 36 23 the
390 1661 79 31 Fairy,
493 1664 135 30 surveying-

42 1693 80 29 vessel,
137 1693 65 30 Capl.
218 1692 98 29 Hewett,
329 1694 41 23 has
389 1695 57 22 ben
461 1696 52 28 lost,
525 1697 53 22 with
592 1697 36 22 the

41 1726 71 23 whole
125 1726 25 22 of
159 1726 39 22 her
211 1726 88 23 officers
311 1727 43 23 and
367 1727 70 31 ship's
449 1736 118 23 company.
605 1729 23 23 It

42 1766 95 24 appears
155 1759 48 22 that
220 1759 41 22 she
278 1759 42 23 left
339 1760 108 23 Harwich
466 1769 29 15 on
513 1762 38 23 the
572 1763 56 22 15th

40 1792 52 27 ult.,
104 1792 35 22 for
151 1792 37 22 the
199 1799 99 23 purpose
306 1793 25 22 of
339 1794 122 30 surveying
472 1802 62 16 some
547 1795 79 30 neigh-

40 1823 99 31 bouring
157 1825 74 26 sands,
251 1825 45 23 and
314 1830 61 19 must
396 1826 58 23 have
475 1828 153 23 encount-red

42 1857 38 23 the
97 1858 46 22 late
162 1858 144 23 tremendous
324 1863 78 19 storm.
445 1860 24 22 It
487 1867 46 16 was
552 1868 75 16 ascer-

40 1890 83 28 tained,
136 1890 76 23 before
223 1890 41 23 she
275 1891 41 22 left
336 1891 115 29 Harwich,
465 1893 50 22 that
531 1893 40 24 she
584 1894 43 23 had

40 1930 30 15 no
82 1923 80 30 design
173 1922 112 24 whatever
298 1924 24 22 of
331 1925 135 31 proceeding
478 1926 70 23 above
560 1935 14 14 a
585 1927 42 22 few

40 1955 78 23 hours'
131 1955 49 28 sail,
193 1956 85 31 having
289 1957 54 30 only
354 1965 28 15 on
400 1958 70 23 board
482 1964 23 17 at
524 1959 36 23 the
574 1960 53 23 time

41 1992 43 19 two
96 1988 63 30 days'
170 1989 127 30 provisions
306 1997 6 20 ;
333 1990 39 23 but
391 1990 39 23 she
449 1990 41 24 has
508 1997 40 18 not
564 1993 62 23 since

112 2021 69 24 heard
202 2021 30 24 of.
270 2022 22 23 A
311 2030 41 15 son
370 2023 25 23 of
411 2023 38 23 Sir
469 2025 28 22 C.
517 2025 83 28 Adam,
614 2033 14 14 a

40 2054 159 30 midshipman,
212 2061 46 16 was
271 2063 28 14 on
317 2054 70 24 board
399 2055 37 23 the
452 2056 81 30 Fairy.
576 2057 50 23 The

39 2084 150 26 Salamander
207 2087 159 23 steam-vessel
384 2088 70 23 sailed
472 2096 29 16 on
524 2089 102 31 Monday

38 2119 58 24 from
109 2119 133 29 Sheerness,
251 2120 36 23 for
300 2120 104 32 Norway,
418 2122 23 22 in
453 2121 78 24 search
540 2122 27 23 of
576 2122 49 24 her.

40 2152 49 23 She
99 2152 46 23 will
158 2153 51 22 visit
220 2152 38 23 the
275 2153 111 23 Shetland
403 2154 68 27 Isles,
485 2154 44 24 and
548 2155 44 24 call
602 2160 24 19 at

38 2184 69 25 Leith
119 2185 21 23 if
148 2193 127 23 necessary.
277 2198 34 4 —
313 2185 136 31 Hampshire
458 2187 134 31 Telegraph.

75 2228 153 23 Important
243 2235 30 16 to
292 2228 113 25 Agents.
409 2241 33 4 —
442 2229 39 24 An
494 2231 73 22 action
580 2239 46 15 was

38 2261 58 23 tried
106 2262 24 22 in
143 2261 37 23 the
193 2261 72 23 Court
276 2261 27 23 of
317 2261 136 31 Exchequer
466 2270 28 16 on
513 2263 112 24 Wednes-

38 2294 42 30 day
93 2294 44 23 last
139 2306 31 4 —
172 2294 82 23 Brown
271 2301 21 19 v,
312 2294 137 28 M'Donnel,
470 2296 73 23 which
562 2298 20 22 is
603 2298 25 22 of

37 2332 64 25 great
114 2327 138 30 importance
264 2332 23 18 to
300 2327 95 24 colonial
411 2334 89 25 agents.
545 2329 23 23 It
579 2338 46 15 was

37 2368 29 14 an
78 2361 73 22 action
164 2360 98 30 brought
280 2360 31 31 by
329 2361 38 22 the
385 2361 101 31 plaintiff
494 2362 35 23 for
548 2371 77 15 remu-

38 2393 102 22 neration
153 2392 34 23 for
199 2394 97 22 services
310 2394 108 23 rendered
426 2399 23 18 to
457 2395 39 23 the
504 2395 122 24 defendant

38 2425 97 23 towards
154 2425 37 24 the
215 2425 100 31 disposal
337 2427 25 22 of
387 2427 36 22 his
445 2427 54 24 land
521 2429 24 22 in
567 2429 59 24 New

38 2458 110 28 Zealand,
172 2458 109 31 although
299 2458 39 24 the
360 2460 101 30 plaintiff
480 2468 46 16 was
549 2467 40 18 not
612 2470 14 16 a

37 2496 66 26 party
115 2496 23 18 to
151 2491 38 23 the
201 2496 102 19 contract
320 2492 34 23 for
373 2494 28 22 its
421 2494 47 23 sale
489 2494 134 32 ultimately,

39 2531 29 16 on
89 2524 71 23 which
177 2524 89 30 ground
287 2525 37 22 the
345 2526 121 23 defendant
488 2528 91 24 refused
602 2533 23 19 to

37 2564 54 24 pay.
127 2557 50 23 The
186 2557 61 31 jury,
261 2557 109 29 however,
383 2559 71 23 under
465 2560 38 23 the
516 2561 109 24 direction

42 2590 26 23 of
84 2590 37 23 the
130 2589 79 31 judge,
222 2590 64 23 Lord
296 2590 112 32 Abinger,
423 2593 71 23 found
510 2602 14 14 a
540 2595 86 23 verdict

42 2622 36 24 for
99 2623 38 23 the
160 2623 103 31 plaintiff,
264 2635 34 5 —
299 2623 94 33 thereby
418 2627 150 31 establishing
586 2628 39 23 the

39 2656 61 30 right
112 2656 25 23 of
152 2661 79 26 agents
244 2661 22 18 to
278 2656 82 32 charge
374 2665 44 24 pro
437 2662 52 20 rote
507 2660 36 23 for
560 2660 66 24 work

39 2688 66 24 done.

73 2731 63 23 Lord
148 2731 130 31 Brougham
290 2733 42 22 has
343 2735 106 22 returned
465 2739 24 19 to
501 2739 67 25 town,
581 2736 45 24 and

39 2764 19 23 it
70 2764 19 23 is
101 2765 73 23 stated
184 2766 30 29 by
227 2765 35 22 his
275 2766 84 23 friends
379 2768 23 22 in
412 2768 113 23 excellent
539 2769 86 24 health.

42 2796 127 32 Following
190 2798 38 22 the
251 2799 146 24 instructions
419 2801 26 22 of
471 2801 37 23 his
517 2809 3 6 •
531 2802 95 24 medical

40 2829 110 29 advisers,
163 2830 34 23 his
209 2830 101 32 lordship
321 2831 41 24 has
379 2833 57 23 been
448 2834 24 22 in
487 2834 38 24 the
537 2841 56 17 west
604 2836 25 22 of

41 2862 117 31 England,
181 2863 124 32 refraining
328 2866 87 29 equally
438 2867 58 23 from
527 2869 101 31 exciting

41 2901 85 25 society
134 2896 44 22 and
190 2903 75 16 severe
278 2897 75 31 study.
389 2898 45 23 His
446 2900 110 32 lordship,
564 2902 63 22 how-

42 2935 61 20 ever,
115 2929 20 22 is
148 2928 90 24 advised
250 2935 39 17 not
301 2935 22 18 to
336 2931 110 30 abandon,
455 2933 22 23 in
487 2938 67 25 town,
562 2935 65 23 those

42 2960 75 24 habits
129 2961 47 24 that
187 2969 58 16 were
256 2963 70 23 found
343 2968 22 19 to
383 2964 28 23 be
430 2973 26 15 so
475 2966 118 24 beneficial
604 2975 24 16 in

42 2994 40 22 the
94 2999 102 25 country.
198 3007 33 4 —
233 2995 82 23 Times.

77 3036 51 24 The
139 3036 172 25 bombardment
323 3039 24 23 of
364 3039 34 24 St.
411 3040 57 23 Jean
481 3041 91 31 d'Acre,
586 3051 42 16 an-

42 3069 104 24 nounced
157 3070 29 31 by
198 3070 38 23 the
255 3071 90 23 French
365 3073 115 32 telegraph
499 3075 45 24 last
555 3077 72 28 week,

43 3110 102 23 appears,
157 3103 57 23 from
228 3103 36 23 the
277 3104 67 23 fuller
351 3112 105 18 accounts
468 3112 22 19 to
503 3108 56 24 have
572 3110 56 23 been

44 3142 14 15 a
77 3140 58 18 most
153 3136 98 31 striking
271 3137 73 24 affair.
385 3139 35 23 As
440 3148 14 15 a
472 3142 114 30 specimen
607 3144 25 22 of

43 3167 56 30 high
116 3168 122 31 perfection
257 3170 23 22 in
301 3170 38 23 the
364 3172 99 31 military
481 3179 43 23 art,
544 3175 44 24 and
607 3177 25 22 of

42 3201 66 22 naval
127 3208 102 24 gunnery
247 3203 127 31 especially,
393 3206 17 21 it
428 3206 19 22 is
474 3208 110 29 regarded
604 3217 26 15 as

44 3233 141 28 unrivalled;
210 3236 37 21 the
266 3236 63 22 shots
348 3244 57 16 were
425 3237 133 33 discharged
576 3242 54 23 with

45 3266 128 31 surprising
200 3267 104 31 rapidity,
329 3269 44 23 and
402 3277 66 25 every
491 3272 52 24 shot
572 3275 56 23 told.

45 3298 52 23 The
114 3298 138 24 destruction
270 3302 25 21 of
311 3301 46 29 life,
370 3303 23 22 in
414 3306 132 29 proportion
558 3311 22 19 to
593 3308 39 23 the

45 3331 55 23 time
112 3331 44 23 and
176 3332 113 29 numbers,
303 3342 44 15 was
366 3337 179 29 unprecedented
555 3349 5 19 ;
587 3341 45 22 and

47 3364 38 22 the
98 3364 133 31 description
245 3366 25 22 of
280 3366 38 23 the
334 3367 91 24 horrors
442 3370 25 22 of
482 3371 38 23 the
532 3380 68 16 scene
611 3374 21 22 is

45 3396 129 31 sickening.
226 3397 52 24 The
301 3399 40 23 fall
370 3401 24 23 of
419 3403 70 29 Acre,
520 3404 112 31 however,

44 3430 111 29 promises
175 3434 22 18 to
215 3430 60 23 close
294 3439 13 15 a
326 3439 45 16 war
388 3434 80 30 which,
483 3437 41 22 but
540 3438 35 23 for
587 3438 45 24 this

45 3462 98 23 decisive
162 3470 97 21 success,
271 3464 75 31 might
362 3465 55 25 have
435 3468 57 24 been
505 3469 56 31 long
578 3479 52 23 pro-

45 3495 95 22 tracted.
190 3495 137 25 Mehemet
346 3498 47 24 Ali
412 3500 42 24 has
480 3503 96 23 recalled
597 3504 35 24 his

46 3532 76 26 troops
144 3528 56 24 from
221 3528 66 30 Syria
296 3539 6 18 ;
322 3531 43 23 and
383 3540 54 16 even
450 3534 19 22 if
487 3535 29 22 he
529 3536 43 23 had
583 3542 48 24 not,

45 3560 40 23 the
98 3561 81 30 Syrian
192 3563 104 28 question
308 3570 44 15 was
364 3566 129 32 practically
503 3573 23 18 at
538 3577 27 15 an
578 3570 53 24 end.

48 3592 79 33 Egypt
151 3595 96 22 remains
268 3599 23 18 to
315 3595 37 23 the
376 3598 89 29 Pasha;
496 3601 45 23 and
564 3603 69 22 about

47 3625 80 32 Egypt
139 3634 28 15 no
179 3627 103 30 question
296 3627 40 23 has
348 3629 55 23 been
414 3632 74 23 raised
499 3641 83 25 among
593 3636 39 23 the

48 3658 92 24 Powers
159 3660 25 22 of
200 3660 101 31 Europe,
322 3660 36 23 the
377 3662 46 23 real
440 3666 86 28 parties
548 3668 22 22 in
594 3669 38 22 the

47 3691 97 32 dispute.
189 3693 67 30 Syria
275 3694 111 27 removed,
400 3695 37 23 the
454 3697 56 24 War
528 3706 65 25 party
609 3702 22 22 in

47 3724 39 23 the
103 3725 88 22 French
212 3725 127 24 Chambers
357 3726 55 24 have
431 3728 44 24 lost
494 3730 56 25 their
574 3742 40 15 cue
625 3744 5 5 •

47 3757 45 23 and
106 3757 30 23 all
157 3758 41 22 fair
216 3763 107 26 pretence
341 3760 34 22 lor
393 3760 120 26 hostilities
532 3765 100 24 between

47 3789 72 24 Great
132 3790 87 23 Britain
233 3791 45 22 and
289 3791 89 24 France
389 3801 80 22 seems,
482 3796 35 22 for
529 3798 36 23 the
578 3800 55 22 time

46 3827 24 18 at
87 3823 65 27 least,
167 3828 21 18 to
206 3824 57 22 have
285 3824 56 23 been
360 3825 118 32 destroyed
498 3829 52 23 with
563 3831 69 29 Acre,

45 3855 46 23 and
113 3855 40 23 the
172 3856 115 31 obstinacy
308 3857 25 23 of
351 3858 37 23 the
408 3858 123 27 Pasha.—
533 3862 102 26 Colonial

46 3886 83 25 Times,

520 34 232 30 iHJ^jravr
762 35 228 30 ZEALAND
1009 33 224 32 GAZETTE
1251 32 103 32 AND
1371 33 327 32 WELLINGTON
1721 33 293 32 SPECTATOR.

167 117 195 23 ENGLISH
385 116 131 24 NEWS.

1278 115 72 48 ON
1364 115 83 26 SALE,
1459 118 24 18 at
1491 114 38 21 the
1539 115 75 21 Stores
1621 115 27 21 of
1659 114 38 21 the
1703 114 158 28 undersigned,

1355 149 28 14 ex
1394 142 73 25 Bailey
1474 150 36 12 .—

1305 169 39 20 180
1354 167 241 22 mousseline-de-laine
1608 167 46 22 and
1668 167 89 27 printed
1771 167 91 27 Saxony

1277 194 91 27 dresses,
1379 193 36 22 the
1422 194 67 21 latest
1494 193 45 22 and
1546 196 58 19 most
1608 193 139 22 fashionable
1754 196 106 23 patterns.

1642 219 109 23 William
1761 219 73 22 Lyon.

1447 264 131 26 Monthly
1591 264 97 20 Nurse.

1276 297 48 48 E
1362 296 110 25 SQUIBB
1488 297 54 26 begs
1558 300 23 18 to
1597 295 83 22 inform
1697 295 38 23 the
1751 295 72 23 ladies
1839 295 26 22 of

1330 334 10 10 •
1372 324 53 21 Port
1441 323 123 22 Nicholson
1584 322 49 22 that
1649 322 39 22 she
1705 322 89 22 attends
1809 322 53 22 with

1275 351 39 21 the
1320 353 97 23 greatest
1423 357 50 14 care
1481 349 45 21 and
1534 349 95 22 abilities
1637 356 24 14 as
1669 349 104 25 Monthly
1780 349 80 21 Nurse.

1277 377 45 20 Can
1333 377 50 25 give
1393 376 124 22 references
1532 380 23 17 to
1571 375 146 28 professional
1732 379 129 23 gentlemen

1276 402 22 22 in
1310 402 38 21 the
1362 402 91 27 Colony.

1330 428 120 22 Thorndon
1461 428 58 28 Flat,

1275 455 61 21 Near
1347 455 36 21 the
1392 455 114 21 residence
1516 455 27 21 of
1553 456 21 21 J.
1585 455 25 21 T.
1621 454 137 26 Wicksteed,
1772 454 51 28 Esq.

1274 499 153 48 NOTICE.
1428 510 28 4 —
1456 499 95 21 Persons
1559 499 99 22 desirous
1664 499 25 21 of
1693 499 67 26 being
1767 498 96 22 married

1337 525 29 27 by
1377 525 36 21 the
1423 525 55 22 Rev.
1489 525 61 22 John
1564 525 136 25 M'Farlane,
1712 525 57 22 First
1780 525 83 22 Minis-

1275 555 33 18 ter
1317 551 26 21 of
1355 551 36 22 the
1401 552 80 22 Scotch
1492 551 88 23 Church
1590 552 23 21 in
1630 552 56 22 New
1696 551 113 27 Zealand,-
1824 558 38 15 are

1275 578 117 26 requested
1401 582 22 17 to
1433 579 93 26 register
1536 578 58 22 their
1602 586 79 14 names
1696 579 53 21 with
1766 583 38 17 the
1821 585 42 15 un-

1275 604 119 26 dersigned
1401 609 23 17 at
1433 605 66 21 latest
1508 605 37 21 the
1555 605 110 27 Saturday
1675 605 102 27 previous
1792 609 23 17 to
1825 605 37 21 the

1275 636 125 22 ceremony,
1412 631 22 21 in
1445 631 65 21 order
1517 635 22 17 to
1550 631 158 27 proclamation
1719 633 21 19 of
1750 631 72 21 banns
1832 638 30 14 on

1274 656 105 22 Sabbath.
1408 657 95 22 Persons
1513 657 46 22 also
1569 657 101 23 desirous
1679 658 26 21 of
1712 657 83 27 having
1806 657 57 22 their

1275 683 99 21 children
1394 683 107 27 baptised,
1521 687 60 19 must
1597 685 103 26 previous
1716 684 86 22 thereto
1812 685 50 25 give

1274 709 38 22 the
1322 710 105 27 requisite
1436 710 143 22 information
1590 711 22 21 in
1628 711 65 21 order
1703 715 22 17 to
1736 711 93 26 registry
1840 714 22 17 to

1566 737 94 22 Robert
1670 738 27 21 R.
1708 737 99 26 Strang,

1300 762 102 22 Solicitor
1411 763 43 21 and
1465 763 115 27 Registrar
1589 763 34 22 for
1634 764 37 21 the
1679 763 79 22 Scotch
1765 763 97 22 Church.

1274 788 223 28 Woollcomb-street,
1508 790 52 21 24th
1570 790 80 22 March
1661 791 59 21 1841.

1394 833 172 26 Wellington
1580 834 156 26 Exchange.

1274 859 92 48 THE
1380 859 110 22 PUBLIC
1509 867 37 14 are
1562 859 112 22 informed
1691 861 47 20 that
1754 859 36 22 the
1806 863 56 19 tem-

1347 893 80 20 porary
1444 886 82 21 Rooms
1540 886 27 21 of
1581 886 37 21 the
1641 886 127 22 Institution
1787 894 38 14 are
1839 889 24 19 at

1273 911 37 23 the
1327 912 73 22 Stores
1416 912 27 21 of
1455 913 44 21 Mr.
1515 913 93 21 Robert
1626 913 89 26 Waitt,
1735 912 73 22 where
1823 913 38 21 the

1272 939 66 21 latest
1348 939 98 26 English,
1456 939 135 26 Australian,
1600 939 45 21 and
1653 939 120 21 American
1783 939 79 21 News-

1272 972 80 19 papers
1371 965 43 21 and
1434 965 132 28 Magazines
1585 965 44 22 will
1651 966 27 21 be
1696 965 78 22 found.
1813 966 48 21 The

1273 991 150 28 Subscription
1433 991 18 23 is
1461 993 40 21 £2.
1517 993 31 21 2s.
1559 999 40 21 per
1611 999 94 19 annum,
1728 992 94 27 payable
1837 993 23 21 in

1274 1018 107 22 advance.

1463 1046 29 21 G.
1508 1045 25 22 B.
1550 1045 71 27 Earp,

1508 1072 65 22 Chair
1575 1080 52 13 mean
1639 1073 26 21 of
1672 1071 36 22 the
1719 1073 140 21 Committee.

1503 1117 21 21 A
1538 1117 93 21 CARD.

1439 1151 50 20 Mr.
1505 1151 33 20 H.
1554 1151 29 20 B.
1598 1151 97 27 Relph,

1374 1183 103 15 SURGEON
1493 1184 158 20 ACCOUCHEUR,
1667 1185 88 14 PETONI.

1273 1219 89 49 FOR
1376 1220 83 27 SALE,
1472 1224 23 18 at
1505 1221 36 21 the
1689 1222 77 26 Office,
1775 1222 85 22 36-line

1346 1247 63 21 Brief
1420 1247 78 27 Paper.

1402 1291 73 20 John
1489 1292 104 26 Lodge,
1607 1292 121 25 Builder,

1273 1324 107 48 BEGS
1394 1327 22 19 to
1427 1325 80 21 inform
1519 1325 37 22 the
1566 1325 137 23 inhabitants
1714 1327 26 21 of
1751 1326 109 28 Welling-

1336 1355 44 22 ton,
1392 1351 47 21 that
1448 1352 85 27 having
1541 1353 57 21 been
1609 1360 68 19 many
1687 1360 64 19 years
1759 1353 100 27 engaged

1272 1385 24 13 as
1305 1378 99 20 foreman
1415 1378 23 21 in
1453 1379 37 21 the
1507 1379 96 21 erection
1621 1379 27 21 of
1661 1379 117 27 buildings,
1797 1380 28 22 he
1840 1381 19 20 is

1272 1411 50 14 now
1332 1405 107 26 prepared
1449 1409 21 17 to
1481 1405 65 22 make
1557 1405 64 28 plans
1635 1405 45 21 and
1696 1406 113 22 estimates
1826 1407 34 21 for

1272 1437 44 20 any
1326 1432 132 25 description
1474 1432 26 20 of
1514 1432 118 26 buildings,
1651 1432 43 21 and
1711 1437 93 17 execute
1823 1433 36 21 the

1272 1464 61 15 same
1342 1464 29 14 on
1381 1458 129 22 reasonable
1521 1462 74 23 terms,
1608 1458 52 22 with
1669 1459 59 26 good
1736 1459 123 22 workman-

1272 1484 56 26 ship.

1300 1510 57 21 N.B.
1358 1522 27 3 —
1386 1510 20 22 A
1423 1512 93 20 vnoden
1533 1511 69 23 house
1619 1515 23 18 to
1658 1512 28 21 be
1707 1512 102 26 disposed
1828 1513 30 25 of,

1272 1536 52 23 20ft.
1336 1537 30 27 by
1376 1538 51 21 14ft.

1298 1563 121 22 Thorndon
1431 1564 72 28 Quay,
1515 1564 52 22 Jan.
1577 1566 34 26 21,
1624 1566 61 20 1841.

1398 1607 98 23 JAM-S
1514 1609 28 21 H.
1559 1609 172 26 JOHNSTON,

1360 1642 112 21 Cabinet
1486 1643 97 20 Maker
1599 1644 55 20 and
1668 1644 101 26 Joiner,

1460 1677 39 19 TE
1512 1677 61 20 ARO
1585 1677 87 24 FLAT,

1272 1712 53 48 IN
1336 1712 114 27 returning
1460 1713 81 21 thanks
1549 1717 23 17 to
1581 1713 34 21 his
1627 1713 131 28 Employers
1766 1714 45 22 and
1822 1714 36 22 the

1330 1738 77 22 Public
1416 1739 34 21 for
1459 1739 37 21 the
1510 1745 91 21 support
1611 1740 28 21 he
1656 1740 39 21 has
1713 1740 97 22 hitherto
1825 1749 33 13 re-

1273 1765 84 26 ceived,
1366 1766 52 26 begs
1427 1770 22 16 to
1456 1766 80 21 inform
1546 1767 61 20 them
1615 1766 49 22 that
1672 1766 26 22 he
1705 1767 40 21 has
1753 1767 106 23 removed

1272 1792 55 21 from
1342 1792 76 21 Petoni
1432 1796 21 17 to
1468 1793 32 21 Te
1512 1793 45 21 Aro
1576 1793 55 25 Flat,
1644 1793 78 26 where,
1738 1794 23 21 in
1776 1795 80 26 future,

1272 1818 28 21 he
1310 1818 44 21 will
1372 1825 62 20 carry
1449 1826 26 14 on
1494 1819 38 21 the
1548 1819 70 21 above
1634 1820 109 21 branches
1753 1820 25 21 of
1787 1821 69 25 trade,

1272 1844 44 22 and
1326 1844 28 22 he
1366 1844 52 22 feels
1429 1846 114 20 confident
1552 1846 48 20 that
1613 1853 44 20 any
1670 1846 61 21 work
1745 1848 114 21 entrusted

1272 1875 22 18 to
1303 1870 55 28 him,
1370 1871 42 22 will
1425 1872 28 21 be
1467 1873 109 21 executed
1592 1877 21 16 to
1628 1873 38 21 the
1683 1873 137 22 satisfaction
1836 1875 27 21 of

1272 1898 33 21 his
1317 1898 136 27 Employers.

1298 1924 22 22 J.
1332 1925 30 21 H.
1374 1925 20 21 J.
1406 1926 117 20 continues
1538 1928 23 18 to
1577 1933 93 20 prepare
1685 1926 70 27 plans,
1771 1927 87 26 specifi-

1272 1951 92 26 cations,
1375 1952 44 21 and
1429 1952 112 21 estimates
1554 1952 34 22 for
1606 1960 67 20 every
1682 1952 136 29 description
1836 1954 26 22 of

1272 1978 107 26 building.

1274 2022 147 46 CLOCKS,
1437 2023 112 25 Watches,
1566 2023 45 20 and
1628 2024 119 26 Jewellery
1763 2025 93 21 cleaned

1344 2047 44 21 and
1398 2047 100 27 repaired
1513 2048 28 27 by
1555 2049 85 21 Robert
1656 2050 115 26 Sturgeon,
1789 2058 67 21 many

1270 2081 64 19 years
1344 2074 23 21 in
1378 2082 14 13 a
1401 2074 92 21 London
1507 2075 115 26 jewellery
1633 2075 108 22 business.

1298 2107 122 22 Residence
1431 2111 22 17 at
1462 2111 91 23 present
1553 2119 28 4 —
1581 2112 24 17 at
1614 2108 39 22 the
1663 2108 56 22 back
1727 2110 25 20 of
1765 2110 91 23 Messrs.

1272 2133 87 22 Waters
1369 2134 43 21 and
1423 2134 91 21 Smith's
1525 2135 81 21 Stores.

1277 2178 230 27 TJM'GREGOR,
1523 2180 74 20 Clock
1608 2180 45 21 and
1663 2180 87 22 Watch
1762 2181 95 28 Maker,

1269 2208 51 18 V»
1350 2212 55 15 near
1414 2206 38 21 the
1460 2206 116 22 residence
1586 2206 26 21 of
1623 2207 41 21 Dr.
1674 2207 74 21 Knox.

1359 2256 187 27 BRADFIELD,
1573 2257 94 23 Saddler
1688 2259 47 22 and
1757 2260 101 22 Harness

1326 2293 9 10 •
1369 2283 85 21 Maker.
1482 2283 95 27 Repairs
1589 2285 78 27 neatly
1681 2285 64 23 done.
1775 2286 83 23 Orders

1272 2309 103 22 received
1385 2313 22 18 at
1417 2310 128 21 Marshall's
1555 2311 162 22 CofFee-house.

1454 2355 117 21 General
1585 2356 86 21 Store.

1271 2387 91 48 MR.
1376 2387 143 22 TELFORD
1534 2388 84 27 having
1631 2390 102 27 recently
1744 2390 65 23 made
1820 2399 38 14 ex-

1362 2414 84 21 tensive
1462 2414 127 28 purchases,
1610 2416 52 26 begs
1674 2420 21 18 to
1705 2425 120 14 announce
1835 2421 22 19 to

1269 2440 34 22 his
1312 2441 85 20 friends
1406 2441 49 21 that
1463 2442 28 21 he
1502 2441 40 22 has
1552 2449 29 14 on
1593 2442 53 27 sale,

1296 2467 184 22 HARDWARE
1495 2468 27 21 of
1533 2468 37 22 the
1581 2468 48 23 first
1637 2469 92 29 quality,
1740 2470 118 29 including

1269 2501 13 14 a
1291 2498 63 23 great
1362 2494 84 27 variety
1456 2495 25 21 of
1492 2495 65 22 nails.

1296 2521 103 21 FLOUR
1409 2522 25 20 of
1446 2521 47 22 first
1502 2522 46 21 and
1557 2522 84 22 second
1651 2522 93 28 quality.

1296 2548 180 21 GROCERIES.
1478 2560 32 4 —
1510 2548 52 27 Tea,
1578 2556 84 20 sugars,
1681 2550 76 26 coffee,
1774 2550 81 28 butter,

1269 2581 61 20 soap,
1341 2574 97 27 candles,
1449 2575 52 26 vice,
1517 2582 65 21 curry
1599 2576 97 27 powder,
1712 2577 85 27 pickles
1813 2580 44 21 and

1269 2608 84 19 sauces,
1365 2602 108 26 spiceries,
1484 2602 42 21 &c.

1296 2627 100 22 WINES
1409 2628 67 21 AND
1487 2628 157 22 SPlßlTS.—
1646 2629 91 22 Besides
1747 2630 37 22 the
1794 2632 63 21 usual

1268 2655 80 26 supply
1359 2655 26 20 of
1395 2655 66 21 wines
1472 2655 45 21 and
1527 2656 81 26 spirits,
1621 2656 63 21 there
1693 2656 19 21 is
1722 2664 14 13 a
1745 2658 113 21 consider-

1269 2682 49 21 able
1325 2682 102 27 quantity
1431 2682 25 21 cf
1464 2682 88 21 Scotch
1561 2681 113 23 Whiskey
1684 2691 4 19 ;
1700 2683 46 22 and
1752 2692 13 13 a
1771 2684 87 23 limited

1269 2708 103 28 quantity
1382 2708 25 21 of
1417 2708 117 21 Colonial
1545 2708 123 23 Whiskey.

1296 2734 97 22 BOOTS
1407 2735 67 21 AND
1489 2735 139 21 SHOES.—
1628 2736 73 21 There
1711 2736 40 21 has
1758 2737 57 22 been
1823 2745 35 14 re-

1270 2761 78 22 ceived
1366 2769 14 14 a
1398 2762 100 28 quantity
1522 2762 25 21 of
1568 2761 139 28 Wellington
1729 2764 66 21 boots
1814 2765 45 22 and

1272 2788 112 21 Warren's
1391 2783 111 32 blacking.

1297 2814 170 22 BLANKETS.
1468 2827 31 4 —
1501 2815 70 21 Fresh
1586 2815 94 22 arrivals
1695 2815 57 23 have
1762 2824 64 15 come
1837 2822 21 18 to

1270 2841 62 22 hand
1340 2841 24 21 in
1374 2842 38 21 8-4
1420 2842 45 21 and
1475 2842 58 27 11-4,
1551 2842 27 21 of
1590 2842 91 23 various
1695 2843 104 27 qualities
1815 2845 43 22 and

1270 2869 79 26 prices.

1298 2895 298 22 HABERDASHERY.—
1597 2896 73 22 There
1686 2896 17 22 is
1719 2904 13 14 a
1742 2897 69 22 select
1820 2898 40 22 but

1269 2921 87 22 limited
1382 2922 101 27 quantity
1508 2930 29 14 on
1563 2922 67 28 hand,
1655 2923 116 29 including
1789 2928 69 24 tapes,

1272 2948 97 26 threads,
1379 2949 65 21 black
1456 2949 44 21 and
1515 2949 105 22 coloured
1635 2957 87 15 sewing
1737 2959 63 14 silks
1816 2953 44 21 and

1272 2976 64 25 twist,
1358 2975 95 27 darning
1471 2979 83 24 cotton,
1573 2976 99 28 needles,
1690 2978 83 26 combs,
1794 2978 67 23 India

1271 3001 41 22 silk
1320 3001 47 22 and
1374 3005 73 18 cotton
1456 3002 179 28 handkerchiefs,
1644 3004 85 27 braces,
1738 3006 40 21 &c.

1298 3028 166 22 DRAPERY.-
1469 3029 93 22 -White
1583 3034 75 19 cotton
1682 3032 100 28 shirting,
1802 3037 60 19 stout

1271 3055 141 22 unbleached
1426 3059 82 24 cotton,
1523 3057 60 22 40in.
1599 3058 64 26 wide,
1681 3063 75 18 cotton
1771 3060 89 29 checks,

1272 3081 55 22 dark
1338 3083 76 25 prints,
1426 3083 39 20 &c.
1477 3083 41 22 &c.

1299 3107 54 23 OIL
1375 3109 66 21 AND
1465 3109 144 22 LAMPS.—
1610 3110 54 23 This
1682 3111 67 23 latter
1767 3112 41 23 has
1826 3121 34 15 re-

1273 3135 78 21 ceived
1359 3142 29 14 an
1398 3135 99 22 increase
1507 3136 27 21 of
1545 3136 37 22 the
1590 3137 50 22 best
1655 3138 85 28 quality
1757 3140 49 22 that
1822 3141 39 23 has

1272 3165 38 23 yet
1319 3161 58 22 been
1388 3162 81 21 offered
1479 3163 22 20 in
1514 3163 37 21 the
1562 3163 70 22 Colon
1634 3172 22 19 y.

1299 3187 73 23 There
1382 3188 38 22 has
1430 3189 46 21 also
1487 3196 64 15 come
1561 3194 23 17 to
1604 3190 61 23 hand
1682 3199 13 14 a
1710 3193 64 22 small
1788 3193 34 22 lot
1839 3194 26 22 of

1273 3218 65 18 straw
1356 3215 58 24 hats,
1439 3216 46 21 sou'
1512 3221 96 23 westers,
1631 3218 82 22 Scotch
1732 3227 58 21 caps,
1812 3228 50 15 um-

1273 3241 87 26 brellas,
1373 3243 38 20 &c.

1274 3287 38 20 To
1329 3286 160 21 Gentlemen
1508 3288 87 27 going
1608 3290 29 20 to
1653 3290 158 28 Wanganui
1831 3298 29 14 or

1494 3314 46 21 the
1554 3315 82 22 Bush.

1275 3345 88 49 FOR
1378 3345 83 27 SALE,
1477 3349 23 19 at
1519 3347 36 21 the
1576 3349 75 21 Stores
1670 3349 26 22 of
1716 3349 38 22 the
1773 3350 88 23 Under-

1322 3387 6 3 -
1347 3373 83 26 signed,
1442 3380 14 14 a
1464 3373 62 26 large
1541 3375 103 28 quantity
1662 3376 27 21 of
1698 3376 54 28 first,
1769 3378 90 26 second,

1275 3399 43 22 and
1343 3399 59 21 third
1426 3400 85 26 quality
1530 3401 88 26 biscuit,
1639 3404 124 21 warranted
1788 3404 73 28 newly

1274 3425 80 26 baked,
1366 3425 44 22 and
1420 3430 23 17 at
1453 3426 113 23 moderate
1577 3429 79 26 prices.

1302 3453 53 26 Any
1364 3453 127 26 gentleman
1503 3460 42 14 can
1557 3455 56 21 have
1623 3455 35 22 his
1668 3463 48 14 own
1724 3457 58 22 flour
1788 3457 74 22 baked

1273 3479 47 21 into
1331 3479 86 26 biscuit,
1427 3479 21 21 if
1458 3480 111 27 required.

1541 3507 145 24 Archabald
1695 3509 136 23 Anderson.

1301 3531 145 28 Wellington,
1458 3533 77 21 March
1548 3535 32 24 18,
1591 3535 60 21 1841.

1369 3577 117 21 Thomas
1501 3578 55 20 and
1571 3580 108 20 Samuel
1694 3581 78 20 Cook
1795 3596 4 4 .

1275 3610 91 48 BEG
1378 3614 21 17 to
1407 3610 81 22 inform
1500 3611 37 21 the
1547 3611 81 27 public,
1641 3613 48 21 that
1705 3613 83 28 having
1802 3622 61 16 com-

1351 3636 74 28 pleted
1443 3638 57 21 their
1524 3638 114 22 extensive
1656 3640 207 24 weather-boarded

1275 3663 70 27 Store,
1356 3664 51 26 they
1418 3663 56 22 have
1491 3671 67 20 every
1575 3666 153 22 convenience
1743 3667 35 22 for
1794 3675 69 15 ware-

1275 3690 96 26 housing
1379 3690 74 27 goods,
1465 3694 23 18 at
1497 3698 13 14 a
1521 3698 53 20 very
1584 3691 114 23 moderate
1708 3693 89 28 charge.

1278 3716 135 34 _Lambton
1423 3717 71 28 Quay,
1507 3718 146 27 Wellington,
1667 3719 51 22 Jan.
1729 3722 33 25 29,
1775 3723 60 21 1841.

1427 3761 172 27 Promissory
1613 3763 95 21 Notes.

1274 3793 137 49 BLANK
1423 3794 68 22 forms
1507 3794 35 22 for
1560 3796 138 28 Promissory
1715 3798 76 27 Notes,
1803 3803 23 18 to
1836 3800 27 23 be

1338 3820 54 22 had-
1401 3824 22 19 at
1442 3820 37 23 the
1499 3821 64 22 office
1584 3822 26 21 of
1630 3822 39 23 the
1689 3824 54 22 New
1762 3825 101 25 Zealand

1277 3847 103 22 Gazette.

1275 3891 72 49 ON
1361 3892 86 27 SALE,
1462 3896 22 18 at
1493 3892 45 22 this
1548 3893 78 28 Office,
1637 3894 50 23 files
1696 3895 26 22 of
1732 3895 38 24 the

1352 3918 99 22 Zealand

1962 115 40 20 To
2017 115 187 21 Landowners
2218 117 56 20 and
2287 117 117 27 Agents.

1889 141 176 48 WANTED
2081 141 29 27 by
2121 141 37 21 the
2175 141 65 22 Land
2256 143 148 27 Association,
2418 148 59 20 town

1969 174 63 15 acres
2041 167 23 21 in
2076 167 128 22 favourable
2216 169 126 27 situations,
2352 170 45 21 and
2408 174 68 20 terms

1889 192 17 23 if
1913 193 131 22 reasonable
2055 194 43 21 will
2107 198 60 17 meet
2175 194 128 23 immediate
2321 196 119 23 attention.

1995 220 28 22 R.
2036 220 75 27 Davis,

1971 257 2 6 •
1994 247 29 21 G.
2043 247 71 26 Scott,
2183 246 13 30 )-
2213 247 111 23 Trustees.

1994 272 73 22 W.A.
2078 268 110 32 Cooper.J

2084 299 36 23 W.
2131 300 31 21 H.
2173 301 147 26 Bottomley,
2330 302 119 27 Secretary.

2129 344 107 22 Notice.

1891 368 92 48 ANY
2001 376 81 20 person
2100 370 99 23 desirous
2215 371 27 22 of
2258 370 103 30 building
2377 379 30 16 on
2422 373 55 23 land

1967 394 117 28 adjoining
2093 396 36 21 the
2140 400 66 24 town,
2225 405 42 14 can
2277 405 93 21 procure
2379 399 55 22 land
2443 400 34 22 for

1892 421 34 21 the
1936 428 96 21 purpose
2039 422 46 21 free
2096 422 27 22 of
2131 426 58 24 rent,
2204 424 32 26 by
2251 425 106 27 applying
2366 429 23 18 to
2400 426 77 23 Jameg

1893 447 65 26 Watt,
1970 446 53 29 Esq.

1892 490 86 48 FOR
1996 491 86 26 SALE,
2103 499 14 14 a
2134 493 65 22 small
2216 495 103 25 quantity
2336 496 26 20 of
2378 497 99 23 superior

1962 518 79 21 SEED
2056 518 123 23 WHEAT.
2206 520 78 28 Apply
2300 524 23 19 to
2340 522 45 22 Mr.
2401 522 76 23 James

1893 543 65 26 Watt,
1968 544 146 26 Wellington.

2072 590 80 20 Bank
2166 590 132 26 Cheques.

1894 614 70 48 ON
1975 614 79 22 SALE
2064 619 23 17 at
2098 616 37 20 the
2152 616 64 22 office
2233 617 27 21 of
2272 617 44 21 this
2325 625 76 19 paper.
2431 619 46 22 Ga-

1955 645 58 18 zette
2023 641 72 25 office,
2108 642 64 24 April
2182 645 19 21 9,
2215 644 60 20 1841.

1879 665 2 2 I

664 117 202 48 DWELLING
880 116 110 26 HOUSE,
999 116 52 21 with
1058 115 128 23 immediate
1197 122 51 19 pos-

754 145 83 21 session
856 144 35 21 for
908 142 80 22 twelve
1007 142 95 27 months,
1122 146 23 17 to
1163 142 27 21 be
1209 141 37 26 let,

663 170 115 28 adjoining
801 170 188 27 Lambton-quay.
1028 168 115 23 Firewood
1161 175 29 14 on
1211 167 36 22 the

663 200 85 24 spot.—
750 196 97 22 Address
858 196 28 27 W.
886 196 42 27 8.,
941 196 87 20 Gazette
1038 195 77 22 Office.

898 242 40 19 To
953 241 58 24 Let,

665 275 48 47 A
728 273 211 22 SUBSTANTIAL
949 273 76 21 native
1035 272 56 22 built
1097 272 77 25 house,
1181 272 67 22 situa-

741 300 38 22 ted
794 301 25 21 in
835 299 38 22 the
889 307 49 14 rear
954 299 27 21 of
991 299 136 26 Wellington
1145 298 102 23 Terrace.

663 326 47 22 The
719 327 69 21 house
807 326 100 22 contains
917 326 64 22 three
990 332 74 15 rooms
1072 325 45 21 and
1127 332 13 14 a
1148 325 99 23 kitchen.

663 353 47 21 The
729 352 71 22 whole
819 352 44 22 will
882 353 27 21 be
927 356 42 23 put
986 352 24 22 in
1035 351 109 28 complete
1167 351 79 28 repair.

663 379 71 21 There
750 379 18 21 is
785 379 47 21 also
847 386 14 13 a
869 379 64 21 small
948 379 85 26 garden
1049 377 103 22 attached
1169 381 22 17 to
1211 377 36 22 the

663 405 111 26 premises.
804 405 44 21 For
863 405 120 22 directions
997 403 68 29 apply
1080 408 23 17 at
1119 404 43 21 this
1176 403 70 28 office,

663 432 44 21 and
716 432 35 21 for
759 430 130 28 particulars
899 435 21 17 to
933 431 43 21 Mr.
988 431 28 22 A.
1030 430 82 22 Millar.

663 475 142 48 LAND
830 475 256 22 AGENCIES.—
1086 475 40 21 TO
1150 475 97 22 LAND-

739 502 180 22 HOLDERS.—
919 502 48 22 The
987 501 154 28 Undersigned
1159 502 44 27 beg
1225 505 22 18 to

662 530 54 21 offer
725 530 134 21 themselves
869 533 22 17 to
900 529 58 21 their
966 527 85 23 friends
1062 528 44 21 and
1120 527 37 22 the
1173 527 74 28 public

662 563 23 14 as
695 556 86 27 Agents
790 556 36 21 for
835 555 37 22 the
883 555 94 28 disposal
986 555 25 21 of
1016 555 70 21 Town
1096 554 45 22 and
1148 554 99 27 Country

662 583 81 27 Lands,
756 583 44 21 and
810 586 56 18 trust
876 582 57 22 their
942 581 97 22 colonial
1049 581 132 26 experience
1195 588 52 19 may

662 610 77 21 entitle
749 609 61 22 them
821 613 21 18 to
853 617 13 13 a
877 609 64 21 share
951 609 27 21 of
988 608 38 22 the
1035 608 74 26 public
1118 610 128 24 patronage.

687 643 64 27 They
760 643 43 22 will
813 643 29 22 be
851 643 73 27 happy
934 645 23 18 to
966 649 95 19 arrange
1073 642 35 21 for
1117 641 43 21 and
1171 649 76 20 super-

661 670 78 22 intend
749 669 37 23 the
795 676 93 20 stirveys
895 669 43 21 and
945 668 160 22 sub-divisions
1112 668 26 21 of
1143 668 37 21 the
1185 668 61 21 land.

663 697 87 21 Liberal
760 696 111 22 advances
880 696 44 21 will
937 695 28 22 be
981 694 65 23 made
1056 702 28 13 on
1094 694 65 21 lands
1169 694 77 26 placed

661 723 22 21 in
694 723 58 21 their
760 722 72 22 hands
839 722 34 22 for
880 722 52 22 sale.
960 722 64 26 They
1032 721 42 21 will
1082 720 47 23 also
1136 720 28 22 be
1170 720 76 28 happy

661 753 22 18 to
693 750 65 21 assist
766 750 134 26 proprietors
909 749 24 21 in
942 748 88 27 leasing
1041 747 56 22 their
1106 748 72 21 lands.

939 781 64 22 John
1014 781 45 22 and
1070 781 57 22 Geo.
1139 781 79 22 Wade.

687 809 145 26 Wellington,
844 809 50 21 Oct.
904 810 19 24 7,
935 809 61 21 1840.

896 853 38 20 To
948 853 60 24 Let,
1018 863 4 5 -
1041 867 7 6 »
1075 868 4 5 .

663 887 183 49 BUILDING
863 885 262 26 ALLOTMENTS:—?
1143 885 103 28 building

737 913 135 26 allotments,
884 920 27 14 on
922 913 126 26 improving
1056 912 78 27 leases,
1145 913 23 21 in
1177 913 67 21 Well-

660 941 79 26 ington
748 940 103 22 Terrace.
878 939 84 25 Terms,
975 946 54 21 very
1039 939 84 21 liberal.

687 974 63 26 Also,
769 973 65 22 small
850 973 73 26 farms,
941 974 14 20 3
969 973 97 21 sections
1075 972 26 21 of
1112 972 53 21 land
1174 972 23 22 in
1209 972 36 21 the

660 1000 24 21 in
703 1000 37 21 the
759 1000 83 21 second
860 1000 72 26 series,
950 1003 23 17 to
988 999 27 21 be
1031 998 32 22 let
1072 998 21 21 in
1104 999 99 27 portions
1220 1007 12 12 o
1239 1000 8 19 i

660 1030 41 18 not
708 1026 44 22 less
762 1026 53 21 than
826 1027 25 20 25
862 1033 67 19 acres,
940 1033 30 14 on
980 1026 132 27 'improving
1127 1024 79 28 leases,
1223 1033 23 13 as

661 1060 54 14 soon
726 1060 24 15 as
760 1052 105 22 selected.

687 1085 123 22 Particular
820 1085 107 22 attention
938 1085 18 21 is
967 1084 72 23 called
1047 1088 22 18 to
1076 1085 38 21 the
1122 1084 122 27 advantage

660 1112 27 22 of
696 1112 128 27 improving
832 1112 76 22 leases.

823 1145 76 27 Apply
908 1148 22 19 to
941 1145 62 22 John
1016 1144 44 23 and
1070 1145 57 21 Geo.
1136 1144 80 22 Wade.

870 1191 38 20 To
923 1191 34 20 be
972 1191 59 24 Let,

662 1224 90 32 npHE
766 1227 59 18 town
843 1231 51 14 acre
910 1224 42 21 No.
971 1225 40 20 680
1026 1230 28 15 on
1071 1223 37 21 the
1125 1223 120 27 Surveyor-

669 1245 23 26 JL
735 1251 116 21 General's
861 1251 59 26 plan,
930 1250 123 27 belonging
1063 1253 21 18 to
1101 1250 39 21 the
1156 1249 88 22 Church

659 1278 26 20 of
696 1277 112 22 Scotland.
839 1277 43 21 For
891 1280 73 22 terms,
976 1277 66 27 apply
1054 1280 21 18 to

849 1304 92 21 Roburt
952 1304 28 21 R.
992 1305 99 24 Strang,
1107 1302 109 22 Solicitor.

687 1331 63 27 April
762 1331 102 22 14.1841.

672 1376 83 20 Small
770 1376 67 19 Lots
852 1374 42 21 for
907 1374 109 20 Houses
1032 1375 28 19 to
1073 1374 49 20 Let
1136 1374 93 26 gratis.

659 1409 119 47 TOWN
794 1409 82 21 ACRE
891 1408 94 22 number
993 1409 48 24 480,
1060 1414 28 14 on
1107 1407 136 26 Wellington

732 1435 103 26 Terrace,
853 1434 153 27 immediately
1022 1435 23 20 in
1056 1434 37 21 the
1104 1440 49 15 rear
1170 1434 25 20 of
1207 1433 37 22 the

658 1463 71 21 mnuri
740 1462 68 21 house
819 1461 68 27 lately
898 1461 104 26 occupied
1013 1461 31 26 by
1055 1461 43 21 Mr.
1111 1461 79 26 Minet,
1200 1460 44 21 will

658 1489 28 21 be
696 1489 31 21 let
736 1489 23 21 in
769 1488 65 22 small
843 1488 43 21 lots
896 1488 33 20 for
946 1487 103 26 building
1057 1487 34 22 for
1101 1487 61 21 three
1173 1487 71 26 year's

658 1515 46 21 free
715 1515 26 21 of
751 1519 56 17 rent.
838 1514 75 27 Apply
924 1518 21 18 to

959 1540 24 22 F.
1000 1541 28 21 A.
1046 1540 170 22 MoLESWORTH.

734 1586 132 27 Building
880 1586 170 20 Allotments
1065 1587 28 19 to
1109 1586 58 21 Let.

659 1621 90 33 npHE
768 1619 199 23 ADVERTISER
983 1619 65 22 offers
1063 1626 60 20 upon
1140 1619 106 27 Building

666 1641 28 27 JL
732 1647 89 25 Leases,
833 1654 13 14 a
856 1647 94 21 number
960 1646 26 21 of
997 1646 69 21 Town
1075 1646 136 22 Allotments
1221 1647 21 20 in

659 1673 35 21 the
705 1678 59 17 most
772 1673 108 21 desirable
891 1677 59 22 parts
960 1673 26 21 of
998 1673 43 21 this
1052 1673 138 21 Settlement.

684 1700 47 22 The
750 1701 109 21 attention
878 1700 25 20 of
920 1699 37 21 the
975 1699 75 27 public
1067 1700 18 20 is
1101 1699 143 28 particularly

658 1727 69 22 called
748 1731 21 17 to
790 1726 38 22 the
846 1726 123 26 advantage
990 1726 25 21 of
1033 1726 105 26 Building
1155 1726 87 27 Leases,

657 1753 72 21 which
739 1753 37 21 the
786 1753 151 26 undersigned
946 1753 18 21 is
975 1752 97 22 enabled
1080 1757 22 17 to
1112 1757 72 22 grant,
1192 1754 51 26 viz.,

657 1781 56 20 from
724 1787 68 15 seven
802 1783 24 18 to
843 1783 137 24 twenty-one
997 1787 72 20 years,
1087 1779 120 28 according
1222 1783 22 18 to

658 1807 36 21 the
712 1807 66 21 value
797 1807 26 21 of
844 1806 36 22 the
903 1806 115 27 buildings
1039 1806 109 27 proposed
1171 1810 22 18 to
1216 1807 28 21 be

657 1833 95 22 erected.

955 1860 26 20 F.
997 1860 28 21 A.
1044 1860 80 21 Voles
1127 1866 89 15 worth.

658 1903 163 49 SEVERAL
836 1903 69 22 Town
920 1904 107 26 Sections,
1046 1903 44 22 and
1106 1904 99 27 portions
1221 1904 26 21 of

722 1931 107 24 Sections,
840 1931 23 20 in
881 1934 58 18 most
954 1930 110 22 desirable
1080 1931 123 27 situations,
1221 1934 21 18 to

657 1957 27 21 be
694 1957 31 21 let
734 1964 29 14 on
772 1957 68 21 lease.

683 1983 44 22 For
736 1984 64 27 plans
810 1983 44 21 and
865 1983 137 28 particulars,
1013 1983 62 28 applj
1075 1991 5 8 r
1090 1987 22 18 to

1079 2011 26 21 R.
1122 2011 92 21 Stokes.

682 2035 146 27 Wellington,
839 2035 77 21 March
927 2037 33 24 18,
972 2037 61 20 1841.

657 2079 90 47 THE
771 2079 156 26 Undersigned
944 2079 58 21 have
1021 2079 68 21 Town
1109 2080 71 20 Acres
1198 2078 44 22 and

730 2105 99 27 portions
849 2106 26 20 of
892 2113 60 14 acres
970 2109 23 17 to
1007 2106 33 21 let
1054 2106 22 20 in
1096 2106 29 21 all
1141 2108 60 25 parts
1221 2105 25 21 of

656 2131 144 28 Wellington.
815 2132 48 22 The
873 2135 67 19 terms
947 2132 44 22 will
996 2133 27 21 be
1030 2133 67 26 given
1105 2139 59 21 upon
1173 2131 69 28 appli-

656 2158 81 22 cation.

929 2185 97 22 Hanson
1039 2185 43 21 and
1098 2186 116 21 Alzdorf.

804 2230 40 21 To
858 2230 33 20 be
908 2230 63 21 Sold
988 2236 30 15 or
1032 2230 57 24 Let,

656 2263 163 47 SEVERAL
839 2263 69 21 Town
924 2263 45 22 and
986 2264 100 27 Country
1104 2263 100 22 Sections
1221 2263 25 21 of

720 2289 72 22 Land.
821 2290 76 27 Apply
908 2293 21 18 to

971 2317 94 22 Robert
1077 2317 26 21 R.
1115 2317 99 21 Strano.

797 2361 87 20 Town
898 2362 85 20 Acres
999 2363 27 18 to
1043 2362 56 19 Let.

654 2394 180 48 NUMBERS
849 2402 28 14 on
887 2394 37 22 the
933 2394 241 27 Surveyor-General's
1182 2401 53 20 map

790 2423 40 19 199
924 2422 41 20 470
1060 2423 41 19 288

790 2449 40 20 168
924 2448 41 20 .559
1061 2449 41 20 .314

790 2476 40 20 156
926 2475 39 21 196
1060 2476 41 20 310

788 2503 42 19 423
924 2503 42 19 306
1061 2503 42 20 424

801 2529 29 21 47
924 2529 40 20 305
1061 2528 40 22 723

787 2556 39 20 sfil
925 2556 40 20 167
1060 2557 40 19 343

681 2582 53 21 And
744 2588 69 21 many
823 2582 75 21 others
908 2582 21 21 in
941 2581 37 21 the
989 2584 58 19 most
1061 2582 107 22 desirable
1183 2585 52 24 part

654 2608 26 21 of
692 2608 35 21 the
739 2612 65 18 town.
835 2609 44 21 For
888 2608 132 27 particulars
1034 2609 66 26 apply
1111 2613 22 17 to

1054 2635 21 22 J.
1087 2635 34 22 W.
1133 2635 81 23 Child.

681 2661 88 27 Petoni,
778 2662 61 22 Nov.
848 2663 34 25 30,
894 2663 61 21 1840.

797 2706 87 20 Town
898 2707 85 20 Acres
999 2708 27 19 to
1041 2707 57 20 Let.

658 2740 45 21 TVT
708 2739 127 22 UMBERS
846 2747 28 14 on
884 2740 36 21 the
932 2740 239 27 Surveyor-General's
1181 2750 52 18 map

658 2760 40 27 IN
771 2767 41 20 438
894 2768 40 19 553
1017 2768 41 21 627
1139 2769 40 22 775

682 2792 44 21 For
736 2792 138 28 particulars,
886 2793 66 27 apply
962 2797 23 18 to

658 2825 14 27 J
811 2819 36 21 W.
859 2820 25 20 13.
896 2820 33 21 Bit
938 2827 65 19 :wer,
1014 2821 199 25 barrister-at-law.

842 2865 40 20 To
896 2865 44 21 the
956 2865 105 22 Public.

657 2896 120 37 rpOWN
794 2898 105 26 ACRES,
910 2906 24 14 or
942 2900 100 26 portions
1057 2901 26 21 of
1094 2902 68 21 Town
1173 2910 68 19 acres,

664 2921 30 24 JL
717 2928 22 17 to
750 2924 27 21 be
786 2924 38 26 let,
840 2925 35 20 for
884 2925 52 25 long
953 2933 25 14 or
988 2926 61 22 short
1060 2931 66 19 terms
1136 2929 25 21 of
1171 2938 71 19 years,

656 2951 23 21 in
698 2957 67 20 every
776 2954 49 24 part
842 2951 26 21 of
881 2952 145 26 Wellington.

684 2977 43 21 For
744 2977 129 27 particulars
887 2978 66 28 apply
963 2982 23 18 to

815 3004 36 21 W.
863 3004 27 22 V.
902 3005 106 27 Brewer,
1018 3007 155 24 barrister-at-1
1176 3017 40 15 aw.

798 3049 88 21 Town
899 3050 86 21 Acres
1000 3052 29 20 to
1044 3053 56 20 Let.

657 3082 180 48 NUMBERS
849 3090 29 14 on
889 3083 35 22 the
935 3084 239 28 Surveyor-General's
1185 3096 57 16 man,

796 3111 43 20 510
945 3111 41 21 263
1095 3115 27 20 98

685 3135 44 22 For
737 3136 131 27 particulars
877 3137 66 27 apply
953 3141 22 18 to
988 3138 103 28 Wal'ace,
1104 3140 81 28 White,
1200 3142 43 22 and

658 3162 106 21 Wallace.

711 3206 134 28 Building
858 3208 170 22 Allotments
1042 3211 28 19 to
1086 3211 33 21 be
1134 3212 56 22 Let.

659 3241 51 47 A
726 3241 133 21 NUMBER
879 3241 25 21 of
918 3241 69 22 Town
1006 3243 71 21 Acres
1093 3244 22 21 in
1134 3245 36 22 the
1187 3251 58 18 most

738 3267 110 22 desirable
858 3267 116 23 situations
992 3269 22 21 in
1028 3269 141 29 Wellington,
1181 3277 23 18 to
1219 3274 25 21 be

661 3295 30 20 let
706 3300 29 15 on
753 3294 59 22 lease
833 3302 25 14 or
877 3295 124 26 otherwise,
1021 3296 45 21 and
1086 3298 42 21 will
1149 3299 25 22 be
1195 3301 49 21 sub-

660 3320 90 22 divided
758 3324 22 18 to
796 3321 46 21 suit
851 3325 94 18 tenants.
976 3322 68 22 Plans
1058 3324 43 21 and
1116 3326 129 26 particulars

660 3354 47 17 ma)
724 3347 26 21 be
760 3347 73 21 learnt
843 3354 28 15 on
882 3348 133 27 application
1027 3353 22 17 to

1006 3375 85 23 Henry
1101 3378 36 21 St.
1150 3378 68 24 Hill.

836 3420 121 26 Country
971 3422 99 21 Lands.

663 3451 163 48 SEVERAL
838 3453 98 27 Country
947 3453 101 23 Sections
1058 3459 21 17 to
1087 3456 42 22 Let
1138 3457 21 22 in
1169 3458 76 23 Farms

713 3478 25 20 of
746 3479 38 21 100
802 3486 68 18 acres,
882 3486 25 14 or
919 3483 48 23 part
978 3481 43 21 will
1032 3482 27 21 be
1072 3483 47 21 sub-
1125 3483 89 24 divided
1224 3490 22 17 to

661 3505 45 20 suit
716 3504 128 22 Gardeners
854 3505 44 21 and
908 3505 81 23 others.
1021 3509 72 27 Apply
1104 3513 22 18 to

1006 3534 83 23 Henry
1100 3537 37 21 St.
1149 3537 69 24 Htll.

664 3575 46 47 A
739 3575 133 26 HEWITT,
884 3576 159 28 Fishmonger,
1056 3579 108 24 Lambton
1173 3584 72 26 Quay,

716 3611 10 11 •
747 3602 142 27 Wellington,
896 3608 87 17 returns
993 3604 35 22 his
1037 3605 85 23 sincere
1134 3608 80 24 thanks
1225 3615 21 16 to

663 3629 36 19 the
717 3629 138 21 inhabitants
874 3636 12 14 o
891 3636 5 8 f
920 3630 42 21 this
982 3631 86 27 Colony
1086 3633 33 22 for
1138 3634 36 23 the
1193 3644 53 18 very

661 3654 76 21 liberal
757 3658 92 23 support
865 3655 28 22 he
907 3655 39 23 has
963 3657 84 22 luthert
1057 3667 4 11 >
1075 3660 109 28 received,
1202 3664 44 21 and

662 3681 52 26 begs
724 3685 22 17 to
755 3681 82 22 inform
849 3681 59 22 them
920 3683 46 21 that
982 3683 27 22 he
1020 3684 40 22 has
1069 3687 65 22 made
1143 3695 103 20 arrange-

662 3711 72 17 ments
749 3707 35 21 for
802 3714 14 14 a
830 3712 104 18 constant
948 3710 82 28 supply
1048 3712 26 20 of
1094 3713 37 22 the
1150 3714 97 24 choicest

662 3733 100 22 varieties
772 3733 25 21 of
809 3734 49 27 fish,
876 3735 69 22 which
965 3739 4 17 I
980 3743 12 14 c
1009 3737 138 30 confidently
1162 3749 84 16 recom-

662 3760 77 22 mends
748 3765 23 17 to
781 3760 38 22 the
828 3761 76 27 public
913 3769 23 15 as
943 3763 21 21 bi
971 3762 42 27 ing
1019 3764 26 21 of
1056 3765 37 22 the
1100 3766 49 22 best
1155 3769 91 28 quality.

688 3793 83 22 Orders
781 3794 33 21 for
823 3794 104 28 shipping
936 3796 110 28 received,
1062 3798 44 22 and
1115 3803 132 24 punctually

662 3820 105 21 attended
777 3825 29 16 to.

816 3855 99 14 OYSTERS
927 3856 73 15 TRESH
1016 3857 77 16 DAILY.

689 3879 62 28 Also,
763 3887 14 15 a
785 3881 80 28 supply
875 3882 26 21 of
916 3883 127 27 vegetables
1060 3885 59 24 fresh
1133 3887 58 24 from
1208 3890 38 22 the

661 3905 83 28 garden
754 3906 67 27 daily.
1222 3916 3 7 -
