2550 3989
1217 39 101 32 THE

66 99 465 129 NEW
637 96 877 132 ZEALAND
1623 101 863 140 GAZETTE

1225 259 102 32 AND

62 291 1155 145 WELLINGTON
1333 291 1156 145 SPECTATOR.

2318 534 100 41 [Vol.
2440 537 49 31 11.

30 509 5 6 '
62 526 64 30 No.
148 525 66 39 57.]

627 522 132 33 PORT
780 523 290 40 NICHOLSON,
1093 522 262 34 SATURDAY
1374 524 242 42 MORNING,
1638 529 110 32 MAY
1773 534 52 33 15,
1849 533 90 29 1841.

261 617 166 25 Prospectus

95 650 35 18 OF
137 651 18 17 A
166 650 66 19 NEW
244 649 81 21 MALL,
338 649 31 18 10
384 649 37 18 BE
433 649 96 18 NAMED
544 649 53 18 THE

51 711 92 33 rpHE
158 710 185 24 COMMITTEE
358 710 27 22 of
393 710 38 22 the
447 710 116 27 Pickwick
563 710 74 27 Club,

57 732 32 28 JL
139 739 24 21 in
187 737 170 27 endeavouring
381 739 23 19 to
515 741 39 17 out
582 737 58 22 their

50 765 95 26 original
159 765 130 25 intentions,
301 770 50 15 now
367 764 38 27 lay
420 763 77 22 before
511 764 38 21 the
567 764 72 22 Mem-

49 791 51 22 bers
110 791 38 22 the
157 791 115 26 following
288 790 140 27 Prospectus,
444 790 73 22 which
533 790 54 28 they
595 790 45 23 feel

50 818 92 22 assured
151 818 46 22 will
206 820 60 20 meet
275 816 54 23 with
338 817 92 27 general
440 817 153 28 approbation.

78 844 65 27 They
151 852 94 21 propose
255 847 23 19 to
290 847 60 19 erect
360 851 14 14 a
383 844 132 22 substantial
529 844 109 27 building,

49 871 59 21 from
118 878 30 15 an
157 871 141 28 appropriate
314 870 158 22 architectural
485 870 84 28 design,
586 871 25 21 in
626 878 14 14 a

50 898 161 27 commanding
227 897 105 23 situation
350 904 30 15 on
393 897 33 21 Te
439 897 49 21 Aro
502 897 56 27 Flat,
575 899 23 20 to
612 897 28 22 be
647 899 2 32 J

48 924 86 22 named
146 924 38 22 the
399 924 46 21 and
454 927 23 18 to
485 924 28 21 be
524 924 55 22 used
588 931 24 15 as
626 932 14 13 a

48 950 103 28 Library,
172 950 195 27 Reading-Room,
391 950 187 28 Lecture-Room,
595 951 44 21 and

49 977 114 22 Museum.
192 978 45 22 For
245 977 44 21 this
299 983 95 21 purpose
404 976 54 26 they
464 976 56 22 have
529 978 109 26 procured

49 1011 15 14 a
79 1004 93 22 suitable
187 1004 54 27 plan
257 1004 60 20 from
330 1003 45 21 Mr.
390 1003 22 21 J.
428 1003 31 21 H.
470 1002 119 28 Johnston,
601 1004 37 21 the

49 1030 118 22 estimated
174 1034 48 19 cost
229 1034 22 18 to
258 1031 60 21 erect
328 1029 72 22 which
407 1029 44 22 will
458 1029 27 22 be
495 1030 68 21 about
569 1030 67 27 £300,

49 1057 30 21 be
87 1057 74 21 raised
169 1058 25 21 in
210 1058 40 21 150
260 1056 83 26 shares,
355 1056 26 21 of
389 1056 34 22 £2
438 1056 62 26 each,
511 1056 94 22 secured
614 1060 24 18 to

49 1083 38 22 the
104 1083 155 23 shareholders
274 1089 62 21 upon
346 1082 38 21 the
397 1082 109 28 building,
517 1082 44 23 and
574 1083 64 22 bear-

49 1110 40 27 ing
97 1110 94 22 interest
200 1114 24 18 at
233 1109 37 23 the
279 1113 48 18 rate
338 1109 26 22 of
369 1109 47 22 £10
426 1116 39 20 per
475 1112 59 19 cent.

77 1136 48 22 The
134 1140 91 24 present
233 1143 99 16 revenue
343 1136 25 21 of
374 1136 38 21 the
419 1136 56 21 Club
482 1136 19 21 is
511 1139 23 18 at
543 1135 38 23 the
590 1139 48 19 rate

50 1163 27 22 of
82 1163 69 22 about
159 1164 49 22 £50
217 1170 40 21 per
266 1169 85 16 annum
359 1170 5 19 ;
381 1162 17 21 it
406 1162 20 21 is
434 1165 41 19 not
484 1165 37 19 too
530 1164 108 26 sanguine

50 1190 27 22 of
89 1189 40 23 the
145 1190 140 26 Committee,
304 1188 117 28 therefore,
442 1191 22 19 to
485 1190 101 21 estimate
601 1190 37 21 the

49 1216 88 28 regular
153 1223 98 16 revenue
268 1216 24 21 in
308 1216 38 21 the
358 1223 76 14 course
445 1216 26 21 of
481 1216 95 22 another
585 1224 53 20 year

51 1246 24 19 at
89 1243 67 27 £100,
174 1244 80 26 which,
272 1242 57 22 after
344 1243 84 27 paying
444 1242 93 22 interest
551 1244 35 21 for
602 1243 36 22 the

51 1270 86 27 capital,
150 1270 44 22 will
203 1270 63 22 leave
277 1276 14 14 a
300 1268 79 23 liberal
389 1276 49 15 sum
448 1269 34 22 for
491 1269 38 22 the
538 1269 100 22 increase

50 1296 27 22 of
83 1296 38 22 the
127 1296 95 29 Library
228 1296 45 23 and
281 1296 193 26 Reading-Room.

259 1330 165 15 REGULATIONS.

78 1351 19 20 1.
99 1360 28 5 —
127 1349 47 22 The
185 1352 93 20 amount
293 1349 27 22 of
325 1349 82 27 capital
415 1349 35 22 for
459 1348 38 23 the
508 1349 97 22 erection
616 1350 26 21 of

50 1375 38 23 the
107 1376 55 22 Hall
176 1379 24 19 to
216 1378 28 21 be
261 1376 68 26 £300,
346 1376 74 21 raised
435 1376 24 21 in
475 1375 76 22 shares
567 1377 26 20 of
605 1376 33 23 £2

50 1403 54 22 each
113 1411 5 19 ;
134 1403 45 22 and
189 1403 38 22 the
237 1402 95 23 number
342 1403 26 21 of
381 1402 75 22 shares
472 1405 23 18 to
510 1402 28 22 be
551 1402 87 23 limited

50 1433 23 18 to
82 1433 40 18 ten
132 1430 55 22 each
197 1429 151 23 shareholder.

75 1458 20 20 2.
96 1468 29 4 —
125 1456 59 23 That
193 1458 44 21 10s.
247 1463 42 20 per
299 1456 63 21 share
372 1455 28 22 be
418 1454 53 28 paid
486 1455 65 22 when
565 1456 72 22 whole

52 1482 25 22 of
90 1483 39 22 the
148 1483 76 22 shares
231 1489 38 16 are
279 1482 69 22 taken
357 1489 37 21 up,
406 1482 45 21 and
461 1482 37 21 the
511 1483 126 22 remainder

49 1510 23 21 in
87 1510 55 21 calls
158 1510 26 22 of
198 1512 44 20 10s.
259 1516 40 20 per
308 1509 71 26 share,
398 1512 23 18 at
434 1509 105 22 intervals
555 1510 26 21 of
595 1517 42 14 one

49 1536 85 26 month,
150 1537 26 21 of
189 1535 73 23 which
281 1536 38 21 the
336 1535 154 22 shareholders
509 1536 56 22 shall
579 1536 58 23 have

50 1563 60 27 eight
120 1564 61 26 days'
191 1564 82 21 notice.

74 1592 20 19 3.
111 1590 157 22 Shareholders
279 1589 25 21 of
311 1595 43 16 one
365 1588 63 22 share
438 1592 23 18 to
470 1589 29 22 be
511 1589 93 22 entitled
612 1593 23 18 to

49 1623 42 14 one
105 1620 64 24 vote;
185 1616 44 23 five
246 1616 83 26 shares,
341 1619 43 18 two
400 1618 75 25 votes;
496 1619 38 18 ten
551 1616 83 28 shares,

48 1643 50 21 four
108 1646 68 19 votes.

74 1672 20 19 4.
111 1670 27 21 In
148 1677 51 14 case
216 1668 26 23 of
260 1671 166 25 non-payment
440 1668 25 21 of
478 1675 46 21 any
533 1669 44 22 call
593 1677 42 14 one

49 1696 62 22 week
121 1696 90 28 beyond
221 1696 38 22 the
276 1695 44 27 day
336 1695 120 28 appointed
472 1695 37 22 for
523 1696 55 21 such
595 1696 41 22 call

49 1722 68 28 being
125 1723 73 27 made,
210 1723 37 22 the
263 1722 76 21 shares
357 1729 23 14 so
397 1722 23 21 in
438 1722 86 21 default
538 1722 59 23 shall
607 1724 28 21 be

49 1749 66 22 liable
125 1753 22 18 to
157 1750 28 22 be
196 1748 103 23 declared
308 1748 104 22 forfeited
418 1748 31 28 by
454 1748 38 22 the
503 1750 132 21 Committee

48 1776 25 21 of
80 1776 167 28 Management,
259 1776 45 21 and
317 1775 56 22 shall
390 1776 28 21 be
436 1775 101 28 disposed
555 1776 28 27 of,
602 1777 35 21 for

50 1803 37 22 the
101 1803 86 22 benefit
203 1803 25 22 of
247 1802 38 21 the
306 1801 156 23 shareholders
470 1811 5 19 ;
498 1809 26 14 or
540 1806 24 19 at
578 1802 59 23 their

50 1830 82 27 option,
143 1833 23 19 to
176 1830 29 21 be
215 1828 87 28 subject
310 1832 23 18 to
344 1829 37 22 the
390 1828 81 28 charge
480 1828 26 22 of
511 1829 93 22 interest
614 1833 23 18 at

50 1856 37 22 the
96 1860 47 18 rate
154 1856 26 22 of
186 1858 28 20 20
223 1863 40 21 per
273 1858 59 19 cent,
340 1862 39 20 per
389 1862 91 15 annum.

73 1884 21 21 5.
110 1883 28 22 In
148 1883 65 22 order
223 1887 21 17 to
261 1882 137 22 consolidate
414 1882 38 22 the
463 1882 80 28 capital
564 1882 24 22 of
598 1883 38 22 the

49 1909 62 28 Club,
137 1910 46 21 and
208 1913 22 18 to
256 1908 105 22 establish
387 1909 18 21 it
424 1916 28 14 on
471 1917 14 13 a
503 1913 134 23 permanent

48 1936 91 28 footing,
150 1935 154 23 shareholders
313 1935 95 27 wishing
418 1938 22 19 to
449 1935 85 27 dispose
546 1936 26 21 of
578 1936 59 22 their

48 1963 98 27 interest,
164 1963 57 22 shall
242 1962 51 26 give
310 1961 38 22 the
367 1962 51 21 club
436 1962 37 21 the
489 1962 107 27 privilege
613 1963 27 21 of

48 1990 85 26 buying
142 1997 30 18 up
182 1990 37 21 the
230 1988 84 22 shares.

75 2014 154 26 Applications
244 2012 35 20 for
296 2013 75 19 shares
389 2013 23 18 to
429 2010 28 21 be
472 2011 66 20 made
548 2014 30 22 to,
591 2014 45 17 ana

49 2039 85 22 further
142 2037 145 24 information
306 2037 105 21 obtained
428 2037 28 26 of,
467 2036 39 22 the
521 2035 115 28 following

51 2067 131 21 Committee
191 2074 5 13 :
198 2077 27 4 —
226 2065 91 21 Messrs.
327 2063 100 21 William
438 2063 72 26 Lyon,
521 2063 22 21 J.
556 2063 78 26 Wade,

50 2093 89 22 Chailes
149 2093 105 27 Heaphy,
266 2091 44 21 and
321 2090 22 21 J.
354 2089 30 22 H.
397 2089 106 22 Wallace.

77 2121 22 20 A
110 2119 54 22 deed
175 2119 25 21 of
214 2117 129 24 settlement
359 2116 45 22 will
419 2117 28 21 be
464 2115 108 33 prepared
590 2115 22 22 in
623 2122 14 14 a

50 2147 42 21 few
109 2147 60 26 days,
181 2146 44 21 and
242 2143 46 23 will
302 2143 29 22 lie
346 2146 23 18 at
385 2143 38 21 the
440 2142 65 22 ofhee
521 2142 25 22 of
559 2142 36 22 W.
607 2142 28 21 V.

51 2173 93 27 Brewer,
167 2173 57 26 Esq.,
249 2169 215 26 Barrister-at-Law,
484 2169 35 22 for
541 2169 38 22 the
600 2169 38 21 in-

50 2201 96 26 spection
157 2200 26 21 of
198 2199 38 22 the
246 2197 163 22 shareholders.

50 2246 66 19 Port
133 2244 153 21 Nicholson
301 2241 149 27 Exchange
471 2241 54 20 and
539 2239 97 22 Public

280 2268 120 26 Library.

78 2306 59 20 THE
153 2303 178 23 COMMITTEE
347 2303 38 20 OF
395 2301 224 21 MANAGEMENT

52 2339 89 48 BEG
150 2336 142 30 respectfully
302 2340 23 18 to
334 2336 82 22 inform
423 2336 37 21 the
468 2335 115 22 Members
593 2334 45 22 and

114 2366 77 21 Public
205 2364 122 28 generally,
345 2362 50 23 that
409 2362 43 22 this
468 2361 170 23 establishment

53 2393 17 20 is
80 2400 49 14 now
137 2399 66 21 open.
231 2391 22 21 A
264 2390 117 27 catalogue
392 2389 26 22 of
431 2389 38 22 the
485 2388 70 23 books
564 2388 25 22 in
598 2388 40 21 the

54 2419 90 27 Library
160 2419 40 22 has
214 2419 59 22 been
287 2416 117 33 prepared,
415 2416 46 21 and
476 2416 38 21 the
529 2415 109 22 librarian

52 2446 45 21 will
111 2445 87 22 furnish
214 2451 67 19 every
289 2443 145 23 information
451 2442 46 23 and
512 2442 85 26 facility
614 2444 23 19 to

52 2472 37 22 the
100 2472 109 22 Colonists
217 2470 46 23 and
272 2470 74 23 others
357 2470 94 27 wishing
459 2473 23 18 to
497 2468 59 23 avail
565 2468 73 22 them-

54 2499 68 22 selves
132 2499 24 22 of
162 2499 38 22 the
209 2497 118 29 privileges
337 2497 25 22 of
368 2497 38 21 the
416 2496 139 22 Institution.

79 2526 50 21 Wai
137 2526 80 21 Peraro
229 2524 105 26 Reserve,
344 2523 40 22 4th
393 2523 62 27 May,
467 2524 60 21 1841.

171 2569 171 26 Wellington
357 2569 156 25 Exchange.

55 2606 88 31 rpHE
157 2604 111 25 PUBLIC
286 2611 37 15 are
339 2604 112 21 informed
466 2603 50 22 that
529 2602 38 23 the
583 2605 57 20 ter-

62 2626 28 29 n
125 2640 81 20 porary
220 2631 84 23 Rooms
318 2631 26 22 of
359 2630 38 23 the
416 2630 131 22 Institution
564 2637 38 14 are
616 2632 24 19 at

55 2659 37 22 the
108 2660 73 22 Stores
197 2660 26 21 of
235 2658 44 22 Mr.
294 2658 94 22 Robert
405 2657 90 27 Waitt,
513 2656 75 23 where
602 2656 38 22 the

55 2686 63 23 latest
127 2686 99 27 English,
235 2684 136 26 Australian,
379 2684 44 22 and
431 2684 122 21 American
562 2683 79 22 News-

56 2720 76 20 papers
151 2713 45 22 and
213 2712 132 26 Magazines
363 2710 46 22 will
429 2711 28 22 be
475 2710 79 22 found.
591 2709 49 23 The

56 2740 149 26 Subscription
214 2740 19 21 is
242 2739 41 22 £2.
297 2740 33 19 2s.
339 2745 40 20 per
392 2745 93 18 annum,
507 2736 95 28 payable
616 2737 25 21 in

58 2766 106 23 advance.

244 2792 28 21 G.
287 2791 26 22 B.
329 2791 71 26 Earp,

278 2818 120 21 Chairman
409 2817 26 22 of
449 2817 38 22 the
499 2816 141 22 Committee.

56 2864 135 47 PUBLIC
205 2862 153 23 NOTICE.—
357 2861 48 22 The
415 2860 91 23 Settlers
513 2867 38 14 are
556 2860 86 26 hereby

124 2889 113 23 informed
254 2888 49 22 that
320 2888 38 21 the
378 2887 57 22 New
455 2886 102 23 Zealand
576 2886 66 21 Com-

55 2917 75 28 pany's
140 2917 58 21 flour
207 2914 45 24 will
261 2914 119 27 hereafter,
391 2913 58 22 until
458 2913 87 22 further
552 2912 90 22 intima-

56 2944 52 27 tion,
127 2944 29 22 be
176 2942 48 23 sold
244 2943 23 20 at
284 2947 149 16 threepence
452 2947 42 19 per
513 2939 84 27 pound,
617 2938 25 23 in

56 2971 116 26 quantities
181 2970 26 21 of
212 2975 15 15 a
235 2967 81 27 barrel,
325 2969 28 20 28
362 2967 49 26 lbs.,
422 2967 27 21 56
459 2966 48 27 lbs.,
517 2967 29 20 84
557 2966 49 26 lbs.,
618 2972 26 15 or

56 2998 38 20 112
101 2997 49 27 lbs.,
159 2994 97 30 payable
264 2995 25 21 in
299 2994 54 22 cash
362 3001 30 14 on
402 2993 106 27 delivery.
536 2992 108 27 Applica-

55 3023 48 22 ions
112 3027 22 19 to
146 3024 30 22 be
188 3021 67 24 made
266 3021 52 27 only
332 3023 23 20 at
364 3020 38 22 the
412 3019 136 28 Company's
558 3020 83 27 Stores,

55 3049 96 23 between
162 3050 38 22 the
209 3050 69 21 hours
287 3048 26 22 of
320 3049 27 21 10
356 3046 45 23 and
410 3048 14 21 4
433 3046 92 23 o'clock.

184 3077 58 22 Geo.
257 3074 109 27 Hunter,
378 3071 263 30 Storekeeper-General.

81 3103 143 27 Wellington,
236 3101 51 23 17th
297 3101 72 28 April,
381 3102 61 21 1841.

285 3143 240 29 Surveyor-General's
534 3143 78 27 Office,

378 3171 66 28 April
451 3173 34 24 24,
498 3171 61 21 1841.

120 3201 40 21 To
174 3200 198 22 Land-owners
387 3199 55 21 and
456 3199 116 25 Agents.

56 3232 141 49 NOTICE
210 3232 28 23 IS
253 3232 129 22 HEREBY
395 3230 108 26 GIVEN,
511 3230 49 22 that
570 3237 23 16 as
604 3229 38 23 the

132 3260 96 22 sections
238 3266 30 15 on
277 3259 38 21 the
325 3258 55 23 road
388 3261 24 18 to
419 3258 93 22 Porirua
521 3260 84 19 cannot
612 3257 30 22 be

54 3284 45 23 laid
108 3290 37 19 out
153 3287 58 22 until
221 3285 38 23 the
268 3285 46 22 line
325 3285 26 22 of
359 3284 57 23 road
423 3285 20 21 is
453 3284 132 28 completed,
603 3284 38 21 the

56 3312 101 23 selection
167 3314 26 21 of
202 3313 55 22 land
264 3312 19 22 is
292 3311 152 27 unavoidably
453 3310 125 29 postponed
583 3310 59 23 until

55 3338 119 28 Thursday,
188 3339 40 24 3rd
238 3339 26 22 of
273 3339 69 22 June.

221 3366 35 22 W.
271 3366 33 22 M.
320 3364 107 28 SMITH,
443 3364 63 28 Capt.
516 3364 68 27 R.A.,

384 3391 229 27 Surveyor-General.

198 3436 193 28 Immigration
405 3436 89 21 Office.

58 3468 27 23 T
104 3469 61 22 ISTS
176 3471 24 20 of
206 3469 74 28 newly
289 3470 87 21 arrived
386 3469 145 27 Immigrants
541 3476 37 14 are
585 3468 57 27 kept

57 3491 45 25 J-J
130 3500 23 18 at
171 3497 43 22 this
234 3497 77 26 Office,
331 3496 74 22 where
424 3496 82 27 parties
525 3495 117 28 requiring

58 3521 111 24 workmen
178 3531 24 14 or
217 3526 100 18 servants
327 3530 42 15 can
385 3523 87 22 receive
486 3521 153 28 information,

59 3548 43 22 and
111 3549 68 22 .those
194 3552 39 20 out
246 3549 25 21 of
283 3549 152 28 employment
449 3556 42 15 can
506 3549 59 22 have
581 3548 60 22 their

57 3580 74 17 names
140 3575 127 28 registered,
278 3583 30 15 on
318 3571 106 32 applying
433 3578 23 19 to

230 3609 92 22 Daniel
337 3610 137 26 Riddiford,

380 3635 156 27 Immigration
553 3636 85 26 Agent.

111 3669 11 7 ■»
216 3665 74 5 ...

204 3680 172 25 Promissory
390 3679 95 21 Notes.

61 3704 133 48 BLANK
202 3706 69 22 forms
285 3706 35 22 for
338 3705 137 27 Promissory
489 3705 79 28 Notes,
578 3709 23 18 to
611 3705 29 22 be

119 3732 45 23 had
182 3737 22 19 at
222 3732 39 22 the
279 3732 65 22 office
363 3732 26 22 of
409 3732 38 21 the
466 3731 55 22 New
541 3732 101 22 Zealand

61 3757 98 24 Gazette.

61 3801 86 47 THE
169 3802 156 27 Undersigned
343 3802 57 22 have
418 3802 70 22 Town
506 3802 71 22 Acres
596 3801 46 22 and

130 3829 98 26 portions
248 3830 22 20 oi
291 3836 61 15 acres
368 3832 23 18 to
405 3829 33 21 let
451 3828 24 22 in
494 3828 30 21 all
539 3831 61 24 parts
620 3829 25 20 of

59 3852 141 30 Wellington.
213 3855 49 23 The
271 3859 69 19 terms
344 3855 78 22 willbe
428 3855 69 26 given
502 3862 63 19 upon
571 3854 71 27 appli-

61 3880 76 22 cation.

328 3908 97 22 Hanson
437 3907 45 23 and
497 3907 116 22 Alzdorf.

1992 621 129 22 Barrett's
2135 624 92 26 Hotel,
2243 626 181 28 Wellington.

1917 652 169 48 UHUNT
2110 656 52 27 begs
2173 660 23 19 to
2206 664 118 17 announce
2335 662 22 19 to
2373 661 34 21 his
2416 661 85 22 friends

1975 691 10 10 •
2016 682 46 20 and
2071 682 39 21 the
2119 683 82 28 public,
2219 685 50 21 that
2277 685 29 22 he
2320 686 41 21 has
2377 688 124 22 succeeded

1915 707 45 20 Mr.
1971 707 28 21 R.
2009 707 89 22 Barrett
2106 708 23 22 in
2140 710 38 21 the
2187 711 71 22 above
2269 712 174 27 establishment,
2455 714 45 22 and

1914 734 67 21 trusts
1991 734 50 21 that
2048 734 31 26 by
2087 737 109 21 attention
2207 740 23 18 lo
2239 745 77 15 secure
2325 747 13 13 a
2347 739 78 25 liberal
2436 740 65 22 share

1914 759 27 21 of
1951 762 93 25 support
2051 761 59 22 from
2119 762 62 22 those
2188 764 50 22 who
2245 772 53 19 may
2304 765 80 23 favour
2390 766 47 22 him
2446 767 56 22 with

1914 786 58 21 their
1980 789 130 25 patronage.

1942 812 83 28 Wines,
2046 814 79 28 spirits,
2143 816 42 27 ale,
2197 817 46 21 and
2251 821 81 24 porter,
2354 819 25 21 of
2394 819 38 22 the
2450 820 51 22 best

1914 839 109 26 qualities.

1901 877 5 4 -
1941 865 37 22 An
1989 866 106 28 ordinary
2103 870 23 19 at
2134 869 14 20 2
2157 868 87 23 o'clock
2260 869 67 28 daily.
2365 871 57 23 Cold
2432 872 69 22 colla-

1913 894 60 19 tions
1982 892 83 28 always
2077 894 77 34 ready.
2182 895 79 23 Public
2278 896 92 23 dinners
2384 899 116 26 provided.

1942 918 65 22 Good
2019 920 61 27 beds,
2096 920 44 23 and
2156 922 86 27 private
2258 927 138 23 apartments
2412 925 36 22 for
2460 925 40 23 the

1913 951 40 15 use
1963 945 26 21 of
1999 945 103 24 families.

2010 990 179 23 Commercial
2204 993 62 25 Inn,
2281 994 37 21 Sfe
2334 995 65 21 Aro.

1914 1022 175 36 TJICHARD
2112 1024 115 23 BROWN
2249 1027 54 27 begs
2324 1030 24 19 to
2365 1028 84 23 inform
2466 1029 36 23 his

1914 1049 51 21 AC
1991 1049 85 22 friends
2086 1051 43 21 and
2138 1052 38 21 the
2187 1053 75 26 public
2272 1054 26 21 of
2309 1054 52 22 Port
2368 1055 132 29 Nicholson,

1913 1075 49 22 that
1970 1076 29 21 he
2008 1076 41 22 has
2060 1078 85 26 opened
2154 1078 38 23 the
2202 1079 70 22 above
2282 1080 76 27 house,
2375 1082 45 22 and
2431 1082 71 28 hopes

1912 1101 30 28 by
1952 1103 62 21 strict
2023 1101 108 26 attention
2148 1108 23 19 to
2185 1106 110 28 business,
2313 1108 119 22 combined
2447 1109 55 22 with

1912 1129 134 27 superiority
2055 1131 26 20 of
2091 1131 76 22 article
2176 1132 46 22 and
2230 1133 115 22 moderate
2360 1134 100 28 charges,
2479 1139 23 19 to

1913 1155 66 21 merit
1988 1162 13 14 a
2010 1156 64 22 share
2085 1157 25 21 of
2122 1158 56 21 their
2188 1163 98 23 support.

1926 1200 188 23 Freemason's
2124 1203 115 25 Tavern,
2254 1205 137 21 Lambton
2400 1207 85 26 Quay,

1915 1233 107 47 GD.
2038 1234 264 29 MONTEITHbegsto
2319 1237 42 22 call
2375 1238 38 22 the
2429 1242 72 19 atten-

1972 1270 10 10 •
1999 1261 47 21 tion
2058 1261 25 21 of
2095 1261 36 21 the
2139 1262 112 23 Colonists
2261 1266 22 19 to
2292 1263 36 22 his
2337 1271 55 20 very
2401 1266 101 26 superior

1914 1286 62 21 stock
1986 1287 26 20 of
2022 1287 76 27 wines,
2109 1289 80 27 spirffc,
2207 1290 46 21 and
2268 1291 86 21 bottled
2369 1291 44 27 ale,
2428 1292 74 22 which

1913 1320 37 14 are
1961 1313 125 22 unrivalled
2096 1317 23 19 at
2128 1322 45 20 any
2184 1315 65 23 other
2258 1317 175 22 establishment.

1942 1339 66 22 Good
2017 1341 200 23 accommodation.
2247 1343 37 22 An
2296 1344 105 27 ordinary
2409 1345 60 27 daily
2478 1348 24 19 at

1912 1368 44 19 two
1967 1366 93 22 o'clock.

1927 1410 55 21 The
1997 1411 79 26 Hope
2092 1412 89 22 Coffee
2197 1414 55 21 and
2267 1415 103 27 Eating
2383 1416 103 21 House.

1914 1443 34 48 S
1981 1444 175 23 MARSHALL
2170 1446 54 27 begs
2242 1447 63 23 leave
2324 1451 23 19 to
2364 1448 84 22 inform
2468 1449 34 22 his

1955 1480 10 11 •
1995 1470 85 23 friends
2090 1473 45 21 and
2144 1473 38 21 the
2192 1474 76 27 public
2277 1475 24 21 in
2310 1475 100 26 general,
2417 1475 50 22 that
2472 1476 30 22 he

1911 1496 41 22 has
1962 1498 87 26 opened
2058 1498 38 22 the
2106 1499 70 22 above
2185 1500 77 27 house,
2270 1501 46 22 and
2322 1501 69 28 hopes
2399 1503 31 25 by
2440 1502 63 22 strict

1912 1524 111 22 attention
2034 1527 22 19 to
2066 1532 110 21 economy
2184 1527 46 21 and
2239 1527 92 28 quality,
2349 1528 48 22 that
2413 1528 30 22 he
2457 1529 46 22 will

1912 1551 87 21 receive
2009 1559 15 13 a
2033 1551 64 22 share
2107 1552 25 21 of
2143 1553 58 22 their
2211 1557 98 24 support.

1940 1576 49 23 Hot
1998 1578 71 26 joints
2081 1579 68 27 ready
2163 1579 59 23 from
2237 1582 25 20 12
2272 1581 34 21 till
2315 1583 21 20 2.
2365 1581 57 22 Cold
2431 1581 62 27 joint

1912 1603 82 27 always
2003 1605 76 27 ready.

1926 1647 130 22 Barrett's
2070 1649 83 21 Hotel
2168 1651 55 21 and
2239 1652 85 25 Store,
2342 1653 145 20 Taranaki.

1914 1681 175 49 RICHARD
2103 1683 145 23 BARRETT
2263 1686 55 24 begs
2332 1688 23 18 to
2370 1686 82 22 inform
2463 1686 39 22 the

1992 1708 137 23 inhabitants
2142 1710 26 21 of
2184 1711 53 22 Port
2253 1711 132 28 Nicholson,
2403 1712 45 22 and
2464 1712 38 23 the

1913 1734 117 28 adjoining
2039 1735 148 29 Settlements,
2199 1738 49 21 that
2256 1738 28 22 he
2298 1738 91 22 intends
2406 1740 97 27 opening

1913 1768 29 14 on
1953 1761 36 22 the
2000 1764 35 19 Ist
2044 1762 25 21 of
2081 1763 80 22 March
2171 1767 62 24 next,
2248 1764 38 22 the
2297 1766 71 21 above
2378 1765 70 22 Hotel
2458 1766 45 22 and

1914 1788 97 21 General
2023 1788 69 28 Store,
2103 1790 52 21 with
2166 1797 13 14 a
2189 1791 160 22 well-selected
2365 1792 46 22 and
2425 1792 78 22 choice

1912 1814 64 22 stock
1994 1816 28 20 of
2036 1816 74 28 wines,
2134 1817 81 27 spirits,
2236 1818 34 22 ale
2293 1818 47 22 and
2357 1822 81 24 porter,
2458 1820 46 21 and

1911 1841 91 27 general
2013 1846 132 19 assortment
2153 1843 26 22 of
2184 1844 70 27 goods
2263 1845 95 22 suitable
2365 1845 36 22 for
2408 1846 94 27 settlers,

1912 1870 24 19 at
1944 1875 54 20 very
2007 1869 114 22 moderate
2136 1870 73 27 prices
2216 1878 6 20 ;
2241 1871 45 22 and
2300 1874 69 20 trusts
2382 1872 32 27 by
2430 1875 73 19 atten-

1912 1894 47 22 tion
1977 1898 24 18 to
2020 1895 37 22 the
2077 1897 152 22 convenience
2248 1898 45 21 and
2312 1898 95 22 comfort
2422 1899 26 21 of
2467 1899 36 21 his

1912 1924 75 24 guests
1997 1925 23 18 to
2030 1923 65 21 merit
2105 1930 12 14 a
2126 1923 66 22 share
2203 1924 27 21 of
2241 1924 57 22 their
2307 1925 80 22 favors.

1941 1954 56 22 N.B.
1998 1966 29 4 —
2029 1955 66 22 Good
2115 1955 54 23 beds
2194 1957 45 22 and
2257 1958 194 22 accommodation
2469 1959 36 22 for

1913 1981 122 27 travellers,
2047 1982 45 22 and
2100 1983 85 25 private
2196 1987 137 22 apartments
2343 1985 37 21 for
2387 1985 103 24 families.

1913 2021 51 47 A
1992 2020 131 29 HEWITT,
2136 2023 160 26 Fishmonger,
2309 2025 109 22 Lambton
2429 2027 73 27 Quay,

1968 2058 11 10 •
1996 2047 146 29 Wellington,
2149 2053 88 19 returns
2247 2050 34 22 his
2291 2051 87 23 sincere
2388 2053 82 22 thanks
2481 2058 22 17 to

1913 2073 38 21 the
1969 2073 138 23 inhabitants
2125 2076 27 21 of
2172 2076 44 22 this
2235 2077 87 28 Colony
2338 2079 35 21 for
2390 2079 39 22 the
2448 2087 55 20 very

1912 2100 78 21 liberal
2009 2105 92 23 support
2116 2102 28 22 he
2159 2102 40 22 has
2216 2103 98 23 hitherto
2328 2105 111 28 received,
2457 2107 46 21 and

1912 2126 54 27 begs
1976 2129 23 19 to
2008 2127 83 23 inform
2101 2129 61 22 them
2172 2130 49 22 that
2236 2130 26 22 he
2272 2131 41 22 has
2322 2132 65 22 made
2398 2140 105 20 arrange-

1912 2157 74 18 ments
2002 2154 35 22 for
2056 2162 14 14 a
2084 2159 103 18 constant
2203 2157 80 28 supply
2302 2158 26 21 of
2347 2158 38 22 the
2405 2159 98 22 choicest

1912 2180 105 22 varieties
2027 2181 24 21 of
2062 2181 47 28 fish,
2128 2183 73 31 Ayhich
2218 2184 28 21 he
2263 2184 139 28 confidently
2416 2193 88 15 recom-

1912 2206 80 22 mends
2001 2211 24 17 to
2034 2208 38 22 the
2081 2209 75 26 public
2166 2216 23 15 as
2196 2210 68 27 being
2272 2211 25 21 of
2308 2211 37 21 the
2353 2212 50 21 best
2408 2213 94 27 quality.

1941 2233 83 22 Orders
2033 2234 34 22 for
2077 2235 104 28 shipping
2189 2237 109 28 received,
2315 2238 45 22 and
2370 2239 133 28 punctually

1914 2260 107 22 attended
2030 2264 30 19 to.

2069 2296 97 15 OYSTERS
2182 2297 71 15 FRESH
2268 2298 78 14 DAILY.

1940 2320 63 28 Also,
2016 2328 13 14 a
2038 2322 79 27 supply
2127 2323 27 21 of
2168 2324 127 26 vegetables
2312 2324 62 23 fresh
2387 2326 59 21 from
2462 2326 40 22 the

1912 2348 85 25 garden
2008 2347 66 28 daily.

2044 2394 73 21 John
2131 2395 103 27 Lodge,
2248 2396 121 26 Builder,

1912 2426 109 48 BEGS
2034 2430 23 19 to
2067 2428 81 22 inform
2159 2428 38 23 the
2206 2430 139 22 inhabitants
2356 2431 26 22 of
2392 2431 110 28 Welling-

1975 2456 47 24 ton,
2032 2454 49 21 that
2089 2455 84 27 having
2182 2456 59 22 been
2250 2464 69 20 many
2329 2465 65 19 years
2401 2459 102 27 engaged

1913 2487 24 15 as
1946 2480 102 22 foreman
2057 2481 24 21 in
2094 2481 38 22 the
2148 2483 98 22 erection
2263 2484 26 21 of
2302 2484 120 28 buildings,
2439 2485 30 22 he
2483 2486 20 21 is

1912 2513 50 15 now
1971 2507 110 28 prepared
2089 2512 22 17 to
2121 2508 66 23 make
2197 2509 65 27 plans
2276 2511 46 21 and
2338 2511 113 22 estimates
2468 2511 35 22 for

1912 2540 45 20 any
1966 2533 134 28 description
2114 2536 26 20 of
2153 2536 120 27 buildings,
2291 2537 45 22 and
2353 2541 94 19 execute
2464 2538 38 23 the

1912 2567 61 15 same
1982 2567 30 15 on
2021 2562 130 21 reasonable
2161 2565 75 25 terms,
2248 2563 54 22 with
2310 2564 60 27 good
2376 2564 127 23 workman-

1912 2587 55 26 ship.

1938 2613 57 22 N.B.
1996 2625 29 4 —
2025 2613 22 22 A
2063 2615 93 22 wooden
2172 2616 71 22 house
2259 2618 24 20 to
2298 2616 30 23 be
2347 2616 104 28 disposed
2471 2618 29 26 of,

1910 2640 53 22 20ft.
1974 2641 32 27 by
2015 2641 53 22 14ft.

1937 2667 123 22 Thorndon
2071 2667 71 28 Quay,
2154 2667 52 24 Jan.
2217 2670 34 26 21,
2263 2671 63 21 1841.

1910 2711 37 48 J
1983 2712 152 28 CANNING,
2161 2713 101 27 Cabinet,
2288 2714 73 28 Chair,
2385 2714 45 22 and
2450 2715 52 22 Sofa

1950 2749 11 10 •
1992 2738 176 28 Manufacturer,
2185 2740 190 28 Lambton-quay,
2386 2741 117 28 adjoining

1910 2765 69 22 Durie
1990 2765 45 22 and
2045 2766 58 21 Co.'s
2117 2766 83 22 Stores.

2068 2800 131 15 FURNMURE
2219 2801 121 15 REPAIRED.

1911 2837 276 47 RBRADFIELD,
2213 2838 94 22 Saddler
2329 2839 46 22 and
2397 2839 103 23 Harness

1966 2874 10 10 •
2008 2863 87 23 Maker.
2124 2865 94 26 Repairs
2230 2865 77 27 neatly
2322 2865 66 23 done.
2416 2866 84 22 Orders

1910 2890 103 22 received
2023 2893 23 19 at
2055 2890 128 23 Marshall's
2194 2891 162 24 Coffee-house.

2037 2935 98 22 JAMES
2150 2935 32 22 H.
2198 2936 172 27 JOHNSTON,

1996 2962 115 22 Cabinet
2125 2963 98 21 Maker
2238 2964 55 19 and
2307 2964 103 26 Joiner,

2100 2990 37 20 TE
2150 2990 61 20 ARO
2225 2990 85 25 FLAT,

1910 3015 52 48 IN
1972 3016 117 27 returning
2098 3016 82 22 thanks
2188 3020 23 17 to
2220 3016 35 21 his
2265 3016 134 28 Employers
2406 3017 45 22 and
2462 3016 38 23 the

1967 3042 78 21 Public
2054 3043 35 20 for
2097 3043 38 22 the
2149 3046 92 24 support
2249 3043 30 22 he
2294 3043 41 22 has
2352 3043 98 22 hitherto
2464 3051 36 14 re-

1910 3068 84 26 ceived,
2002 3069 54 26 begs
2063 3072 23 18 to
2093 3069 83 22 inform
2183 3069 63 22 them
2253 3070 49 21 that
2309 3070 28 21 he
2344 3069 41 22 has
2392 3071 108 22 removed

1909 3095 57 22 from
1976 3095 80 22 Petoni
2070 3098 22 18 to
2105 3096 33 21 Te
2148 3096 48 21 Aro
2213 3096 57 27 Flat,
2281 3097 82 26 where,
2376 3097 25 21 in
2415 3097 82 27 future,

1908 3121 29 22 he
1947 3121 45 22 will
2009 3128 63 21 carry
2086 3129 28 14 on
2131 3122 39 21 the
2186 3123 70 21 above
2271 3123 112 22 branches
2392 3123 26 22 of
2426 3123 71 27 trade,

1908 3148 44 22 and
1962 3149 29 21 he
2002 3148 54 22 feels
2066 3149 114 22 confident
2189 3149 49 21 that
2250 3157 46 19 any
2308 3149 61 22 work
2384 3151 115 21 entrusted

1908 3178 23 18 to
1940 3174 54 28 him,
2006 3175 44 21 will
2062 3175 28 22 be
2104 3175 111 22 executed
2228 3178 23 19 to
2265 3175 38 22 the
2322 3176 138 23 satisfaction
2476 3177 26 22 of

1908 3201 34 22 his
1951 3201 140 28 Employers.

1935 3228 21 22 J.
1968 3228 31 22 H.
2011 3228 21 22 J.
2044 3229 117 21 continues
2175 3231 23 19 to
2215 3236 93 21 prepare
2323 3229 72 29 plans,
2410 3230 88 27 specifi-

1908 3255 92 28 cations,
2011 3255 45 22 and
2066 3255 112 22 estimates
2190 3255 35 22 for
2242 3263 68 21 every
2320 3256 136 28 description
2474 3257 26 22 of

1907 3281 109 28 building.

1906 3324 233 49 JM'GREGOR
2151 3326 55 27 begs
2222 3326 144 28 respectfully
2380 3330 23 19 to
2414 3326 83 23 inform

1946 3364 11 9 •
1974 3352 39 22 the
2022 3355 80 24 gentry
2111 3352 46 22 and
2164 3352 141 23 inhabitants
2311 3354 25 21 of
2343 3354 54 21 PoTt
2403 3353 94 22 Nichol-

1905 3386 40 15 son
1955 3379 50 22 that
2013 3379 28 22 he
2052 3379 39 22 has
2102 3386 29 15 on
2142 3379 54 28 sale,
2211 3382 23 19 at
2250 3379 34 22 his
2300 3383 128 23 temporary
2442 3380 55 21 resi-

1905 3406 77 26 dence,
2002 3406 25 21 in
2044 3406 38 21 the
2100 3413 50 14 rear
2169 3407 27 20 of
2213 3407 39 21 Dr.
2270 3406 96 27 Knox's,
2385 3413 56 15 near
2458 3406 38 21 the

1905 3432 71 27 Bank,
2002 3439 28 15 an
2049 3435 135 20 assortment
2203 3433 27 22 of
2248 3433 50 22 best
2321 3432 174 23 London-made

1905 3459 104 27 watches,
2019 3459 77 22 Dutch
2105 3459 84 27 clocks,
2199 3460 41 21 &c.

1933 3493 177 27 Chronometers,
2122 3493 82 28 clocks,
2221 3493 103 26 watches,
2340 3493 47 23 and
2402 3493 96 22 musical

1905 3519 69 22 boxes
1984 3519 108 28 carefully
2102 3520 95 22 cleaned
2206 3520 45 22 and
2260 3520 108 27 repaired.

1907 3566 150 28 /BLOCKS,
2073 3566 113 28 Watches,
2202 3566 46 23 and
2264 3566 120 27 Jewellery
2400 3565 93 22 cleaned

1908 3598 40 17 v^
1978 3593 45 22 and
2032 3594 103 26 repaired
2148 3594 30 28 by
2191 3594 85 21 Robert
2291 3594 116 26 Sturgeon,
2423 3599 71 20 many

1904 3627 65 20 years
1978 3620 25 22 in
2013 3627 14 14 a
2035 3620 96 22 London
2143 3620 115 28 jewellery
2267 3619 109 22 business.

1932 3653 125 23 Residence
2068 3657 22 19 at
2098 3657 92 24 present
2190 3665 28 4 —
2218 3657 24 18 at
2249 3653 39 21 the
2297 3652 59 22 back
2363 3652 26 21 of
2399 3651 92 23 Messrs.

1905 3679 88 23 Waters
2003 3681 45 21 and
2058 3681 91 21 Smith's
2159 3681 82 21 Stores.

1905 3725 168 48 RSEED,
2085 3726 58 21 Boot
2150 3725 44 22 and
2205 3724 58 22 Shoe
2269 3723 88 26 Maker,
2368 3723 24 21 in
2401 3726 90 19 return-

1960 3763 10 12 •
2014 3752 41 25 ing
2076 3751 83 23 thanks
2182 3754 23 18 to
2224 3750 38 22 the
2286 3750 135 22 Gentlemen
2445 3750 46 21 and

1903 3778 79 23 Public
1991 3778 35 22 for
2034 3779 58 22 their
2100 3781 123 25 patronage
2238 3776 46 22 and
2293 3778 97 30 support,
2401 3776 54 26 begs
2465 3779 23 19 to

1902 3805 83 22 inform
1995 3805 62 22 them
2068 3805 48 22 that
2131 3805 28 20 he
2169 3804 41 21 has
2223 3804 48 27 just
2285 3801 104 23 received
2403 3810 13 14 a
2430 3803 61 21 fresh

1902 3832 80 28 supply
1992 3832 25 21 of
2024 3832 102 21 Leather.

1939 3865 69 23 Boots
2018 3864 45 23 and
2072 3864 70 22 Shoes
2151 3863 77 27 neatly
2237 3862 102 28 repaired
2347 3869 24 16 aa
2380 3862 73 23 usual.

1929 3899 188 26 Lambton-quay,
2131 3897 65 28 April
2205 3899 33 24 30,
2250 3897 61 21 1841.

1404 618 68 20 New
1486 618 122 21 Zealand
1623 619 150 26 Company.

1296 649 92 28 Capital,
1404 650 117 28 £100,000,
1536 651 23 21 in
1569 652 56 21 4000
1633 650 81 23 Shares
1724 652 26 21 of
1761 652 47 21 £25
1819 652 63 29 each,

1519 677 31 22 all
1557 677 54 27 paid
1619 685 38 20 up.

1427 710 100 17 Governor:
1543 711 74 16 Joseph
1625 711 70 19 Somes,
1705 711 43 21 Esq.

1356 737 181 21 Deputy-Governor:
1549 738 49 17 Hon.
1602 738 73 17 Francis
1682 739 75 20 Baring,
1764 739 54 20 M.P.,

1527 769 110 14 directors
1642 770 6 12 :

1376 791 89 18 Viscount
1472 792 87 21 Ingestre,
1567 793 53 20 M.P.,

1378 812 47 18 Lord
1433 813 57 19 Petre,

1300 830 12 18 f'
1376 833 64 21 Henry
1447 833 20 17 A.
1475 833 94 21 Aglionby,
1578 835 49 20 Esq.,
1634 835 54 20 M.P.,

1376 854 47 17 John
1432 854 82 17 Ellorber
1520 854 89 19 Boulcott,
1620 856 49 19 Esq.,

1376 875 49 16 John
1432 875 80 16 William
1518 875 75 20 Buckle,
1599 875 48 21 Esq.,

1377 895 74 16 Russell
1457 895 63 20 Ellice,
1528 896 49 20 Esq.,

1376 916 62 16 James
1445 916 67 16 Robert
1519 917 72 19 Gowen,
1599 916 49 21 Esq.,

1376 936 48 17 John
1432 937 53 19 Hine,
1494 937 49 20 Esq.,

1376 957 79 16 William
1462 957 53 19 Hutt,
1523 958 50 20 Esq.,

1376 978 75 16 Stewart
1458 978 129 20 Majoribanks,
1599 978 49 21 Esq.,

1374 998 104 16 Alexander
1485 998 63 20 Nairn,
1556 998 48 21 Esq.,

1375 1019 49 16 John
1432 1018 52 20 Pirie,
1492 1019 49 20 Esq.,
1548 1019 105 19 Alderman,

1376 1039 29 17 Sir
1413 1039 66 20 George
1485 1040 83 19 Sinclair,
1576 1040 54 19 Bart.,
1639 1040 54 19 M.P.,

1376 1059 30 17 Sir
1413 1060 28 17 W.
1447 1060 121 19 Molesworth,
1576 1061 54 19 Bart.,
1640 1061 53 19 M.P.,

1375 1080 50 17 John
1432 1080 43 17 Abel
1482 1080 65 21 Smith,
1555 1081 49 20 Esq.,
1614 1082 54 19 M.P.,

1375 1101 48 16 Wni.
1435 1102 108 20 Thompson,
1558 1102 48 20 Esq.,
1621 1102 105 20 Alderman,
1741 1101 54 22 M.P.,

1375 1122 50 16 Hon.
1432 1122 95 16 Frederick
1534 1122 38 17 Jas.
1579 1122 120 20 Tollemache,
1709 1123 53 20 M.P.,

1375 1143 76 16 Edward
1460 1143 21 15 G.
1489 1143 103 19 Wakefleld,
1598 1143 37 21 Esq
1642 1154 5 8 ,

1376 1163 29 16 Sir
1412 1163 62 20 Henry
1482 1163 62 19 Webb,
1552 1163 56 20 Bart.,

1374 1184 70 16 Arthur
1451 1184 64 18 Willis,
1523 1184 49 20 Esq.,

1376 1205 68 20 George
1451 1204 97 17 Frederick
1555 1205 72 21 Young,
1635 1204 43 21 Esq.

1439 1232 90 19 Secretary
1534 1237 5 11 :
1550 1231 54 17 John
1611 1232 68 19 Ward,
1689 1232 44 20 Esq.

1294 1266 90 21 HHHE
1393 1265 60 22 main
1462 1266 98 21 features
1567 1266 28 21 of
1599 1266 37 21 the
1644 1268 84 25 system
1736 1266 27 21 of
1769 1263 113 25 coloniza-

1300 1287 29 27 X
1367 1293 47 22 tion
1425 1291 95 27 adopted
1528 1292 32 26 by
1569 1292 38 22 the
1620 1292 124 28 Company,
1760 1299 46 19 are,
1808 1305 31 5 —
1840 1295 41 25 Ist,

1294 1318 35 22 the
1340 1319 45 22 sale
1395 1319 26 22 of
1430 1319 72 27 lands,
1515 1322 25 18 at
1553 1325 30 16 an
1596 1318 99 23 uniform
1710 1320 45 21 and
1770 1320 113 21 sufficient

1293 1346 71 27 price;
1381 1345 46 22 and
1440 1345 74 27 2ndly,
1532 1345 38 22 the
1586 1345 154 27 employment
1754 1346 27 21 of
1793 1353 14 14 a
1820 1346 62 27 large

1294 1372 85 27 portion
1390 1372 25 21 of
1421 1372 37 21 the
1467 1372 208 27 purchase-money,
1688 1379 25 14 as
1722 1379 29 15 an
1762 1373 120 27 Immigra-

1293 1400 45 21 tion
1348 1399 73 22 Fund.
1449 1399 28 21 In
1487 1399 62 21 these
1560 1402 103 24 respects,
1678 1399 40 21 the
1728 1399 121 27 principles
1859 1400 27 22 of

1293 1426 69 21 South
1374 1425 114 22 Australia
1502 1425 58 22 have
1574 1426 58 21 been
1646 1425 105 22 followed
1764 1433 25 14 as
1802 1426 80 28 nearly

1292 1459 22 15 as
1333 1453 172 22 circumstances
1519 1452 80 27 would,
1619 1452 25 22 in
1658 1452 38 21 the
1715 1456 92 24 present
1822 1461 58 20 case,

1293 1480 86 26 permit.

1317 1512 48 22 The
1379 1512 72 27 grand
1465 1512 75 27 object
1554 1512 27 21 of
1594 1512 38 22 the
1647 1519 57 20 new,
1719 1519 25 15 or
1755 1513 126 28 improved,

1291 1542 82 24 system
1385 1539 25 22 of
1421 1539 36 21 the
1467 1539 98 27 disposal
1580 1539 25 21 of
1621 1539 97 21 colonial
1731 1539 74 27 lands,
1821 1540 20 22 is
1857 1543 24 19 to

1291 1566 99 27 regulate
1405 1566 36 21 the
1456 1566 81 27 supply
1551 1566 27 21 of
1593 1572 50 15 new
1657 1566 61 26 land,
1735 1566 32 23 by
1781 1567 39 21 the
1834 1567 47 21 real

1291 1595 70 19 wants
1373 1592 26 21 of
1413 1592 36 22 the
1465 1592 118 27 Colonists,
1598 1600 23 14 so
1637 1592 49 22 that
1700 1592 40 22 the
1751 1587 58 27 land
1823 1593 59 22 shall

1291 1626 68 14 never
1376 1619 28 21 be
1423 1618 70 22 either
1511 1619 189 27 superabundant,
1722 1626 26 14 or
1767 1619 112 28 deficient,

1291 1646 71 22 either
1377 1648 37 19 too
1431 1646 76 26 cheap,
1525 1653 25 14 or
1569 1649 37 18 too
1624 1646 60 21 dear.
1724 1646 22 22 It
1763 1646 42 22 has
1821 1646 60 22 been

1290 1673 77 21 shown
1377 1672 49 22 that
1435 1672 36 22 the
1482 1674 43 20 due
1537 1673 130 26 proportion
1681 1672 106 23 between
1801 1673 80 28 people

1291 1699 45 21 and
1343 1699 54 21 land
1403 1706 51 20 may
1459 1699 29 21 be
1496 1699 126 27 constantly
1628 1699 93 22 secured
1728 1699 31 27 by
1765 1700 117 22 abandon-

1291 1726 38 27 ing
1338 1726 38 21 the
1387 1726 38 21 old
1434 1728 83 24 system
1528 1726 26 21 of
1565 1733 95 19 grants,
1671 1726 46 21 and
1726 1727 117 27 requiring
1852 1734 29 15 an

1289 1752 99 22 uniform
1397 1752 61 28 price
1467 1759 40 21 per
1515 1759 59 20 acre,
1588 1752 34 22 for
1632 1753 29 21 all
1670 1760 51 14 new
1731 1752 74 28 lands,
1816 1753 66 22 with-

1293 1780 172 27 outexception.
1494 1778 25 22 If
1530 1779 37 21 the
1577 1780 61 26 price
1649 1780 26 21 be
1690 1782 42 19 not
1745 1782 39 19 too
1797 1780 51 26 low,
1864 1781 19 21 it

1291 1806 73 22 deters
1373 1806 135 24 speculators
1516 1806 60 21 from
1590 1806 118 27 obtaining
1720 1806 63 27 land,
1799 1807 55 21 with
1869 1815 13 14 a

1291 1833 57 21 view
1355 1836 23 18 to
1388 1833 90 26 leaving
1487 1832 58 22 their
1553 1835 105 25 property
1666 1833 23 21 in
1701 1840 14 14 a
1726 1832 76 22 desert
1814 1837 65 24 etate,

1292 1860 44 21 a;id
1348 1860 53 21 thus
1414 1861 105 25 prevents
1527 1859 110 27 injurious
1647 1860 123 27 dispersion
1778 1868 5 18 ;
1798 1860 18 21 it
1825 1860 55 28 also,

1293 1886 28 27 by
1331 1886 134 27 compelling
1473 1893 67 20 every
1546 1886 104 22 labourer
1657 1889 23 18 to
1688 1886 62 22 work
1757 1887 35 21 for
1799 1894 81 20 wages,

1292 1912 56 22 until
1357 1912 30 22 he
1395 1913 41 21 has
1444 1912 68 22 saved
1527 1912 37 22 the
1576 1913 52 27 only
1638 1920 79 14 means
1728 1913 26 21 of
1766 1913 117 28 obtaining

1291 1939 61 27 land,
1361 1940 86 20 insures
1462 1947 14 13 a
1490 1939 81 27 supply
1586 1940 25 20 of
1620 1940 81 21 labour
1715 1940 35 21 for
1764 1940 56 21 hire.
1851 1941 30 26 If,

1292 1966 76 22 onthe
1379 1966 63 22 other
1451 1965 68 27 hand,
1536 1966 37 21 the
1583 1966 59 26 price
1652 1966 27 21 be
1690 1969 41 18 not
1740 1969 38 19 too
1788 1966 61 28 high,
1865 1967 18 22 it

1292 2009 159 28 conveniently
1465 2017 95 20 narrow,
1576 2018 41 14 nor
1633 2011 53 22 does
1701 2013 18 21 it
1734 2017 96 22 prevent
1844 2014 38 21 the

1291 2036 80 27 thrifty
1384 2037 103 21 labourer
1501 2036 58 22 from
1573 2037 120 28 becoming
1708 2046 13 14 a
1732 2039 150 28 land-owner,

1293 2063 57 21 after
1359 2063 100 26 working
1469 2071 62 15 some
1540 2064 55 21 time
1604 2065 36 21 for
1649 2072 80 19 wages.

1322 2096 19 22 A
1359 2096 117 28 sufficient,
1494 2097 40 22 but
1554 2101 39 18 not
1611 2105 61 14 more
1693 2099 54 22 than
1768 2100 115 22 sufficient

1294 2123 59 27 price
1362 2124 36 21 for
1410 2123 30 22 all
1453 2131 49 14 new
1515 2124 63 27 land,
1593 2124 19 22 is
1627 2124 38 22 the
1681 2126 61 21 main
1758 2127 87 21 feature
1861 2127 25 22 of

1294 2150 35 21 the
1348 2157 50 15 new
1413 2153 82 24 system
1510 2151 26 21 of
1553 2151 157 23 colonization.
1743 2153 24 21 It
1782 2154 100 22 obviates

1293 2183 66 20 every
1370 2183 84 21 species
1470 2177 25 21 of
1507 2177 115 27 bondage;
1641 2178 31 27 by
1686 2180 122 27 providing
1822 2188 62 14 com-

1293 2203 88 22 binable
1389 2204 85 26 labour,
1485 2204 18 21 it
1511 2204 92 22 renders
1611 2204 104 29 industry
1722 2213 56 20 very
1787 2207 96 27 produc-

1294 2230 49 26 tive,
1354 2230 46 22 and
1408 2230 121 23 maintains
1537 2230 55 23 both
1601 2231 55 27 high
1670 2239 81 21 wages,
1769 2233 45 21 and
1828 2234 54 26 high

1294 2256 86 28 profits;
1401 2257 19 21 it
1434 2257 77 22 makes
1530 2256 38 23 the
1585 2258 81 27 colony
1684 2266 23 15 as
1724 2260 118 22 attractive
1859 2268 24 14 as

1293 2283 101 28 possible,
1408 2283 55 22 both
1479 2287 22 18 to
1516 2284 121 27 capitalists
1653 2285 47 22 and
1714 2288 22 19 to
1751 2286 117 22 labourers
1876 2295 5 19 ;

1294 2310 42 21 and
1346 2314 40 17 not
1395 2310 85 27 merely
1489 2313 21 19 to
1521 2311 68 27 these,
1602 2312 42 21 but
1654 2312 53 28 also,
1718 2312 31 28 by
1758 2313 126 28 bestowing

1294 2343 26 15 on
1334 2336 39 22 the
1385 2337 86 27 colony,
1488 2336 38 23 the
1535 2338 74 21 better
1623 2339 118 22 attributes
1757 2340 26 21 of
1801 2347 28 15 an
1846 2341 37 21 old

1293 2363 87 27 society,
1393 2367 22 18 to
1423 2364 63 21 those
1493 2364 50 21 who
1550 2364 57 22 have
1614 2373 15 13 a
1635 2364 91 23 distaste
1734 2366 35 22 for
1776 2367 61 21 what
1842 2367 41 22 has

1293 2389 122 23 heretofore
1424 2390 58 22 been
1492 2390 38 23 the
1544 2392 112 26 primitive
1667 2392 117 23 condition
1795 2394 26 21 of
1832 2401 50 15 new

1294 2416 103 23 colonies.

1316 2450 48 22 The
1373 2453 62 25 great
1445 2451 75 28 object
1528 2451 27 21 of
1565 2451 37 22 the
1611 2451 61 28 price
1681 2452 20 23 is
1714 2455 22 20 to
1751 2460 79 16 secure
1843 2453 39 22 the

1296 2481 52 18 ■nost
1357 2477 108 23 desirable
1474 2479 142 27 proportions
1624 2479 103 23 between
1740 2480 82 27 people
1836 2481 47 22 and

1293 2503 50 23 knd
1349 2512 5 19 ;
1370 2505 41 21 but
1420 2504 37 22 the
1467 2505 54 28 plan
1530 2505 41 22 has
1580 2505 38 22 the
1625 2505 88 23 further
1719 2507 72 21 result
1799 2507 24 22 of
1830 2515 52 20 pro-

1295 2531 78 27 ducing
1383 2539 14 14 a
1405 2538 105 20 revenue,
1526 2531 73 23 which
1614 2532 45 22 will
1674 2536 42 18 not
1731 2533 56 28 only
1801 2534 81 28 supply

1295 2557 32 28 t'je
1339 2558 105 27 requisite
1457 2559 69 26 profit
1539 2561 23 19 to
1576 2558 38 22 the
1630 2559 157 23 shareholders
1801 2561 26 21 of
1842 2561 39 22 the

1296 2584 117 32 Company,
1435 2585 42 21 but
1498 2585 112 23 furnishes
1634 2585 37 23 the
1694 2594 81 14 means
1792 2587 35 22 for
1851 2595 29 14 an

1296 2611 148 28 Immigration
1454 2611 73 28 Fund,
1529 2624 32 5 —
1562 2620 13 14 a
1581 2611 58 23 fund
1646 2613 129 27 constantly
1783 2614 98 27 applica-

1294 2637 30 23 Ue
1341 2641 23 19 to
1380 2638 38 22 the
1432 2646 96 21 purpose
1545 2639 27 21 of
1582 2639 108 27 bringing
1703 2640 82 22 labour
1801 2644 24 18 to
1841 2641 39 22 the

1296 2665 105 28 olony—
1403 2665 47 22 that
1464 2665 26 27 is,
1507 2665 24 22 in
1548 2666 93 26 causing
1656 2666 40 22 the
1711 2667 52 21 best
1781 2674 57 15 sort
1857 2668 27 21 of

1296 2691 141 23 colonization
1447 2695 23 18 to
1480 2692 97 32 proceed
1585 2695 23 19 at
1619 2693 37 21 the
1670 2696 99 23 greatest
1781 2694 98 27 possible

1295 2721 47 19 rite.
1370 2719 55 21 And
1431 2718 46 23 this
1482 2726 19 14 is
1508 2719 39 21 the
1554 2719 83 23 second
1646 2720 87 22 feature
1744 2720 27 22 of
1781 2721 39 21 the
1830 2728 49 15 new

1296 2745 82 26 sjstem.

1309 2778 52 23 '.The
1372 2779 153 27 employment
1534 2779 27 22 of
1575 2779 38 22 the
1627 2780 212 28 purchase-money,
1856 2788 25 15 or

1296 2805 29 22 tie
1334 2806 109 27 principal
1452 2809 50 24 part
1512 2806 27 22 of
1548 2806 25 27 it,
1582 2806 24 22 in
1617 2808 128 27 conveying
1755 2808 87 21 settlers
1856 2811 23 18 to

1296 2829 28 25 tie
1336 2832 87 28 colony,
1433 2832 42 22 has
1484 2832 38 23 the
1531 2832 115 28 following
1656 2834 84 22 effects.
1770 2834 24 22 It
1802 2834 79 22 makes

1297 2859 28 22 lie
1339 2859 133 27 purchasers
1486 2859 26 22 of
1526 2859 55 22 land
1595 2867 37 15 see
1647 2860 94 28 plainly,
1756 2860 50 23 that
1821 2861 60 22 their

1298 2893 73 20 noney
1380 2886 44 22 will
1432 2886 29 21 be
1471 2886 106 22 returned
1586 2886 24 23 in
1625 2886 36 23 the
1676 2888 69 27 shape
1760 2888 27 21 of
1799 2888 82 22 labour

1298 2912 35 23 aid
1341 2912 138 28 population.
1508 2913 23 22 It
1540 2913 72 27 tends,
1627 2914 24 21 in
1661 2914 53 27 fact,
1729 2917 25 19 to
1762 2914 70 22 lower
1842 2914 37 22 the

1298 2941 108 25 lfecessary
1423 2939 107 22 standard
1549 2940 26 21 of
1590 2940 68 28 price,
1674 2941 105 27 because,
1797 2941 55 22 with
1867 2949 14 14 a

1298 2969 94 20 onstant
1399 2966 73 21 influx
1482 2966 26 21 of
1518 2966 79 29 people
1607 2970 24 19 to
1641 2966 37 23 the
1689 2968 89 27 colony,
1787 2967 39 22 the
1836 2968 43 22 due

1298 2994 118 27 iroportion
1420 2993 102 22 between
1529 2992 79 28 people
1615 2993 46 22 and
1666 2994 56 22 land
1729 3001 54 20 may
1789 2995 29 20 be
1825 2995 55 27 kept

1299 3027 18 25 jp
1327 3020 30 27 by
1367 3027 14 14 a
1389 3020 68 21 lower
1464 3020 69 27 price,
1545 3020 54 21 than
1608 3020 23 22 if
1641 3020 64 23 there
1714 3028 59 15 were
1783 3028 30 14 no
1823 3022 56 21 such

1300 3047 137 27 inmigration
1443 3062 6 6 .
1468 3047 23 21 It
1499 3046 112 23 therefore
1617 3046 132 23 diminishes
1756 3047 39 22 the
1800 3048 80 27 period

1300 3073 68 27 curing
1377 3072 73 23 which
1459 3073 37 22 the
1505 3073 105 22 labourer
1623 3076 61 19 must
1695 3074 64 22 work
1772 3074 35 22 for
1820 3074 57 28 hire,

1300 3099 33 22 cd
1341 3100 30 28 by
1380 3100 38 21 the
1432 3100 64 26 rapid
1510 3107 102 21 progress
1626 3100 74 22 which
1713 3100 20 22 it
1746 3100 95 28 imparts
1855 3103 23 19 to

1300 3123 24 25 tie
1333 3127 50 22 best
1392 3130 45 18 sort
1446 3127 27 21 of
1484 3127 156 27 colonization,
1653 3127 21 21 it
1689 3127 103 27 explains
1806 3130 24 19 to
1839 3126 38 23 the

1301 3150 103 30 tbouring
1413 3154 56 21 class
1480 3153 26 22 of
1510 3153 148 27 immigrants,
1668 3152 51 23 that
1728 3161 67 19 every
1803 3161 44 14 one
1855 3154 26 23 of

1301 3178 47 35 |em
1360 3180 51 22 who
1425 3180 20 22 is
1460 3180 137 22 industrious
1613 3180 46 22 and
1675 3180 87 27 thrifty,
1780 3187 53 19 may
1848 3180 29 22 be

1299 3214 37 15 are
1344 3210 23 18 to
1376 3207 94 22 become
1482 3210 40 19 not
1536 3206 85 28 merely
1637 3214 29 15 an
1681 3213 77 16 owner
1773 3206 26 22 of
1813 3206 62 28 land,

1301 3236 25 19 ut
1341 3233 47 22 also
1403 3233 24 22 in
1446 3233 36 22 his
1501 3236 59 24 turn,
1580 3240 30 15 an
1630 3232 118 28 employer
1766 3233 27 22 of
1811 3233 66 23 hired

1300 3257 106 31 tbourers,
1417 3267 13 15 a
1438 3263 84 19 master
1531 3260 28 21 of
1567 3263 108 19 servants.

1303 3293 77 23 SFrom
1388 3293 62 23 these
1460 3293 183 27 considerations,
1657 3293 39 22 the
1707 3293 118 28 Company
1834 3293 41 22 has

1300 3320 81 29 dopted
1400 3320 37 22 the
1454 3327 61 15 same
1532 3323 83 24 system
1632 3320 26 21 of
1674 3319 116 28 disposing
1804 3320 27 21 of
1846 3320 29 22 its

1300 3347 52 33 jaste
1362 3347 73 27 lands,
1451 3354 24 15 as
1489 3347 42 22 has
1545 3346 92 27 already
1649 3347 87 27 proved
1750 3346 80 28 highly
1841 3347 34 21 fa-

1299 3374 91 33 purable
1404 3377 21 19 to
1440 3373 39 22 the
1491 3373 184 28 productiveness
1690 3373 27 22 of
1730 3373 106 27 industry
1849 3373 25 22 in

1300 3401 55 21 outh
1364 3400 121 22 Australia.
1514 3400 29 22 In
1553 3408 13 14 a
1576 3407 51 15 new
1637 3399 89 28 colony,
1739 3399 97 33 planted
1849 3400 25 22 in

1298 3425 80 28 Jfertile
1388 3427 45 21 and
1447 3427 116 22 extensive
1577 3426 112 27 territory,
1705 3429 19 19 it
1737 3434 21 14 is
1773 3427 100 27 obvious,

1297 3449 34 27 fat
1349 3453 38 23 the
1403 3453 169 23 establishment
1587 3453 27 21 of
1628 3451 57 23 such
1699 3460 15 14 a
1728 3456 84 24 system
1827 3453 20 22 is
1861 3461 14 14 a

1298 3477 65 27 fetter
1380 3480 26 22 of
1421 3480 39 22 the
1477 3479 90 28 deepest
1585 3482 103 20 moment
1703 3482 23 18 to
1745 3479 38 22 the
1797 3479 77 23 future

1298 3501 72 28 llfare
1382 3507 26 21 of
1420 3506 92 28 society.
1644 3506 20 22 it
1679 3505 38 23 the
1732 3507 51 21 best
1797 3506 77 22 effects

1299 3528 34 37 jay
1341 3533 55 22 with
1405 3533 130 22 confidence
1544 3533 29 22 be
1583 3533 138 27 anticipated
1727 3540 6 13 :
1749 3540 14 14 a
1769 3536 106 19 constant

1298 3559 28 24 ad
1334 3560 88 27 regular
1431 3560 81 27 supply
1522 3559 26 22 of
1559 3566 51 16 new
1618 3559 56 22 land
1683 3560 24 22 in
1722 3559 44 21 due
1780 3566 94 21 propor-

1295 3584 31 25 &n
1335 3589 23 19 to
1368 3586 38 22 the
1424 3589 71 19 wants
1505 3586 27 22 of
1541 3592 14 16 a
1562 3585 131 29 population
1704 3585 131 28 increasing
1845 3586 32 27 by

1296 3610 53 26 frths
1359 3613 46 22 and
1416 3613 153 26 immigration
1575 3620 6 19 ;
1599 3612 31 22 all
1644 3612 39 22 the
1698 3612 139 27 advantages
1850 3615 24 19 to

1300 3639 52 23 nich
1360 3639 103 23 facilities
1472 3640 26 21 of
1508 3642 113 25 transport
1628 3639 46 21 and
1681 3638 192 23 communication

1296 3661 20 32 fe
1327 3666 103 22 essential
1437 3674 6 19 ;
1460 3666 110 26 certainty
1584 3666 27 21 of
1620 3665 77 28 limits,
1714 3665 47 21 and
1775 3665 99 27 security

1296 3688 10 37 |
1315 3693 50 21 title
1374 3696 23 18 to
1407 3695 105 30 property
1521 3693 24 21 in
1556 3692 57 22 land
1620 3700 4 18 ;
1640 3692 39 22 the
1689 3694 99 25 greatest
1800 3691 73 22 facili-

1296 3726 23 25 §s
1329 3726 29 15 on
1368 3720 116 26 acquiring
1493 3719 38 21 the
1543 3719 43 21 due
1595 3719 117 27 quantity;
1727 3718 39 22 the
1775 3721 100 24 greatest

1295 3750 173 28 gcouragement
1479 3749 24 18 to
1511 3745 152 27 immigration
1675 3744 46 22 and
1730 3745 130 22 settlement
1866 3753 6 20 ;
1881 3768 1 5 ,

1294 3772 31 23 ad
1336 3772 40 22 the
1390 3775 59 19 most
1461 3772 65 27 rapid
1540 3778 102 21 progress
1657 3771 27 22 of
1699 3771 39 21 the
1751 3771 81 27 people
1846 3772 24 22 in

1294 3799 86 22 taterial
1390 3799 94 21 comfort
1492 3798 46 22 and
1548 3798 68 22 social

1295 3832 9 31 I
1428 3842 70 22 Bills
1512 3842 32 22 of
1561 3842 157 27 Exchange.

1293 3874 150 28 DRINTED
1459 3875 103 22 FORMS
1578 3875 61 22 FOR
1653 3875 80 22 SA.LE
1749 3874 41 23 AT
1804 3875 66 22 THE

1292 3901 18 30 f
1354 3902 109 22 OFFICE
1477 3902 39 22 OF
1531 3902 71 21 THIS
1620 3902 108 22 PAPER,

890 617 39 20 To
945 617 34 20 be
993 617 60 25 Let,

688 643 17 21 A
732 642 160 22 Commodious
901 643 167 23 three-roomed
1075 643 94 23 wooden
1176 643 85 26 House,

671 673 51 18 XJL
749 670 25 21 in
791 677 28 14 an
837 669 89 25 eligible
943 670 113 27 situation,
1066 670 101 27 fronting
1180 669 83 22 Willis-

671 699 74 24 street,
762 696 159 28 commanding
941 703 28 15 an
989 697 112 21 excellent
1116 697 57 21 view
1188 696 28 22 of
1225 696 38 21 the

670 722 105 22 harbour.
803 722 34 22 To
852 722 31 22 be
899 723 69 22 taken
985 723 53 22 with
1054 730 25 15 or
1093 723 93 22 without
1200 722 61 22 land.

672 750 78 27 Apply
760 753 23 18 to

858 776 29 22 R.
903 776 66 28 Seed,
981 776 58 23 Boot
1049 776 45 22 and
1103 776 59 22 Shoe
1173 776 88 22 Maker.

698 810 193 28 Lambton-quay,
902 810 66 28 April
977 812 34 26 30,
1022 812 62 20 1841.

885 856 39 21 To
940 856 34 21 be
988 856 59 24 Let,

672 887 97 35 npWO
779 887 153 23 commodious
941 896 75 14 rooms
1025 888 46 22 and
1080 895 14 15 a
1101 888 103 27 spacious
1213 887 48 27 loft,

678 910 30 26 JL
745 915 68 27 being
822 918 51 24 part
883 915 27 21 of
919 915 38 21 the
967 915 63 22 Store
1042 915 45 22 and
1096 918 23 19 at
1133 917 91 26 present
1237 915 24 21 in

670 941 38 22 the
719 941 133 28 occupation
861 941 28 22 of

1039 967 26 23 T.
1076 967 45 23 and
1131 969 22 21 S.
1164 968 69 22 Cook.

699 994 192 28 Lambton-quay,
901 994 146 28 Wellington,

751 1020 53 22 29th
814 1021 73 26 April,
899 1021 61 21 1841.

669 1064 145 47 LAND
838 1063 302 24 AGENCIES.-TO
1163 1065 98 22 LAND-

746 1091 184 22 HOLDERS.—
929 1091 49 22 The
997 1092 156 28 Undersigned
1171 1092 45 27 beg
1239 1095 22 18 to

670 1117 54 22 offer
734 1117 135 22 themselves
879 1121 23 18 to
912 1118 58 21 their
979 1118 85 23 friends
1074 1119 45 22 and
1133 1118 38 23 the
1186 1118 76 28 public

670 1151 23 14 as
703 1144 88 27 Agents
800 1144 35 21 for
844 1144 39 21 the
893 1145 96 27 disposal
997 1145 26 22 of
1028 1145 71 22 Town
1108 1146 46 21 and
1162 1145 100 27 Country

669 1170 83 28 Lands,
764 1171 45 21 and
818 1174 59 18 trust
887 1171 57 22 their
954 1171 97 22 colonial
1061 1173 134 32 experience
1210 1179 52 20 may

670 1197 78 22 entitle
758 1197 61 22 them
829 1200 23 19 to
863 1205 14 14 a
889 1197 64 22 share
964 1198 26 21 of
1000 1198 38 21 the
1047 1198 75 28 public
1131 1202 130 24 patronage.

695 1231 65 28 They
769 1232 45 22 will
823 1232 29 22 be
861 1232 76 27 happy
946 1235 24 19 to
979 1239 94 21 arrange
1087 1233 35 21 for
1131 1233 45 22 and
1186 1240 76 21 super-

668 1258 81 22 intend
759 1258 36 22 the
805 1266 94 19 surveys
906 1258 45 22 and
958 1259 159 22 sub-divisions
1125 1260 26 22 of
1157 1259 37 23 the
1200 1260 61 22 land.

670 1285 90 22 Liberal
769 1285 113 22 advances
891 1285 46 22 will
950 1285 28 23 be
993 1286 65 22 made
1069 1294 29 14 on
1107 1286 66 22 lands
1182 1287 80 26 placed

668 1312 24 21 in
702 1312 59 22 their
768 1312 72 22 hands
848 1312 36 22 for
891 1312 54 21 sale.
973 1312 64 27 They
1044 1312 45 22 will
1096 1313 46 21 also
1149 1313 29 22 be
1188 1315 73 26 happy

670 1341 22 19 to
702 1339 65 21 assist
776 1339 137 27 proprietors
921 1339 25 21 in
955 1339 89 26 leasing
1053 1339 58 22 their
1119 1339 73 23 lands.

953 1372 63 23 John
1026 1372 46 23 and
1082 1374 58 21 Geo.
1150 1372 83 23 Wade.

696 1399 146 27 Wellington,
854 1399 52 22 Oct.
915 1399 21 26 7,
948 1400 61 21 1840.

724 1443 132 27 Building
870 1444 170 21 Allotments
1055 1445 29 20 to
1098 1445 35 20 be
1147 1445 59 20 Let.

670 1478 52 47 A
735 1476 136 22 NUMBER
889 1477 26 21 of
930 1477 70 21 Town
1016 1477 71 21 Acres
1105 1477 24 21 in
1145 1477 40 22 the
1201 1480 59 19 most

750 1503 109 22 desirable
870 1503 118 22 situations
1004 1503 24 21 in
1039 1503 146 28 Wellington,
1195 1507 23 19 to
1232 1505 28 21 be

670 1530 31 22 let
717 1538 31 14 on
763 1529 60 23 lease
843 1537 27 15 or
889 1530 124 26 otherwise,
1034 1531 45 21 and
1096 1531 45 21 will
1160 1531 29 21 be
1208 1531 51 21 sub-

670 1557 89 21 divided
767 1559 23 19 to
806 1557 46 21 suit
859 1560 100 18 tenants.
987 1557 68 21 Plans
1070 1557 44 21 and
1127 1557 133 28 particulars

669 1591 51 19 may
732 1584 28 21 be
768 1583 74 22 learnt
852 1590 31 15 on
893 1583 135 28 application
1039 1586 22 19 to

1016 1610 87 22 Henry
1113 1610 36 22 St.
1160 1609 72 23 Hill.

810 1655 89 20 Town
912 1656 87 19 Acres
1014 1656 30 19 to
1058 1656 57 20 Let.

668 1688 181 48 NUMBERS
861 1695 30 15 on
901 1688 37 22 the
948 1688 242 27 Surveyor-General's
1200 1696 58 20 map,

808 1716 42 20 510
960 1716 40 21 263
1110 1717 27 20 98

694 1742 46 21 For
749 1741 131 28 particulars
889 1741 68 28 apply
967 1745 22 18 to
999 1741 106 28 Wallace,
1118 1741 82 28 White,
1215 1741 46 23 and

668 1768 108 22 Wallace.

855 1814 41 19 To
910 1814 47 21 the
972 1814 105 21 Public.

670 1847 43 35 rp
717 1847 73 21 OWN
805 1847 107 27 ACRES,
924 1854 24 14 or
957 1847 101 28 portions
1072 1847 25 22 of
1110 1847 70 22 Town
1191 1854 69 20 acres,

675 1869 30 26 J_
729 1877 23 18 to
761 1874 28 21 be
799 1873 37 28 let,
852 1873 36 22 for
897 1874 55 27 long
968 1881 25 14 or
1002 1874 62 22 short
1073 1877 67 19 terms
1152 1875 26 21 of
1188 1881 71 20 years,

667 1900 24 22 in
709 1908 67 19 every
786 1904 51 23 part
853 1901 27 21 of
894 1901 146 26 Wellington.

694 1927 45 21 For
754 1927 132 27 particulars
901 1927 67 27 apply
978 1930 22 18 to

825 1960 37 22 W.
875 1960 27 21 V.
913 1961 108 26 Brewer,
1032 1960 200 23 barrister-at-law.

777 2011 5 3 -
810 2002 88 16 Town
912 1999 87 19 Acres
1014 1999 29 19 to
1058 1997 58 21 Let.

668 2031 180 49 NUMBERS
859 2039 30 14 on
899 2030 38 23 the
948 2029 242 28 Surveyor-General's
1199 2037 61 21 map,

784 2059 41 20 438
908 2058 42 21 553
1033 2057 41 22 627
1155 2056 42 23 775

695 2086 45 21 For
750 2084 139 28 particulars,
900 2084 67 27 apply
978 2086 23 20 to

824 2111 38 21 W.
874 2112 26 21 B.
910 2110 109 27 Br-jwer,
1029 2110 204 22 barrister-at-law.

812 2156 89 20 Town
915 2156 86 20 Acres
1015 2156 30 19 to
1060 2155 58 20 Let.

668 2189 181 50 NUMBERS
865 2196 29 15 on
903 2188 38 22 the
952 2188 241 27 Surveyor-General's
1202 2194 60 20 map,

805 2218 41 19 199
941 2217 43 20 470
1078 2216 42 20 288

805 2244 41 21 168
942 2242 42 21 559
1079 2242 43 21 314

806 2270 41 21 156
945 2270 40 20 196
1079 2269 43 20 310

804 2297 43 20 423
943 2297 42 20 306
1079 2296 44 20 424

818 2323 28 21 47
943 2322 41 22 305
1080 2321 41 22 723

804 2350 40 21 561
943 2349 41 22 167
1079 2349 42 20 343

696 2376 55 23 And
760 2383 70 21 many
840 2376 76 21 others
924 2376 25 21 in
959 2375 38 22 the
1006 2377 60 20 most
1079 2374 111 23 desirable
1203 2376 53 26 part

670 2404 26 22 of
706 2403 39 22 the
754 2407 67 18 town.
851 2402 45 23 For
905 2402 134 28 particulars
1053 2401 68 28 apply
1130 2404 23 19 to

1072 2436 23 22 J.
1105 2435 36 22 W.
1153 2435 83 22 Child.

698 2464 88 27 Petoni,
797 2463 60 23 Nov.
867 2465 34 25 30,
913 2465 62 20 1840.

670 2510 167 51 SEVERAL
851 2510 70 21 Town
936 2510 108 26 Sections,
1063 2509 46 22 and
1124 2508 101 28 portions
1242 2508 26 21 of

736 2537 107 27 Sections,
854 2537 25 21 in
896 2539 61 20 most
972 2536 109 22 desirable
1098 2536 125 27 situations,
1240 2538 24 19 to

669 2565 28 22 be
706 2564 33 22 let
748 2571 29 15 on
787 2564 69 21 lease.

697 2592 45 21 For
750 2590 65 28 plans
825 2590 46 23 and
880 2589 140 29 particulars,
1032 2589 66 28 apply
1107 2592 24 19 to

1097 2623 27 22 R.
1141 2623 94 22 Stokes.

847 2670 124 26 Country
985 2669 100 21 Lands.

673 2696 166 51 SEVERAL
850 2697 102 26 Country
962 2696 101 22 Sections
1070 2700 24 18 to
1102 2695 44 23 Let
1153 2695 25 22 in
1186 2695 79 22 Farms

724 2724 25 22 of
756 2725 40 21 100
813 2730 70 20 acres,
894 2730 26 15 or
931 2726 52 24 part
992 2722 45 23 will
1044 2723 29 22 be
1087 2722 146 23 sub-divided
1242 2724 23 19 to
1274 2719 2 13 '

671 2751 45 22 suit
726 2751 129 22 Gardeners
865 2750 46 21 and
920 2750 82 21 others.
1032 2749 78 29 Apply
1119 2752 22 19 to

1018 2783 87 22 Henry
1115 2783 37 21 St.
1163 2782 73 22 Hill.

661 2825 2 30 |
685 2829 86 20 Small
785 2829 68 20 Lots
868 2828 43 20 for
925 2828 110 20 Houses
1049 2829 29 19 to
1090 2828 51 20 Let
1155 2827 96 27 gratis.

673 2855 120 48 TOWN
809 2854 84 22 ACRE
907 2854 96 22 number
1011 2855 48 26 480,
1077 2861 31 15 on
1124 2853 142 27 Wellington

748 2881 104 26 Terrace,
870 2881 155 26 immediately
1039 2881 25 21 in
1074 2881 39 22 the
1122 2888 51 14 rear
1190 2881 26 21 of
1227 2879 40 23 the

672 2907 74 22 mauri
755 2907 70 22 house
834 2907 71 27 lately
915 2907 108 27 occupied
1032 2907 31 27 by
1072 2908 46 21 Mr.
1129 2907 83 27 Minet,
1220 2907 47 22 will

672 2935 29 21 be
710 2934 33 22 let
751 2934 25 22 in
785 2933 67 23 small
860 2934 44 22 lots
913 2934 36 22 for
964 2933 102 28 building
1075 2933 36 23 for
1119 2934 65 22 three
1193 2933 74 27 year's

672 2961 48 22 free
732 2961 25 21 of
766 2963 59 19 rent.
854 2961 78 27 Apply
941 2963 24 19 to

756 2994 25 22 F.
796 2994 30 22 A.
841 2994 174 27 Molesworth,
1032 2993 186 29 Murphy-street,
1230 3000 25 15 or

755 3021 36 22 W.
807 3021 28 22 V.
851 3022 108 26 Brewer,
974 3021 197 22 Manners-street.

750 3066 134 28 Building
898 3067 170 21 Allotments
1082 3067 31 20 to
1127 3067 61 21 Let.

674 3100 91 49 THE
784 3098 203 23 ADVERTISER
1001 3098 66 23 offers
1082 3106 63 20 upon
1161 3098 109 27 Building

749 3126 90 27 Leases,
852 3134 13 14 a
874 3126 97 22 number
980 3126 26 21 of
1016 3126 71 22 Town
1094 3126 141 22 Allotments
1243 3126 25 21 in

673 3154 39 22 the
721 3156 60 20 most
789 3153 110 22 desirable
908 3156 63 24 parts
979 3152 27 23 of
1016 3152 44 22 this
1070 3152 142 23 Settlement.

701 3180 48 23 The
767 3180 113 22 attention
896 3180 27 21 of
939 3179 39 22 the
993 3179 77 28 public
1086 3180 21 21 is
1120 3178 149 33 particularly

673 3208 73 22 called
764 3210 23 19 to
807 3206 39 23 the
864 3206 126 26 advantage
1009 3206 26 22 of
1052 3206 108 28 Building
1176 3206 91 28 Leases,

672 3234 74 23 which
755 3234 38 22 the
803 3232 154 28 undersigned
965 3234 19 21 is
995 3232 96 23 enabled
1100 3235 23 20 to
1132 3236 75 25 grant,
1214 3233 53 27 viz.,

672 3261 59 22 from
741 3267 68 16 seven
819 3264 25 18 to
860 3262 140 24 twenty-one
1017 3267 72 19 years,
1107 3260 123 27 according
1244 3263 24 18 to

672 3288 38 22 the
729 3286 66 24 value
814 3287 27 22 of
861 3286 38 23 the
922 3286 115 27 buildings
1058 3286 112 28 proposed
1192 3289 24 20 to
1239 3286 29 23 be

673 3314 97 23 erected.
799 3314 78 28 Apply
887 3316 23 19 to

755 3348 25 22 F.
796 3348 30 22 A.
842 3347 173 28 Molesworth,
1030 3346 110 29 Murphy-
1143 3350 75 25 street,
1230 3354 24 15 or

753 3375 37 21 W.
805 3374 30 22 V.
851 3375 108 26 Brewer,
974 3374 196 22 Manners-street.

911 3419 39 20 To
966 3419 59 24 Let,

672 3453 189 51 BUILDING
878 3452 208 22 ALLOTMENTS
1095 3460 34 13 :—
1129 3451 14 23 7
1161 3452 105 27 building

750 3481 136 26 allotments,
898 3486 29 15 on
938 3479 126 27 improving
1072 3479 80 28 leases,
1163 3479 24 22 in
1195 3479 71 22 Well-

670 3509 82 26 ington
760 3507 105 23 Terrace.
892 3506 87 26 Terms,
990 3513 56 20 very
1054 3506 87 22 liberal.

699 3542 63 26 Also,
782 3540 67 23 small
863 3540 77 27 farms,
957 3541 14 20 3
985 3540 96 22 sections
1092 3540 25 21 of
1128 3539 55 22 land
1192 3539 24 22 in
1226 3538 39 23 the

671 3569 25 22 in
715 3568 38 23 the
772 3567 85 23 second
874 3567 74 27 series,
966 3569 22 20 to
1002 3566 28 23 be
1046 3566 33 23 let
1087 3567 23 21 in
1120 3566 102 28 portions
1239 3573 13 14 o
1259 3566 12 21 f

671 3598 42 20 not
720 3596 44 21 less
773 3595 55 22 than
838 3594 27 22 25
875 3600 70 21 acres,
956 3600 29 15 on
1000 3593 128 28 improving
1144 3593 81 27 leases,
1240 3599 25 15 as

672 3629 57 16 soon
738 3629 25 15 as
772 3620 107 23 selected.

699 3654 124 23 Particular
833 3654 112 22 attention
953 3654 19 22 is
982 3653 73 23 called
1061 3656 24 19 to
1093 3653 37 23 the
1138 3653 127 26 advantage

672 3682 27 22 of
708 3681 129 28 improving
845 3681 79 22 leases.

837 3714 77 28 Apply
924 3716 22 20 to
957 3714 64 21 John
1030 3714 47 21 and
1086 3713 59 22 Geo.
1153 3712 82 22 Wade.

884 3759 42 21 To
941 3759 33 21 be
988 3759 61 25 Let,
1274 3756 2 32 j

676 3793 91 48 THE
780 3796 62 19 town
859 3799 51 15 acre
927 3791 44 22 No.
988 3792 42 21 680
1043 3798 30 14 on
1088 3790 38 22 the
1143 3790 124 27 Surveyor-

750 3818 119 23 General's
877 3818 62 27 plan,
948 3818 124 27 belonging
1080 3819 23 19 to
1119 3816 40 22 the
1176 3815 91 23 Church

674 3846 27 21 of
712 3846 113 22 Scotland.
854 3845 45 21 For
909 3847 74 24 terms,
994 3844 67 27 apply
1072 3846 24 18 to

866 3878 95 22 Robert
971 3877 29 22 R.
1013 3878 99 25 Strang,
1126 3875 111 24 Solicitor.

703 3905 64 27 April
776 3906 33 26 14,
819 3905 61 21 1841.
1274 3899 2 26 I
