2550 3989
1905 131 77 21 rance,
1992 131 122 24 necessary
2124 124 131 30 ignorance,
2264 124 29 23 of
2307 131 42 17 our
2366 125 46 25 teal
2429 130 60 28 posi»

1907 164 56 23 tion.
2007 163 34 25 To
2059 167 43 27 put
2119 163 65 24 those
2201 163 51 24 who
2274 163 47 24 had
2342 166 103 24 reserved
2467 169 22 23 in

1907 202 59 24 their
1977 202 62 31 right
2049 203 107 30 position,
2174 211 96 24 persons
2281 210 58 17 were
2350 204 139 31 dispossesed

1907 242 26 23 of
1952 242 60 23 their
2029 242 128 29 selections,
2176 242 67 24 while
2260 246 24 20 to
2302 246 42 28 put
2362 243 63 24 those
2443 245 46 26 who

1907 280 58 24 have
1985 281 105 30 selected,
2103 282 73 23 under
2191 282 115 29 restraint,
2318 283 24 22 in
2357 282 59 24 their
2431 285 58 30 right

1907 320 99 31 position
2017 320 97 32 nothing
2125 322 26 23 of
2165 321 38 24 the
2215 321 57 24 kind
2283 322 20 23 is
2320 322 112 30 required.
2467 324 22 24 It

1907 360 21 23 is
1938 364 42 19 not
1989 367 121 24 necessary
2122 364 24 20 to
2157 360 131 32 dispossess
2299 369 15 16 a
2322 362 73 30 single
2409 362 80 26 indivi-

1907 398 61 30 dual,
1980 399 35 24 for
2026 398 65 25 those
2098 399 50 27 who
2160 400 67 26 claim
2238 400 39 24 the
2287 407 76 25 power
2370 401 26 23 of
2403 402 86 31 resign-

1907 438 40 31 ing
1962 438 30 24 do
2008 442 40 20 not
2064 439 92 31 require
2173 439 31 24 all
2223 444 24 19 to
2265 438 30 25 do
2305 447 35 17 so.
2376 440 50 24 Nor
2442 442 20 23 is
2473 443 16 23 it

1905 485 122 25 necessary
2038 478 50 24 that
2098 478 32 24 all
2142 478 83 25 should
2237 480 86 30 resign,
2335 480 119 24 inasmuch
2467 490 22 16 as

1906 518 65 24 those
1990 518 49 24 who
2057 519 79 31 resign
2155 518 67 25 could
2239 518 57 24 have
2312 518 45 25 had
2375 519 38 24 the
2430 520 58 31 land,

1905 558 70 24 taken
1992 566 62 24 upon
2072 558 59 24 later
2154 558 98 30 choices,
2274 558 47 24 had
2342 559 55 31 they
2418 559 68 26 liked.

1906 598 46 23 For
1964 599 109 29 instance,
2086 599 20 22 if
2114 598 80 24 holder
2205 599 27 23 of
2239 599 44 23 five
2295 599 103 24 hundred
2406 600 81 31 resign,

1905 639 19 22 it
1942 639 20 22 is
1980 644 41 18 not
2039 638 71 31 likely
2128 642 24 19 to
2174 639 108 23 interfere
2299 638 56 24 with
2371 638 79 25 holder
2468 641 21 23 of

1905 677 53 24 land
1978 677 98 24 selected
2096 685 63 23 upon
2180 679 97 23 number
2295 678 63 31 eight
2377 678 109 30 hundred,

1907 717 95 31 Having
2011 718 44 23 had
2067 726 30 15 an
2109 719 80 24 earlier
2207 719 85 29 choice,
2304 719 29 24 he
2352 719 67 23 could
2432 719 55 26 have

1905 757 44 24 had
1971 758 39 23 the
2030 759 55 23 land
2103 759 71 24 taken
2194 759 31 31 by
2248 767 13 16 a
2284 759 82 31 higher
2386 759 100 31 number,

1905 798 71 23 under
1998 798 91 31 equally
2111 799 163 23 unfavourable
2297 800 189 29 circumstances;

1905 837 51 29 and,
1971 837 67 24 while
2055 838 62 23 there
2134 839 20 22 is
2172 846 29 16 no
2218 847 83 15 reason
2318 844 22 19 to
2358 839 87 24 believe
2462 840 26 24 he

1904 877 75 23 would
2001 877 55 23 seek
2085 881 22 20 to
2126 877 127 32 dispossess
2271 878 39 24 the
2334 879 65 23 other
2415 884 71 27 party,

1905 916 63 24 there
1980 916 73 24 would
2063 917 29 23 be
2099 925 30 16 no
2140 917 90 31 ground
2241 922 22 19 to
2271 922 99 19 warrant
2377 918 36 24 his
2421 919 67 31 being

1905 956 95 24 allowed
2011 960 23 20 to
2046 956 28 24 do
2086 965 34 16 so.

1937 1004 45 24 We
1989 1004 45 24 will
2041 1004 128 27 endeavour
2176 1009 23 19 to
2207 1004 88 25 exhibit
2302 1005 38 24 the
2347 1013 79 23 wrong
2433 1005 55 25 done

1903 1044 39 24 the
1953 1045 78 23 holder
2042 1045 27 23 of
2077 1053 14 15 a
2097 1045 100 24 medium
2204 1046 104 29 number,
2321 1046 24 23 in
2352 1045 99 31 keeping
2457 1054 29 23 up

1904 1084 38 24 the
1953 1085 52 23 idea
2012 1086 25 23 of
2045 1093 13 15 a
2069 1090 104 27 compact
2183 1085 69 24 block
2263 1086 59 23 after
2333 1085 38 24 the
2382 1093 105 24 arrange-

1904 1130 62 18 ment
1975 1126 32 30 by
2018 1125 73 23 which
2103 1126 18 22 it
2133 1126 89 23 existed
2232 1126 42 23 has
2286 1125 144 29 terminated,
2443 1126 43 24 and

1904 1166 114 29 requiring
2041 1165 47 23 him
2107 1165 20 23 if
2142 1166 29 22 he
2190 1165 73 24 desire
2283 1169 24 19 to
2324 1165 42 23 fall
2383 1166 48 22 into
2451 1166 35 23 his

1904 1206 95 30 original
2011 1206 63 23 order
2088 1206 24 23 of
2122 1206 84 28 choice,
2220 1210 23 19 to
2255 1205 71 23 select
2337 1206 90 30 beyond
2439 1206 47 23 that

1903 1245 126 31 imaginary
2041 1245 125 31 boundary.
2201 1245 66 24 Thus
2279 1253 99 23 suppose
2391 1246 92 22 number

1903 1284 43 25 five
1963 1284 104 24 hundred
2084 1289 24 19 to
2126 1285 58 23 have
2202 1285 91 30 already
2311 1284 99 24 selected
2411 1298 33 3 —
2444 1286 42 24 and

1903 1324 49 23 that
1962 1324 28 23 of
1997 1324 37 24 the
2046 1325 97 23 number
2160 1324 77 24 before
2249 1325 49 23 him
2314 1326 53 22 four
2384 1325 102 23 hundred

1903 1364 120 24 selections
2034 1364 83 24 should
2126 1364 30 24 be
2167 1364 66 24 made
2250 1364 90 31 beyond
2350 1365 40 23 the
2425 1373 61 19 com?

1902 1408 52 26 pact
2095 1404 57 24 Had
2168 1404 29 24 he
2208 1409 42 18 not
2260 1404 106 29 selected,
2379 1404 36 24 his
2427 1405 59 31 right

1904 1443 24 24 of
1950 1444 116 29 selection,
2085 1444 81 24 within
2185 1444 40 24 the
2269 1449 103 27 compact

1903 1484 73 24 would
1999 1484 55 24 then
2076 1485 93 27 become
2193 1486 98 22 number
2319 1493 44 15 one
2387 1485 101 25 hundred

1903 1524 44 23 and
1965 1532 51 21 one,
2029 1524 72 24 which
2119 1525 73 30 might
2209 1525 83 23 induce
2309 1525 48 23 him
2380 1530 23 18 to
2420 1526 68 25 select

1903 1564 77 23 within
2000 1564 44 24 this
2056 1564 80 24 sacred
2153 1565 125 30 boundary,
2290 1565 42 23 but
2343 1565 29 23 he
2383 1566 21 22 is
2415 1571 40 17 not
2466 1571 21 19 to

1903 1604 27 23 do
1943 1613 25 15 so
1978 1605 58 23 until
2048 1605 29 23 all
2089 1606 77 22 others
2178 1606 50 23 whe
2239 1606 58 23 have
2308 1610 41 19 not
2359 1607 128 31 previously

1903 1644 98 24 selected
2023 1645 55 23 have
2096 1645 100 24 selected
2223 1645 79 24 before
2328 1646 56 29 him,
2406 1646 80 29 which,

1902 1684 88 24 instead
2008 1685 26 24 of
2048 1685 93 30 placing
2150 1685 49 23 him
2217 1690 25 19 at
2260 1686 96 23 number
2375 1694 42 15 one
2427 1686 59 24 hun-

1902 1724 54 24 dred
1973 1726 47 22 and
2036 1733 50 21 one,
2098 1726 78 31 places
2193 1725 50 24 him
2261 1730 24 19 at
2303 1726 98 24 number
2419 1735 67 15 seven

1902 1764 111 30 hundred,
2031 1765 35 23 for
2084 1766 111 31 selecting
2213 1766 80 23 within
2310 1766 39 24 the
2386 1773 101 25 compact

2031 1805 25 24 If
2065 1814 14 14 a
2088 1806 70 24 lower
2165 1806 97 26 number
2271 1806 30 24 be
2309 1806 77 29 taken,
2396 1808 92 23 number

1902 1849 43 20 two
1957 1844 103 25 hundred
2070 1845 36 24 for
2117 1846 110 29 instance,
2240 1847 89 23 instead
2340 1847 27 23 of
2383 1847 68 31 being
2463 1856 24 14 so

1902 1884 68 24 much
1981 1892 80 17 nearer
2072 1885 25 25 in
2114 1884 37 25 his
2170 1885 78 24 choice
2260 1894 24 15 as
2297 1886 39 24 the
2356 1887 94 23 number
2467 1888 22 22 of

1902 1925 122 24 selections
2034 1924 70 25 taken
2117 1926 89 23 outside
2217 1926 39 24 the
2263 1926 70 24 block
2340 1927 73 23 would
2420 1928 66 23 make

1902 1964 55 30 him,
1969 1965 30 24 he
2009 1966 59 23 finds
2080 1966 95 24 himself
2190 1966 116 33 displaced
2317 1972 23 18 to
2359 1968 39 23 the
2410 1973 76 21 extent

1902 2005 24 22 of
1935 2006 53 23 nine
1999 2005 103 24 hundred
2116 2007 109 23 numbers
2237 2008 20 21 if
2272 2007 30 23 he
2320 2007 71 23 select
2408 2008 77 22 within

1903 2039 37 24 the
1950 2040 69 23 block
2030 2041 80 31 placed
2121 2046 24 19 at
2151 2049 41 16 our
2200 2042 101 32 disposal
2309 2043 30 31 by
2349 2044 39 23 Sir
2396 2044 88 32 George

1902 2079 84 31 Gipps.

1935 2126 51 24 Our
1997 2127 98 31 position
2107 2128 19 22 is
2145 2128 63 31 plain
2223 2128 46 24 and
2281 2129 203 30 incontrovertible,

1901 2165 51 24 The
1967 2171 102 26 compact
2089 2168 69 24 block
2171 2173 87 26 system
2275 2175 63 18 must
2354 2170 29 24 be
2401 2171 83 25 carried

1900 2210 39 19 out
1957 2207 24 22 in
1997 2207 31 23 its
2045 2206 79 25 fullest
2141 2209 85 30 rigour,
2240 2217 25 15 or
2283 2209 65 24 those
2366 2211 51 23 who
2428 2211 56 25 have

1900 2246 99 23 selected
2010 2248 61 22 since
2090 2247 38 23 the
2147 2248 142 31 Deputation
2307 2251 108 23 returned
2425 2251 58 24 from

1900 2285 92 32 Sydney
2005 2291 62 19 must
2076 2288 29 22 be
2117 2288 87 24 treated
2215 2296 26 16 as
2249 2288 64 24 those
2320 2290 51 27 whp
2379 2292 103 23 reserved

1899 2325 24 24 in
1942 2326 59 24 their
2019 2327 104 29 absence,
2144 2328 45 23 and
2213 2328 36 24 for
2267 2328 39 24 the
2324 2338 63 16 same
2405 2338 79 17 reason

1899 2364 49 25 that
1966 2366 54 31 they
2042 2375 59 15 were
2118 2368 78 31 acting
2211 2369 24 22 in
2253 2369 149 25 unavoidable
2418 2371 65 30 ignos

1898 2413 68 16 ranee
1978 2406 26 23 of
2020 2415 40 15 our
2077 2407 47 23 real
2143 2409 108 30 position.
2293 2410 31 23 In
2345 2410 39 23 the
2401 2410 83 25 former

1898 2453 59 21 case,
1976 2448 155 29 expectations
2149 2456 59 16 were
2232 2450 90 23 created
2346 2450 31 31 by
2398 2451 85 31 parties

1898 2484 121 33 becoming
2029 2488 120 30 possessed
2166 2488 26 24 of
2205 2488 56 24 land
2272 2489 74 24 which
2361 2490 54 31 they
2426 2498 58 16 were

1898 2530 40 19 not
1959 2525 96 25 allowed
2077 2531 25 19 to
2126 2529 82 28 retain,
2225 2529 46 23 and
2293 2530 191 31 disappointment

1898 2566 106 23 attended
2015 2566 38 24 the
2063 2572 91 20 matter.
2190 2568 49 24 But
2246 2577 30 16 no
2287 2572 143 29 expectation
2441 2571 41 23 has

1896 2605 59 24 been
1966 2607 75 24 raised
2051 2608 24 22 in
2086 2608 47 23 this
2152 2615 50 17 case
2203 2621 33 4 —
2237 2617 30 15 no
2284 2611 134 23 reasonable
2435 2611 47 24 dis-

1896 2646 157 30 appointment
2064 2654 42 16 can
2117 2655 79 21 ensue,
2208 2648 36 24 for
2256 2653 40 19 not
2307 2654 24 19 to
2349 2650 29 23 be
2389 2650 94 24 allowed

1897 2690 23 19 to
1938 2686 92 32 deprive
2047 2687 77 26 others
2136 2688 28 23 of
2181 2688 59 24 their
2260 2690 63 30 right
2342 2690 68 24 share
2428 2691 25 23 of
2467 2700 14 15 a

1896 2726 93 30 general
2006 2726 90 30 benefit,
2110 2732 84 20 cannot
2209 2728 30 24 be
2258 2730 133 24 considered
2407 2738 13 16 a
2430 2738 51 16 rea-

1896 2766 93 24 sonable
2001 2769 151 28 expectation.

1929 2812 30 24 In
1971 2814 138 29 conclusion,
2128 2822 35 16 we
2182 2815 76 24 would
2275 2816 86 32 merely
2383 2818 97 31 impress

1896 2860 60 23 upon
1969 2853 91 31 Agents
2072 2854 59 24 their
2149 2855 56 31 duty
2216 2860 23 19 to
2258 2855 59 24 their
2336 2856 87 30 clients,
2436 2857 43 28 and.

1895 2900 63 16 more
1975 2893 148 32 particularly
2138 2902 63 24 upon
2220 2895 39 24 the
2280 2896 134 30 gentleman
2430 2897 50 26 whp

1895 2932 41 24 has
1948 2938 22 19 to
1982 2938 117 27 represent
2110 2935 39 24 the
2167 2936 79 23 claims
2265 2937 25 22 of
2305 2938 96 28 natives,
2413 2937 67 25 about

1895 2972 74 25 whose
1991 2975 96 26 interest
2108 2983 34 16 we
2164 2984 54 22 may
2245 2980 49 20 rest
2320 2977 96 24 assured
2443 2978 37 23 the

1895 3012 156 25 Government
2062 3015 47 23 will
2119 3015 29 23 be
2159 3016 122 31 especially
2289 3015 100 32 jealous.
2423 3017 55 31 Any

1895 3052 120 24 selections
2025 3053 65 25 made
2110 3058 23 20 to
2151 3054 60 27 their
2229 3055 162 33 disadvantage
2408 3057 72 24 under

1895 3092 36 24 the
1943 3093 184 30 circumstances,
2142 3102 34 16 we
2192 3103 38 16 are
2243 3097 125 23 convinced
2385 3097 46 24 will
2448 3098 29 23 be

1894 3132 136 30 disallowed,
2042 3133 44 25 and
2103 3133 84 25 should
2203 3142 14 16 a
2235 3135 74 31 single
2326 3137 110 24 selection
2453 3145 26 16 so

1893 3172 28 23 be
1932 3177 35 19 set
1978 3173 63 24 aside
2051 3173 19 23 it
2080 3173 48 24 will
2137 3174 29 24 be
2183 3182 16 16 a
2208 3175 95 31 general
2319 3177 121 23 invitation
2455 3181 22 20 to

1894 3212 112 31 complain
2017 3220 29 16 on
2058 3213 38 24 the
2107 3218 52 27 part
2166 3214 26 24 of
2200 3215 31 23 all
2238 3215 67 24 those
2314 3215 50 24 who
2377 3217 102 24 consider

1893 3250 38 25 the
1942 3252 80 24 liberal
2039 3252 44 24 and
2096 3253 53 32 just
2164 3254 126 25 intentions
2309 3256 26 23 of
2349 3255 40 25 the
2409 3256 68 25 Com-s

1893 3298 60 24 pany
1962 3291 59 25 have
2032 3297 40 19 not
2084 3293 59 24 been
2157 3294 89 31 strictly
2256 3295 119 30 regarded.

769 2402 275 17 METEOROLOGICAL
1058 2401 102 18 TABLE.

699 2430 40 20 For
748 2430 35 20 the
791 2430 55 20 week
856 2430 74 25 ending
941 2430 115 25 Thursday,
1066 2430 53 25 May
1132 2430 32 23 13,
1178 2429 59 21 1841.

1007 3038 126 18 REMARKS.
1235 3031 17 26 T

680 3056 80 22 Friday...
797 3058 10 16 8
877 3057 50 18 Calm
934 3058 36 17 and
976 3058 40 17 fine.
1107 3059 3 3 '
1127 3059 4 3 °
1236 3065 3 3 •

797 3099 52 20 Jp.jp.
919 3100 33 21 I)q.
994 3100 33 16 Do.
1070 3100 33 20 Uq.
1237 3118 3 10 (

797 3140 10 16 S
919 3141 33 17 Do.
995 3141 32 17 Do.
1070 3141 33 18 Do.
1240 3144 2 8 <

680 3180 28 17 Sat
797 3182 10 16 S
877 3182 55 19 Calm,
939 3183 84 19 overcast,
1032 3182 88 21 inclining
1127 3184 18 15 to
1151 3184 46 17 rain.
1240 3183 6 18 i

797 3223 52 19 Ip.m.
877 3223 50 17 Calm
935 3223 36 17 and
977 3224 59 20 misty.
1242 3220 3 12 '■

797 3264 10 17 5
877 3264 50 17 Calm
934 3264 35 17 and
975 3265 88 21 inclining
1068 3266 19 15 to
1095 3263 48 20 rSin.
1243 3255 4 32 j

1244 3288 3 11 !

680 3304 80 21 Sunday..
797 3306 11 15 8
877 3305 92 17 Moderate
975 3306 47 17 -wind
1029 3307 36 16 and
1072 3307 45 19 rain,
1124 3307 31 17 the
1163 3307 39 18 rain
1213 3312 41 14 cos-

918 3326 74 17 menced
1002 3326 34 18 last
1043 3328 78 20 evening
1127 3330 20 14 at
1152 3330 10 14 S
1170 3328 69 18 o'clock.
1242 3327 5 10 1
1244 3342 3 4 ,

798 3346 52 20 Ip.m.
877 3347 65 20 Strong
947 3347 62 17 breeze
1016 3348 35 16 and
1058 3349 84 16 constant
1148 3349 45 17 rain.
1244 3358 5 3 ■

796 3387 11 16 S
918 3388 34 17 Do.
993 3388 33 17 Do.
1069 3389 33 17 Do.
1247 3389 3 10 <

680 3427 80 20 Monday.
797 3428 10 15 8
877 3428 64 21 Strong
947 3429 45 21 gale,
1000 3429 44 17 with
1050 3430 45 17 rain.
1247 3427 6 27 {

797 3469 52 19 Ip.m.
918 3469 34 19 Do,
994 3470 32 21 Dp.
1070 3471 33 17 Do.
1246 3456 8 39 ]

795 3511 11 14 S
876 3510 65 21 Strong
949 3511 62 16 breeze
1022 3512 36 16 and
1069 3512 69 21 cloudy,
1147 3514 39 16 rain
1197 3513 57 18 ceasd
1252 3509 2 14 1

917 3532 55 15 about
978 3532 55 19 three..
1070 3530 3 5 '
1098 3532 4 3 '
1247 3540 4 8 i
1250 3532 3 10 1

680 3550 79 21 Tuesday
795 3551 11 16 8
876 3551 54 21 Light
937 3553 26 15 air
971 3553 35 15 and
1012 3553 41 17 fine.
1166 3560 4 2 -
1178 3560 4 3 -
1246 3549 12 21 i,

796 3592 51 19 Ip.m.
876 3592 92 17 Moderate
974 3593 62 17 breeze
1043 3594 36 16 and
1087 3594 68 25 cloudy,
1164 3596 32 16 but
1203 3596 41 16 fine.
1251 3608 3 11 ,

795 3633 11 15 5
917 3633 34 17 Do.
993 3634 33 17 Do.
1048 3636 35 16 and
1092 3636 41 16 fine.
1249 3628 6 24 )

680 3673 40 17 Wed
795 3674 11 16 8
875 3673 92 19 Moderate
974 3674 26 17 air
1007 3675 35 17 and
1049 3680 43 17 very
1098 3676 36 17 fine
1142 3678 85 17 weather.

795 3716 52 19 Ip.m.
917 3715 33 17 Do.
993 3715 32 18 Do.
1069 3717 32 17 Do.
1254 3720 4 9 '

795 3757 10 15 5
917 3756 33 17 Do.
993 3757 32 17 Do.
1068 3758 33 17 Do.
1254 3750 4 27 \

680 3797 54 17 Thurs
739 3808 18 7 ...
795 3798 10 16 8
875 3797 91 17 Moderate
974 3798 26 16 air
1007 3798 35 17 and
1049 3803 43 17 very
1098 3800 36 17 fine
1143 3801 84 18 weather,
1255 3789 5 29 i

794 3840 52 19 Ip.m.
874 3838 65 21 Strong
945 3840 62 16 breeze
1014 3840 37 17 and
1056 3845 43 17 very
1108 3841 36 18 fine
1153 3842 84 18 weather,
1254 3842 6 19 i

793 3881 11 16 6
917 3880 32 17 Do.
993 3880 32 20 Do,
1068 3881 32 18 Do.

1325 566 46 24 We
1383 566 47 24 find
1441 566 49 24 that
1501 574 63 17 some
1574 574 96 25 persons
1682 567 97 25 hesitate
1797 573 23 20 to
1839 569 37 23 ad-

1293 607 42 23 mit
1347 606 62 24 what
1423 614 33 17 we
1474 607 57 24 have
1549 607 140 25 maintained
1689 621 33 4 —
1722 608 39 24 the
1778 608 63 32 right
1856 609 20 23 of

1292 648 137 31 proprietors
1435 647 44 23 and
1484 651 80 26 agents
1571 647 50 24 who
1628 647 58 24 have
1693 648 106 29 selected,
1806 648 70 24 under

1292 687 39 24 the
1341 687 108 24 restraint
1459 687 102 32 imposed
1577 687 32 32 by
1627 687 39 24 Sir
1684 687 91 32 George
1794 688 81 31 Gipps,

1292 731 23 19 to
1333 727 76 30 resign
1429 727 39 23 the
1486 727 120 24 selections
1625 735 25 15 so
1668 727 74 29 made,
1761 727 45 24 and
1824 727 52 24 take

1292 767 58 24 their
1359 767 95 31 original
1466 768 98 31 position
1573 776 6 19 ;
1600 767 49 23 that
1660 769 29 27 is,
1701 772 23 19 to
1741 768 29 23 be
1787 768 50 24 able
1855 772 21 20 to

1291 807 70 25 select
1371 807 168 24 henceforward
1550 807 122 32 according
1686 812 23 19 to
1727 808 38 23 the
1782 808 94 24 number

1291 847 26 24 of
1330 847 39 24 the
1380 847 54 23 land
1444 847 122 23 certificate
1577 847 71 23 under
1660 847 74 23 which
1752 847 38 23 the
1804 847 72 23 selec-

1292 888 48 23 tion
1348 887 44 23 has
1401 887 57 23 been
1470 887 73 23 made.
1580 886 59 24 This
1649 886 63 31 right
1723 886 53 31 they
1788 894 39 16 are
1838 891 38 19 not

1291 927 98 24 inclined
1399 931 24 25 Jo
1435 927 103 28 concede,
1549 926 41 24 but
1602 934 39 16 see
1651 934 30 16 no
1692 927 149 31 impropriety
1852 927 24 23 in

1291 967 57 24 such
1358 974 95 25 persons
1465 966 70 31 being
1547 966 94 24 allowed
1657 971 25 19 to
1693 967 71 23 select
1780 967 25 23 in
1818 966 58 24 their

1292 1007 95 30 original
1399 1007 64 23 order
1473 1006 91 31 beyond
1580 1006 39 24 the
1662 1011 104 27 compact

1292 1046 81 24 Under
1384 1046 63 24 these
1465 1047 176 23 circumstances
1654 1054 32 16 we
1704 1046 45 24 feel
1762 1046 79 24 bound
1854 1051 22 19 to

1290 1091 79 19 return
1387 1091 22 19 to
1427 1087 39 23 the
1477 1087 96 31 subject,
1585 1086 46 24 and
1648 1094 33 16 we
1693 1087 67 23 think
1772 1094 33 16 we
1818 1086 58 24 shall

1290 1127 28 24 be
1329 1127 51 23 able
1391 1131 23 19 to
1425 1134 69 24 prove
1505 1134 33 15 we
1555 1126 58 24 have
1629 1126 123 32 precedent
1763 1127 35 23 for
1815 1126 60 24 what

1291 1174 33 16 we
1346 1166 57 24 have
1425 1166 145 29 maintained,
1589 1167 26 22 in
1638 1167 60 23 what
1720 1167 41 23 has
1785 1166 91 31 already

1291 1206 106 24 occurred
1409 1210 22 19 to
1442 1206 195 29 land-claimants,
1651 1206 56 23 with
1721 1206 38 23 the
1773 1207 103 22 sanction

1291 1246 25 24 of
1325 1246 37 24 the
1376 1246 137 30 Company's
1526 1250 89 26 agenjts.

1322 1293 95 31 During
1437 1293 39 23 the
1498 1293 96 23 absence
1618 1292 26 23 of
1663 1292 39 23 the
1725 1292 150 31 Deputation,

1289 1332 73 23 which
1373 1332 125 32 proceeded
1509 1337 23 18 to
1551 1332 93 30 Sydney
1656 1337 23 18 to
1697 1331 38 31 lay
1746 1332 38 23 the
1797 1333 77 23 claims

1291 1372 25 24 of
1330 1373 39 23 the
1381 1373 89 23 settlers
1482 1373 26 28 ;of
1524 1372 57 23 Port
1599 1371 128 24 Nicholson
1743 1372 77 24 before
1838 1373 37 23 Sir

1291 1415 90 31 George
1401 1415 83 31 Gipps,
1503 1422 63 17 some
1584 1419 97 27 country
1698 1416 99 23 sections
1817 1423 58 16 were

1290 1456 83 23 offered
1396 1460 22 19 to
1441 1456 38 23 the
1501 1454 90 25 holders
1621 1456 26 22 of
1672 1455 144 26 land-orders
1841 1456 34 23 for

1289 1495 116 24 selection.
1441 1495 34 24 At
1493 1495 38 23 the
1551 1495 55 26 time
1625 1495 26 23 of
1670 1495 117 29 selection,
1808 1503 67 23 many

1289 1535 137 24 individuals
1444 1535 118 24 abstained
1583 1535 60 24 from
1666 1536 129 30 exercising
1818 1536 57 24 their

1288 1576 70 30 right,
1381 1576 72 23 under
1475 1576 37 23 the
1534 1575 72 24 belief
1627 1576 58 24 that,
1702 1576 39 23 the
1764 1576 66 24 lands
1853 1582 22 19 at

1289 1616 131 31 Wanganui
1467 1616 43 23 and
1556 1616 118 23 Taranaki
1720 1624 58 16 were
1817 1625 58 23 open

1289 1661 24 19 to
1330 1656 60 24 their
1408 1656 84 29 choice,
1511 1656 45 23 and
1574 1656 39 23 the
1630 1656 64 24 word
1743 1658 106 23 reserved

1289 1705 45 16 was
1353 1696 143 32 accordingly
1514 1696 92 25 entered
1628 1697 23 23 in
1675 1697 39 23 the
1736 1697 139 32 Company's

1289 1738 97 28 register
1407 1738 89 29 against
1517 1736 40 24 the
1575 1744 81 16 names
1679 1736 25 23 of
1719 1738 83 30 parties
1825 1737 50 24 who

1289 1784 58 15 were
1366 1776 55 23 then
1442 1776 96 23 induced
1561 1780 22 19 to
1606 1776 90 24 abstain
1714 1776 58 25 from
1795 1776 80 32 faking

1289 1816 61 23 land.
1387 1816 37 23 On
1449 1816 38 23 the
1505 1820 78 24 refurn
1602 1816 26 23 of
1644 1816 37 25 the
1700 1816 139 32 deputation,
1858 1818 17 22 it

1289 1864 45 16 was
1347 1856 132 24 announced
1497 1856 48 24 that
1559 1864 32 17 we
1603 1864 58 15 were
1674 1860 23 19 to
1715 1856 70 24 select
1797 1856 78 24 within

1289 1904 14 16 a
1354 1901 102 27 compact
1477 1896 68 24 block
1601 1896 70 24 about
1699 1897 39 24 the
1766 1896 108 25 harbour.

1288 1936 71 23 What
1376 1936 55 23 then
1442 1936 86 24 ensued
1534 1936 11 24 ?
1590 1936 71 23 Were
1680 1936 65 25 those
1763 1937 50 24 who
1830 1937 45 24 had

1289 1976 105 24 reserved
1405 1976 58 24 their
1475 1976 89 24 choices
1585 1976 48 24 told
1651 1977 54 31 they
1716 1977 74 31 might
1808 1978 67 30 again

1288 2016 201 23 cltutyocy-imt-nistr
1492 2016 61 18 -until
1563 2016 31 18 oil
1605 2016 52 18 Tnrho
1668 2017 46 18 Katl
1728 2022 38 14 not
1776 2018 99 19 e«le<3to<l

1287 2049 45 24 had
1343 2049 65 25 made
1428 2050 59 24 their
1498 2050 108 24 selection
1615 2051 10 23 ?
1661 2051 46 29 No,
1721 2051 45 23 this
1778 2060 45 16 was
1834 2058 41 18 not

1288 2090 38 23 the
1337 2095 159 26 arrangement
1505 2099 7 20 ;
1524 2090 53 29 and,
1595 2090 47 24 had
1653 2091 18 23 it
1681 2091 59 24 been
1753 2092 120 31 proposed,

1289 2129 72 24 would
1383 2129 57 24 have
1461 2130 58 24 been
1541 2131 95 23 scouted
1659 2138 25 16 as
1703 2136 168 27 preposterous.

1288 2170 34 24 At
1332 2170 38 24 the
1381 2175 55 19 next
1446 2172 100 29 meeting
1557 2175 23 19 to
1594 2171 72 25 select
1682 2172 62 29 land,
1758 2173 29 23 all
1801 2173 72 23 selec-

1287 2211 60 23 tions
1363 2211 66 24 made
1441 2211 58 24 after
1510 2211 38 24 the
1560 2212 49 24 first
1621 2213 111 23 insertion
1743 2215 23 21 in
1779 2213 38 26 the
1835 2222 37 15 re-

1287 2252 70 29 gister
1369 2251 26 24 of
1404 2251 37 24 the
1453 2251 61 24 word
1548 2253 106 23 reserved
1683 2261 58 16 were
1749 2254 122 30 cancelled,

1286 2291 44 23 and
1343 2291 91 23 holders
1446 2291 24 24 of
1484 2291 144 25 land-orders
1639 2293 59 23 from
1717 2293 49 23 that
1776 2295 96 23 number

1286 2330 95 24 forward
1404 2331 143 23 commenced
1571 2336 21 19 to
1616 2332 71 24 select
1705 2333 75 31 again.
1816 2334 56 24 And

1286 2370 66 31 why?
1387 2370 101 24 Because
1500 2371 64 24 those
1576 2372 49 23 who
1643 2372 45 24 had
1707 2374 105 23 reserved
1827 2375 45 23 had

1286 2410 57 23 done
1350 2418 25 16 so
1382 2411 72 25 under
1466 2411 38 23 the
1515 2411 50 23 idea
1578 2412 49 23 that
1640 2413 53 30 they
1701 2413 44 24 had
1757 2422 14 15 a
1781 2419 91 25 greater

1286 2455 77 19 extent
1374 2451 26 23 of
1408 2451 54 24 land
1480 2460 53 15 over
1548 2452 75 24 which
1642 2453 51 31 the_>
1709 2454 75 30 might
1802 2455 70 23 select

1286 2490 52 24 than
1350 2491 84 30 proved
1444 2491 38 23 the
1494 2499 58 16 case.
1589 2492 51 24 The
1652 2500 50 16 new
1708 2494 109 23 selection
1825 2503 46 15 was

1284 2531 106 32 properly
1401 2531 85 32 readily
1498 2533 112 23 conceded
1628 2533 31 31 by
1670 2534 38 29 all,
1722 2535 96 24 because
1833 2535 39 24 the

1284 2571 52 23 field
1348 2571 35 23 for
1394 2571 108 25 selection
1517 2573 83 30 proved
1621 2573 106 24 different
1743 2574 60 24 from
1822 2575 49 24 that

1284 2611 73 23 which
1374 2612 20 22 it
1404 2619 45 16 was
1462 2612 114 31 supposed
1594 2617 22 19 to
1635 2613 29 23 be
1680 2618 24 19 at
1715 2615 38 22 the
1766 2615 54 24 time
1832 2615 38 24 the

1284 2651 148 23 reservations
1444 2659 58 16 were
1513 2652 74 23 made.

1317 2691 58 23 This
1392 2691 19 23 is
1424 2691 37 25 the
1472 2692 111 31 principle
1594 2692 74 24 which
1680 2701 46 16 was
1739 2695 53 23 then
1805 2696 63 23 acted

1284 2739 68 24 upon,
1371 2731 44 24 and
1434 2731 81 32 justly,
1516 2744 34 4 —
1551 2732 44 24 and
1610 2732 45 24 this
1667 2734 20 22 is
1704 2734 39 24 the
1759 2735 109 32 principle

1284 2778 32 16 we
1340 2770 57 24 have
1408 2771 146 29 maintained,
1567 2772 45 24 and
1622 2777 63 19 must
1696 2774 25 23 in
1731 2775 97 24 fairness
1840 2775 28 24 be

1284 2818 41 16 our
1335 2811 67 30 guide
1414 2819 29 15 on
1454 2811 39 23 the
1504 2817 93 25 present
1607 2814 114 24 occasion.

1317 2850 50 24 The
1388 2852 98 29 position
1509 2851 25 23 of
1554 2853 85 30 parties
1657 2854 20 23 is
1696 2854 96 24 similiar
1809 2863 58 22 now,

1283 2890 86 31 though
1390 2891 31 30 by
1443 2896 108 19 contrast.
1606 2893 67 24 Then
1695 2893 39 25 the
1755 2895 56 23 field
1832 2896 35 23 for

1283 2931 107 23 selection
1401 2931 82 37 proved
1496 2932 91 24 smaller
1599 2933 54 24 then
1667 2935 17 23 it
1695 2942 47 16 was
1754 2936 113 30 supposed

1283 2975 22 19 to
1317 2970 37 29 be,
1365 2970 67 24 while
1449 2979 49 15 now
1515 2973 18 22 it
1548 2973 20 21 is
1585 2974 98 31 proving
1700 2974 68 24 much
1783 2975 83 31 larger,

1283 3013 44 23 and
1337 3013 77 32 nearly
1432 3022 24 16 as
1473 3014 63 32 large
1552 3023 26 15 as
1595 3016 38 23 the
1644 3017 54 23 field
1710 3025 32 20 vfe
1753 3020 114 30 supposed

1284 3060 56 23 open
1351 3057 23 19 to
1386 3061 27 15 us
1425 3054 66 23 when
1501 3062 32 16 we
1545 3055 96 28 arrived.

1315 3092 51 24 The
1376 3093 121 24 selections
1509 3094 72 24 which
1592 3095 58 24 have
1661 3096 58 24 been
1731 3097 65 25 made
1804 3100 62 23 since

1282 3133 38 23 the
1331 3138 78 20 return
1427 3135 24 23 of
1472 3134 38 24 the
1527 3135 143 32 Deputation
1686 3137 60 25 from
1764 3139 101 31 Sydney,

1282 3173 56 24 have
1349 3173 58 24 been
1417 3173 65 25 made
1494 3174 72 24 under
1576 3175 39 24 the
1626 3176 51 24 idea
1684 3177 50 24 that
1740 3185 42 16 our
1789 3179 77 25 choice

1282 3220 45 16 was
1348 3213 88 24 limited
1453 3218 22 20 to
1488 3214 37 24 the
1561 3220 104 27 compact
1675 3217 69 24 block
1793 3219 41 25 but
1846 3220 20 22 it

1281 3260 50 16 now
1341 3260 96 24 appears
1448 3253 121 25 selections
1580 3255 58 24 have
1648 3256 60 24 been
1717 3258 66 23 made
1794 3259 72 23 under

1282 3301 28 15 an
1328 3300 69 21 error,
1416 3293 87 24 similar
1521 3299 22 19 to
1560 3295 49 23 that
1627 3297 66 22 made
1711 3302 24 18 at
1752 3298 38 23 the
1811 3300 54 22 time

1280 3333 84 32 parties
1370 3333 107 25 reserved
1484 3334 58 24 their
1549 3335 97 31 choices,
1655 3337 43 22 but
1709 3337 25 23 in
1740 3346 12 15 a
1761 3338 105 24 different

1282 3373 108 24 direction
1397 3382 5 19 ;
1420 3373 54 37 they
1485 3374 98 24 selected
1594 3376 97 24 because
1702 3377 54 32 they
1769 3378 96 31 thought

1282 3413 37 24 the
1341 3413 54 23 field
1412 3421 45 16 was
1475 3414 92 24 smaller
1589 3415 56 24 than
1667 3417 19 23 it
1708 3417 42 24 has
1771 3419 92 30 proved,

1280 3452 65 24 while
1364 3452 38 24 the
1416 3455 150 23 reservations
1583 3462 59 17 were
1653 3456 74 29 made,
1738 3457 97 24 because
1846 3459 19 23 it

1280 3500 46 16 was
1336 3492 102 28 believed
1453 3497 23 19 to
1493 3493 28 24 be
1537 3494 74 31 larger
1629 3495 55 25 than
1700 3497 85 30 proved
1801 3502 23 19 to
1835 3498 30 24 be

1280 3533 39 23 the
1331 3540 58 17 case.
1425 3533 47 23 Yet
1482 3533 65 24 those
1558 3534 50 24 who
1620 3536 107 24 reserved
1738 3536 74 25 where
1823 3543 42 25 put

1280 3573 24 23 in
1320 3572 58 24 their
1395 3573 98 33 original
1508 3575 108 32 position,
1643 3583 56 16 even
1717 3576 89 31 though
1826 3578 39 23 the

1280 3617 36 19 act
1326 3620 45 16 was
1382 3612 107 25 attended
1498 3613 54 24 with
1559 3614 170 32 dispossessing
1736 3624 96 23 persons
1840 3618 26 23 of

1280 3652 53 24 land
1354 3652 55 36 they
1430 3652 44 24 had
1495 3653 99 32 actually
1612 3655 107 28 selected,
1739 3655 66 25 while
1825 3657 38 24 the

1279 3692 61 31 tight
1358 3692 25 24 of
1404 3692 73 29 those,
1488 3692 50 24 who
1554 3693 99 25 selected
1664 3694 73 24 under
1747 3697 115 28 restraint,

1279 3732 85 32 merely
1375 3736 24 20 to
1415 3732 72 24 throw
1503 3740 31 24 up
1552 3732 59 24 their
1627 3734 117 29 selection,
1761 3735 46 23 and
1822 3736 41 24 fall

1279 3772 47 23 into
1334 3772 60 24 their
1402 3772 98 31 original
1505 3773 105 31 position,
1620 3774 20 22 is
1649 3774 93 31 gravely
1749 3774 112 33 disputed.

1279 3812 75 23 There
1366 3819 43 19 can
1418 3812 29 24 be
1458 3820 30 16 no
1505 3814 103 29 question
1627 3821 26 16 as
1673 3819 22 19 to
1714 3814 38 24 the
1768 3815 94 25 relative

1279 3852 102 31 strength
1393 3852 26 23 of
1433 3852 37 24 the
1482 3853 79 23 claims
1578 3853 25 24 of
1623 3853 38 24 the
1677 3859 44 22 twq
1738 3856 124 30 occasions,

1279 3899 28 17 on
1325 3892 73 26 which
1414 3892 107 24 selection
1536 3892 116 25 has-been
1668 3894 67 24 made
1752 3895 24 23 in
1795 3896 67 31 igno-

1926 3370 47 24 Mr.
2000 3371 95 24 Thorn's
2118 3377 67 26 party
2196 3377 23 19 at
2238 3374 83 24 Queen
2341 3375 135 24 Charlotte's

1894 3403 79 24 Sound
1990 3404 84 31 caught
2092 3413 13 14 a
2123 3405 73 24 whale
2213 3406 73 23 which
2305 3408 90 30 yielded
2417 3408 59 31 eight

1893 3440 50 19 tons
1961 3436 26 23 of
2000 3438 31 22 oil
2047 3445 29 15 on
2093 3438 40 22 the
2151 3438 43 24 sth
2204 3438 54 24 inst.
2269 3448 6 20 ;
2293 3440 96 24 another
2408 3441 68 24 whale

1893 3476 45 16 was
1951 3469 48 23 also
2018 3470 84 30 caught
2119 3470 46 23 this
2182 3472 82 23 month
2281 3473 27 23 in
2326 3473 89 32 Cloudy
2426 3474 49 31 Bay

1892 3502 30 30 by
1933 3502 38 23 the
1983 3509 59 16 crew
2053 3503 26 22 of
2087 3511 14 14 a
2112 3502 54 24 Van
2178 3504 121 25 Dieman's
2310 3506 67 24 Land
2385 3507 89 24 whaler.

1893 3534 56 23 This
1962 3534 61 31 early
2036 3542 91 17 success
2137 3535 43 25 has
2199 3539 111 23 rendered
2327 3539 38 24 the
2382 3540 92 25 whalers

1893 3574 28 16 on
1939 3567 39 23 the
1997 3572 63 19 coast
2077 3575 56 24 very
2150 3572 112 29 sanguine
2279 3572 26 23 of
2323 3580 13 15 a
2353 3573 123 29 successful

1892 3607 79 16 season
1980 3608 6 20 ;
2013 3601 87 24 several
2119 3601 85 25 whales
2225 3604 59 23 have
2307 3605 91 31 already
2420 3605 55 24 been

1892 3640 53 15 seen
1963 3633 34 23 off
2010 3633 81 32 Kapitf
2114 3635 45 24 and
2182 3636 104 24 different
2307 3642 62 27 parts
2393 3638 26 24 of
2437 3638 37 24 the

1892 3665 90 24 Straits.
2006 3666 45 25 We
2058 3671 60 20 trust
2129 3676 42 16 our
2183 3671 152 30 enterprising
2347 3671 126 23 merchants

1891 3698 44 23 will
1961 3704 64 19 exert
2049 3700 145 32 themselves,
2220 3703 45 24 and
2288 3707 80 28 export
2390 3704 86 24 several

1891 3739 92 23 cargoes
2000 3734 47 28 th,is
2064 3741 62 23 year,
2140 3742 25 16 as
2183 3734 64 25 there
2258 3737 21 24 is.
2290 3736 59 30 Jittle
2366 3737 49 23 fear
2426 3737 48 24 that

1890 3764 31 23 oil
1932 3765 48 23 and
1989 3765 132 25 whalebone
2133 3768 47 23 will
2196 3768 29 23 be
2237 3769 107 24 obtained
2357 3774 24 19 at
2392 3777 14 16 a
2413 3770 60 30 price

1890 3796 48 24 that
1949 3798 46 23 will
2011 3799 63 30 yield
2090 3808 15 15 a
2116 3802 170 30 remunerating
2303 3802 76 31 profit.
2415 3802 26 24 If
2454 3803 19 23 it

1889 3830 46 24 will
1945 3838 45 24 pay
2001 3830 40 25 the
2046 3833 99 30 -Sydney
2152 3833 46 24 and
2209 3833 93 25 Hobart
2312 3834 72 25 Town
2395 3836 79 30 people

1890 3867 22 19 to
1924 3871 62 16 come
1999 3864 66 24 down
2074 3865 64 29 here,
2147 3873 14 16 a
2173 3866 102 24 distance
2287 3867 26 23 of
2326 3869 64 23 1000
2401 3869 71 28 miles,

1889 3901 23 18 to
1923 3897 112 31 purchase
2046 3897 35 24 for
2092 3898 37 24 the
2148 3898 67 25 home
2227 3899 97 30 market,
2339 3901 18 23 it
2369 3901 70 30 ought
2450 3906 22 19 to

527 38 105 37 TOE
651 37 111 38 $TISW
779 37 227 36 ZEALAND
1023 37 229 34 GAZETTE
1270 37 103 37 AND
1391 37 328 34 WELLINGTON
1740 38 291 33 SPECTATOR.

1468 118 117 23 LATEST
1599 119 109 22 DATES.

1289 384 89 66 New
1408 384 207 66 Zealand
1645 384 237 66 Gazette.

1340 450 68 22 AND
1423 450 212 23 WELLINGTON
1649 451 185 23 SPECTATOR.

740 1698 168 20 SHIPPING
927 1698 273 20 INTELLIGENCE.

901 1747 140 21 ARRIVED.

706 1775 51 26 May
766 1776 20 23 9,
797 1775 103 20 schooaer
917 1776 104 26 Surprise,
1033 1775 84 27 Landy,
1129 1776 54 19 from
1193 1776 64 20 Wan-

680 1802 75 25 ganui;
775 1808 70 19 cargo,
861 1802 47 26 pigs
924 1803 42 19 and
980 1805 102 24 potatoes.
1111 1802 123 27 Passengers
1239 1814 24 4 —

680 1830 87 19 Messrs.
778 1830 101 25 Burlcigh
888 1830 42 19 and
940 1829 98 27 Spencer.

706 1856 51 26 May
768 1858 33 23 14,
812 1857 104 20 schooner
923 1858 59 25 Jane,
994 1857 111 25 Williams.,
1113 1858 55 20 from
1180 1858 82 27 ploudy

680 1883 44 27 Bay
731 1891 5 16 ;
751 1890 68 19 cargo,
831 1884 30 20 oil
872 1884 42 20 and
925 1885 107 25 molasses,.

1054 1921 14 3 ~

741 1955 71 22 None.

900 2001 34 20 IN
948 2001 83 21 PORT.

732 2028 82 21 Barque
823 2029 61 19 Ziuctjf
894 2029 92 19 Ifvt/ent,
997 2029 85 20 Santry.

732 2050 107 20 Schooner
849 2050 70 25 Eliza,
932 2050 107 20 Sheridan.

840 2077 81 26 Bailey,
933 2077 94 20 Sinclair.

842 2105 59 19 Sand
912 2105 47 24 Fly.

731 2131 82 27 Barque
824 2132 103 25 Otymjms,
938 2131 77 21 White.

731 2159 109 20 American
851 2159 47 26 ship
911 2159 79 24 Triton,
1001 2159 85 19 Bowen.

732 2186 50 25 Brig
792 2186 107 24 Portenia,
913 2187 88 19 Frasier.

732 2213 107 20 Schooner
848 2214 67 23 Anne,
924 2213 57 20 Joss.

844 2241 105 24 Surprise,
960 2240 82 26 Lundy.

731 2277 23 5 —
754 2278 5 11 :
759 2278 38 5 —
797 2279 5 10 :
802 2277 38 6 —
840 2268 61 24 Jane,
912 2267 110 21 Williams.

704 2321 44 20 The
757 2321 48 26 brig
822 2321 107 24 Transfer,
940 2322 48 23 200,
999 2321 86 23 Munro,
1096 2326 42 14 was
1146 2320 44 20 laid
1200 2326 27 14 on
1237 2323 21 17 at

680 2348 79 20 Hobart
765 2349 73 21 Town,
848 2349 36 19 for
893 2349 45 22 Bay
947 2349 24 19 of
980 2348 80 20 Islands
1070 2348 43 20 and
1122 2347 97 21 Thames.

1421 503 129 28 Saturday,
1566 504 57 22 May
1639 505 33 26 15,
1688 506 62 21 1841.

696 2515 45 17 1841.

779 2495 51 16 Time
837 2495 21 16 of

775 2516 88 16 Observa-

796 2536 43 17 tion.

892 2505 54 16 Baro-

887 2528 61 14 meter.

967 2505 83 19 Thermo-

977 2528 61 14 meter.

1080 2518 56 43 m

1077 2554 58 17 Son

1177 2514 58 18 Wind.

684 2593 74 20 ?riday...

684 2655 22 16 iat

684 2716 76 21 Sunday..

684 2778 75 21 Honday.

798 2594 9 15 8

798 2615 52 19 Ip.m.

798 2636 9 15 5

798 2656 9 16 8

798 2677 51 19 Ip.m.

798 2698 9 14 5

799 2718 10 15 8

800 2738 51 20 Ip.m.

800 2759 9 15 5

800 2779 9 16 8

800 2800 51 20 Ip.m.

800 2841 9 15 8

800 2862 51 19 Ip.m.

798 2882 10 14 5

799 2902 10 15 8

800 2923 52 20 Ip.m.

799 2944 9 15 5

799 2964 10 16 8

800 2985 51 20 Ip.m.

799 3006 10 15 5

891 2594 58 15 30.300

892 2615 57 15 30.263

892 2635 57 16 30.280

891 2655 55 16 30.221

891 2676 57 15 30.443

892 2696 58 16 30.384

892 2717 59 16 30.244

892 2738 57 16 30.201

892 2759 58 15 30.002

892 2779 59 16 29.920

892 2799 58 16 29.863

892 2820 58 15 29.835

892 2841 59 15 29.800

892 2862 9 15 £
903 2861 38 16 0.80
944 2862 7 15 1

892 2882 58 16 29.809

892 2903 58 15 29.816

892 2924 58 16 29.802

893 2944 57 16 29.821

892 2965 57 15 29.801

893 2985 58 16 29.740

892 3006 58 14 29.730

990 2594 37 15 49.5

991 2614 26 16 58.

991 2635 37 16 56.5

991 2656 26 15 51.

991 2677 26 14 56.

991 2697 26 15 sb'.

991 2717 26 16 50.

991 2738 37 16 51.5

991 2759 26 15 50.

992 2780 26 15 51.

992 2800 36 16 50.5

991 2821 26 15 50.

991 2841 27 15 48.

992 2861 25 16 57.

992 2882 26 16 56.

993 2903 25 15 56.

993 2922 36 18 6015

991 2942 27 22 56;

991 2965 27 22 55:

992 2984 26 18 61.

1087 2616 37 16 0.66

1072 2677 59 17 None.

1087 2740 37 16 0.26

1088 2802 38 16 1.24

1156 2594 18 15 S.
1181 2594 23 20 by
1211 2594 17 17 E,

1157 2614 62 17 North.
1228 2615 2 10 <

1156 2635 18 16 S.
1181 2635 23 20 by
1210 2636 22 17 E.,

1155 2656 97 21 Southeriy.

1156 2676 56 17 West.
1227 2679 3 17 |

1155 2697 57 20 West.
1228 2700 2 17 I

1156 2718 62 17 South.
1228 2719 3 9 '

1156 2739 61 16 South.
1228 2735 3 21 !

1157 2759 61 17 South.
1230 2769 3 11 )

1157 2780 60 17 South.

1156 2801 62 17 South.
1230 2795 3 8 '

1156 2822 62 16 South,
1231 2823 3 15 1

1157 2840 78 23 N.byEi

1157 2863 22 16 N.
1188 2863 22 21 by
1217 2861 20 20 E)

1157 2883 62 17 North.
1235 2882 3 23 I

1157 2925 62 18 North.
1237 2917 4 14 ]

1157 2946 62 17 North.
1240 2946 2 6 '

1157 2967 81 20 N.byW..

1157 2987 52 17 N.W.
1235 2984 3 13 <

684 2840 76 21 fuesday

1087 2864 38 16 0.10

684 2901 38 16 i7ed

1073 2925 59 17 None.

684 2962 52 18 rhurs
741 2974 17 6 ...

1073 2987 59 16 None.

1296 155 97 29 £tondon
1409 172 6 7 .
1425 172 7 7 .
1442 172 6 11 ,
1656 155 60 27 Dee.
1738 157 42 27 20,

1293 181 95 38 Sydney
1656 188 64 24 Mai:.
1756 190 25 27 4,

1294 221 51 31 Bay
1357 221 26 24 of
1397 221 91 23 Islands
1658 221 58 24 Feb.
1740 222 40 28 27,

1294 254 54 24 Van
1359 254 120 23 Dieman's
1490 253 67 25 Land
1578 270 57 8 ....
1658 253 62 25 Mar.
1741 255 39 28 19,

1296 287 56 23 Port
1364 287 87 31 Phillip
1658 287 63 24 Mar.
1757 289 23 26 8,

1294 319 111 23 Adelaide
1658 320 52 23 Jan.
1740 320 39 28 19,

1804 158 74 26 }840.

1805 191 74 24 I*4l.

1806 223 72 23 1841.

1805 256 73 22 1841.

1806 289 72 22 1841.

1805 322 73 22 1841.

68 126 101 27 public
183 124 303 28 A.uc*ion.TTr%b.ooner

74 158 91 32 rpHE
179 158 64 26 Hull,
252 158 72 26 Spars,
331 157 103 26 Rigging,
444 156 43 27 arjyil
494 157 74 21 Stores
578 155 26 22 of
614 155 44 22 this

41 188 7 9 '
82 179 28 34 4-
148 183 78 29 vessel,
237 191 24 14 as
271 183 53 26 they
331 190 52 19 may
394 184 27 20 be
430 180 77 31 foy,rid,
515 182 105 27 stranded
628 190 29 14 on

73 211 38 22 the
122 211 74 22 Beach
202 214 27 24 fit
238 210 115 26 Pakanka,
365 209 98 28 opposite
470 209 84 26 Kapiti,
562 210 27 21 12
595 208 63 22 miles

72 238 66 21 north
149 237 27 21 of
186 232 98 32 P^orirua,
301 235 44 28 wsl
354 236 27 20 be
391 235 47 22 sold
447 235 31 31 by_
487 235 74 28 public
571 235 52 26 sale,
635 238 24 18 at
665 232 3 29 j

73 263 37 22 the
122 264 73 21 Stores
211 263 26 21 of
249 263 36 21 the
301 261 155 28 undersigned,
472 262 22 21 in
513 261 143 27 Wellington,

72 294 24 17 at
106 292 25 19 12
141 289 85 22 o'clock
237 296 29 14 on
277 289 114 26 Saturday,
410 288 37 21 the
456 288 52 22 15th
517 288 68 27 May;
603 287 54 26 also,

73 316 37 22 the
121 317 63 25 Long
195 317 56 20 Boat
260 315 45 21 and
315 315 167 26 Chronometer,
498 314 121 26 belonging
635 317 23 18 to

72 342 38 22 the
129 342 48 21 said
193 341 79 27 vessel,
290 341 71 23 which
379 348 53 19 may
447 341 28 21 be
491 347 54 15 seen
564 344 24 18 at
605 341 54 21 Port

72 368 131 29 Nicholson.
659 368 9 8 '

235 393 112 26 B.EmuNE
354 393 48 22 and
414 393 106 26 Huntejr,

317 420 146 27 Auctioneers
473 419 44 23 and
527 419 103 23 Brokers.

100 447 52 22 Port
162 446 130 26 Nicholson,
304 446 63 27 April
378 447 37 26 29,-
423 447 60 21 1841.
570 444 2 3 '

67 491 5 3 '
89 493 18 20 A
125 491 38 22 LL
177 490 136 23 PERSONS
327 490 84 27 having
418 490 84 27 [claims
518 491 87 24 against
619 490 39 21 tshe

72 512 52 32 J\.
151 517 108 22 schooner
278 518 76 23 Jewess
372 525 37 14 are
564 520 22 18 to
602 515 57 23 send

71 545 62 20 them
143 545 23 20 in
177 544 113 28 f^or^hwith
298 548 25 21 ;to

309 570 27 22 T.
347 570 33 21 M.
390 569 135 22 Partridge
536 569 45 22 and
591 569 39 22 Go.

94 615 147 20 Extensive
257 614 60 21 Sale
333 614 31 20 of
379 613 126 21 valuable
520 612 117 21 Timber.

70 647 161 49 MESSRS.
254 646 84 22 JOHN
357 646 43 22 and
421 645 126 23 GEORGE
563 645 95 23 WADE

162 681 38 14 are
210 673 123 22 instructed
344 677 21 17 to
380 672 47 27 sell,
443 673 112 25 positively
569 673 89 21 without

69 703 37 18 the
115 703 51 18 least
175 707 86 18 reserve,
273 701 28 25 by
311 699 74 28 public
395 700 96 26 auction,
508 706 28 14 on
553 699 38 21 the
606 706 51 21 pre-

70 729 67 21 mises
146 729 26 19 of
183 728 76 21 James
270 729 66 23 Watt,
352 726 59 27 Esq.,
428 732 28 14 on
468 726 117 27 Thursday
594 730 61 23 next,

69 758 24 17 at
110 757 8 19 1
138 755 85 21 o'clock
238 753 117 27 precisely,
370 759 28 15 ex
412 752 59 20 Lord
484 753 117 26 Sidmguth,
618 753 38 21 the

68 781 72 21 whole
151 781 25 20 of
187 781 50 21 that
245 779 103 22 valuable
357 786 65 20 cargo
433 779 25 21 of
474 779 50 21 Van
540 779 116 22 Dieman's

70 807 65 21 Land
144 807 87 26 timber,
241 806 121 26 consisting
371 806 27 20 of
409 806 67 21 about
485 807 76 25 60,000
574 806 46 20 feet
634 806 27 22 of

68 834 87 25 boards,
166 833 94 26 battens,
273 832 44 22 and
326 832 111 27 scantling
440 832 30 27 ,pf
474 832 88 22 various
569 832 87 22 dimen-

68 860 68 26 sions,
146 859 31 22 all
186 859 134 27 thoroughly
330 859 114 21 seasoned.

96 887 78 21 Terms
184 886 43 22 will
237 893 82 21 appear
328 886 24 21 in
362 893 13 13 a
384 885 117 25 hand-bilj.

216 932 42 20 To
273 932 34 20 be
322 931 66 21 Sold
403 937 30 14 or
446 931 59 24 Let,

70 965 44 32 npi
118 964 86 22 HREE
223 964 101 22 Wooden
342 964 95 27 Houses,
458 964 96 22 situated
572 971 29 14 on
617 964 38 21 the

77 986 29 27 JL
157 990 184 27 Tinakore-road,
361 990 37 21 the
419 991 82 21 second
523 997 50 15 acre
597 990 58 23 from

70 1018 92 26 Captain
180 1017 97 27 Smith's,
289 1017 130 27 containing
433 1016 51 22 four
494 1024 75 15 rooms
582 1017 46 22 and
642 1025 14 14 a

69 1051 99 19 passage,
188 1044 56 21 each
261 1044 52 21 with
331 1044 50 21 zinc
395 1044 66 26 roofs,
483 1043 44 22 and
544 1044 25 21 in
588 1051 68 19 every

69 1074 87 23 respect
174 1070 48 22 well
242 1070 103 21 finished.
372 1070 77 21 Terms
451 1081 27 4 —
479 1070 24 21 If
518 1070 55 31 sold,
594 1070 61 22 £150

69 1097 34 21 for
120 1096 53 22 each
187 1097 71 21 house
265 1105 6 19 ;
286 1096 22 21 if
320 1096 31 21 let
350 1113 7 13 ;
374 1097 32 21 £1
424 1104 39 20 per
472 1096 62 23 week
550 1096 35 22 for
599 1097 56 21 each

69 1123 76 25 house.
175 1123 77 27 Apply
260 1127 25 18 to

457 1150 74 22 James
545 1150 81 22 Watt.

97 1176 144 27 Wellington,
254 1176 54 27 May
319 1178 33 25 13,
363 1178 62 20 1-841.

69 1220 134 47 WOOD
219 1220 61 21 FOR
294 1220 113 22 SALE.—
408 1222 62 24 B,OOO
487 1220 50 26 feet,
554 1227 62 15 more
630 1228 24 14 or

165 1247 50 26 less,
224 1247 27 21 of
258 1246 167 22 well-seasoned
436 1247 79 21 timber
529 1247 27 21 of
565 1247 89 22 various

69 1273 155 27 descriptions;
239 1273 48 21 also
296 1273 38 21 the
345 1274 69 21 frame
425 1274 24 20 of
456 1281 13 13 a
477 1273 91 21 wooden
574 1274 78 26 house,

70 1301 26 19 32
112 1300 45 21 feet
172 1300 30 27 by
216 1301 34 24 20,
261 1300 54 21 with
331 1300 48 21 iron
395 1300 64 27 bolts,
477 1301 40 21 &c.
545 1300 45 21 For
604 1308 50 19 par-

68 1326 96 28 ticulars,
176 1326 66 28 apply
251 1329 24 18 to

348 1354 26 21 R.
390 1354 27 20 R.
433 1353 98 27 Strang,
541 1353 111 23 Solicitor.

96 1380 144 27 Wellington,
252 1380 54 26 May
318 1381 32 25 13,
363 1381 60 20 1841.

68 1424 252 47 WELLINGTON
334 1425 180 21 TERRACE.—
514 1425 31 21 To
563 1425 27 21 be
604 1425 48 22 sold

151 1451 30 26 by
192 1451 73 26 public
276 1451 52 26 sale,
339 1451 21 21 if
366 1455 39 17 not
414 1451 126 28 previously
551 1451 102 27 disposed

69 1477 26 20 of
106 1477 30 26 by
144 1478 84 25 private
239 1477 99 27 bargain,
353 1484 28 14 on
397 1477 80 28 Friday
493 1482 59 22 next,
571 1482 23 18 at
610 1485 42 15 one

69 1503 90 25 o'clock,
172 1512 60 19 p.m.,
244 1507 23 18 at
280 1505 108 21 Bethune
398 1504 45 22 and
451 1504 126 27 Hunter's,

95 1530 72 21 Those
183 1534 42 18 two
240 1537 62 15 acres
315 1531 22 21 in
349 1531 237 27 Wellington-terrace,
599 1531 53 22 Nos.

67 1558 40 20 453
122 1557 44 21 and
181 1558 42 20 454
241 1564 27 16 on
287 1557 37 21 the
339 1557 238 27 Surveyors-General's
591 1558 60 27 plan.

68 1583 63 27 They
142 1591 35 13 are
189 1583 89 27 already
289 1583 104 22 enclosed
402 1585 29 26 by
442 1592 12 14 a
463 1584 57 26 good
529 1584 72 27 fence,
616 1592 36 14 are

68 1610 71 20 under
155 1609 137 28 cultivation,
310 1610 57 22 have
384 1618 13 14 a
414 1611 101 21 valuable
531 1615 81 17 stream
631 1612 26 21 of

68 1640 68 17 water
145 1637 89 26 passing
244 1637 95 26 through
350 1637 66 26 them,
428 1637 44 21 and
482 1644 36 14 are
528 1637 91 28 capable
631 1639 26 20 of

68 1663 67 26 being
145 1663 39 21 sub
197 1663 90 21 divided
296 1667 22 17 to
325 1667 63 22 great
397 1664 130 27 advantage.
555 1665 22 20 A
585 1668 68 18 street

68 1689 17 21 is
100 1689 108 22 intended
224 1693 22 17 to
263 1691 26 20 be
305 1689 86 27 opened
406 1691 93 21 towards
517 1690 37 22 the
569 1691 82 27 Beach,

68 1715 108 27 affording
185 1716 102 22 facilities
297 1716 26 21 of
333 1717 144 26 intercourse,
494 1717 37 21 the
548 1717 64 23 value
630 1719 26 21 of

68 1742 73 22 which
150 1750 44 19 any
205 1750 80 20 person
294 1747 61 17 must
364 1743 132 27 appreciate.

94 1769 43 21 For
148 1769 137 27 particulars,
296 1769 67 28 apply
372 1773 22 17 to

190 1796 44 21 Mr.
245 1797 100 26 Strang,
357 1796 113 22 Solicitor:
486 1804 25 14 or
520 1799 23 19 to

190 1823 112 24 B.ETHUNE
313 1823 44 21 and
367 1823 107 27 Hunter,
486 1823 156 23 Auctioneers.

95 1849 54 27 May
160 1851 32 24 14,
206 1851 59 22 1841.

67 1894 88 48 FOR
169 1893 85 28 SALE,
266 1901 13 14 a
289 1894 102 27 quantity
399 1894 26 21 of
431 1894 60 27 large
499 1894 43 22 and
552 1896 100 26 superior

141 1921 109 26 Potatoes,
268 1927 28 15 ex
316 1921 104 28 Swprise,
439 1921 58 21 from
518 1921 131 28 Wanganui,

65 1947 46 21 and
125 1947 103 26 retailing
242 1950 24 18 at
280 1947 38 21 the
334 1948 56 27 shop
406 1948 26 20 of
449 1947 73 21 David
536 1948 113 27 Bowman,

66 1973 78 22 House
155 1974 128 27 Carpenter,
294 1974 58 22 back
365 1974 26 21 of
406 1975 90 21 Messrs.
506 1973 87 23 Waters
606 1975 45 22 and

65 2001 91 21 Smith's
163 2001 81 21 Stores.

94 2027 143 23 Wellington,
248 2027 50 18 14th
309 2027 62 23 May,
387 2029 59 16 1941.

143 2069 60 20 Van
218 2069 137 20 Dieman's
369 2069 75 20 Land
458 2069 116 20 Timber.

66 2103 51 47 A
127 2102 105 21 LARGE
247 2102 103 27 quantity
361 2102 24 21 of
399 2102 49 21 Van
459 2102 117 21 Dieman's
585 2102 64 22 Land

146 2129 79 21 timber
245 2129 24 20 of
288 2129 86 20 various
392 2128 135 22 dimensions
536 2136 5 19 ;
566 2128 53 27 also,
637 2136 13 14 a

64 2156 61 26 large
136 2156 101 29 quantity
247 2156 26 20 of
285 2154 98 22 Colonial
394 2154 86 27 timber,
497 2155 119 27 consisting
627 2155 24 21 of

66 2182 103 29 weather,
181 2182 78 28 lining,
276 2181 44 22 and
330 2181 95 27 flooring
433 2182 79 21 boards
522 2182 44 21 and
576 2185 74 18 scant-

64 2208 49 27 ling
122 2209 26 21 of
158 2208 34 21 all-
198 2209 56 20 sizes
265 2208 44 21 and
318 2207 88 27 lengths
414 2216 5 13 :
440 2215 51 15 now
504 2215 28 14 on
548 2208 63 22 hand
626 2213 24 17 at

64 2235 38 21 the
112 2239 69 17 stores
193 2236 25 20 of
226 2234 36 22 the
272 2233 158 27 undersigned.

92 2262 63 26 They
165 2262 44 21 will
220 2262 45 20 filso
275 2262 28 21 be
320 2260 75 28 happy
405 2264 23 21 tp
438 2261 79 28 supply
527 2260 62 24 those
600 2261 49 22 who

64 2289 79 20 intend
153 2289 97 25 erecting
259 2288 112 26 buildings
381 2288 52 21 with
444 2288 37 21 the
487 2295 68 21 apove
563 2288 84 26 article,

65 2319 39 17 cut
122 2319 23 17 to
165 2315 70 28 order,
257 2314 26 26 pf
306 2321 45 20 any
371 2314 135 22 dimensions
527 2314 52 28 they
597 2322 51 19 may

64 2342 93 26 require,
179 2342 44 20 and
245 2341 134 22 deliverable
398 2344 24 18 at
440 2348 44 20 any
503 2343 49 25 part
571 2341 25 22 of
611 2341 38 22 the

64 2368 70 21 beach
146 2375 26 14 on
184 2369 39 20 the
230 2368 96 21 shortest
333 2368 83 21 notice.

327 2394 61 21 John
405 2401 44 14 and
466 2394 58 22 Geo.
538 2394 82 22 Wade.

66 2439 87 48 FOR
177 2438 84 26 SALE,
283 2446 13 13 a
314 2438 102 27 quantity
433 2437 25 22 of
478 2437 53 22 OIL
546 2438 102 22 BUTTS.

139 2465 74 27 Apply
225 2469 22 17 to

236 2492 132 25 Ridgways,'
379 2491 105 26 Guyton,
496 2491 43 22 and
549 2491 72 22 Earp.

66 2537 87 47 FOR
166 2536 85 26 SALE,
265 2540 23 17 at
297 2535 37 22 the
344 2536 54 25 s.hot>
408 2537 26 26 pf
445 2535 37 29 tlje
491 2535 157 28 undersigned,

137 2570 79 23 pprner
226 2563 25 22 of
265 2562 71 22 Willis
351 2563 44 21 and
410 2563 197 24 Manners-streets
615 2571 5 13 :
622 2574 29 4 —

91 2597 94 27 Pickles,
197 2604 83 19 sauces,
292 2596 106 26 mustard,
408 2596 70 27 hams,

91 2624 88 22 Bottled
188 2624 71 26 fruits,
270 2624 77 26 spices,
359 2630 82 20 capers,

89 2650 111 23 Muscatel
211 2650 45 22 and
266 2649 108 22 Valencia
381 2650 79 21 raisins
475 2650 58 25 (new
538 2650 83 27 fruits,)

90 2677 76 22 Currie
176 2676 96 28 powder,
282 2676 68 21 moist
356 2676 44 21 and
409 2676 48 21 loaf
468 2683 71 20 sugar,

89 2705 54 26 Tea,
155 2704 75 26 coffee,
241 2704 99 25 tobacco,
352 2702 77 27 cigars,

91 2731 85 26 Butter,
188 2730 85 26 cheese,
284 2729 76 27 bread,
370 2728 63 28 flour,

91 2757 86 27 Starch,
187 2757 60 26 blue,
256 2756 113 26 blacking,
380 2755 97 27 candles,

91 2778 55 28 And
154 2783 123 28 provisions
288 2782 25 22 of
324 2789 67 20 every
401 2782 139 28 description.

383 2815 31 22 H.
425 2815 93 23 Taylor
529 2816 45 22 and
583 2817 39 21 Co.

136 2863 40 19 On
191 2861 67 27 Sale,
274 2867 36 18 62f

66 2888 98 50 SALT
176 2888 59 26 beef,

118 2915 108 22 Hambro'
235 2914 63 27 pork,

119 2942 87 21 Pickles
217 2941 44 21 and
268 2947 83 19 sauces,

118 2968 54 21 Port
181 2967 45 22 and
235 2967 76 26 sherrjr
320 2966 24 21 in
354 2966 69 22 bottle
434 2966 44 22 and
487 2966 71 28 wood,

118 2994 79 21 Porter
205 2994 46 21 and
261 2994 35 21 ale
304 2993 25 21 in
338 2992 76 27 bottle,

118 3020 64 22 Pitch
191 3020 46 22 and
246 3024 41 23 tar,

118 3047 55 22 Fine
183 3048 50 21 salt.

245 3074 35 21 Ex

117 3102 59 26 Capo
187 3100 45 23 and
240 3101 129 26 Tarragona
378 3100 63 28 wine,

117 3128 131 23 Mapcaroni
257 3126 46 23 and
311 3126 129 28 vermicelli,

118 3154 96 21 Manilla
224 3161 72 19 sugar,

119 3180 71 22 Cedar
199 3181 24 21 in
232 3180 55 30 logs,

118 3207 109 24 Assorted
237 3213 55 21 oars,

120 3232 111 23 Hollands
238 3233 25 21 in
273 3233 71 22 wood.

255 3260 37 21 Ex

119 3286 99 21 Seconds
227 3286 63 28 flour,

118 3312 91 27 Brandy
218 3313 23 21 in
252 3312 63 23 hhds.

119 3339 119 22 Mauritius
252 3347 72 19 sugar.

92 3364 6 11 '
393 3366 82 23 Waitt
485 3366 46 22 and
538 3366 84 24 Tyser.

228 3410 54 21 The
298 3410 189 28 Undersigned

64 3442 125 49 HAVE
209 3442 157 22 RECEIVED
386 3450 40 21 per
444 3443 42 22 last
504 3443 147 23 arrrivals:—

144 3469 74 22 Men's
228 3472 76 24 strong
311 3469 65 21 boots
384 3470 45 21 and
442 3470 70 30 shoes,

92 3497 120 21 Gossamer
223 3495 44 21 and
277 3496 81 21 beaver
367 3495 56 27 hats,

91 3522 154 25 Gentlerneii's
264 3522 93 27 figured,
381 3522 110 28 coloured,
516 3522 44 22 and
584 3523 65 22 black

64 3550 61 21 dress
134 3549 81 26 stocks.

91 3576 69 21 Black
170 3575 45 21 and
226 3574 105 22 coloured
339 3581 51 20 gros
400 3574 26 22 de
436 3575 89 32 Naples,

91 3603 58 21 Rich
158 3601 86 28 figured
254 3601 85 21 bonnet
348 3601 75 27 satins,

91 3629 89 22 Bonnet
191 3627 46 23 and
244 3634 69 20 gause
321 3627 98 26 ribbons,

90 3655 58 22 Rich
166 3655 87 27 figured
268 3653 172 23 handkerchiefs
456 3654 45 22 and
515 3654 61 28 plaid
590 3655 58 23 satin

63 3683 75 26 scarfs,
150 3681 76 25 ladies'
237 3681 42 22 silk
288 3681 62 26 hose,

90 3707 265 27 Mousseline-de-laines,
369 3706 66 25 latest
444 3706 94 28 designs,

90 3735 77 26 Fancy
175 3735 78 29 prints,
263 3734 106 31 assorted,

202 3761 43 21 and
257 3761 105 26 jacconet
371 3760 99 26 muslins,

90 3784 93 30 Bobbing
195 3787 90 27 blonde,
296 3786 45 22 and
350 3786 94 29 quilling
458 3789 57 24 nets,
529 3786 66 29 laces,
612 3788 36 22 in-

62 3815 100 25 sertions,
173 3815 50 25 &c,

91 3840 79 27 Richly
180 3840 91 22 worked
280 3840 82 22 muslin
372 3839 86 27 collars,

91 3867 21 21 A
122 3867 103 28 quantity
235 3866 26 22 of
270 3866 86 22 bottled
365 3866 70 22 fruits.

374 3892 98 23 Waters
482 3892 44 23 and
537 3892 81 24 Smith.

895 120 39 17 To
949 120 33 17 be
996 120 59 21 Let,

688 141 159 35 (gJEVEtftAL
847 154 1 8 i
863 141 92 23 TOWN
965 143 136 31 AC£ES,?n
1111 143 88 21 various
1207 145 61 31 parts

683 164 36 31 j&
749 169 27 21 of
786 168 144 27 Wellington.
959 169 43 21 For
1011 168 137 28 particulars,
1162 169 68 28 apply
1244 172 24 18 to

859 195 27 21 E.
901 195 142 26 Catchpool,
1053 195 102 22 Dickson
1167 198 73 19 street.

832 239 40 20 To
886 239 33 24 be
934 239 63 20 Sold
1013 244 30 15 or
1058 239 59 24 Let,

687 260 161 53 SEVERAI
867 264 69 22 Town
952 264 45 23 and
1012 264 101 27 Country
1131 264 99 23 Sections
1246 266 25 21 of

749 291 72 22 Land.
849 291 77 27 Apply
935 294 24 18 to

998 317 95 22 Robert
1103 317 27 22 R.
1141 318 98 21 Strawo.

866 360 47 23 The
922 362 56 21 Rev.
987 362 38 21 Mr
1040 361 148 28 Macfarlane,
1199 363 25 21 of
1230 362 38 26 th,e

685 383 43 26 .LN
764 388 81 21 Scotch
869 387 95 27 Church,
988 387 45 23 will
1059 388 98 26 perform
1185 389 82 22 Divine

685 413 109 28 Worship,
812 414 24 21 in
858 414 83 27 future,
961 414 24 22 in
1000 414 41 21 the
1058 414 113 27 Aborning,
1229 415 39 27 tfre

685 440 81 21 Native
781 436 92 32 Chapel,
887 440 33 22 Te
931 441 46 22 Aro
986 440 56 30 Flat,
1051 444 24 18 at
1084 442 24 20 11
1120 441 93 27 o'clo.ck,
1223 442 45 22 and

684 466 24 22 in
722 466 37 21 the
769 466 125 23 Afternoon
908 471 23 18 at
945 466 37 23 the
997 468 69 21 Court
1080 466 86 28 House,
1181 468 87 23 Thorn-

685 492 43 22 don
739 492 56 28 Flat,
807 496 22 18 at
839 500 14 14 a
861 497 90 24 quarter
960 497 48 23 past
1018 500 43 15 one
1071 493 94 25 o'clock.

713 518 142 28 Wellington,
868 520 54 27 May
933 521 32 25 12,
974 521 63 20 1841.

687 562 160 48 CAPTAIN
859 562 119 28 WHYTE,
987 564 26 21 of
1020 563 36 22 the
1065 564 85 27 barque
1163 565 103 27 Olympus,

763 588 84 28 hereby
866 588 118 27 intimates,
1004 590 47 21 that
1063 590 38 22 .he
1121 591 44 21 will
1183 595 39 18 not
1239 592 28 20 be

684 615 134 22 answerable
835 616 35 21 for
888 623 45 21 any
948 616 62 22 debts
1032 618 130 21 contracted
1178 618 29 27 by
1232 617 35 22 his

685 649 63 14 crew.

711 667 142 28 Wellington,
866 668 55 28 May
931 671 33 25 10,
975 671 60 25 184?..

686 712 160 35 pAPTAIN
869 713 156 27 SINCLAIR,
1049 715 26 21 of
1097 714 39 22 the
1160 715 107 23 schooner

686 738 40 22 V-/
753 739 80 27 Bailey,
851 739 84 28 hereby
948 741 118 26 intimates,
1077 740 50 22 that
1141 741 29 22 he
1185 743 43 21 will
1241 743 23 21 in

684 771 29 15 no
722 772 59 20 ways
788 767 28 22 be
825 766 136 22 answerable
970 767 34 21 for
1012 774 46 20 any
1067 767 63 22 debts
1138 769 127 23 contracted

683 792 31 26 by
722 791 33 21 his
769 799 64 15 crew.

685 836 108 47 CAPT.
813 836 120 28 BOWEN,
951 837 25 21 of
993 837 37 22 the
1046 838 121 23 American
1184 840 81 21 whaler

755 864 80 25 Triton,
844 863 85 28 hereby
939 865 100 31 cau^ons
1048 865 38 21 the
1096 865 75 26 public
1180 867 86 26 against

682 889 76 27 giving
767 890 71 22 credit
847 893 23 19 to
880 897 44 20 any
934 891 26 21 of
970 889 33 23 his
1013 891 68 26 Crew,
1098 898 25 15 as
1134 891 30 22 he
1172 893 44 22 will
1225 896 40 19 not

682 915 52 22 hold
741 915 92 23 himself
838 913 135 31 responsible
978 917 34 22 for
1018 924 45 21 any
1068 918 63 22 debts
1139 919 126 23 contracted

682 941 31 28 by
723 942 69 22 them.

710 969 52 21 Port
770 969 131 28 Nicholson,
912 970 62 28 April
985 973 33 25 30,
1030 973 60 20 1841.

858 1015 53 21 For
926 1016 161 26 Wanganui.

713 1048 72 27 d*s?-
793 1045 9 16 f
811 1042 75 21 MHE
894 1042 108 21 schooner
1012 1043 106 25 Surprise,
1133 1043 27 22 T.
1174 1043 88 29 Lundy,

696 1066 92 37 JGjjaQ^
800 1072 29 17 J-
853 1072 89 24 master,
953 1069 43 21 will
1004 1070 106 21 continue
1121 1077 24 14 as
1155 1078 14 13 a
1177 1072 87 26 regular

683 1096 107 24 atfnssSci
793 1095 74 22 trader
885 1096 100 21 between
1003 1095 134 28 Wanganui,
1158 1098 44 21 and
1225 1098 39 21 sail

680 1122 58 21 from
745 1121 143 27 Wellington,
895 1122 55 22 Port
955 1122 129 28 Nicholson,
1093 1124 78 21 within
1181 1131 13 14 a
1204 1124 59 25 wejek

682 1149 28 21 of
719 1148 40 22 her
768 1148 81 28 arrival
859 1148 56 23 each
924 1149 61 22 time.

684 1204 4 1 _
989 1174 100 24 Waters
1100 1176 45 22 and
1155 1178 81 21 Smith.

715 1220 167 34 £*rgs,npHE
894 1220 45 22 fine
949 1228 48 14 new
1006 1220 110 25 schooner
1124 1223 21 24 4-
1145 1228 39 14 nne
1186 1237 5 9 >
1202 1222 61 27 Capt.

697 1248 92 30 jSHO^
802 1242 24 35 J.
864 1246 77 23 James
955 1247 56 28 Joss,
1026 1247 44 22 will
1086 1248 27 21 be
1129 1249 134 26 despatched

683 1270 109 30 it*frCTff
863 1274 24 21 in
907 1281 13 13 a
935 1274 41 21 few
993 1274 54 27 days
1061 1274 35 22 for
1111 1274 91 22 Akaroa
1220 1275 44 21 and

769 1300 82 27 calling
861 1303 24 19 at
894 1300 84 27 Cloudy
986 1301 54 26 Bay,
1051 1300 21 22 if
1078 1306 187 22 encouragement

682 1328 70 21 offers.
771 1328 45 21 For
821 1327 83 27 freight
913 1334 25 14 or
946 1334 91 20 passage
1047 1327 67 27 apply
1125 1334 29 15 on
1164 1328 68 22 board
1241 1331 22 19 to

997 1354 92 27 Captain
1104 1354 62 27 Joss,
1177 1362 25 14 or

996 1381 44 21 Mr.
1056 1381 23 21 C.
1095 1380 29 21 W
1138 1383 124 20 Schultze.

879 1425 55 26 ;For
948 1426 115 24 Sydney,

814 1453 28 19 To
858 1453 47 19 Sail
918 1453 21 19 in
953 1453 61 19 about
1029 1454 34 18 ten
1077 1453 57 24 days,

905 1486 45 21 fine
968 1486 83 27 barque
1072 1487 104 25 Olympus,
1196 1487 28 21 A.
1243 1488 18 20 1.

801 1508 29 26 J-
865 1514 43 20 4°o
927 1516 56 23 tons,
1002 1512 60 22 John
1083 1513 90 27 Whyte,
1199 1514 64 21 Com-

683 1534 109 34 y^iraiSppy
806 1540 99 21 mander.
935 1539 47 22 Has
997 1540 100 25 superior
1111 1541 152 21 accommoda-

682 1567 45 21 tion
746 1569 33 19 for
797 1573 137 25 passengers.
963 1566 43 21 For
1023 1566 83 27 freight
1125 1574 24 14 or
1173 1574 89 20 passage

680 1594 66 27 appjy
756 1598 22 18 to
790 1594 35 21 the
837 1593 92 27 Captain
941 1599 29 16 on
978 1593 75 25 board,
1065 1600 24 14 or
1100 1596 22 18 to

1058 1619 89 22 Willis
1163 1620 44 22 and
1223 1621 25 21 C.

706 1646 143 25 Wellington,
861 1646 56 25 May
926 1648 33 23 10,
971 1647 59 20 1841.
