2550 3989
1895 726 223 24 WHOLESALE
2147 726 127 24 PRICES
2307 725 172 25 CURRENT.

851 1602 80 21 PORT
948 1601 134 22 PHILLIP.

710 1834 64 23 New
791 1834 185 24 Apointment.
979 1847 33 4 —
1012 1834 48 24 His
1071 1835 138 31 Excellency
1222 1835 35 26 the

677 1866 118 24 Governor
807 1867 42 23 has
860 1867 60 23 been
929 1867 94 31 pleased
1030 1872 22 19 to
1061 1868 92 31 appoint
1160 1868 97 24 Edward

677 1899 83 24 Brown
774 1900 87 29 Addis,
880 1900 68 30 Esq.,
968 1901 25 22 of
1020 1901 111 30 Geelong,
1150 1906 22 18 to
1195 1902 28 23 be
1245 1910 12 16 a

677 1933 179 22 Commissioner
868 1933 26 22 of
909 1933 82 23 Crown
1000 1933 77 24 Lands
1089 1935 24 22 in
1126 1934 36 23 the
1172 1935 85 31 Colony

677 1965 24 24 of
716 1966 55 23 New
783 1966 75 23 South
869 1966 87 23 Wales.
992 1966 44 24 We
1046 1974 105 23 presume
1162 1968 18 22 it
1192 1968 19 22 is
1223 1968 34 23 his

675 1998 141 31 Excellency
834 1999 112 23 intention
964 2003 23 19 to
1005 1999 74 23 divide
1098 2000 38 23 the
1153 2001 104 29 province

675 2032 49 21 into
736 2031 62 22 three
811 2031 198 22 Commissioners'
1021 2032 109 21 districts.

710 1637 98 23 Roman
835 1637 155 23 Catholics.
992 1649 34 4 —
1026 1637 50 23 The
1100 1637 157 32 Subscription

677 1670 94 23 towards
789 1670 40 23 the
847 1670 99 23 erection
967 1670 26 23 of
1014 1678 14 15 a
1045 1670 92 23 Roman
1156 1670 101 24 Catholic

677 1702 87 31 Chaple
782 1707 24 19 at
824 1702 122 24 William's
967 1703 73 23 Town
1063 1704 19 22 is
1101 1703 87 31 rapidly
1205 1712 52 23 pro-

675 1736 111 30 gressing.
823 1735 25 23 It
865 1736 20 22 is
904 1736 54 23 time
977 1736 38 23 the
1034 1736 143 23 Protestants
1196 1737 61 24 there

676 1773 35 19 set
718 1768 68 23 about
797 1768 38 23 the
847 1769 99 23 erection
958 1769 26 23 of
999 1776 12 16 a
1021 1769 107 30 building
1138 1769 34 24 for
1183 1770 74 30 public

676 1801 105 30 worship.

711 2063 133 23 Coroner.
846 2075 34 4 —
880 2063 45 23 We
942 2070 38 16 are
998 2063 76 32 happy
1091 2068 23 19 to
1132 2063 56 25 have
1206 2065 19 23 it
1235 2065 23 23 in

676 2103 41 15 our
728 2103 74 23 power
814 2100 23 19 to
849 2103 118 16 annonnce
978 2096 50 23 that
1045 2096 39 24 W.
1104 2097 29 23 B.
1152 2097 104 30 Wilmot,

676 2128 68 31 Esq.,
764 2128 80 29 M.D.,
863 2129 21 23 is
903 2129 122 31 appointed
1043 2129 100 23 Coroner
1160 2129 35 24 for
1212 2131 46 23 this

677 2161 95 24 district.
814 2161 40 24 On
872 2162 45 23 this
936 2162 111 28 occasion,
1068 2170 24 15 as
1110 2164 24 21 in
1151 2163 38 23 the
1208 2171 50 16 case

677 2194 25 23 of
716 2194 38 23 the
774 2196 156 29 appointment
948 2195 26 23 of
995 2203 13 15 a
1026 2195 78 23 Police
1121 2196 136 31 Magistrate

675 2227 36 22 for
739 2227 144 28 Melbourne,
913 2227 45 24 His
986 2228 141 31 Excellency
1152 2229 41 23 left
1221 2230 37 23 the

675 2264 83 19 matter
780 2260 97 30 entirely
899 2261 24 22 in
945 2260 38 24 the
1006 2261 72 23 hands
1102 2262 25 23 of
1150 2262 48 23 Mr.
1223 2262 36 24 La

677 2292 83 30 Trobe,
769 2293 43 23 and
819 2293 37 23 his
861 2293 92 23 honor's
958 2294 77 23 choice
1045 2302 51 15 now
1107 2295 20 22 is
1139 2295 89 31 equally
1233 2303 25 16 as

672 2326 114 30 judicious
798 2334 26 15 as
835 2326 24 23 in
871 2326 38 23 the
921 2326 108 24 selection
1042 2327 24 23 of
1075 2327 48 23 Mr.
1143 2328 113 31 Simpson.

710 2359 128 23 Clonmel
842 2371 34 4 —
882 2359 91 24 Board
1004 2368 29 15 op
1062 2360 121 25 Inquiry.
1185 2374 34 4 —
1221 2361 38 24 On

676 2391 105 31 Monday
803 2400 14 15 a
843 2392 79 29 board,
951 2393 125 30 consisting
1098 2394 26 22 of
1150 2394 108 31 Captains

675 2424 84 30 Lewis,
774 2425 94 28 Collins,
888 2425 46 23 and
949 2425 88 30 Roach,
1057 2434 58 16 were
1131 2427 127 24 assembled

675 2462 23 19 at
715 2458 66 31 Capt.
807 2458 77 23 Cole's
903 2462 80 26 stores,
1002 2459 35 23 for
1054 2459 38 23 the
1117 2467 95 24 purpose
1235 2462 24 22 of

675 2491 153 32 ascertaining
843 2491 39 23 the
899 2498 67 16 cause
983 2491 25 23 of
1028 2491 39 24 the
1082 2492 75 24 wreck
1174 2494 25 22 of
1220 2493 38 24 the

678 2523 107 24 Clonmel.
822 2524 75 31 Many
908 2524 26 23 of
941 2524 39 23 the
992 2532 135 24 passengers
1136 2526 43 23 and
1186 2528 26 22 of
1219 2526 38 24 the

675 2564 59 16 crew
743 2564 57 23 gave
815 2557 61 23 their
892 2561 141 26 statements,
1050 2558 74 24 which
1139 2567 58 16 were
1209 2567 47 16 em-

673 2589 84 24 bodied
772 2590 25 23 in
815 2590 112 23 affidavits
945 2594 24 19 to
987 2590 29 24 be
1034 2599 74 16 sworn
1126 2592 76 24 before
1219 2593 38 24 the

675 2622 79 24 Police
772 2623 146 32 Magistrate.
960 2624 72 23 From
1043 2624 39 24 the
1091 2625 92 30 general
1194 2630 64 20 tenor

674 2655 27 23 of
713 2656 40 23 the
765 2657 105 23 evidence
884 2657 52 22 thus
944 2657 117 29 tendered,
1068 2658 19 23 it
1094 2658 73 23 would
1174 2666 83 24 appear

674 2688 50 24 that
746 2697 14 15 a
776 2689 120 32 departure
912 2690 60 22 from
991 2690 38 23 the
1048 2690 76 24 orders
1143 2692 67 30 given
1227 2692 31 31 by

677 2721 97 32 Captain
792 2722 130 31 Tollervey,
943 2730 29 15 on
990 2723 38 22 the
1046 2728 51 26 part
1111 2724 26 23 of
1151 2724 37 24 the
1200 2725 59 24 chief

673 2759 63 19 mate
752 2763 62 22 upon
831 2755 83 31 taking
930 2755 37 23 his
1124 2757 38 23 led
1183 2762 22 19 to
1220 2758 38 24 the

675 2787 150 31 catastrophe.
873 2788 51 23 The
946 2796 80 15 course
1051 2789 99 24 directed
1172 2791 30 31 by
1219 2791 38 24 the

675 2820 144 23 commander
831 2820 58 24 after
901 2822 99 30 quitting
1007 2822 61 23 Ram
1077 2822 75 30 Head,
1160 2824 98 31 keeping

675 2853 68 23 S.W.
763 2852 16 32 \
796 2853 50 29 W.,
869 2854 74 23 would
964 2854 58 24 have
1044 2855 88 24 cleared
1149 2857 108 24 Wilson's

675 2886 161 31 Promontory,
847 2886 43 23 but
906 2886 37 24 the
960 2891 60 20 mate
1037 2890 132 30 conceiving
1210 2890 48 24 that

675 2919 38 23 the
737 2919 97 31 Captain
851 2926 48 16 was
916 2923 37 20 too
969 2920 66 24 timid
1053 2921 26 23 of
1098 2921 105 33 hugging
1219 2923 38 23 the

783 2959 57 23 gave
859 2952 78 23 orders
955 2956 24 20 to
992 2958 59 19 steer
1063 2954 38 23 the
1112 2956 73 23 vessel
1196 2964 62 16 more

675 2989 23 19 to
715 2985 38 23 the
775 2985 126 24 westward.
946 2985 70 25 After
1033 2987 107 31 striking,
1159 2989 43 23 had
1220 2989 38 24 the

675 3017 121 23 Clonmel's
815 3018 83 30 engine
915 3018 59 24 been
1150 3020 36 32 (as
1202 3023 19 23 it
1238 3023 20 23 is

674 3049 125 32 supposed)
818 3050 41 24 she
877 3051 74 30 might
971 3051 57 24 have
1048 3052 59 24 been
1124 3054 75 30 saved,
1217 3055 41 23 but

673 3083 101 31 keeping
808 3092 51 22 way
892 3092 61 23 upon
965 3085 49 29 her,
1022 3085 25 23 in
1053 3085 70 32 hopes
1136 3086 24 23 of
1170 3087 88 32 driving

673 3123 53 16 over
738 3116 38 24 the
788 3117 58 23 sand
858 3117 71 28 bank,
941 3118 20 22 is
973 3117 39 23 the
1031 3126 67 16 cause
1115 3119 26 23 of
1155 3119 40 24 her
1207 3129 51 16 now

671 3149 71 31 being
759 3149 121 24 imbedded
896 3151 46 22 five
958 3151 68 22 miles
1044 3151 78 24 inland
1139 3159 62 25 upon
1219 3154 38 23 the

673 3182 54 31 spit.
774 3182 23 23 A
812 3182 77 24 vessel
905 3183 22 23 is
945 3182 71 24 about
1032 3188 23 19 to
1078 3184 28 24 be
1127 3185 131 32 dispatched

672 3215 154 31 immediately
849 3220 23 19 to
898 3215 128 24 endeavour
1048 3220 24 20 to
1099 3225 93 18 recover
1218 3220 38 23 the

672 3248 82 28 vessel,
779 3256 25 15 or
823 3252 24 20 at
863 3248 59 24 least
939 3248 42 24 her
995 3250 89 30 engine,
1106 3251 45 23 and
1173 3252 48 24 also
1233 3257 23 19 to

671 3280 69 31 bring
750 3288 31 24 up
792 3281 39 23 the
842 3281 128 24 remainder
982 3281 25 24 of
1021 3283 38 22 the
1072 3291 59 16 crew
1139 3285 49 23 who
1199 3285 57 24 have

672 3312 57 24 been
741 3313 42 24 left
794 3314 24 23 in
830 3314 93 30 charge.
925 3327 33 5 —
962 3314 103 25 Gazette.

706 3346 183 26 Defaulters.
890 3359 35 5 —
925 3347 51 24 The
987 3347 46 23 last
1045 3348 65 24 week
1121 3349 42 24 has
1174 3350 58 25 been
1244 3359 12 16 a

668 3379 106 29 peculiar
799 3387 43 16 one
865 3384 23 19 to
909 3380 39 23 the
968 3382 144 23 commercial
1134 3383 77 24 circles
1233 3384 24 24 of

672 3410 145 26 Melbourne.
860 3412 45 24 We
922 3413 58 23 have
998 3413 39 23 the
1054 3415 136 30 unpleasant
1201 3417 55 31 duty

672 3443 26 24 of
717 3444 120 32 recording
855 3445 39 23 the
917 3445 96 24 absence

672 3476 26 23 of
702 3476 64 24 three
772 3485 103 23 persons,
880 3478 75 24 whose
963 3478 116 25 liabilities
1084 3488 37 16 are
1129 3482 127 32 quitelarge

672 3509 90 31 enough
770 3514 22 19 to
804 3510 81 23 induce
898 3511 60 24 them
971 3516 23 19 to
1006 3511 59 32 keep
1073 3517 39 19 out
1119 3514 26 23 of
1153 3514 37 23 the
1197 3523 56 23 way.

706 3542 154 24 Important
868 3550 31 16 to
908 3543 151 25 Mariners.
1061 3558 34 4 —
1096 3546 66 31 Capt.
1171 3547 83 31 Lewis,

671 3582 30 15 on
718 3575 37 23 his
773 3575 45 24 late
838 3577 129 30 expedition
986 3581 23 20 to
1028 3577 86 33 King's
1132 3579 87 31 Island,
1231 3582 25 23 in

671 3607 82 24 Bass's
776 3608 92 30 Straits,
887 3609 26 23 in
935 3610 37 23 aid
993 3610 26 23 of
1044 3610 39 24 the
1100 3612 156 31 shipwrecked

670 3648 137 23 passengers
818 3641 47 23 and
880 3649 58 17 crew
957 3643 25 23 of
996 3642 39 24 the
1053 3643 109 31 Isabella,
1181 3646 74 24 disco-

670 3674 69 23 vered
761 3682 14 15 a
795 3681 56 23 very
870 3674 127 31 dangerous
1015 3676 65 29 rock,
1099 3678 79 31 nearly
1196 3680 60 24 level

670 3706 56 24 with
738 3706 38 24 the
788 3714 38 16 sea
838 3711 24 19 at
873 3707 44 24 low
927 3712 78 25 water,
1017 3709 45 23 and
1068 3709 38 24 the
1113 3710 46 24 tide
1170 3712 84 24 break-

670 3739 41 30 ing
722 3747 53 16 over
785 3739 19 24 it
814 3744 24 19 at
849 3740 68 23 times
929 3745 23 18 at
961 3740 58 31 high
1025 3746 76 19 water.
1138 3743 50 25 The
1199 3746 56 23 rock

670 3772 21 22 is
707 3772 98 24 situated
821 3773 26 23 in
866 3773 41 23 lat.
932 3775 45 22 40°
1000 3775 29 23 9
1050 3775 74 30 south,
1144 3784 68 17 seven
1230 3786 25 16 or

670 3805 64 29 eight
743 3806 66 22 miles
828 3806 35 23 off
878 3806 40 23 the
936 3806 108 24 Western
1064 3808 48 23 side
1130 3809 25 23 of
1170 3810 84 32 King's

670 3836 80 24 Island
760 3847 5 19 ;
779 3838 25 23 in
814 3838 75 29 shore,
903 3838 62 24 three
978 3840 83 24 cables'
1079 3841 87 31 length,
1186 3843 67 32 Capt.

670 3869 76 24 Lewis
758 3871 70 23 found
840 3873 11 22 1
857 3874 15 21 3
884 3871 99 25 fathoms
997 3877 69 20 water
1075 3883 6 20 ;
1100 3879 55 19 next
1167 3881 47 19 cast
1225 3885 28 16 no

670 3903 132 30 soundings.
804 3916 34 5 —
838 3904 61 23 Ibid.

282 194 130 22 SYDNEY.

92 231 83 23 Gross
211 237 117 17 outrage
359 237 34 15 on
428 229 125 23 Decency
589 234 53 17 and

58 264 117 23 Morals.
177 276 34 4 —
211 263 44 23 We
269 270 56 22 copy
337 262 38 23 the
386 261 117 31 following
509 260 133 31 particulars

57 297 58 23 from
127 297 38 23 the
185 294 144 25 Australian.
426 297 41 20 not
482 292 160 32 unfrequently

57 329 101 31 happens
179 328 49 23 that
247 327 87 23 several
346 327 25 23 of
386 327 39 23 the
446 327 86 23 officers
545 326 26 22 of
581 326 61 30 regi-

57 366 75 18 ments
153 361 75 23 which
250 360 58 23 have
332 360 80 23 served
441 360 25 22 in
489 358 57 24 New
569 357 73 24 South

56 394 87 29 Wales,
162 398 78 18 return
259 398 23 18 to
305 392 46 24 this
370 396 95 26 country
484 391 45 23 and
550 391 92 23 become

57 426 98 23 settlers.
192 426 26 23 If
226 433 45 23 any
283 425 25 23 of
317 425 38 23 the
367 424 60 25 50th
443 424 91 31 happen
544 427 23 19 to
580 431 62 15 come

56 459 59 23 back
125 459 76 23 hither
212 459 24 22 in
249 458 55 23 such
316 458 110 30 capacity,
438 457 50 23 how
500 464 42 15 can
554 456 53 30 they
613 456 29 23 be

57 492 108 31 expected
180 496 23 18 to
221 491 28 23 be
268 491 94 27 treated,
375 491 58 22 after
452 489 58 24 their
529 490 114 29 improper

58 524 95 23 conduct
163 525 25 22 in
207 524 81 30 giving
305 532 13 14 a
335 523 48 23 ball
402 531 25 15 or
545 529 26 15 as
589 521 55 30 they

57 557 67 23 chose
137 561 21 18 to
172 557 44 22 call
234 557 26 28 it,
273 555 23 24 in
315 555 117 29 barracks,
445 559 23 19 to
480 555 31 23 all
523 555 37 23 the
572 554 70 23 aban-

57 590 73 23 doned
152 597 87 15 women
261 590 24 21 in
308 589 38 23 the
369 593 67 18 town.
484 587 67 24 Good
574 586 52 24 God
636 587 5 23 !

57 623 74 22 where
149 630 46 15 was
214 622 38 22 the
271 621 113 30 authority
404 621 26 23 of
447 620 93 24 Colonel
558 619 84 24 Wode-

56 655 87 29 house;
169 654 74 23 where
266 661 46 16 was
335 654 39 23 the
392 653 149 24 interference
563 652 24 23 of
606 652 36 23 his

58 687 140 31 Excellency
210 687 37 23 Sir
268 687 103 23 Maurice
384 685 146 25 O'Connell?
559 685 25 23 Is
597 685 45 23 this

57 724 127 19 monstious
197 724 93 26 outrage
302 724 23 19 to
346 720 86 29 society
444 723 22 18 to
476 719 28 22 be
515 718 108 23 tolerated
632 718 10 23 ?

57 753 49 23 Are
118 753 37 23 the
167 753 86 30 private
265 752 97 31 feelings
373 752 25 22 of
406 752 79 27 ladies,
496 751 38 23 the
546 752 66 21 wives
621 750 24 24 of

59 786 88 23 officers
159 786 24 22 in
195 786 103 30 garrison
309 790 23 17 to
344 785 30 23 be
384 789 37 18 set
432 788 24 19 at
464 784 89 30 nought
560 784 10 22 ?
601 783 41 28 Or,

58 819 85 28 rather,
155 819 20 22 is
182 823 41 18 not
233 818 64 24 Lord
309 818 53 22 Hill
374 821 21 19 to
403 818 28 22 be
438 817 110 30 instantly
555 816 89 23 written

59 855 30 25 to,
103 851 71 23 under
185 851 39 23 the
235 851 135 31 persuasion
379 851 49 22 that
442 849 38 24 the
493 849 151 24 Commander

59 884 26 22 of
101 884 38 23 the
158 884 84 23 Forces
260 884 46 22 will
322 882 69 23 break
410 891 13 15 a
440 883 113 30 regiment
571 881 73 24 which

58 916 43 23 lias
113 924 25 15 so
150 916 162 31 disgracefully
324 915 126 23 conducted
460 915 79 24 itself?
574 914 71 24 What

61 957 42 16 can
120 950 28 23 be
160 950 73 30 urged
248 950 25 22 in
291 949 147 23 extenuation
455 948 24 23 of
494 948 37 23 the
550 948 93 23 offence.

61 981 76 25 These
148 981 136 25 individuals
296 982 57 22 have
364 981 58 23 been
434 980 173 31 acknowledged
619 988 25 16 as

61 1015 129 30 gentlemen
202 1022 29 15 on
249 1018 95 19 account
356 1014 25 23 of
395 1014 39 23 the
445 1014 75 30 Royal
539 1014 104 23 commis-

62 1049 51 22 sion
127 1047 76 24 which
221 1047 53 31 they
296 1047 70 28 bear;
384 1047 55 30 they
457 1046 57 24 have
529 1047 59 23 been
605 1046 40 23 ad-

59 1080 81 24 mitted
156 1084 24 19 to
199 1080 38 23 the
256 1081 85 29 society
353 1079 26 24 of
395 1087 42 16 our
454 1080 69 22 wives
541 1079 45 23 and
603 1086 41 15 our

63 1113 121 30 daughters
193 1122 7 19 ;
220 1113 51 28 and,
285 1120 24 16 as
321 1120 14 16 a
352 1112 100 31 grateful
468 1116 79 20 return
558 1112 35 23 for
605 1119 40 16 our

61 1145 118 29 kindness,
191 1145 62 31 they,
266 1153 61 23 upon
337 1145 40 23 the
388 1153 40 15 eve
441 1145 25 23 of
481 1145 118 31 departure
610 1145 35 22 for

62 1178 74 29 India,
146 1180 91 22 commit
247 1179 47 22 this
304 1178 82 23 almost
396 1178 103 31 physical
508 1178 123 30 indecency
638 1178 5 22 !

61 1211 47 24 For
120 1211 87 29 shame,
219 1211 89 23 officers
319 1211 26 23 of
353 1211 38 22 the
404 1211 59 23 50th
470 1211 6 23 !
511 1211 26 22 Is
550 1210 45 23 this
607 1211 38 22 th«

61 1252 50 23 way
122 1245 24 22 in
157 1244 74 23 which
240 1252 47 22 you
299 1244 87 23 sustain
398 1244 38 23 the
452 1244 129 30 reputation
593 1243 25 23 of
632 1251 13 15 a

61 1277 138 24 Peninsular
210 1277 112 30 regiment
331 1277 10 23 ?
376 1276 48 24 Are
436 1276 63 24 these
511 1276 39 24 the
564 1283 81 24 peace-

61 1310 35 23 ful
110 1310 85 23 laurels
205 1310 51 23 that
273 1317 46 23 you
330 1317 39 16 are
381 1309 120 24 ambitious
513 1309 24 23 of
553 1308 92 32 gather-

62 1343 57 30 ing?
167 1343 143 30 Coxcombry
332 1341 45 24 and
404 1343 121 30 ignorance
548 1349 38 16 are
606 1346 39 20 not

62 1375 100 24 unusual
178 1376 25 23 in
221 1376 38 23 the
278 1383 71 23 army,
362 1375 44 23 and
424 1383 14 15 a
454 1374 138 32 necessarily
605 1374 40 24 de-

61 1408 83 24 fective
165 1408 119 24 education
305 1408 93 23 renders
425 1407 46 24 this
499 1407 145 32 pardonable.

63 1440 48 25 But
126 1442 116 30 propriety
261 1441 25 23 of
301 1448 107 16 manners
425 1448 35 16 we
478 1440 28 24 do
529 1440 55 24 look
600 1440 44 23 for.

63 1474 40 23 On
113 1475 39 22 the
162 1478 52 27 part
226 1474 24 23 of
265 1474 39 22 the
322 1473 76 32 public
410 1481 34 15 we
454 1474 40 22 fell
512 1474 46 22 this
575 1474 71 22 insult

64 1507 88 31 deeply,
174 1507 45 23 and
237 1506 81 24 should
335 1507 29 22 be
381 1507 54 29 glad
452 1511 22 18 to
492 1507 54 22 hear
563 1506 50 23 that
628 1507 18 22 it

62 1544 72 19 meets
146 1540 56 23 with
216 1547 77 16 severe
307 1540 45 22 and
369 1540 52 22 well
438 1540 96 22 merited
549 1540 96 30 punish-

60 1576 70 20 ment.
167 1570 57 32 [We
242 1580 57 23 copy
313 1572 47 23 this
372 1580 24 15 as
407 1580 35 15 we
454 1573 47 22 fi»d
518 1573 26 29 it,
555 1572 36 23 for
607 1573 40 22 the

63 1613 98 23 purpose
172 1606 26 22 of
212 1606 78 30 giving
308 1604 38 24 the
358 1606 89 22 officers
459 1606 25 22 of
497 1605 39 23 the
548 1605 59 23 50th
618 1613 29 15 an

63 1639 146 29 opportunity
225 1638 25 23 of
259 1638 117 30 explicitly
388 1637 99 31 denying
498 1638 38 23 the
548 1638 82 31 charge
638 1648 6 19 ;

63 1671 45 23 and
118 1671 46 23 this
177 1670 73 24 denial
268 1678 35 16 we
314 1671 60 23 shall
391 1670 29 24 be
431 1671 76 30 happy
518 1675 23 19 to
555 1671 92 30 publish

61 1704 27 22 in
104 1703 39 24 the
160 1707 61 20 most
239 1704 151 30 conspicuous
407 1708 53 27 part
471 1704 25 22 of
511 1712 40 16 our
568 1712 77 23 paper.

63 1736 26 24 If
110 1736 56 23 such
189 1736 93 32 explicit
304 1736 82 26 denial,
414 1736 112 30 however,
551 1736 30 24 be
607 1741 40 19 not

62 1769 101 30 speedily
172 1769 160 31 forthcoming,
344 1776 34 16 we
391 1769 42 23 call
445 1776 59 24 upon
516 1769 38 24 the
565 1778 82 23 proper

63 1802 133 23 authorities
214 1806 23 19 to
258 1802 45 23 call
324 1809 62 24 upon
403 1802 58 23 such
477 1810 26 15 as
520 1810 53 24 may
590 1803 57 24 have

63 1835 59 23 b«en
143 1835 74 30 guilty
235 1839 22 19 to
275 1835 130 23 immediate
425 1839 102 24 account,
541 1837 25 21 in
584 1835 63 24 order

62 1867 51 24 that
123 1867 53 31 they
183 1875 54 23 may
247 1868 29 23 be
287 1868 35 23 for
330 1875 52 16 ever
393 1868 117 30 disgraced
522 1876 24 15 as
560 1870 87 22 officers

63 1901 45 23 and
118 1901 136 30 gentlemen.
292 1900 89 24 Should
398 1901 38 22 the
451 1900 82 31 charge
546 1902 29 22 be
590 1902 56 31 just,

62 1941 34 15 we
115 1941 38 16 are
170 1935 86 22 certain
274 1933 49 24 that
341 1941 59 16 none
420 1933 24 22 of
461 1933 37 24 the
517 1935 73 29 guilty
608 1935 39 22 de-

61 1966 116 31 linquents
188 1966 47 24 will
246 1974 51 16 ever
308 1967 28 23 be
347 1966 123 31 permitted
480 1971 24 19 to
516 1967 65 23 show
589 1967 58 23 their

63 1999 114 31 degraded
198 1999 61 24 faces
282 2001 26 22 in
330 1999 75 24 India.
411 2011 35 4 —
449 1998 63 34 Ed.]
520 2013 35 3 —
557 1999 90 31 Sydney

63 2031 99 22 Herald.

97 2063 51 24 The
159 2063 51 23 first
220 2063 63 31 prize
294 2063 35 25 for
339 2065 93 23 tobacco
452 2071 44 17 was
508 2063 103 25 awarded
623 2068 24 20 to

63 2095 49 24 Mr.
124 2096 88 28 Dixon,
224 2096 77 23 whose
316 2096 85 32 sample
412 2105 46 15 was
476 2096 58 31 fully
546 2097 66 31 equal
624 2102 23 19 to

62 2129 39 23 the
118 2129 52 23 best
186 2129 108 31 Virginia
303 2138 5 19 ;
334 2131 45 22 and
398 2131 38 22 the
456 2129 83 24 second
556 2134 23 19 to
598 2130 47 24 Mr.

63 2162 71 23 Lord.
170 2162 51 23 The
233 2162 53 31 only
297 2162 111 32 objection
427 2167 23 19 to
468 2162 38 24 the
523 2162 124 32 producing

63 2194 47 24 this
120 2194 110 24 lucrative
242 2196 77 22 article
327 2196 25 22 of
357 2203 124 16 commerce
489 2199 22 20 to
519 2203 45 23 any
571 2200 76 19 extent

61 2228 27 22 in
98 2227 38 23 the
149 2227 96 31 Colony,
256 2229 21 22 is
289 2228 49 24 that
348 2229 19 22 it
377 2229 21 22 is
409 2228 61 24 what
481 2229 166 30 agriculturists

63 2260 43 23 call
118 2268 13 15 a
142 2262 123 29 scourging
277 2269 60 23 crop,
346 2261 102 32 speedily
456 2262 136 30 exhausting
604 2262 42 23 and

61 2293 179 31 impoverishing
250 2294 39 23 the
308 2294 54 23 land
380 2302 28 15 on
426 2294 75 23 which
520 2295 19 22 it
557 2302 52 23 may
619 2295 28 23 be

63 2326 129 24 cultivated.
236 2326 68 24 Even
320 2327 38 23 the
377 2328 49 22 rich
442 2327 43 23 soil
497 2327 24 23 of
541 2327 106 31 Virginia

61 2358 42 24 has
115 2359 92 31 already
216 2359 59 24 been
284 2360 113 23 rendered
411 2360 99 23 infertile
524 2360 32 31 by
567 2364 79 20 exten-

62 2392 72 30 sively
144 2392 103 30 growing
257 2392 102 24 todacco.
362 2406 33 4 —
395 2392 64 24 Ibid.

97 2425 61 23 Gas.
161 2437 34 4 —
195 2425 52 23 The
265 2426 50 23 Gas
437 2434 39 15 .ire
493 2426 25 23 in
532 2425 51 24 that
599 2425 46 25 for-

63 2458 62 23 ward
136 2462 58 19 state
212 2458 50 23 that
282 2467 14 15 a
308 2459 42 23 due
369 2458 83 32 supply
470 2458 25 23 of
511 2467 41 23 gas
569 2459 76 24 before

61 2490 41 24 the
118 2491 80 23 winter
217 2495 47 19 sets
275 2493 25 22 in
317 2500 53 23 may
381 2491 29 24 be
429 2492 137 31 confidently
576 2492 69 24 relied

62 2531 30 16 on
100 2532 6 20 ;
125 2523 81 24 indeed
217 2524 63 24 there
292 2525 21 22 is
323 2533 29 15 no
365 2525 71 24 doubt
447 2525 49 23 that
513 2525 31 31 by
556 2525 38 23 the
605 2525 40 24 be-

61 2557 97 31 ginning
177 2557 26 23 of
216 2557 75 31 April,
305 2557 93 32 Sydney
413 2558 47 24 will
477 2558 28 23 be
522 2557 123 32 brilliantly

61 2589 95 30 lighted.
190 2589 46 24 We
247 2590 75 24 would
332 2590 44 24 call
383 2590 38 24 the
430 2592 112 22 attention
549 2591 25 24 of
582 2591 63 24 those

61 2622 51 23 •who
123 2623 80 23 intend
212 2623 100 32 lighting
329 2624 59 23 their
407 2624 70 31 shops
491 2624 55 23 with
564 2631 49 24 gas,
623 2629 22 19 to

60 2655 41 23 the
111 2656 140 31 importance
262 2657 26 22 of
301 2657 59 23 their
370 2657 80 31 giving
462 2657 62 31 early
535 2658 74 23 notice
621 2662 23 19 to

61 2688 40 23 the
114 2688 126 31 Company,
252 2690 24 22 in
288 2690 65 23 order
364 2690 50 23 that
424 2690 40 23 the
483 2690 84 23 service
581 2691 64 30 pipes

61 2728 54 24 may
129 2721 29 24 be
176 2721 47 24 laid
241 2722 63 23 down
323 2723 78 23 before
419 2731 45 23 any
475 2730 42 23 gas
535 2723 20 23 is
567 2723 24 22 in
609 2724 36 23 the

61 2755 63 22 main
141 2755 73 30 pipes,
227 2763 25 15 as
269 2756 20 22 it
299 2760 84 19 cannot
394 2756 129 23 afterwards
541 2756 29 23 be
589 2756 56 24 done

61 2787 95 23 without
179 2795 62 16 some
263 2789 87 29 trifling
374 2789 183 29 inconvenience,
581 2797 64 15 occa-

61 2820 80 23 sioned
151 2820 30 30 by
192 2820 40 24 the
243 2828 40 23 gas
301 2821 151 31 unavoidably
464 2822 107 31 escaping
580 2822 65 24 while

61 2851 41 24 the
111 2854 75 22 mains
195 2861 39 15 are
244 2854 71 30 being
325 2855 89 29 tapped.
416 2867 34 4 —
450 2854 61 24 Ibid.

103 2885 189 26 Earthquake.
293 2898 36 6 —
329 2887 43 24 We
389 2887 59 24 have
464 2888 59 23 been
539 2888 108 23 favoured

61 2918 55 23 ■with
128 2918 39 23 the
181 2918 116 33 following
313 2920 135 31 particulars
464 2922 130 30 respecting
608 2921 37 23 the

62 2951 140 30 earthquake
219 2959 26 16 as
261 2952 42 23 felt
324 2954 25 21 in
370 2952 40 24 the
431 2953 171 31 neigbourhood
624 2954 23 23 of

61 2983 145 24 Parramatta
214 2992 5 15 :
222 2997 34 4 —
257 2985 51 23 One
318 2985 54 30 lady
384 2985 117 24 described
512 2986 38 24 the
558 2985 87 32 pheno-

60 3024 69 15 mena
150 3024 26 16 as
197 3017 123 24 evidenced
340 3018 32 30 by
390 3018 38 24 the
450 3018 94 32 rattling
562 3019 26 23 of
606 3019 39 24 the

61 3049 88 30 glasses
160 3050 45 23 and
216 3051 87 23 vessels
320 3051 24 23 in
356 3051 42 23 her
413 3058 72 22 room,
501 3052 45 23 and
563 3052 32 31 by
607 3051 38 25 the

61 3082 100 31 shaking
180 3083 25 22 of
226 3091 14 15 a
257 3083 122 30 wardrobe,
403 3092 25 16 as
447 3085 50 22 well
515 3092 26 16 as
558 3085 32 31 by
607 3085 38 24 the

59 3116 88 22 motion
158 3116 112 31 imparted
285 3121 25 19 to
325 3117 39 23 the
374 3117 45 23 bed
428 3118 33 30 by
471 3117 38 23 the
520 3118 125 24 tremulous

60 3148 120 29 vibration,
196 3149 75 23 which
287 3149 41 24 she
344 3150 49 23 also
410 3150 122 24 calculates
548 3155 24 19 to
587 3151 58 24 have

60 3180 74 24 lasted
151 3181 68 24 about
235 3182 45 23 five
297 3190 26 15 or
342 3184 37 22 six
397 3183 102 23 seconds.
545 3184 26 23 A
586 3184 59 24 farm

61 3217 91 19 servant
163 3214 26 23 of
202 3214 62 24 John
274 3216 75 27 Betts,
368 3215 69 31 Esq.,
454 3216 25 23 of
493 3215 151 26 Wilberforce

61 3245 104 31 Cottage,
179 3254 29 16 on
216 3247 39 24 the
266 3248 108 24 Pennant
385 3248 65 24 Hills
461 3248 75 29 Road,
552 3257 52 23 says
615 3250 30 24 he

60 3285 48 16 was
123 3279 25 23 in
161 3286 15 16 a
190 3279 105 31 paddock
316 3281 73 23 below
406 3281 40 23 the
467 3281 72 24 house
561 3286 23 19 to
606 3282 39 24 the

60 3311 118 28 eastward,
195 3312 45 23 and
254 3312 42 24 felt
311 3313 38 24 the
367 3314 63 23 earth
444 3314 66 32 jump
525 3323 32 23 up
572 3315 73 24 under

59 3343 38 24 his
108 3344 53 29 feet,
174 3344 44 23 and
229 3345 39 23 the
278 3353 62 17 same
351 3347 55 23 time
419 3347 30 23 he
466 3347 70 23 heard
548 3356 13 15 a
578 3349 66 23 noise

59 3376 50 23 like
119 3377 39 22 the
168 3375 82 33 falling
263 3378 24 23 of
303 3386 14 15 a
334 3384 64 26 great
416 3384 55 24 tree,
488 3380 74 24 which
579 3381 66 24 made

59 3409 51 23 him
119 3409 55 23 look
184 3410 70 23 about
264 3414 23 20 to
299 3416 38 25 get
348 3417 40 19 out
404 3412 23 24 of
444 3413 39 23 the
499 3420 58 24 way.
593 3413 52 25 The

59 3443 56 22 time
132 3442 30 24 he
179 3443 65 27 fixed,
258 3448 22 18 at
292 3445 15 22 8
320 3452 54 16 a.m.
409 3445 35 24 At
456 3445 88 24 Dooral
560 3453 13 16 a
588 3454 56 24 very

58 3475 140 31 respectable
209 3474 85 25 fanusr
311 3476 52 24 tells
379 3485 38 15 me
432 3478 30 23 he
480 3478 42 24 felt
532 3486 15 16 a
558 3479 87 23 sudden

59 3507 122 32 sickening
349 3509 46 24 and
417 3518 13 15 a
452 3512 86 22 motion
560 3512 24 22 in
605 3512 39 23 the

59 3540 73 29 earth,
151 3540 45 24 and
213 3540 51 24 that
280 3541 64 24 there
360 3549 48 16 was
426 3551 15 15 a
457 3544 65 23 noise
539 3544 49 23 like
605 3544 39 24 the

57 3574 88 23 motion
156 3573 26 24 of
197 3581 13 15 a
221 3573 73 31 heavy
306 3578 47 20 cart
365 3576 91 30 coming
470 3576 46 23 fast
527 3577 68 31 along
605 3577 39 24 the

58 3606 57 23 road
123 3615 6 20 ;
149 3606 45 23 and
204 3606 58 29 that,
275 3614 29 15 on
315 3606 95 31 looking
421 3612 23 19 to
456 3616 39 16 see
509 3609 74 24 which
594 3618 51 23 way

58 3640 20 22 it
88 3646 46 16 was
146 3640 99 30 coming,
257 3639 30 23 he
296 3646 48 17 was
358 3641 117 29 surprised
492 3645 23 19 to
527 3650 37 16 see
574 3650 68 17 none.

57 3672 106 23 Another
175 3680 84 22 person
270 3672 72 30 living
352 3672 103 24 between
471 3673 39 24 the
521 3675 89 31 gulleys
621 3680 24 19 at

56 3705 41 23 the
116 3705 60 23 back
194 3705 27 23 of
236 3705 77 23 Castle
332 3704 60 29 Hill,
411 3706 130 24 mentioned
559 3708 85 32 sundry

58 3738 77 23 noises
151 3739 25 22 in
188 3738 38 23 the
243 3738 33 23 air
294 3745 43 16 one
355 3737 45 31 day
410 3737 46 24 last
472 3739 64 23 week
553 3742 92 31 coming

56 3770 61 24 from
144 3770 40 23 the
209 3769 139 31 northward,
376 3770 76 24 which
479 3778 58 17 were
564 3773 80 25 unlike

57 3803 98 23 thunder
167 3810 26 16 or
203 3803 39 23 the
254 3803 69 31 firing
335 3803 25 24 of
368 3811 60 23 guns
437 3813 7 20 ;
457 3804 20 23 it
485 3812 46 15 was
543 3813 14 15 a
562 3810 82 21 matter

57 3836 28 23 of
99 3836 165 23 astonishment
275 3840 23 19 at
309 3836 39 24 the
363 3837 63 23 time.
470 3836 51 24 The
539 3845 61 17 same
619 3847 25 15 or

57 3868 87 24 similar
155 3869 75 23 noises
243 3867 158 33 (represented
413 3877 25 15 as
450 3877 14 15 a
477 3870 108 31 cracking
595 3871 48 24 like

58 3901 116 24 fireworks
191 3902 25 23 in
231 3894 39 31 tie
282 3900 46 31 air)
342 3901 58 24 have
410 3902 60 24 been
480 3904 129 23 mentioned
621 3909 21 19 to

501 50 99 32 THE
619 49 111 32 NEW
746 48 230 33 ZEALAND
994 48 223 32 GAZETTE
1235 48 96 31 AND
1350 45 330 33 WELLINGTON
1703 43 295 34 SPECTATOR.

103 137 222 24 COLONIAL
359 134 236 26 EXTRACTS.

670 141 38 16 me
719 133 31 31 by
761 141 13 14 a
791 132 131 32 gentleman
932 131 51 24 who
994 139 46 16 was
1052 132 90 30 coming
1152 139 31 23 up
1197 130 52 25 from

671 165 92 32 Sydney
780 165 27 23 in
823 165 40 23 the
881 165 140 29 steamboat;
1051 164 55 31 they
1128 172 83 23 appear
1232 168 17 20 to

670 198 57 24 have
738 198 59 23 been
809 205 29 16 on
851 198 38 23 the
901 205 63 16 same
976 197 52 31 day.
1063 197 51 23 The
1131 204 118 24 congrega-

671 232 48 22 tion
727 231 25 23 of
767 231 36 23 St.
821 230 80 24 John's
912 230 101 29 Church,
1031 230 148 28 Parramatta,
1198 237 51 15 were

671 264 116 23 disturbed
797 264 26 22 in
833 263 40 23 the
888 263 107 30 morning
1005 263 86 22 service
1108 270 28 15 on
1153 261 96 31 Sunday,

671 297 52 23 Jan.
737 297 39 28 31,
786 296 33 30 by
831 304 14 15 a
860 303 54 23 very
931 295 170 30 extraordinary
1117 296 73 22 noise.
1232 294 18 24 It

671 329 101 24 sounded
793 329 49 23 like
860 336 14 15 a
894 336 56 22 very
967 329 74 29 heavy
1058 327 87 24 vehicle
1162 327 88 31 rattling

671 370 53 15 over
736 366 76 19 stones
825 362 60 22 close
897 365 23 19 to
932 360 39 24 the
981 360 64 24 walls
1063 360 26 23 of
1108 360 37 23 the
1162 360 87 29 church,

671 395 44 23 and
722 395 30 29 by
757 402 14 16 a
778 393 103 31 singular
888 393 119 31 deception
1015 393 25 24 of
1049 392 79 29 sound,
1138 392 38 24 the
1183 393 67 23 sound

670 435 47 16 was
727 426 100 25 referred
833 431 24 19 to
865 426 38 24 the
908 426 54 23 roof
971 426 25 23 of
1003 426 39 23 the
1051 425 91 24 church.
1182 425 68 31 Many

670 467 94 24 persons
775 459 84 24 looked
870 467 31 24 up
912 459 45 23 and
968 458 46 24 laid
1025 458 66 24 down
1105 458 59 24 their
1179 459 60 23 book
1246 467 3 20 ;

671 493 44 23 and
725 492 117 32 generally
854 492 18 23 it
887 499 46 16 was
951 491 108 24 observed
1074 491 55 24 with
1146 492 104 30 surprise.

671 525 52 23 The
745 525 55 23 door
818 524 85 32 keeper
920 524 89 24 walked
1024 524 65 24 down
1105 524 38 24 the
1160 524 56 24 aisle
1232 528 18 19 to

671 566 39 15 see
720 558 61 23 what
791 565 47 16 was
849 558 70 30 going
931 565 37 16 on.
971 569 32 5 —
1003 556 62 24 Ibid.

705 591 37 30 By
753 590 38 24 the
804 591 83 23 arrival
899 590 24 23 of
932 590 40 23 the
980 590 110 23 schooner
1096 589 91 31 Betsey,
1198 590 53 23 from

671 624 39 23 the
734 623 111 24 Clarence
869 623 80 28 River,
969 630 33 16 we
1024 622 57 23 have
1104 623 102 23 received
1228 630 24 16 an

672 659 95 21 account
785 656 27 23 of
826 664 12 15 a
858 656 58 23 flood
933 656 86 30 having
1039 656 106 22 occurred
1162 656 24 22 in
1208 655 45 23 that

672 689 94 29 district,
790 689 76 23 which
886 689 43 23 has
952 689 57 23 done
1032 696 15 15 a
1067 692 65 27 great
1156 688 50 24 deal
1235 688 19 24 of

672 722 101 30 damage.
800 722 51 23 The
863 725 69 20 water
942 722 24 22 in
979 721 38 23 the
1028 722 71 23 rivers
1112 728 49 16 rose
1173 725 80 27 twenty

671 755 46 23 feet
729 755 72 23 ahove
820 754 60 24 their
898 754 67 24 usual
983 753 65 30 level,
1061 753 44 24 and
1124 754 82 23 caused
1218 755 35 23 the

673 788 108 23 Clarence
800 787 80 29 River,
892 795 56 15 even
967 791 21 19 to
1008 787 39 22 the
1063 788 43 23 bar
1124 791 22 19 to
1164 786 89 25 become

673 821 94 30 entirely
778 820 71 24 fresh.
885 819 81 25 About
984 821 91 28 50,000
1085 819 47 24 feet
1144 819 24 24 of
1183 820 70 29 cedar,

672 853 24 22 in
707 853 50 31 logs
768 860 47 16 was
826 852 84 24 floated
918 852 61 24 from
990 852 40 24 the
1043 854 59 22 river
1113 856 39 19 out
1167 856 23 20 to
1209 861 43 16 sea.

673 886 51 23 The
734 886 52 31 brig
796 885 89 31 Alfred
894 886 45 23 lost
952 886 68 23 about
1039 887 91 27 20,000
1141 885 47 23 feet
1198 886 56 24 from

673 919 124 31 alongside.
844 918 52 24 The
913 918 72 24 whole
1004 919 25 22 of
1045 919 38 22 the
1105 919 72 23 men's
1194 919 59 29 huts,

673 952 53 28 &c,
745 959 30 16 on
793 951 38 23 the
849 952 60 22 river
929 952 64 22 bank
1015 959 59 16 were
1092 951 95 30 entirely
1206 952 48 23 des-

673 985 86 30 troyed,
772 985 39 22 the
823 984 106 30 dwelling
939 983 72 24 house
1023 983 26 24 of
1058 984 48 23 Mr.
1120 983 133 30 M'Kenziej

674 1017 94 31 entirely
786 1017 73 23 under
877 1021 76 24 water,
967 1018 37 22 the
1022 1018 98 22 inmates
1137 1017 86 31 having
1233 1022 21 19 to

673 1050 54 23 take
738 1054 22 19 to
772 1050 39 23 the
830 1054 60 19 trees
908 1050 35 23 for
962 1050 80 30 safety.
1076 1050 81 23 About
1174 1054 81 27 twenty

674 1091 62 15 acres
758 1082 25 24 of
804 1090 55 16 corn
876 1090 57 16 were
952 1082 47 24 also
1018 1083 127 30 destroyed.
1181 1083 73 32 Major

674 1115 114 24 Burrows'
799 1123 51 16 new
861 1115 78 30 house,
953 1115 110 31 although
1072 1116 99 24 situated
1178 1124 30 16 on
1218 1117 36 23 the

673 1152 39 28 top
734 1149 24 22 of
773 1157 15 14 a
804 1148 50 30 hill,
875 1148 45 23 had
938 1152 44 20 two
999 1148 48 24 feet
1064 1148 25 24 of
1104 1153 68 20 water
1190 1150 24 22 in
1229 1150 24 23 it.

675 1181 51 24 One
737 1189 53 16 man
800 1181 53 31 only
860 1189 45 15 was
913 1181 113 30 drowned,
1035 1181 108 31 although
1150 1182 104 24 numbers

673 1214 46 23 had
735 1222 55 23 very
801 1221 88 16 narrow
908 1222 101 23 escapes.
1051 1214 51 24 The
1119 1215 51 31 brig
1187 1216 68 30 being

673 1247 59 23 built
752 1248 25 22 in
799 1247 39 23 the
859 1247 57 30 yard
932 1247 26 23 of
976 1247 48 24 Mr.
1044 1247 107 32 Phillips,
1169 1256 46 15 was
1233 1249 22 22 in

674 1287 69 17 seven
753 1280 45 23 feet
816 1284 69 19 water
903 1288 29 15 on
950 1280 39 23 the
1007 1280 78 23 stocks
1094 1290 6 20 ;
1113 1280 51 24 -.the
1182 1281 73 23 work-

674 1320 53 16 men
751 1313 46 23 had
816 1317 24 19 to
863 1313 54 23 take
939 1313 79 30 refuge
1033 1313 26 23 in
1074 1313 50 29 her,
1143 1313 38 24 the
1198 1313 58 24 flood

675 1347 104 30 carrying
797 1354 62 23 away
872 1346 30 23 all
918 1346 79 23 before
1012 1347 26 27 it,
1051 1347 45 22 and
1114 1347 20 22 it
1152 1354 46 16 was
1217 1355 39 15 ex-

673 1379 80 31 pected
763 1378 50 24 that
824 1379 39 23 the
882 1379 76 23 vessel
974 1379 75 23 would
1066 1380 58 23 have
1134 1380 82 23 floated
1228 1380 29 23 off

675 1412 38 23 the
725 1411 86 25 stocks.
848 1411 51 24 The
914 1412 110 23 schooner
1042 1410 68 33 Sally
1120 1412 59 28 frojn
1198 1413 58 31 Syd-

675 1452 50 23 ney,
744 1445 46 23 had
810 1445 95 28 arrived,
918 1445 42 23 but
979 1445 66 23 could
1062 1450 39 18 not
1115 1450 38 25 get
1170 1454 30 23 up
1220 1446 37 23 the

674 1478 60 23 river
755 1478 35 23 for
807 1478 40 23 the
870 1477 70 24 fresh.
984 1477 51 24 The
1058 1477 81 31 Betsey
1162 1478 45 24 lost
1230 1486 27 16 an

675 1510 90 30 anchor,
778 1510 41 23 but
831 1510 39 24 the
882 1510 63 24 other
962 1510 75 24 vessel
1056 1511 65 31 lying
1132 1511 62 23 there
1206 1519 50 16 sus-

675 1543 76 23 tained
762 1551 28 16 no
802 1544 56 23 loss.
860 1556 34 3 —
894 1543 112 24 Monitor.

1989 127 119 18 Thomas
2122 127 56 17 and
2192 127 111 18 Samuel
2318 127 77 18 Cook

1893 158 94 49 BEG
1996 160 24 19 to
2028 157 84 22 inform
2122 157 39 22 the
2169 157 83 27 public,
2263 156 50 22 that
2327 157 83 27 having
2424 165 60 16 com-

1969 184 79 28 pleted
2064 183 58 22 their
2145 183 115 22 extensive
2280 183 204 24 weather-boarded

1894 211 70 27 Store,
1976 211 55 27 they
2039 210 59 21 have
2115 217 68 20 every
2198 210 152 21 convenience
2366 209 36 22 for
2416 217 68 16 ware-

1893 237 99 27 housing
2000 237 77 27 goods,
2087 240 23 18 at
2120 244 15 14 a
2142 243 55 20 very
2207 235 115 22 moderate
2333 235 87 28 charge.

1969 281 41 20 To
2025 281 186 20 Landowners
2227 280 55 21 and
2297 280 115 26 Agents.

1893 313 180 49 WANTED
2088 313 31 28 by
2129 313 38 22 the
2184 312 66 22 Land
2264 312 148 27 Association,
2427 315 57 21 town

1980 346 61 15 acres
2051 340 24 21 in
2086 339 130 22 favourable
2228 339 122 26 situations,
2362 339 46 21 and
2418 342 66 20 terms

1894 365 20 23 if
1921 365 132 23 reasonable
2063 365 46 22 will
2117 369 61 19 meet
2186 365 130 23 immediate
2335 365 116 23 attention.

2004 392 29 22 R.
2043 392 77 27 Davis,

2004 419 30 21 G.
2051 419 71 26 Scott,
2192 419 13 29 y
2222 418 113 22 Trustees.

2004 445 36 22 W.
2047 445 30 21 A.
2088 445 92 26 Cooper.
2186 440 11 31 J

1884 475 2 26 |
2094 471 36 22 W.
2141 472 31 21 H.
2183 473 148 25 Bottomley,
2340 471 120 27 Secretary.

1895 515 92 49 FOR
2006 515 84 26 SALE,
2112 522 13 14 a
2143 515 65 22 small
2227 515 104 27 quantity
2347 516 26 21 of
2390 516 94 26 superior

1969 542 78 22 SEED
2062 541 124 23 WHEAT.
2216 542 79 27 Apply
2309 545 24 19 to
2349 542 45 22 Mr.
2409 541 75 23 James

1895 569 70 26 Watt,
1974 568 147 27 Wellington.

2079 613 81 21 Bank
2175 613 132 25 Cheques.

1897 646 72 48 ON
1981 645 80 23 SALE
2071 649 23 19 at
2104 646 38 22 the
2160 645 63 23 office
2240 645 26 23 of
2279 645 43 23 this
2332 652 74 21 paper.
2436 645 45 22 Ga-

1961 675 60 19 zette
2032 672 70 23 office,
2115 672 66 23 April
2189 675 20 20 9,
2221 673 61 21 1841.

1373 129 92 22 Union
1480 129 80 21 Bank
1574 129 31 21 of
1622 127 149 23 Australia.

1277 163 96 21 London
1390 163 95 26 Office,
1501 161 45 23 No.
1560 163 36 26 33,
1614 162 51 21 Old
1680 160 185 22 Broad-street.

1331 195 94 28 Capital,
1434 195 125 27 £500,000;
1579 195 54 27 paid
1640 202 39 20 up,
1693 194 118 26 £300,000.

1512 231 111 13 DIRECTORS
1628 233 5 11 :

1382 256 69 20 George
1458 255 41 17 Fife
1505 256 68 20 Angas,
1580 255 50 21 Esq.,

1381 277 69 16 Robert
1457 276 76 20 Brooks,
1543 276 49 20 Esq.,

1381 297 61 16 James
1451 297 50 16 John
1508 297 100 19 Cummins,
1617 296 49 20 Esq.,

1381 317 69 17 Robert
1457 317 98 19 Gardener,
1567 317 49 20 Esq.,
1628 315 121 21 Manchester,

1382 338 48 17 John
1437 338 49 16 Gore
1502 338 49 20 Esq.,

1381 358 49 17 John
1437 358 82 17 William
1526 358 75 18 Buckle,
1607 358 49 20 Esq.,

1381 379 98 20 Benjamin
1486 379 22 16 E.
1514 379 64 19 Lindo,
1586 378 49 20 Esq.,

1383 400 72 16 Charles
1464 400 77 16 Edward
1548 399 89 20 Mangles,
1646 399 47 20 Esq.,

1381 420 118 20 Christopher
1507 420 82 19 Rawson,
1598 420 49 20 Esq.,
1659 419 81 19 Halifax,

1382 441 79 16 Thomas
1468 440 65 19 Sands,
1541 440 48 21 Esq.,
1597 439 101 22 Liverpool,

1381 461 62 17 James
1451 461 57 20 Bogle
1515 461 65 19 Smith,
1585 461 50 20 Esq.,

1381 482 62 16 James
1451 482 81 16 Ruddcll
1539 482 55 19 Todd,
1603 482 43 20 Esq.

1276 508 86 17 Trustees
1367 513 4 12 :
1388 508 82 17 George
1482 509 57 16 Carr
1550 508 61 19 Gltk,
1624 508 48 21 Esq.,
1682 508 54 17 John
1747 507 61 20 Gore,
1817 506 50 21 Esq.,

1424 530 37 16 and
1468 529 67 17 James
1542 529 18 17 J.
1567 529 100 19 Cummins,
1677 529 43 20 Esq.

1305 556 81 17 Bankers
1391 561 5 11 :
1408 557 76 16 Messrs.
1491 557 62 19 Glyn,
1565 557 114 18 Hallifax,
1687 555 71 19 Mills,
1766 554 36 17 and
1809 554 30 17 Co.

1397 585 103 19 Secretary:
1512 584 83 16 Samuel
1601 584 95 19 Jackson,
1704 583 43 20 Esq.

1368 611 81 17 Colonial
1456 611 94 21 Inspector
1555 616 5 12 :
1573 611 16 17 J.
1597 611 19 16 C.
1623 611 104 19 M'Laren,
1734 610 44 21 Esq.

1400 659 69 20 New
1488 659 124 21 Zealand
1631 658 114 21 Branch.

1277 692 54 17 Local
1338 691 91 17 Directors
1435 696 4 12 :
1455 691 49 17 Geo.
1515 692 18 16 S.
1544 692 74 19 Evans,
1631 692 48 20 Esq.,
1691 691 70 20 D.C.L.,
1773 691 36 16 and
1821 689 46 17 Geo.

1501 712 91 20 Hunter,
1604 713 43 20 Esq.

1277 740 96 20 Manager:
1386 739 49 17 John
1441 739 74 20 Smith,
1522 740 51 20 Esq.,
1580 739 38 17 late
1625 739 21 17 of
1654 739 30 17 the
1693 738 116 18 Commercial
1815 738 54 17 Bank

1446 760 21 16 of
1476 760 90 21 England,
1578 760 122 17 Manchester.

1387 787 116 22 Branches
1513 790 25 19 at
1553 788 98 27 Sydney,

1553 814 91 22 llobart
1651 814 76 27 Town,

1553 840 150 27 I<aunceston,
1715 840 46 22 and

1553 866 55 23 Tort
1617 867 81 27 Philip.

1278 894 54 23 Port
1340 894 132 27 Nicholson,
1484 893 81 22 March
1575 894 34 26 24,
1621 895 61 20 1840.

1279 947 91 48 THE
1386 947 117 22 Directors
1519 946 27 22 of
1560 946 40 23 the
1617 946 57 23 New
1690 945 101 23 Zealand
1804 946 66 22 Land

1353 974 117 28 Company
1485 974 86 26 hereby
1586 973 52 28 give
1654 973 82 26 notice,
1753 973 49 21 that
1816 973 54 27 they

1277 1000 58 23 have
1342 1008 113 15 effected
1465 1008 33 14 an
1508 1007 172 16 arrangement
1688 1000 53 21 with
1748 1000 38 21 the
1794 1000 75 21 Union

1277 1028 66 21 Bank
1357 1028 26 21 of
1398 1027 122 27 Australia,
1538 1027 44 22 No.
1599 1028 35 26 38,
1649 1027 44 22 Old
1709 1026 159 27 Broad-street,

1278 1054 102 26 London,
1390 1054 36 22 for
1434 1054 39 21 the
1487 1054 170 22 establishment
1670 1053 26 22 of
1709 1061 13 14 a
1739 1053 130 22 BRANCH

1278 1080 89 22 BANK
1381 1080 35 22 IN
1430 1080 75 22 NEW
1519 1080 158 28 ZEALAND,
1691 1080 97 27 through
1797 1080 73 21 which

1278 1106 37 23 the
1324 1108 102 21 business
1439 1108 27 20 of
1479 1106 39 23 the
1534 1107 58 22 New
1608 1106 101 23 Zealand
1722 1106 66 22 Land
1804 1107 66 21 Com-

1278 1140 61 21 pany
1346 1134 46 21 will
1399 1134 30 21 be
1438 1133 137 22 transacted.
1602 1133 50 22 The
1667 1133 114 22 Directors
1797 1133 73 22 there-

1278 1162 46 19 fore
1334 1160 146 21 recommend
1489 1164 23 18 to
1529 1160 112 22 Colonists
1657 1160 37 21 the
1711 1160 77 21 Union
1804 1160 66 21 Bank

1279 1186 25 22 of
1322 1186 114 22 Australia
1454 1193 25 15 as
1498 1194 28 14 an
1553 1186 169 22 establishment
1744 1186 126 28 possessing

1278 1213 58 22 their
1352 1213 69 22 entire
1445 1213 139 27 confidence,
1604 1213 47 21 and
1669 1213 49 22 able
1737 1216 23 17 to
1778 1213 92 26 provide

1279 1239 125 28 effectually
1420 1239 33 22 for
1470 1239 39 22 the
1523 1239 107 22 financial
1645 1242 70 19 wants
1733 1240 24 20 of
1768 1239 37 22 the
1821 1239 50 22 first

1279 1267 134 21 settlement.

1446 1299 36 27 By
1493 1299 65 21 order
1567 1299 27 21 of
1604 1299 39 21 the
1653 1299 80 27 Board,

1525 1333 85 22 JOHN
1625 1333 104 27 WARD,
1746 1333 122 28 Secretary.

1279 1370 57 22 New
1345 1369 100 23 Zealand
1453 1370 67 22 Land
1530 1370 137 27 Company's
1677 1370 77 27 Office,

1305 1399 20 22 1,
1337 1397 161 26 Adam-street,
1510 1396 104 28 Adelphi,
1625 1397 54 22 27th
1687 1397 69 26 Aug.,
1767 1399 61 19 1839.

1493 1441 164 21 Education.

1281 1477 105 48 MRS.
1408 1477 45 22 and
1472 1477 73 22 MISS
1569 1477 191 22 WAKEFIELD
1783 1478 87 22 receive

1371 1504 73 27 pupils
1453 1511 30 15 on
1494 1504 37 22 the
1542 1503 116 28 following
1667 1507 68 19 terms
1741 1512 4 13 :
1747 1515 29 4 —

1306 1537 45 22 For
1369 1536 76 28 board,
1465 1537 55 22 with
1538 1537 102 27 washing
1655 1536 45 23 and
1714 1538 34 21 in-

1334 1564 108 21 struction
1446 1564 24 21 in
1475 1564 94 26 general
1575 1563 93 27 English
1674 1564 74 21 litera-

1333 1593 57 23 ture,
1406 1591 97 26 writing,
1518 1590 44 22 and
1576 1590 116 27 aritmetic,
1708 1597 41 21 per

1334 1620 91 24 quarter
1748 1619 13 20 8
1789 1619 13 20 8
1829 1619 13 20 0

1306 1643 78 22 Under
1393 1644 13 21 7
1415 1651 65 19 years
1491 1644 27 21 of
1529 1651 40 19 age
1748 1644 13 21 7
1789 1644 13 22 7
1829 1646 13 19 0

1306 1670 53 26 Day
1369 1670 104 22 boarders
1748 1672 14 20 4
1788 1672 15 20 4
1829 1673 13 19 0

1308 1697 51 26 Day
1368 1697 72 27 pupils
1748 1698 13 19 2
1788 1698 14 20 2
1829 1699 13 20 0

1306 1723 81 22 Junior
1397 1723 56 22 ditto
1750 1725 9 20 1
1776 1725 25 20 11
1829 1726 13 19 6

1280 1756 95 27 French,
1390 1755 90 28 Italian,
1497 1756 44 22 and
1557 1757 114 26 Drawing,
1682 1756 31 22 £1
1730 1758 44 21 11s.
1785 1757 35 22 Cd.
1830 1764 39 20 per

1526 1787 97 23 quarter.

1307 1815 88 22 Private
1405 1816 86 21 lessons
1501 1816 23 21 in
1536 1816 76 26 music,
1626 1823 25 15 or
1661 1823 44 20 any
1715 1816 27 22 of
1752 1816 37 22 the
1799 1817 69 22 above

1280 1842 108 23 branches
1399 1843 26 21 of
1437 1842 126 27 education,
1580 1850 43 14 one
1638 1842 75 23 hour's
1728 1844 139 26 instruction,

1280 1870 49 21 four
1337 1869 86 22 lessons
1440 1869 36 21 for
1486 1876 45 14 one
1540 1869 90 27 guinea.

1307 1902 135 22 References
1451 1905 22 19 to
1484 1902 39 22 the
1532 1903 115 27 following
1653 1903 128 27 gentlemen
1790 1903 79 28 kindly

1279 1929 120 26 permitted
1407 1936 4 14 :
1413 1940 29 4 —

1307 1962 63 27 Capt.
1380 1962 35 21 W.
1427 1962 33 22 M.
1472 1962 80 28 Smith,
1564 1963 67 27 R.A.,
1640 1964 227 27 Surveyor-General,

1307 1989 25 20 T.
1347 1989 29 21 M.
1388 1989 124 27 Partridge,
1526 1990 52 26 Esq.

1308 2016 21 20 S.
1340 2015 98 26 Revans,
1449 2016 54 26 Esq.

1280 2057 118 48 BILLS
1414 2058 39 21 OF
1467 2058 128 22 LADING
1609 2065 30 15 on
1655 2060 45 21 sale
1717 2063 24 18 at
1751 2059 37 22 the
1799 2060 18 21 O
1825 2060 43 22 See

1359 2085 25 20 of
1394 2084 44 22 this
1447 2092 95 22 paper^

1465 2133 119 20 General
1598 2133 86 21 Store.

1281 2164 92 49 MR.
1386 2165 147 22 TELFORD
1546 2166 85 27 having
1644 2167 101 27 recently
1756 2167 65 22 made
1831 2175 37 14 ex-

1372 2193 86 20 tensive
1473 2192 129 28 purchases,
1621 2194 54 26 begs
1686 2197 21 18 to
1717 2201 118 15 announce
1846 2197 22 19 to

1280 2218 33 21 his
1322 2218 86 21 friends
1417 2218 49 22 that
1474 2218 30 23 lie
1514 2219 41 22 has
1565 2227 30 14 on
1605 2220 54 26 sale,

1307 2244 186 23 HARDWARE
1509 2246 26 21 of
1545 2246 38 21 the
1593 2247 49 21 first
1651 2246 91 28 quality,
1754 2247 115 29 including

1280 2279 14 14 a
1302 2275 63 22 great
1371 2272 87 26 variety
1467 2272 26 21 of
1505 2273 64 22 nails.

1306 2298 104 21 FLOUR
1420 2299 26 21 of
1456 2298 50 23 first
1515 2300 45 21 and
1570 2300 85 21 second
1665 2300 92 28 quality.

1307 2325 182 22 GROCERIES.
1491 2338 32 4 —
1524 2326 52 27 Tea,
1592 2334 83 19 sugars,
1694 2328 75 26 cofiee,
1787 2328 80 26 butter,

1279 2358 60 20 soap,
1352 2351 97 27 candles,
1459 2353 55 26 rice,
1529 2360 66 20 curry
1611 2354 97 26 powder,
1724 2354 87 28 pickles
1825 2356 43 20 and

1280 2385 82 19 sauces,
1374 2378 110 27 spiceries,
1497 2380 41 21 &c.

1305 2404 101 22 WINES
1420 2405 68 22 AND
1499 2406 159 22 SPlßlTS.—
1658 2407 92 22 Besides
1759 2408 38 21 the
1806 2408 63 22 usual

1280 2432 79 26 supply
1369 2431 25 22 of
1404 2432 68 21 wines
1482 2432 47 21 and
1539 2433 81 27 spirits,
1634 2434 62 21 there
1706 2434 18 21 is
1734 2441 15 14 a
1757 2435 111 21 consider-

1280 2455 48 24 able
1334 2458 103 28 quantity
1441 2458 25 21 of
1475 2459 90 22 Scotch
1573 2460 114 22 Whiskey
1694 2468 6 20 ;
1712 2460 46 22 and
1764 2469 13 14 a
1782 2461 87 22 limited

1280 2484 102 29 quantity
1391 2486 26 21 of
1427 2485 119 22 Colonial
1556 2486 124 23 Whiskey.

1305 2511 97 22 BOOTS
1416 2512 69 21 AND
1501 2513 212 22 SHOES.--There
1722 2514 41 21 has
1770 2515 57 22 been
1834 2522 35 15 re-

1280 2538 77 21 ceived
1375 2545 13 14 a
1406 2539 105 27 quantity
1533 2540 26 21 of
1579 2539 140 28 Wellington
1741 2541 65 22 boots
1824 2542 44 21 and

1280 2564 112 23 Warren's
1398 2565 115 27 blacking.

1305 2591 170 22 BLANKETS.
1477 2604 33 4 —
1512 2592 69 22 Fresh
1597 2593 92 22 arrivals
1705 2593 57 22 have
1773 2601 63 16 come
1846 2597 22 20 to

1280 2617 59 22 hand
1347 2618 25 21 in
1382 2620 38 20 8-4
1429 2619 45 21 and
1484 2620 59 26 11-4,
1562 2619 25 22 of
1600 2620 90 22 various
1705 2620 103 28 qualities
1824 2622 44 21 and

1280 2645 76 27 prices.

1305 2671 301 23 HABERDASHERY.—
1606 2672 73 23 There
1694 2673 19 22 is
1728 2681 14 14 a
1752 2674 68 22 select
1828 2674 41 22 but

1280 2698 84 21 limited
1390 2699 103 27 quantity
1517 2706 30 14 on
1571 2699 70 27 hand,
1664 2700 117 28 including
1799 2704 68 25 tapes,

1282 2724 93 27 threads,
1386 2721 67 26 black
1463 2725 47 22 and
1524 2726 106 21 coloured
1644 2734 87 14 sewing
1747 2735 62 14 silks
1825 2728 44 22 and

1282 2752 60 26 twist,
1366 2752 94 26 darning
1479 2755 85 24 cotton,
1581 2752 100 27 needles,
1700 2754 82 26 combs,
1804 2754 65 23 India

1281 2778 39 21 silk
1327 2778 46 21 and
1380 2781 76 18 cotton
1463 2778 182 28 handkerchiefs,
1653 2779 85 27 braces,
1747 2780 39 22 &c.

1304 2804 156 22 DRAPERY.
1461 2817 32 4 —
1494 2805 77 22 White
1590 2809 78 18 cotton
1689 2806 102 28 shirting,
1811 2811 59 18 stout

1281 2831 138 22 unbleached
1432 2835 85 24 cotton,
1531 2832 61 22 40in.
1606 2832 65 27 wide,
1688 2836 77 19 cotton
1779 2834 88 28 checks,

1282 2857 51 22 dark
1343 2858 77 27 prints,
1433 2858 40 22 &c.
1484 2859 42 21 &c.

1306 2883 53 22 OIL
1381 2884 67 22 AND
1472 2885 146 22 LAMPS.—
1618 2884 56 23 This
1689 2886 69 23 latter
1774 2887 42 22 has
1834 2895 34 14 re-

1282 2911 74 21 ceived
1366 2918 28 15 an
1403 2911 101 22 increase
1515 2912 26 21 of
1551 2912 38 21 the
1599 2913 49 21 best
1663 2913 85 27 quality
1764 2914 50 22 that
1828 2914 40 23 has

1282 2940 34 25 yet
1324 2938 59 21 been
1393 2938 83 21 offered
1484 2938 27 22 in
1521 2938 38 22 the
1570 2939 95 27 Colony.

1305 2964 71 22 There
1386 2964 41 22 has
1436 2965 46 22 also
1494 2973 65 14 come
1568 2968 24 19 to
1611 2965 63 22 hand
1690 2974 13 14 a
1718 2966 66 23 small
1796 2967 34 22 lot
1846 2968 25 21 of

1282 2993 61 19 straw
1362 2991 57 25 hats,
1444 2991 48 22 sou'
1518 2995 96 25 westers,
1639 2993 81 22 Scotch
1739 3001 59 20 caps,
1818 3001 49 15 um-

1282 3017 84 26 brellas,
1377 3018 40 21 &c.

1283 3062 34 20 To
1338 3062 47 21 the
1405 3062 171 26 Merchants,
1598 3064 197 26 Ship-owners,
1813 3066 54 20 and

1373 3089 93 20 others
1486 3090 33 19 of
1531 3090 66 21 Port
1611 3090 160 22 Nicholson.

1284 3121 154 47 MESSRS.
1460 3121 103 23 PRATT
1582 3122 45 22 and
1646 3123 110 22 BEVAN
1776 3124 44 27 beg
1832 3132 35 15 re-

1370 3147 117 28 spectfully
1516 3152 24 18 to
1562 3149 84 22 inform
1670 3149 38 23 the
1731 3151 134 27 merchants,

1282 3174 148 27 ship-owners,
1449 3175 45 21 and
1512 3175 82 27 others,
1610 3175 51 23 that
1672 3176 55 28 they
1743 3177 58 22 have
1816 3185 49 15 now

1283 3201 140 21 commenced
1440 3201 37 22 the
1498 3202 158 22 manufacture
1680 3203 26 22 of
1720 3211 60 20 rope,
1801 3204 62 26 lines,

1283 3227 60 22 twine
1357 3227 28 21 of
1391 3227 30 22 all
1435 3227 157 28 descriptions,
1604 3232 59 20 mats
1677 3231 26 20 of
1716 3230 31 22 all
1762 3231 63 27 sizes,
1837 3231 28 21 oil

1283 3253 71 27 cloths,
1374 3254 40 22 &c.
1423 3262 5 18 ;
1444 3254 85 27 fishing
1543 3259 51 18 nets
1610 3256 67 22 made
1693 3257 45 22 and
1756 3258 107 27 repaired,

1283 3280 39 22 and
1338 3287 68 20 every
1416 3278 136 30 description
1572 3282 26 21 of
1614 3283 78 21 article
1707 3283 23 21 in
1747 3283 38 22 the
1795 3284 70 22 above

1282 3306 47 27 line,
1346 3307 30 21 all
1392 3307 57 22 from
1465 3307 59 22 New
1537 3308 101 22 Zealand
1655 3309 52 28 flax,
1724 3311 46 21 and
1784 3318 30 14 on
1828 3311 37 22 the

1282 3336 52 19 most
1342 3333 131 23 reasonable
1483 3334 102 27 charges.
1613 3335 78 28 Apply
1700 3339 23 19 to

1494 3368 94 22 Messrs.
1604 3368 79 23 Pratt
1698 3370 45 22 and
1757 3370 87 28 Bevan,

1282 3400 37 22 No.
1336 3401 20 26 1,
1381 3400 234 29 Molesworth-street,
1642 3403 146 28 Wellington,
1813 3405 53 21 Port

1505 3427 132 24 Nicholson.

1282 3472 33 20 To
1333 3471 163 21 Gentlemen
1515 3473 87 27 going
1616 3475 29 20 to
1661 3475 156 27 Wanganui
1835 3482 29 15 or

1498 3499 47 20 the
1559 3500 81 21 Bush.

1282 3530 84 49 FOR
1380 3530 85 28 SALE,
1480 3534 24 18 at
1523 3531 37 22 the
1581 3532 75 23 Stores
1675 3535 26 21 of
1720 3534 39 22 the
1777 3535 88 22 Under-

1349 3557 84 27 signed,
1446 3565 13 14 a
1468 3557 63 27 large
1547 3559 104 28 quantity
1667 3561 27 20 of
1704 3560 53 27 first,
1774 3561 89 27 second,

1282 3584 39 21 and
1344 3583 61 22 third
1428 3584 86 27 quality
1533 3584 88 28 biscuit,
1641 3587 126 22 warranted
1792 3588 72 27 newly

1281 3610 74 27 baked,
1367 3610 45 22 and
1421 3613 24 19 at
1453 3612 116 21 moderate
1579 3612 80 26 prices.

1303 3643 54 27 Any
1366 3643 129 27 gentleman
1506 3651 43 15 can
1559 3644 58 23 have
1627 3645 35 22 his
1672 3653 48 15 own
1729 3646 58 22 flour
1792 3646 73 23 baked

1281 3670 42 22 into
1332 3670 87 27 biscuit,
1430 3669 21 22 if
1460 3671 113 26 required.

1544 3704 145 24 Archabald
1700 3706 137 23 Anderson.

1303 3736 146 28 Wellington,
1460 3737 83 22 March
1553 3739 33 25 18,
1596 3739 61 21 1841.

1281 3782 67 48 EX
1362 3781 40 22 the
1411 3783 74 25 Bailey
1491 3790 7 12 :
1499 3793 30 5 —
1529 3782 53 22 Two
1592 3789 62 16 cases
1664 3784 98 22 metallic
1773 3785 92 23 window

1353 3808 82 28 sashes,
1446 3809 83 27 glazed
1534 3817 6 19 j
1557 3809 94 22 suitable
1661 3810 36 22 for
1706 3814 105 24 cottages.

1418 3842 127 27 Wallace,
1556 3842 92 27 White,
1661 3843 44 22 and
1714 3843 125 24 Wallace.

1273 3887 75 31 ,{\N
1362 3887 86 26 SALE,
1463 3890 24 19 at
1496 3887 45 22 this
1551 3887 79 28 Office,
1641 3888 49 22 files
1699 3888 26 23 of
1735 3889 39 22 the
1811 3890 55 23 New

1266 3918 12 22 j»
1282 3910 41 25 VJ
1353 3913 100 23 Zealand
