3360 6190
105 207 100 32 world
255 207 79 32 with
393 208 171 43 becoming
618 211 127 42 gravity
795 213 63 31 and

105 260 435 46 solemnity.—(Laughter).
587 265 51 34 He
649 277 66 23 was
725 272 55 28 not
788 278 71 22 sure

105 318 57 33 but
179 319 23 31 it
218 320 104 32 wouM
335 320 36 32 bo
383 332 17 20 a
413 321 103 32 useful
530 322 95 44 thing
637 324 48 33 for
698 325 162 33 members

106 376 30 33 oi
157 374 193 46 Presbytery
367 381 31 29 to
415 377 131 43 indulge
564 380 30 31 in
615 380 143 44 tripping
774 381 86 33 what

106 445 66 22 wafi
188 432 102 36 called
306 434 54 35 the
379 434 82 45 light
478 435 152 37 fantastic
649 445 61 27 toe.
758 440 103 41 (Loud

108 491 188 42 Laughter).
343 493 97 33 Some
459 494 32 32 of
502 495 88 32 them
609 498 73 31 who
697 498 62 31 had
777 498 84 43 largo

106 548 144 44 stipends
266 549 63 34 and
342 552 234 44 consequently
596 552 105 40 heavy
718 566 126 32 corpora-

107 607 96 39 tions,
221 607 105 42 might
343 615 55 25 not
417 611 35 30 be
469 609 70 33 able
558 616 32 26 to
606 611 123 32 exhibit
746 612 41 32 all
807 613 53 31 the

110 663 142 32 beauties
284 665 34 31 of
349 666 123 32 motion
478 667 184 41 —(Laught
684 674 24 31 r)
714 668 98 33 —but
843 669 16 31 it

110 719 106 43 might
232 719 37 34 be
286 720 104 35 better
407 721 47 34 for
470 722 89 34 them
577 724 80 32 than
675 725 146 41 snaring
832 734 26 25 ai

110 777 78 32 each
226 777 93 34 other
349 790 35 21 as
414 780 77 42 they
523 792 88 21 some
628 782 9 31 i
656 795 53 19 uos
740 783 54 32 did
833 795 27 19 at

112 832 193 43 Presbytery
327 835 170 43 meetings.
543 838 30 30 It
602 849 31 20 m
649 839 58 40 glit
738 840 66 30 also
828 841 37 30 be

111 888 72 34 able
200 896 31 26 to
249 889 94 33 make
362 891 87 33 them
461 893 116 42 preach
592 905 86 21 more
694 895 171 42 humanly,

113 945 64 33 and
200 945 134 45 develop
363 948 33 32 in
421 948 163 33 ministers
609 950 68 31 that
703 950 162 44 brotherly

113 1002 71 33 love
200 1003 106 32 which
325 1004 77 44 they
418 1006 158 42 preached
594 1006 97 33 about
710 1018 33 21 so
758 1008 108 38 much,

115 1058 57 34 but
202 1059 104 34 which
334 1060 55 41 all,
422 1061 74 34 both
525 1063 99 43 priest
649 1063 63 33 and
743 1063 123 44 people,

114 1117 99 32 found
230 1129 34 20 so
281 1118 137 32 difficult
435 1125 31 25 to
483 1121 148 40 practice.
640 1122 225 40 —(Applause)

116 1173 59 33 Let
207 1173 87 35 them
321 1176 69 42 just
419 1176 141 42 imagine
590 1176 85 33 their
705 1177 162 43 respected

113 1230 122 33 friends
259 1232 122 42 George
399 1233 166 37 Gulfillan,
588 1234 63 31 and
671 1235 44 31 Dr
739 1235 128 37 Peddie,

113 1296 38 23 or
158 1286 85 33 their
251 1298 90 23 more
352 1289 125 33 modest
490 1290 117 32 friends
623 1291 50 31 Mr
686 1291 181 42 Macaulay.

114 1342 67 33 and
203 1343 165 35 Professor
390 1345 181 34 Kobertsou
593 1347 118 40 Smith,
736 1359 34 21 or
793 1347 55 33 Fer-

114 1409 103 33 guson
233 1400 64 33 and
313 1401 51 33 his
379 1408 213 37 antagonists,
611 1404 42 31 all
671 1404 140 41 dancing
834 1409 31 27 to

116 1456 55 33 the
195 1457 99 33 strain
318 1459 35 32 of
372 1471 88 21 some
486 1460 224 43 Presbylerian
734 1460 77 35 flute
834 1472 36 21 (r

115 1512 108 35 fiddle.
226 1515 157 42 —(Great
411 1516 189 43 Laughter),
650 1517 47 33 lie
728 1517 140 43 thought

117 1570 73 34 that
211 1571 55 33 the
292 1572 213 44 prespiration
532 1585 56 32 pro
604 1575 90 32 luced
726 1576 39 42 by
789 1576 78 32 such

120 1630 179 34 recreation
323 1632 105 33 would
450 1644 99 32 purge
566 1646 88 21 some
671 1633 35 34 of
725 1634 89 33 them
839 1634 31 33 oi

118 1686 84 33 their
230 1686 62 35 bad
319 1688 128 42 humor,
470 1690 63 33 and
562 1691 92 32 make
680 1692 88 32 them
793 1693 29 31 ol
852 1702 17 21 a

118 1754 90 22 more
228 1745 137 33 tolerant
381 1752 80 27 state
475 1749 34 30 of
520 1748 99 32 imud.
626 1768 31 2 —
667 1749 201 43 (Laughter).

118 1799 45 34 As
179 1812 60 22 one
253 1803 132 43 remedy
397 1803 48 33 for
457 1815 57 21 our
527 1805 139 33 Scottish
682 1807 134 42 bigotry,
832 1806 37 32 he

118 1858 108 32 would
250 1866 131 36 suggest
404 1872 90 24 more
516 1865 154 32 innocent
694 1866 174 32 recreation

118 1914 77 36 both
210 1917 47 33 lor
271 1917 52 35 the
336 1919 106 45 clergy
459 1921 63 33 and
538 1921 52 33 the
608 1921 123 44 people.
758 1922 111 44 (Hear,

119 1971 102 42 hear).
266 1974 61 32 Lee
357 1977 90 31 them
474 1980 182 30 remember
683 1980 70 31 that
784 1982 86 29 what

119 2029 78 43 they
209 2031 64 33 had
285 2032 53 33 the
352 2034 149 33 minister
515 2045 87 22 must,
613 2036 82 33 have
706 2037 77 34 also.
819 2038 51 33 He

119 2086 107 34 would
256 2093 48 29 set
335 2090 53 32 the
426 2091 244 43 Presbyterians
708 2099 31 27 to
770 2093 100 34 dance

118 2144 480 47 occasionally.—(Laughter).
645 2150 52 32 He
729 2151 54 32 did
814 2161 53 23 not

118 2211 97 23 mean
237 2203 33 32 in
293 2215 18 21 a
333 2204 105 35 literal
465 2218 92 22 sense
588 2210 137 41 exactly,
752 2210 55 33 but
832 2211 39 33 he

118 2257 107 32 would
241 2262 48 28 set
306 2259 89 33 them
412 2266 32 27 to
456 2262 100 33 dance
571 2264 101 32 either
684 2266 140 44 literally
837 2279 35 20 or

117 2314 281 45 metaphorically,
408 2320 63 31 and
480 2319 83 33 their
572 2322 60 31 diff
636 2334 121 22 jrenccs
766 2326 103 31 woulu

117 2382 78 33 very
211 2385 79 22 soon
309 2375 35 33 be
361 2377 123 34 danced
501 2386 54 26 out
573 2380 34 32 of
621 2380 100 35 them.

116 2452 189 78 MINING
337 2452 346 78 REGULATIONS
715 2452 157 78 UNDER

287 2530 172 78 MINES
493 2530 138 78 ACT,

157 2611 75 43 Any
248 2623 116 32 person
381 2614 205 43 discovering
597 2630 68 22 new
682 2621 73 38 gold
769 2622 80 32 work-

117 2659 66 41 ing,
207 2658 64 32 unci
294 2659 96 43 being
413 2660 144 36 desirous
581 2666 35 31 of
634 2666 172 45 obtaining
829 2681 39 20 an

115 2704 168 35 increased
306 2718 74 22 area
402 2707 135 35 thereon
568 2711 83 34 shall
675 2714 89 33 mark
788 2715 45 33 off
853 2730 15 19 a

115 2753 208 42 prospecting
340 2754 106 40 claim,
463 2768 35 21 as
514 2760 155 41 provided
685 2761 33 33 i,i
736 2763 99 40 Rogul
848 2779 10 18 i-

116 2799 69 30 tion
202 2799 47 39 IX,
267 2800 63 32 and
344 2801 81 32 shall
436 2804 224 42 immediately
672 2815 106 34 report
791 2812 76 29 surdi

117 2843 167 45 discovery
321 2845 78 33 with
429 2848 59 32 lull
517 2850 191 42 particulars
746 2861 32 25 to
816 2859 48 29 tin

117 2890 152 40 Warden,
293 2892 64 33 and
385 2893 54 34 the
462 2898 125 38 ground
613 2911 33 20 so
670 2901 134 33 marked
828 2904 41 31 of]

116 2934 83 36 shall
215 2936 37 34 be
270 2939 163 43 protected
449 2942 83 34 until
550 2944 54 33 the
632 2946 137 34 Warden
787 2949 83 34 shall

115 2982 82 33 kave
214 2983 113 43 finally
343 2987 127 32 refused
486 3000 35 20 or
536 3001 113 31 grante
665 2994 7 30 I
684 2994 53 32 the
752 2996 95 32 claim
862 3009 5 27 ;

115 3027 58 36 but
203 3028 54 36 the
289 3031 141 36 Warden
454 3045 87 34 may,
572 3037 27 34 if
626 3041 39 32 he
697 3040 94 34 ;hmk
822 3024 46 53 fit'

115 3076 119 32 refrain
263 3078 83 32 from
370 3081 152 40 granting
552 3096 35 19 or
616 3086 145 40 refusing
792 3091 76 31 such

115 3120 98 33 claim
240 3123 84 32 until
348 3124 54 32 the
425 3128 124 40 ground
573 3131 85 31 siii.il
681 3132 81 33 hare
790 3135 79 33 been

115 3166 117 35 visited
248 3168 42 44 by
307 3170 134 34 himself
451 3184 36 21 or
497 3173 41 44 by
550 3187 127 32 anyone
694 3182 174 40 appointed

113 3212 44 44 by
173 3213 81 35 him.

157 3260 130 35 Notices
298 3262 36 33 of
340 3263 42 34 all
393 3267 205 44 prospecting
608 3270 116 34 claims
734 3275 135 41 granted

114 3306 79 35 with
218 3308 57 34 full
298 3311 193 42 particulars
508 3316 35 32 of
563 3323 64 27 'oca
634 3318 69 43 lit,y,
728 3320 85 43 yield
839 3327 33 29 of

114 3354 85 42 gold,
216 3357 64 31 and
292 3357 194 44 description
499 3364 35 29 of
548 3356 270 51 workings/shall
832 3370 36 31 be

112 3400 115 42 posted
249 3401 42 42 by
315 3402 54 34 the
390 3405 136 35 Warden
543 3419 42 22 oa
608 3410 54 33 the
686 3414 127 33 onUids
837 3417 30 31 ol

113 3445 51 34 his
180 3446 90 34 offiee
288 3448 48 33 for
351 3450 106 43 public
480 3454 221 36 information.

155 3493 32 33 It
203 3493 83 34 shall
302 3501 57 28 not
376 3497 36 33 be
428 3499 111 34 lawful
552 3503 46 32 for
611 3504 54 33 tlia
682 3506 141 34 Warden
837 3513 31 28 to

110 3544 98 35 grant
237 3551 18 22 a
279 3544 205 44 prospecting
506 3547 95 34 claim
628 3549 49 33 for
701 3563 65 31 any
796 3565 22 21 11
825 3566 38 20 sty

110 3585 170 46 discovery
311 3593 32 28 at
373 3601 18 21 a
420 3591 64 33 less
518 3593 143 36 distance
693 3598 78 34 than
804 3607 63 26 two

112 3632 94 33 miles
221 3633 84 33 from
321 3647 66 31 any
402 3640 185 43 previously
609 3645 139 42 existing
764 3649 81 31 work-

112 3677 72 44 ings
213 3678 33 33 in
273 3680 132 35 alluvial
428 3687 136 40 ground,
583 3700 58 22 nor
663 3695 29 30 tc
724 3700 94 32 grant
849 3708 17 19 a

111 3731 206 38 piospecting
340 3729 94 33 claim
451 3732 49 31 for
522 3745 65 32 any
603 3748 71 21 ik?w
701 3739 165 42 discovery

112 3770 31 33 ol
169 3781 19 23 a
212 3782 72 32 quai
296 3777 28 29 tz
348 3777 66 32 leel
431 3782 32 28 at
487 3790 18 21 a
527 3779 62 35 less
614 3782 146 36 distune®
787 3786 77 34 than

111 3816 68 33 hall
201 3829 18 21 a
238 3820 76 32 mile
331 3827 82 28 troin
430 3835 64 33 any
517 3828 186 41 previously
728 3833 132 32 exUtin*

109 3869 112 38 quartz
239 3866 172 45 workings.

150 3911 111 44 Ivery
291 3922 205 36 prospecting
526 3920 94 34 claim
652 3923 55 33 sin,
713 3924 34 39 11,
785 3926 82 34 after

110 3955 96 45 feeing;
230 3960 147 38 marked,
404 3962 36 33 be
464 3963 76 34 held
563 3966 42 42 b/
629 3979 60 22 one
713 3981 77 22 mau
819 3984 30 21 re-

108 4002 151 45 maining
279 4018 43 20 on
347 4009 54 31 the
428 4012 126 40 ground
578 4014 118 43 during
719 4018 148 43 working

108 4048 99 35 hours
230 4052 84 33 until
331 4052 52 35 the
407 4056 197 43 application
621 4061 27 32 is
665 4062 86 34 dealt
775 4065 78 33 with

108 4095 76 41 and,
200 4097 28 32 if
240 4100 147 40 granted,
404 4102 54 32 the
476 4103 93 33 claim
589 4113 99 34 must,
701 4110 109 33 unless
823 4112 42 34 bv

108 4143 119 43 special
242 4146 194 42 permission
454 4150 34 33 of
501 4150 54 35 the
569 4151 42 36 W
633 4155 89 40 rdea,
736 4157 36 33 he
786 4158 79 41 fully

104 4191 159 40 occupied
279 4193 115 33 within
411 4205 94 24 seven
523 4198 80 43 days
619 4202 84 32 from
720 4203 54 33 the
791 4205 73 33 date

109 4234 36 33 of
156 4239 106 38 grant.

149 4282 68 33 The
234 4283 141 34 Warden
392 4297 88 33 may,
497 4289 27 32 if
536 4290 40 33 he
594 4292 93 33 think
704 4294 46 40 fit,
769 4304 96 34 grant

108 4337 19 21 a
136 4329 207 41 prospecting
351 4330 96 35 claim
461 4338 33 29 to
503 4335 54 34 the
566 4339 105 32 actual
684 4340 182 36 discoverer

108 4374 32 31 oi
166 4384 72 23 new
268 4376 75 40 gold
373 4379 163 43 workings
566 4385 181 45 conjointly
785 4389 78 32 with

108 4429 133 32 persons
267 4421 73 33 who
362 4423 84 34 have
463 4427 135 34 assisted
623 4431 89 33 them
736 4435 33 31 in
793 4447 52 31 pro-

108 4466 147 42 specting
292 4468 103 35 either
431 4471 78 35 with
548 4477 237 37 contribut'ons
829 4494 36 21 or

107 4510 184 43 otherwise,
308 4526 35 21 or
361 4516 76 33 with
450 4519 93 33 other
555 4533 134 31 persons
703 4527 72 33 who
790 4540 73 32 may

107 4558 39 33 be
171 4561 190 34 nominated
384 4564 43 43 by
443 4565 53 34 the
521 4571 107 32 actual
653 4572 208 37 discoverers,

108 4604 156 45 although
289 4607 55 34 the
360 4611 69 31 said
453 4623 132 32 persons
602 4628 75 32 may
701 4626 57 27 not
781 4622 82 33 have

105 4649 83 35 •been
213 4663 40 22 on
272 4653 52 34 the
340 4664 126 34 ground
482 4661 87 40 prior
587 4668 30 27 to
635 4664 54 32 the
714 4673 150 27 errant;n»

105 4696 137 35 thereof.

150 4743 68 34 The
239 4745 139 36 Warden
396 4760 88 33 may,
501 4764 87 32 upon
601 4755 52 34 the
666 4759 159 42 apphcati.
841 4774 22 21 11

108 4788 36 31 of
155 4800 64 32 any
235 4802 132 31 persons
383 4795 142 44 forming
545 4812 16 19 *
581 4812 6 30 ]
593 4814 21 18 ):t
621 4810 52 34 riy
689 4806 35 29 of
735 4812 53 25 not
802 4807 25 31 1«
849 4819 14 21 s

107 4833 79 35 than
209 4836 81 42 four,
314 4845 94 37 grant
425 4849 179 36 protection
623 4849 48 31 for
693 4857 57 27 not
773 4864 89 23 more

110 4880 78 34 than
204 4883 90 33 tlnee
317 4889 134 31 months
467 4891 48 31 for
531 4904 17 20 a
566 4901 207 35 prospecting
789 4912 70 19 /r-sa

107 4931 33 30 at
163 4940 18 22 a
204 4928 142 37 distance
371 4939 30 27 ot
416 4940 57 29 not
494 4937 61 34 less
579 4939 79 35 than
683 4948 62 30 two
769 4945 54 34 mi,
849 4957 14 24 t

106 4974 84 33 from
218 4988 64 31 any
307 4981 137 42 existing
472 4985 162 44 workings
665 4989 33 32 in
729 4992 131 33 alluvial

108 5021 135 44 ground,
261 5035 35 21 or
312 5025 33 33 in
362 5026 54 34 the
434 5040 71 23 case
522 5031 35 33 of
569 5037 112 39 quartz
700 5037 100 34 worki
806 5051 15 20 !1
827 5052 19 30 g

107 5075 48 44 ot.
166 5075 59 26 not
255 5070 64 33 less
341 5079 80 27 tiian
447 5075 68 33 hall
539 5091 16 19 a
581 5082 76 31 mile
683 5084 81 32 from
797 5098 63 24 any

106 5112 141 46 existing
262 5123 112 37 quaitz
392 5121 161 46 workings
568 5135 6 23 1
600 5126 159 37 Provided
773 5131 33 33 in
820 5144 41 22 no

107 5170 71 23 case
202 5162 83 33 shall
309 5176 65 31 any
390 5168 78 31 such
498 5175 202 38 prospecting
726 5188 75 21 ar»a
825 5179 35 32 be

106 5208 134 40 granted
263 5209 114 35 within
403 5213 67 34 halt
487 5227 16 21 a
529 5218 74 33 mile
625 5220 37 33 of
682 5233 64 30 any
769 5225 94 33 other

107 5253 80 31 such
202 5258 206 38 prospecting
431 5271 83 22 area.
562 5257 310 46 Provided'fnrther'

106 5296 72 35 that
200 5300 78 33 such
304 5310 179 34 protection
501 5307 82 35 shall
607 5312 76 38 only
708 5316 152 35 continue

105 5344 35 31 in
156 5346 84 31 loice
256 5350 83 30 until
355 5352 73 36 gold
446 5354 24 29 is
487 5357 120 36 struck,
620 5360 31 29 in
670 5362 105 31 which
789 5375 70 19 c.;sp

106 5388 55 35 the
185 5389 169 46 discovery
378 5395 82 35 shall
478 5397 37 35 be
541 5405 159 39 reported,
719 5418 35 22 or
777 5410 83 33 until

105 5435 55 33 the
177 5436 128 34 holders
321 5452 52 20 are
391 5446 124 40 require
532 5435 4 54 I
558 5449 37 40 by
609 5451 53 31 the
679 5453 136 34 Ward*n
828 5461 31 28 to

105 5482 95 33 mark
230 5495 17 20 a
274 5489 207 44 prospecting
504 5493 106 41 claim,
637 5497 29 32 in
697 5500 102 34 either
829 5505 34 31 of

103 5529 106 31 which
228 5541 87 21 cases
333 5543 17 21 a
368 5545 85 32 prosj
467 5539 106 40 sctin/r
597 5542 96 33 claim
716 5559 13 18 3
733 5547 6 31 ]
745 5559 24 20 ls
772 5548 24 30 ,]i
823 5548 5 30 ]
836 5561 22 20 >e

103 5573 136 34 marked
267 5587 63 22 aim
355 5581 127 42 nppheu
507 5583 48 35 for
578 5599 38 21 as
642 5593 155 39 provided
827 5597 29 30 in

105 5619 193 41 Regulation
330 5625 46 31 11.
409 5628 65 32 and
503 5631 47 37 V.,
583 5635 63 32 and
680 5642 176 37 projection

100 5672 87 26 shall
203 5672 179 41 thereupon
400 5684 89 23 cease
507 5687 34 21 as
556 5683 33 27 to
608 5680 52 34 the
674 5686 184 34 remainder

100 5712 39 31 ■of
151 5713 77 31 such
247 5720 204 41 prospecting
467 5733 84 21 area.

146 5756 32 33 It
203 5757 81 35 si,all
315 5761 34 33 be
373 5762 109 36 lawful
505 5766 49 35 for
576 5769 54 34 the
656 5771 140 38 Warden
825 5783 32 29 to

99 5813 108 26 renew
231 5807 85 34 from
343 5817 76 28 tune
442 5818 33 30 to
498 5816 77 34 time
599 5818 54 35 the
675 5826 181 39 protection

101 5853 50 31 for
180 5864 18 22 a
228 5859 209 44 prospecting
468 5873 84 24 area.
598 5865 157 38 Prrvided
786 5872 69 34 that

96 5900 84 29 *uch
217 5903 147 32 renewed
396 5910 182 37 protection
608 5914 84 31 shall
724 5921 57 27 not
819 5917 36 33 be

94 5943 142 42 .granted
261 5945 49 35 for
333 5959 88 26 more
438 5952 80 35 than
542 5955 90 37 three
660 5962 136 35 months
823 5968 30 31 to

94 6000 68 34 •anj
179 5995 89 32 time.

745 79 136 46 THE
950 81 217 47 LYELL
1232 84 218 58 TIMES,
1519 90 359 53 SATURDAY,
1947 91 314 49 OCTOBER
2332 111 67 38 10.
2471 100 106 58 1885

2475 5918 39 33 Pi
2520 5919 32 33 in
2557 5919 54 33 ted
2627 5922 64 31 and
2709 5922 172 42 published
2904 5926 50 34 for
2973 5927 55 35 the
3052 5931 189 43 Proprietor

2516 5964 39 40 by
2573 5966 30 30 J.
2652 5991 6 6 .
2677 5968 108 38 Clark,
2803 5974 33 27 at
2853 5971 55 32 the
2928 5973 192 40 Registered
3138 5979 99 34 Oiiieg

2517 6014 29 28 ol
2556 6009 53 35 the
2656 6011 94 43 Lyell
2915 6016 78 35 Cliff
3005 6019 115 44 Street,
3130 6023 107 45 Lye3i*

2464 6056 1 53 [
2515 6056 132 45 County
2663 6059 35 34 of
2711 6061 121 42 Bailer,
2852 6064 126 45 Colony
2997 6068 35 33 of
3042 6068 80 36 NX

1227 233 91 30 TIIZ

895 319 368 73 LYELL
1311 324 338 76 TIMES

1033 458 209 37 Newspaper
1263 473 66 23 and
1354 464 162 36 General

919 552 97 44 JO3
1065 553 289 47 -PHIsrINS
1416 558 211 58 OFFICII,

1038 653 115 38 CLIFF
1192 654 153 47 SI-hkkt,
1380 658 131 38 LVKLL.

906 843 401 50 L3ITER-PRES
1324 868 19 27 d
1367 849 272 50 PRINTING

1024 1046 155 36 EVERY
1230 1050 302 37 DESCRIPTION

902 1232 249 36 NEATEST
1175 1234 168 37 STYLE
1372 1237 32 35 &
1428 1238 229 38 NEWEST

1155 1318 251 41 DESIGNS.

903 1500 205 34 RUANCE
1133 1502 176 34 SHEETS

985 1592 114 35 CALL
1136 1595 255 37 CIRCULARS

1066 1689 223 34 BUSINESS
1314 1691 254 36 CIRCULARS

1150 1782 173 34 MIXING
1348 1784 127 33 SCRIP

1234 1876 195 34 RECEIPT
1455 1879 143 33 ROOKS

1386 1972 249 34 RILL-lIEAD
1645 1987 14 12 >

987 2062 229 41 Prospectuses

1068 2154 124 31 Ilauwb
1210 2155 36 31 Us

1150 2249 157 31 Business
1324 2250 100 31 Cards

1359 2342 97 31 Show
1474 2342 100 32 Cards

1006 2432 72 32 And
1096 2445 98 26 every
1209 2434 93 32 other
1319 2434 195 43 description
1533 2439 33 29 of

903 2525 168 73 JOB
1178 2527 111 61 PR
1325 2527 13 61 i
1376 2527 35 64 N
1444 2530 214 63 TING

1213 2649 42 23 ON
1284 2650 66 22 THE

1069 2732 233 34 SHORTEST
1327 2733 57 34 NO
1394 2733 91 34 riC£

1212 2837 65 21 AND
1312 2838 38 21 AT

936 2918 366 47 WESTPORT
1383 2922 242 47 PRICES.

1117 3125 47 29 To
1195 3126 243 34 ADVX?TiS.«IS.

888 3201 1 40 I
977 3215 42 21 fi'\
1049 3204 122 32 Advert
1186 3218 49 19 sin
1251 3217 7 11 r
1286 3207 31 31 ?\£
1326 3219 11 19 j
1351 3201 45 40 1111
1413 3220 17 20 u
1460 3208 54 32 tlie
1547 3209 113 32 Lyell

903 3266 65 32 Tim
985 3277 25 22 ;s
1025 3268 26 31 is
1069 3277 60 23 one
1147 3268 34 31 of
1196 3268 52 32 the
1259 3269 69 32 best
1359 3281 16 20 n
1390 3271 53 33 t!ie
1463 3283 195 32 up-country

904 3330 152 41 districts,
1072 3332 41 32 its
1127 3331 166 36 cireulatio
1310 3346 7 21 i
1453 3335 84 41 large
1554 3336 33 34 i:i
1606 3337 52 34 the

888 3393 1 48 |
902 3393 165 41 following
1104 3395 123 41 place*:
1234 3397 217 43 —'lWusliip
1485 3400 36 31 of
1557 3401 100 40 Lye!],

888 3457 1 55 j
902 3457 177 38 Zalatown,
1094 3458 67 42 Lye
1166 3459 21 32 11
1201 3459 113 40 Creek,
1331 3460 78 33 New
1422 3462 109 32 Creek.
1549 3463 24 32 U
1583 3457 2 55 (
1593 3476 64 30 >per

888 3518 1 49 j
908 3520 117 39 Buller,
1042 3518 84 36 Fern
1145 3522 84 38 Flat,
1248 3522 132 33 Central
1402 3525 119 39 i>uller,
1551 3527 104 38 Long-

888 3575 1 56 I
901 3582 81 40 ford,
1002 3584 199 40 Murchisou,
1235 3585 206 39 Mitakitaki,
1460 3588 108 41 Inang
1580 3601 53 21 uni
1646 3603 11 19 .i

888 3647 1 45 j
900 3647 167 34 Junction,
1098 3648 173 43 Westport,
1302 3650 146 38 Reefton,
1479 3652 65 33 an.l
1567 3654 93 33 other

900 3715 125 29 centres
1062 3711 34 33 of
1135 3711 191 44 population
1375 3725 41 21 on
1464 3715 54 33 the
1568 3716 90 35 West

1119 3935 46 32 To
1195 3936 239 35 Subscribers.

906 4023 62 32 Ihe
985 4024 111 33 Lyell
1112 4027 107 32 Tiass
1244 4028 148 33 contains
1409 4030 54 33 the
1483 4030 94 34 latest
1593 4033 62 31 and

940 4092 85 28 most
1053 4089 133 34 reliable
1217 4103 88 21 news
1336 4094 32 31 of
1406 4094 44 32 all

1595 4125 18 12 o

980 4156 136 29 matters
1138 4153 33 33 in
1188 4154 55 34 the
1272 4155 91 45 Lyell
1380 4169 40 20 an
1436 4157 7 32 1
1462 4157 113 45 Upper

1001 4215 113 33 Bnller
1129 4217 152 35 Districts
1298 4221 65 31 and
1390 4221 54 33 the
1462 4222 90 33 West

1022 4277 97 34 Coast
1127 4282 166 42 generally
1302 4283 148 38 together
1455 4284 76 34 with

1041 4341 43 31 all
1109 4343 127 40 general
1256 4356 88 21 news
1361 4346 35 33 of
1423 4359 64 22 com-

1062 4406 132 32 mercial
1209 4407 199 43 imporance,
1425 4411 66 33 and

1084 4466 26 33 is
1121 4466 158 37 therefore
1289 4482 19 22 a
1315 4471 151 35 valuable

1103 4543 111 22 source
1240 4534 36 32 of
1298 4541 150 29 accurate

1116 4595 212 36 information
1336 4605 33 27 to
1378 4600 56 34 the

1143 4659 130 42 mining
1286 4662 23 32 &
1323 4673 61 23 mer-

1164 4724 118 33 cantile
1300 4736 64 23 com-

1191 4771 167 34 munities.

896 4939 67 35 The
981 4941 107 33 Times
1103 4942 26 33 is
1154 4942 174 44 published
1350 4957 99 35 every
1478 4949 175 49 Saturday,

1192 5021 36 28 at
1244 5018 18 31 7
1279 5030 77 21 a.m.

897 5173 116 32 Orders
1026 5174 49 33 for
1086 5174 63 33 Job
1161 5176 151 41 Printing
1324 5190 37 21 or
1372 5179 281 40 Advertisements

895 5235 41 44 by
952 5240 73 38 post
1039 5249 36 21 or
1089 5238 167 44 telegraph
1284 5241 67 34 will
1377 5244 123 35 receive
1523 5256 130 34 prompt

1191 5303 172 34 attention.

898 5479 162 72 The
1107 5481 233 90 Lyell
1389 5487 261 77 Times

931 5705 210 36 CENTRAL
1180 5710 186 37 RULLEII
1404 5713 199 40 GAZMTTL

1184 5829 173 28 gexic.lAL

888 5912 103 44 -JOP
1052 5913 290 49 PRINTING
1414 5922 230 62 OFFICE,

1052 6020 132 34 CLIFF
1216 6023 72 35 ST..
1323 6026 157 38 LYELL.

1832 232 224 45 SANDER
2082 239 30 40 &
2141 236 148 44 SONS'

1683 282 397 45 EUCALYPTI
2129 287 307 47 EXTRACT.

1727 383 176 40 (Deutsche
1934 383 86 33 Med.
2053 385 260 33 Wochenschrifc
2345 390 90 40 1870)

1688 428 127 38 M.jsler,
1837 428 99 40 ALL).,
1953 429 62 34 Pro
2019 433 61 30 less
2084 442 34 21 or
2134 439 32 26 at
2181 434 53 31 the
2251 432 190 45 University

1686 475 201 40 (jreifswald,
1932 476 177 46 Germany,
2156 484 124 40 reports
2299 489 49 23 :
2371 482 69 32 The

1689 522 169 42 Eucalypti
1882 524 136 33 Extract
2047 526 122 41 proved
2192 527 249 45 magnificently

1686 568 175 33 successful
1897 569 34 33 in
1969 580 77 34 very
2091 582 109 23 severe
2239 574 200 38 contusions,

1689 616 129 36 braises,
1831 616 137 42 sprains,
1981 618 143 40 wounds,
2134 618 174 42 scaldin,4s,
2320 621 121 33 broken

1689 660 71 37 ribs,
1772 662 63 31 and
1850 663 105 32 limbs.
1995 664 31 32 It
2039 664 186 44 effectually
2238 672 89 37 stays
2338 668 43 31 all
2393 668 46 32 in-

1689 705 17 31 A
1720 717 77 19 mini
1813 705 3 44 •
1825 708 65 32 tion
1909 721 39 19 an
1964 709 6 31 1
1989 712 157 36 swelling.
2192 712 88 37 Also,
2305 714 54 31 the
2378 726 46 20 ser-

1691 763 81 21 vices
1790 752 129 35 derived
1936 757 82 31 from
2030 757 25 32 it
2066 758 31 31 iu
2115 757 43 33 all
2168 757 162 35 disorders
2343 759 35 33 of
2389 760 52 32 the

1691 799 189 43 respiratory
1893 813 127 27 organs,
2035 815 34 20 as
2081 816 109 31 croup,
2206 805 172 41 diptueria,
2394 809 6 29 i
2408 799 31 48 11-

1689 843 111 34 iluum
1826 854 65 25 tion
1923 849 34 30 of
1981 849 52 31 the
2064 850 166 33 bronchial
2257 852 91 33 tubes
2378 853 64 32 and

1690 891 29 28 lu
1727 900 65 27 11,45,
1811 903 131 21 cnromc
1967 895 142 38 catirrh,
2127 896 190 35 bronchitis,
2342 899 98 37 colds,

1771 948 52 21 are
1843 944 55 25 not
1922 947 31 23 to
1971 939 36 33 be
2025 941 148 41 equalled
2199 943 39 41 by
2261 954 65 32 any
2350 945 93 31 other

1691 981 229 34 medicament.

1722 1037 111 44 Sanl
1840 1051 39 31 or
1912 1040 81 43 an!
2031 1040 114 44 Son's
2187 1042 220 56 Eucalypti

1731 1145 115 36 Lister,
1872 1145 101 37 M.D.,
1998 1147 175 37 Professor,
2206 1150 64 35 &c.,
2296 1149 148 38 London,

1690 1189 53 32 the
1762 1188 145 40 Leading
1931 1201 137 31 surgeon
2086 1192 34 31 of
2136 1192 52 32 the
2207 1199 129 36 present
2354 1201 89 31 time,

1690 1235 105 32 stated
1811 1242 33 25 at
1859 1236 54 31 the
1931 1236 61 32 last
2016 1239 143 37 meeting
2175 1240 34 29 of
2230 1239 53 31 the
2307 1239 138 33 Clinical

1691 1281 137 41 Society,
1842 1281 144 38 London,
1997 1293 34 21 as
2047 1282 170 42 published
2239 1295 19 20 n
2272 1290 27 25 <j
2312 1296 17 19 11
2337 1286 108 30 Hard's

1693 1326 103 33 Medic
1809 1327 20 31 J
1852 1326 105 33 Journ
1971 1328 29 33 il,
2019 1328 34 31 th
2067 1335 22 25 it
2106 1329 53 32 the
2184 1330 173 42 Eucalypti
2381 1331 42 32 Ex-

1691 1378 81 28 tract
1788 1373 26 31 is
1830 1372 54 32 the
1903 1373 66 32 best
1986 1373 119 33 known
2129 1376 172 42 antiseptic
2320 1378 126 41 (means

1691 1420 33 31 of
1738 1420 191 40 preventing
1945 1430 18 30 p
1979 1422 206 40 itrefaction).

1713 1475 158 46 Sanlar
1909 1475 81 46 aal
2037 1475 116 47 Ski's
2202 1478 223 60 Easalypti

1973 1529 182 44 Extract.

1734 1582 183 41 (American
1938 1583 138 33 Medical
2089 1584 147 39 Journal,
2255 1587 191 38 November,

1693 1629 89 41 1881)
1799 1629 82 31 —ln
1899 1629 139 34 diseases
2055 1632 34 30 of
2110 1632 54 32 the
2186 1632 133 42 kidney,
2344 1634 104 33 either

1692 1676 103 33 active
1812 1678 186 38 congestion
2013 1689 36 21 or
2059 1681 207 40 suppression
2286 1681 157 43 (uraemia)

1674 1721 1 46 j
1692 1723 40 30 ail
1749 1721 229 40 albuminuria,
1997 1724 128 42 dropsy,
2143 1726 149 38 litliiads,
2312 1729 135 38 notning

1674 1768 1 47 I
1693 1768 63 31 will
1773 1780 35 28 eq
1825 1780 7 19 1
1847 1769 18 30 il
1885 1780 31 19 111
1935 1770 39 30 its
1988 1771 105 31 action
2113 1771 175 44 Eucalypti
2303 1774 142 32 Extract.

1674 1807 1 59 |
1697 1815 109 34 Doses,
1837 1814 62 32 live
1929 1818 32 28 to
1993 1816 88 37 eight
2115 1816 96 44 drops
2239 1820 33 31 in
2310 1832 18 20 a
2366 1820 80 33 little

1674 1856 1 44 |
1692 1860 181 33 sweetened
1905 1868 98 26 water
2033 1869 91 27 twice
2159 1877 34 20 or
2225 1866 88 34 three
2352 1867 94 33 times

1674 1900 1 60 |
1692 1907 97 41 daily.

1715 1963 156 45 Sander
1912 1966 82 43 and
2047 1967 116 46 Son's
2204 1970 219 55 Eucalypti

1980 2018 183 46 Extract.

1736 2069 26 34 (l
1762 2069 4 46 I
1776 2080 68 20 rom
1862 2070 170 34 American
2047 2075 135 32 Medical
2195 2076 148 39 Journal,
2358 2077 87 37 Jan.,

1696 2116 100 37 1881).
1843 2116 117 38 Pitzer,
2000 2119 98 36 M.1).,
2124 2121 165 33 Professor
2319 2123 127 36 '.theory

1692 2161 64 30 and
1774 2162 146 31 Practice
1935 2168 31 26 of
1985 2165 167 34 Medicine,
2166 2170 173 29 American
2359 2170 64 31 Med-

1692 2206 61 33 ical
1771 2206 112 43 lolleg
1898 2221 14 25 ',
1931 2211 172 33 says:—lt
2119 2211 24 33 is
2158 2213 55 33 the
2230 2213 68 34 best
2313 2215 133 43 remedy

1674 2253 1 48 !
1692 2254 119 30 known
1835 2255 32 30 iu
1894 2257 265 40 typhomalarial,
2185 2262 135 39 typhoid
2348 2264 98 36 fever,

1674 2298 1 46 1
1692 2298 185 42 erysipelas,
1891 2300 193 42 diphtheria,
2099 2305 114 32 scarlet
2229 2307 94 37 fever,
2338 2307 90 31 small-

1674 2346 1 45 |
1692 2355 72 30 pox.
1782 2347 65 37 &e.;
1872 2346 24 31 it
1920 2346 185 39 effectually
2122 2351 123 31 retards
2270 2352 53 32 the
2349 2353 96 32 disin-

1674 2382 1 53 I
1691 2395 161 36 legration
1889 2394 31 30 of
1950 2393 55 33 the
2036 2395 121 33 animal
2195 2396 106 39 fluids,
2340 2399 106 33 which

1693 2438 105 36 might
1816 2439 96 30 result
1932 2440 30 31 in
1984 2452 18 20 a
2025 2444 127 34 general
2178 2444 214 43 breakiug-up
2417 2449 34 29 of

1692 2485 54 31 the
1765 2483 94 33 Mood
1876 2496 63 22 auu
1957 2497 31 22 111
2007 2486 108 35 death.

1674 2532 3 66 I
1715 2541 82 42 San
1807 2541 65 43 lor
1919 2544 83 41 and
2044 2545 114 44 Son's
2207 2547 219 51 Eucalypti

1971 2594 182 49 Extract.

1674 2646 3 42 i
1736 2646 110 35 (From
1889 2648 46 32 St.
1982 2651 97 31 Lwuis
2123 2653 140 33 Electric
2309 2655 136 33 Medical

1692 2692 147 38 Journal,
1882 2694 85 38 Dec.,
2008 2698 102 38 1881).
2174 2700 122 32 Cancer
2325 2702 34 30 of
2395 2702 52 32 the

1702 2742 7 28 i
1720 2751 104 29 ongue
1870 2740 141 39 Pntient,
2032 2742 76 34 Mrs.
2223 2765 62 20 —,
2303 2749 37 31 85
2354 2759 93 31 years

1693 2785 62 34 oid.
1815 2787 164 34 Ev.deuce
2010 2791 34 31 af
2070 2792 178 34 scrofVdous
2280 2794 166 34 diathesis.

1675 2831 2 47 I
1696 2832 161 33 Prescribe
1871 2834 7 30 1
1903 2836 71 30 four
2001 2837 96 41 drop-;
2116 2845 30 24 to
2171 2839 36 31 be
2231 2841 96 31 taken
2357 2843 90 31 three

1675 2878 2 43 ■
1695 2879 93 30 times
1816 2878 86 37 daily
1921 2889 6 28 ;
1953 2881 77 38 also,
2060 2892 118 29 tongue
2212 2886 114 32 wetted
2357 2887 90 32 three

1675 2926 2 48 |
1694 2933 9 23 t
1721 2937 67 19 lues
1841 2926 77 32 with
1969 2929 54 31 the
2072 2930 177 43 Eucalypti
2300 2933 146 33 Extract.

1675 2970 2 50 I
1704 2970 126 34 Lreatei
1854 2985 34 19 as
1912 2973 99 33 above
2042 2977 49 31 fur
2120 2979 73 31 four
2222 2978 117 42 weeks,
2368 2980 79 33 then

1675 3017 2 45 |
1694 3018 188 38 discharged
1899 3022 107 30 cured.

1738 3073 40 40 (J.
1823 3074 38 33 IL
1904 3076 71 33 Put!
1985 3077 60 36 ley,
2093 3079 100 39 M.D.,
2240 3081 97 42 Prof.,
2383 3084 64 39 &c.,

1694 3123 45 29 P.i
1759 3122 339 42 ladeiplii:).—Since,
2115 3128 31 30 in
2174 3128 51 31 the
2247 3141 71 20 case
2342 3132 34 29 of
2399 3132 49 30 Mr

1699 3167 128 38 Mercer,
1846 3168 34 32 of
1899 3169 138 38 Keraiig,
2056 3172 70 30 who
2146 3173 59 31 had
2220 3173 78 33 been
2316 3176 132 33 advised

1695 3213 39 41 by
1764 3214 52 33 the
1850 3215 140 33 Medical
2013 3229 17 19 0
2049 3220 87 30 'leers
2163 3219 30 32 of
2217 3229 53 23 tile
2303 3223 144 40 jJen.hgo

1695 3259 148 43 Hospital
1863 3270 31 23 to
1913 3262 80 33 have
2013 3263 48 31 his
2080 3273 118 29 tongue
2211 3278 67 21 rem
2293 3268 81 38 >ved,
2385 3270 62 32 like

1692 3306 148 42 splendid
1857 3308 117 32 results
1993 3309 80 33 have
2085 3313 143 31 attained
2239 3315 139 42 tnrough
2394 3317 53 32 the

1692 3353 197 44 application
1906 3356 35 33 of
1953 3356 53 34 the
2028 3357 172 45 Eucalypti
2220 3360 144 35 Extract.

1716 3410 156 44 Sandsr
1912 3414 81 41 and
2044 3415 115 44 Son's
2206 3417 221 59 Sacalvpti

1980 3466 163 40 gvrfmor

2011 3498 26 11 ■*.!*
2045 3502 11 7 4*
2063 3497 8 12 1
2079 3501 23 10 tL'J
2108 3499 46 12 V/Ui

1734 3516 12 49 I
1758 3516 12 49 1
1782 3516 48 49 roai
1856 3523 54 26 toe
1935 3522 10 27 (
1963 3522 107 31 imical
2098 3523 132 37 Record,
2256 3527 30 28 of
2310 3525 136 40 August,

1694 3563 102 37 1881).
1872 3566 19 30 8
1908 3566 108 38 irg.cal
2055 3567 103 33 Cim.c
2204 3570 35 31 of
2282 3574 167 31 Pro.essor

1696 3608 170 42 APin'yre,
1905 3612 128 40 College
2071 3614 35 31 of
2150 3615 190 42 Physicians
2383 3621 63 31 and

1674 3657 2 58 |
1694 3657 172 38 Surgeons,
1881 3657 46 31 St.
1948 3658 64 32 Lou
2028 3670 13 20 s
2088 3661 149 34 Scirrhus
2247 3664 35 31 of
2292 3664 155 34 Breast—-

1674 3702 1 50 I
1693 3702 172 32 Excision:
1886 3703 173 43 Eucalypti
2077 3706 135 33 Extract
2228 3711 173 41 employed
2413 3724 34 19 as

1691 3759 107 30 spray,
1830 3749 63 32 and
1924 3749 156 42 dressing.
2126 3754 102 38 Eight
2256 3747 91 49 days'
2366 3759 82 33 after

1691 3793 166 42 operation
1880 3795 177 33 Professors
2074 3798 26 31 1>
2114 3810 68 21 tuer
2198 3801 63 31 and
2282 3802 164 38 M'fntyre

1692 3848 73 23 note
1781 3840 6 31 I
1832 3841 54 32 the
1931 3843 164 40 foiiowmg
2139 3847 164 33 condition
2323 3859 6 21 .'
2335 3869 36 3 —
2397 3852 49 31 No

1691 3885 154 40 swelling,
1864 3887 74 33 heat
1955 3899 35 21 or
2006 3889 238 37 discoloration,
2263 3905 78 22 near
2362 3908 35 20 or
2414 3899 32 31 in

1692 3933 52 31 the
1768 3944 95 21 woun
1877 3934 21 36 1,
1922 3934 106 33 which
2052 3937 59 32 has
2129 3939 111 33 united
2263 3942 103 39 fully;
2392 3944 53 33 the

1691 3979 122 42 patient
1829 3980 135 32 allowed
1981 3988 31 25 to
2029 3986 112 30 attend
2154 3993 31 24 to
2198 3986 58 31 her
2265 3988 40 31 110
2322 3991 124 31 isehold

1690 4025 104 32 duties
1811 4026 106 38 again.

1713 4069 157 47 Sands:
1918 4073 80 43 and
2040 4074 115 46 Son's
2204 4076 221 61 Eucalypti

1966 4126 184 47 Extract.

1732 4188 148 43 (Clinical
1910 4190 136 39 Record,
2080 4195 87 43 Sept.
2202 4198 244 42 1880).—The

1689 4235 171 33 American
1896 4238 104 31 medic
2014 4240 21 31 tl
2074 4243 179 39 profession
2293 4257 81 25 uses,
2413 4249 32 30 in

1687 4281 204 42 gonorrhea,
1916 4294 34 21 as
1967 4295 41 21 an
2032 4285 167 44 injection,
2218 4301 42 22 an
2284 4292 162 34 emulsion

1689 4329 32 29 of
1748 4339 60 20 one
1832 4339 103 21 ounce
1959 4341 77 31 gum
2064 4335 128 38 Arabic,
2220 4337 33 31 iu
2281 4340 40 30 80
2350 4351 35 20 or
2407 4343 40 29 40

1687 4384 119 21 ounces
1822 4374 35 31 of
1871 4380 108 33 water,
1997 4378 130 42 applied
2143 4381 73 33 four
2233 4384 96 33 times
2347 4385 98 43 daily.

1690 4419 97 41 Eight
1811 4420 95 42 drops
1929 4422 97 41 given
2043 4425 171 41 inwardly,
2239 4440 81 23 once
2345 4432 100 40 daily,

1688 4471 150 36 prevents
1854 4466 185 45 effectually
2056 4475 260 34 contamination
2336 4479 36 31 of
2391 4480 55 32 the

1688 4511 95 33 blood
1799 4512 34 32 in
1849 4513 68 33 foul
1934 4515 136 35 disease.

1892 4607 347 41 CAUTION.

1711 4661 156 47 Sander
1914 4666 83 43 and
2039 4666 115 48 Son's
2202 4671 221 61 Eucalypti

1980 4719 183 47 Extract.

1729 4769 59 42 (St.
1813 4770 87 34 Lous
1924 4772 136 35 Clinical
2077 4776 136 40 llecord,
2237 4779 75 34 Jan.
2340 4783 104 40 1882).

1686 4816 186 38 —Hazard,
1898 4818 89 33 M.D.
2012 4821 79 32 Prof
2120 4823 39 32 of
2176 4825 183 40 Pathology
2382 4830 64 31 and

1690 4859 147 34 Diseases
1862 4864 30 31 of
1915 4864 54 34 the
1996 4866 102 40 Mind,
2132 4877 119 26 states:
2277 4871 61 34 We
2362 4872 84 35 have

1687 4906 172 33 examined
1882 4909 69 33 half
1970 4923 17 20 a
2004 4912 101 34 dozen
2124 4917 183 40 specimens
2323 4920 36 31 of
2379 4921 42 32 Eu-

1687 4951 119 44 calypti
1819 4953 145 35 Extract.
1994 4958 152 35 Sander's
2158 4972 117 33 prepar
2284 4963 82 34 ition
2380 4976 66 22 was

1688 4999 53 31 the
1786 5002 77 40 only
1906 5013 60 22 one
2003 5005 109 33 which
2156 5011 213 41 corresponds
2413 5017 31 28 to

1687 5045 156 32 scientific
1861 5051 87 29 tests.

1728 5093 67 30 Our
1821 5096 207 40 preparation
2059 5098 27 33 is
2116 5099 55 34 the
2201 5103 79 42 only
2307 5104 138 44 existing

1689 5137 128 34 volatile
1841 5145 134 34 extract,
1999 5144 64 32 free
2081 5147 31 29 of
2134 5146 41 32 all
2200 5149 148 34 resinous
2372 5162 52 32 par-

1688 5185 98 30 ticles.
1840 5186 52 32 All
1929 5188 94 32 other
2059 5197 225 36 preparations
2320 5198 36 32 of
2390 5199 53 32 the

1689 5228 211 45 Eucalyptus,
1928 5244 41 22 110
1996 5242 118 27 matter
2147 5250 105 23 wnere
2279 5244 143 33 manufac-

1687 5275 106 38 tuied,
1818 5289 52 20 aie
1888 5280 107 37 crude,
2014 5283 146 32 resinous
2185 5287 70 37 oils,
2280 5291 164 38 irritating

1688 5320 63 33 and
1776 5321 177 46 blistering,
1978 5326 111 34 rather
2105 5332 134 41 causing
2258 5333 164 36 infl.unma-

1689 5375 64 24 tion
1779 5369 80 32 than
1884 5372 129 39 staying
2036 5375 34 36 it,
2089 5377 63 31 and
2178 5379 35 31 of
2322 5382 122 41 danger

1689 5423 20 20 il
1733 5415 189 42 eiicnously
1946 5419 129 42 applied
2098 5421 31 32 iu
2154 5423 111 34 .throat
2290 5426 152 35 diseases.

1687 5460 23 31 &
1717 5471 22 20 j.

1729 5505 49 32 No
1806 5505 116 35 bottles
1945 5510 141 38 genuine
2106 5520 113 38 except
2240 5518 94 34 those
2362 5520 79 33 with

1687 5551 98 32 labels
1814 5553 132 41 bearing
1973 5568 57 21 our
2057 5559 167 38 signature
2256 5566 64 31 and
2352 5568 90 32 trade

1688 5597 102 38 mark,
1820 5601 64 31 and
1908 5604 133 31 secured
2066 5608 126 33 outside
2218 5611 75 32 with
2319 5623 18 22 a
2365 5614 76 42 pink

1689 5655 141 31 wrapper
1867 5647 64 32 anl
1968 5661 98 26 green
2112 5653 96 38 hand,
2256 5657 52 34 the
2347 5660 96 33 latter

1688 5701 130 28 oearmg
1835 5703 57 20 our
1909 5694 137 33 location
2065 5700 63 31 and
2146 5701 177 42 signature.

1725 5748 185 35 Dnecoions
1926 5758 48 26 tor
1989 5765 55 22 use
2061 5755 79 35 with
2158 5760 77 32 each
2254 5760 111 35 bottle.

1705 5839 123 35 SAN
1852 5841 30 34 D
1906 5842 28 34 E
1962 5843 27 34 R
2040 5846 136 38 AND
2228 5853 192 39 SONS'

1876 5890 194 44 Sandhurst,
2089 5896 154 38 Victoria.

1736 5978 290 40 DUNCAN
2094 5988 282 48 M'LEAN,

1884 6041 118 45 Agent,
2018 6046 87 45 Grey
2109 6051 125 33 mouth.

2580 268 98 33 TUL
2706 268 165 36 STAMP
2899 270 104 45 ACT,
3032 272 103 34 1875.

2481 380 55 69 Q
2549 380 483 41 AU^TON.—Transferors
3048 386 69 37 and
3129 392 104 32 trans

2591 435 51 34 fer
2662 435 71 37 fees
2752 436 35 36 in
2803 437 78 47 pold
2905 437 136 49 mining
3053 438 68 37 and
3135 438 103 38 other

2477 499 72 23 com
2559 487 119 49 paries
2710 489 69 38 and
2813 490 166 38 societies
3009 505 60 24 are
3099 492 139 38 warned

2477 542 133 39 against
2641 545 190 43 executing
2861 559 64 31 any
2967 547 217 35 instrument
3205 546 38 36 of

2478 593 68 35 sale
2566 606 39 22 or
2626 595 154 37 transfer
2800 600 118 32 unless
2936 597 59 37 the
3008 610 103 23 name
3126 602 32 31 of
3181 598 58 37 the

2480 647 189 44 purchaser
2704 661 38 22 or
2780 652 197 35 transferee
3019 651 28 35 is
3082 647 4 44 i
3097 665 78 22 user
3183 652 56 36 ted

2479 698 135 36 therein
2651 706 37 28 at
2726 714 39 22 or
2797 703 118 35 before
2951 704 59 34 the
3049 712 188 28 execution

2480 752 142 38 Hereof,
2648 765 17 21 a
2688 753 186 36 maximum
2910 757 143 42 penalty
3073 758 38 33 of
3138 758 101 33 JGIOD

2481 809 106 30 under
2634 806 133 36 section
2815 809 75 40 10-'j,
2936 809 102 44 being
3074 809 161 36 incurred

2480 860 155 41 thereby.
2689 859 78 46 Any
2786 860 83 34 such
2886 861 225 44 instrument,
3129 875 94 23 more

2479 920 94 28 over,
2594 922 36 18 so
2649 908 119 37 «ii»ned
2792 910 26 34 is
2850 913 200 44 absolutely
3072 913 77 34 void
3170 914 67 34 and

2481 961 227 43 inoperative,
2740 962 67 35 and
2837 962 82 35 does
2948 969 63 28 not
3031 964 116 36 divest
3180 966 59 33 the

2483 1020 62 25 trai
2552 1014 122 32 .sterol*
2695 1012 35 34 of
2765 1012 50 35 his
2833 1013 148 36 interest
3002 1014 151 44 therein,
3172 1016 66 36 and

2483 1071 39 25 tie
2544 1075 146 23 rem-ins
2712 1064 103 36 liable
2837 1068 144 33 thereon
3003 1079 36 22 as
3060 1065 28 36 if
3115 1068 40 33 he
3175 1068 64 37 had

2484 1127 102 21 never
2607 1116 163 46 disposed
2791 1123 32 29 ol
2860 1117 58 35 the
2939 1133 104 21 same.
3113 1119 32 36 It
3182 1121 58 35 the

2483 1171 193 30 transferor
2712 1170 39 32 be
2773 1183 17 19 a
2824 1171 153 33 licensed
3006 1171 236 37 sharebroker

2485 1218 48 33 his
2556 1218 126 34 license
2719 1218 6 35 j
2731 1234 14 20 s
2780 1221 164 35 forfeited
2977 1234 44 23 on
3042 1222 199 38 convictirn

2483 1274 62 28 and
2569 1270 188 35 tln-ia-after
2791 1274 40 31 he
2852 1286 26 19 is
2907 1274 219 47 disqualified
3159 1276 88 36 from

2486 1322 115 34 Actiu*
2634 1336 35 19 as
2705 1336 15 21 a
2744 1324 127 33 broker
2890 1338 38 21 or
2961 1329 86 33 from
3085 1326 122 49 having
3231 1343 19 21 a

2486 1373 90 35 iresh
2599 1375 129 35 license
2744 1376 114 35 issued
2882 1384 34 27 to
2933 1378 79 37 hnai.

2580 1504 108 36 Pv)B
2705 1505 74 38 TA
2798 1507 31 37 G
2855 1507 24 38 E
2930 1509 221 40 KATES.

2709 1653 105 26 TOWN
2845 1654 172 28 LETTERS.

2533 1693 128 38 Posted
2695 1704 36 28 at
2759 1710 66 33 any
2862 1698 83 36 Post
2980 1698 108 38 Office
3126 1702 121 38 within

2486 1756 56 36 thu
2562 1757 121 49 colony
2707 1761 50 33 for
2777 1759 154 50 delivery
2951 1766 34 33 at
3005 1775 37 23 or
3057 1763 87 38 from
3161 1765 87 37 such

2488 1819 81 36 Post
2591 1819 27 39 (*
2627 1821 73 37 {lice
2722 1836 6 22 :

2488 1889 66 37 Not;
2573 1892 190 46 exceeding
2784 1893 71 37 half
2874 1909 41 22 an
2937 1909 112 26 ounce
3115 1930 35 7 ...
3208 1900 41 36 Id

2490 1945 127 36 Exceed
2628 1959 56 30 mg
2706 1947 66 35 half
2794 1961 40 22 an
2857 1962 122 32 ounce,
3012 1954 61 34 but
3093 1959 63 29 not

2530 2001 190 39 exceeding
2741 2013 65 22 one
2827 2015 113 22 ounce
3114 2037 35 6 ...
3205 2008 43 35 2d

2489 2048 30 35 F<
2538 2062 13 23 r
2570 2062 104 37 every
2700 2051 66 36 halt
2788 2065 112 25 ouncv
2919 2067 82 24 over
3019 2068 67 24 one
3116 2088 35 8 ...
3208 2059 42 36 Id

2678 2132 44 24 CO
2728 2132 125 26 UNTRY
2873 2135 67 24 LRT
2951 2136 12 23 F
2972 2137 75 26 EIIS.

2536 2171 122 35 Posted
2681 2183 33 23 at
2735 2187 66 31 any
2834 2183 78 35 post
2930 2177 99 35 office
3050 2179 118 36 within
3193 2180 58 37 the

2484 2235 120 48 colony
2646 2238 51 34 !or
2735 2234 157 52 delivery
2924 2244 37 32 at
2993 2253 38 23 or
3064 2240 87 39 from
3185 2257 66 37 any

2484 2298 101 33 other
2601 2306 73 37 post
2693 2299 98 34 office
2814 2301 119 36 within
2956 2303 59 35 the
3032 2307 126 45 colony
3173 2323 6 19 :

2489 2366 67 34 Not
2578 2368 191 42 exceeding
2791 2368 67 35 half
2879 2383 42 21 an
2944 2384 113 24 ounce
3117 2404 20 8 ..
3207 2377 41 35 2ii

2490 2419 195 48 ftxceedmg
2705 2421 68 36 half
2794 2435 42 22 an
2858 2436 124 34 ounce,
3002 2426 62 36 but
3095 2432 63 32 not

2530 2485 71 22 exct
2616 2485 18 23 e
2650 2476 70 44 img
2737 2486 66 23 one
2822 2487 113 25 ounce
3115 2511 35 7 ...
3205 2483 44 35 4d

2489 2524 63 36 For
2588 2540 101 33 every
2724 2528 68 36 m'f
2828 2542 113 26 ounce
2971 2544 84 24 over
3091 2547 67 25 one

2530 2591 114 22 ounce
2738 2610 35 7 •••
2927 2613 36 7 ...
3116 2617 34 7 ...
3206 2590 43 34 2d

2635 2672 22 23 A.
2662 2671 21 25 U
2688 2672 113 25 STEAL
2806 2673 65 25 lAN
2900 2674 197 29 COLONIES.

2488 2731 70 36 Xot
2577 2735 191 44 exceeding
2789 2735 73 37 half
2886 2750 42 23 an
2949 2751 113 25 ounce
3115 2772 36 8 ...
3205 2744 45 36 2d

2489 2785 195 47 Exceeding
2703 2787 75 38 half
2805 2803 42 24 an
2868 2804 122 34 ounce,
3014 2794 62 37 but
3095 2801 63 31 not

2529 2845 191 40 exceeding
2740 2856 66 22 one
2826 2857 112 24 ounce
3205 2852 47 36 4d

2489 2890 63 36 For
2587 2905 98 36 evtrj
2723 2893 73 37 half
2828 2909 112 23 ounce
2977 2910 82 25 over
3092 2913 66 24 one

2531 2959 17 21 «
2556 2959 43 23 Ull
2606 2961 38 22 ce
2738 2977 37 9 ...
2926 2980 37 9 ...
3116 2986 35 7 ...
3206 2956 46 38 24

2511 3037 171 25 ENOLANO
2710 3040 75 23 AND
2812 3040 170 27 FOREIGN
2999 3044 225 29 COUNTRIES.

2697 3113 67 37 Per
2784 3115 92 38 Half
2905 3115 138 41 Ounce.

2491 3164 126 36 Unite*!
2646 3165 189 48 Kingdom,
2869 3170 52 34 via
2951 3175 68 31 San
3047 3172 89 36 Fran-

2531 3218 92 36 cisco
2643 3219 67 36 and
2738 3224 89 33 Suez
3117 3251 39 9 ...
3208 3230 45 37 (>d

2491 3269 127 37 United
2658 3274 117 35 States
2811 3273 38 36 of
2890 3275 175 47 America,
3109 3280 52 36 via

2531 3325 67 34 San
2624 3324 191 38 Francisco
3121 3363 35 7 ...
3210 3336 45 37 gj

2486 3379 181 36 Sandwich
2689 3379 152 48 Islands,
2871 3382 53 38 via
2959 3382 69 38 San
3048 3384 89 40 Fran-

2502 3483 9 9 n
2532 3443 92 22 C,5C<)
2849 3485 6 7 t
2928 3466 34 7 ...
3117 3469 36 9 ...
3208 3444 47 36 6d

2487 3482 177 37 Canadian
2712 3483 224 51 Dominions,
2980 3489 54 37 via
3091 3491 70 39 San

2533 3535 193 38 Francisco
2928 3572 35 8 ...
3118 3576 36 8 ...
3210 3549 43 37 8d

2490 3588 127 35 British
2641 3591 188 37 Columbia
2927 3625 36 8 ...
3118 3629 35 7 ...
3220 3602 11 34 ]
3238 3615 17 23 s

2490 3640 30 36 \V
2521 3640 9 12 r
2535 3647 54 29 est
2613 3641 117 38 Indies
2925 3679 34 7 ...
3114 3682 35 8 ...

2488 3694 148 42 Mexico,
2657 3697 52 33 via
2727 3697 66 35 San
2817 3699 194 38 Francisco
3114 3735 21 8 ..

2484 3747 112 35 C«mtr
2611 3747 18 50 iI
2657 3749 161 38 America
3114 3789 36 7 ...
3216 3762 13 35 ]
3239 3775 14 21 8

2484 3800 109 37 South
2616 3801 172 46 America,
2807 3803 53 36 via
2877 3806 67 35 San
2965 3807 188 41 Francisco
3215 3817 37 34 Is

2738 3882 21 24 N
2772 3883 228 29 EWSPAPERS.

2490 3937 123 37 Posted
2649 3952 18 23 a
2717 3953 67 31 any
2817 3941 99 38 office
2949 3944 122 39 within
3102 3948 59 37 the

2528 3992 122 46 colony
2675 4001 52 27 ror
2747 3994 153 50 delivery
2921 4003 37 29 at
2985 3998 60 36 the
3064 4014 94 24 same

2528 4043 76 36 offic
2610 4059 17 20 «
2926 4082 35 5 ...
3114 4080 39 10 ...
3207 4059 45 43 H

2488 4095 124 37 Posted
2645 4108 36 24 at
2712 4111 67 35 any
2813 4099 99 38 office
2945 4102 123 39 within
3097 4106 61 38 the

2528 4151 123 45 colony
2675 4153 51 32 for
2747 4152 152 48 delivery
2920 4161 37 29 at
2972 4169 66 36 any
3055 4158 105 38 other

2529 4200 97 40 office
2646 4203 119 39 within
2787 4205 58 37 the
2865 4208 127 49 colony
3117 4245 36 7 ...

2484 4255 204 36 Australian
2709 4258 167 37 CoJonies
3119 4297 35 7 ...
3210 4270 13 33 ]
3232 4285 8 20 {
3241 4272 11 34 (

2487 4306 130 38 United
2642 4308 181 47 Kingdom
3116 4350 34 7 ...
3208 4322 42 36 id

2671 4388 66 38 Yu
2758 4393 67 33 San
2855 4391 207 42 Francisco.

2486 4450 130 37 United
2640 4452 119 37 States
2779 4456 33 34 of
2832 4456 167 39 America
3117 4494 35 7 ...
3210 4467 42 35 Id

2484 4503 182 38 Sandwich
2688 4505 140 39 islands
3117 4548 36 8 ...

2484 4558 178 36 Canadian
2686 4560 212 39 Dominions
3118 4602 34 7 ...
3208 4574 40 35 26

2490 4609 127 37 British
2642 4612 187 41 Columbia
3117 4656 21 7 ..
3206 4627 45 37 2d

2490 4663 30 34 VV
2533 4670 54 29 est
2607 4664 123 39 Indies
3205 4682 45 35 2d

2484 4715 143 37 Mexico
3206 4734 44 36 9^

2484 4769 143 36 Central
2651 4772 162 38 America
3205 4788 45 35 2d

2482 4821 112 36 South
2616 4826 187 38 Amerrica
3117 4868 6 7 .
3146 4868 6 8 .
3206 4840 45 36 2d

2716 4906 102 28 book
2845 4910 166 29 packets

2487 4963 124 39 Posted
2644 4971 36 31 at
2709 4981 68 37 any
2809 4973 96 35 office
2940 4977 123 35 within
3097 4979 60 37 the

2527 5019 124 47 colony
2674 5021 53 35 for
2747 5024 154 46 delivery
2920 5037 35 26 at
2976 5029 59 36 the
3050 5044 107 33 same,

2528 5071 120 37 within
2688 5075 61 35 the
2784 5077 137 48 colony,
2959 5080 60 37 the
3063 5084 70 36 Aus-

2527 5131 126 29 tralian
2677 5127 164 46 °olonies,
2860 5145 38 21 or
2930 5132 59 37 the
3022 5134 135 40 United

2533 5176 175 38 Kingdom
2812 5212 34 7 ...
2951 5186 61 35 loz
3114 5220 35 9 ...
3206 5195 44 35 Id

2810 5263 35 8 ...
2947 5239 63 34 2og
3204 5247 43 31 2<J

2576 5280 53 38 i>»
2810 5316 35 8 ...
2949 5288 61 43 in.
3112 5270 35 64 :::
3201 5260 48 76 3

2573 5332 56 37 1)0
2703 5388 5 7 .
2733 5390 7 6 .
2952 5341 56 37 llb
3112 5378 35 8 •••
3202 5350 44 37 §d

2464 5386 1 52 :
2486 5386 108 37 Kverv
2631 5388 193 39 additional
2853 5395 132 43 pound,
3003 5410 39 22 or
3062 5398 75 39 frac-

2527 5439 109 36 tional
2653 5448 78 41 part
2752 5444 33 35 of
2805 5456 19 24 a
2845 5447 120 45 pouud
3114 5483 35 9 ...
3205 5456 21 40 J
3227 5475 10 20 i(
3237 5454 13 42 J

2679 5521 23 37 \
2717 5535 28 24 ia
2765 5524 68 36 San
2857 5524 204 45 Francisco.

2484 5593 128 37 Infed
2650 5595 130 44 States,
2813 5614 103 36 every
2956 5604 57 43 fib
3116 5641 35 8 ...
3206 5616 44 36 4d

2464 5649 1 58 |
2480 5649 180 37 Sandwich
2685 5651 135 38 Islands
2965 5687 19 15 „
3203 5669 46 36 4^

2479 5699 177 40 Canadian
2680 5704 210 40 Dominions
2965 5738 20 17 ~
3114 5745 21 7 ..
3205 5722 44 35 gj

2483 5751 128 39 Brit'sh
2636 5757 186 39 Columbia
2966 5793 19 11 „
3203 5774 42 30 (u

2483 5804 100 38 West
2602 5807 125 37 Indies
2965 5842 6 6 .
3224 5826 21 22 a
