4140 5940
1312 52 116 43 THE
1482 51 185 42 LYELL
1720 50 185 48 TIMES,
1961 48 308 59 SATURDAY,
2324 60 312 45 NOVEMBER
2689 77 57 40 27,
2804 66 103 41 1886.

278 179 141 38 Mining.
431 178 150 32 Notices.

109 257 79 31 TYR
205 258 190 34 CONNELL
411 262 161 37 QUARTZ
590 263 149 31 MINING

232 311 192 35 COMPANY
439 315 177 32 LIMITED

109 420 208 33 LENDERS
339 423 178 32 WANTED
540 424 43 32 for
607 426 132 30 WORK-

115 457 27 42 I
191 473 72 31 ING
299 474 175 33 PORTION
504 476 32 32 of
566 476 60 32 this
654 477 64 31 Com-

107 529 103 38 pany's
238 527 105 31 MINE
367 539 38 19 on
431 529 179 31 TRIBUTE
634 530 44 31 for
704 532 35 28 18

108 579 130 34 months.

148 670 223 44 Specifications
386 674 57 32 and
458 673 165 35 conditions
635 684 55 24 can
704 675 35 33 be

108 736 68 19 seen
197 728 31 27 at
250 726 52 31 the
327 726 178 41 Company's
530 728 100 36 Office,
643 729 96 30 where

108 778 40 31 all
173 778 192 34 TENDERS
388 779 59 33 will
470 780 34 33 be
527 781 212 33 RECEIVED

106 842 40 30 tip
160 834 31 29 to
205 834 18 30 7
238 833 110 31 o'clock
362 844 71 30 p.m.
449 844 39 21 on
512 833 225 38 SATURDAY,

105 884 73 36 27th
193 885 123 34 instant.

145 991 25 32 A
184 991 113 42 deposit
311 992 32 32 of
355 993 40 32 £5
416 995 31 30 to
462 1003 179 32 accompany
664 992 73 33 each

104 1036 113 32 tender.

146 1125 62 34 The
222 1126 101 33 lowest
337 1139 33 21 or
384 1139 58 30 any
456 1129 102 31 tender
571 1131 53 29 not
637 1139 82 21 neces-

105 1181 67 33 sary
186 1171 146 43 acoepted.

358 1218 133 31 JAMES
501 1214 173 38 INGLIS,:

500 1259 3 45 .
542 1259 152 45 Manager'.

142 1312 96 40 Lyell,
254 1312 80 30 22nd
348 1312 175 36 November,
541 1315 85 28 1886;
641 1322 16 26 A
685 1343 9 7 ..
713 1317 17 24 \

170 1398 250 29 APPLICATION
440 1400 73 28 FOR

243 1482 102 28 Nelson
360 1482 167 29 South-west
541 1482 158 35 Goldfields,

309 1521 155 28 November
472 1520 72 35 18th,
555 1523 75 30 1880.

134 1571 41 31 To
193 1579 56 22 the
268 1574 128 27 Warden
414 1580 34 21 at
466 1574 132 28 Lyell—■•
618 1590 19 12 .-..
647 1571 23 31 1i

151 1618 159 29 HEREBY
328 1618 83 38 apply
438 1621 42 26 for
501 1630 16 18 a
541 1616 193 42 Gold-Mining

174 1659 85 28 Lease
279 1660 30 27 of
328 1659 47 28 the
396 1659 78 27 lands
498 1659 165 28 hereinafter
675 1660 42 28 des-

101 1698 99 31 cribed,
224 1697 29 27 in
289 1698 165 27 accordance
484 1698 66 27 with
581 1698 47 27 the
651 1698 79 28 Gold-

101 1736 108 35 Mining
222 1736 99 28 Leases
335 1736 177 35 Regulations
535 1740 28 24 ot
585 1736 67 29 New
666 1736 48 30 Zea-

99 1775 75 31 land,
188 1774 53 28 and
264 1774 14 27 I
298 1784 88 24 agree,
401 1784 75 26 upon
497 1774 46 28 the
563 1776 129 35 approval
706 1776 28 27 of

99 1813 55 27 this
167 1812 176 37 application,
357 1817 27 24 to
397 1818 109 23 execute
528 1823 15 18 a
565 1813 71 32 lease
657 1823 72 28 upon

98 1851 46 28 the
158 1851 70 28 basis
240 1851 106 28 therein
370 1852 97 32 stated,
480 1852 24 27 if
522 1851 45 28 the
590 1853 141 28 Governor

97 1889 72 28 shall
182 1889 79 28 think
275 1889 31 29 fit
320 1894 27 24 to
360 1894 80 32 grant
454 1889 45 30 the
513 1900 84 19 same.

165 1942 223 29 FREDERICK
417 1941 242 35 FEDDERSEN,
674 1941 4 35 ■

540 1983 154 37 Applicant.

131 2029 88 28 Name
231 2029 54 28 and
296 2030 111 28 address
420 2030 27 28 in
455 2030 49 28 full
511 2030 30 28 of
557 2031 173 37 applicant—

164 2067 145 29 Frederick
323 2069 154 27 Feddersen
492 2070 87 32 Lyell.

130 2106 75 35 Style
219 2107 85 26 under
316 2107 89 26 which
420 2108 21 26 it
454 2108 22 27 is
486 2108 129 27 intended
627 2112 27 23 to
666 2118 46 20 con-

165 2144 63 27 duct
256 2146 47 26 the
324 2144 124 29 business
506 2145 56 28 The
590 2146 137 28 Sunbeam

162 2184 102 33 Quartz
281 2183 107 35 Mining
409 2185 151 35 Company.

128 2220 103 29 Extent
245 2221 30 28 of
294 2221 225 39 grouud*applied
541 2222 186 29 for—Sixteen

162 2260 53 28 and
229 2260 91 29 a-half
334 2270 82 19 acres.

129 2298 148 27 Minimum
291 2300 116 26 number
429 2300 30 26 of
476 2308 64 18 men
554 2301 132 34 proposed
700 2306 28 22 to

163 2335 32 29 be
216 2335 142 39 employed
381 2336 35 39 by
430 2337 46 29 the
492 2337 175 30 lessee—For
681 2339 46 29 the

163 2376 59 26 first
249 2380 75 23 three
355 2378 121 29 months,
503 2380 17 24 '2
551 2387 82 23 men;
666 2379 45 27 sub-

164 2414 151 36 sequently,
329 2414 79 28 when
423 2416 26 26 in
464 2415 47 27 full
526 2415 84 33 work,
624 2417 16 26 0
653 2425 73 19 men.

127 2452 124 29 Amount
270 2454 29 27 of
318 2455 99 34 capital
439 2455 133 36 proposed
593 2460 28 23 to
644 2455 31 28 be
686 2455 26 29 in-

162 2491 126 27 vested—
293 2492 126 32 £12,000.

127 2529 137 36 Proposed
278 2529 78 29 mode
374 2531 30 27 of
423 2530 121 33 working
558 2531 46 28 the
617 2531 110 29 land.—

160 2568 136 35 Ordinary
310 2569 80 27 mode
396 2569 40 27 Y>f
447 2576 94 28 quartz
557 2570 116 34 mining.

126 2605 107 30 Precise
253 2606 110 37 locality
372 2608 137 36 —Alpine
529 2608 95 34 Range
647 2609 78 37 Lyell

159 2645 114 28 distiict.
311 2647 132 27 Rounded
464 2657 35 17 on
522 2648 44 27 the
581 2648 85 28 South
690 2648 36 36 by

158 2684 47 27 the
221 2684 101 28 United
336 2685 97 36 Alpine
449 2685 104 36 Special
569 2685 86 28 Claim
670 2687 52 27 and

159 2723 97 27 Crown
271 2723 87 32 lands,
368 2734 34 18 on
415 2724 46 28 the
474 2728 59 24 east
546 2724 34 36 by
596 2726 46 26 the
654 2725 51 29 Twi-

160 2762 68 32 light
242 2763 79 30 lease,
333 2773 34 17 on
381 2766 46 27 the
438 2764 80 26 north
532 2764 53 26 and
601 2770 67 22 west
690 2765 34 34 by

160 2801 97 27 Crown
273 2801 85 27 lands.

123 2839 80 28 Term
219 2840 40 27 f>r
281 2840 87 27 which
390 2841 71 27 lease
483 2840 23 28 is
532 2840 192 37 required—ls

158 2887 88 25 years.

123 2916 78 27 Time
209 2916 29 28 of
245 2917 190 33 commenc'ng
444 2917 153 39 operations
600 2917 121 28 —When

158 2955 71 27 lease
244 2956 22 26 is
279 2955 123 30 granted.

121 3034 59 30 The
191 3036 84 28 above
283 3037 164 36 application
459 3038 54 27 and
523 3048 54 25 any
586 3037 133 37 objection

87 3074 106 28 thereto
218 3075 52 27 will
296 3075 33 26 be
351 3076 84 26 heard
459 3081 30 21 at
514 3077 46 26 the
582 3077 139 27 Warden's

87 3112 84 28 Office
208 3115 27 26 at
274 3112 87 30 Lvell.
398 3123 35 18 on
470 3114 250 31 WEDNESDAY,

86 3151 46 27 the
148 3151 61 28 ll)th
224 3151 185 29 JANUARY.
425 3154 74 27 1887.

120 3190 64 35 Any
208 3199 96 26 person
330 3188 119 38 desir.ng
472 3197 26 22 to
522 3191 87 36 object
629 3193 27 27 to
675 3192 46 29 the

85 3227 71 28 issue
181 3229 29 27 of
228 3239 15 17 a
268 3229 108 33 Mining
392 3230 80 27 Lease
487 3239 74 26 upon
576 3231 45 26 the
637 3231 83 28 above

86 3267 164 36 application
273 3273 83 27 must,
377 3268 95 29 within
499 3269 33 28 31)
557 3269 72 28 clear
654 3269 67 36 days

86 3305 69 28 from
172 3307 44 26 the
231 3307 61 28 date
316 3307 31 28 of
367 3307 64 28 such
456 3308 175 36 application,
645 3314 77 23 enter

86 3344 44 26 his
151 3342 134 39 objection
310 3351 28 21 at
360 3346 47 26 the
431 3346 142 27 Warden's
597 3346 83 27 Office
694 3353 26 21 at

86 3382 88 38 Lyell.

223 3424 153 27 ALFRED
395 3425 31 27 A.
448 3425 201 34 CORFIELD,

483 3464 56 27 Pro
561 3464 125 28 Warden.

182 3500 145 28 Warden's
348 3501 93 34 Office,

121 3539 89 38 Lyell,
226 3540 61 30 18th
304 3540 155 30 November
473 3542 45 29 188
518 3542 30 29 G.

246 3618 120 30 Public
384 3617 153 32 Notices.

217 3832 150 32 NOTICE
398 3833 51 31 OF
471 3833 115 33 SALE.

163 3955 46 43 By
233 3956 92 32 Order
350 3956 32 31 of
403 3956 50 32 the
481 3956 111 33 Sheriff
613 3958 32 31 of
668 3958 50 33 the

244 4010 140 33 Sheriff's
394 4011 123 32 District
525 4012 32 31 of
565 4011 153 35 Westland

241 4064 107 36 North,
364 4064 94 31 under
472 4074 17 21 a
504 4064 76 31 Writ
595 4065 31 30 of
640 4066 77 36 Sale,

243 4118 98 32 issued
368 4120 51 31 out
447 4118 33 32 of
499 4118 50 33 the
576 4118 141 42 Supreme

242 4172 92 33 Court
362 4173 31 32 of
417 4173 72 32 New
518 4173 140 39 Zealand,
687 4177 31 29 at

244 4225 194 38 Wellington,
492 4245 11 4 -
620 4242 8 10 <•
653 4225 3 38 -

162 4291 38 31 In
216 4302 36 21 an
269 4292 97 31 action
376 4292 31 31 in
418 4292 98 33 which
532 4292 77 32 John
624 4294 73 31 Bate-

242 4345 58 20 man
324 4335 169 37 Harcourt,
520 4337 31 30 of
572 4337 51 30 the
651 4337 66 40 City

242 4379 31 32 of
296 4379 191 41 Wellington,
504 4380 166 38 Merchant,
692 4380 25 32 is

243 4423 50 31 the
321 4424 137 38 plaintiff,
489 4425 57 29 and
581 4425 136 30 Charles

242 4466 204 34 Christopher
471 4467 119 34 Cullen
613 4468 25 33 is
663 4468 52 34 the

241 4511 169 30 defendant.

84 4622 26 24 T
132 4615 172 32 HEREBY
326 4615 99 33 GIVE
448 4617 149 32 NOTICE
620 4617 66 32 that
703 4619 15 31 I

85 4648 24 48 1
146 4669 59 31 will
217 4669 103 32 SELL
332 4669 38 42 by
379 4671 148 31 PUBLIC
540 4671 177 32 AUCTION

82 4731 40 22 on
132 4721 50 32 the
195 4721 71 32 15th
278 4722 56 42 day
344 4723 31 32 of
383 4723 238 38 DECEMBER,
631 4726 85 35 1886,

82 4776 31 27 at
128 4775 17 28 2
160 4774 111 31 o'clock
285 4786 84 28 p.m.,
386 4779 30 27 at
431 4776 51 31 the
497 4776 91 31 Court
605 4778 110 36 House,

82 4826 127 42 Lyell-

162 4880 50 31 All
226 4880 66 32 that
307 4882 97 40 parcel
420 4882 30 31 of
462 4882 70 31 land
547 4883 172 41 containing

241 4925 38 40 by
293 4926 257 32 admeasurement
565 4930 17 30 7
597 4928 121 39 perches

242 4970 93 35 (more
348 4980 31 22 or
390 4969 81 40 less),
485 4970 127 33 situated
624 4970 30 35 in
667 4972 50 33 the

241 5018 79 28 town
336 5016 31 31 of
388 5016 95 39 Lyell,
499 5016 89 40 being
602 5021 66 35 part
690 5019 31 30 of

239 5057 113 32 section
374 5058 163 31 numbered
561 5061 16 30 7
604 5070 38 20 on
667 5059 51 32 the

239 5101 70 41 plan
326 5103 32 31 of
377 5102 49 32 the
442 5102 63 32 said
520 5106 89 33 town,
626 5105 72 31 boun-

240 5146 55 31 ded
324 5156 38 21 on
391 5146 51 31 the
476 5147 170 31 northward
680 5150 38 29 30

240 5188 78 33 links
347 5189 38 42 by
414 5202 16 19 a
459 5189 99 42 public
583 5191 80 37 road,
680 5203 38 20 on

239 5234 50 32 the
318 5235 143 31 eastward
492 5236 56 30 150
576 5235 78 31 links
677 5235 39 41 by

238 5279 87 32 other
338 5283 66 37 part
419 5279 32 34 of
463 5278 50 34 the
529 5280 62 31 said
607 5280 111 33 section

238 5323 164 30 numbered
427 5325 27 33 7,
478 5334 39 20 on
541 5324 50 30 the
616 5325 108 30 south-,

238 5367 80 32 ward
346 5369 39 29 30
419 5366 78 32 links
532 5366 38 43 by
612 5367 105 32 Crown

238 5410 111 37 Lands,
367 5412 58 30 and
447 5422 38 20 on
501 5411 49 31 the
566 5412 152 31 westward

240 5457 57 29 150
320 5455 77 30 links
421 5455 37 40 by
486 5455 85 31 other
595 5458 66 37 part
690 5456 30 31 of

238 5498 63 31 said
314 5498 111 32 section
440 5497 163 33 numbered
615 5501 27 35 7,
659 5500 58 30 and

238 5543 88 40 being
341 5543 50 32 the
407 5543 94 32 whole
520 5544 31 31 of
572 5544 50 32 the
647 5544 70 32 land

238 5588 171 29 mentioned
435 5588 57 29 and
518 5588 150 30 described
685 5589 32 29 in

237 5633 87 32 grant
339 5630 118 33 volume
471 5631 14 31 1
502 5630 70 33 folio
588 5632 66 31 G52.

238 5731 174 33 Conditions
430 5734 31 28 at
478 5731 77 32 Sale.

169 5786 168 32 ALFRED
359 5785 34 32 A.
419 5784 215 36 CORFIELD,

563 5830 98 31 Baliif;

943 185 119 31 Public
1080 187 150 30 Notices.

822 268 157 32 SCHOOL
1002 270 344 35 COMMISSIONERS*

923 312 317 36 SCHOLARSHIPS.

767 486 77 33 their
858 499 102 21 names
975 491 30 30 to
1016 488 51 34 the
1086 490 197 43 undersigned
1306 503 39 21 on
1366 503 32 22 or

768 531 96 31 before
879 532 50 30 the
946 533 71 31 11th
1030 533 58 42 day
1101 534 33 32 of
1139 534 164 35 December
1315 539 82 35 next,

767 574 134 40 together
925 576 71 33 with
1024 577 185 44 satisfactory
1235 578 103 35 letters
1366 591 32 23 or

767 620 84 31 other
863 621 184 38 documents,
1063 623 134 42 showing
1216 623 78 33 their
1317 625 66 41 eligi-

767 663 92 43 bility,
876 663 30 33 in
922 665 177 35 accordance
1113 666 72 34 with
1200 667 50 33 the
1271 668 108 42 Regula-

767 709 77 29 tions
859 708 44 32 for
917 709 82 32 these
1012 710 206 42 Scholarships
1232 713 166 41 previously

765 750 166 40 published.
974 752 83 42 They
1077 763 49 23 are
1150 754 110 43 hereby
1283 755 115 33 furtner

765 794 146 33 informed
925 795 66 33 that
1015 795 50 33 the
1090 798 229 34 Examinations
1337 800 61 32 will

766 837 34 31 be
815 838 69 31 held
898 850 38 20 on
952 839 50 31 the
1014 840 79 31 22nd
1114 842 59 30 and
1197 843 73 31 23rd
1285 844 32 30 of
1338 844 38 31 De-

765 881 199 40 cember,—in
978 883 111 34 Nelson
1104 887 31 30 at
1157 885 49 34 the
1230 886 167 34 Provincial

765 927 91 37 Hall;
879 931 30 28 at
924 928 153 41 Westport
1084 931 59 30 and
1157 931 135 38 Reefton,
1304 936 30 28 at
1345 933 51 32 the

764 969 104 32 Public
884 971 241 38 Schuol-houses,
1139 974 201 42 respectively.

1018 1015 299 41 H.C.DANIELL,

1192 1062 163 43 Secretary.

765 1100 108 34 School
887 1101 254 35 Commissioners'
1157 1105 101 38 Office,

841 1146 121 37 Nelson,
979 1147 72 32 18th
1065 1148 175 38 November,
1258 1152 87 29 1886.

750 1236 3 47 (
765 1237 127 28 1886.
908 1236 176 31 SUMMER
1106 1238 145 32 GOODS.
1266 1242 128 30 —IBB7.

813 1307 531 96 harbour~hou.se,

878 1408 82 30 (Next
977 1407 184 38 Temperance
1174 1409 105 36 Hotel),

779 1464 268 31 PALMEBSTON
1065 1466 66 34 ST.,
1153 1467 223 31 WESTPOBT.

760 1566 118 63 Litest
887 1569 167 61 Fashions
1062 1571 36 58 in
1108 1571 155 61 Summer
1270 1572 120 61 Goods.

760 1710 56 61 J.
863 1696 249 84 KjLY
1150 1710 53 64 &
1247 1712 140 75 CO.,

807 1785 5 9 5
832 1784 60 38 ■'•-•'.
942 1784 47 19 **'
995 1788 18 16 u
1017 1787 5 6 '
1049 1795 54 21 ARE

767 1835 103 33 NOW
917 1836 210 32 SHOWING-
1159 1839 74 39 Jhe
1284 1838 104 33 Latest

761 1879 143 32 Fashion's
920 1881 28 33 in
972 1884 136 29 Summer
1126 1882 113 37 Goods,
1253 1884 53 30 viz.

802 1924 136 37 DresSe*,
965 1925 107 37 prints,
1096 1925 141 40 Delanes,
1263 1926 122 40 Pompa*

758 1968 101 37 (lours,
889 1968 141 38 Bonnets,
1059 1969 87 39 Hats,
1173 1971 118 40 Straws,
1318 1973 51 31 Rib-

760 2013 82 37 bons,
859 2013 137 37 Flowers,
1014 2014 103 36 Laces,
1132 2020 56 26 etc.

798 2057 67 31 Our
917 2057 162 40 purchases
1128 2059 122 33 include
1302 2071 84 22 many

757 2100 154 37 novelties,
946 2101 58 31 and
1040 2112 51 21 are
1126 2103 34 31 of
1195 2103 51 32 the
1289 2104 101 30 BEST

756 2142 86 42 QUA
850 2142 42 32 LI
902 2142 47 33 IT
964 2144 95 33 made.

798 2187 35 30 In
853 2187 99 31 Metis*
971 2189 142 37 Clothing;
1129 2201 42 21 we
1202 2201 51 21 are
1279 2191 109 40 selling

758 2241 16 21 a
796 2230 183 33 FirsUClass
995 2230 129 42 Mosgjel
1141 2234 65 31 Suit
1223 2234 125 41 for|4Bs.

798 2279 53 25 See
863 2286 55 19 our
934 2276 136 38 splendid
1098 2278 113 40 variety
1239 2279 32 30 of
1300 2279 85 38 Paget

758 2318 55 31 and
833 2316 53 32 S.«e
905 2319 98 35 (oats,
1027 2319 53 31 TV
1089 2331 82 21 users
1197 2325 57 27 and
1286 2321 100 33 Vests.

761 2363 84 36 Hats,
863 2363 76 38 Ties,
954 2363 107 39 Shirts,
1077 2365 149 39 Flannels,
1242 2371 48 27 etc

807 2444 170 42 Inspection
992 2444 200 46 Respectfully
1206 2448 127 33 Invited.

753 2526 31 39 J.
805 2525 130 40 DALY
954 2529 29 38 &
1005 2528 74 48 CO.,
1093 2530 162 39 Harbour
1268 2531 119 40 House

852 2580 187 33 Palmerston
1055 2582 55 37 St.,
1127 2583 160 41 Westport.

789 2665 287 42 GALLAGHER
1098 2671 261 48 BROTHERS,

755 2747 286 80 WHOLESALE
1079 2752 100 31 AND
1216 2753 169 32 RETAIL

935 2794 269 42 MERCHANTS,

800 2881 240 48 Auctioneers,
1077 2883 72 38 and
1183 2884 152 39 General

968 2937 199 52 Importers,

749 3032 46 27 AT
824 3033 218 34 CRONADUNv
1059 3034 217 32 CAPLESTON
1302 3038 79 29 AND

963 3085 210 29 WESTPORT.

751 3235 173 38 Up-country
936 3238 92 28 orders
1036 3241 161 36 punctually
1209 3243 129 28 attended
1351 3247 28 26 to

772 3275 54 28 and
840 3275 84 35 goods
937 3277 126 38 supplied
1073 3282 28 25 at
1113 3279 136 38 Westport
1261 3281 96 37 prices.

848 3357 195 41 THOMAS
1077 3360 205 51 WRIGHT,

749 3431 327 31 T7TTATCHMAKER
1089 3435 55 28 and
1162 3436 219 37 JEWELLER,

840 3485 72 27 Kext
924 3486 102 28 Powell
1037 3487 56 28 and
1107 3488 72 28 Co.'s
1194 3493 84 30 store,

778 3550 214 36 -Palmerston
1019 3552 126 41 Street,
1167 3555 216 41 Westport,—

783 3678 30 30 T.
827 3679 43 30 W.
884 3680 23 29 is
928 3689 64 21 now
1013 3683 132 37 prepared
1166 3689 27 24 to
1213 3689 111 25 execute
1343 3686 37 29 all

748 3717 80 29 kinds
841 3720 30 27 of
885 3721 103 35 repairs
1001 3725 28 25 to
1052 3722 137 34 Watches,
1203 3723 107 35 Clocks,
1324 3726 54 28 and

748 3756 144 38 Jewellery
905 3764 28 22 at
946 3759 47 29 the
1014 3760 119 28 shortest
1154 3763 99 32 notice,
1267 3764 55 27 and
1344 3774 36 18 on

748 3795 45 29 the
815 3801 73 24 most
911 3798 156 30 reasonable
1092 3804 93 24 terms.
1232 3801 46 28 All
1303 3802 75 29 work

747 3835 166 33 guaranteed
926 3836 40 28 for
986 3837 97 29 twelve
1096 3839 122 34 mouths,
1231 3849 31 19 or
1282 3840 96 37 failing

747 3873 166 29 satisfaction
927 3875 47 29 the
986 3883 101 30 money
1099 3877 56 29 will
1169 3877 31 29 be
1214 3878 150 30 Returned.

790 3957 52 20 ALL
860 3955 81 24 WORK
959 3958 73 22 done
1051 3960 36 21 on
1105 3960 56 22 the
1186 3962 145 22 premises.

745 4026 45 29 All
810 4028 75 29 work
904 4029 48 29 left
971 4034 28 25 at
1020 4031 139 30 Fennell's
1178 4033 87 34 Store,
1288 4034 89 37 Lyell,

924 4068 53 27 will
989 4068 33 29 be
1035 4069 160 29 forwarded.

844 4149 45 56 E.
943 4150 48 56 R.
1046 4151 232 66 ISSELL,

818 4224 218 28 THOLESALE
1056 4227 78 25 AND
1157 4228 139 26 RETAIL
1317 4229 40 26 TO-

771 4275 8 5 ■
801 4275 10 5 -
870 4260 207 31 BACCONIST
1096 4261 78 31 AND
1194 4263 124 30 FANCY

883 4301 121 29 GOODS
1032 4303 207 34 IMPORTER,

745 4353 71 32 Has.-,
822 4364 40 25 on
877 4355 60 33 sale
951 4355 110 33 Pianos
1078 4367 39 21 on
1142 4357 72 32 time
1238 4363 140 37 payment

739 4407 105 31 »vxi*
917 4433 8 5 ..
1000 4403 120 39 system.

745 4459 272 42 Also.Accordious,
1028 4463 121 43 Banjos,
1163 4463 213 35 Tambourines

746 4507 7 32 \
797 4505 200 38 Concertinas,
1008 4506 114 38 Flutes,
1138 4508 125 36 Violins,
1279 4511 48 28 &c.

745 4586 92 35 Hyde
849 4587 91 31 Books
947 4587 57 37 for.
1021 4586 43 32 all
1084 4590 81 29 hinds
1184 4591 192 30 instruments.

746 4659 150 44 Gpld.a£d
912 4659 94 38 Silver
1016 4666 166 42 'Jewellery
1206 4667 30 36 in
1261 4668 117 33 Newest

778 4707 137 39 Designs.'
957 4709 156 42 Jewellery
1127 4711 58 32 and
1206 4712 139 32 Watches

822 4751 143 40 repaired,
983 4752 38 43 by
1049 4765 39 21 an
1110 4755 191 41 experienced

981 4795 162 35 Workman.

745 4877 89 35 Agent
860 4878 43 28 for
927 4878 99 30 Patent
1057 4881 149 29 Medicines
1233 4892 30 19 as
1287 4884 89 27 usual.

924 4955 38 32 E.
985 4956 36 32 E.
1043 4957 157 39 ISSELL,

758 5009 122 38 HAIR
908 5009 236 42 DRESSING
1174 5013 192 48 SALOON,

812 5061 195 32 Palmerston
1030 5063 114 32 Street
1166 5065 146 39 Central,

959 5117 211 29 WESTPORT.

826 5198 155 39 O'NEIL
1001 5201 69 37 and
1090 5202 210 43 HANSEN,

780 5272 8 18 i
808 5261 147 30 RTISTIC
975 5262 129 30 HOUSE
1132 5264 246 32 DECORATORS

780 5308 26 14 *■
1040 5312 56 18 AND

903 5339 87 27 SIGN
1024 5341 197 33 PAINTERS,

966 5396 150 37 Importers
1129 5397 31 29 of

745 5451 252 43 Paperhangings,
1005 5452 171 39 Varnishes,
1185 5454 72 37 Oils,
1265 5455 113 37 Paints,

840 5496 134 32 Window
988 5496 98 38 Glass,
1102 5498 187 38 Brushware,

970 5540 111 39 Colors,
1098 5543 59 36 &c,

765 5602 215 38 Palmerstou
1014 5603 122 47 Street,
1171 5605 186 46 Westport.

779 5717 92 37 Every
896 5718 134 28 attention
1056 5719 79 35 given
1161 5722 27 25 to
1214 5721 166 35 up-country

745 5756 100 28 orders.

779 5797 22 25 A
826 5795 102 37 special
952 5795 53 37 trip
1029 5795 79 30 nlade
1129 5800 28 25 to
1181 5797 77 37 Lyell
1277 5806 31 21 or
1320 5806 43 21 sur-

743 5834 135 37 iounding
892 5835 103 28 disUict
1009 5844 34 19 on
1063 5835 173 36 application.

1606 185 118 31 Public
1742 186 151 29 Notices.

1436 267 84 31 THE
1554 263 344 35 THOROUGHBKED
1919 261 147 38 HORSE,

1600 693 41 29 for
1654 692 47 30 the
1715 692 141 29 SEASON
1876 693 29 28 in
1918 691 47 30 the
1978 691 88 31 West-

1519 736 71 31 port,
1613 733 125 30 Reefton,
1760 731 74 34 Grey
1858 731 106 35 Valley,
1989 731 77 35 Lyell

1434 767 54 31 and
1502 769 94 38 Upper
1609 768 95 29 Buller
1722 767 136 30 Districts.

1469 863 145 29 Pedigree
1626 872 6 20 :
1652 863 58 29 The
1725 861 118 31 Grinder
1854 861 37 39 by
1903 862 108 29 Traitor
2018 866 48 26 out

1432 903 32 30 of
1474 903 170 30 Misfortune.
1681 902 58 30 The
1752 900 109 31 Traitor
1881 901 36 39 by
1929 901 137 31 Tradncer

1435 943 77 35 (imp)
1522 946 48 24 out
1580 943 29 27 of
1615 943 151 35 Deception
1778 941 87 37 (imp.)
1905 941 161 30 Misfortune

1433 980 36 36 by
1482 981 114 26 Towton
1611 980 77 36 (imp)
1704 984 47 23 out
1764 980 31 27 of
1804 979 113 36 Regalia
1931 980 77 36 (imp.

1467 1080 96 28 Terms
1584 1101 28 7 ...
1634 1081 38 27 j£3
1686 1081 38 27 3s.
1768 1079 153 35 Groomage
1942 1100 29 7 ...
1992 1081 40 26 ss.

1526 1119 38 28 To
1578 1118 33 29 be
1624 1119 64 36 paid
1701 1121 28 26 at
1742 1117 67 30 time
1821 1117 30 30 of
1860 1117 112 30 service.

1414 1179 2 96 i
1433 1200 123 75 Spring
1575 1201 30 60 &
1621 1201 156 60 Summer
1790 1199 180 76 Fashions,
1980 1200 83 62 1886

1561 1314 113 37 MISS
1708 1314 237 37 KENNEDY

1484 1371 280 31 IESPECTFULLY
1785 1371 100 30 invites
1906 1371 100 31 Ladies
2027 1375 37 26 afc-

1477 1413 14 19 J
1528 1412 106 27 tention
1648 1416 28 23 to
1687 1411 48 28 the
1754 1411 138 36 following
1904 1410 161 38 descriptive

1431 1449 46 29 list
1507 1449 30 30 of
1564 1448 89 31 NEW
1683 1449 174 30 SEASON'S
1889 1449 122 30 GOODS
2022 1457 42 21 :-

1433 1488 148 38 Millinery,
1594 1489 124 29 Bonnets
1731 1489 55 28 and
1799 1489 80 33 Hats,
1893 1488 28 29 in
1935 1488 46 29 the
1992 1488 56 30 lead-

1430 1528 47 34 ing
1490 1528 107 36 shapes,
1611 1532 102 23 newest
1726 1528 139 27 materials
1877 1528 55 28 and
1945 1528 94 28 colors.

1431 1566 178 35 Uqtrimmed
1640 1566 110 34 Straws,
1780 1568 30 27 in
1840 1566 47 29 the
1918 1566 145 38 Mephisto,

1465 1604 129 31 Katinka,
1642 1605 119 32 Verona,
1809 1605 112 28 Mikado
1969 1606 93 32 Faust,

1456 1642 124 34 .Coralie,
1589 1642 177 34 Badminton,
1776 1642 56 28 and
1841 1642 80 29 other
1931 1642 114 28 Fashion-

1463 1681 60 28 able
1543 1681 106 36 Shapes
1668 1681 68 29 New
1757 1681 84 29 Dress
1863 1681 80 37 Gaps,
1957 1682 105 28 French

1463 1720 131 33 Flowers,
1621 1719 145 37 Aigrettes,
1801 1719 117 35 Gauzes,
1946 1720 55 28 and
2026 1721 36 31 all

1464 1759 140 35 Millinery
1615 1759 171 28 Accessories
1797 1758 30 29 in
1842 1759 114 36 variety.

1427 1796 24 28 A
1464 1796 100 28 Choice
1578 1797 173 28 Assortment
1761 1797 31 28 of
1804 1797 127 33 Mantles,
1941 1797 119 34 Jackets,

1462 1836 87 36 Capes
1562 1834 54 29 and
1629 1835 99 28 Visites
1747 1836 29 27 in
1796 1835 67 34 Silk,
1877 1836 108 28 Canvas
2006 1836 54 29 and

1461 1874 71 28 Lace
1545 1873 139 37 profusely
1697 1874 139 28 trimmed.

1426 1912 84 28 Dress
1524 1912 139 28 Materials
1676 1913 29 27 in
1727 1912 131 37 Guipure,
1872 1912 80 32 Lace,
1971 1912 90 30 Cloth.

1460 1951 109 27 Canvas
1582 1950 104 32 Cloths,
1704 1952 99 35 Bages,
1818 1952 89 27 Nun's
1929 1951 131 38 Veilings,

1460 1989 94 38 Crimp
1568 1989 91 34 Cloth,
1672 1990 86 37 Ter»-y
1771 1990 96 38 Stripe,
1881 1991 45 28 &c.

1426 2028 65 29 Also
1522 2029 47 28 the
1594 2029 69 29 New
1688 2029 85 29 Pekin
1799 2030 107 37 Striped
1931 2029 59 29 Silk
2020 2030 40 28 for

1460 2067 152 34 trimming.

1426 2105 107 28 Ladies'
1553 2105 96 37 Ready
1674 2105 82 29 Made
1779 2106 154 34 Costumes,
1946 2106 29 29 in
2000 2116 59 19 new

1462 2144 102 33 Colors,
1578 2143 71 28 from
1662 2145 48 26 20s
1722 2147 28 24 to
1763 2145 55 27 355.

1426 2181 152 29 Childrens'
1589 2182 152 34 Costumes,
1748 2182 29 29 in
1784 2182 168 29 fashionable
1958 2185 83 28 mater-

1460 2220 59 33 ials,
1533 2220 56 27 will
1601 2220 33 27 be
1648 2220 79 28 made
1740 2220 54 28 and
1808 2220 137 28 trimmed.
2036 2220 17 31 .'

1425 2257 108 36 Ladies,
1548 2258 219 39 Underclothing
1787 2258 54 30 and
1862 2258 78 39 Baby
1963 2258 95 35 Linen,

1460 2307 15 17 a
1489 2298 92 27 varied
1592 2298 85 26 stock.

1424 2333 119 36 Ladies',
1565 2335 97 29 Maids'
1686 2335 54 29 and
1764 2335 158 29 Children's
1940 2335 118 36 Corsets',

1458 2374 30 28 in
1502 2375 46 27 the
1570 2374 104 34 Bridal,
1688 2375 125 33 Czarina,
1832 2375 151 36 Amethyst
2002 2377 53 27 and

1458 2411 80 30 other
1557 2412 107 29 Perfect
1686 2412 115 38 Shapes,
1819 2413 71 28 from
1912 2415 30 26 2s
1963 2416 29 26 to
2014 2415 46 29 15s

1458 2450 35 29 6d
1507 2460 48 28 per
1568 2451 66 36 pair.

1424 2489 109 29 Babies'
1562 2490 115 28 Pelisses
1702 2490 55 28 and
1787 2490 134 36 Carrying
1950 2490 108 35 Cloaks,

1458 2528 71 29 from
1543 2528 30 28 4s
1587 2528 35 28 6d
1634 2533 28 23 to
1674 2529 49 28 45s
1735 2528 76 29 each.

1423 2566 120 33 Hosiery
1565 2567 29 27 in
1616 2568 36 26 all
1674 2568 95 27 Colors
1789 2568 28 27 in
1843 2568 75 28 Lisle
1940 2568 117 34 Thread,

1459 2605 84 36 Spun,
1559 2605 57 28 Silk
1629 2605 52 28 and
1690 2605 156 29 Cashmere.

1423 2643 106 29 Ladies'
1544 2645 107 35 Aprons
1663 2644 29 28 in
1705 2648 77 31 great
1796 2646 106 35 variety
1914 2648 29 26 to
1957 2645 100 29 choose

1458 2682 78 33 from,
1550 2692 16 18 a
1589 2683 100 36 special
1710 2683 54 28 line
1786 2688 29 23 at
1829 2685 28 26 Is
1879 2683 77 34 each,
1969 2685 86 27 worth

1456 2720 106 29 double.

1422 2759 154 30 Children's
1597 2759 94 38 Ready
1716 2761 80 28 Made
1820 2761 149 34 Pinafores,
1991 2770 66 28 very

1456 2798 94 36 cheap.

1423 2836 238 29 N.B.—Feathers
1674 2836 122 36 cleaned,
1809 2837 71 36 dyed
1890 2836 53 30 and
1954 2838 101 34 curled,

1455 2876 80 36 equal
1549 2880 27 24 to
1679 2886 36 18 on
1728 2877 46 28 the
1787 2878 141 35 premises.

1588 2951 88 30 MISS
1696 2953 196 34 KENNEDY,

1458 2989 215 39 Palmerston
1695 2991 121 47 Street,
1830 2992 198 48 Westport_

1420 3078 309 75 Hardley
1771 3079 52 60 &
1868 3079 183 73 Sons,

1629 3168 222 36 TINSMITHS,

1451 3220 83 39 Iron
1554 3220 98 39 Plate
1672 3219 174 48 Workers,
1869 3222 156 39 Tinware

1594 3265 289 48 Manufacturers,

1557 3323 155 30 Wholesale
1737 3325 55 28 and
1816 3325 100 34 Retail,

1435 3373 270 33 PALMERSTON
1722 3376 67 35 ST.,
1812 3377 222 37 WESTPOBT,

1517 3468 120 29 shortest
1661 3469 96 29 Notice
1780 3480 54 26 any
1856 3480 118 20 manner
1995 3472 29 28 of

1559 3507 75 27 work
1646 3507 30 28 in
1691 3507 45 28 the
1755 3507 86 29 above
1853 3509 63 28 line.

1418 3553 80 30 Have
1512 3564 35 20 on
1561 3554 71 36 Sale,
1644 3559 28 27 at
1693 3555 112 39 Greatly
1821 3556 126 31 Reduced
1963 3558 90 30 Prices

1418 3594 167 33 Corrugated
1598 3595 55 26 and
1672 3596 78 26 Plain
1765 3596 65 26 Iron
1844 3597 94 26 Water
1952 3598 101 32 Tanks,

1417 3630 29 27 in
1469 3630 36 27 all
1527 3631 78 32 sizes,
1618 3631 162 36 Chimneys,
1806 3633 246 32 Wash-Furnaces,

1417 3668 154 30 enamelled
1594 3670 55 29 and
1674 3670 108 38 Copper
1811 3671 115 36 Boilers,
1954 3671 30 30 in
2015 3672 35 30 all

1417 3709 78 27 sizes.

1589 3748 25 27 A
1627 3748 87 37 Large
1726 3749 114 37 Variety
1853 3749 31 29 of

1417 3784 124 38 Cooking
1568 3786 119 36 Ranges,
1715 3788 105 33 Stoves,
1845 3788 56 28 and
1928 3788 125 36 Register

1417 3823 106 34 Grates,
1545 3823 37 36 by
1606 3824 46 29 the
1677 3826 66 28 Best
1768 3826 118 28 Makers.
1935 3828 73 34 Also,
2012 3821 6 43 \
2033 3831 27 30 4

1502 3862 88 34 Large
1603 3864 173 28 Assortment
1789 3864 31 27 of
1829 3863 135 29 Tinware.

1451 3899 153 30 Particular
1627 3902 134 28 attention
1782 3902 24 28 is
1827 3903 143 36 requested
1992 3897 40 35 oT

1504 3939 109 36 Mining
1625 3941 165 36 Companies
1811 3942 29 26 in
1852 3947 74 21 want
1940 3942 30 27 of

1415 3985 69 29 Iron
1515 3985 174 39 Syphoning,
1717 3986 54 30 Air
1801 3986 92 39 Pipes,
1923 3988 128 39 Sluicing

1517 4026 123 35 Nozzles,
1660 4028 224 36 Copper-Plates,
1902 4028 45 29 dc.

1432 4109 17 21 A
1475 4109 114 21 SPECIAL
1609 4111 64 19 TRIP
1691 4111 77 20 MaDE
1787 4112 36 20 ON
1841 4112 191 20 APPLICATION.

1416 4187 383 55 TEMPERANCE
1850 4189 196 62 HOTEL,

1511 4355 243 34 BOARDING
1788 4357 164 41 HOUSE,

1416 4435 186 31 Palmerston
1627 4436 107 37 Street,
1751 4437 121 31 Central
1886 4438 159 40 Westport.

1417 4606 361 58 ACCOMMODATION
1792 4609 41 26 for
1846 4607 200 30 BO\IIDERS

1562 4644 56 29 and
1631 4639 257 35 TRAVELLtikS.
1908 4654 6 20 :

1456 4812 99 40 MRS
1589 4814 159 44 POOLS,
1770 4815 239 49 Proprietress,

1418 4901 92 83 WE
1538 4911 49 23 are
1615 4913 66 21 now
1709 4901 134 43 showing
1870 4913 18 22 a
1916 4903 133 41 splendid

1623 4951 179 28 assortment
1820 4948 31 31 of

1419 4998 128 44 Ladies
1552 5002 6 16 1
1578 5001 71 40 and
1669 5001 199 41 Children's

1731 5057 178 37 Trimmed
1928 5058 120 37 Hats!

1470 5120 137 37 Specially
1621 5119 128 30 trimmed
1767 5120 40 28 for
1825 5122 46 26 the
1885 5121 117 35 Coming

1665 5158 143 35 Holidays.

1418 5209 187 42 Comprising
1626 5209 51 32 the
1702 5219 69 32 very
1797 5209 88 32 latest
1909 5210 142 33 novelties

1615 5254 33 32 of
1666 5254 51 31 the
1739 5264 114 22 seaion.

1418 5338 62 29 Our
1500 5338 90 29 Dress
1613 5337 197 39 Department
1834 5337 25 30 is
1881 5347 67 21 now
1973 5348 57 20 com-

1434 5407 8 6 .
1456 5380 77 41 plete
1561 5379 72 33 with
1662 5380 40 31 all
1726 5383 110 29 newest
1864 5380 102 32 makes
1994 5381 57 31 and

1457 5425 105 30 shades
1577 5425 31 29 in
1623 5433 86 32 every
1723 5425 112 40 variety
1850 5425 31 31 of
1903 5425 145 36 material,

1457 5468 72 30 with
1544 5467 169 41 trimmings
1728 5471 30 28 to
1772 5468 124 45 match.^

1452 5549 50 30 We
1515 5550 71 29 shall
1604 5550 33 29 be
1651 5550 93 38 happy
1757 5555 27 24 to
1797 5550 114 31 forward
1924 5561 56 27 you
1992 5554 42 35 pat-

1418 5593 75 23 terns
1506 5590 31 25 of
1549 5590 123 26 material
1686 5590 54 26 and
1753 5590 165 33 trimming*,
1932 5591 55 27 and
2000 5600 48 16 can

1418 5632 146 30 guarantee
1578 5637 16 17 a
1607 5626 102 37 perfect
1722 5627 31 29 tit
1766 5632 28 24 at
1808 5633 72 23 most
1893 5626 157 30 reasonable

1418 5665 108 35 charge.

1471 5741 44 40 e.
1543 5741 35 40 j.
1607 5719 216 64 waeFee
1850 5743 31 40 &
1907 5743 86 47 CO.,

1416 5796 70 62 The
1512 5797 78 63 Hall
1615 5797 39 63 of
1673 5799 204 73 Commerce,
1909 5799 135 62 Nelson.

2266 2437 119 32 Public
2403 2438 151 31 Notices.

2221 2526 121 32 JOHN
2377 2526 224 40 FENN^LL,

2166 2585 93 28 ENE
2269 2586 58 27 RA
2336 2587 23 26 L
2416 2587 39 32 Q
2464 2587 263 27 TOREKEEPEK.

2180 2663 84 28 Wine
2283 2672 55 19 and
2359 2664 94 27 Spirit
2476 2664 171 28 Merchant.

2128 2767 103 37 Money
2249 2768 103 37 always
2373 2769 30 28 in
2425 2768 75 28 hand
2521 2768 42 29 for
2580 2768 115 36 cashing

2346 2807 127 36 cheques.

2125 2924 110 28 Liberal
2249 2925 136 28 advances
2399 2926 80 27 made
2495 2935 35 18 on
2544 2925 107 38 parcels
2666 2926 30 28 of

2306 2965 118 27 retorted
2438 2964 73 31 gold.

2234 3081 75 38 Cliff
2332 3083 121 44 Street,
2478 3083 109 45 Lyell.

2090 3173 111 54 ALL
2222 3173 242 54 NATIONS
2495 3174 230 56 BAKERY

2177 3315 7 13 *
2229 3321 172 40 HENRY
2431 3322 165 39 YOUNG

2281 3392 83 36 AND
2399 3392 322 40 CONFECTIONER.

2270 3463 82 33 Cliff
2372 3464 56 40 St.,
2446 3463 105 40 Lyell.

2088 3572 51 29 Pic
2152 3572 78 34 Nics,
2252 3572 87 33 Balk,
2359 3572 58 28 and
2436 3572 122 36 Suppers
2587 3571 136 37 supplied.

2088 3678 202 43 Christening,
2318 3678 156 43 Wedding,
2497 3679 59 32 and
2580 3679 146 42 Birthday

2088 3724 94 33 Cakes
2203 3725 86 31 made
2314 3735 40 21 on
2377 3724 51 32 the
2450 3725 128 31 shortest
2598 3725 127 40 possible

2354 3769 108 31 notice.

2161 3835 40 32 H.
2224 3834 152 38 YOUNG,
2393 3834 71 32 Cliff
2486 3834 56 38 St.,
2559 3834 94 42 Lyell.

2107 3929 129 38 POST
2279 3931 193 37 OFFICE
2515 3932 190 41 HOTEL,

2295 3989 221 29 LYELL.

2137 4085 224 39 PETER
2393 4086 281 39 MANGOS

2101 4149 130 70 BEGS
2252 4153 27 25 to
2292 4150 102 28 inform
2415 4150 44 27 his
2477 4150 103 28 triends
2602 4150 55 27 and
2678 4150 46 29 the

2192 4189 93 37 public
2306 4189 62 28 that
2393 4189 43 28 his
2456 4199 60 18 new
2537 4189 188 29 commodious

2259 4228 85 26 Hotel
2358 4229 22 26 is
2394 4238 62 16 now
2469 4238 81 24 open.

2085 4262 153 29 Travellers
2257 4264 54 27 and
2332 4265 108 26 visitors
2459 4268 28 23 to
2507 4264 54 28 this
2580 4264 129 28 establish-

2120 4306 78 26 ment
2211 4304 55 28 will
2278 4303 58 29 find
2350 4303 71 30 their
2431 4304 118 28 comfort
2558 4304 54 28 and
2626 4314 47 19 con-

2155 4342 131 26 venience
2297 4342 167 35 thoroughly
2474 4342 129 26 attended
2617 4346 37 23 to.

2086 4377 59 30 The
2158 4377 147 30 bedrooms
2327 4389 45 18 are
2383 4379 78 36 lofty,
2476 4379 54 28 and
2544 4379 63 29 well
2620 4380 103 37 lighted

2289 4419 55 27 and
2365 4419 158 27 ventilated.

2121 4496 206 27 Comfortable
2357 4497 128 27 Parlors
2511 4505 56 19 and
2587 4497 86 29 First-

2304 4542 82 18 class
2405 4535 103 25 Table.

2103 4571 59 29 One
2185 4571 31 29 of
2236 4571 127 30 Alcock's
2377 4572 78 28 Prize
2468 4571 118 30 Billiard
2599 4572 107 30 Tables.

2086 4648 58 28 The
2158 4648 56 28 Bar
2227 4649 22 27 is
2264 4648 112 34 stocked
2387 4649 66 27 with
2467 4649 74 33 Ales,
2552 4650 105 33 Wines,
2670 4651 52 27 and

2139 4687 99 36 Spirits
2251 4690 25 25 of
2296 4687 168 34 guaranteed
2483 4689 101 27 brands
2597 4690 74 35 only.

2120 4726 24 26 A
2162 4725 144 29 first-class
2328 4735 11 17 s
2352 4726 159 29 xteen-stall
2523 4727 88 28 stable
2624 4729 73 26 iscon-

2086 4764 98 28 nected
2199 4763 66 30 with
2281 4765 54 28 this
2351 4764 84 29 hotel.

2339 4803 125 26 PETER
2488 4803 166 31 MANGOS,

2525 4841 153 32 Proprieor.

2666 193 118 29 Public
2814 193 151 29 Notices.

2203 292 215 70 EW
2465 298 457 69 SFHiHO
2978 298 411 72 GOODS

2381 699 85 27 aaSlaia
2474 699 43 28 tta'

2105 936 162 75 NOW
2338 939 315 75 OPENING
2721 939 201 75 FIRST
2987 940 405 76 SHIPMENTS

2105 1536 126 43 NEW
2262 1538 210 51 Bonnets,
2503 1539 126 50 Hats,
2662 1540 191 41 Flowers
2880 1541 85 41 and
2998 1541 247 41 Feathers!

2203 1623 126 42 NEW
2351 1625 157 49 Prints,
2529 1626 264 49 Camelines,
2814 1627 208 48 Sateens,
3038 1629 86 38 and
3146 1629 217 40 Galateas
3383 1631 7 36 !

2300 1714 126 40 NEW
2448 1714 135 40 Dress
2596 1714 161 51 Goods,
2774 1716 270 52 Trimmings
3063 1718 86 39 and
3174 1718 216 42 Buttons!

2398 1805 126 41 NEW
2547 1807 201 50 Ribbons,
2770 1808 156 42 Scarfs
2945 1810 86 40 and
3053 1810 126 41 Ties!

2493 1898 127 42 NEW
2643 1899 196 41 Mantles
2858 1901 85 40 and
2969 1901 211 42 Dolmans
3200 1904 7 38 !

2591 1990 127 41 NEW
2736 1989 173 52 Aprons
2927 1991 86 41 and
3039 1991 253 44 Pinafores!

2505 2338 119 33 CLIFF
2648 2338 339 40 STREET,*LYELL.

2928 2441 119 33 Public
3071 2444 150 33 Notices.

2760 2521 162 39 FERN
2970 2522 155 40 FLAT
3170 2526 218 49 HOTEL,

2916 2585 125 28 UPPER
3072 2587 164 29 DULLER.

2758 2684 7 4 -
2779 2684 9 18 |
2802 2684 24 4 -
2827 2684 39 5 ——■

2765 2705 37 14 ■*■
2846 2700 88 28 under
2944 2701 45 27 the
3001 2709 193 29 management
3203 2705 29 26 of
3242 2705 44 27 Mr
3298 2705 92 28 Alfred

2758 2736 100 36 Smith,
2869 2738 47 29 the
2928 2739 101 29 former
3041 2743 159 35 proprietor.

2790 2815 91 37 Every
2895 2818 238 28 accommodation
3141 2819 55 28 and
3209 2821 181 28 convenience

2756 2853 40 28 for
2808 2854 141 29 travellers
2961 2855 119 29 between
3096 2858 46 28 the
3156 2859 77 29 West
3245 2860 82 28 Coast
3337 2861 53 27 and

2758 2891 111 34 Nelson,
2890 2894 150 35 Hampden
3064 2895 172 34 Matakitaki,
3260 2898 130 37 Glenroy,

2757 2929 115 35 Maruia,
2886 2931 54 28 and
2953 2932 47 28 the
3013 2933 84 28 Owen
3111 2935 89 27 Reefs.

2757 3006 159 30 Newman's
2930 3008 90 36 Royal
3043 3010 68 28 Mail
3131 3011 70 29 Line
3221 3012 31 28 of
3269 3012 121 29 Coaches

2790 3046 80 28 make
2895 3046 56 29 this
2972 3047 139 38 hostelery
3130 3049 47 29 the
3198 3050 61 29 first
3280 3051 76 37 day's

2824 3089 75 31 stage
2912 3086 71 26 from
2994 3086 77 28 West
3078 3089 83 27 Coast
3170 3092 28 24 to
3210 3089 111 28 Nelson.

2789 3161 104 28 Horses
2906 3162 55 28 and
2979 3164 146 35 equipages
3138 3174 16 18 a
3168 3165 152 38 speciality.

2935 3209 190 39 ALFRED
3148 3211 163 48 SMITH,

3188 3257 165 37 Proprietor.

2826 3447 148 33 t^m\

3070 3444 170 20 WHOLESALE
3271 3446 56 19 AXD

3144 3483 101 21 RETAIL

2857 3629 113 27 Dealers
2983 3629 29 28 in
3026 3630 37 27 all
3076 3631 179 34 descriptions
3268 3631 31 27 of

2770 3676 106 29 FARM
2911 3677 79 28 AND
3026 3677 120 29 DAIRY
3182 3676 190 31 PRODUCE.

2754 3756 99 28 Hotels
2861 3756 56 28 and
2928 3756 132 28 Families
3067 3756 101 29 waited
3180 3765 37 19 on
3229 3756 42 28 for
3279 3756 109 28 Orders.

2787 3832 101 29 Orders
2907 3832 138 29 delivered
3063 3836 29 25 to
3114 3832 37 29 all
3172 3836 75 34 parts
3260 3843 16 19 o
3306 3833 48 29 the

3011 3871 124 28 District.

2926 3949 72 27 Note
3013 3949 48 27 the
3074 3949 123 28 Address

2772 3996 240 33 t2*WOLF
3083 3996 114 28 AND
3279 3996 91 36 CO.,

2805 4036 73 29 Next
2901 4036 47 28 the
2974 4036 190 28 Government
3182 4036 153 36 Buildings,

2900 4075 86 26 Cliff
3006 4074 119 31 Street,
3144 4075 104 27 Lyell.

2754 4168 115 40 THE
2926 4168 205 40 EMPIRE
3187 4168 199 50 HOTE.L,

2851 4238 110 26 CLIFF
2982 4237 153 32 STREET,
3155 4237 133 26 LYELL.

2763 4392 35 13 ■*■
2838 4384 36 28 all
2886 4383 113 29 modern
3008 4382 216 37 improvements
3236 4383 150 34 regardless

2754 4423 29 27 of
2792 4429 66 24 cost,
2873 4422 54 28 and
2949 4422 197 37 consequently
3163 4422 82 28 offers
3264 4426 122 33 superior

2754 4460 246 28 accommodation.

2902 4560 212 29 FEXNELL'S
3133 4560 104 28 HALL

2754 4600 28 27 Is
2807 4610 15 17 a
2843 4600 153 28 well-fitted
3018 4608 86 23 room,
3130 4600 66 27 with
3219 4600 69 36 good
3310 4604 75 31 stage

2787 4639 246 32 accommodation,
3047 4638 55 27 and
3114 4638 133 28 excellent
3259 4641 92 33 piano.

2756 4734 109 36 Sample
2879 4743 98 18 rooms.
3014 4734 128 34 Boohing
3156 4734 81 36 Office
3243 4734 52 35 for
3308 4735 61 27 Neio-

2780 4787 9 10 »
2855 4775 89 25 mans'
2958 4772 92 36 Royal
3067 4772 74 28 Mail
3155 4773 127 28 Coaches.

2818 4831 107 35 JOHN
2946 4831 205 39 PENNELL,
3165 4831 178 41 Proprietor.

2667 5007 130 42 TEY

3204 5152 91 31 3^f

2103 5187 21 33 ii
2279 5165 23 48 i
2338 5165 82 49 z~i
2453 5165 77 50 ifL
2651 5165 78 49 jPl
2777 5176 26 40 i
2857 5181 82 35 n
2967 5165 23 49 1
3018 5165 72 52 G
3117 5178 79 38 /i

2726 5331 428 41 easons

2357 5747 72 41 IT
2505 5747 73 41 IS
2656 5748 150 40 THE
2883 5748 200 41 BEST

3591 185 120 31 Public
3738 186 151 31 Notices.

3800 383 146 32 LYELL.

3520 522 205 42 JAMES
3776 520 182 48 EDGE,

3520 595 239 29 HOLESALE
3795 594 80 29 AMD
3919 593 141 29 RETAIL

3572 672 339 33 BUTCHER.

3424 781 99 29 Hotels
3536 781 55 30 and
3604 781 132 30 Families
3754 781 100 30 waited
3876 791 36 19 on
3918 781 90 38 J)aily
4021 781 39 29 for

3689 821 110 28 Orders.

3475 916 76 31 Meat
3563 915 148 32 Delivered
3729 920 27 26 to
3769 915 38 31 all
3825 919 77 36 parts
3913 916 29 31 of
3962 915 47 30 the

3680 956 126 30 District.

3421 1046 123 33 NEW
3588 1046 154 33 CHUM
3782 1044 278 38 BUTCHERY,

3490 1105 129 35 Opposite
3630 1104 152 29 Alhambra
3792 1104 196 37 Hotel,fLyell.

3530 1188 179 42 JAMES
3757 1189 187 48 INGLIS,

3473 1329 263 29 HAREBROKER
3768 1331 20 26 &
3819 1330 238 29 COMMISSION

3637 1489 206 35 AGENT,

3497 1638 116 29 Cliff
3650 1639 159 32 Street,
3845 1639 126 30 Ity'ell

3481 1733 124 28 LYELL
3619 1733 20 29 &
3652 1733 175 29 CENTRAL
3840 1733 155 29 BULLER

3419 1789 160 64 JOCKEY
3597 1789 109 62 CLOB
3725 1789 113 61 RACE
3864 1790 192 61 MEETING

3623 1878 35 20 TO
3672 1878 36 20 BE
3723 1878 78 20 HELD
3815 1878 36 20 ON

3437 1920 174 33 MONDAY,
3630 1921 223 28 DECEMBER
3870 1920 76 33 27th,
3960 1921 77 28 18S6.

3656 1997 160 29 Stewards:

3420 2036 102 29 Messrs
3534 2037 111 28 Lowick
3764 2037 101 28 Messrs
3874 2037 27 28 3.
3911 2036 142 38 Campbell

3473 2096 16 14 „
3535 2076 27 28 J.
3577 2076 69 28 Reid
3757 2097 5 10 ,
3815 2097 37 13 „.
3875 2075 181 30 J.M'Dowall

3472 2135 17 12 „
3534 2115 35 27 D.
3585 2114 124 28 Sullivan
3816 2135 16 13 „
3876 2115 27 27 J.
3922 2115 65 27 Rait

3472 2173 17 12 „
3534 2152 31 27 C.
3582 2152 111 28 Trower
3816 2172 16 11 ~
3877 2153 33 27 A.
3929 2152 91 28 Smith

3564 2190 109 37 Judge:
3697 2189 43 29 Mr
3753 2190 31 28 0.
3798 2190 108 36 Lynch.

3533 2228 128 29 Starter:
3685 2228 44 29 Mr
3741 2229 30 27 T.
3786 2229 153 28 O'Rourke.

3498 2267 81 29 Clerk
3591 2267 35 37 of
3633 2267 120 29 Course:
3776 2267 43 28 Mr
3832 2267 27 30 J.
3872 2267 103 29 James.

3432 2307 81 27 Cleric
3526 2307 34 35 of
3570 2307 94 26 Scales
3675 2317 8 16 :
3706 2307 44 26 Mr
3762 2307 38 26 H.
3813 2308 32 25 B.
3859 2307 183 27 Huddleston.

3452 2351 7 8 *
3487 2345 75 27 Hon.
3581 2344 151 27 Treasurer
3744 2354 7 17 :
3774 2344 44 27 Mr
3831 2345 32 27 0.
3877 2344 106 37 Lynch.

3419 2439 84 28 Hack
3521 2439 124 28 Hurdle
3664 2439 78 28 Race
3760 2439 31 28 of
3813 2440 34 27 10
3871 2449 70 18 sovs.
3990 2439 46 29 Dis-

3487 2483 89 29 tance,
3590 2479 31 35 1£
3635 2479 87 27 miles.
3759 2479 71 28 Over
3849 2478 40 29 six
3911 2478 93 34 flights
4025 2480 32 27 of

3487 2517 119 27 hurdles.
3644 2517 149 27 Minimum
3817 2518 110 35 weight,
3941 2519 43 26 9st
3997 2518 54 27 71b.

3487 2556 148 33 Entrance,
3650 2556 14 27 1
3678 2565 56 19 sov.

3417 2603 110 28 Jockey
3540 2606 77 24 Club
3631 2603 149 26 Handicap
3790 2603 30 27 of
3831 2605 32 25 25
3875 2612 69 18 sovs.
3967 2603 85 36 (Open-

3489 2641 90 36 Race.)
3617 2641 140 32 Distance,
3779 2642 32 34 1-j
3833 2640 87 30 miles.
3958 2641 75 29 Nomi-

3487 2681 120 32 nations,
3622 2681 14 26 1
3650 2690 57 17 sov.
3743 2681 194 35 Acceptances,
3950 2680 55 38 30/.

3418 2727 150 28 Handicap
3581 2727 83 27 Hack
3680 2727 75 28 Race
3775 2727 30 28 of
3823 2730 16 26 5
3852 2737 70 19 sovs.
3960 2728 13 35 f
3988 2728 67 27 mile

3487 2766 78 29 heats
3588 2766 116 28 without
3725 2766 195 37 dismounting.
3958 2767 76 29 Nomi-

3487 2806 119 32 nations,
3620 2804 36 37 5/.
3693 2805 194 36 Acceptances,
3901 2805 36 36 5/.

3418 2852 136 29 District
3567 2852 150 29 Handicap
3726 2852 31 28 of
3767 2853 31 27 15
3812 2862 70 19 sovs.
3920 2853 33 35 1$
3965 2852 88 29 miles.

3488 2892 202 32 Nominations,
3704 2890 54 36 10/.
3794 2892 192 36 Acceptances,
4005 2892 47 28 £l.

3487 2930 78 35 Open
3580 2934 27 23 to
3620 2930 107 27 district
3739 2929 93 28 horses
3845 2930 74 35 only.

3419 2976 152 29 Handicap
3592 2976 84 29 Hack
3697 2977 78 28 Race
3797 2977 30 28 of
3845 2979 16 26 5
3883 2986 71 19 sovs.
3991 2977 46 28 Dis-

3488 3019 89 27 tance,
3609 3016 14 25 1
3654 3015 75 27 miie.
3777 3015 207 34 Nominations,
4016 3015 38 37 5/.

3487 3053 194 37 Acceptances,
3694 3052 36 38 5/.

3419 3100 193 27 Consolation
3627 3101 150 26 Handicap
3789 3100 29 27 of
3835 3101 34 27 10
3882 3109 71 19 sovs.
3990 3102 52 26 Dis

3488 3143 89 28 tance,
3605 3139 14 27 1
3644 3137 75 29 mile.
3769 3138 203 35 Nominations,
4001 3139 52 38 10/.

3487 3177 194 36 Acceptances,
3698 3177 52 36 10/.

3418 3224 115 29 Forced
3546 3224 151 28 Handicap
3708 3224 31 28 of
3758 3225 34 27 10
3804 3234 71 18 sovs.
3911 3224 142 31 Distance,

3542 3262 89 28 miles.
3668 3263 149 32 Entrance,
3838 3264 14 26 1
3875 3272 59 18 sov.
3971 3263 60 27 Com-

3486 3301 111 38 pulsoiy
3610 3305 28 24 to
3651 3300 128 35 winners,
3789 3300 120 38 optional
3920 3304 27 25 to
3957 3300 94 30 losers.

3541 3400 97 31 Rules
3650 3409 55 20 and
3719 3400 209 31 Regulations.

3450 3450 180 30 Nomination
3656 3451 54 35 day
3722 3458 5 6 '
3757 3451 135 36 Tuesday,
3915 3451 56 28 2nd
3995 3452 37 27 No-

3416 3490 112 28 vember
3539 3499 6 24 ;
3566 3489 166 29 declaration
3755 3489 30 29 of
3803 3490 133 33 weights:
3958 3490 77 28 Satur-

3416 3528 62 37 day,
3504 3528 63 28 13th
3595 3527 171 33 November;
3785 3528 79 34 night
3889 3528 31 27 of
3940 3529 110 35 general

3416 3574 95 31 entry:
3531 3566 134 39 Tuesday,
3677 3566 63 30 14th
3751 3565 159 31 December.

3450 3617 195 25 Nominations
3657 3616 42 25 for
3711 3615 47 26 the
3770 3615 105 34 Jockey
3884 3615 69 26 Club
3969 3616 60 26 Han-

3423 3652 73 37 licap
3509 3652 56 28 and
3581 3652 111 27 District
3713 3651 146 37 Handicap
3880 3652 56 27 will
3954 3652 34 28 be
4005 3661 30 20 re-

3416 3691 92 29 ceived
3521 3691 36 37 by
3569 3691 47 29 the
3629 3690 140 37 Secretary
3784 3699 37 28 up
3835 3695 28 24 to
3874 3692 17 27 8
3904 3700 66 28 p.m.

3449 3739 45 29 All
3506 3738 187 30 nominations
3706 3743 28 24 to
3754 3739 106 28 enclose
3874 3738 174 37 description,

3416 3788 58 24 age.
3487 3778 136 36 pedigree,
3636 3777 54 28 and
3713 3777 80 28 latest
3812 3777 188 37 performance
4022 3779 32 27 of

3416 3817 103 33 horses,
3541 3825 82 19 name
3647 3816 31 28 of
3699 3825 91 19 owner
3813 3815 54 28 and
3891 3815 106 28 colours
4021 3817 33 26 of

3416 3855 94 33 riders,
3523 3860 129 23 entrance
3670 3864 111 27 money,
3793 3854 55 27 and
3861 3854 188 36 qualification

3416 3894 64 28 fees.

3477 3941 115 28 District
3605 3941 80 27 horse
3732 3944 29 24 to
3774 3950 82 18 mean
3869 3950 16 18 a
3898 3940 80 28 horse
3989 3941 63 27 that,

3416 3979 49 28 has
3487 3979 68 28 been
3577 3978 121 34 running
3719 3978 29 27 in
3770 3978 47 28 the
3836 3978 105 29 district
3963 3979 42 28 for
4021 3986 24 20 at

3414 4018 68 28 least
3495 4017 77 29 three
3584 4017 113 29 months
3709 4017 74 37 prior
3803 4021 27 25 to
3849 4017 46 29 the
3909 4027 70 23 race,
3995 4017 55 29 and

3415 4063 27 21 to
3456 4057 32 27 be
3502 4057 46 27 the
3563 4057 72 27 bona
3642 4057 58 35 fide
3714 4062 126 30 property
3852 4057 31 27 of
3892 4067 16 17 a
3920 4057 127 28 resident.

3416 4095 113 27 District
3546 4098 29 24 to
3596 4095 108 27 include
3725 4094 146 36 Hampden
3899 4094 100 35 Riding
4023 4095 31 27 of

3415 4133 108 36 County
3547 4133 30 28 of
3616 4132 180 37 Inangahua;
3828 4133 124 37 together
3981 4132 67 30 with

3415 4172 79 37 Lyell
3510 4172 108 37 Riding,
3633 4174 109 34 County
3755 4172 103 28 Buller.

3450 4221 42 28 No
3512 4231 98 25 person
3631 4221 56 27 will
3709 4220 32 29 be
3763 4220 114 29 allowed
3899 4224 28 25 to
3943 4224 77 25 enter
4033 4231 16 18 a

3414 4257 80 26 horse
3518 4259 41 24 for
3583 4267 55 25 any
3661 4267 61 17 race
3744 4259 104 31 (except
3871 4258 70 25 back
3962 4262 84 23 races)

3414 4295 92 29 unless
3519 4294 34 30 he
3566 4294 23 31 is
3602 4305 16 18 a
3633 4294 152 31 subscriber
3797 4294 30 30 of
3838 4296 37 29 £1
3889 4301 28 24 to
3929 4294 47 31 the
3986 4304 61 21 race

3414 4335 76 27 fund.
3537 4336 46 26 All
3608 4335 71 27 hack
3703 4344 83 18 races,
3802 4340 61 30 post
3881 4341 88 28 entry,
3993 4336 56 26 and

3414 4372 106 36 subject
3532 4376 27 23 to
3573 4372 46 27 the
3632 4372 130 36 approval
3775 4372 30 26 of
3814 4372 46 27 the
3873 4372 139 27 stewards.

3449 4420 57 27 The
3529 4419 120 28 decision
3675 4419 30 28 of
3724 4418 46 29 the
3796 4419 130 28 stewards
3951 4429 35 18 on
4012 4419 36 28 all

3415 4457 91 37 points
3531 4457 149 28 connected
3711 4457 68 28 with
3803 4457 46 28 the
3874 4467 173 27 programme

3415 4496 70 29 shall
3499 4496 33 29 be
3545 4496 75 29 final.

3447 4544 115 34 Anyone
3586 4543 125 34 entering
3730 4552 19 17 a
3765 4548 103 30 protest
3882 4548 75 25 must
3969 4544 35 25 do
4017 4553 29 16 so

3413 4581 28 28 in
3463 4581 109 35 writing
3594 4581 96 29 within
3713 4581 92 29 fifteen
3828 4582 119 29 minutes
3960 4582 30 27 of
4000 4581 45 29 the

3414 4621 70 27 close
3497 4621 30 28 of
3546 4630 68 21 race,
3628 4620 195 36 accompanied
3835 4621 36 35 by
3885 4621 45 28 the
3944 4630 60 18 sum
4019 4622 30 25 of

3415 4659 47 32 £l,
3484 4658 90 28 which
3596 4658 56 28 will
3673 4658 33 28 be
3727 4658 120 29 forfeited
3866 4663 30 24 to
3904 4664 5 7 1
3916 4659 47 28 the
3984 4668 61 18 race

3413 4697 66 28 fund
3494 4697 99 28 should
3615 4697 46 28 the
3683 4701 103 32 protest
3805 4707 82 27 prove
3906 4699 139 26 vexatious

3414 4744 30 18 or
3455 4736 140 26 frivolous.

3447 4783 90 28 Three
3549 4786 164 32 acceptance
3724 4783 41 28 for
3776 4783 66 28 each
3854 4786 90 30 event,
3957 4793 30 18 or
4000 4783 47 28 the

3413 4821 90 35 public
3518 4830 99 26 money
3630 4821 55 26 will
3703 4820 33 27 be
3749 4821 140 27 withheld.

3448 4868 97 29 Stakes
3558 4868 63 37 paid
3633 4868 51 28 less
3694 4868 54 29 five
3761 4878 48 27 per
3820 4874 70 23 cent.

3640 4916 127 27 FRANK
3787 4916 190 32 HODGSON,

3768 4956 76 27 Hon.
3858 4956 137 32 Secretarv-

3420 5162 224 59 piNGLlSH
3675 5162 118 31 MAIL
3828 5164 214 31 NOTICES.

3450 5251 87 30 Mails
3552 5250 44 32 for
3610 5250 113 32 United
3743 5251 80 40 King
3826 5252 76 35 Join,
3919 5251 104 32 Contin-

3410 5299 51 28 ent
3475 5295 32 33 of
3528 5294 129 43 Europe,
3673 5295 59 32 and
3756 5295 112 33 United
3891 5296 98 33 States

3411 5341 145 35 America,
3572 5341 47 29 via
3642 5340 61 31 San
3727 5341 166 35 Francisco,
3909 5341 77 30 close
4011 5346 31 25 at

3413 5384 67 30 1.30
3494 5393 62 30 p.m
3571 5393 38 21 on
3624 5382 155 43 Thursday
3794 5383 50 32 the
3859 5384 59 31 2nd
3932 5384 56 41 day
4012 5386 34 29 o.*

3411 5427 172 31 December.
3646 5426 109 42 Money
3786 5428 99 31 orders
3918 5427 61 32 will

3411 5471 97 32 issued
3523 5482 39 30 up
3584 5475 30 28 to
3636 5472 18 29 4
3669 5482 129 30 p-.rn.-on.
3811 5472 135 41 Tuesday
3969 5472 73 32 30th

3411 5515 175 32 November.

3450 5616 89 30 Mails
3572 5616 45 31 for
3654 5616 111 31 United
3803 5617 80 39 King
3890 5618 61 29 lorn
3993 5628 51 29 per

3442 5658 106 33 Arawa
3598 5659 56 32 due
3669 5662 30 29 at
3722 5659 170 41 Plymouth,
3909 5661 134 40 January

3411 5703 79 30 22nd
3520 5705 85 33 ISB7,
3628 5704 78 30 close
3727 5704 71 30 here
3822 5707 30 28 at
3879 5706 68 30 1.30
3970 5715 72 29 p.m.

3412 5746 148 42 Saturday
3574 5746 52 32 4th
3649 5747 172 33 December.
3871 5748 49 32 Ail
3934 5759 93 21 corres-

3410 5791 151 41 pondence
3575 5795 30 28 to
3620 5791 36 32 be
3670 5792 139 41 specially
3823 5792 156 34 addressed
3993 5804 51 33 per
