4140 5940
153 187 345 37 MISCELLANEOUS
520 190 137 33 ITEMS.

92 296 172 34 exhibition.

132 342 23 29 A
481 340 25 31 is
532 340 50 31 the
606 340 118 40 elegant

94 388 74 29 term
184 385 71 32 used
270 396 97 21 across
390 385 50 31 the
465 384 130 32 Atlantic
621 387 30 29 to
675 384 32 32 de-

92 429 92 31 scribe
197 440 15 20 a
224 429 150 40 gossiping
380 438 116 31 person.
539 429 35 30 In
586 428 135 36 London,

91 473 106 40 during
221 473 49 32 the
293 474 65 30 first
381 472 78 32 week
482 472 31 32 of
539 471 183 41 September,

91 518 50 30 the
156 518 211 30 thermometer
381 516 158 40 registered
554 518 36 29 91
604 516 119 40 degrees

91 559 29 33 in
137 560 49 34 the
202 560 101 38 shade,
319 559 58 33 and
393 561 57 31 140
465 559 30 32 in
510 559 51 32 the
576 569 66 22 sun.

132 606 23 31 A
181 605 127 33 Russian
334 605 152 40 professor,
511 615 66 21 now
588 603 31 32 in
642 603 60 41 Eng-

91 649 79 37 land,
187 650 24 29 is
226 652 30 28 at
270 652 118 37 present
399 648 123 40 offering
537 649 59 29 £25
610 647 113 31 reward

89 692 45 33 for
148 704 17 21 a
179 692 56 33 flea
249 692 96 33 which
369 692 55 32 has
448 691 116 42 strayed
593 702 33 22 or
648 690 74 33 been

90 737 96 31 stolen
201 737 75 31 from
290 736 47 31 his
351 735 166 33 collection.

132 781 62 32 The
216 780 60 33 loss
297 780 33 33 of
353 782 136 39 property
513 778 131 41 through
673 777 50 33 the

91 825 180 41 earthquake
283 828 30 28 at
324 824 201 32 Charlestown
532 823 25 31 is
568 822 154 32 estimated

92 872 30 27 at
146 870 190 35 £1,600,000.
393 868 80 39 Fifty
499 876 122 31 persons
649 876 74 21 were

92 912 89 31 killed
196 912 58 31 and
268 921 68 22 over
350 921 17 21 a
381 911 135 31 hundred
530 909 126 41 injured.

132 956 24 31 A
187 954 136 33 Socialist
356 954 107 32 named
497 952 145 33 Belderok
669 952 55 32 has

90 998 73 32 been
181 998 156 32 sentenced
353 998 38 41 by
404 998 51 31 the
471 997 145 32 Criminal
630 996 92 32 Court

92 1043 31 32 of
136 1042 187 33 Amsterdam
337 1044 32 31 to
391 1053 54 21 one
460 1051 94 32 years
568 1039 137 43 imprison-

92 1090 82 28 ment
188 1086 45 32 for
246 1086 171 41 publishing
432 1097 17 20 a
469 1085 119 41 placard
611 1084 113 41 grossly

91 1130 145 42 insulting
249 1130 51 33 the
321 1130 89 42 King.

133 1176 24 30 A
192 1177 168 29 movement
393 1174 24 31 is
445 1184 38 21 on
517 1173 61 32 foot
608 1172 39 41 by
673 1172 51 31 the

92 1218 147 32 members
280 1218 31 32 of
355 1217 50 32 the
446 1217 109 31 Nation
562 1215 24 32 \\
627 1215 97 32 Thrift

93 1262 117 40 Society
224 1266 30 26 to
278 1264 78 28 erect
380 1272 17 20 a
422 1260 96 31 Thrift
543 1259 81 36 Hall,
651 1269 31 20 as
707 1269 17 20 a

90 1304 155 33 memorial
259 1307 31 31 to
306 1304 49 33 the
369 1304 59 33 late
450 1303 155 33 President
619 1302 32 33 of
673 1301 50 33 the

92 1349 126 41 Society,
235 1349 47 30 Mr
304 1349 122 31 Samuel
441 1348 123 39 Morley.

132 1393 62 32 The
210 1392 131 42 Marquis
356 1392 32 32 of
409 1391 127 42 Huntly,
562 1401 38 22 on
623 1389 104 33 behalf

91 1436 32 32 of
148 1436 50 32 the
226 1436 121 32 Gordon
374 1436 113 40 family,
516 1435 55 31 has
605 1433 119 32 handed

93 1492 68 21 over
176 1483 29 30 to
220 1480 50 33 the
284 1480 183 41 community
482 1478 31 33 of
535 1478 152 32 Aberdeen
707 1487 17 21 a

93 1527 96 29 statue
218 1525 32 31 of
275 1525 131 30 Gordon.
459 1523 63 31 The
546 1525 178 28 monument

92 1568 61 32 will
167 1567 36 34 be
217 1567 115 34 erected
346 1567 31 32 in
391 1567 80 33 front
483 1565 32 34 of
538 1565 50 33 the
616 1563 108 35 School

94 1614 32 31 of
137 1616 56 29 art.

134 1656 62 32 The
210 1655 79 33 bank
303 1655 93 33 clerks
410 1655 33 32 of
460 1654 126 33 London
601 1662 123 33 propose

94 1703 30 29 to
139 1706 117 35 present
270 1703 31 29 to
316 1700 47 32 Sir
377 1699 82 33 John
473 1698 143 32 Lubbock
643 1708 81 21 some

94 1744 124 41 striking
245 1743 84 32 mark
356 1744 32 32 of
409 1742 77 33 their
511 1741 146 43 gratitude
680 1741 44 31 for

94 1789 155 39 obtaining
262 1789 44 31 for
320 1788 82 31 them
418 1788 50 31 the
482 1787 78 32 boon
574 1786 32 31 of
628 1796 17 21 a
667 1788 58 28 two

95 1831 110 35 o'clock
219 1831 112 43 closing
345 1842 39 23 on
400 1831 146 42 Saturday
560 1830 163 32 afternoon.

134 1878 28 29 It
176 1878 25 29 is
216 1888 17 19 a
247 1880 78 28 most
348 1876 116 32 curious
487 1876 59 30 fact
572 1876 78 40 (says
673 1874 52 30 the

95 1920 112 34 Herald
221 1920 32 34 of
266 1919 123 41 Health)
405 1918 66 35 that
485 1918 82 34 there
581 1917 56 33 has
650 1916 75 33 been

94 1966 102 41 nearly
210 1966 83 30 twice
308 1976 32 20 as
360 1965 90 31 much
466 1963 139 33 so-called
619 1963 88 40 hydro-

94 2009 109 42 phobia
217 2009 32 33 in
273 2009 113 33 France
401 2008 79 32 since
494 2008 125 32 Pasteur
642 2016 83 22 came

95 2058 63 27 into
174 2054 49 31 the
236 2054 70 31 field
320 2054 71 31 with
405 2053 47 31 his
462 2052 119 40 remedy
593 2051 73 31 than
676 2050 32 32 be-

96 2098 70 33 fore.

136 2142 62 32 The
214 2142 117 39 leading
344 2141 204 31 Australasian
558 2139 108 33 timber
677 2149 32 22 ex-

93 2189 114 37 porters
221 2196 49 21 are
285 2185 71 32 New
371 2184 132 32 Zealand
515 2183 59 31 and
588 2182 137 32 Western

90 2229 166 37 Australia,
290 2229 67 32 who
390 2228 59 32 last
482 2238 69 31 year
586 2226 140 42 exported

96 2275 151 35 £152,000
274 2273 58 31 and
360 2274 151 35 £104,000
524 2270 200 42 respectively,

96 2318 71 32 New
183 2317 95 34 South
293 2316 100 34 Wales
417 2316 118 41 coming
558 2317 72 31 next
654 2314 71 33 with

96 2365 161 35 £IOO,OOO.

135 2408 24 29 A
193 2417 66 20 new
286 2405 156 31 American
477 2403 111 33 church
616 2403 31 32 in
675 2402 50 32 the

94 2449 120 33 Avenue
229 2449 35 33 de
278 2449 120 37 l'Alma,
414 2447 92 38 Paris,
531 2457 59 21 was
614 2446 111 42 opened

93 2506 37 21 on
148 2494 80 42 Sept.
247 2496 35 30 12
297 2493 32 33 in
342 2493 51 33 the
407 2503 137 32 presence
559 2492 32 33 of
615 2502 17 21 a
646 2490 79 42 large

92 2538 219 40 congregation.
354 2537 63 32 The
431 2536 113 33 church
571 2536 56 31 has
651 2536 74 31 been

92 2582 77 32 built
183 2581 38 42 by
235 2581 50 33 the
301 2580 211 42 subscriptions
527 2580 32 32 of
568 2579 157 32 American

93 2625 117 33 visitors
225 2628 31 30 to
270 2625 93 32 Pans.

133 2670 149 31 Womens'
290 2670 126 40 colleges
426 2671 30 29 at
466 2669 51 31 the
529 2667 196 32 Universities

90 2713 35 31 of
137 2713 109 31 Oxford
256 2713 58 30 and
321 2712 197 39 Chambridge
524 2711 74 30 have
609 2710 117 31 thriven

94 2765 81 23 more
189 2755 60 33 this
263 2765 69 32 year
355 2754 75 33 than
454 2757 31 29 at
508 2764 59 31 any
590 2753 136 42 previous

92 2800 111 41 period,
231 2799 59 32 and
316 2799 52 32 the
401 2798 166 40 increasing
600 2797 126 32 number

95 2844 32 32 of
138 2844 135 31 students
282 2843 55 32 has
351 2842 117 33 created
482 2852 17 21 a
523 2841 145 41 necessity
682 2840 45 33 for

92 2893 118 36 greater
224 2886 264 34 accommodation.

136 2930 62 32 The
213 2931 201 40 shipbuilding
427 2931 83 31 trade
524 2941 38 21 on
573 2929 52 32 the
637 2929 90 40 Clyde

96 2974 155 31 continues
263 2978 30 27 to
304 2973 81 32 show
394 2983 39 22 an
440 2972 167 40 increasing
612 2972 99 40 depres-

97 3018 75 37 sion,
188 3018 59 31 and
260 3018 51 32 the
325 3019 106 40 output
445 3016 44 33 for
504 3016 50 33 the
568 3016 107 33 month
699 3015 32 33 of

99 3063 115 39 August
228 3062 25 31 is
267 3062 50 32 the
332 3062 132 31 smallest
478 3072 39 21 on
530 3061 102 31 record
659 3060 51 31 dur-

97 3105 52 41 ing
163 3115 58 31 any
244 3105 228 41 corresponding
495 3104 105 32 month
628 3104 45 32 for
697 3106 31 29 at

96 3149 75 34 least
186 3149 114 34 sixteen
314 3160 84 32 years
412 3148 84 34 back.

137 3195 63 31 The
228 3195 120 31 salaries
376 3195 31 31 of
437 3195 51 31 the
515 3194 78 32 male
627 3193 101 33 school

96 3238 133 34 teachers
240 3238 31 34 in
282 3238 130 34 Victoria
424 3249 49 23 are
484 3240 31 31 to
523 3238 35 33 be
565 3238 161 39 increased,

97 3283 54 32 but
173 3287 53 28 not
247 3284 86 31 those
357 3283 32 32 of
406 3284 51 30 the
480 3283 132 31 females.
664 3282 63 32 The

96 3327 105 43 supply
214 3327 33 33 of
267 3327 50 33 the
331 3327 88 33 latter
443 3326 180 43 commodity
645 3325 26 34 is
694 3325 43 45 in,

94 3383 102 22 excess
224 3372 32 32 of
279 3372 51 32 the
357 3372 200 31 demand—so
584 3381 66 32 says
677 3372 51 31 the

93 3416 212 34 amchivalrous
337 3415 153 34 Victorian
524 3414 136 34 Minister
701 3416 31 33 of

96 3461 179 33 Education.

138 3504 125 42 Captain
280 3505 109 37 Smith,
405 3505 32 32 of
448 3504 50 33 the
514 3504 66 42 ship
594 3505 89 31 Flora
694 3505 34 31 P.

92 3549 146 37 Stafford,
254 3549 66 33 that
334 3549 114 33 arrived
463 3552 29 29 at
506 3549 131 32 Burrard
651 3549 80 32 Inlet

99 3593 75 33 from
189 3593 182 37 Yokohama,
386 3596 113 38 reports
515 3593 65 32 that
604 3593 127 32 Chinese

99 3637 108 40 pirates
222 3647 49 21 are
283 3637 87 40 again
381 3637 178 40 attempting
569 3642 30 25 to
609 3640 121 37 capture

100 3680 113 32 British
228 3680 58 32 and
301 3680 156 33 American
472 3680 91 42 ships,
579 3680 58 36 and
664 3679 67 33 that

99 3724 37 32 he
151 3735 59 21 was
224 3725 107 32 chased
346 3724 45 32 for
404 3724 113 32 several
530 3724 81 41 days.

139 3776 25 31 A
188 3776 134 31 national
346 3775 163 34 exhibition
531 3776 32 31 of
586 3776 59 33 fine
671 3778 60 31 arts

99 3820 61 32 will
186 3820 36 33 be
249 3820 112 41 opened
387 3820 32 32 in
445 3820 110 33 Venice
581 3820 32 33 in
637 3821 93 40 April,

101 3865 85 35 1887,
215 3864 94 31 under
335 3863 51 32 the
419 3866 160 38 patronage
607 3865 31 31 of
670 3865 62 31 Her

100 3907 128 41 Majesty
240 3907 52 32 the
307 3907 101 40 Queen
422 3907 32 33 of
464 3907 87 42 Italy,
567 3907 44 33 for
635 3907 97 33 which

101 3952 220 42 extraordinary
344 3952 201 42 preparations
569 3962 48 23 are
645 3952 88 42 being

100 3996 96 32 made.
251 3996 126 40 English
408 3996 100 32 artists
539 3997 129 40 residing
701 3997 31 33 hi

102 4039 77 40 Italy
193 4049 55 21 can
263 4039 121 31 exhibit.

143 4084 63 33 The
233 4083 235 44 Parliamentary
495 4086 102 32 return
625 4084 31 34 of
682 4084 51 34 the

103 4131 62 29 cost
172 4129 31 31 of
210 4128 51 32 the
270 4129 92 40 police
373 4129 32 32 in
416 4129 50 32 the
477 4130 95 41 larger
578 4130 155 40 Boroughs

103 4173 32 32 of
147 4173 91 32 Great
252 4173 116 32 Britain
383 4173 54 32 has
448 4173 63 41 just
526 4173 74 35 been
624 4173 107 33 issued.

104 4217 62 32 The
191 4217 73 32 total
291 4220 62 29 cost
377 4218 32 31 of
433 4218 50 32 the
506 4218 93 41 police
623 4218 32 31 in
682 4218 51 33 the

103 4261 208 41 Metropolitan
333 4261 123 38 district,
480 4262 96 32 which
599 4262 135 32 contains

102 4307 158 34 4,716,000
285 4305 194 37 inhabitants,
502 4305 25 31 is
538 4307 194 36 £1,376,593,

102 4359 33 22 or
149 4350 42 30 4s.
212 4349 55 31 lid
281 4360 51 30 per
346 4348 174 33 ineabitant.

143 4393 62 31 The
240 4396 65 38 spot
339 4394 96 32 where
463 4393 125 41 Ludwig
623 4395 47 30 11.
706 4394 31 31 of

104 4437 125 31 Bavaria
243 4439 61 31 met
318 4437 47 31 his
379 4437 87 32 dsath
480 4437 31 31 in
525 4437 51 32 the
600 4437 81 33 Lake
706 4437 32 33 of

106 4481 161 41 Starnberg
294 4481 25 32 is
346 4491 66 23 now
436 4481 122 33 marked
581 4481 39 42 by
644 4491 17 23 a
685 4481 50 42 big

104 4526 120 31 wooden
260 4537 88 25 cross,
390 4526 115 41 thichly
537 4526 86 40 hung
662 4526 72 32 with

104 4569 127 33 wreaths
258 4569 32 32 of
313 4568 193 33 immortelles
533 4569 59 32 and
615 4569 118 32 laurels.

105 4612 63 32 The
195 4613 59 31 late
280 4612 97 41 king's
410 4612 117 33 mother
559 4613 119 31 intends
704 4615 32 29 to

104 4658 78 30 erect
196 4666 17 21 a
236 4655 105 42 chapel
361 4655 95 33 raised
480 4666 38 23 on
529 4655 73 43 piles
624 4667 39 21 on
685 4656 50 32 the

106 4704 75 36 spot.

145 4743 24 32 A
185 4742 168 43 suggestion
367 4743 55 32 has
435 4743 92 43 lately
551 4743 74 33 been
649 4743 87 33 made

106 4788 66 32 that
199 4789 50 30 the
276 4789 134 38 question
438 4789 32 31 of
491 4789 60 31 fuel
577 4789 46 31 for
645 4799 91 21 ocean

106 4833 155 36 steamers;
274 4830 50 32 the
331 4830 191 32 substitution
529 4830 31 32 of
572 4831 164 41 petroleum

106 4876 44 33 for
174 4876 81 38 coal;
286 4876 36 33 be
347 4876 98 33 solved
470 4875 38 42 by
531 4876 130 41 freezing
685 4876 51 33 the

102 4920 178 41 petroleum,
309 4920 88 40 using
423 4920 23 31 it
473 4920 31 32 in
529 4920 50 32 the
604 4921 76 31 form
708 4921 32 31 of

106 4963 106 39 bricks,
241 4963 86 33 when
354 4963 23 33 it
402 4963 85 33 could
511 4963 35 33 be
570 4964 111 43 packed
705 4975 32 21 as

105 5008 93 42 safely
212 5018 33 21 as
259 5008 73 38 coal,
349 5008 67 37 and,
445 5008 23 31 it
490 5008 25 31 is
539 5009 101 41 urged,
664 5020 73 22 even

106 5063 81 21 more
202 5063 42 21 so.

147 5103 42 33 M.
219 5103 155 37 Bertillon,
403 5102 30 33 in
458 5103 51 32 the
534 5114 102 22 course
664 5103 32 33 of
722 5115 16 20 a

107 5148 110 31 lecture
231 5147 145 32 delivered
390 5150 31 28 at
435 5147 50 31 the
510 5148 144 40 Hygienic
678 5149 40 30 Ex-

108 5190 127 34 hibition
257 5190 33 36 in
318 5190 83 32 Paris
429 5190 95 33 stated
548 5190 65 33 that
635 5194 52 29 out
711 5192 31 33 of

108 5247 86 30 every
221 5236 148 31 thousand
383 5235 184 32 inhabitants
592 5236 32 31 of
645 5236 93 36 Paris,

109 5280 69 41 only
193 5281 57 30 360
264 5290 49 21 are
334 5279 114 32 natives
471 5279 32 32 of
525 5278 49 33 the
598 5279 68 42 city,
684 5281 55 31 565

108 5324 159 39 belonging
278 5326 30 28 to
318 5324 52 30 the
376 5323 200 40 departments
588 5324 31 30 of
627 5324 113 30 France

109 5377 34 21 or
156 5366 49 32 the
221 5365 145 39 Colonies,
382 5365 58 33 and
464 5367 37 32 75
526 5364 88 43 being
637 5366 88 41 foreig-

109 5423 77 21 ners.

150 5465 63 31 One
242 5464 31 31 of
297 5464 49 31 the
372 5464 170 31 Australian
566 5463 116 32 visitors
711 5465 30 29 at

110 5510 118 41 present
255 5507 31 33 in
313 5507 136 38 London,
474 5507 76 38 who,
584 5507 76 33 from
694 5506 47 33 his

111 5552 106 33 official
251 5552 137 42 position,
417 5551 107 33 should
551 5551 35 34 be
617 5551 66 33 able
711 5553 31 31 to

110 5598 89 39 speak
214 5597 70 30 with
299 5597 160 39 authority,
484 5606 66 30 says
574 5596 66 31 that
662 5596 79 31 since

110 5640 51 34 the
196 5639 133 33 Colonial
363 5638 176 34 Exhibition
572 5638 55 34 has
667 5638 74 34 been

111 5685 121 40 opened,
248 5685 23 30 it
295 5685 55 29 has
377 5685 74 30 been
478 5683 139 32 attended
644 5683 38 41 by
711 5686 30 28 at

111 5728 74 33 least
219 5728 82 31 three
336 5726 146 33 thousaud
516 5737 130 31 persons,
675 5727 66 32 who

110 5772 75 32 have
200 5783 82 20 come
297 5772 38 31 all
351 5772 51 31 the
416 5782 64 31 way
504 5772 75 31 from
604 5771 51 32 the
681 5771 40 32 An-

111 5816 113 43 tipodes
297 5815 66 34 that
376 5825 135 33 purpose.

1272 58 115 40 THE
1443 54 184 42 LYELL
1680 50 185 49 TIMES,
1921 53 304 53 SATURDAY,
2282 59 312 43 NOVEMBER
2648 72 58 40 27,
2766 55 102 44 1886.

3416 5708 114 28 Printed
3543 5711 55 26 and
3612 5712 148 35 published
3778 5712 37 36 by
3832 5714 47 26 the
3894 5714 158 37 proprietor

3452 5746 105 29 Walter
3569 5749 95 30 Atkin,
3678 5754 29 25 at
3720 5750 48 28 the
3784 5751 160 36 Registered
3968 5755 85 28 Oiiice

3450 5791 26 23 ot
3483 5786 47 29 the
3543 5791 17 11 '•
3570 5788 78 35 Lyell
3784 5790 65 27 Cliff
3856 5791 98 31 Street,
3963 5791 90 37 Lyell,

3451 5824 110 40 Count)'
3576 5833 24 21 ol
3615 5826 103 36 Bulier,
3730 5829 106 35 Colony
3851 5832 25 25 ol
3889 5829 69 30 N.Z.

823 181 173 40 Westport
1012 182 301 32 Advertisements.

1023 261 125 62 FIELD
1183 261 31 61 &
1249 233 122 102 CO,~

751 351 309 33 TEONMONGERS
1095 353 21 30 &
1150 352 97 32 IRON
1283 350 75 32 MER-

752 383 24 50 -1
984 396 171 33 CHANTS.

750 479 92 37 Every
861 478 176 37 Description
1052 480 33 36 of
1103 478 90 30 Mines
1216 478 90 29 Goods
1327 477 58 29 and

917 519 94 27 Home
1024 518 200 35 Furnishings.

820 603 71 32 *3*
909 603 245 35 EXPLOSIVES,
1184 605 55 34 Ac,
1270 605 45 28 &c.

919 698 103 33 LOW
1045 698 170 33 PRICES.

751 797 97 28 Orders
861 797 143 37 Promptly
1017 797 54 28 and
1085 798 137 36 Carefully
1235 796 149 30 Executed.

817 923 195 37 THOMAS
1034 923 142 37 FIELD
1198 924 28 37 &
1249 922 74 46 CO.,

752 991 249 28 PALMERSTON
1017 990 154 32 STIIEET,
1183 990 202 28 WESTPORT

791 1077 38 36 F.
844 1076 55 37 W.
915 1075 261 37 HAGEDORN
1197 1077 28 36 &
1248 1074 100 38 CO.'S

757 1141 250 56 jnURNITURE
1043 1140 262 33 WAREHOUSE
1327 1140 60 32 will

754 1177 27 46 Jj
823 1186 34 31 be
869 1186 91 31 found
970 1186 110 40 replete
1091 1186 32 30 in
1134 1186 40 30 all
1183 1186 38 30 its
1231 1185 155 32 branches.

871 1301 44 29 All
928 1301 46 29 the
988 1300 81 29 latest
1089 1299 132 30 novelties
1238 1299 29 28 in

751 1362 193 39 Furniture,
970 1360 107 40 Sofas,
1098 1360 132 40 Chairs,
1254 1358 133 41 Tables,

800 1406 196 39 Chiffonier,
1014 1404 156 40 Looking
1191 1404 150 41 Glasses,

889 1459 70 32 and
977 1459 272 33 Chamberware.

751 1573 172 38 Up-country
935 1570 93 30 orders
1044 1569 141 39 promptly
1205 1568 130 30 attended
1352 1572 34 25 to.

751 1622 99 28 Orders
862 1622 48 28 left
932 1626 29 24 at
979 1621 46 28 the
1038 1621 77 28 office
1129 1620 29 27 of
1169 1619 54 28 this
1236 1628 85 28 paper
1332 1618 55 28 will

935 1659 105 28 receive
1058 1658 145 28 attention.

791 1773 214 39 Palmerston
1028 1772 122 46 Street,
1163 1771 186 46 Westport.

967 1946 212 32 WESTPORT.

753 2045 233 60 HASMUS
1011 2044 64 34 begs
1099 2047 29 25 to
1152 2042 99 29 inform
1277 2041 48 29 the
1346 2040 27 29 in-

830 2094 8 11 •
877 2083 141 29 habitants
1030 2082 30 28 of
1079 2081 81 37 Lyell
1172 2080 54 28 and
1240 2079 130 28 surround-

753 2123 47 36 ing
812 2122 119 30 districts
944 2122 60 29 that
1017 2121 34 29 be
1064 2120 50 29 has
1136 2119 105 38 opened
1263 2118 124 29 business

753 2171 30 18 as
796 2171 15 17 a
826 2161 113 28 Saddler
951 2160 54 28 and
1024 2160 124 26 Harness
1172 2157 95 28 Maker
1289 2158 29 26 in
1340 2156 47 28 the

753 2209 59 18 new
833 2199 56 28 and
910 2197 132 37 centrally
1064 2195 117 30 situated
1204 2193 134 39 premises
1357 2193 28 28 in

754 2239 168 28 Palmerston
933 2240 91 28 street,
1036 2240 64 23 nezt
1113 2235 66 28 door
1190 2237 29 26 to
1233 2233 44 28 Mr
1287 2232 82 28 Hhsel-

753 2277 63 33 den,
840 2276 134 29 Solicitor.
1011 2274 45 29 He
1077 2274 50 27 bas
1150 2283 15 18 a
1188 2270 197 30 well-assorted

753 2315 85 34 stock,
852 2314 54 29 and
919 2313 85 38 bopes
1018 2313 36 37 by
1067 2312 81 36 using
1160 2311 47 29 the

755 2364 94 29 BEST
869 2361 206 34 MATERIAL,

823 2402 101 28 GOOD
942 2398 300 31 WORKMANSHIP,

935 2439 62 26 And
1011 2436 208 29 MODERATE
1240 2434 146 33 PRICES,

821 2478 40 30 To
874 2477 81 31 merit
967 2486 16 21 a
995 2475 51 31 fair
1058 2475 80 30 share
1151 2475 30 29 of
1196 2476 120 36 support.

788 2566 122 35 Country
924 2563 91 30 orders
1035 2562 56 29 will
1111 2561 104 29 receive
1234 2559 101 38 speciai
1348 2562 26 25 at-

753 2604 115 31 tention,
894 2602 53 28 and
972 2601 136 36 anything
1132 2601 28 26 in
1186 2599 47 28 the
1257 2599 54 27 line
1335 2598 39 27 for-

753 2642 108 30 warded
874 2641 42 29 for
927 2640 90 39 repair
1030 2639 54 29 will
1104 2638 33 29 be
1158 2636 127 31 returned
1307 2635 64 30 with-

753 2690 49 19 out
814 2681 88 36 delay.
939 2680 99 27 Orders
1050 2679 81 33 given
1141 2681 29 24 to
1179 2678 35 27 D.
1225 2675 163 33 Robertson,

753 2719 162 31 coachman,
929 2717 55 27 wili
997 2716 104 27 receive
1115 2714 144 28 attention.

833 2765 94 36 Every
945 2762 107 30 Article
1070 2762 74 36 Kept
1162 2760 32 30 in
1214 2759 92 29 Stock.

885 2841 49 37 H.
985 2837 269 45 ASMUSS,

756 2894 190 35 SADDLER
969 2895 21 31 &
1011 2891 193 34 HARNESS
1231 2888 157 39 MAKER,

849 2939 171 28 Palmerston
1035 2940 97 29 Street,
1146 2936 149 35 Westport.

857 3017 228 45 PATRICK
1120 3016 171 42 KELLY

821 3089 139 28 FISHES
972 3090 28 25 to
1012 3088 99 27 inform
1131 3086 47 28 the
1198 3085 91 37 public
1310 3094 64 27 gene-

897 3127 70 37 rally
979 3126 60 28 that
1052 3124 34 30 he
1099 3124 51 29 has
1163 3124 83 35 lately

755 3176 142 38 Imported
918 3175 58 29 and
997 3174 118 30 Erected
1136 3174 68 28 New
1216 3171 174 38 Machinery,

963 3232 157 37 Consisting
1141 3232 43 28 of:

754 3291 155 47 Drilling,
924 3289 137 48 Boring,
1076 3288 188 46 Punching,
1284 3288 87 36 Turn-

832 3335 69 49 ing,
915 3333 156 49 Planing,
1085 3332 70 40 and
1175 3331 140 49 Cutting

757 3444 60 29 And
838 3443 103 36 having
962 3453 16 19 a
1003 3443 74 36 large
1097 3441 65 29 staff
1183 3440 31 30 of
1230 3440 164 37 Competent

757 3483 151 28 Workmen
920 3483 30 27 in
962 3481 45 28 his
1019 3481 120 36 employ,
1151 3481 23 26 is
1188 3479 27 28 in
1237 3489 15 18 a
1272 3479 120 36 position

757 3524 28 26 to
797 3524 113 25 execute
924 3519 36 30 all
973 3519 99 29 classes
1094 3517 31 30 of
1143 3517 47 29 the
1213 3517 85 28 above
1318 3516 75 29 work

758 3560 66 29 with
837 3559 140 38 despatch,
986 3557 54 30 and
1049 3561 28 26 at
1086 3555 169 31 Reasonable
1265 3555 128 37 Charges.

885 3652 197 32 PATRICK
1108 3650 159 39 KELLY,

761 3698 107 53 Ship,
882 3697 148 53 Engine
1039 3697 31 40 &
1080 3695 165 42 General
1259 3692 113 42 Black-

1012 3751 128 46 smith,

828 3815 176 29 Wakefield
1023 3814 120 34 Street,
1161 3813 165 29 Westport.

758 3898 190 64 Wakefield
980 3898 114 61 Steam
1127 3897 78 62 Saw
1240 3896 155 76 Planing,

880 3990 71 61 and
974 3987 177 77 Moulding
1173 3987 105 61 Hills.

810 4158 62 41 W.
917 4156 86 42 and
1050 4156 35 42 J.
1134 4154 214 51 MARRIS,

957 4240 75 21 HAVE
1054 4239 37 21 ON
1112 4238 90 25 SALE;

762 4296 169 60 DOORS,
952 4296 109 33 Sashes,
1073 4296 135 35 Turnery,
1231 4294 166 38 Mouldings,

998 4334 125 32 &c,and
1141 4343 17 18 a

763 4401 98 31 Good
864 4401 214 30 Assortment
1085 4400 40 31 of
1131 4398 268 33 Well-seasoned

817 4444 150 33 Dressed
979 4444 70 32 and
1061 4443 121 41 Rough
1194 4443 147 32 Timber.

766 4545 174 35 Up-country
960 4544 101 28 Orders
1078 4543 147 36 Promptly
1249 4542 149 28 Executed.

779 4646 216 41 Wakefield
1014 4646 137 47 Street,
1172 4645 211 52 Westport.

795 4739 266 32 FREDERICK
1078 4739 143 31 JONES
1240 4739 28 30 &
1287 4739 79 38 CO.,

796 4791 16 27 I
820 4791 143 28 ABINET
978 4790 154 29 MAKERS
1145 4789 79 29 AND
1235 4789 162 29 UPHOLS-

796 4824 19 25 J
1004 4827 159 33 TERERS,

863 4881 186 29 Palmerston
1067 4880 55 35 St.,
1134 4880 166 34 AVestport,

766 4930 67 28 New
847 4929 148 29 Furniture
1008 4928 55 28 and
1082 4928 127 36 Bedding
1221 4927 174 34 Warehouse.

834 4967 122 38 opposite
971 4967 123 37 Hughe's
1106 4967 113 37 Empire
1235 4966 92 29 Hotel.

766 5015 316 39 Worshop:—Opposite
1094 5015 88 29 Bailie
1195 5015 21 28 &
1228 5014 73 30 Co.'s
1312 5015 85 29 Store.

765 5094 117 27 JONES
903 5094 21 26 &
946 5092 56 28 CO.
1016 5092 70 28 have
1106 5093 30 26 in
1156 5092 76 28 stock
1245 5101 16 18 a
1273 5092 70 35 good
1357 5102 27 18 as-

766 5131 90 29 sorted
877 5131 40 28 lot
937 5130 30 29 of
986 5129 106 30 Double
1113 5130 55 28 and
1191 5130 92 35 Single
1299 5130 100 37 Spring

769 5169 167 32 Mattrasses,
951 5168 105 28 Double
1070 5168 55 28 and
1144 5168 93 34 Single
1258 5168 65 28 Iron
1345 5169 53 27 and

767 5207 88 29 Wood
868 5206 160 34 Bedsteads,
1035 5205 47 30 the
1093 5205 140 38 Longford
1243 5205 74 30 Wire
1326 5206 73 29 Beds

768 5246 145 28 Palliasses
935 5246 69 27 Flax
1025 5245 168 32 Mattrasses,
1209 5245 111 28 Pillows
1344 5246 55 27 and

768 5284 131 34 Bolsters,
925 5282 191 35 Washstands,
1140 5282 131 36 Dressing
1292 5281 107 36 Tables,

754 5321 2 36 ;
767 5323 90 27 Toilet
871 5323 61 27 Sets
945 5322 54 27 and
1021 5322 110 27 Glasses
1146 5321 46 36 (all
1205 5322 90 33 sizes),
1308 5322 92 27 Towel

769 5360 87 31 Rails,
869 5360 112 26 Cornice
996 5359 86 32 Poles,
1092 5359 87 32 Rings
1190 5359 54 26 and
1257 5358 142 34 Brackets,

768 5398 130 29 Austrian
912 5396 54 30 and
980 5396 119 30 Kitchen
1114 5396 98 30 Chairs
1225 5396 53 30 and
1292 5395 108 35 Tables,

769 5437 132 32 Couches,
924 5436 87 33 Sofas,
1033 5436 97 28 Chests
1150 5437 29 27 of
1197 5436 127 28 Drawers
1346 5436 54 28 and

769 5474 186 31 Cheffioniers,
977 5473 147 28 Whatnots
1150 5473 45 36 (all
1220 5475 91 33 sizes),
1338 5475 62 27 Side

769 5513 55 29 and
837 5513 87 36 Gipsy
936 5511 98 30 Tables
1045 5512 30 29 in
1087 5511 79 30 black
1185 5511 54 30 and
1260 5511 72 36 gold,
1346 5512 53 29 and

770 5551 70 25 ornlfl.
855 5549 53 27 and
922 5551 35 25 alt
971 5550 82 26 kindß
1066 5551 30 25 of
1115 5551 92 25 Fannv
1228 5549 97 27 Tahlfi?
1348 5551 52 25 n.nd

770 5591 140 27 Brackets.
940 5590 145 27 American
1096 5590 230 33 Perambulators,
1334 5587 50 31 Bas-

768 5628 128 33 ketware,
910 5627 44 28 &c.

805 5667 54 30 IS
859 5669 16 11 3
888 5666 44 28 All
949 5666 93 29 orders
1063 5665 140 31 entrusted
1216 5669 28 27 to
1257 5676 32 20 us
1301 5666 55 30 will
1368 5666 33 30 be

769 5704 161 38 punctually
943 5704 128 28 attended
1088 5709 39 24 to.

805 5743 70 28 N.B.
876 5742 78 28 —AH
967 5742 80 29 kinds
1061 5742 30 29 of
1107 5743 124 37 Turnery
1243 5743 78 29 work
1332 5743 69 29 done

770 5791 34 19 on
816 5782 45 28 the
872 5782 139 36 premises.
1049 5781 113 28 Billiard
1174 5782 77 28 Balls
1261 5782 140 29 re-turned

769 5820 56 30 and
838 5819 135 37 coloured,
986 5819 82 39 equal
1080 5824 29 26 to
1117 5829 71 25 aew,
1202 5822 31 27 15
1259 5829 47 30 per
1319 5826 48 24 set.

1490 180 144 31 Reefton
1661 179 294 33 Advertisements

1528 262 54 38 W.
1624 261 304 49 HINDMARSH,

1463 382 272 34 HAREBROKER,
1761 382 180 36 MINING,
1965 385 79 29 AND

1502 459 166 42 General
1694 459 260 42 Commission

1661 553 138 51 Agent,

1445 682 288 50 BROADWAY,
1762 683 246 51 EEEFTON,

1534 793 140 37 (Opposite
1692 792 137 31 Soithern
1843 792 81 29 Cross

1675 849 104 35 Hotel.)

1414 932 338 62 Dawson's
1818 933 224 73 Hotel,

1509 1036 224 35 BROADWAY,
1761 1037 186 28 REEFTON.

1504 1190 84 28 house
1602 1195 101 23 cannot
1717 1190 31 28 be
1761 1190 146 35 surpassed
1928 1189 29 29 in
1978 1191 68 27 New

1415 1228 127 28 Zealand.

1417 1331 173 50 Booking
1624 1332 121 40 Office
1780 1331 57 40 for
1872 1331 173 40 Mitchell

1463 1385 76 39 and
1583 1385 233 53 Campbell's
1874 1386 122 52 Royal

1513 1439 94 41 Mail
1639 1442 97 37 Line
1758 1441 42 38 of
1827 1441 96 51 Grey-

1565 1495 133 41 mouth
1714 1495 187 40 Coaches.

1448 1609 67 29 This
1528 1608 85 30 Hotel
1672 1606 61 29 well
1754 1606 102 29 known
1879 1605 168 37 throughout

1416 1648 66 27 New
1496 1646 119 29 Zealand
1628 1646 42 27 for
1688 1646 36 26 its
1743 1644 235 29 accommodation
1993 1646 54 26 and

1415 1686 180 28 convenience
1607 1684 42 29 for
1667 1684 111 28 tourists
1798 1682 55 30 and
1873 1682 174 30 commercial

1415 1724 149 28 travellers.

1611 1769 125 40 JOHN
1756 1768 212 48 DAWSON,

1660 1837 14 16 •
1848 1823 163 37 Proprietor.

1575 1908 309 32 STEVENSON'S

1418 1971 365 63 M'G-affin's
1820 1971 227 73 Hotel,

1518 2076 223 33 BROADWAY,
1761 2076 186 27 REEFTON.

1420 2224 5 11 i
1437 2224 9 12 ■
1460 2208 77 28 iHIS
1552 2207 180 36 Magnificent
1743 2206 85 30 Hotel
1841 2206 56 29 will
1918 2206 34 29 be
1964 2206 86 29 found

1504 2246 102 38 replete
1620 2246 67 29 with

1509 2321 93 20 EVERY
1620 2320 127 21 COMFORT
1764 2320 57 20 AND
1839 2319 118 21 MODERN

1629 2359 206 21 CONVENIENCE.

1447 2448 134 34 Tourists,
1607 2446 176 30 commercial
1812 2445 152 34 travellers,
1995 2446 55 27 and

1414 2486 92 30 others
1515 2486 56 30 will
1587 2486 63 30 here
1663 2485 57 30 find
1734 2495 82 27 every
1829 2484 138 30 attention
1976 2493 55 21 com-

1414 2526 83 28 bined
1510 2527 66 27 with
1592 2526 82 28 home
1687 2526 137 27 comforts.

1415 2620 158 39 Booking
1590 2619 106 32 Office
1708 2619 54 31 for
1773 2619 171 31 Newman
1955 2618 96 31 Bros'

1442 2665 109 40 Royal
1564 2664 87 33 Mail
1663 2665 86 32 Line
1763 2662 39 34 of
1809 2663 133 33 Nelson
1955 2663 70 32 and

1558 2710 175 37 Westport
1745 2709 163 31 Coaches.

1477 2800 160 40 JAMES
1682 2799 305 48 STEVENSON,

1641 2862 181 21 PROPRIETOR.

1418 2935 393 75 M'Sherry's
1845 2935 208 60 Hotel

1585 3052 78 36 (Late
1684 3050 212 37 M'Quillan's,)

1496 3126 242 39 BROADWAY,
1769 3125 205 34 REEFTON.

1421 3269 107 58 THE
1541 3267 183 36 undersigned
1746 3267 103 33 having
1865 3267 110 30 entered
1996 3267 59 30 into

1507 3307 155 37 possession
1675 3306 32 28 of
1725 3306 55 28 this
1793 3306 175 28 well-known
1982 3307 73 28 hotel

1418 3346 123 29 business
1553 3345 100 29 wishes
1670 3350 29 24 to
1720 3346 100 28 intorm
1842 3344 42 29 bis
1907 3354 148 20 numerous

1418 3384 102 29 friends
1533 3384 55 28 and
1600 3385 47 27 the
1661 3384 145 34 travelling
1816 3384 91 36 public
1917 3385 138 35 generally

1419 3422 60 30 that
1493 3427 33 25 he
1539 3422 110 30 intends
1661 3426 28 26 to
1703 3431 77 29 spare
1793 3431 36 20 no
1846 3422 80 30 effort
1937 3431 29 21 in
1979 3422 78 30 order

1420 3466 27 26 to
1460 3462 81 28 make
1554 3462 55 28 this
1621 3461 72 29 hotel
1708 3462 101 36 replete
1822 3461 67 29 with
1902 3471 83 28 every
1995 3472 45 19 con-

1421 3502 129 26 venience
1562 3500 55 28 and
1632 3504 132 32 comport.

1420 3654 74 33 Ales,
1511 3654 93 28 Wines
1616 3654 59 27 and
1688 3654 104 35 Spirits
1805 3654 34 36 of
1856 3655 68 26 Best
1944 3655 114 27 Brands

1629 3692 65 36 only
1713 3692 137 36 supplied.

1576 3768 125 37 JOHN
1727 3765 254 50 M'SHERRY,

1843 3834 181 21 PROPRIETOR.

1494 3906 37 40 J.
1587 3906 41 40 B.
1693 3904 292 51 BEECHE,

1571 4017 172 37 Broadway,
1765 4017 149 37 Reefton,

1428 4119 339 37 QHAREBROKER,
1804 4120 21 31 &
1863 4118 198 33 GENERAL

1522 4208 255 33 COMMISSION
1812 4207 150 33 AGENT.

1463 4399 150 41 Enquries
1644 4399 46 32 for
1715 4398 90 32 latest
1832 4398 170 41 quotations
2029 4399 31 32 in

1423 4456 117 42 mining
1553 4456 101 34 stocks
1665 4456 149 42 promptly
1828 4456 111 42 replied
1953 4459 41 31 to.

1450 4638 172 20 TELEGRAMS
1642 4638 201 20 IMMEDIATELY
1863 4638 166 21 ANSWERED.

1425 4715 212 42 S3-BUY
1667 4715 147 38 PURE
1845 4715 211 39 DRUGS!

1513 4834 62 40 W.
1602 4833 36 40 J.
1670 4834 54 38 M.
1756 4834 224 48 HANSBY,

1427 4897 197 32 •nAMILY
1652 4897 83 32 AND
1766 4897 294 34 DISPENSING

1427 4929 28 51 J]
1646 4941 195 37 CHEMIST,

1576 5010 163 27 BROADWAY,
1767 5011 141 21 REEFTON.

1423 5059 86 28 Eleve
1522 5059 32 28 de
1567 5058 141 28 Vlnstitut
1720 5058 40 27 St.
1769 5058 136 28 Francois
1919 5058 114 35 Xavier,
2044 5070 18 17 a

1574 5098 118 34 Bruges,
1707 5096 28 27 la
1747 5096 164 36 Belguique.

1517 5148 40 28 M.
1576 5148 31 28 P.
1628 5148 27 28 S.
1675 5147 35 29 N.
1731 5148 40 33 Z.,
1828 5148 39 28 M.
1887 5148 30 28 P.
1937 5148 31 30 C.

1425 5244 108 28 Twelve
1545 5245 89 34 years'
1648 5243 129 28 assistant
1789 5247 28 26 to
1830 5243 53 28 Dr.
1898 5244 123 36 Morice,
2035 5247 28 28 of

1657 5281 180 36 Greyinouth.

1461 5357 171 35 Physicians'
1654 5357 197 36 Prescriptions
1875 5359 54 27 and
1953 5360 109 37 Family

1427 5395 129 38 Receipes
1569 5394 153 39 accurately
1733 5395 189 38 compounded
1935 5397 67 29 with
2016 5398 46 30 the

1428 5435 146 28 PUREST
1594 5435 137 28 DRUGS.

1480 5520 178 22 SPECTACLES
1678 5520 35 21 TO
1734 5520 65 23 SUIT
1823 5522 54 21 ALL
1897 5522 113 24 SIGHTS.

1463 5593 90 28 Toilet
1583 5593 163 35 Requisites,
1772 5595 167 35 Perfumery,
1965 5597 98 29 Patent

1430 5630 150 29 Medicines
1592 5630 55 28 and
1660 5631 154 36 Druggists'
1830 5633 140 35 Sundries,
1983 5634 45 28 &c.

1503 5708 109 31 Teeth
1630 5708 195 38 Extracted,
1844 5709 67 40 &c,
1931 5710 58 31 &c.

1430 5782 71 34 EST
1502 5783 45 29 All
1555 5782 93 37 Drugs
1658 5782 184 30 Guaranteed,
1852 5784 54 28 and
1919 5788 27 25 at
1959 5786 104 33 great'v

1571 5820 188 30 REDUCED
1780 5820 144 32 PRICES.

2240 187 119 32 Public
2376 188 151 31 Notices.

2204 267 129 39 JOHN
2378 268 189 47 MUNKO,

2127 393 179 33 ENERAL
2337 394 248 33 MERCHANT
2614 397 89 30 AND

2284 472 207 37 IMPORTER,

2171 587 241 42 Palmerston
2466 588 138 49 Street,

2282 710 216 27 WESTPORT.

2118 808 245 32 JOHNSTON
2391 809 28 31 &
2444 808 215 32 WATKINS

2288 882 107 28 CIVIL
2413 883 79 27 AND

2160 958 73 28 INI
2244 959 23 27 N
2279 959 24 28 G

2447 959 188 28 NGINEE
2646 959 23 28 R
2679 959 28 33 S,

2262 1043 180 20 AUTHORISED
2464 1044 56 19 AND

2077 1088 278 39 LICENSED
2382 1088 326 40 SURVEYORS

2076 1180 130 36 Working
2230 1181 83 28 Plans
2336 1182 55 28 and
2416 1181 107 29 Details
2548 1182 30 28 of
2602 1181 109 34 Miinng

2109 1218 162 37 Machinery
2284 1219 132 38 prepared
2426 1220 56 27 and
2490 1221 46 27 the
2545 1221 131 26 Erection

2160 1257 108 38 Mining
2282 1258 160 39 Machinery
2456 1258 167 38 supervised.

2075 1335 118 35 Surveys
2205 1334 43 29 for
2258 1334 110 37 Mining
2378 1335 165 37 Companies
2553 1335 158 30 contracted

2076 1373 37 28 for
2127 1373 35 35 by
2176 1373 45 28 the
2234 1382 73 26 year.
2345 1374 120 35 Surveys
2475 1377 81 25 made
2567 1375 87 27 under
2664 1374 47 27 the

2246 1411 80 29 Land
2339 1412 129 29 Transfer
2477 1413 61 28 Act.

2322 1488 138 30 Address:

2077 1527 165 33 Broadway,
2263 1527 133 28 Reefton
2408 1537 6 25 ;
2442 1537 56 19 and
2524 1529 188 27 Commercial

2278 1566 110 33 Hotel,
2408 1566 92 28 Lyeli

2110 1642 291 29 N.B.—lnstructions
2414 1644 49 28 left
2475 1649 29 23 at
2517 1644 90 28 Times
2619 1644 93 33 Office,

2077 1686 14 21 I
2099 1679 64 35 yell,
2176 1680 56 29 will
2245 1681 104 29 receive
2358 1681 160 30 immediate
2531 1682 146 29 attention.

2206 1763 381 62 Newman's

2149 1880 22 28 O
2185 1879 97 28 YAL

2416 1881 86 28 AIL
2547 1883 41 26 T
2620 1883 90 27 INE

2277 1971 49 28 OF
2345 1972 176 29 COACHES

2110 2067 253 28 Thrice-Weekly
2388 2068 123 27 Service
2533 2069 144 28 Between

2163 2114 105 35 Lyell,
2283 2114 134 29 Reefton
2430 2123 56 21 and
2500 2116 126 30 Nelson.

2077 2208 91 28 Leave
2189 2206 83 39 Lyell
2289 2208 43 28 for
2350 2209 105 29 Nelson
2472 2219 83 28 every
2577 2210 135 38 Tuesday,

2077 2255 147 38 Thursday
2232 2257 55 28 and
2299 2257 147 36 Saturday,
2458 2262 28 24 at
2497 2260 63 27 2.30
2569 2268 78 28 p.m.,
2658 2260 55 28 and

2077 2303 81 37 Lyell
2169 2304 42 28 for
2225 2304 138 37 Westport
2377 2305 55 28 and
2446 2306 127 34 Reetton,
2592 2316 36 19 on
2643 2307 52 29 Sun-

2077 2351 64 38 day,
2155 2351 175 39 Wednesday
2344 2353 55 29 and
2413 2353 113 39 Friday,
2534 2359 30 25 at
2575 2356 62 28 9.30
2647 2365 65 19 a.m.

2079 2438 165 35 Passengers
2270 2439 101 27 booked
2404 2440 43 27 for
2476 2440 151 36 Hampden
2658 2443 54 26 and

2198 2485 80 30 other
2290 2486 193 30 intermediate
2496 2486 102 40 places.

2250 2564 131 29 Booking
2403 2565 138 29 Offices:

2080 2621 138 37 Westport
2482 2622 132 29 Gilmer's
2628 2624 84 28 Hotel

2079 2669 118 30 Reefton
2440 2670 177 30 Stevenson's
2630 2672 85 30 Hotel

2079 2716 104 28 Nelson
2273 2737 30 7 ...
2377 2738 29 6 ...
2492 2719 124 28 Masonic
2630 2719 83 28 Hotel

2113 2810 45 29 All
2171 2810 107 37 parcels
2291 2814 76 26 must
2379 2810 33 30 be
2428 2812 122 37 prepaid,
2570 2812 145 30 otherwise

2211 2857 69 39 they
2292 2859 57 28 will
2362 2859 33 28 be
2407 2859 49 29 left
2470 2859 112 29 behind.

2404 2915 38 30 H.
2463 2916 184 35 NEWMAN,

2513 2956 160 33 Proprietor

2221 3048 348 43 COURTNEY'S

2101 3128 9 22 I
2138 3116 259 34 UNCTION
2463 3117 261 44 TXOTEL,,

2232 3198 96 42 (Near
2348 3210 57 21 the
2426 3198 141 44 Bridge.)

2240 3305 246 29 Accommodation
2500 3306 43 28 for
2555 3306 162 28 Travellers.

2221 3358 120 30 GRASS
2371 3358 209 30 PADDOCKS.

2084 3409 125 34 Saddle
2229 3409 129 33 Horses
2375 3410 70 32 and
2462 3410 128 40 Handy
2602 3410 118 33 Coach

2326 3446 54 32 for
2395 3447 84 32 hire.

2119 3549 114 36 Miners,
2258 3548 179 35 Theatricals,
2462 3558 31 20 or
2522 3549 132 29 Families
2679 3558 27 21 re-

2085 3589 96 28 moved
2207 3593 27 24 to
2259 3598 56 26 any
2339 3592 63 34 part
2425 3588 31 29 of
2477 3589 47 28 the
2554 3589 108 28 district
2691 3592 29 25 at

2086 3627 128 29 Reduced
2231 3627 93 28 Fares.

2119 3676 24 29 A
2155 3676 191 37 Ferryfacross
2358 3677 48 28 the
2420 3676 95 29 Buller
2528 3687 17 19 a
2566 3680 52 26 tew
2637 3678 83 36 yards

2085 3715 88 30 below
2187 3715 46 31 the
2247 3715 136 30 Junction
2395 3716 30 29 of
2435 3715 46 29 the
2494 3720 54 26 two
2560 3715 96 30 rivers.

2153 3824 25 29 A
2199 3824 198 30 Blacksmith's
2418 3824 76 39 Shop
2513 3824 138 30 attached.

2260 3873 67 35 ~~T
2341 3883 111 20 horses
2473 3883 84 21 shod.

2146 3965 218 39 FORSYTH
2385 3966 28 38 &
2436 3965 231 47 MASTERS,

2148 4051 231 28 THOLESALE
2406 4052 21 26 &
2455 4051 141 27 RETAIL
2614 4051 84 28 IRON-

2147 4077 15 36 f
2308 4089 193 35 MONGERS,

2238 4162 169 34 Broadway,
2426 4160 145 35 Reefton,

2089 4233 78 29 Have
2181 4242 36 19 on
2229 4232 76 29 hand
2322 4233 137 37 imported
2479 4233 86 28 direct
2581 4233 70 28 from
2674 4233 46 29 the

2139 4271 92 29 Home
2244 4271 130 34 markets,
2388 4280 15 19 a
2416 4271 88 34 Large
2517 4271 55 29 and
2586 4272 66 29 Well-

2272 4310 122 28 assorted
2414 4310 83 28 Stock
2510 4311 30 27 of

2087 4389 167 39 Builders'
2269 4389 219 48 Furnishing,
2503 4390 137 48 Mining
2653 4391 69 37 and

2192 4461 147 38 General
2361 4461 257 48 Ironmongery,

2087 4547 99 29 Which
2209 4547 66 36 they
2294 4558 45 18 are
2361 4548 133 36 prepared
2517 4551 28 25 to
2567 4548 51 28 sell
2638 4551 29 25 to
2679 4558 27 18 re-

2098 4585 104 28 sidents
2214 4585 30 28 of
2253 4585 78 37 Lyell
2345 4590 29 24 at
2383 4586 151 36 extremely
2547 4586 52 28 low
2611 4586 97 37 prices.

2088 4726 152 27 Bickford's
2254 4726 81 32 Fuse,
2348 4726 92 27 Hall's
2457 4726 127 33 Blasting
2597 4725 123 33 Powder,

2088 4764 121 34 Octagon
2224 4763 81 34 Steel,
2319 4763 92 29 Ames'
2433 4763 126 34 Shovels,
2580 4762 67 29 Pick
2667 4763 54 27 and

2088 4804 137 28 Hammer
2237 4802 134 32 Handles,
2385 4803 55 32 &c,
2451 4807 96 31 agents
2559 4802 41 30 for
2611 4802 111 30 Nobel's

2322 4835 162 41 t)ynamite.

2087 4922 159 32 Furniture,
2277 4921 134 33 Bedding.
2442 4922 115 32 Lamps,
2599 4922 121 35 Cutlery,

2088 4960 171 37 Carpenters'
2273 4959 91 33 Tools,
2382 4959 104 33 Paints,
2509 4959 65 33 Oils,
2599 4960 121 32 Colours,

2225 4999 94 36 Fancy
2331 4999 90 33 Ware,
2435 4999 63 33 &c.;
2517 4999 66 33 also,

2091 5069 22 29 A
2127 5069 87 34 Large
2226 5069 176 29 Assortment
2419 5069 30 28 of
2466 5069 166 29 Galvanised
2646 5069 74 32 Iron,

2190 5108 145 27 Bessemer
2347 5107 55 28 and
2421 5107 103 36 Plough
2546 5107 74 28 Steel

2277 5181 104 28 WIRE
2402 5181 129 28 ROPES.

2193 5253 60 27 SSS
2284 5252 186 28 OCTAGON-
2487 5252 130 28 SfEEL.

2151 5413 195 35 AMPDEN
2379 5411 343 35 CO-OPERATIVE

2225 5458 130 32 STORE
2388 5458 203 35 COMPANY,

2312 5498 188 34 LIMITED.

2125 5672 57 30 The
2195 5671 85 31 above
2296 5670 144 38 Company
2451 5670 23 30 is
2483 5670 148 38 supplying
2640 5670 84 37 goods

2091 5743 28 25 at
2131 5749 17 19 a
2160 5738 84 38 slight
2256 5737 121 31 advance
2390 5745 34 20 on
2439 5736 102 30 Nelson
2555 5736 101 30 Prices.

2380 5823 31 28 11.
2433 5823 131 34 M'NEE,
2583 5823 106 30 Lessee.

2806 186 175 39 Westport
2998 186 304 32 Advertisements.

2863 266 41 37 A.
2925 266 313 47 RICHARDSON,

2735 346 201 59 pHEMIST
2982 349 93 30 AND
3124 350 242 35 TvRUGGIST,

2767 437 328 46 Palmerston-St,
3122 438 212 49 Westport.

2733 548 23 26 A
2768 546 74 34 large
2861 546 54 28 and
2937 546 189 28 well-selected
3149 547 80 27 Stock
3251 547 32 27 of
3303 548 66 27 New

2767 584 101 35 Drugs,
2882 583 163 34 Chemicals,
3056 584 219 38 Homoeopathic,
3287 585 32 28 Pa-

2802 628 59 24 tent
2874 623 52 28 and
2948 623 173 37 Proprietary
3142 624 158 33 Medicines,

2839 661 132 35 Sponges,
3003 661 90 28 Brush
3097 670 38 19 wo
3140 671 37 24 re,
3203 663 47 26 Per-

2871 699 117 36 fumery,
3014 699 87 29 Toilet
3133 700 83 37 Requi-

2907 739 72 31 sites,
2990 738 102 27 Elastic
3104 739 77 27 Stock-

2941 777 69 33 ings,
3019 776 151 37 Kneecaps,

2987 815 125 31 Anklets,

2943 849 107 31 Ladies'
3094 854 51 35 Sup-

2907 896 85 27 ports,
3034 891 165 29 Abdominal

2872 929 95 30 Belts;
2984 929 121 31 Trusses,
3116 930 36 27 mll
3167 932 68 26 sizes

2838 967 109 27 various
2966 971 131 31 patterns,
3111 969 55 32 &c,
3180 969 89 27 Horse

2806 1004 54 28 and
2885 1005 88 28 Cattle
2999 1006 158 33 Medicines,
3182 1007 55 32 &c,
3257 1008 45 27 &c.

2740 1082 125 36 Country
2894 1082 101 28 Orders
3022 1082 139 37 carefully
3187 1084 131 27 attended
3347 1093 16 19 o

2782 1121 79 36 Lyell
2874 1122 110 35 Agency
2996 1121 122 35 :—Lyell
3132 1122 92 27 Times
3238 1120 92 30 Office.

2739 1197 35 31 A.
2787 1196 275 38 RICHARDSON,
3073 1198 301 32 Palmerston-street.

2740 1279 333 53 GILMER'S
3127 1279 247 59 HOTEL,

2981 1352 156 26 WESTPORT,

2766 1391 145 39 Corner
2939 1390 42 39 of
3009 1391 240 39 Palmerston
3275 1392 76 39 and

2859 1445 212 39 Wakefield
3099 1447 160 46 Streets,

2744 1517 278 59 CONVENIENT
3045 1521 29 25 to
3092 1517 47 29 the
3153 1517 154 37 Telegraph
3321 1517 54 30 and

2832 1556 66 27 Post
2911 1555 109 33 Offices,
3033 1555 55 27 and
3101 1556 96 34 nearly
3211 1556 123 36 opposite
3347 1560 29 23 to

2742 1592 32 30 he
2789 1593 77 29 R.M.
2880 1594 87 28 Court
2982 1593 54 29 and
3057 1593 82 29 H.M.
3153 1594 142 28 Customs.

2743 1671 180 39 Gilmer's
2944 1670 177 40 Masonic
3145 1671 131 48 Hotel,

3260 1734 115 20 NELSON.

2742 1764 180 40 Gilmer's
2948 1763 132 48 Hotel,

3194 1826 181 20 GREYMOUTH.

2742 1856 179 41 Gilmer's
2942 1856 122 53 Royal
3084 1855 86 43 Oak
3191 1856 130 49 Hotel,

3180 1919 195 19 WELLINGTON.

2809 1989 79 28 THE
2920 1989 184 28 PRINCESS
3129 1989 179 28 THEATRE

2742 2027 29 28 Is
2784 2027 57 30 70ft
2853 2036 16 19 x
2883 2026 57 30 30ft
2951 2026 99 34 inside,
3064 2028 160 36 containing
3236 2032 75 31 stage
3321 2027 58 29 30ft

2740 2076 16 17 x
2770 2067 66 31 21ft,
2848 2066 67 28 with
2929 2067 134 35 complete
3076 2070 54 25 sets
3149 2067 30 28 of
3198 2076 112 25 scenery
3323 2067 54 27 and

2741 2103 74 35 large
2839 2103 125 37 dressing
2993 2113 100 20 rooms.
3142 2104 59 28 The
3226 2103 94 36 height
3351 2105 30 26 of

2740 2144 79 27 walls
2832 2144 23 27 is
2868 2143 65 34 20ft,
2947 2143 54 28 and
3016 2143 46 28 the
3074 2153 77 18 room
3173 2144 23 27 is
3219 2143 112 37 capable
3351 2144 31 28 of

2913 2182 107 35 seating
3031 2183 52 26 GOO
3100 2182 105 36 people.

2775 2232 128 33 Booking
2923 2232 84 30 Office
3026 2234 42 27 for
3080 2233 46 29 the
3140 2232 170 34 Charleston,
3323 2232 36 29 Ad-

2740 2271 115 34 dison's,
2869 2271 116 29 Reefton
2997 2271 56 29 and
3071 2272 81 36 Lyell
3164 2272 131 28 Coaches.

2948 2323 122 33 JOHN
3090 2323 191 40 GILMER,

3177 2369 165 37 Proprietor.

2778 2443 289 60 Thomas
3095 2442 245 74 James,

2872 2535 265 46 SADDLER,
3168 2533 80 48 &c,

2783 2601 179 30 MPORTER
2980 2610 57 19 and
3063 2602 314 29 MANUFACTURER

3044 2648 33 20 OF

2742 2679 61 39 All
2836 2678 253 52 descriptions
3107 2679 43 39 of
3177 2679 198 52 Saddlery,

2794 2733 184 46 Harness,
2998 2733 111 51 Long
3120 2733 76 37 and
3214 2733 116 38 Short

2844 2785 202 53 Leggings,
3120 2786 158 52 Plough,

2890 2841 33 38 &
2942 2841 108 38 Back
3076 2840 153 48 Chains,

2939 2893 158 49 Traces,
3114 2894 66 40 &c.

2747 2986 112 36 Repairs
2872 2986 101 36 Neatly
2986 2986 56 27 and
3062 2987 145 36 Promptly
3228 2987 150 28 Executed.

2745 3063 176 38 Up-country
2933 3063 93 29 orders
3044 3064 141 36 promptly
3197 3063 130 30 attended
3340 3068 39 25 to.

2745 3140 50 28 ON
2816 3139 205 29 SALE—Steel
3052 3139 137 35 Polished,
3219 3140 55 28 and
3306 3140 73 29 Solid

2815 3180 89 29 Silver
2932 3180 70 34 Bits,
3034 3179 131 38 Stirrups,
3197 3179 55 29 and
3284 3180 96 39 Spurs,

2815 3219 103 36 Riding
2940 3219 123 34 Saddles,
3085 3219 73 27 Pack
3180 3219 124 33 Saddles,
3325 3220 55 28 and

2815 3257 99 38 Whips
2926 3257 30 30 of
2970 3257 37 30 all
3019 3257 188 38 descriptions.

2895 3339 339 31 NOTICE.

2803 3436 76 29 BEG
2900 3438 28 27 to
2940 3435 100 30 inform
3059 3435 47 31 the
3128 3435 95 30 Public
3244 3436 31 29 of
3292 3436 77 30 West

2820 3480 70 32 port,
2903 3476 81 35 Lyell
2996 3475 55 29 and
3070 3474 46 30 the
3130 3476 183 35 surrounding
3325 3476 40 28 dis-

2747 3513 77 28 tricts
2837 3514 61 27 that
2913 3514 15 27 I
2948 3513 71 28 have
3040 3513 168 28 determined
3222 3523 73 26 upon
3318 3523 46 19 con-

2747 3552 109 36 tinuing
2878 3551 46 30 the
2948 3551 125 29 business
3097 3551 105 30 carried
3220 3561 35 19 on
3275 3551 35 38 by
3332 3561 48 28 my

2747 3591 53 28 late
2824 3590 135 34 husband,
2979 3591 55 27 and
3057 3595 71 24 trust
3153 3591 61 28 that
3238 3601 36 18 an
3300 3591 80 36 equal

2748 3636 125 20 measure
2887 3629 30 28 of
2935 3629 47 28 the
2996 3628 94 29 liberal
3104 3635 148 30 patronage
3264 3629 116 37 enjoyed

2747 3666 37 36 by
2806 3666 58 27 him
2885 3666 42 27 for
2939 3675 31 19 so
2986 3675 86 26 many
3093 3676 80 25 years
3193 3676 66 25 may
3282 3667 34 27 be
3337 3676 28 18 ex-

2747 3703 101 29 tended
2860 3708 28 24 to
2901 3713 54 19 me.
2992 3704 58 28 The
3062 3702 124 30 business
3198 3704 57 28 will
3270 3704 33 28 be
3316 3713 48 19 con-

2747 3742 99 28 ducted
2864 3742 88 29 under
2970 3742 46 29 the
3034 3752 77 19 same
3129 3743 71 36 style
3218 3753 32 19 or
3267 3744 61 28 title
3352 3754 29 18 as

2748 3780 129 28 hitherto.

3016 3817 106 30 MARY
3140 3818 78 29 ANN
3238 3818 108 29 CORR.

2782 3866 148 36 Westport,
2943 3866 64 28 28th
3020 3866 77 36 July,
3111 3868 76 27 1886.

2797 3946 43 40 A.
2897 3946 48 42 G.
3005 3947 123 40 FEN
3146 3947 186 49 WICK,

2878 4040 128 30 Princes
3029 4040 61 36 St.,
3105 4040 148 36 Dunedin,

2797 4121 137 32 FINING
2953 4123 78 28 AND
3048 4122 181 30 GENERAL
3243 4123 115 29 SHARE-

2984 4200 163 29 BROKER.

2798 4287 157 37 Telegrams
2975 4287 143 36 promptly
3143 4287 131 28 attended
3299 4290 36 25 to.

2886 4410 176 37 Telegraphic
3073 4410 171 29 Address:—

2828 4449 147 38 Fenwick,
2998 4449 132 37 Broker,
3152 4449 148 33 Dunedin.

3029 4546 74 28 PER
3113 4546 54 35 day
3176 4550 29 24 to
3213 4545 34 29 be
3257 4546 80 29 made
3346 4546 34 37 by

3045 4592 113 27 persons
3175 4584 32 27 of
3220 4584 89 27 either
3326 4593 55 24 sex,

3045 4621 29 28 in
3087 4621 72 28 their
3170 4630 61 19 own
3241 4621 139 35 localities,

3045 4663 29 24 at
3088 4659 75 27 work
3175 4659 42 27 for
3235 4668 42 18 us.
3314 4659 68 28 New

2748 4697 133 30 business.
2916 4696 43 29 All
2976 4701 72 26 meet
3063 4697 65 29 with
3153 4696 151 30 wonderful
3323 4706 43 20 suc-

2749 4746 65 18 cess.
2850 4737 116 34 Anyone
2980 4745 51 18 can
3045 4736 35 28 do
3092 4736 47 27 the
3152 4736 85 28 work.
3273 4737 107 34 Capital

2749 4777 49 27 not
2806 4772 133 40 required.
2980 4773 46 30 We
3038 4772 56 30 will
3109 4776 69 26 start
3194 4781 65 29 you.
3295 4773 85 29 Outfit

2748 4814 87 28 worth
2849 4815 37 26 Ml
2901 4812 100 28 mailed
3015 4813 64 27 free.
3115 4813 58 28 The
3194 4812 188 36 employment

2748 4851 23 27 is
2784 4849 175 38 particularly
2981 4849 118 36 adapted
3121 4853 29 24 to
3172 4849 47 28 the
3240 4850 92 33 region
3352 4850 28 27 in

2749 4889 90 30 which
2862 4889 54 29 this
2937 4888 168 39 publication
3120 4887 150 31 circulates.
3307 4887 74 39 Boys

2749 4929 54 28 and
2817 4929 64 34 girls
2894 4938 50 17 can
2958 4938 64 17 earn
3036 4929 95 35 nearly
3140 4938 31 17 as
3179 4928 83 27 much
3274 4938 31 17 as
3318 4938 62 17 men

2750 4967 60 28 Full
2824 4965 161 39 particulars
3006 4966 54 28 and
3082 4965 177 29 instructions
3281 4965 101 29 mailed

2749 5007 64 27 free.
2850 5005 69 28 Now
2933 5004 23 29 is
2970 5004 47 29 the
3029 5006 68 27 time
3097 5005 111 28 —don't
3231 5005 89 35 delay,
3334 5004 48 29 but

2750 5045 75 28 write
2838 5047 28 26 to
2879 5052 32 19 us
2924 5048 29 23 at
2965 5052 76 20 once.
3076 5043 120 28 Address
3207 5043 111 28 Stinson
3328 5043 54 28 and

2749 5084 57 31 Co.,
2822 5082 139 33 Portland,
2978 5082 100 32 Maine,
3092 5082 101 28 United
3209 5083 98 27 States.

2751 5175 149 62 JOB
2921 5175 461 60 PKINTING

2799 5403 119 51 Every
2944 5400 207 57 description
3177 5402 160 41 executed

2986 5512 54 33 AT
3067 5512 84 31 THE

2752 5609 309 59 LYELL
3100 5611 283 61 TIMES

2819 5725 186 41 CLIFF
3059 5726 261 47 STREET,

3003 5816 146 32 LYiLL.

3572 187 119 31 Public
3709 188 152 31 Notices.

3396 270 31 39 A
3445 271 257 39 Wonderful
3736 273 118 39 Book
3876 274 74 40 for
3976 277 60 36 Is,

3614 334 170 21 CONTAINING
3799 335 6 20 '.

3596 373 53 28 100
3664 375 94 29 Tricks
3779 380 53 27 and

3596 413 145 30 Delusions
3765 418 66 28 with

3596 572 54 29 For
3668 574 46 27 the
3733 577 85 34 perfor-

3586 613 2 47 j
3596 622 95 19 mance
3702 613 32 29 of
3743 615 89 29 which

3586 645 74 41 [only
3673 662 16 17 a
3703 662 60 19 com
3769 664 64 18 man

3612 689 70 36 pack
3694 691 31 28 of
3739 692 78 29 cards

3596 728 53 27 and
3683 729 46 29 the
3764 732 56 27 ordi-

3595 775 70 27 nary
3697 768 76 29 coins
3809 771 31 27 of

3595 804 47 28 the
3673 807 85 29 realm
3789 818 37 19 art

3629 846 112 28 needed.
3760 848 45 27 All

3595 881 69 37 fully
3676 884 159 36 explained;

3682 922 67 34 also,

3612 970 8 15 l
3642 958 74 34 large
3738 962 83 28 collec

3666 999 56 28 tion
3740 1001 30 27 of

3402 1044 135 37 Amusing
3558 1046 121 33 Riddles,
3693 1048 147 34 Charades,
3855 1050 112 34 Games,
3981 1051 58 33 &c,

3655 1087 54 28 and
3723 1097 65 19 over

3406 1126 73 37 200
3504 1128 134 40 Tricks:
3649 1131 97 34 with*
3758 1136 191 40 Conjuring
3959 1136 63 40 OAp-

3642 1172 151 36 paratus.

3403 1210 42 29 All
3462 1211 329 39 illustrated,>explained,
3805 1214 55 30 and
3875 1217 82 28 made
3976 1218 50 28 sim-

3403 1250 56 36 ple,-
3470 1250 67 29 with
3551 1261 16 18 a
3579 1252 142 34 catalogue
3734 1254 31 28 of
3778 1255 126 33 English,
3919 1256 120 33 French,

3404 1289 55 27 and
3480 1290 147 28 American
3652 1291 150 34 Novelties,
3823 1293 112 34 Games,
3958 1295 84 36 Toys,

3404 1326 54 33 &c,
3473 1328 128 33 cohering
3613 1338 65 19 over
3700 1331 52 28 300
3774 1341 90 27 pages,
3887 1333 54 28 and
3967 1333 61 28 illus-

3405 1366 89 26 trated
3506 1367 66 27 with
3584 1369 52 25 400
3645 1369 78 27 wood
3734 1370 100 26 Mocks.
3871 1371 19 26 I
3897 1371 48 28 oth
3955 1371 87 29 books

3584 1405 99 29 mailed
3698 1407 55 28 free
3766 1407 41 28 for
3821 1409 38 27 Is.

3612 1449 71 33 Jack
3715 1463 56 19 and
3807 1464 47 19 his

3682 1493 102 27 Bridk.

3568 1545 7 14 j
3614 1531 172 28 Mechanical
3807 1532 32 36 £g-

3550 1563 37 33 kA
3613 1579 62 18 ures
3711 1570 86 27 dance
3827 1574 28 23 to
3887 1563 1 34 '

3568 1602 20 45 -'
3614 1608 96 34 music,
3720 1608 55 29 and
3785 1608 69 39 keep

3527 1667 49 144 ?
3614 1648 102 31 perfect
3732 1649 76 30 time,
3823 1651 29 25 Is

3612 1686 35 28 3d
3661 1685 76 34 each,
3746 1686 59 36 pair
3811 1688 39 26 2>\

3649 1725 62 27 The
3732 1724 120 28 Wizard
3941 1738 27 17 ii

3614 1771 34 20 of
3660 1772 55 19 the
3727 1764 125 27 North's
3892 1758 44 50 |%
3946 1752 31 37 V

3648 1801 173 37 Changeable

3406 1851 72 29 Tack
3498 1851 31 29 of
3547 1850 94 34 Cards,
3659 1850 152 28 wonderful
3832 1850 120 36 changes
3974 1848 69 28 witlf

3407 1892 137 33 lightning
3556 1891 127 35 rapidity,
3698 1892 29 26 Is
3739 1890 35 27 2d
3786 1894 63 31 post
3860 1890 65 28 free.

3442 1929 33 27 N.
3502 1928 28 28 S.
3556 1928 43 27 W.
3625 1933 104 31 stamps
3750 1927 83 27 taken
3856 1931 27 23 at
3904 1936 58 27 par,
3981 1929 64 34 post

3406 1966 76 30 office
3496 1967 93 29 orders
3602 1977 31 18 or
3652 1966 89 37 postal
3765 1972 78 23 notes
3864 1965 147 38 preferred,
4025 1965 26 29 if

3407 2009 105 32 stamps
3525 2006 31 28 of
3791 2015 45 18 are
3850 2009 63 24 sent
3934 2006 54 26 add
4011 2007 38 25 *2a

3406 2045 28 27 in
3447 2044 47 29 the
3507 2044 112 37 shilling
3631 2044 42 28 for
3685 2043 148 38 exchauge.

3445 2121 74 28 Take
3529 2121 99 28 Notice
3629 2137 33 4 —
3667 2121 39 28 To
3726 2120 138 28 advertise
3885 2130 54 18 our
3959 2121 69 27 Busi-

3406 2170 70 22 ness,
3489 2170 40 17 we
3541 2161 61 26 will
3616 2161 53 35 for
3685 2170 19 17 a
3724 2161 79 26 short
3823 2161 66 26 time
3910 2161 67 26 send
4000 2160 45 27 the

3406 2198 87 28 whole
3506 2199 34 35 of
3550 2199 45 26 the
3607 2199 84 26 above
3705 2198 158 27 mentioned
3883 2198 114 27 articles
4017 2200 28 25 to

3406 2246 50 18 one
3469 2236 115 28 address
3592 2238 65 34 post
3667 2236 80 36 paid,
3752 2237 53 35 for
3816 2238 30 26 2s
3859 2236 45 28 6d.

3589 2275 120 27 Address
3723 2274 37 28 all
3774 2274 92 28 orders

3406 2313 41 32 H.
3462 2313 138 31 YORKE
3618 2314 21 30 &
3655 2312 63 37 Co.,
3731 2314 56 30 401
3804 2313 115 40 George
3936 2313 111 36 Street,

3666 2357 128 43 Sydney.

3433 2402 76 28 Lock
3523 2400 59 30 Box
3595 2403 33 27 41
3642 2403 75 35 King
3732 2403 113 33 Street,
3845 2403 66 33 Tost
3925 2402 96 28 Office.

3427 2490 604 36 GRATEFUL-COMPORTING.

3405 2567 292 127 EPPS'S
3776 2570 272 129 COCOA

3563 2766 333 30 BREAKFAST.

3536 2814 17 18 a
3576 2805 136 34 tfiorough
3726 2806 161 35 knowledge
3899 2810 28 25 of
3941 2807 48 29 the
4002 2818 32 18 na-

3408 2843 71 27 tural
3493 2843 66 28 laws
3572 2843 89 28 which
3678 2854 101 24 govern
3793 2845 46 28 the
3852 2847 157 35 operations
4022 2848 29 27 of

3408 2880 134 36 digestion
3556 2881 54 28 and
3625 2883 144 34 nutrition,
3783 2884 55 27 and
3852 2884 37 36 by
3909 2894 16 18 a
3947 2884 104 30 careful

3407 2920 167 36 application
3589 2920 32 29 of
3638 2920 47 29 the
3704 2921 56 29 fine
3772 2923 150 37 properties
3935 2924 32 28 of
3976 2925 57 28 well-

3408 2958 116 27 selected
3537 2967 92 22 cocoa,
3645 2960 44 26 Mr
3701 2960 76 36 Epps
3791 2961 48 27 has
3852 2963 131 33 provided
3997 2972 50 17 our

3408 2994 137 28 breakfast
3554 2994 86 28 tables
3650 2996 66 27 with
3726 3006 16 18 a
3750 2997 298 37 delicately-flavoured

3408 3031 131 35 beverage
3553 3033 89 29 which
3657 3043 66 27 may
3737 3045 63 19 save
3814 3045 32 19 us
3860 3047 86 22 many
3958 3037 91 38 heavy

3408 3071 118 29 doctor's
3548 3071 69 28 bills.
3656 3073 27 28 It
3703 3073 24 28 is
3743 3074 36 36 by
3792 3075 48 28 the
3849 3076 138 36 judicious
4000 3087 50 19 use

3408 3110 30 27 of
3447 3110 67 27 such
3527 3111 107 27 articles
3647 3111 31 28 of
3694 3112 56 27 diet
3763 3113 61 28 that
3837 3124 16 17 a
3866 3116 179 27 constitution

3408 3157 65 27 may
3494 3147 33 29 be
3554 3158 38 25 <jc
3608 3149 84 37 'ually
3712 3149 69 30 built
3803 3160 36 29 up
3861 3153 69 28 until
3953 3160 97 31 strong

3408 3187 107 35 enough
3527 3192 28 25 to
3563 3193 80 24 resist
3653 3198 83 29 every
3746 3191 137 38 tendency
3892 3198 27 23 to
3932 3193 116 30 disease.

3408 3226 150 28 Hundreds
3572 3228 30 27 of
3611 3228 88 28 subtle
3714 3230 133 28 maladies
3865 3241 46 18 are
3934 3232 117 35 floating

3408 3264 105 30 around
3525 3275 33 19 us
3570 3266 85 37 ready
3668 3271 28 24 to
3709 3268 93 29 attack
3819 3269 139 30 wherever
3971 3271 76 30 there

3408 3304 23 26 is
3443 3313 16 18 a
3468 3304 77 28 weak
3560 3306 85 34 point.
3683 3306 49 28 We
3745 3316 65 26 may
3823 3317 95 27 escape
3931 3319 86 27 niauy
4030 3321 17 18 a

3408 3341 67 29 fital
3495 3341 74 30 shaft
3589 3342 36 38 by
3642 3342 117 39 keeping
3771 3346 137 29 ourselves
3921 3348 60 28 well
3995 3349 39 28 for-

3409 3381 74 28 tified
3508 3382 68 28 with
3602 3392 66 26 pure
3693 3384 80 28 blood
3798 3385 56 27 and
3878 3396 16 18 a
3918 3389 129 35 properly

3408 3419 148 28 nourished
3815 3423 95 30 article
3940 3426 27 28 in
3999 3426 49 29 the

3410 3458 75 28 Civil
3498 3459 109 28 Service
3622 3461 120 28 Gazette.

3408 3506 77 18 MADE
3495 3506 100 19 SIMPLY
3605 3507 75 20 WITH
3690 3508 115 20 BOILING
3814 3509 98 21 WATER
3922 3511 35 19 OR
3966 3512 84 20 MILK.,

3427 3535 63 28 Sold
3503 3536 29 27 in
3610 3537 113 37 packets
3734 3538 35 37 by
3779 3539 123 35 Grocers,
3912 3541 116 29 labelled

3667 3576 64 29 thus
3744 3586 44 19 :

3471 3621 148 32 JAMES
3658 3624 109 32 EPPS
3799 3626 71 30 and
3903 3627 79 41 CO.,

3542 3675 207 21 HOMEOPATHIC
3767 3679 147 25 CHEMISTS,

3399 3713 3 42 ,
3487 3713 90 29 LON
3624 3715 68 35 ON,
3723 3716 245 32 ENGLAND.

3603 3811 251 32 NOTICE.

3476 4079 193 32 RINTING
3706 4083 53 29 OF
3794 4084 131 30 EVERY
3961 4086 66 30 DES-

3642 4216 180 31 CRIPTION

3412 4485 45 62 f
3462 4492 51 63 lit
3532 4487 140 80 Igcii
3690 4487 46 65 %
3737 4492 117 61 itttts
3882 4493 167 72 ma,

3532 4690 149 41 CLIFF
3717 4692 205 44 STREET.

3592 4845 272 35 NOTICE.

3412 4993 30 20 ■■
3455 4981 8 28 i
3478 4981 30 29 H
3520 4981 24 29 E
3593 4983 40 29 T
3665 4983 137 30 YELL
3852 4986 198 32 miMES

3411 5076 58 28 Can
3490 5075 34 30 be
3546 5077 129 29 obtained
3697 5079 119 36 through
3838 5081 48 29 the
3906 5082 141 36 following

3411 5119 95 30 agents
3518 5115 63 27 who
3593 5116 56 27 will
3662 5117 56 27 also
3732 5119 104 27 receive
3857 5120 55 27 and
3930 5120 119 30 forward

3412 5152 92 29 orders
3516 5153 42 28 for
3569 5152 238 33 Advertisement*
3814 5166 31 20 or
3854 5157 175 31 Subscribers

3447 5218 241 29 Murchison—Mr
3700 5220 34 28 R.
3748 5219 100 32 M'Nee

3677 5267 53 28 Job
3743 5269 33 27 L.
3788 5270 121 29 Munson

3447 5312 200 31 Reefton—Mr
3659 5315 113 30 Charles
3785 5317 95 29 Cohen

3448 5361 185 27 Nelson—Mr
3645 5362 43 28 W.
3703 5364 38 26 H.
3755 5363 78 29 West

3448 5406 255 38 Greymoutli—Mr
3714 5408 27 30 J.
3814 5410 154 32 Parkinson

3544 5559 98 28 Terms
3654 5568 33 21 of
3702 5562 204 30 Subscription
3916 5571 6 19 :

3417 5624 51 26 Per
3479 5625 124 31 Annum,
3611 5627 29 26 in
3654 5627 121 28 advance
3941 5632 37 26 .£1
3998 5634 17 24 6
4033 5632 18 26 0
