2559 4029
1249 50 104 29 THE

76 99 465 133 NEW
645 102 894 140 ZEALAND
1646 112 871 142 GAZETTE

1242 270 104 32 AND

76 302 1164 160 WELLINGTON
1356 302 1163 160 SPECTATOR.

610 488 221 37 PUBLISHED
878 489 133 38 EVERY
1055 490 263 39 WEDNESDAY
1362 492 90 37 AND
1498 493 231 39 SATURDAY
1776 496 205 36 MORNING.

584 601 133 32 PORT
744 602 291 42 NICHOLSON,
1058 606 265 33 SATURDAY
1343 607 244 42 MORNING,
1609 613 225 34 OCTOBER
1858 619 52 33 23,
1936 619 90 30 1841.

2324 619 101 40 [Vol.
2448 621 48 31 11.

89 601 64 32 No.
176 602 67 39 83.]

1936 705 103 52 JM.
2054 706 134 29 TAYLOR,
2204 709 32 21 Te
2250 710 55 27 Aro,
2320 710 40 22 has
2376 719 29 14 on
2424 713 53 26 sale,
2498 719 31 15 ex

1975 745 12 10 •
2016 733 61 26 Lucy
2087 734 89 26 S/tarpe,
2178 746 29 4 —

2019 759 106 23 Gunter's
2134 762 120 26 preserved
2261 763 71 28 fruits,

1962 785 78 28 Fancy
2049 786 91 23 biscuits
2150 788 23 21 in
2181 790 51 26 tins,

1960 812 66 21 Jams
2036 813 44 21 and
2086 814 82 28 jellies,

1961 838 95 28 Pickles,

1960 865 128 28 Raspberry
2098 867 100 28 vinegar,

1960 891 101 28 Herring
2070 897 70 25 paste,

1960 919 114 28 Anchovy
2082 924 70 24 paste,

1960 945 54 22 Pat
2010 945 43 22 6au
2061 947 81 27 diable,

1960 972 102 23 Chedder
2072 974 45 21 and
2126 974 74 23 North
2210 974 66 23 Wilts
2284 976 87 29 cheese,
2380 978 40 22 &c.
2432 979 40 23 &«,

2193 1016 63 21 ALSO,

1960 1032 115 28 Blankets,

1960 1059 93 23 Printed
2062 1061 112 28 druggets,

1960 1086 53 28 Slop
2024 1087 106 28 clothing,

1960 1112 68 23 Boots
2039 1115 44 21 and
2092 1115 73 27 shoes,
2176 1116 46 22 and
2232 1116 52 23 shoe
2294 1119 120 27 materials,

1959 1140 55 27 Ship
2025 1141 129 28 chandlery,

1960 1166 152 29 Gunpowder,

1960 1194 63 27 Shot,

1960 1220 83 29 String,

1960 1249 134 27 Stationery,

1959 1274 110 29 Tobacco,

1960 1301 65 27 Soap,

1959 1328 22 20 A
1990 1328 110 27 bagatelle
2109 1329 70 23 board
2189 1331 117 28 complete,

1959 1354 76 27 Magic
2045 1356 96 27 lantern,

1959 1381 120 23 Electrical
2088 1383 110 28 machine,

1959 1408 79 27 Piano,

1959 1435 130 23 Stockholm
2100 1440 43 24 tar,

1959 1461 52 22 Coir
2020 1470 62 20 rope,

1958 1489 22 21 A
1990 1489 61 27 large
2061 1493 134 21 assortment
2205 1492 27 22 of
2238 1493 76 28 snuffs,
2326 1495 123 27 consisting
2456 1496 26 21 of
2488 1498 8 20 :'
2496 1507 27 5 —

1957 1515 101 23 Prince's
2067 1517 104 28 mixture,

1958 1542 124 29 Strasburg,

1958 1569 44 22 No.
2012 1571 35 26 45,
2058 1571 99 27 scented,

1958 1595 81 23 Prince
2049 1597 100 23 Albert's
2159 1599 104 28 mixture,

1957 1623 112 23 Morton's
2080 1625 103 28 mixture,

1957 1649 45 23 No.
2009 1652 35 25 31,
2055 1651 49 22 best
2113 1652 84 28 brown,

1957 1676 137 24 Hardham's
2104 1679 44 21 No.
2158 1681 34 26 37,

1958 1703 63 23 Cuba
2030 1709 103 24 carrotte,

1958 1730 114 28 Princeza,

1959 1757 148 23 Grimstone's
2116 1759 115 28 diamond,

1957 1785 89 28 Scotch,

1958 1811 148 23 Grimstone's
2117 1820 41 21 eye
2169 1814 66 22 snuff.

1957 1872 68 23 From
2035 1873 154 24 Blackivood's
2197 1877 82 26 Lady's
2284 1878 118 27 Magazine,
2412 1879 35 22 for
2456 1879 63 28 May,

1930 1900 62 22 1838.
2020 1900 33 23 To
2072 1901 44 22 Mr,
2129 1902 35 22 W.
2176 1903 136 29 Grimstone,
2326 1913 29 14 on
2371 1906 34 22 his
2416 1907 105 22 valuable

1929 1926 117 23 invention
2056 1928 27 21 of
2093 1928 38 22 the
2143 1929 47 27 Eye
2205 1931 69 26 Snuff,
2286 1932 67 22 made
2362 1933 58 21 from
2437 1933 85 23 British

1928 1954 74 27 herbs,
2013 1954 35 22 for
2057 1955 37 22 the
2112 1956 101 23 diseased
2228 1965 80 20 organs
2318 1959 27 21 of
2357 1959 37 23 the
2407 1960 60 22 head
2475 1961 46 22 and

1929 1988 52 20 eyes
1988 1989 6 14 :
1995 1992 28 5 —

1929 2023 71 22 Great
2007 2031 44 15 was
2060 2023 37 23 the
2108 2030 75 22 power
2190 2025 49 23 that
2247 2027 39 22 did
2296 2030 22 20 to
2328 2036 54 15 man
2392 2029 82 28 impart

1928 2050 102 22 Creative
2039 2051 80 27 genius
2129 2052 45 22 and
2180 2053 116 23 inventive
2306 2058 34 19 art
2347 2063 6 19 ;

1927 2077 48 22 The
1995 2078 82 22 second
2096 2079 75 27 praise
2192 2080 26 28 is,
2239 2081 121 29 doubtless,
2381 2083 137 28 Grimstone,

1983 2105 70 22 thine.

1930 2130 59 22 Wise
1999 2139 44 14 was
2053 2131 61 23 thine
2123 2131 67 29 head,
2201 2134 43 22 and
2255 2138 64 23 great
2326 2143 45 15 was
2381 2136 40 28 thy
2431 2137 86 28 design,

1928 2157 47 22 Our
1984 2159 102 26 precious
2095 2160 66 27 sight,
2173 2161 59 22 from
2241 2162 85 27 danger
2335 2170 52 15 now
2397 2168 34 17 set
2441 2164 54 28 free,

1929 2185 82 28 Wives,
2022 2186 96 28 widows,
2128 2187 92 28 fathers,
2231 2190 83 26 praises
2325 2190 51 27 sing
2385 2194 22 18 to
2418 2190 59 23 thee.

2241 2230 134 23 Elizabeth
2390 2232 102 23 Robson.

1928 2260 32 25 19,
1972 2259 135 28 Bell-street,
2119 2260 181 30 Edgware-road,
2314 2264 154 27 Marylebone.

2182 2322 80 20 Pork.

1929 2352 74 49 C\N
2013 2352 84 29 SALE,
2110 2357 23 18 at
2142 2354 38 22 the
2190 2356 73 21 Stores
2274 2356 26 22 of
2311 2356 38 22 the
2359 2357 158 30 undersigned,

1961 2378 15 20 9
2006 2381 13 20 3
2035 2384 51 18 tons
2101 2382 26 20 of
2146 2382 101 22 Colonial
2263 2384 64 27 pork,
2339 2391 29 14 ex
2382 2385 60 26 Sally
2459 2387 57 20 Ann.

1927 2413 23 14 in
1961 2406 65 22 small
2035 2408 119 27 packages.

2195 2436 37 22 W.
2246 2436 25 22 B.
2288 2437 96 23 Rhodes
2394 2439 45 22 and
2451 2439 38 23 Co.

1954 2460 99 22 October
2060 2462 22 26 4,
2093 2463 62 21 1841.

1928 2519 92 35 rpi-IE
2034 2520 153 29 undersigned
2195 2522 41 22 has
2249 2530 30 15 on
2294 2523 47 22 sale
2350 2524 38 22 the
2402 2525 117 29 following

1935 2545 29 23 JL
2002 2547 88 22 articles
2098 2556 5 13 :
2105 2559 29 5 —

1953 2580 81 28 Locks,
2044 2581 65 28 bolts,
2121 2582 86 29 hinges,
2218 2584 51 22 sash
2279 2584 78 23 rollers
2366 2585 45 23 and
2421 2589 95 19 centres,

1926 2608 46 21 and
1979 2608 86 21 shutter
2074 2608 93 29 latches,

1953 2634 22 21 A
1985 2638 64 23 great
2058 2636 87 28 variety
2154 2637 26 22 of
2186 2645 86 20 screws,

1952 2661 126 27 Engineers
2087 2663 58 22 bolts
2155 2664 46 22 and
2210 2669 58 23 nuts,

1952 2688 54 27 Dog
2014 2689 45 22 and
2069 2697 46 15 cow
2129 2691 85 27 chains,

1953 2714 54 23 Iron
2016 2716 47 22 and
2073 2723 81 26 copper
2164 2718 61 27 wire,

1952 2742 55 21 Iron
2014 2749 40 20 gas
2060 2743 84 32 piping,
2152 2745 44 21 and
2201 2745 50 22 iron
2259 2745 78 29 piping
2345 2745 33 23 for
2385 2750 81 25 stoves,
2475 2748 40 22 &c.

1952 2769 92 22 Smith's
2054 2770 55 28 files,

1951 2796 46 22 Tar
2006 2797 45 21 and
2060 2797 54 22 shoe
2124 2798 101 28 brushes,
2237 2799 106 28 markers,
2355 2801 41 22 &c.

1950 2822 51 23 Bed
2009 2824 110 28 sackings,

1951 2849 53 22 Fish
2015 2850 78 28 hooks,

1951 2876 81 23 Hooks
2041 2878 45 22 and
2096 2886 60 20 eyes,
2167 2878 52 29 pins
2228 2880 44 22 and
2282 2880 99 29 needles,

1950 2903 147 23 Unbleached
2108 2906 77 28 calico,
2197 2911 75 18 cotton
2282 2907 89 28 checks,
2380 2909 43 22 &c.

1950 2930 54 28 Slop
2014 2931 101 28 clothing
2115 2949 6 15 ?

1948 2957 98 28 Thread,
2057 2959 97 28 darning
2162 2963 83 24 cotton,
2257 2961 46 22 and
2313 2962 102 27 worsted.

1949 2985 90 21 Pickles
2055 2986 45 22 and
2119 2994 85 21 sauces,
2221 2989 129 21 maccaroni
2368 2996 45 15 ana
2432 2990 82 22 vermi-

1923 3012 57 27 celli,
1993 3013 40 21 &c.
2044 3013 40 22 &c.

2296 3041 27 23 E.
2339 3042 147 24 Catchpool.

1948 3066 190 23 Dickson-street.

2134 3117 68 22 Seed
2222 3120 77 20 Peas.

1921 3151 92 36 rpHE
2030 3151 151 28 undersigned
2191 3152 41 22 has
2241 3160 14 15 a
2263 3154 106 27 quantity
2380 3155 26 22 of
2411 3156 102 26 superior

1927 3175 30 25 JL
2004 3179 52 21 blue
2073 3179 53 22 seed
2141 3186 54 20 peas
2209 3180 35 21 for
2261 3180 54 26 sale,
2332 3189 78 19 grown
2429 3182 24 22 in
2474 3183 38 22 the

1919 3206 75 27 valley
2002 3206 25 21 of
2034 3206 37 21 the
2082 3206 61 21 Hutt
2152 3206 29 27 by
2190 3206 37 22 the
2237 3206 45 23 late
2293 3208 44 23 Mr.
2348 3208 83 23 Eaton.
2456 3210 56 22 Also

1919 3240 14 14 a
1942 3233 104 27 quantity
2056 3233 25 21 of
2089 3233 77 22 radish
2175 3233 60 22 seed.

2295 3261 27 23 E.
2338 3262 146 23 Catchpool.

1945 3286 189 23 Dickson-street.

2059 3346 39 20 To
2114 3346 253 26 Agriculturalists.

1919 3379 90 48 FOR
2018 3378 85 27 SALE,
2113 3386 13 14 a
2133 3379 65 21 small
2206 3380 104 28 quantity
2316 3380 27 22 of
2349 3388 54 20 very
2410 3380 101 28 superior

1992 3405 54 22 seed
2055 3405 79 28 wheat,
2147 3406 45 21 also
2202 3413 15 14 a
2227 3407 65 22 small
2306 3408 104 27 quantity
2421 3409 27 21 of
2458 3407 52 23 seed

1917 3433 77 26 barley
2005 3432 93 22 without
2107 3433 64 26 husk,
2183 3433 54 21 both
2246 3440 78 22 grown
2341 3435 25 21 in
2383 3435 37 22 the
2436 3435 74 28 valley

1917 3461 24 19 ot
1954 3459 38 22 the
2003 3459 65 26 Hutt,
2080 3459 46 22 and
2135 3459 125 23 warranted
2270 3461 26 22 of
2307 3461 38 22 the
2356 3461 47 23 first
2415 3462 92 28 quality.

1971 3486 139 28 particulars,
2122 3486 68 28 apply
2200 3490 23 19 to

2080 3520 25 22 C.
2117 3520 26 22 E.
2154 3520 52 22 Yon
2217 3521 117 28 Alzdorf,
2351 3521 86 23 Petoni.

1971 3572 39 21 To
2022 3572 85 21 Stand
2122 3574 30 19 to
2166 3572 86 22 Cover
2266 3574 56 20 this
2338 3574 113 24 Season,

2077 3607 31 19 At
2118 3607 141 26 Berhampore
2267 3608 71 25 Farm,

1913 3640 60 23 That
1983 3640 51 22 well
2043 3640 82 22 known
2135 3640 66 22 horse
2211 3640 88 28 Figaro,
2315 3641 39 21 the
2368 3643 106 25 property
2484 3641 26 22 of

2098 3667 78 22 James
2187 3667 66 27 Watt,
2265 3668 52 27 Esq.

1914 3701 148 49 FIGARO
2073 3708 45 15 was
2127 3701 75 22 foaled
2211 3701 24 21 in
2245 3701 126 22 December
2388 3701 62 27 1837,
2467 3705 40 24 got

1987 3728 30 27 by
2028 3729 117 26 Operator,
2156 3728 51 21 dam
2219 3728 116 26 Adelaide,
2346 3728 31 26 by
2383 3727 122 24 Theorum.

1941 3756 110 27 Operator
2060 3762 44 14 was
2114 3754 74 22 foaled
2198 3754 23 21 in
2233 3756 58 24 1832,
2302 3758 40 23 got
2355 3754 31 27 by
2401 3754 105 29 Emilias,

1913 3782 51 21 dam
1976 3781 122 22 Worthless
2107 3782 31 26 by
2149 3781 95 27 Walton,
2256 3784 40 18 out
2305 3781 26 21 of
2345 3781 122 22 Altisidora
2475 3783 31 27 by

1911 3808 60 23 Dick
1981 3808 117 22 Andrews.

1938 3843 75 27 Every
2022 3842 110 22 attention
2143 3841 44 23 will
2197 3841 27 22 be
2234 3841 53 28 paid
2296 3845 23 19 to
2333 3849 73 15 mares
2420 3846 52 19 sent
2482 3847 24 19 to

1909 3869 54 23 him.

1937 3904 99 26 Charges
2054 3902 34 23 for
2107 3901 55 23 each
2180 3909 68 21 mare,
2268 3902 55 23 with
2337 3911 19 14 .a
2374 3908 131 24 guarantee,

1908 3937 69 15 seven
1987 3930 104 27 guineas;
2109 3929 93 23 without
2211 3934 129 24 guarantee,
2352 3930 43 24 five
2401 3932 108 30 guineas,

1908 3958 84 21 Groom
1995 3964 40 20 age
2046 3956 111 23 included,

1338 699 94 21 Water
1447 701 138 27 Frontage
1596 708 36 14 on
1643 703 232 26 Lambton-quay.

1277 736 2 18 \
1312 732 67 23 n^O
1395 733 40 22 BE
1451 734 59 21 LET
1520 741 29 15 on
1559 735 104 28 building
1671 736 78 27 leases,
1760 736 38 23 the
1806 737 99 22 remain-

1277 769 2 8 '
1317 757 29 23 JL
1385 760 41 27 ing
1433 761 101 27 portions
1545 762 26 21 of
1585 762 38 22 the
1639 764 85 21 section
1741 764 97 21 number
1853 765 48 27 486,

1309 786 118 27 adjoining
1447 790 24 19 to
1494 787 40 22 the
1552 792 71 19 stores
1640 790 27 21 of
1688 790 92 22 Messrs.
1800 791 101 27 Robson,

1277 832 2 8 '
1308 812 23 21 D
1326 820 20 26 ,2
1348 813 31 21 rie
1381 830 6 10 >
1399 813 66 22 Youn
1467 821 21 20 S»
1500 815 33 21 &c
1535 830 6 7 «
1569 816 23 21 A
1595 816 54 28 PPIy
1657 820 22 19 to
1689 817 40 23 i>-
1741 818 84 27 Evans,
1833 821 23 18 at
1866 818 35 21 his

1277 859 2 8 ,
1308 840 84 27 offices,
1405 840 192 29 Lambton-quay.

1362 889 92 24 OTICE
1472 891 27 22 IS
1519 889 128 26 HEREBY
1666 894 109 28 GIVEN,
1792 896 51 22 that
1863 896 38 23 the

1375 919 180 28 co-partnership
1573 921 86 22 carried
1678 929 29 14 on
1727 922 127 23 heretofore
1876 924 25 22 in

1308 943 144 29 Wellington,
1470 945 29 27 by
1516 946 27 21 T.
1553 947 34 21 M.
1604 947 116 29 Partridge
1738 949 46 22 and
1800 950 101 23 William

1306 971 148 27 Fitzherbert,
1472 972 73 22 under
1562 973 37 22 the
1613 974 47 22 title
1677 983 26 14 or
1717 975 53 22 firm
1785 976 27 22 of
1822 976 26 23 T.
1867 978 34 21 M.

1306 996 116 29 Partridge
1437 999 45 21 and
1492 999 77 28 Co.,—
1570 1007 44 15 was
1626 1001 44 22 this
1688 1002 43 27 day
1741 1003 113 22 dissolved
1870 1004 31 27 by

1306 1024 88 22 mutual
1409 1030 101 23 consent,
1527 1027 45 22 and
1589 1028 44 22 Mr.
1649 1028 26 22 T.
1692 1028 33 23 M.
1746 1030 118 27 Partridge
1882 1032 19 21 is

1306 1051 142 26 empowered
1456 1055 23 19 to
1493 1054 97 27 receive,
1605 1054 123 29 discharge,
1740 1056 45 23 and
1795 1058 66 21 settle
1871 1058 31 21 all

1306 1077 64 22 debts
1387 1077 44 24 due
1446 1082 23 18 to
1484 1080 45 21 and
1548 1080 30 28 by
1596 1081 38 22 the
1653 1083 48 22 said
1720 1084 181 26 co-partnership

1306 1110 105 17 concern.

1579 1134 26 23 T.
1617 1136 32 23 M.
1661 1136 143 29 Partridge,

1336 1192 17 6 __
1581 1169 110 23 William
1701 1171 171 23 Fitzherbert.

1334 1192 98 22 October
1443 1195 33 26 19,
1492 1196 63 22 1841.

1430 1239 72 21 Well
1513 1242 137 20 seasoned
1658 1242 118 22 Timber.

1305 1269 146 50 WAITT
1470 1272 69 22 AND
1562 1274 98 22 TYSER
1682 1282 37 14 are
1743 1277 110 27 prepared
1877 1281 24 18 to

1388 1298 82 31 supply
1486 1307 46 20 any
1541 1301 104 27 quantity
1654 1302 27 21 of
1692 1302 49 22 well
1757 1307 38 18 cut
1811 1304 89 28 timber,

1307 1324 96 22 suitable
1413 1324 36 23 for
1458 1333 68 21 every
1534 1334 96 21 purpose
1640 1329 26 21 of
1676 1329 109 28 building,
1797 1331 40 21 &c.

1333 1350 148 30 Wellington,
1492 1354 131 27 September
1632 1357 33 24 29,
1677 1357 61 20 1841.

1306 1395 73 49 ON
1390 1397 79 22 SALE
1477 1397 31 28 by
1517 1398 39 22 the
1566 1399 151 28 undersigned
1726 1408 5 15 :—:
1734 1413 28 4 —

1370 1421 59 24 First
1439 1424 97 23 colonial
1545 1426 64 27 flour,

1332 1449 138 27 Negrohead
1478 1452 92 22 tobacco
1582 1453 74 26 (small
1666 1453 72 29 kegs,)

1332 1475 98 29 Raisins,
1440 1478 48 27 figs,
1500 1479 46 22 and
1555 1479 115 29 liquorice,

1331 1503 126 23 Barcelona
1466 1509 60 24 nuts,

1333 1530 146 28 Gunpowder
1487 1532 24 22 in
1522 1534 132 28 cannisters,

1332 1557 61 22 Rum
1402 1558 24 22 in
1436 1558 73 29 hhds.,

1331 1583 94 29 Brandy
1433 1585 25 22 in
1468 1586 70 27 pipes,
1548 1586 73 29 hhds.,
1632 1588 47 22 and
1686 1592 90 24 quarter
1786 1590 72 28 casks,

1332 1611 126 26 Schiedam,
1475 1614 68 21 wnite
1562 1615 45 21 and
1626 1615 84 28 tinged,
1729 1617 25 22 in
1774 1617 59 23 hhds
1852 1618 44 23 and

1304 1641 91 26 quarter
1405 1639 71 28 casks,

1301 1678 4 10 :
1332 1665 113 23 Hollands
1453 1667 25 22 in
1487 1666 63 28 large
1559 1667 45 23 and
1614 1669 65 22 small
1689 1677 69 21 cases,

1331 1692 95 28 Arrack,

1331 1718 84 29 Sherry
1423 1720 24 22 in
1456 1719 66 23 hhds.
1532 1721 46 22 and
1588 1725 91 25 quarter
1687 1723 72 28 oasks,

1332 1745 53 23 Pale
1396 1744 60 31 Cape
1464 1747 78 28 sherry
1550 1748 24 22 in
1585 1749 71 28 wood,

1331 1772 54 23 Port
1393 1773 48 23 and
1450 1773 77 29 sherry
1536 1775 24 22 in
1569 1775 78 29 bottle,

1331 1799 115 29 Barclay's
1455 1803 61 20 stout
1526 1801 24 22 in
1559 1802 75 28 bottle,

1331 1826 54 23 Pale
1394 1827 35 22 ale
1437 1824 26 25 in
1464 1830 6 10 j
1472 1827 78 28 bottle,

1331 1853 71 28 Pitch,
1414 1857 41 26 tar,
1467 1855 45 22 and
1521 1855 60 28 glue,

1331 1881 97 26 Oakum,

1330 1907 56 22 Fine
1397 1908 59 22 table
1468 1909 49 27 salt,

1329 1934 89 23 Thumb
1428 1935 61 28 blue,

1331 1961 119 28 Herrings,

1329 1988 111 30 Blacking
1448 1990 25 21 in
1482 1993 77 25 quarts
1568 1990 45 23 and
1622 1992 67 28 pints,

1290 2017 20 26 s-f
1327 2015 103 26 Taylor'-s
1440 2016 93 21 Persian
1543 2017 87 28 thread,'
1649 2027 9 3 -
1672 2028 12 3 -
1722 2027 5 2 -

1329 2040 110 23 Assorted
1448 2042 66 27 slops,

1330 2067 64 28 Silks,
1406 2068 86 28 shawls,
1505 2069 179 30 handkerchiefs,
1696 2072 45 23 and
1751 2074 101 29 ribbons,

1332 2093 93 24 Printed
1435 2099 94 25 cottons,
1541 2098 101 26 muslitts,
1653 2099 90 29 linings,

1329 2121 92 28 Linens,
1432 2123 103 28 calicoes,
1546 2125 129 28 moleskins,

1329 2147 102 30 Flannel,
1443 2150 83 28 cloaks,
1538 2152 127 28 umbrellas,

1329 2175 73 22 Cedar
1409 2177 88 27 boards,

1328 2202 50 22 Ash
1388 2210 57 20 oars,

1327 2229 131 23 Maccaroni
1468 2231 45 22 and
1524 2233 129 28 vermicelli,

1328 2256 86 23 Knives
1438 2258 46 23 and
1506 2259 69 29 forks,
1595 2264 42 24 tea,
1664 2260 79 30 desert,
1765 2262 46 24 and
1834 2264 61 23 table

1300 2290 89 21 spoons.

1329 2337 28 9 ,_
1631 2314 82 23 Waitt
1723 2316 47 22 and
1780 2317 87 23 Tyser.

1329 2337 146 29 Wellington,
1486 2340 132 28 September
1626 2344 34 26 29,
1673 2344 60 21 1841.

1402 2391 42 20 On
1459 2392 70 25 Sale,
1545 2398 36 15 ex

1301 2423 131 49 FORTY
1440 2425 86 22 barrels
1536 2426 118 24 Loch-fine
1665 2427 109 27 herrings,

1374 2452 41 21 150
1424 2451 79 23 firkins
1531 2453 36 23 do.
1651 2454 36 22 do.

1329 2479 26 20 16
1364 2477 80 23 tierces
1453 2479 57 27 beef,

1326 2505 13 21 5
1350 2505 132 27 puncheons
1491 2514 59 20 ruin,

1326 2533 28 20 20
1365 2532 64 22 casks
1438 2533 55 28 lard,

1328 2560 41 20 110
1378 2559 85 23 barrels
1473 2561 104 28 oatmeal,

1326 2587 29 20 24
1364 2585 36 23 do.
1456 2594 68 21 pease
1533 2589 66 27 meal,

1325 2614 28 20 20
1364 2613 36 22 do.
1456 2614 73 27 prime
1539 2622 58 16 mess
1609 2616 63 28 pork,

1325 2641 27 20 85
1362 2640 70 22 boxes
1442 2648 60 21 soap,

1325 2668 27 20 25
1362 2667 65 22 casks
1437 2668 61 27 soda,
1904 2671 2 28 |

1303 2700 3 5 •
1326 2694 76 22 Green
1412 2702 74 21 pease,
1496 2696 62 27 pearl
1567 2696 85 29 barley,

1326 2721 59 22 Seed
1394 2725 55 24 oats,
1461 2723 100 22 assorted
1570 2724 70 28 seeds,

1326 2749 27 21 10
1362 2749 85 22 barrels
1456 2749 66 28 nails,

1325 2775 94 28 Cottage
1430 2776 66 22 doors
1506 2777 46 22 and
1562 2777 111 28 windows,

1325 2803 12 20 5
1347 2803 134 27 puncheons
1490 2803 69 23 finest
1567 2805 176 28 Campbelltown
1754 2806 109 30 whiskey,

1325 2830 12 20 5
1347 2827 67 25 hhds.
1424 2831 102 27 superior
1535 2839 92 21 cognac,

1324 2857 29 21 40
1361 2856 74 23 dozen
1444 2859 101 25 superior
1555 2862 57 24 port,

1324 2885 28 20 40
1361 2883 36 22 do.
1441 2884 38 22 old
1489 2885 85 27 sherry.

1298 2909 76 29 Apply
1383 2914 23 18 to
1416 2911 44 22 Mr.
1472 2912 128 23 Mathieson
1612 2920 28 15 on
1649 2914 78 28 board,
1739 2923 26 14 or
1774 2918 23 19 to

1626 2940 83 23 Waitt
1719 2942 47 23 and
1778 2943 86 22 Tyser.

1324 2964 147 28 Wellington,
1483 2966 99 23 October
1591 2968 32 26 14,
1636 2969 60 22 1841.

1372 3018 210 28 GUNPOWDER,
1592 3020 24 22 in
1626 3022 27 20 12
1662 3020 30 23 lb.
1703 3021 63 27 kegs.

1725 3049 22 22 S.
1759 3049 103 23 Revans.

1298 3096 72 48 ON
1385 3097 87 28 SALE,
1484 3100 22 19 at
1515 3097 40 22 the
1564 3099 72 22 Office
1647 3099 26 22 of
1681 3099 44 23 this
1735 3100 74 28 Paper
1816 3109 37 14 :■—

1374 3124 91 22 Double
1483 3125 113 28 elephant,
1610 3126 154 29 antiquarian,
1774 3128 112 29 imperial,

1296 3150 45 22 and
1350 3151 65 35 royal
1426 3151 102 28 drawing
1538 3159 75 21 paper,

1322 3177 72 22 Black
1414 3179 57 27 edge
1487 3179 47 22 and
1548 3179 111 23 bordered
1677 3180 67 23 letter
1767 3182 48 22 and
1833 3186 54 19 note

1295 3212 77 21 paper,

1323 3230 72 24 Black
1404 3232 53 22 lead
1466 3233 87 27 pencils
1564 3233 65 28 (very
1637 3234 118 29 superior),

1324 3259 142 27 Carpenters'
1477 3260 64 26 ditto,

1324 3286 91 27 Oblong
1425 3286 90 32 clasped
1526 3287 170 23 memorandum
1708 3288 80 28 books,

1324 3312 89 23 French
1423 3317 88 24 tracing
1520 3321 69 20 paper
1599 3314 76 26 (black
1683 3316 46 21 and
1740 3316 85 28 white),

1323 3339 90 23 Ladies'
1423 3340 47 22 and
1478 3340 149 27 gentlemen's
1637 3342 54 22 card
1706 3350 69 20 cases,

1322 3366 66 23 Ditto
1453 3367 36 22 do.
1546 3368 72 22 tinted
1627 3369 47 22 and
1683 3370 119 23 embossed
1813 3370 72 29 cards,

1322 3393 70 23 Sheet
1400 3393 131 23 almanacks
1538 3395 34 21 for
1578 3396 48 21 1841
1632 3412 6 11 ,

1323 3420 94 23 Invoice
1426 3421 79 27 books,
1516 3421 53 22 with
1579 3422 101 28 indexes,
1691 3423 92 23 various
1792 3424 65 28 sizes,

1323 3448 58 22 Cash
1392 3448 78 27 books,
1480 3448 66 23 ruled
1555 3448 89 28 double,
1654 3450 90 23 various
1754 3451 65 28 sizes,

1322 3475 129 27 Envelopes
1464 3474 70 28 (note,
1546 3475 73 28 letter,
1630 3476 45 22 and
1686 3477 83 23 official
1780 3479 76 27 sizes),

1322 3502 74 28 Large
1405 3506 86 24 pewter
1499 3502 126 28 inkstands,
1635 3503 54 22 with
1698 3504 80 28 plates,

1322 3528 82 28 Ebony
1414 3529 127 27 inkstands,
1553 3530 52 21 with
1616 3530 101 28 drawers,

1320 3556 75 23 Broad
1405 3556 46 22 and
1460 3563 88 16 narrow
1557 3563 69 21 green
1636 3557 44 23 silk
1690 3558 89 29 ribbon,

1319 3582 66 23 Ditto
1440 3583 56 22 ditto
1552 3584 41 22 red
1602 3587 59 25 tape,

1318 3610 67 23 Brief
1391 3610 46 22 and
1447 3610 58 22 deed
1513 3617 77 21 paper,

1318 3637 76 22 Ruled
1403 3645 70 20 paper
1482 3637 36 22 for
1526 3635 41 24 bill
1577 3637 76 28 heads,

1317 3664 108 22 Nautical
1434 3664 132 21 almanacks
1575 3664 36 22 for
1619 3666 61 26 1842,

1317 3690 75 28 Royal
1405 3690 70 28 hand,
1491 3690 83 23 double
1588 3691 62 22 hand
1663 3692 85 28 brown,
1763 3692 46 22 and
1818 3694 64 27 royal

1287 3716 62 23 hand
1360 3718 77 21 brown
1447 3717 117 28 wrapping
1571 3725 76 21 paper,

1315 3744 99 28 Ledgers
1425 3744 45 22 and
1477 3748 97 18 account
1581 3745 77 26 books,
1669 3745 89 22 various
1769 3746 63 28 sizes,

1314 3771 86 22 Pocket
1408 3771 88 27 ledgers
1506 3771 46 21 and
1561 3771 170 22 memorandum
1745 3772 78 28 books,

1312 3798 111 28 Foolscap
1433 3798 46 21 and
1487 3798 90 27 writing
1585 3805 75 20 paper,
1670 3798 87 23 various
1764 3800 115 28 qualitiey.

1313 3824 122 28 Engraved
1445 3832 56 19 copy
1512 3824 52 28 slips
1574 3827 45 19 and
1629 3825 77 27 books,

1312 3852 55 21 Best
1376 3851 80 22 Welch
1466 3851 75 27 slates,
1551 3850 62 28 large
1623 3851 45 22 and
1677 3851 73 27 small.

1312 3879 97 27 Sponge,
1420 3878 80 21 wafers
1509 3878 23 21 in
1543 3879 13 20 2
1566 3885 34 15 oz.
1614 3878 77 26 boxes,
1708 3878 68 23 India
1786 3880 89 28 rubber,

1284 3904 84 23 Albata
1378 3904 152 28 pen-holders,
1542 3911 53 21 very
1605 3905 101 27 superior
1715 3906 88 28 sealing
1820 3914 54 21 wax,

1283 3932 98 27 blotting
1389 3939 77 20 paper,
1475 3931 42 22 &c.
1527 3931 40 22 fee.

1425 3965 138 15 WHOLESALE
1583 3965 40 16 VND
1638 3965 91 16 RETAIL.

153 696 196 28 Immigration
365 697 189 26 Department.

57 731 209 23 /CLASSIFIED
280 730 39 22 list
327 731 27 21 of
364 730 140 27 immigrants
519 729 98 28 brought
626 733 24 19 to

57 762 42 18 V^
128 757 141 27 Wellington
287 760 25 19 at
326 757 39 22 the
382 764 98 21 expense
496 756 27 22 of
539 757 39 21 the
592 756 57 23 New

54 785 102 22 Zealand
167 785 124 27 Company,
306 785 25 21 in
341 784 39 22 the
396 784 49 28 ship
454 785 66 26 Arab,
530 785 42 21 481
588 787 59 24 tons,

55 812 94 28 Captain
160 812 105 27 Sumner,
275 811 60 22 from
347 811 103 22 London.

275 836 1 6 '
348 839 55 17 Male.
447 837 78 19 Female.
589 839 60 17 Total.

80 858 92 29 Adults,
184 859 98 22 married
374 861 28 21 37
483 861 27 21 37
593 860 28 22 74

94 886 52 28 Do.,
184 886 73 27 single
376 888 27 21 14
497 889 14 20 9
592 887 28 21 23

372 942 28 22 51
482 942 28 22 46
592 941 27 22 97

80 966 109 24 Children
198 967 73 23 under
281 969 27 21 14
317 975 66 21 years
579 969 40 21 103

189 1021 67 23 Total
577 1024 42 20 200

318 1076 87 17 Ufarricd.
447 1076 66 20 Single.
587 1075 60 18 Total.

80 1096 155 27 Agricultural
245 1096 143 23 Labourerl2
468 1099 14 20 2
593 1098 27 21 14

79 1123 75 22 Baker
374 1126 107 20 11
604 1126 15 21 2

79 1150 138 22 Bootmaker
372 1152 15 21 2
468 1152 14 19 0
604 1153 16 20 2

79 1176 134 28 Bricklayer
372 1179 15 20 2
468 1180 15 21 6
605 1180 14 20 8

79 1203 149 23 Brickmaker
372 1206 12 21 1
469 1207 11 20 1
604 1207 15 20 2

78 1231 125 27 Carpenter
372 1233 16 21 2
468 1235 15 19 0
605 1234 14 20 2

79 1257 120 22 Gardener
372 1260 15 21 2
468 1261 15 20 0
604 1261 15 20 2

79 1284 117 23 Labourer
372 1287 14 20 5
468 1288 14 20 6
593 1287 25 21 11

80 1312 90 27 Sawyer
374 1314 12 20 1
468 1315 15 20 0
606 1314 11 20 1

78 1338 139 28 Shipwright
374 1341 12 20 1
469 1342 14 20 0
607 1342 10 20 1

73 1365 125 27 Shepherd
374 1368 108 21 11
605 1369 16 19 2

79 1392 73 23 Slater
374 1395 11 20 1
468 1396 15 20 0
607 1395 11 21 1

79 1418 91 29 Wright
374 1422 14 20 3
470 1423 14 20 0
605 1423 14 20 3

358 1476 30 21 34
456 1476 27 21 17
591 1476 27 21 51

162 1501 97 21 Servant
468 1503 14 20 5
605 1504 14 20 5

161 1528 138 27 Sempstress
468 1530 14 20 5
605 1531 14 20 5

243 1581 65 23 Total
591 1585 26 21 61

299 1609 30 23 D.
342 1609 138 28 RIDDIFORD,

396 1636 155 28 Immigration
562 1638 83 27 Agent

180 1681 110 28 Village
307 1681 31 22 of
354 1682 164 21 Richmond.

54 1714 160 49 MESSRS.
235 1715 87 22 JOHN
339 1715 45 23 and
402 1716 127 23 GEORGE
550 1716 96 24 WADE

142 1741 60 23 have
212 1741 38 22 the
260 1742 89 22 honour
357 1746 26 18 to
391 1750 119 16 announce
526 1743 50 24 that
591 1745 56 28 they

52 1768 57 22 have
118 1768 106 23 received
232 1769 149 23 instructions
389 1769 60 23 from

160 1804 27 23 T.
203 1804 36 23 M.
255 1805 192 29 PARTRIDGE,
463 1807 71 29 ESQ.,

50 1839 33 21 To
93 1839 83 21 submit
193 1841 24 19 to
233 1839 77 28 public
326 1841 152 28 competition,
496 1845 24 19 at
534 1841 39 23 the
588 1842 57 24 New

50 1865 123 28 Exchange
202 1866 81 28 Room,
308 1867 33 22 Te
370 1868 55 27 Aro,
456 1876 28 15 on
512 1869 131 27 Saturday,

130 1893 101 22 October
240 1895 35 26 30,
286 1895 62 26 1841,
358 1895 40 22 the
409 1895 72 22 whole
490 1896 26 21 of
527 1896 35 22 his

197 1930 149 23 COUNTRY
360 1931 139 28 SECTION,

50 1956 142 28 Judiciously
201 1957 83 22 chosen
292 1958 26 22 in
331 1958 38 22 the
384 1958 81 29 Valley
482 1960 27 21 of
523 1959 39 23 the
577 1961 65 28 Hutt,

49 1983 45 23 and
103 1983 46 23 laid
158 1987 40 19 out
207 1984 32 27 by
247 1984 28 22 R.
286 1985 73 26 Park,
376 1985 62 28 Esq.,
452 1985 53 23 with
513 1990 66 24 great
587 1991 56 19 taste

235 2011 47 22 and
289 2011 133 30 judgment,
432 2019 25 15 as

249 2046 23 22 A
291 2046 151 30 VILLAGE,

50 2072 28 23 In
87 2072 73 23 which
170 2072 63 23 there
243 2074 45 21 will
305 2074 29 22 be
349 2081 13 15 a
379 2082 88 15 reserve
483 2083 30 15 on
530 2076 38 22 the
584 2080 59 19 most

116 2100 119 28 navigable
245 2104 51 24 part
306 2101 26 22 of
343 2101 39 22 the
391 2102 71 22 River
470 2102 60 24 Hutt
538 2104 37 22 for

277 2138 22 21 A
315 2138 101 28 TOWN,

50 2164 29 22 So
88 2171 23 15 as
122 2166 22 19 to
154 2163 67 23 allow
229 2167 24 20 to
264 2164 56 23 each
330 2165 44 23 five
384 2173 63 16 acres
458 2166 24 23 in
497 2166 38 23 the
553 2168 87 28 village,

124 2199 43 14 one
177 2195 92 24 quarter
278 2192 28 22 of
315 2200 30 14 an
355 2200 53 15 acre
417 2194 24 21 in
451 2194 38 22 the
499 2197 66 25 town,

50 2227 83 23 WITH
148 2228 160 23 RESERVES
322 2229 64 22 FOR
400 2230 22 21 A
433 2230 130 23 CHURCH
573 2232 68 23 AND

193 2255 113 23 PUBLIC
327 2257 163 29 PURPOSES,

51 2290 27 21 So
87 2297 24 15 as
121 2293 21 19 to
154 2290 81 22 enable
249 2290 38 22 the
304 2290 76 23 future
397 2293 135 27 proprietors
548 2296 22 20 to
588 2302 54 14 con-

49 2320 97 19 centrate
156 2316 39 23 the
205 2317 73 23 whole
287 2318 28 22 of
324 2318 39 22 the
381 2319 62 23 trade
459 2320 27 22 of
503 2320 49 23 that
569 2321 73 23 fertile

88 2344 86 22 district
182 2344 25 22 in
216 2345 40 22 the
266 2345 66 22 small
342 2349 60 19 town
416 2347 104 22 attached
529 2350 23 20 to
563 2348 37 23 the

146 2381 143 23 VILLAGE
304 2382 41 22 OF
359 2383 181 23 RICHMOND.

49 2408 46 23 The
104 2408 65 23 order
177 2409 28 22 of
215 2408 77 23 choice
301 2409 24 22 in
338 2410 39 22 the
392 2414 60 19 town
465 2411 46 23 will
525 2412 29 22 be
568 2412 73 23 deter-

49 2435 74 22 mined
131 2436 32 27 by
172 2436 95 28 priority
282 2436 27 22 of
323 2437 111 27 purchase
449 2438 23 22 in
489 2438 38 23 the
544 2439 82 27 village
633 2448 5 19 ;

48 2461 37 23 the
99 2463 72 27 buyer
187 2463 27 21 of
230 2462 44 34 the_
284 2464 50 22 first
349 2464 82 27 village
447 2465 33 23 lot
493 2465 85 30 having
593 2467 48 23 first

224 2490 78 23 choice
311 2491 25 22 in
346 2491 38 23 the
395 2494 67 21 town.

75 2523 66 22 Little
151 2523 59 22 need
219 2524 28 22 be
257 2524 48 22 said
316 2531 29 16 on
353 2525 39 22 the
400 2526 85 27 subject
492 2526 28 23 of
525 2526 44 24 this
577 2527 61 29 land,

50 2557 22 14 as
82 2550 36 21 the
127 2551 95 28 fertility
231 2552 28 21 of
268 2552 18 21 it
295 2552 20 21 is
324 2556 38 17 too
372 2552 51 23 well
432 2553 81 23 known
529 2558 23 19 to
569 2555 71 22 admit

49 2577 25 21 of
90 2577 87 28 dispute
186 2586 7 20 ;
222 2578 47 22 and
283 2578 111 29 although
413 2579 37 23 the
466 2580 75 30 valley
557 2582 27 22 of
600 2582 38 23 the

50 2603 56 22 Hutt
123 2611 46 16 was
187 2608 42 19 not
246 2605 55 27 long
320 2606 62 23 since
402 2606 45 23 like
466 2608 38 22 the
528 2609 110 23 Deserted

49 2630 91 29 Village,
149 2635 41 24 yet
198 2632 29 22 its
235 2632 60 23 local
304 2633 145 29 advantages,
464 2635 45 22 and
526 2636 38 22 the
579 2636 60 23 rich-

48 2664 49 16 ness
107 2658 25 22 of
142 2658 29 23 its
181 2659 48 26 soil,
241 2667 56 15 soon
314 2667 119 16 overcame
449 2669 68 22 every
530 2663 107 29 obstacle,

48 2685 42 22 and
99 2685 40 22 has
151 2686 94 28 already
261 2688 90 22 created
365 2696 16 14 a
395 2689 106 23 reaction.
529 2690 74 23 There
619 2691 19 23 is

48 2718 46 16 now
105 2720 14 14 a
126 2713 133 28 population
268 2714 26 22 of
305 2722 62 15 more
382 2715 56 23 than
454 2716 40 22 700
510 2718 80 27 people
604 2718 35 22 lo-

49 2738 60 23 cated
123 2741 62 22 there
193 2749 6 19 ;
215 2741 46 22 and
275 2741 45 22 this
327 2742 21 22 is
357 2742 56 28 only
422 2751 14 14 a
443 2744 58 22 faint
508 2745 98 27 promise
616 2746 27 22 of

48 2765 58 22 what
113 2766 18 23 is
142 2770 23 19 to
175 2775 72 16 come.
277 2768 43 23 We
329 2768 59 24 shall
398 2770 85 28 shortly
492 2778 37 16 see

101 2800 47 23 The
156 2802 163 28 never-failing
326 2803 80 28 brook,
419 2804 37 22 the
464 2805 59 28 busy

48 2831 27 23 In
89 2833 40 23 full
142 2835 134 27 perfection,
292 2844 25 14 as
330 2836 39 23 the
386 2837 71 23 whole
471 2839 83 22 wealth
563 2840 27 22 of
600 2839 38 23 the

48 2859 81 24 district
137 2862 27 21 of
175 2862 54 23 Port
238 2863 125 23 Nicholson
373 2864 20 22 is
402 2866 161 22 concentrated
569 2867 24 21 in
600 2867 38 23 the

86 2897 133 24 FERTILE
232 2900 130 23 VALLEY
377 2900 40 23 OF
430 2901 65 23 THE
508 2902 93 24 HUTT.

48 2929 31 23 To
88 2931 39 23 the
133 2933 113 28 capitalist
253 2933 20 23 it
280 2933 68 23 holds
356 2938 42 19 out
406 2943 15 15 a
426 2943 57 21 sure,
492 2937 93 28 certain,
593 2939 45 22 and

50 2957 58 28 large
125 2960 68 26 profit
207 2961 37 22 for
259 2961 61 23 what
334 2961 29 23 he
381 2963 93 22 invests.
502 2964 34 22 To
551 2965 39 22 the
605 2965 33 22 la-

49 2985 77 23 bourer
133 2987 19 21 it
160 2987 66 23 holds
241 2992 39 18 out
294 2988 38 23 the
348 2992 105 26 prospect
468 2990 28 22 of
511 2991 77 23 future
602 2992 35 23 in-

50 3010 139 29 dependence
198 3015 24 21 in
231 3014 39 23 the
279 3017 128 26 possession
414 3017 25 22 of
449 3017 34 22 his
490 3025 50 16 own
549 3022 88 24 cottage

50 3038 82 24 fireside
142 3048 30 15 on
181 3041 35 23 his
233 3050 50 14 own
299 3043 62 26 land,
377 3043 25 23 in
420 3052 13 14 a
445 3045 98 29 wealthy
559 3046 78 28 neigh-

50 3066 117 29 bourhood,
177 3068 75 23 where
261 3069 29 23 he
299 3070 21 22 is
329 3071 85 28 always
422 3079 50 14 sure
483 3072 27 22 of
519 3073 118 27 profitable

50 3094 154 27 employment.
233 3097 33 21 To
282 3097 40 22 the
337 3098 78 22 trader
428 3099 19 22 it
461 3099 66 23 holds
543 3104 40 19 out
598 3100 39 23 the

48 3125 91 20 promise
158 3122 27 22 of
202 3124 116 22 extensive
335 3125 105 22 business
456 3126 24 22 in
497 3134 13 14 a
525 3126 49 23 rich
591 3128 46 22 and

48 3147 104 26 populous
161 3149 93 28 district,
266 3151 74 22 where
355 3152 31 22 all
401 3153 39 22 the
454 3153 76 24 future
547 3158 90 26 exports

49 3174 24 19 of
83 3174 37 22 the
128 3175 87 29 Colony
224 3177 46 22 will
279 3178 72 23 either
362 3180 30 21 be
408 3180 115 28 produced
539 3189 26 14 or
578 3184 59 21 have

50 3201 21 19 to
80 3206 48 21 pass
138 3202 104 31 through,
257 3205 54 22 with
322 3205 37 23 the
376 3214 79 15 means
467 3208 27 21 of
509 3209 128 28 conveying

47 3233 17 14 »
73 3229 21 19 to
104 3229 35 22 the
145 3229 105 30 shipping
255 3236 52 24 port
322 3233 67 27 (until
396 3234 129 23 Richmond
532 3235 105 24 becomes

48 3259 13 15 a
77 3257 56 26 port)
154 3257 32 27 by
202 3258 38 23 the
256 3259 106 27 cheapest
375 3268 79 15 means
454 3273 28 5 —
483 3269 80 16 water
581 3271 56 14 car-

48 3286 15 34 f.
64 3286 21 16 1A
87 3288 27 15 GE
127 3286 24 19 at
163 3284 36 22 his
213 3285 62 24 door.
304 3287 55 22 And
374 3291 24 19 to
416 3288 38 22 the
467 3289 87 22 invalid
569 3297 14 15 a
598 3290 38 23 de-

152 3314 51 19 SDot
221 3313 35 22 for
274 3321 13 15 a
311 3314 124 28 residence,
460 3316 100 23 adorned
582 3318 53 22 with

137 3344 11 14 s
156 3338 84 23 richest
247 3340 60 27 gifts,
318 3342 35 21 far
362 3342 59 22 from
431 3342 37 23 the
485 3343 55 23 hum
557 3344 27 22 of
596 3344 39 23 the

49 3365 52 24 busy
109 3365 66 27 town,
186 3366 55 22 with
250 3375 14 14 a
279 3368 90 23 climate
384 3372 42 19 not
440 3377 57 15 even
512 3371 85 22 second
611 3374 24 20 to

47 3391 35 18 tne
91 3391 64 22 south
164 3393 27 20 of
201 3393 86 24 France
299 3402 24 15 or
332 3395 38 23 the
381 3396 52 23 blue
443 3397 98 23 ethereal
555 3398 42 28 sky
611 3399 27 22 of

47 3418 62 25 Italy,
126 3420 22 19 to
163 3425 108 18 renovate
287 3421 38 23 the
342 3422 89 29 health;
454 3424 45 23 and
518 3425 39 22 the
576 3429 59 19 most

45 3445 137 26 picturesque
193 3454 93 22 scenery
297 3448 46 23 and
352 3450 119 28 delightful
480 3452 120 28 landscape
609 3453 23 22 in

46 3473 36 17 tne
91 3473 67 21 world
168 3475 23 19 to
200 3475 82 28 gratify
292 3475 38 23 the
341 3484 53 15 man
410 3478 27 22 of
454 3482 64 24 taste,
533 3480 46 22 and
593 3480 40 22 be-

45 3497 58 23 guile
111 3497 35 23 his
155 3499 81 24 leisure
245 3501 76 24 hours.

71 3522 75 24 Terms
153 3525 87 26 liberal.
268 3529 79 23 Terms
356 3531 47 22 and
409 3532 86 23 further
501 3533 132 28 particulars

44 3553 22 16 *n
76 3556 12 14 a
97 3550 117 26 hand-bill.

46 3591 155 51 MESSRS.
217 3598 85 23 JOHN
325 3601 45 22 and
388 3602 127 24 GEORGE
536 3605 95 23 WADE

119 3625 57 20 have
186 3625 38 22 the
240 3626 88 22 honour
338 3631 22 17 to
376 3636 120 16 announce
511 3631 51 23 that
577 3632 53 26 they

45 3650 53 18 nave
111 3651 104 22 received
223 3652 147 24 instructions
388 3655 58 22 from
463 3657 31 21 H.
510 3658 118 28 Harrison,

111 3678 22 19 to
143 3678 40 21 sell
193 3679 30 27 by
232 3680 76 26 public
318 3681 99 28 auction,
423 3685 111 26 positively
541 3687 89 21 without

44 3705 76 17 "'ervc
134 3707 24 18 at
167 3704 59 23 their
234 3707 116 28 premises,
365 3708 33 22 Te
416 3710 53 27 Aro,
485 3718 28 15 on
525 3713 104 26 Tuesday

43 3731 58 24 next,
111 3729 37 22 the
157 3732 53 22 26th
228 3726 105 34 October,
346 3735 61 26 1841,
418 3739 23 18 at
456 3739 10 19 1
483 3738 85 23 o'clock
577 3748 51 18 pre-

43 3758 64 24 cisely
115 3764 5 18 ;
134 3758 35 21 his
183 3760 100 26 superior
299 3760 63 28 dairy
372 3761 64 28 herd,
446 3765 122 25 consisting
577 3767 51 21 of—

42 3789 113 42 withK
160 3811 29 22 da
196 3793 23 41 T
221 3784 7 6 '
222 3790 21 18 ct
240 3814 11 20 f
260 3787 33 21 Mi
294 3787 8 47 !
303 3788 28 32 c^
349 3788 71 46 Cows^
429 3791 14 19 3
460 3791 26 21 of
498 3798 19 15 w
516 3819 7 5 -
589 3801 38 15 are

42 3831 96 28 Durham
145 3833 54 27 Bull
208 3840 58 22 from
276 3841 38 22 the
324 3831 51 32 weh
384 3824 242 45 known^ockoFthe

171 3864 85 24 EARL
275 3868 41 21 OF
329 3869 160 23 CARLISLE.

42 3890 59 25 Also,
111 3890 34 22 his
155 3892 48 22 well
215 3895 100 21 assorted
327 3895 63 23 stock
401 3897 26 21 of
438 3897 70 28 Dairy
518 3898 106 25 Utensils,

66 3918 91 21 further
165 3920 132 23 particulars
306 3921 45 23 and
361 3925 77 25 terms,
450 3924 73 22 which
537 3933 39 15 are
586 3934 39 15 ex-

39 3944 111 28 ceedingly
158 3944 87 31 liberal,
255 3948 45 23 will
308 3956 83 21 appear
401 3949 23 23 in
435 3958 13 15 a
457 3950 119 26 hand-bill.

835 699 52 21 Mr.
902 699 26 20 J.
942 700 34 20 <r.
990 700 33 20 R.
1038 699 93 21 Dixon

682 731 123 49 WILL
814 731 85 23 submit
906 736 24 19 to
939 733 77 26 public
1026 733 155 28 competition,
1189 735 89 20 without

751 766 86 20 reserve,
850 762 23 19 at
878 760 44 21 Mr.
933 760 69 22 Tod's
1012 760 71 26 Store,
1094 767 29 14 on
1134 760 144 28 Wednesday

678 785 40 22 the
727 786 53 22 27th
790 786 93 27 instant,
894 790 23 18 at
927 788 24 21 11
962 787 111 22 forenoon
1079 788 114 26 precisely,

706 813 141 27 Negrohead
859 813 45 22 and
918 814 131 21 Cavendish
1063 814 101 28 tobacco,
1184 822 92 20 pepper,

678 839 51 28 salt,
737 840 93 27 pickles,
839 840 76 21 lemon
926 847 76 21 syrup,
1010 840 70 28 pipes,
1089 841 49 22 iron
1146 844 57 24 pots,
1212 849 64 20 saws,

678 866 56 28 files,
746 867 87 27 spades,
852 867 95 27 shovels,
959 874 61 20 axes,
1036 867 63 27 hoes,
1115 868 75 27 adzes,
1201 868 77 32 frying

677 901 64 19 pans,
752 894 81 21 knives
847 894 45 21 and
907 894 70 26 forks,
988 894 86 27 hinges,
1087 894 64 27 nails,
1163 898 114 20 canmster

677 920 146 28 gunpowder,
835 919 57 29 shot,
904 920 68 26 flints,
984 920 145 23 shoemakers
1129 922 7 8 1
1146 921 65 28 tools,
1221 922 40 23 &c.

706 947 72 27 Slops,
797 947 74 27 shoes,
890 947 111 27 cartridge
1018 948 76 27 boxes,
1110 948 64 28 lamp
1190 952 85 24 cotton,

677 974 116 27 crockery,
802 974 71 27 paint,

704 1000 131 27 Dungaree,
851 1000 69 22 calico
936 1000 111 23 bleached
1061 1001 46 22 and
1122 1002 151 28 unbleached,

677 1027 59 26 drill,
748 1027 54 26 tick,
812 1027 79 28 prints,
903 1027 43 22 silk
955 1028 181 27 handkercheifs,

704 1053 76 28 Wine,
791 1049 95 33 brandy,
898 1061 59 21 rum,
968 1055 46 22 and
1024 1055 80 22 arrack
1112 1056 25 21 in
1148 1056 70 22 wood.

704 1080 81 23 Terms
785 1092 28 4 —
813 1081 48 22 j620
873 1081 64 28 cash;
949 1082 79 27 above,
1035 1082 119 28 improved
1164 1083 111 24 endorsed

677 1107 52 22 bills
739 1111 24 18 at
772 1108 65 22 three
847 1108 99 23 months.

705 1141 149 28 Wellington,
866 1141 99 23 October
973 1144 35 26 21,
1020 1144 62 21 1841.

831 1197 40 21 At
883 1197 84 21 Noon
981 1197 145 27 precisely,

679 1229 74 49 ON
769 1230 202 23 WEDNESDAY
983 1234 61 24 next,
1057 1231 45 22 Mr.
1113 1232 106 22 DIXON
1229 1232 45 23 will

743 1256 43 22 sell
794 1257 32 27 by
836 1257 107 27 Auction,
955 1260 24 19 at
987 1258 44 23 Mr.
1046 1258 69 23 Tod's
1129 1260 71 27 Store,
1211 1261 64 20 with-

677 1286 38 18 out
724 1290 88 15 reserve.

706 1311 103 27 Country
817 1312 94 27 section,
923 1313 40 21 100
981 1319 68 21 acres,
1067 1313 44 22 No.
1123 1315 35 26 84,
1173 1314 99 29 Poriraa,

678 1337 100 23 selected
795 1339 32 27 by
843 1338 28 23 R.
882 1339 66 27 Park,
959 1340 62 28 Esq.,
1031 1340 35 22 for
1083 1341 67 22 order
1158 1341 27 22 of
1198 1341 76 23 choice

678 1364 46 23 No.
734 1366 49 21 210.

704 1392 72 22 Town
784 1392 93 28 section,
885 1392 148 29 Wellington,
1042 1394 46 22 No.
1093 1395 49 28 430,
1151 1395 123 28 Surveyor-

678 1418 120 23 General's
808 1418 65 23 Plan.

705 1446 104 27 Country
824 1446 93 26 section,
931 1448 41 20 100
988 1455 69 20 acres,
1073 1448 111 28 principal
1198 1449 75 23 settle-

677 1476 71 24 ment,
759 1474 124 25 unseleeted,
895 1474 66 22 order
971 1475 27 21 of
1004 1475 78 22 choice
1092 1475 44 23 No.
1146 1477 49 21 416.

704 1500 72 22 Town
794 1501 93 27 section,
904 1501 147 28 Wellington,
1068 1502 45 23 No.
1132 1505 42 20 632
1190 1510 30 16 on
1235 1503 38 23 the

677 1526 62 29 plan.

705 1555 103 27 Country
824 1554 93 28 section,
936 1556 41 21 100
988 1562 70 21 acres,
1069 1556 112 27 principal
1198 1557 75 23 settle-

677 1585 71 24 ment,
756 1582 124 27 utuelected,
892 1582 67 22 order
969 1583 26 21 of
1000 1583 78 22 choice
1090 1583 43 22 No.
1141 1585 49 21 712.

704 1608 73 23 Town
795 1609 94 28 section,
906 1609 148 28 Wellington,
1072 1610 45 23 No.
1126 1612 43 20 363
1186 1618 32 16 on
1234 1611 39 23 the

677 1634 62 29 plan.

704 1663 104 27 Country
816 1663 94 28 section,
925 1664 42 21 100
984 1671 70 20 acres,
1071 1664 111 27 principal
1198 1665 75 23 settle-

676 1693 72 23 ment,
758 1691 123 26 unseleeted,
892 1690 67 23 order
969 1691 27 21 of
1002 1691 77 22 choice
1090 1691 44 22 No.
1141 1692 49 22 769.

704 1717 81 23 Terms
785 1729 27 4 —
812 1719 28 21 25
850 1724 40 21 per
899 1721 59 19 cent,
968 1718 87 27 deposit
1064 1725 30 15 on
1104 1718 39 22 the
1152 1718 39 22 fall
1203 1719 27 22 of
1235 1719 38 23 the

676 1743 112 28 hammer,
798 1745 47 21 and
861 1745 38 21 the
908 1744 95 24 balance
1019 1745 25 22 in
1059 1745 115 28 approved
1183 1746 53 22 bills
1251 1749 23 20 at

677 1770 63 23 three
750 1772 101 22 months.

704 1798 102 22 Auction
815 1799 102 28 charges,
927 1800 28 25 6}
971 1806 41 21 per
1026 1801 61 20 cent,
1097 1806 30 15 on
1142 1799 39 23 the
1191 1799 82 28 charge

676 1825 27 21 of
710 1825 38 22 the
757 1825 129 28 purchaser.

774 1871 40 20 To
831 1872 164 25 Carpenters
1009 1872 54 21 and
1079 1872 101 21 others.

677 1905 74 48 ON
764 1904 174 23 THURSDAY
955 1909 62 23 next,
1031 1905 38 22 the
1078 1905 54 23 28th
1140 1905 93 28 instant,
1250 1908 23 20 at

741 1938 69 21 noon,
827 1933 44 21 Mr.
882 1932 78 22 Dixon
971 1932 47 22 will
1026 1932 42 23 sell
1080 1933 30 27 by
1121 1933 109 26 Auction,
1242 1940 30 14 on

675 1958 47 22 Mr.
732 1959 68 21 Tod's
811 1959 116 27 premises,
932 1969 4 4 -

703 1986 38 20 An
753 1988 136 19 assortment
906 1985 27 22 of
943 1985 47 22 fine
1004 1985 74 28 cedar,
1092 1985 25 23 in
1131 1985 46 22 lots
1189 1989 23 19 to
1227 1987 45 21 suit

673 2012 142 26 purchasers,
827 2011 47 23 and
882 2013 90 19 without
981 2018 98 15 reserve*-
1087 2020 38 7 —-*■
1126 2020 29 5 —

701 2037 82 22 Terms
783 2048 25 5 —
811 2037 49 23 £20
879 2039 46 21 nnd
943 2038 80 28 under,
1040 2037 66 28 cash;
1131 2038 79 29 above,
1232 2046 40 21 ap-

673 2065 87 26 proved
770 2065 111 23 endorsed
889 2065 52 23 bills
951 2069 23 18 at
984 2065 63 22 three
1055 2069 83 19 monts.

703 2097 147 29 Wellington,
863 2099 97 22 October
969 2100 34 26 21,
1014 2100 62 21 1841.

917 2144 109 22 Notice.

673 2182 92 48 THE
773 2183 159 28 undersigned,
943 2184 70 28 being
1021 2185 70 22 about
1099 2188 24 20 to
1132 2192 93 16 remove
1234 2185 36 23 his

734 2210 171 23 establishment
915 2215 22 19 to
953 2212 131 27 Auckland,
1094 2216 103 25 requests
1205 2213 65 22 those

732 2237 110 23 indebted
852 2241 23 19 to
884 2238 48 22 him
949 2242 23 18 to
986 2239 64 23 settle
1067 2239 59 23 their
1145 2240 124 27 respective

673 2267 110 19 accounts
792 2272 24 14 as
831 2265 62 33 early
903 2273 24 14 as
943 2266 97 27 possible
1049 2274 6 19 ;
1070 2274 47 20 any
1126 2274 45 15 one
1185 2267 85 28 having

673 2298 14 14 a
697 2290 100 23 demand
807 2299 61 20 upon
879 2291 50 23 him
946 2293 45 21 will
1000 2293 58 22 have
1071 2293 39 22 the
1124 2293 113 28 goodness
1247 2298 23 18 to

673 2318 85 22 submit
767 2319 18 21 it
793 2319 37 22 for
842 2319 154 23 examination
1005 2320 46 22 and
1060 2321 130 22 settlement
1200 2328 30 16 on
1245 2329 25 15 or

672 2344 78 23 before
758 2345 39 23 the
807 2347 49 21 31st
866 2347 98 22 October
972 2347 94 23 instant.

701 2398 45 23 For
754 2399 55 28 sale,
819 2399 38 23 the
868 2400 115 31 buildings
999 2408 30 15 on
1039 2401 39 23 the
1094 2401 62 29 right
1171 2402 46 23 and
1228 2401 42 24 left

673 2425 26 23 of
706 2426 28 22 R.
746 2427 46 22 T.s
803 2427 112 28 dwelling,
926 2428 55 22 with
991 2428 37 22 the
1038 2429 73 22 fence.

699 2453 35 22 To
751 2453 40 28 let,
809 2454 39 23 the
868 2455 64 22 Store
949 2455 48 22 and
1014 2455 55 23 land
1084 2455 106 24 attached
1206 2459 24 20 to
1243 2457 25 27 it,

671 2480 68 28 apply
750 2484 24 19 to

1071 2510 98 23 Robert
1182 2511 58 22 Tod.

699 2534 150 29 Wellington,
861 2536 99 22 October
969 2538 34 26 21,
1014 2538 62 21 1841.

901 2590 54 21 For
970 2591 70 25 Sale,

670 2621 76 50 AN
764 2622 66 23 order
840 2622 35 23 for
883 2630 14 15 a
913 2627 98 24 country
1021 2624 85 23 section
1122 2625 25 22 in
1158 2625 39 23 the
1209 2625 59 23 third

751 2650 76 28 series,
837 2650 96 22 number
943 2658 29 15 on
981 2651 38 22 the
1029 2651 95 28 register
1132 2653 35 22 78.

1091 2679 22 22 J.
1127 2680 114 23 Jackson.

697 2703 194 30 Lambton-quay,
903 2705 99 23 October
1011 2707 34 26 21,
1058 2707 62 22 1841.

720 2750 54 22 HIS
794 2751 28 22 IS
844 2751 40 23 TO
906 2752 79 23 GIVE
1008 2753 125 26 NOTICE,
1158 2754 49 23 that
1230 2762 38 19 my

746 2777 118 29 daughter,
884 2779 120 23 Elizabeth
1023 2780 80 28 Wood,
1124 2780 87 29 having
1228 2781 41 22 left

670 2803 43 22 her
722 2804 114 28 situation,
844 2806 45 22 and
898 2806 91 23 refused
996 2810 23 19 to
1028 2810 78 19 return
1115 2807 76 29 home,
1204 2808 11 22 I
1223 2808 45 23 will

670 2834 42 18 not
725 2831 28 22 be
764 2832 137 23 answerable
917 2833 37 22 for
968 2841 46 21 any
1023 2834 66 23 debts
1097 2834 41 23 she
1150 2843 54 21 may
1213 2843 55 15 con-

670 2860 59 20 tract
737 2859 60 22 after
806 2859 39 22 the
855 2860 51 23 date
916 2860 86 24 hereof.

1064 2888 78 24 James
1157 2890 82 23 Wood.

697 2911 89 29 Petoni,
797 2912 99 23 October
904 2916 34 25 22,
950 2916 62 21 1841.

828 2958 139 23 Situation
982 2961 127 22 Wanted.

668 2991 54 48 A
735 2991 124 23 PERSON
873 2992 49 23 who
939 2992 42 24 has
996 2993 45 24 had
1058 2996 156 22 considerable
1228 3004 38 15 ex-

757 3019 107 27 perience
885 3020 26 21 in
932 3020 105 23 business
1059 3022 26 22 in
1108 3023 114 29 England,
1247 3024 19 21 is

668 3044 102 23 desirous
781 3046 27 22 of
812 3046 101 28 meeting
922 3048 54 22 with
986 3056 14 14 a
1016 3048 107 24 situation
1134 3058 25 14 as
1172 3058 94 20 manag-

667 3072 112 26 mgclerk
790 3081 25 14 or
824 3074 106 22 assistant
936 3074 24 23 in
969 3083 14 14 a
993 3076 63 23 Store
1066 3084 26 15 or
1101 3077 80 23 Office.

696 3100 38 21 He
743 3100 76 23 wouM
829 3100 58 33 haye
899 3108 32 15 no
941 3102 120 29 objection,
1071 3104 87 28 having
1172 3113 13 13 a
1200 3105 65 22 small

668 3126 83 28 capital
762 3130 24 19 at
799 3127 36 23 his
851 3128 104 28 disposal,
966 3132 24 19 to
1006 3130 52 23 take
1073 3138 15 15 a
1096 3131 66 23 share
1179 3132 24 22 in
1220 3140 45 20 any

668 3160 100 15 concern
784 3154 29 22 he
829 3154 73 29 might
917 3163 99 21 approve
1033 3158 29 22 of.
1092 3158 78 26 Apply
1186 3163 24 19 at
1226 3159 39 23 the

670 3180 88 21 Gazette
772 3181 79 23 Office.

697 3208 100 22 October
808 3210 34 26 18,
854 3210 60 22 1841.

844 3255 41 21 Ex
899 3255 47 21 the

667 3286 112 49 POTS,
790 3287 89 29 kettles,
889 3295 132 22 saucepans,
1031 3290 47 23 and
1089 3298 68 22 every
1167 3292 99 28 descrip-

741 3314 49 22 tion
801 3315 27 21 of
835 3315 97 28 cooking
939 3317 103 22 utensils.

696 3341 73 27 Guns,
779 3341 84 23 double
876 3342 45 23 and
937 3343 74 28 single
1026 3344 81 29 barrel,
1118 3346 97 22 suitable
1230 3346 35 22 for

665 3368 78 23 native
753 3368 70 23 trade.

799 3396 125 27 Wallace,
939 3397 94 29 White,
1049 3399 46 22 and
1109 3400 126 22 Wallace.

666 3440 140 49 GEESE,
824 3440 110 29 DUCKS,
956 3442 152 29 TURKEYS,
1131 3452 14 15 a
1168 3445 44 22 few
1233 3452 30 15 on

749 3467 54 22 sale.
832 3468 78 28 Apply
919 3472 24 18 to

794 3501 125 29 Wallace,
936 3502 94 29 White,
1046 3504 47 23 and
1107 3505 126 23 Wallace.

663 3546 40 21 To
719 3546 253 28 Agriculturalists,
992 3549 173 27 Carpenters,
1186 3551 75 21 Saw-

866 3579 71 21 yers,
952 3575 46 21 &c.
1012 3576 46 21 &c.

663 3608 43 22 T7^
714 3607 86 23 VERY
818 3608 137 28 description
974 3610 27 21 of
1016 3611 146 27 agricultural
1180 3612 80 28 imple-

661 3631 49 26 JCi
738 3639 83 24 ments,
833 3637 136 27 carpenters'
979 3637 63 28 tools,
1054 3639 41 22 &c.
1106 3639 41 22 &c.

687 3669 59 22 N.B.
747 3680 29 5 —
777 3669 21 22 A
814 3669 63 23 fresh
893 3669 146 30 importation
1058 3671 26 22 of
1096 3672 114 23 excellent
1225 3673 34 28 pit

659 3696 46 22 and
720 3699 111 19 cross-cut
847 3704 63 20 saws,
927 3697 90 28 pit-saw
1033 3699 56 27 files,
1105 3699 41 22 &c.
1162 3699 49 28 &c,
1226 3707 30 15 on

659 3723 46 21 sale
715 3727 24 18 at
748 3723 39 22 the
797 3727 72 19 stores
878 3724 26 22 of

793 3750 124 28 Wallace,
934 3751 93 28 White,
1042 3752 48 22 and
1101 3753 126 22 Wallace.

830 3789 40 20 To
885 3789 199 22 Landholders.

657 3821 180 48 WANTED
848 3829 29 15 on
890 3822 61 22 lease
964 3823 161 28 immediately,
1141 3831 15 14 a
1167 3824 49 28 plot
1232 3826 26 21 of

753 3848 91 27 ground
853 3848 53 22 with
915 3853 42 18 not
965 3850 45 21 less
1019 3849 54 22 than
1082 3852 29 20 50
1120 3850 45 23 feet
1181 3852 73 22 front-

656 3881 48 20 age,
725 3875 36 21 for
780 3882 14 13 a
812 3875 120 22 Chemist's
951 3876 177 28 establishment,
1150 3878 101 23 between

657 3898 112 25 Robson's
779 3901 64 22 Store
853 3902 45 21 and
906 3902 39 21 the
961 3902 131 27 Exchange.
1120 3904 85 28 Apply,
1221 3905 31 27 by

655 3928 73 25 letter,
739 3934 30 15 on
781 3935 25 13 or
814 3928 77 23 before
901 3928 131 23 November
1041 3931 50 26 Ist.,
1099 3932 22 20 to
1130 3930 22 23 J.
1162 3931 89 29 Sutton,

656 3954 99 23 Medical
766 3953 62 29 Hall,
840 3954 147 29 Wellington.
