3425 4370
459 27 2801 48 THE

459 75 1120 203 OXFORD
1766 75 1494 203 OBSERVER

459 278 350 203 AND
926 278 1167 203 CANTERBURY
2210 278 1050 203 DEMOCRAT.

1242 521 517 37 CIRCULATING
1835 522 517 37 THROTJGhHOTJT

1694 688 228 31 Established
1966 691 91 28 1889.

1217 827 106 33 BAST
1367 826 184 38 OXFORD,
1565 826 244 43 SATURDAY,
1851 830 201 33 OCTOBER
2067 834 51 35 2«,
2136 834 89 31 1895.

2958 844 222 34 Pbioe—GNE
3196 844 154 35 PENtfY.

40 848 138 31 Volumn
200 846 64 33 VII
275 864 41 5 —
316 845 61 31 No.
420 841 101 32 NEW
539 836 155 35 SERIES.

2869 990 49 38 G.
2945 991 48 38 E.
3022 986 346 66 WEYLApOT,

2981 1054 110 28 FAMILY
3108 1036 232 63 BUTCHE^^fe

2892 1099 156 42 EAST
3078 1085 263 80 OXPCfpf>.

2932 1163 118 27 Families
3060 1166 89 25 waited
3158 1175 65 24 upon
3234 1164 76 36 dailyl
3325 1183 6 10 *

2933 3633 371 33 PHOTOGRAPHERS
3318 3644 29 31 ;■;
3397 3626 25 37 *■

2855 3683 66 20 Have
2925 3685 104 19 removed
3034 3686 24 18 to
3061 3692 60 14 more
3127 3686 148 21 commodious
3280 3689 109 25 premises

2955 3718 163 26 VICTORIA
3137 3720 141 30 STREET,

2857 3769 116 31 Opposite
2997 3770 126 25 Salvation
3151 3771 81 32 Army.
3255 3772 135 30 .Batracks,

2897 3802 49 24 and
2958 3810 41 17 are
3012 3803 74 32 doing
3105 3803 148 26 Enamelled
3267 3805 123 26 .Cabinets

2857 3842 37 24 for
2906 3843 41 31 8/6
2958 3850 43 23 per
3012 3843 86 25 dozen.
3123 3844 75 25 Great
3209 3845 182 35 Photographip

2860 3879 122 31 Surprise.
3029 3881 52 24 One
3110 3882 25 23 oi
3156 3882 44 24 the
3221 3884 93 30 largest

2857 3920 154 24 introduced.
3034 3925 3 5 '
3054 3921 77 26 From
3153 3922 61 24 Dec.
3237 3923 69 24 11th.
3328 3924 64 24 until

2858 3959 41 24 the
2911 3960 61 24 New
2984 3960 76 29 Year*'
3085 3962 58 28 One.
3149 3962 106 31 Dpzeß,,;
3264 3964 68 31 sarge
3333 3984 8 11 v
3343 3964 55 24 size.
3417 3981 4 3 -

2859 3999 146 26 Enamelled
3021 4001 99 30 Photo?,
3126 4002 9 25 f
3137 4011 27 17 or
3172 4004 68 33 10/-'
3245 4004 79 25 usual:
3327 4002 69 33 pricl*

2859 4040 37 23 £1
2910 4042 53 23 10s.
3000 4042 92 25 Secure
3106 4051 15 17 a
3139 4044 97 33 deposit
3241 4054 7 20 r
3257 4042 83 27 ticket';

2860 4078 50 33 2/6,
2939 4087 57 17 now
3018 4082 150 31 ready.This
3180 4084 34 28 'is.
3228 4083 39 25 the
3288 4083 114 30 greatest
3408 4091 12 19 ;

2861 4118 98 26 wonder
2970 4119 26 25 of
3014 4120 44 26 the
3067 4122 11 12 *'
3083 4131 53 24 age.
3171 4124 76 24 Don't
3264 4122 60 25 niiss
3344 4115 75 38 |bif»"'

2860 4159 101 25 chance.
3040 4184 3 5 ,
3085 4182 15 7 ..,
3211 4184 16 5 ..,
3246 4166 16 22 ,\
3292 4174 14 13 \
3358 4182 3 8 :
3372 4169 29 19 >■
3414 4181 3 1 -

2893 4198 167 28 BURRELX
3076 4203 193 35 BROTHERS,
3412 4221 3 17 ;

2987 4245 33 21 :'•
3041 4245 20 28 '/
3101 4242 235 38 .Photographers;
3400 4257 16 13 «•

2984 4289 110 28 Victoria
3110 4292 87 32 Street,
3215 4296 81 28 Christ
3299 4300 109 27 churohV

2944 1979 254 46 SPECIAL
3219 1986 11 43 !
3252 1986 11 43 !
3285 1987 11 43 !

2857 2088 262 44 Tj^ULL-SIZE,
3161 2088 235 33 ALL.^VOOI*

3037 2156 11 35 '.
3073 2163 119 27 WHITE

2884 2227 211 51 KAIAPOI
3119 2230 250 53 BLANKETS
3384 2212 12 13 '

2958 2323 80 49 19s
3071 2328 59 44 6d
3170 2329 132 48 Pair.
3339 2328 29 47 \

2972 2441 181 25 SMALLER-
3176 2443 99 26 SIZES

2945 2514 80 47 15s
3058 2517 60 46 6d
3173 2511 133 54 Pair.

2899 2617 73 22 BEST
2984 2619 104 22 VALUE
3107 2621 82 21 EVER
3202 2622 136 22 OFFEBED

2852 2786 2 3 •
2900 2778 3 3 •
2921 2798 2 3 .
2938 2756 144 46 /;-Easfe
3097 2750 307 64 p^Qrdy^s>.

2924 2887 2 1 ■
2945 2879 37 11 '•-■'■
3025 2884 44 10 ■■■■-.
3092 2887 5 3 -
3107 2875 40 19 '.»Vv
3152 2875 62 22 •*i*v*'-fe->
3222 2876 7 18 -»'
3231 2876 17 19 'i\
3291 2876 8 19 '\
3309 2881 25 17 -'■>
3367 2889 20 5 -.
3394 2888 2 2 •
3401 2889 2 2 ■

2857 2935 12 23 *,
2907 2920 65 29 MR
2994 2904 175 63 SPECii^
3196 2906 144 56 MPII),

2954 2962 26 36 ■'".
3015 2971 91 31 AND
3128 2964 112 47 SUN,/

2852 3020 201 46 TRAVELLING
3091 3029 294 42 PHOTOGRAPHERS.

2892 3089 114 37 Views,
3025 3091 128 39 Houses,
3168 3094 131 40 Grroups,
3310 3095 74 30 Por-

2851 3132 98 35 traits,
2977 3132 223 41 Auimals'c&c,
3222 3135 93 31 taken
3351 3141 36 26 at
3393 3144 11 14 y

2852 3182 60 27 any
2930 3174 86 37 place
3026 3184 8 24 ;
3066 3174 59 38 6/,-;
3138 3176 79 39 10/-;
3234 3176 66 39 24/-
3330 3187 56 28 per

2851 3212 105 31 dozen.
3001 3214 162 39 Speci'inert
3176 3216 110 41 Idndly;
3299 3219 85 28 exhi-

2852 3254 81 31 bited
2949 3255 32 30 in
3006 3254 49 31 Mr
3086 3256 133 32 Parish's
3241 3259 143 31 window.

2852 3304 113 30 Address,
2968 3320 33 3 —
3052 3308 5 7 *
3149 3319 2 4 ■
3210 3313 14 19 j
3224 3308 62 22 '■''.:
3293 3326 1 1 .
3309 3328 2 2 .
3382 3323 3 5 .

2869 3337 3 13 :
2893 3355 5 18 :
2949 3350 50 24 ME
3013 3344 145 31 SPECIAL
3169 3350 114 33 EAHD,

3019 3423 3 3 .
3032 3424 5 3 .
3079 3419 9 10 -.
3114 3400 209 33 Photographer;;
3337 3424 7 6 ..

2916 3443 121 32 ....■;::-■•'■
3158 3449 246 32 SWANNANOA^v

2850 1327 297 85 HUNTER
3177 1333 49 80 &
3261 1335 119 97 CO.,

3078 1432 77 21 LATE

3031 1469 311 50 STOCKS,

2852 1528 306 35 MONUMENTAL
3208 1533 179 40 MASONS,

2893 1574 119 27 Colombo
3028 1579 76 23 street
3115 1578 50 25 and
3177 1580 82 24 South
3275 1580 66 31 Belt,

2937 1619 353 37 CHRISTCHUEOH.

3057 1683 2 4 ,
3112 1678 2 2 ■
3241 1683 1 2 .
3253 1672 6 13 >.
3270 1682 2 1 .
3298 1682 47 5 ...
3363 1668 7 15 .■.

2962 1723 104 21 AGENT
3079 1724 60 22 FOE
3153 1726 125 26 OXFORD,

2917 1774 52 47 E.
3001 1775 57 46 H.
3090 1774 238 51 PARISH.

2854 1846 137 27 Estimates
3003 1849 50 26 and
3063 1849 123 33 Designes
3196 1859 32 17 on
3239 1848 152 37 application

2332 3586 141 46 J.-M.
2505 3586 305 54 VEREBLL,

2400 3686 290 25 PHOTOGRAPHER
2703 3695 6 20 ;

2362 3761 439 31 SWANNANOA.

2533 3815 10 11 >
2554 3815 44 12 «a^
2610 3816 9 11 e

2307 3842 90 23 Orders
2408 3842 29 29 by
2448 3843 59 22 Post
2519 3844 86 21 receive
2622 3844 128 23 immediate
2772 3849 71 19 atten-

2556 3887 56 21 tion.

2310 4032 54 44 P.
2379 4032 51 45 C.
2446 4031 400 48 JOHANNSEN

2414 4106 335 32 BASKETMAKEU.

2311 4188 97 30 Chairs,
2433 4189 116 28 Baskets,
2575 4188 50 25 and
2648 4189 200 28 Perambulators

2443 4237 74 24 Made
2540 4237 51 24 and
2601 4238 131 32 Eepaired.

2345 4287 119 30 QUEEN
2479 4287 143 31 STEEET,
2641 4289 64 26 East
2717 4289 100 26 Oxford.

2323 2045 262 47 WALTER
2644 2050 179 47 RYDE.

2410 2142 117 21 TIMBEE
2552 2144 176 24 MERCHANT.

2386 2208 119 32 WEST
2577 2211 183 41 OXFOED.

2306 2318 222 61 ROBERT
2612 2323 229 75 FISHER,

2341 2396 175 28 GENERAL
2543 2399 265 29 STOREKEEPER

2304 2444 97 45 Teas,
2441 2444 134 46 Coffees,
2613 2445 128 48 Cocoas,
2774 2448 70 39 and

2408 2492 144 40 General
2575 2493 182 42 Groceries-

2356 2544 146 31 WEST
2566 2545 223 33 OXFORD.

2308 2664 27 50 Q
2362 2662 479 52 MAININGfpOMFANY

2308 2695 105 45 O.lrl
2593 2695 58 49 ill

2504 2751 138 21 LIMITED.

2335 2809 269 26 CHEISTCHUECH
2624 2810 183 26 BEEWERY.

2535 2870 61 20 THE

2453 2911 225 33 ALES
2727 2915 93 24 --.•••.

2436 2953 130 20 BREWED
2577 2954 38 20 BY
2631 2954 70 20 THIS

2393 2993 368 35 COMPANY

2493 3048 83 20 FROM
2585 3048 62 20 THE

2304 3089 221 41 CHOICEST
2541 3085 296 47 Wj/*Xt#ttO?S

2417 3141 45 20 Are
2472 3141 174 27 acknowledged
2655 3144 25 19 to
2709 3150 5 14 ;

2301 3179 147 21 .SUPERIOR
2458 3181 35 20 IN
2504 3179 135 24 QUALITY
2651 3182 37 20 TO
2696 3182 65 20 ANY
2768 3182 71 21 PRO-

2368 3220 101 20 DUCED
2483 3221 36 19 IX
2533 3221 73 20 NEW
2621 3222 149 20 ZEALAND.

2329 3258 108 27 Supplied
2443 3260 24 19 to
2471 3259 81 21 Hotels
2558 3259 47 21 and
2613 3260 91 21 Private
2711 3261 128 21 Customers

2301 3286 24 19 in
2334 3286 142 26 Hogsheads,
2488 3287 99 25 Barrels,
2599 3288 139 24 Kilderkins,
2748 3288 44 20 and
2803 3290 35 18 10-

2300 3313 88 26 --gallons
2399 3314 63 25 Kegs
2472 3315 60 25 only.

2302 3365 117 41 Pill
2441 3366 93 41 MS
2558 3367 93 42 MB
2683 3363 155 46 EXTRA

2299 3421 3 5 '
2496 3419 133 42 STOUT

2386 3469 93 21 Bottled
2502 3471 24 19 in
2537 3471 83 24 Quarts
2631 3472 47 20 and'
2686 3472 71 20 Pints.

2355 976 32 44 S
2426 978 71 47 W.
2527 979 243 60 TIJRPIN,

2396 1066 356 50 WATCttWAKEfI/

2297 1135 149 23 WORKING
2456 1153 2 7 ,
2467 1138 172 30 JEWELLER,
2648 1142 152 28 OPTICIAN,
2806 1145 31 21 &c

2369 1187 78 41 MAIN
2480 1190 138 48 STREET,
2634 1194 127 39 OXFORD

2540 1251 48 16 AND

2379 1281 82 22 HIGH
2470 1283 115 22 STREET
2598 1285 159 24 RANGIORA

2299 1327 258 31 JEWELLERY
2569 1334 33 25 of
2606 1340 95 28 every
2709 1338 128 32 descrip-

2300 1374 63 25 tion
2383 1375 90 25 made
2489 1377 32 24 to
2538 1378 99 32 order,
2660 1381 125 33 altered,
2804 1389 35 19 or

2480 1418 159 32 Repaired.

2337 1485 461 47 £i£oTl*o-fl;*T£

2510 1540 88 34 and

2306 1587 213 44 GUJLBWU
2545 1591 132 43 WOflK
2702 1595 135 42 DGl\|£,

2318 1666 91 33 Pipes
2427 1669 147 28 Mounted
2599 1673 61 26 and
2675 1673 150 33 Repaired

2385 1717 115 27 Ladies
2512 1719 76 26 Ears
2606 1720 136 29 Pierced.

2302 1760 68 21 OLD
2380 1761 92 22 GOLD
2493 1763 198 25 ANDSILVER
2703 1768 139 23 BOUGHT

2335 1796 165 32 Specticles
2516 1802 33 24 to
2571 1802 60 24 suit
2644 1804 42 24 all
2705 1805 103 30 sights,

2379 1853 39 30 S.
2442 1854 71 31 W.
2538 1856 229 42 TURPIN,

2463 1904 76 27 East
2559 1907 127 27 Oxford.

1756 2813 55 33 TO
1835 2814 135 30 STAND
2004 2815 99 29 THIS
2130 2815 159 31 SEASON

1769 2866 12 22 1
1796 2865 48 24 ND
1865 2865 77 23 travel
1958 2864 98 31 Oxford,
2078 2865 49 24 and
2147 2865 70 25 View
2235 2866 55 25 Hill

1741 2904 1 12 1
1751 2889 45 34 iix
1831 2898 115 24 Districts
1952 2905 5 21 ;
1964 2909 7 4 ••

1741 2931 1 20 1
1773 2942 72 22 THE
1876 2941 101 23 WELL
2006 2941 125 24 KNOWN
2156 2942 115 24 HORSE

1740 3184 2 7 '
1837 3196 369 38 MAJOB

1754 3271 80 30 Major
1856 3271 37 24 is.
1902 3279 15 16 a
1936 3271 130 24 beautiful'
2078 3272 60 23 dark
2163 3272 125 28 chestnut,

1741 3314 1 25 ;_
1754 3309 117 31 standing
1895 3312 30 23 17
1949 3310 81 24 hands
2054 3311 67 29 high,
2149 3311 61 24 with
2231 3319 53 23 verj
2297 3328 2 9 ,

1754 3349 110 29 superior
1885 3349 91 28 action,
2003 3358 14 15 a
2036 3349 64 31 good
2112 3352 103 28 temper,
2242 3351 55 23 aiidi

1754 3394 14 15 a
1780 3386 113 31 splendid
1906 3387 102 23 worker.

1789 3425 53 23 Sire
1844 3440 30 3 —
1876 3425 87 23 Prince
1999 3425 26 24 of
2057 3426 92 29 Wales,
2186 3426 32 31 by
2250 3427 39 23 old

1755 3464 88 24 Prince
1865 3465 26 22 of
1920 3465 83 23 Wales
2042 3466 142 32 (imported)
2194 3474 6 21 ;
2225 3467 64 28 dam,

1756 3504 113 23 Blossom
1882 3504 32 29 by
1928 3504 83 30 Clyde.

1788 3542 80 31 Major
1884 3543 21 23 is
1916 3542 54 24 well
1990 3544 134 24 connected
2145 3544 62 24 with
2220 3547 70 23 trott-

1741 3595 2 3 -
1755 3580 43 32 ing
1820 3581 91 27 horse.-,
1943 3581 72 32 being
2039 3582 42 24 the
2109 3582 47 24 sire
2184 3584 26 23 of
2229 3584 61 31 Bep,

1756 3620 133 32 Midnight,
1914 3621 113 31 Eodney,
2053 3623 46 23 and
2123 3623 92 29 others,
2242 3624 49 24 and

1741 3676 6 7 ,
1755 3655 55 27 half
1823 3657 107 26 brollies
1941 3661 23 22 to
1984 3659 71 24 Felix
2074 3660 48 24 and
2147 3660 143 30 Shamrock,

1756 3696 49 23 and
1816 3697 21 23 is
1850 3704 14 16 a
1876 3697 50 23 fast
1939 3705 84 16 mover
2035 3698 107 23 himself.

1789 3733 99 33 Major's
1900 3735 70 24 stock
1989 3744 26 15 as
2034 3735 116 30 workers,
2161 3742 90 19 cannot
2264 3738 27 23 be

1756 3772 94 29 beaten,
1864 3772 74 32 being
1947 3775 84 27 active,
2051 3775 79 23 sound
2144 3775 48 23 and
2204 3776 86 27 docile,

1756 3813 172 31 commanding
1949 3821 14 16 a
1989 3813 64 32 good
2080 3814 66 31 price
2170 3815 38 24 for
2226 3817 65 22 town

1740 3876 2 7 ,
1759 3863 121 23 purposes.

1741 3893 4 33 l^
1790 3893 157 25 TERMS.—
1950 3893 94 25 Season
2079 3896 62 26 :505.,
2151 3916 3 2 .
2191 3895 102 32 payable

1759 3933 38 22 Ist
1811 3928 144 31 December,
1976 3933 72 27 1595,
2069 3933 142 25 Guarantee
2231 3935 62 29 505.,

1750 3965 3 32 i
1759 3969 100 31 payable
1884 3972 39 21 Ist
1947 3970 76 31 Sept.,
2053 3972 72 23 1890.
2156 3972 137 32 Groomage

1750 4019 4 26 I
1760 4008 43 29 fee,
1818 4009 37 22 ss.

1741 4037 6 24 1
1749 4034 29 43 k:
1788 4055 2 3 '
1811 4056 14 26 \
1857 4052 40 25 W.
1917 4053 25 24 J.
1961 4053 162 27 JENKINS.
2138 4055 58 25 Jun.

2120 4105 177 32 Waddington.

1792 4160 80 31 Major
1896 4158 51 25 will
1959 4158 29 24 be
2009 4161 26 22 at
2058 4161 50 23 Mr.
2129 4162 164 25 Zweibruck's

1741 4200 6 38 [
1759 4200 63 24 East
1846 4198 100 28 Oxford,
1980 4207 72 24 every
2076 4200 114 33 Tuesday
2218 4203 71 31 night
2291 4190 7 43 J

1759 4240 49 24 and
1826 4243 25 21 at
1870 4240 47 23 Mr.
1936 4238 110 32 Feary's,
2068 4240 69 26 View
2154 4241 62 31 Hill,
2230 4251 67 23 every

1751 4284 3 30 j
1759 4280 109 31 Monday
1881 4278 87 31 Night.

1796 980 76 38 Q-.
1925 981 318 47 SIMDZTZHI,

1747 1053 89 45 ZINC,
1859 1051 70 41 TIN,
1953 1053 66 38 AND
2041 1053 117 40 SHEET,
2183 1054 103 39 STEEL

1954 1120 139 21 WORKER

1783 1157 88 41 High
1895 1156 112 39 Street,
2030 1157 81 31 East
2133 1157 127 32 Oxford.

1749 1267 42 24 All
1801 1267 74 24 kinds
1886 1267 28 24 of
1927 1269 98 31 Pumps
2036 1268 78 24 Fixed
2125 1270 24 22 &
2165 1269 122 31 Repaired

1864 1322 27 24 at
1902 1320 45 26 the
1959 1321 110 26 shortest
2081 1321 92 26 notice.

1766 1656 72 25 THE
1850 1656 295 26 THOROUGHBRED
2156 1656 116 27 HORSE

1827 1712 390 44 FAIRCHILD

1807 1777 59 25 ILL
1884 1777 79 26 travel
1982 1778 43 25 the
2049 1778 94 25 Oxford
2165 1778 125 32 Rangiora

1763 1813 12 23 T
1782 1814 10 23 T
1834 1810 49 26 and
1899 1811 168 32 surrounding
2078 1811 109 26 districts
2199 1811 91 32 during

1749 1843 42 26 the
1801 1844 100 32 coming
1912 1852 95 17 season.

1783 1892 138 25 Faikchild
1937 1893 22 25 is
1971 1901 15 17 a
1998 1893 48 32 hay
2056 1893 83 29 horse,
2153 1893 86 25 stands
2258 1895 30 22 16

1749 1930 82 25 hands
1844 1930 75 26 linch
1930 1931 69 32 high,
2012 1931 47 25 and
2071 1931 22 25 is
2107 1933 15 24 7
2130 1939 72 24 years
2213 1931 51 25 old:

1783 1975 138 25 Faikchlli>
1931 1976 23 25 is
1974 1976 33 32 by
2031 1976 80 25 lUack
2133 1977 75 29 Rose,
2231 1976 59 25 dam

1752 2013 125 26 Hinemoa
1897 2014 31 33 by
1946 2013 92 26 Totara
2058 2014 145 34 (imported)
2232 2014 58 25 dam

1751 2052 108 25 Amohia
1869 2051 33 33 by
1914 2052 102 26 Towton
2031 2053 80 31 (imp.)
2124 2053 60 25 dam
2203 2053 86 25 Antci-

1749 2091 86 31 pation
1858 2090 33 33 by
1911 2091 181 25 Rovensworth
2111 2091 84 33 (imp.)
2212 2091 78 25 Black

1750 2129 66 25 Rose
1826 2130 33 31 by
1879 2129 107 26 Anteros
1999 2130 84 33 (imp.)
2095 2130 57 24 dam
2170 2130 120 26 Rosalind

1751 2168 31 33 by
1793 2169 99 32 Albany
1904 2170 83 32 (imp.)
1999 2170 55 24 dam
2067 2170 54 24 Red
2133 2171 65 24 Rose
2212 2170 78 32 (imp:)

1750 2206 32 32 by
1794 2207 126 25 Traducer
1940 2207 83 32 [imp.]
2043 2209 44 23 out
2098 2207 28 25 of
2140 2207 69 25 Moss
2227 2208 64 24 Rose

1751 2244 33 33 by
1801 2244 111 27 Comden
1930 2244 155 32 [imported].

1785 2300 87 25 Terms
1878 2314 28 4 —
1907 2300 16 23 2
1933 2299 109 25 Guineas
2053 2307 44 24 per
2108 2307 69 18 mare
2192 2300 100 31 payable

1752 2347 32 17 on
1795 2347 27 16 or
1831 2338 84 26 before
1928 2340 47 26 Ist,
1984 2338 110 32 January
2107 2339 73 24 1896.

1785 2383 141 30 Groomage
1942 2383 38 23 fee
1993 2385 36 21 ss.
2055 2383 105 31 payable
2184 2385 26 22 at
2236 2384 56 24 first

1752 2426 99 25 service.

1785 2468 49 25 For
1845 2468 98 25 further
1954 2469 147 31 particulars
2114 2470 75 32 apply
2200 2472 25 23 to

1878 2525 35 29 B.
1937 2523 165 40 ASKEW,

2026 2584 27 16 or

1903 2620 102 24 ALEX.
2024 2620 193 25 ANDERSON.
2250 2637 4 4 .

1744 2649 5 38 i
2106 2664 64 26 East
2189 2663 101 25 Oxford.

1232 3172 35 19 On
1277 3173 99 18 account
1386 3172 23 19 of
1419 3173 39 18 the
1468 3173 152 25 Mortgagees,
1630 3173 39 18 143
1680 3177 61 14 acres

1206 3205 118 26 adjoining
1335 3206 36 18 3lr
1378 3206 21 19 J.
1408 3206 96 19 Brov.n's
1511 3206 10 19 f
1522 3212 47 13 arm

1301 3259 32 20 Ou
1345 3260 90 19 account
1446 3260 22 18 of
1479 3259 34 19 Mr
1529 3260 123 19 Allpbess.

1200 3305 1 22 j
1233 3302 40 20 His
1283 3309 50 19 very
1342 3302 50 21 nice
1403 3302 112 21 residence
1525 3302 98 26 opposite
1635 3303 37 20 the
1686 3302 63 20 Par->

1200 3329 85 36 jsonage
1293 3335 57 19 East
1354 3335 84 19 Oxford
1446 3335 35 19 for
1488 3335 45 19 sale
1543 3340 56 19 vary
1606 3335 76 24 cheap,
1693 3334 49 19 half

1204 3373 51 14 acre
1265 3366 23 21 of
1297 3366 61 24 land,
1369 3366 55 25 good
1434 3366 93 25 garden.

1745 3406 5 33 !
1749 3397 2 11 :

1235 3461 45 20 For
1294 3461 137 25 particulars
1447 3460 69 26 apply
1530 3462 24 18 to
1562 3462 30 16 "'.

1207 3525 192 34 .JOHN
1432 3522 306 36 INGRAM

1291 3639 321 28 J^&jJhJ.iLAß&vZvSZit
1631 3647 29 17 tab
1681 3647 20 19 :■.
1742 3651 5 2 -

1206 3709 80 51 H.
1314 3708 61 53 J.
1394 3706 347 54 LAMING

1302 3786 345 34 SADDLER
1681 3815 1 2 .
1749 3784 1 39 i

1441 3831 62 19 AND

1209 3868 288 38 HARNESS
1533 3867 210 39 MAKER

1355 3920 72 23 Neap.
1445 3920 150 26 Saleyaeds,

1244 3965 135 40 O-3E
1404 3964 45 39 F
1475 3963 236 41 OBD-
1749 3965 2 51 j

1208 4038 87 25 Orders
1308 4039 50 24 and
1375 4039 104 31 Bepairs
1490 4037 126 32 promptly
1628 4029 122 33 executedl

1371 4083 26 23 at
1408 4082 87 24 lowest
1506 4084 74 22 rates.

1282 4183 3 3 .
1312 4149 144 38 HORSE
1479 4147 163 40 COVERS

1209 4200 100 39 made
1321 4200 156 44 to.Order
1493 4200 68 39 and
1576 4199 171 50 Repaired

1212 4262 35 22 -k
1261 4260 75 25 Stock
1348 4261 27 25 of
1385 4262 82 24 Horse
1479 4261 123 24 Medicine
1615 4268 33 17 on
1656 4259 75 30 hand,

1261 4303 15 26 2
1286 4304 161 20 SOLOMOVS
1464 4304 149 19 SOLUTION
1629 4304 36 20 &c.
1749 4291 2 35 I

1201 967 177 45 JOHN
1451 965 281 45 INGRAM

1230 1038 482 35 AUCTIONEER

1203 1098 105 25 LICENCED
1327 1096 58 26 LAND
1395 1096 93 30 BROKER,
1502 1096 125 30 VALUATOR,
1642 1096 93 30 ESTATE,

1216 1140 131 28 INSURANCE,
1357 1139 16 25 &
1382 1139 101 25 GENERAL
1493 1138 138 26 COMMISSION
1642 1138 80 26 AGENT.

1200 1185 67 25 Agent
1272 1185 37 26 for
1319 1185 33 20 the
1361 1185 104 20 National
1474 1185 112 19 Insurance
1597 1184 104 26 Company
1715 1188 22 20 oj

1375 1227 50 20 New
1440 1226 102 21 Zealand.

1222 1269 172 31 OXFORD
1415 1270 29 28 &
1469 1268 252 31 SHEFFIELD.

1451 1326 30 20 ♦

1201 1364 148 26 Fortnightly
1359 1364 97 21 Auction
1467 1364 63 21 Sales
1539 1363 55 21 held
1603 1363 24 20 in
1631 1362 41 22 the
1679 1363 58 20 Mar-

1201 1400 40 20 ket
1251 1398 74 21 Yards
1335 1398 128 24 OXFORD,
1474 1404 70 20 every
1552 1397 83 21 second
1653 1397 84 21 Thurs-

1202 1431 51 26 day.
1267 1431 108 25 Monthly
1385 1431 64 20 Sales
1457 1430 57 21 held
1523 1430 26 20 at
1556 1430 90 20 Market
1655 1429 82 24 Yards,

1203 1462 179 21 SHEFFIELD.
1444 1462 93 20 Private
1555 1462 100 20 Auction
1674 1462 64 20 Sales

1202 1495 143 20 undertaken
1353 1500 46 20 any
1408 1495 54 26 part
1471 1494 24 20 of
1503 1494 41 20 the
1555 1494 103 25 country.
1684 1493 54 20 Pro-

1201 1527 65 25 perty
1277 1526 101 26 Bought,
1386 1526 60 23 Sold,
1457 1532 25 13 or
1490 1526 49 19 Let.
1551 1525 48 20 and
1602 1525 136 20 Valuations

1202 1561 110 27 carefully
1321 1561 73 21 made.
1424 1560 66 21 Land
1498 1559 105 28 Brought
1611 1559 73 22 under
1697 1559 41 22 the

1202 1596 107 20 Transfer
1317 1595 51 25 Act,
1397 1594 127 26 Transfers,
1537 1594 90 26 Leases,
1640 1594 18 21 &
1663 1594 75 21 Deeds

1202 1628 23 21 of
1233 1628 134 27 Mortgages
1382 1627 76 21 drawn
1466 1634 39 20 up.
1542 1627 83 26 Money
1633 1626 106 22 invested

1202 1660 47 21 and
1257 1660 110 24 obtained,
1373 1660 35 20 for
1417 1660 87 20 Clients
1512 1665 30 14 on
1552 1658 129 26 Mortgage.
1700 1658 38 21 In-

1236 1698 95 16 surance
1349 1691 97 22 effected
1461 1698 29 14 on
1500 1690 124 27 Buildings
1632 1690 25 21 of
1664 1697 47 20 any

1278 1724 144 26 description,
1432 1724 46 20 and
1486 1723 63 20 their
1557 1723 111 20 contents.

1203 1782 59 21 HAS
1275 1781 58 22 FOB
1345 1780 72 23 SALE
1434 1780 38 21 BY
1488 1779 124 22 PiUVATE
1625 1779 112 22 TBEAT?

1258 1842 35 21 On
1306 1841 96 22 account
1415 1841 23 21 of
1453 1841 38 20 Mr
1500 1840 30 22 H.
1540 1840 137 27 Youngman

1412 1881 45 22 His
1465 1881 58 22 Nice

1330 1921 157 25 GRAZING
1504 1921 106 29 FARM,

1231 1966 139 27 Containing
1385 1965 28 23 70
1421 1972 64 15 acres
1504 1966 24 21 of
1549 1966 50 21 rich
1615 1964 73 26 Land,
1706 1965 32 22 all

1202 2001 82 20 fenced
1302 2000 46 20 and
1361 2000 146 20 sub-divided
1516 2000 55 20 with
1591 2000 60 26 good
1673 2000 65 20 Five-

1203 2032 90 23 roomed
1325 2032 114 26 Dwelling
1474 2031 85 26 House,
1595 2031 145 21 four-stalled

1204 2066 84 24 Stable,
1308 2065 62 21 Shed
1386 2065 47 21 and
1444 2065 60 21 barn
1526 2064 68 27 (with
1607 2064 64 27 large
1679 2064 45 21 loft
1731 2065 7 24 )

1203 2098 46 21 and
1258 2098 59 26 good
1330 2098 92 26 garden,
1436 2097 46 21 and

1253 2141 22 24 A
1286 2140 93 26 FOUR
1401 2140 146 25 ROOMED
1561 2140 127 28 HOUSE,

1203 2187 109 24 Thereon,
1330 2187 34 20 let
1372 2187 25 20 to
1416 2193 14 13 a
1446 2186 59 26 good
1523 2186 102 23 ten-aut,
1639 2185 101 21 situated

1203 2221 81 20 within
1292 2220 50 21 half
1351 2227 15 14 a
1374 2220 53 21 mile
1436 2220 25 20 of
1467 2220 67 21 West
1543 2219 88 22 Oxford
1635 2220 104 26 Eailway

1203 2255 97 25 Station,
1311 2255 50 21 nice
1371 2255 47 20 and
1425 2253 114 28 healthily
1549 2253 106 22 situated.

1441 2298 55 21 Also

1324 2344 81 24 NIGE
1427 2343 197 25 RESIDENCE

1373 2382 30 20 Of
1413 2382 73 25 Eight
1495 2389 81 16 rooms,
1619 2382 5 9 '

1205 2414 62 20 Good
1277 2413 79 22 Stable
1364 2413 55 21 with
1430 2414 160 25 Quarter-acre
1600 2412 24 22 of
1633 2412 72 26 Land,
1716 2413 24 19 in

1203 2447 41 20 the
1258 2447 77 20 centre
1349 2446 25 20 of
1387 2446 93 20 Oxford.

1330 2521 76 21 Prices
1418 2520 132 26 Extremely
1563 2520 57 24 Low,

1232 2601 41 21 640
1282 2601 68 20 Acres
1361 2600 23 20 of
1394 2599 95 27 grazing
1498 2599 65 21 Land
1582 2600 26 20 at
1617 2599 64 21 View
1691 2599 50 21 Hill

1206 2634 33 19 all
1248 2634 80 20 fenced
1338 2633 46 20 and
1394 2633 136 19 subdivided
1548 2633 46 19 and
1611 2633 45 19 two
1675 2632 66 20 dwel-

1206 2666 50 26 ling
1265 2666 81 20 houses
1356 2665 101 23 thereon,
1475 2665 61 25 price
1546 2665 33 20 £4
1592 2666 25 18 4s
1631 2670 40 20 per
1684 2670 51 15 acre

1206 2699 71 19 terms
1288 2697 49 20 half
1347 2697 54 20 cash
1410 2697 94 19 balance
1514 2697 25 19 at
1550 2695 42 28 h\°/
1585 2709 11 9 o
1606 2697 136 19 interestfor

1206 2733 14 18 4
1230 2739 72 19 years.

1346 2776 37 20 TO
1398 2776 57 20 LET
1470 2775 39 21 OR
1524 2775 81 21 SELL.

1241 2817 49 19 The
1299 2815 86 21 Oxford
1394 2815 69 20 Flour
1473 2815 51 19 Mill
1534 2815 46 20 and
1589 2815 116 26 Property.

1233 2898 34 20 On
1282 2898 95 20 account
1390 2897 55 20 Eev.
1456 2897 20 20 J.
1488 2897 14 20 J
1516 2897 111 26 Pendray.
1646 2897 57 20 Half
1712 2903 29 14 an

1205 2938 51 13 acre
1270 2931 55 20 land
1344 2931 55 20 with
1417 2932 96 24 Cottage
1533 2931 94 20 thereon
1641 2932 101 20 situated

1205 2963 24 20 in
1239 2963 91 21 Church
1340 2963 81 24 Street,
1432 2962 56 21 East
1498 2963 91 20 Oxford.

1231 3062 66 26 Fifty
1306 3069 67 14 seven
1382 3069 62 14 acres
1455 3062 23 21 of
1488 3062 56 21 land
1552 3069 56 14 near
1622 3063 120 20 Wahnak-

1204 3097 54 19 ariri
1267 3097 91 25 Bridge,
1366 3097 81 21 fenced
1454 3097 46 20 and
1510 3097 46 21 laid
1564 3097 64 21 down
1635 3098 23 19 in
1669 3104 71 19 grass.

130 2629 422 87 Infants'
646 2625 499 96 Powders/

242 2754 86 33 FOR
349 2750 229 37 CHILDREN
611 2747 200 36 CUTTING
841 2747 152 33 TEETH

85 2801 90 30 Have
191 2800 115 36 proved
323 2808 57 19 one
395 2798 33 29 of
442 2798 53 29 the
511 2799 137 37 greatest
662 2795 98 29 boons
783 2804 71 20 ever
869 2793 182 29 introduced
1081 2796 31 25 to
1140 2791 54 29 the

42 2853 120 40 public.
209 2852 88 39 They
312 2861 53 19 are
381 2849 136 39 charged
532 2848 95 38 solely
647 2846 76 30 with
739 2855 18 19 a
785 2845 115 39 special
933 2843 200 41 preparation
1161 2842 33 29 of

39 2916 53 28 my
118 2915 79 24 own,
219 2904 61 28 and
296 2913 52 19 are
375 2899 190 41 guaranteed
581 2897 150 40 perfectly
757 2896 159 31 harmless.
975 2895 128 30 Fathers
1132 2893 60 30 and

40 2956 141 30 Mothers
197 2954 35 31 of
243 2954 157 30 hundreds
416 2954 29 28 oi
461 2951 138 33 famines,
609 2947 198 31 recommend,
818 2947 83 28 them
926 2947 76 29 with
1017 2946 175 29 confidence

40 3019 33 19 as
88 3008 93 39 being
197 3006 99 40 ample
309 3008 32 26 to
357 3013 123 21 remove
491 3002 42 30 all
545 3002 50 29 the
608 3001 145 37 ordinary
766 3000 235 37 derangements
1016 2998 70 29 that
1101 3007 91 20 occur

40 3050 114 40 during
168 3048 159 30 dentition.

36 3135 124 39 THEY
177 3133 96 40 COOL
288 3132 90 39 THE
398 3130 128 44 GUMS,

124 3183 194 41 COMPORT
339 3182 90 39 THE
467 3180 139 39 CHILD.
654 3177 143 40 CHECK
822 3174 282 43 COHVUISOITS,

113 3247 106 36 ;;v,
366 3240 94 40 AND
475 3237 185 42 RENDER
680 3234 221 41 TEETHING
915 3232 127 53 QUITE
1058 3231 129 39 EASY.

81 3302 99 34 These
196 3301 142 30 Genuine
355 3299 148 29 Powders
519 3308 52 19 are
586 3297 32 29 in
634 3307 54 19 use
703 3296 42 38 by
761 3294 41 29 all
818 3294 109 31 classes
943 3293 32 30 of
990 3294 124 38 society,
1132 3282 66 45 anclj

39 3347 33 28 in
87 3344 43 30 all
144 3347 87 35 parts
247 3342 32 30 -of
287 3341 75 29 New
379 3339 145 30 Zealand.
949 3361 3 11 ,
1196 3350 2 17 i

342 3390 60 25 Sold
414 3390 27 23 in
454 3389 80 24 Boxes
547 3387 145 30 containing
705 3386 31 23 12
748 3384 110 32 po'.vdor*
873 3385 35 32 1/-

124 3470 362 24 GU-A-IEaJLIISrTIEZEID
501 3469 25 19 I
526 3469 107 19 J^3S;^
830 3464 299 22 ZEHLA-SaVHIDIESS.

37 3507 62 25 Post
111 3506 50 23 free
172 3507 26 21 to
210 3513 48 22 aay
270 3507 54 28 part
336 3503 27 24 of
373 3502 61 23 New
447 3501 116 27 Zealand,
581 3508 33 15 on
627 3499 145 24 remittance
781 3497 27 24 of
820 3498 44 29 1/-.
874 3520 3 2 .
907 3495 123 32 Prepared
1042 3495 46 25 and
1100 3494 52 26 sold
1159 3494 32 31 by

439 3545 114 30 JOHN
577 3544 28 31 S.
632 3542 146 36 COOKE,

405 3596 145 32 Registered
568 3593 211 26 Pharmaceutical
797 3592 120 29 Chemist,

732 3633 110 24 Cashel
870 3633 116 29 Street,

863 3666 280 27 CHRISTCHURCH.

865 3713 193 33 FRiJE

185 3850 120 43 ASK
364 3848 168 44 YOUR
593 3844 274 46 GROCERS
929 3843 118 44 FOR

42 3940 712 104 HYSLOP'S
825 3937 365 92 PURE

162 4097 543 97 CEYLON
784 4097 272 89 TEA

36 4241 117 36 Tea^in
175 4237 86 31 Lead
280 4236 149 35 Packets;
456 4233 66 32 will
542 4234 38 30 be
601 4231 99 32 found
721 4242 19 19 a
760 4235 82 27 most
863 4231 148 30 delicious
1035 4230 70 35 Tea,
1134 4229 60 30 and

202 4288 53 29 the
275 4287 74 30 Best
369 4287 98 29 Value
487 4289 33 26 to
542 4285 38 30 be
600 4283 63 31 had
686 4282 43 40 2/-
750 4282 60 31 and
833 4282 53 39 2/6
908 4292 56 30 per
984 4282 40 29 ft).

291 4347 3 4 •
319 4345 246 16 ■^•uirqiiMap"Uß'UD>''aD
566 4347 12 10 M
579 4343 201 16 iD"uf>'TO"UV*nv'*ai
780 4344 13 9 M
794 4344 152 14 ui>'*iir'ai''Uir\

259 1003 437 94 SHEEP
739 998 239 92 DIP

363 1133 85 30 Must
462 1133 39 29 be
514 1127 70 34 free*
595 1130 33 30 of
640 1130 88 40 duty,
750 1128 131 30 because

473 1179 100 31 NEW
587 1175 195 33 ZEALAND

342 1229 33 31 Is
388 1228 53 31 tbe
454 1228 106 39 happy
573 1226 135 40 bunting
721 1224 121 41 ground
856 1222 34 31 of

41 1278 179 43 HOOPER,
236 1278 103 35 Little,
356 1276 132 38 Quibell,
501 1274 134 37 Cannon,
647 1273 112 34 Battle,
773 1271 113 31 Carbol
897 1269 132 39 Crystal,
1046 1267 140 35 Thomas,

41 1316 30 46 (j
95 1321 90 31 Ness.
201 1320 118 36 Lawes,
335 1318 124 35 Odams,
470 1314 196 41 McDougall,
678 1314 104 39 Jeyes.
795 1312 116 35 Peeles,
923 1309 131 38 Climax,
1066 1307 122 36 Crown,

42 1364 55 35 &c,
113 1363 61 30 and
188 1363 54 29 the
255 1361 119 39 Agents
384 1359 33 30 of
431 1359 88 30 these
533 1357 78 40 Dips
636 1366 52 20 are
712 1354 171 40 beginning
896 1356 34 27 to
944 1362 56 31 cry
1031 1353 64 33 out,
1127 1349 62 31 and

41 1405 136 37 exciting
191 1403 82 30 their
301 1401 109 30 clients
426 1403 33 26 to
473 1400 40 29 do
528 1409 42 26 so,
586 1399 33 28 in
628 1407 71 21 case
713 1394 78 32 New
805 1394 138 31 Zealand
977 1391 112 33 should
1122 1391 66 29 imi-

39 1448 65 27 tate
119 1442 174 36 Freefrade,
307 1441 77 31 New
399 1440 99 31 South
520 1439 114 35 Wales,
648 1436 103 32 which
766 1435 121 40 colony,
908 1434 78 30 with
1019 1442 75 21 over
1120 1431 69 40 fifty

40 1485 120 30 million
173 1485 102 38 sheep,
286 1484 133 39 imposes
433 1485 54 26 ten
501 1490 55 29 per
570 1481 70 28 cent
654 1478 79 38 duty
744 1487 40 19 on
812 1475 43 31 all
882 1475 87 29 these
983 1476 123 37 gentry.

422 1583 131 37 DUTY,
564 1581 57 33 OR
629 1581 56 32 NO
696 1579 123 39 DUTY,

403 1652 435 50 BROOKE'S

640 1751 275 56 SHEEP
957 1748 159 54 DIP.

393 1871 203 42 (Registered
617 1869 87 32 trade
730 1868 109 40 mark)

287 1922 109 31 WILL
410 1920 84 31 NOT
509 1919 56 31 BE
576 1917 158 31 RAISED
746 1915 45 31 IN
803 1915 140 36 PRICE,

276 1984 74 30 And
372 1982 118 39 hereby
514 1980 182 39 Challenges
722 1977 41 30 all
793 1975 53 32 the
875 1976 96 30 above

394 2034 55 31 TO
463 2033 29 29 A
513 2031 155 32 PUBLIC
702 2028 140 37 TRIAL,

454 2083 64 29 £10
561 2089 35 21 or
612 2080 67 29 £20
694 2078 85 35 each,

37 2139 46 30 To
92 2139 40 29 be
137 2136 165 41 deposited
316 2134 47 31 for
377 2143 151 30 expenses
542 2132 33 31 of
589 2141 92 26 same,
709 2129 60 31 and
795 2127 173 33 conducted
1002 2125 100 32 under
1136 2125 54 30 the

38 2181 142 35 auspices
196 2179 35 29 of
237 2178 53 29 the
326 2170 227 37 Gfovernmeriti
575 2172 96 31 Stock
697 2171 215 39 Department,
923 2169 32 29 in
992 2167 198 40 conjunction

41 2217 79 33 with
134 2208 177 38 eitiTer^BEe
552 2211 204 39 Canterbury,
789 2221 35 20 or
849 2211 102 39 Qtago
982 2208 209 40 Agricultural

42 2259 63 29 and
119 2257 141 30 Pastoral
273 2256 203 30 Association.

83 2350 141 31 p.S.^_A
238 2350 112 40 special
364 2348 168 30 invitation
545 2347 27 30 is
596 2344 154 33 extended
766 2349 30 25 to
810 2345 54 29 the
878 2343 265 41 representatives,
1159 2343 32 28 of

41 2392 145 39 Cooper's
201 2392 62 29 and
277 2391 121 29 Little's
412 2390 61 37 Dip
488 2390 44 38 by

493 2439 146 44 CM.
670 2436 291 54 BROOKE,

811 2502 257 33 ASHBURTON
1194 2487 2 51 j

60 520 30 222 SELLING
61 408 28 96 OFF
62 171 27 193 BELOW!
61 31 26 126 COST

119 622 22 81 MENS
121 551 21 57 ALL
121 450 21 87 WOOL
121 285 19 150 COLONIAL
119 159 21 110 TWEED
120 60 20 85 SUITS

176 526 24 55 255.
176 439 24 54 2Ss.
177 350 23 54 255.
176 260 24 55 255.
175 172 23 53 255.

238 568 25 44 AT
238 398 26 154 PARISH'S
238 293 26 87 EAST
238 127 26 148 OXFORD.
241 6 18 7 *
