3500 4610
66 208 96 31 hence
187 205 80 31 their
283 233 4 3 .
297 204 245 35 determination;
568 204 32 29 in

66 250 67 30 face
148 248 31 29 of
193 248 54 30 the
255 247 134 40 people's
412 247 188 39 representa-

66 285 88 39 tives,
166 288 32 29 iii
213 289 154 38 throwing
382 291 53 26 out
460 286 54 29 the
528 284 72 32 BilL

67 333 97 39 They,
196 329 12 40 (
216 330 54 29 the
286 328 194 41 capitalists,)
509 324 91 32 know

67 371 76 42 ver'y
166 372 70 30 well
264 372 103 29 whilst
380 396 4 2 .
395 370 53 30 the
478 366 122 33 dhinese

68 426 52 19 are
142 412 126 32 allowed
296 416 34 27 to
352 410 90 32 settle
476 411 34 29 in
539 409 61 30 this

69 457 115 38 Colony
185 459 5 12 1
206 454 130 31 without
377 453 92 30 much
511 452 89 29 hind-

68 507 101 26 rance,
191 496 61 31 and
280 495 102 30 whose
413 494 100 38 living
541 492 59 30 and

70 537 223 39 surroundings
319 546 51 20 are
386 535 34 28 of
440 533 53 31 the
521 535 79 28 most

67 579 160 31 miserable
241 581 109 36 stamp,
363 576 61 31 and
434 576 68 29 who
513 574 87 31 work

68 622 49 29 for
132 626 74 25 next
221 623 32 26 to
275 615 130 42 nothing
431 617 63 36 ,the
508 625 92 22 coun-

69 663 40 29 cil
145 673 57 20 can
230 661 102 29 afford.
342 663 42 26 -to
403 659 117 38 iguore
546 658 54 31 the

69 705 110 28 wishes
187 729 2 3 .
202 702 33 30 of
258 701 53 29 the
327 700 138 37 working
480 699 118 30 classes.

69 742 86 41 They
170 754 50 19 are
235 750 99 22 aware
348 740 25 30 if
394 739 53 31 the
460 738 139 36 Chinese,

69 785 61 30 and
153 784 104 30 others
285 782 32 30 of
344 781 70 31 that
442 781 79 29 class
550 791 50 20 are

68 826 159 35 admitted,
247 843 2 18 ;
249 834 48 19 wa
297 834 27 31 g,
320 834 31 20 es
366 823 62 29 w^
464 833 15 18 e
494 823 106 29 lower-

69 868 47 33 ed,
130 867 75 30 thus
226 868 31 28 in
271 875 17 19 a
299 874 148 25 measure,
459 863 141 29 defraud-

67 908 56 40 ing
137 911 52 26 the
203 915 76 32 poor
294 905 34 30 of
346 904 47 30 his
417 905 97 38 living
540 905 58 29 and

68 950 128 35 causing
210 950 53 28 the
281 946 98 39 needy
394 954 72 29 eyes
480 948 33 26 to
528 946 72 29 wait

67 988 74 41 long
155 988 103 31 whilst
277 986 81 31 their
386 996 109 28 money
525 986 75 34 bas;s

68 1041 52 20 are
144 1030 101 36 filling
276 1028 74 31 with
379 1028 221 29 Unreasonable

67 1071 117 40 profits.
229 1071 86 38 They
330 1079 50 20 are
396 1070 33 28 of
440 1069 70 28 that
521 1068 79 31 class

66 1114 70 29 who
165 1123 68 20 care
262 1116 54 26 not
345 1111 68 30 who
443 1111 94 36 sinks,
567 1119 33 22 so

67 1155 74 40 long
155 1165 33 19 as
197 1155 74 39 they
282 1155 95 28 swim.
421 1153 31 29 It
463 1153 25 29 is
498 1153 99 29 there-

66 1196 67 29 fore
171 1196 74 37 high
288 1195 73 29 time
397 1195 53 28 the
493 1194 107 38 people

68 1236 111 30 should
217 1236 95 29 bestir
356 1235 193 29 themselves,
567 1238 33 25 to

69 1278 89 29 effect
173 1287 18 19 a
219 1277 114 30 radical
349 1276 116 39 change
490 1276 30 28 in
547 1276 53 28 the

69 1320 218 30 construction,
324 1318 32 30 of
398 1317 52 30 the
494 1317 106 39 Upper

71 1359 158 36 Chamber,
243 1361 43 37 by
302 1358 125 40 making
440 1357 26 31 ft
474 1369 37 19 an
524 1358 76 31 elec-

69 1401 62 30 tive
167 1411 57 20 one
252 1401 24 29 if
303 1400 68 30 that
389 1400 26 30 is
439 1400 95 29 found
567 1404 33 26 to

71 1443 37 28 b*
132 1442 236 38 impracticable,
396 1441 54 30 the
490 1441 110 39 logical

68 1482 155 31 inference
237 1484 26 29 is
278 1487 33 26 to
330 1492 100 30 sweep
446 1493 88 22 away
549 1482 51 30 the

68 1524 191 30 obstruction
274 1524 182 38 altogether.

92 1565 56 30 .In
162 1566 105 38 public
282 1564 53 33 life
349 1566 26 29 it
392 1566 110 38 begins
515 1566 85 32 to^be

68 1605 169 31 somewhat
272 1606 142 30 doubtful
448 1611 33 25 to
519 1609 83 28 trust

68 1647 98 31 either
180 1647 123 31 Liberal
312 1658 34 20 or
357 1647 82 40 Tory
441 1680 10 8 #
494 1647 108 32 Public

65 1689 257 39 representatives
373 1699 82 21 seem
490 1693 32 26 to
562 1689 38 30 be

67 1731 65 38 just
163 1731 85 30 what
265 1757 3 4 .
281 1731 82 31 their
395 1731 207 31 constituents

68 1772 118 39 compel
214 1770 85 32 theni
334 1776 32 26 to
397 1772 45 31 be.
514 1773 88 40 They

68 1816 160 37 represent
261 1813 54 31 the
358 1823 132 31 average
521 1814 80 40 good

67 1854 62 28 and
144 1854 60 29 bad
219 1855 33 28 of
267 1854 114 30 human
407 1859 118 32 nature,
540 1856 62 28 and

66 1895 28 29 if
120 1895 76 38 they
224 1905 53 21 are
288 1923 5 3 .
308 1896 205 39 hypocritical
541 1896 61 30 and

68 1935 157 37 deceitful,
239 1936 26 30 it
279 1936 26 30 is
329 1935 118 41 mainly
470 1937 132 31 because

66 1976 110 40 people
195 1988 53 20 are
275 1978 157 39 ignorant,
460 1978 60 30 and
550 1990 52 19 are

68 2022 56 35 apt
151 2020 33 28 to
212 2022 112 36 expect
350 2017 250 42 impossibilities.

67 2058 33 32 Is
114 2059 26 31 it
153 2063 55 28 not
222 2060 95 31 about
339 2060 74 31 time
427 2061 71 31 that
511 2063 90 30 recri-

66 2102 166 29 minations
247 2102 111 29 should
372 2112 87 21 cease
488 2113 112 30 among

67 2142 54 31 the
134 2142 94 31 ranks
244 2143 33 30 of
290 2144 255 38 representatives
570 2145 33 29 in

66 2183 54 30 the
136 2182 108 32 Lower
252 2184 119 31 House.
425 2183 59 32 We
498 2185 104 30 would

66 2228 137 36 suggest,
218 2225 50 30 for
296 2225 82 30 their
405 2235 70 21 own
503 2227 99 36 sakes,

65 2265 75 31 tfe&
149 2275 86 21 jnore
249 2267 296 47 reasonable-views
564 2269 38 31 l)e

65 2305 94 30 taken
171 2306 33 28 of
212 2306 105 38 public
328 2307 106 29 affairs
444 2312 32 24 in
485 2306 117 37 future*

65 2345 51 30 for
131 2356 27 20 a.
164 2345 70 31 deal
252 2346 35 30 of
314 2347 83 30 their
423 2347 180 41 legislating

67 2386 102 32 would
187 2397 81 21 seem
298 2391 33 27 to
353 2389 74 30 bear
454 2390 149 39 compari-

65 2438 56 20 son
135 2429 77 29 with
239 2429 55 31 the
321 2430 147 39 promises
496 2430 37 31 of
548 2432 55 30 the

65 2470 127 30 various
205 2470 148 39 religions
395 2471 26 30 ifc
434 2472 28 30 is
484 2472 43 30 all
553 2473 50 30 for

66 2510 52 31 the
132 2511 116 39 future,
265 2512 133 41 nothing
407 2512 51 31 for
472 2512 53 32 the
534 2524 68 30 pas-

67 2552 71 36 sing
159 2552 69 40 day.

107 2592 99 32 There
234 2594 28 31 is
289 2599 57 26 not
374 2605 40 20 an
440 2600 163 35 argument

64 2633 113 32 known
192 2637 33 28 to
253 2646 110 20 reason
391 2636 70 30 that
484 2646 59 21 can
565 2638 38 29 be

66 2676 165 35 advanced,
247 2677 72 39 why
332 2677 55 31 the
400 2678 97 31 needs
506 2678 33 31 of
549 2679 54 30 the

65 2720 125 36 present
203 2717 112 30 should
330 2721 56 26 not
400 2718 75 31 take
488 2719 115 40 prefer-

64 2768 75 20 ence
153 2768 74 20 over
241 2759 88 30 those
344 2759 33 30 of
404 2759 54 30 the
487 2760 114 36 future,

67 2798 51 31 the
132 2803 125 35 present
271 2810 46 20 we
325 2799 94 32 know
432 2800 55 32 the
497 2801 106 31 future

64 2850 47 21 we
125 2850 71 29 may
216 2851 95 20 never
334 2841 102 31 know.

105 2881 151 32 Whether
292 2883 53 30 the

290 2923 59 31 Bill
377 2935 71 20 ever
464 2926 139 30 becomes

64 2963 69 34 law.
150 2975 34 19 or
193 2970 66 33 not,
274 2966 27 29 it
313 2966 26 30 is
364 2967 100 30 worth
478 2967 125 41 placing

64 3016 40 19 on
119 3006 116 37 record,
264 3006 53 31 the
351 3008 129 38 opinion
517 3008 33 29 of
584 3017 19 20 a

64 3045 110 31 Zealot
188 3057 42 20 on
244 3046 53 32 the
311 3047 64 38 bill,
420 3051 55 28 not
504 3047 47 32 for
562 3048 40 31 its

64 3086 164 39 erudition,
240 3092 56 27 not
310 3087 48 32 for
369 3088 42 32 its
438 3090 163 40 magnani-

63 3129 90 39 mity;
164 3130 57 31 but
240 3131 50 29 for
318 3131 178 41 downright
513 3132 90 38 igno-

64 3179 93 22 rance
206 3172 64 29 and
309 3181 89 31 gross
440 3172 162 41 stupidity.

66 3210 156 43 Speaking
232 3212 32 31 in
277 3213 116 40 public,
411 3213 64 32 this
489 3213 113 31 enthu-

65 3253 76 29 siast
155 3254 115 38 quoted
289 3253 170 41 Scripture,
491 3256 112 38 saying

92 3293 65 30 The
171 3295 88 28 earth
282 3295 28 29 is
332 3295 54 29 the
400 3292 99 33 Lords
541 3295 62 30 and

64 3332 40 32 he
125 3344 61 21 was
214 3335 86 40 quite
330 3345 72 21 sure
437 3335 54 31 the
519 3336 84 31 Lord

65 3384 96 22 never
181 3375 146 32 intended
348 3381 32 26 to
410 3376 84 32 hand
529 3388 74 21 over

66 3415 78 31 New
160 3416 138 33 Zealand
311 3421 34 27 to
359 3418 55 30 the
427 3419 129 30 mercies
570 3419 33 31 of

63 3468 19 19 a
122 3457 168 33 barbarous
330 3469 73 21 race
444 3459 64 32 like
550 3460 53 31 the

65 3499 140 31 Chinese.

66 3654 73 26 THE
163 3653 174 27 NATIONAL
365 3653 235 28 ASSOCIATION.

100 3735 27 24 A
138 3733 110 33 Meeting
264 3742 50 18 was
324 3734 61 27 held
395 3738 27 22 at
437 3735 44 26 the
493 3735 109 29 W.M.C.

67 3785 34 19 on
114 3776 124 34 Saturday
249 3777 105 34 evening
372 3777 39 27 for
432 3778 44 27 the
498 3786 106 25 purpose
609 3777 2 22 I

68 3822 28 26 of
110 3821 110 32 forming
246 3830 15 16 a
284 3821 96 25 branch
413 3823 26 24 of
460 3823 45 25 the
526 3823 78 25 above

68 3864 108 31 Speiety.

101 3907 41 25 Mr
150 3905 31 26 T.
194 3905 78 27 Harle
282 3906 73 27 Junr.
368 3916 48 17 was
438 3908 72 26 voted
522 3909 28 26 to
560 3909 44 26 the

67 3951 78 26 Chair
155 3950 51 24 and
216 3950 130 32 explained
364 3951 57 26 that
432 3952 43 25 the
486 3951 82 33 object
579 3952 29 26 of

67 3995 42 25 the
120 3993 147 26 association
281 4002 46 18 was
347 3996 26 24 to
384 3995 95 26 discuss
494 3995 110 32 political

65 4041 105 23 matters
197 4037 50 25 and
263 4038 26 24 to
305 4037 97 31 choose,
419 4038 51 26 and
497 4039 64 26 elect
585 4037 22 27 if

65 4080 117 39 jpoapible,
194 4079 153 27 Gentlemen
357 4083 27 24 to
394 4084 127 30 represent
533 4081 70 27 them

66 4124 28 26 in
105 4121 152 28 Parliament
270 4123 82 26 whom
373 4123 61 33 they
453 4124 74 27 could
545 4132 57 19 con-

64 4166 107 31 fidently
188 4165 78 31 trust,'
281 4165 97 27 instead
394 4167 26 25 of
435 4166 63 26 such
510 4176 54 16 men
575 4176 29 17 as

65 4210 45 26 the
120 4210 101 32 present
239 4211 204 30 representatives
467 4211 56 26 who
543 4220 61 18 were

68 4254 91 32 simply
172 4261 15 17 a
199 4252 110 33 disgiace
320 4255 26 24 to
355 4253 42 27 the
409 4255 111 26 elector*.

99 4297 39 26 Dr
157 4296 73 25 Weld
254 4297 54 25 said
329 4298 56 25 that
403 4306 35 19 no
460 4300 78 25 doubt
560 4300 42 25 the

67 4342 104 33 present
187 4340 124 26 members
418 4344 63 31 very'
496 4342 106 34 grateful

65 4387 40 26 for
117 4385 43 25 the
172 4384 143 26 Charitable
327 4386 38 24 aid
377 4387 109 26 received
508 4387 28 26 in
559 4387 43 26 the

65 4429 76 31 shape
152 4427 28 26 of
190 4427 55 25 20
256 4434 16 18 a
282 4429 98 30 month;
401 4429 51 26 and
467 4430 44 26 the
528 4430 73 26 other

64 4471 54 27 side
128 4469 93 34 having
230 4469 64 26 been
305 4478 28 17 so
350 4470 60 35 long
420 4474 45 25 out
475 4473 26 26 of
521 4473 76 32 office,

64 4516 70 26 must
145 4514 31 27 be
187 4514 96 33 getting
304 4516 82 32 pretty
413 4516 71 28 short
512 4518 28 26 of
559 4518 43 26 the

631 202 117 31 needful^
761 202 51 31 #nd
836 203 143 33 something
998 203 78 32 ought
1093 205 26 24 to
1138 203 30 25 be

629 245 65 27 done
702 247 37 25 for
750 247 45 25 the
802 255 60 24 poor
873 247 132 25 fellowsrin
1014 255 68 23 goine
1091 248 77 31 shape

629 297 28 17 or
668 290 78 30 other;
754 290 51 25 -but
816 299 27 16 a3
855 291 59 30 they
925 290 48 24 had
986 290 73 25 m'ade
1078 287 64 28 su.cti
1153 299 15 15 a

628 334 169 31 psb,..fig|Kdf
986 334 44 25 the
1053 335 112 30 country,

631 376 72 26 when
732 377 56 31 thej
818 375 50 26 had
897 377 42 25 the
956 377 166 31 opportunity,
1147 377 20 24 it

629 419 115 26 followed
753 421 55 25 that
819 421 59 31 they
889 420 142 32 must^haye
1042 421 123 24 mistaken

629 463 66 25 their
706 464 122 28 vocation,
840 464 50 24 and
899 471 28 18 as
938 462 71 27 there
1020 472 50 17 was
1081 465 86 30 plenty

629 506 27 25 of
665 506 66 26 work
742 515 33 17 on
787 506 43 25 the
851 508 74 23 water
938 515 64 20 race,
1024 507 48 25 and
1083 507 83 25 shear-

628 550 43 31 ing
680 550 48 25 and
739 550 100 25 harvest
851 550 98 31 coming
958 558 40 21 on,
1010 550 33 24 he
1059 551 108 31 thought

628 593 59 32 they
718 593 63 25 need
798 595 43 23 not
867 593 98 32 despair
984 594 28 25 of
1026 594 97 32 getting
1152 602 15 17 a

625 637 79 30 job.!!!

631 690 5 16 ;
661 680 39 24 Mr
710 680 85 30 Lugar
805 680 51 23 had
867 681 60 23 read
942 682 67 22 what
1031 680 132 30 purported

630 725 27 22 to
668 723 31 24 be
710 723 44 24 the
763 723 121 24 Platform
897 723 26 25 of
942 723 44 24 the
998 723 164 28 Association)

628 765 50 26 and
696 766 109 25 asserted
822 765 56 26 that
898 767 20 24 it
935 774 51 17 was
1009 766 96 32 exactly
1122 766 42 25 the

629 817 66 17 same
704 809 27 24 in
742 809 120 31 principle
874 817 27 17 as
912 809 56 25 that
981 810 99 30 already
1089 811 75 23 erectr

629 852 30 25 ed
669 852 33 32 by
724 853 42 25 the
789 852 101 25 Liberal
913 852 164 29 Association,
1099 861 65 23 upon

628 896 83 26 which
721 896 64 31 good
805 896 50 24 and
871 898 54 23 true
942 904 56 17 men
1021 904 63 17 were
1106 904 57 18 now

629 939 119 31 working.
783 939 40 24 He
835 939 94 24 wished
941 939 38 24 for
1001 947 34 16 no
1057 939 105 33 change,

628 981 131 32 especially
770 990 27 17 so
809 981 38 24 far
859 990 27 16 as
898 982 52 25 this
962 982 142 25 Electorate
1114 990 49 17 was

628 1025 144 25 concerned.
808 1024 41 25 He
861 1025 74 25 failed
948 1027 26 23 to
986 1034 41 17 see
1047 1025 55 25 that
1114 1034 49 23 any

627 1068 96 31 change
735 1075 50 18 was
796 1068 101 30 needed,
909 1069 50 24 and
970 1068 142 26 considered
1124 1068 37 26 Mi

627 1112 95 25 Harle's
739 1112 111 25 remarks
873 1113 28 24 in
918 1113 124 25 reference
1067 1115 26 23 to
1117 1121 46 17 our

627 1158 99 28 present
737 1156 125 25 members
873 1156 75 32 being
970 1165 16 16 a
1009 1157 108 31 disgrace
1138 1159 26 24 to

627 1206 37 21 us,
678 1198 66 32 quite
756 1198 113 26 uncalled
880 1198 44 26 for.
960 1198 40 26 He
1020 1199 51 25 had
1090 1199 73 26 taken

628 1250 14 16 a
653 1242 62 24 keen
726 1242 105 29 interest
841 1242 27 24 in
880 1242 116 25 Colonial
1007 1243 99 32 politics
1127 1244 37 24 for

628 1294 74 24 many
713 1294 71 23 years
801 1285 49 25 and
862 1285 32 26 he
906 1287 51 24 had
976 1294 33 18 no
1029 1287 135 26 hesitation

627 1329 26 24 in
676 1329 94 33 saying,
789 1329 56 25 that
868 1329 33 26 N.
914 1329 110 26 Zealand
1047 1339 50 17 was
1108 1339 56 18 now

629 1373 73 32 being
709 1373 80 25 better
800 1374 124 31 governed
936 1374 63 24 than
1008 1383 58 16 ever
1083 1375 20 28 it
1115 1383 49 17 was

628 1417 90 23 before.

660 1460 41 23 Mr
712 1460 97 24 Gorton
821 1460 54 24 said
886 1461 43 24 the
941 1460 150 26 Gentlemen
1108 1461 57 25 who

628 1510 63 17 were
702 1503 42 24 the
754 1505 138 30 promoters
911 1504 27 25 of
962 1505 49 24 this
1023 1506 142 24 movement

628 1554 60 16 were
700 1548 45 23 not
757 1547 92 24 known
865 1549 26 22 to
912 1555 30 16 us
954 1556 28 16 as
994 1548 81 31 public
1097 1557 66 21 men,

628 1588 49 25 and
694 1588 31 25 he
754 1589 107 32 thought
887 1590 56 25 that
971 1592 28 24 to
1027 1591 73 25 make
1124 1592 42 24 the

629 1635 144 21 movement
784 1641 15 15 a
807 1640 96 18 success
914 1634 21 24 it
947 1632 90 26 should
1049 1634 30 25 be
1090 1635 75 25 head-

628 1675 31 25 ed
670 1677 29 31 by
708 1684 66 17 some
784 1676 142 32 gentlemen
937 1679 27 24 of
973 1679 131 33 notoriety,
1123 1687 43 24 say

630 1719 61 24 such
703 1727 16 17 a
730 1727 61 18 man
809 1727 26 17 as
848 1721 136 30 Eolleston,
1010 1722 51 25 and
1084 1723 82 25 others

630 1762 54 26 who
695 1763 49 25 had
773 1764 182 33 distinguished
971 1766 148 26 themselves
1140 1766 27 24 in

630 1806 42 25 the
679 1809 55 30 past
747 1807 50 25 and
810 1814 62 18 were
883 1808 88 26 known
984 1811 26 24 to
1022 1809 44 26 the
1076 1810 90 32 public,

630 1850 49 23 and
689 1851 82 23 whose
780 1851 127 24 character
915 1852 79 24 would
1001 1861 71 23 carry
1079 1854 88 30 weight

629 1893 50 23 and
694 1900 28 17 so
751 1893 74 24 make
854 1894 44 24 the
926 1898 140 21 movement
1082 1903 16 16 a
1114 1904 53 15 sue-

629 1942 62 19 cess.

667 1975 53 25 The
738 1976 135 25 Chairman
884 1977 68 32 quite
963 1978 89 32 agreed
1062 1979 59 25 with
1129 1979 40 25 Mr

630 2018 122 26 Gorton's
776 2019 113 25 remarks
907 2020 50 25 and
980 2022 108 24 asserted
1114 2022 56 26 that

630 2063 49 25 this
689 2070 49 18 was
748 2062 58 32 only
816 2071 16 17 a
842 2065 160 32 preliminary
1014 2067 94 28 canter,
1119 2066 51 25 and

631 2107 71 24 when
722 2107 61 24 such
800 2107 144 31 gentlemen
970 2117 26 16 as
1025 2109 40 24 Mr
1073 2109 96 26 Gorton

630 2150 123 25 indicated
764 2157 64 18 were
839 2151 72 31 ready
934 2153 27 23 to
973 2160 69 16 come
1058 2152 110 30 forward,

630 2192 45 25 the
686 2194 99 31 present
796 2194 139 31 promoters
954 2194 81 26 would
1047 2195 123 33 willingly

632 2235 85 33 resign
727 2235 28 25 in
762 2235 66 26 their
847 2236 80 26 favor.
978 2238 74 25 After
1073 2239 98 26 further

633 2279 138 25 discussion
796 2280 21 23 it
834 2288 52 17 was
902 2281 109 25 resolved
1032 2284 26 23 to
1074 2283 61 24 form
1155 2293 14 14 a

634 2321 151 26 Committee
796 2322 49 24 and
857 2331 100 17 canvass
976 2324 39 25 for
1037 2326 131 25 members.

633 2364 41 25 Mr
687 2365 78 25 Harle
776 2365 84 32 acting
872 2374 28 17 as
910 2368 134 31 Secretary.

663 2450 32 24 In
704 2450 122 26 reference
838 2451 26 25 to
876 2451 43 26 the
929 2451 77 26 above
1015 2460 6 17 :
1040 2460 45 18 our
1096 2453 71 26 views

631 2501 41 16 are
684 2501 27 16 so
724 2495 55 24 well
792 2493 91 26 known
905 2496 55 25 that
976 2496 60 32 they
1056 2497 61 25 need
1136 2505 34 18 no

630 2537 140 32 repetition.
805 2538 51 25 For
864 2547 69 23 years
945 2539 83 26 before
1045 2540 42 26 the
1109 2542 56 24 Bal-

630 2580 70 26 lance
711 2581 77 32 reign,
806 2581 27 25 in
850 2582 82 26 which
958 2584 70 30 time,
1047 2584 43 25 the
1109 2585 55 25 first

631 2625 103 31 attempt
745 2627 26 23 at
782 2625 122 33 anything
915 2627 169 32 approaching
1099 2629 70 31 equal

628 2667 92 31 justice
732 2670 116 30 amongst
859 2669 43 25 the
925 2677 96 20 masses
1044 2679 49 17 was
1112 2672 56 25 seri-

631 2712 71 30 ously
712 2711 133 30 discussed,
870 2719 35 18 we
928 2712 99 26 worked
1045 2714 60 25 with
1124 2716 43 24 the

630 2761 56 17 now
708 2754 152 32 conquering
875 2764 82 23 power
981 2758 26 24 to
1030 2756 76 26 break
1123 2759 43 25 the

630 2798 164 30 squatocratic
816 2798 51 24 and
877 2798 61 26 land
960 2799 122 33 grabbing
1099 2810 68 17 mon-

630 2841 80 32 opoly,
723 2842 51 24 and
795 2850 31 17 on
850 2841 44 26 the
916 2844 72 24 event
1011 2844 28 25 of
1058 2844 44 26 the
1121 2846 50 25 last

629 2885 102 31 general
741 2885 111 29 election,
866 2893 37 18 we
915 2886 117 26 achieved
1043 2896 15 16 a
1073 2896 96 17 sucecss

630 2927 98 34 beyond
736 2937 45 16 our
792 2930 65 24 most
865 2930 120 33 sanguine
994 2932 175 32 expectations,

630 2972 50 24 and
691 2972 49 26 this
752 2972 49 26 end
812 2979 61 19 once
885 2973 125 32 achieved,
1034 2982 36 18 we
1082 2975 88 26 intend

631 3017 27 22 to
668 3017 68 23 relax
754 3024 34 16 no
800 3023 46 16 one
864 3017 72 24 effort
946 3017 28 24 in
992 3018 112 32 pushing
1124 3019 47 24 for-

631 3058 69 25 ward
711 3059 44 24 the
766 3061 71 30 great
847 3060 70 24 work
939 3060 27 25 of
986 3061 111 32 political
1116 3070 54 24 pro-

630 3109 69 26 gress
710 3102 50 26 and
770 3102 92 33 liberty
879 3104 26 27 to
925 3103 44 27 the
992 3112 99 19 masses.
1126 3105 46 27 We

630 3146 72 24 think
713 3146 54 26 that
780 3146 41 26 the
837 3154 76 18 name
930 3147 28 25 of
967 3147 44 25 the
1023 3156 56 17 new
1091 3148 79 25 Asso-

630 3189 92 26 ciation
736 3190 27 25 of
772 3189 82 26 which
866 3198 35 17 we
913 3191 138 32 attempted
1066 3193 27 24 to
1103 3192 66 25 form

631 3241 16 18 a
658 3233 94 27 branch
762 3234 28 25 in
809 3233 94 26 Oxford
913 3234 23 26 is
948 3243 14 16 a
984 3235 145 29 misnomer,
1141 3243 28 18 as

630 3275 35 25 its
676 3276 125 25 members
812 3276 52 24 will
887 3276 31 25 be
938 3277 133 32 composed
1092 3278 29 25 of
1129 3278 44 25 the

631 3320 77 24 worst
714 3318 65 26 class
792 3318 27 26 of
827 3318 76 26 social
914 3321 77 31 pests,
1004 3319 81 26 which
1096 3320 75 26 foitu-

633 3359 85 33 nately
727 3359 40 26 for
778 3358 45 28 the
833 3367 115 25 progress
960 3359 27 27 of
993 3359 59 27 New
1061 3360 113 27 Zealand

634 3408 43 17 are
689 3399 119 33 annually
818 3399 130 32 becoming
959 3399 145 34 beautifully
1114 3401 57 29 less,

634 3441 51 22 and
694 3446 59 18 soon
766 3436 52 28 will
828 3437 70 27 leave
909 3439 45 25 not
965 3446 16 18 a
992 3437 80 28 wreck
1080 3438 93 27 behind

635 3480 26 23 to
673 3478 71 25 mark
770 3477 67 27 their
858 3480 57 31 past
934 3479 133 29 existence,
1089 3481 85 31 except

635 3519 73 26 those
720 3521 75 24 sweet
806 3518 66 27 little
883 3520 133 31 creatures,
1029 3519 44 26 the
1094 3521 79 25 stoats

631 3560 51 25 and
693 3560 111 30 weasels,
816 3559 80 26 which
916 3566 65 19 were
990 3560 146 26 introduced
1146 3561 27 25 at

633 3606 47 17 our
696 3605 113 25 expense,
838 3601 27 23 to
892 3598 46 26 rob
965 3606 46 18 our
1037 3598 135 27 henroosts.
1171 3606 2 9 1

631 3635 69 26 Ever
711 3635 70 27 since
793 3635 93 25 Oxford
896 3636 46 25 has
953 3635 75 26 taken
1039 3644 34 16 an
1095 3636 78 26 inter-;

630 3675 40 24 eet
680 3674 29 25 in
724 3674 108 32 politics,
842 3673 36 26 its
899 3673 123 34 tendency
1044 3673 46 26 has
1108 3683 65 24 gone
1170 3673 3 12 1

630 3712 105 25 tcwards
746 3712 143 30 liberalism,
901 3712 51 26 and
962 3712 73 27 those
1046 3713 58 26 who
1124 3702 49 37 are'

629 3749 107 26 inclined
747 3753 27 23 to
782 3751 54 30 join
846 3752 61 24 each
929 3760 14 15 a
955 3751 94 33 society
1059 3760 28 16 as
1110 3751 63 26 that;

630 3789 80 27 called
727 3790 44 27 the
798 3790 128 31 National,
950 3800 43 18 are
1020 3792 29 25 in
1077 3792 62 27 such
1156 3800 16 18 a

628 3832 73 25 small
712 3832 128 32 minority,
860 3833 57 25 that
927 3832 66 25 their
1004 3832 125 26 influence
1139 3833 28 25 in

630 3869 43 26 the
689 3869 99 33 coming
803 3870 114 29 election,
929 3870 54 26 will
1004 3870 107 32 produce
1133 3878 34 18 no

630 3916 66 18 more
718 3909 72 26 effect
812 3908 61 26 than
896 3909 122 33 throwing
1040 3917 16 18 a
1085 3909 87 33 pebble

629 3953 28 24 in
668 3946 43 27 the
722 3954 83 18 ocean.
840 3947 54 25 The
903 3949 69 30 great
983 3954 70 18 wave
1061 3948 28 24 of
1094 3947 73 25 liber-

629 3986 73 24 alism
713 3986 51 25 will
771 3986 52 25 still
835 3986 47 26 roll
892 3994 33 18 on
949 3986 154 33 throughout
1125 3987 44 25 the

630 4023 68 31 land,
711 4023 50 26 and
771 4024 100 26 nations
882 4024 61 26 from
965 4024 53 26 afar
1029 4024 52 26 will
1092 4025 75 32 study

630 4068 52 25 and
692 4068 75 32 adopt
778 4068 41 25 it's
826 4067 142 33 principles.

759 4241 47 27 BAND
806 4241 15 27 OF
821 4241 17 27 HOPE.

665 4295 56 26 The
739 4295 65 26 East
827 4296 92 26 Oxford
940 4297 75 26 Band
1043 4297 29 26 of
1097 4297 74 33 Hope

630 4346 51 19 was
693 4338 58 27 held
761 4346 34 19 on
807 4338 98 35 Friday,
923 4340 113 27 October.
1049 4340 71 26 18th.
1143 4342 28 24 at

630 4383 45 25 the
707 4383 101 32 Baptist
826 4383 104 33 Chapel,
952 4385 51 25 and
1019 4385 90 33 passed
1136 4384 36 26 off

628 4432 60 27 very
699 4426 171 35 successfully.
896 4427 55 26 The
963 4428 63 27 Rev.
1044 4427 31 27 T.
1094 4427 76 33 Wag-

629 4468 62 26 staff
710 4467 119 35 presided.
874 4469 80 27 There
987 4479 52 19 wa
1061 4479 16 18 a
1099 4471 69 34 large

629 4512 131 32 audience,
788 4512 44 29 the
855 4513 94 34 Chapel
982 4515 77 33 being
1083 4516 88 32 near'y

1196 207 54 26 full.
1287 207 54 27 The
1360 214 153 26 programme
1533 214 51 17 was
1607 207 45 24 not
1675 213 59 25 very

1196 252 77 31 large,
1276 252 54 24 *but
1346 252 42 24 the
1410 252 73 24 items
1495 249 157 31 contributed
1671 257 63 18 were

1196 295 165 31 appreciated;
1362 299 3 5 1
1379 295 62 29 Migs
1453 290 31 39 li}
1504 290 230 42 M|rrr^-igresided

1195 341 25 20 at
1241 337 41 24 the
1301 336 165 25 harmonium.

1217 380 74 30 iMis.s
1419 388 62 24 sang
1485 381 7 8 r
1505 388 15 15 a
1532 379 141 29 vgolo',~'a'rid
1689 379 44 24 the

1195 425 72 25 other
1277 425 76 26 items
1364 431 64 19 were
1439 432 27 17 as
1486 423 105 29 follows;
1609 431 25 22 a,
1640 424 49 26 trio
1700 423 32 32 by

1195 462 90 32 blisses
1297 469 22 24 A
1342 469 85 25 Twose
1450 468 51 24 and
1518 468 91 24 Morris
1630 468 50 24 and
1692 467 41 25 Mr

1195 512 21 24 I.
1229 513 100 24 Morris.
1364 512 21 23 A
1398 510 86 32 speech
1496 510 33 32 by
1541 511 53 24 Rev
1605 510 40 24 Mr
1657 511 74 31 Wag-

1194 555 56 26 staff
1263 563 37 18 on.
1303 555 135 27 .education
1450 553 49 25 and
1511 555 164 29 temperance.
1710 553 21 24 A

1195 600 52 24 solo
1257 600 42 31 by.
1312 599 74 28 Miss,
1398 598 101 24 Baxter.
1535 597 58 24 Two
1616 597 114 31 readings

1194 642 32 31 by
1238 641 52 25 Mrs
1301 641 97 31 Dalley.
1417 640 155 24 Recitations
1583 647 5 16 :
1603 640 25 23 H
1641 639 89 25 Hitch-

1193 693 54 19 cox,
1265 685 50 23 and
1325 684 91 24 Misses
1429 683 31 23 E.
1482 682 126 24 Hitchcox
1627 682 50 24 and
1694 682 35 23 -E.

1194 727 138 25 Johanson.

1226 767 22 25 A
1257 767 116 25 selection
1396 765 33 32 by
1452 765 43 25 the
1627 763 104 26 entitled

1485 809 37 32 (at
1558 808 82 25 which
1668 807 62 24 Miss

1193 854 85 24 Twose
1431 851 4 12 ;
1449 854 26 23 at
1498 852 45 24 the
1544 849 3 12 :
1560 851 170 32 harmonium)

1193 896 108 32 brought
1324 896 48 26 the-
1389 896 118 31 evenings
1520 894 167 33 -proceedings
1706 895 24 23 to

1192 948 15 16 a
1236 941 75 28 close,
1497 950 33 18 :-;
1553 950 31 20 -y

1381 1082 71 24 THE
1473 1082 78 24 SUN.

1225 1170 54 25 The
1302 1170 128 30 following
1457 1170 108 24 remarks
1608 1168 124 32 reprinted

1191 1214 64 25 from
1278 1222 33 16 an
1344 1212 108 32 English
1486 1212 133 31 exchange,
1660 1210 72 33 apply

1193 1265 59 25 very
1272 1257 105 31 forcibly
1400 1257 26 24 to
1450 1257 41 24 the
1514 1256 55 25 Sun
1580 1262 152 25 newspaper,

1192 1297 110 31 recently
1314 1297 94 24 started
1430 1297 25 24 in
1476 1295 179 26 Christchurch
1678 1303 28 16 as
1718 1304 14 15 a

1194 1338 99 25 'labour'
1304 1337 108 33 journal,
1424 1337 115 24 andafter
1552 1345 16 16 a
1579 1335 47 26 few
1635 1336 97 25 months

1192 1382 61 24 hard
1276 1380 109 33 struggle
1427 1380 112 32 changed
1555 1379 88 25 hands.
1688 1379 46 24 We

1193 1434 56 16 now
1261 1425 69 24 learn
1341 1424 57 25 that
1414 1424 91 24 Pastor
1528 1422 77 25 Birch
1618 1422 70 26 takes
1700 1430 33 23 up

1194 1468 45 25 the
1264 1467 117 32 running,
1393 1467 46 25 but
1462 1466 113 26 whether
1585 1466 34 24 he
1630 1466 53 25 will
1704 1465 30 25 be

1192 1519 69 18 more
1275 1511 121 24 succesful
1419 1511 61 24 than
1503 1510 44 24 the
1568 1509 51 25 late
1630 1509 98 28 Editor,

1194 1554 108 25 remains
1331 1556 27 22 to
1387 1554 31 23 be
1446 1553 100 31 proved.
1669 1556 3 22 !

1230 1594 72 26 'How
1314 1594 23 25 is
1348 1594 21 25 it
1383 1593 67 25 there
1462 1593 21 24 is
1502 1592 75 25 found
1598 1592 62 25 such
1672 1591 63 25 diffi-

1195 1634 70 30 culty
1285 1633 27 24 in
1335 1631 163 32 establishing
1520 1638 133 19 successes,
1674 1629 62 26 with

1196 1672 104 25 'labour'
1313 1671 123 33 journals?
1465 1669 53 26 The
1529 1673 118 29 stoppage
1658 1668 31 26 of
1693 1668 42 25 the

1196 1713 111 24 'Labour
1319 1711 97 26 World'
1430 1714 115 29 suggests
1557 1710 44 25 the
1612 1710 123 32 question.

1197 1754 68 24 Here
1279 1761 36 17 we
1327 1754 62 23 have
1412 1760 15 17 a
1449 1759 77 25 paper
1549 1750 94 27 started
1659 1750 78 25 under

1196 1802 57 24 very
1281 1792 144 26 favourable
1453 1791 119 33 auspices,
1599 1789 62 27 with
1683 1789 54 26 able

1196 1834 83 25 hands
1292 1836 26 23 to
1330 1834 96 25 control
1448 1833 30 29 it,
1501 1833 50 24 and
1562 1831 85 32 giving
1668 1831 26 24 in
1704 1831 33 24 its

1196 1872 115 24 columns
1322 1869 105 36 reading
1438 1869 93 25 matter
1542 1869 25 25 of
1578 1867 44 27 the
1630 1868 109 32 greatest

1198 1911 157 32 importance
1364 1909 51 25 and
1425 1909 106 28 interest
1541 1910 27 24 to
1579 1907 45 27 the
1631 1907 109 32 working

1197 1950 98 25 classes.
1314 1949 138 28 Moreover,
1465 1947 44 25 the
1524 1948 67 25 most
1601 1946 138 33 promising

1199 1989 171 32 expectations
1394 1988 28 25 of
1441 1988 104 31 support
1568 1994 61 18 were
1640 1986 99 26 evident

1199 2028 63 25 from
1276 2027 43 25 the
1341 2027 90 25 outset.
1467 2025 57 25 And
1545 2026 42 33 yet
1598 2024 63 26 after
1669 2033 16 17 a
1694 2024 45 26 few

1198 2066 105 27 months
1314 2067 21 25 it
1356 2073 85 18 ceases
1463 2067 27 23 to
1509 2071 99 26 appear.
1648 2063 40 32 By
1706 2071 33 17 no

1198 2114 88 18 means
1300 2107 40 25 the
1358 2106 57 25 first
1432 2106 113 25 instance
1566 2104 28 25 of
1614 2103 45 25 the
1669 2103 68 30 kind,

1197 2154 47 16 one
1258 2146 23 23 is
1302 2146 92 24 almost
1416 2143 112 32 tempted
1550 2144 27 24 to
1596 2142 97 31 despair
1714 2142 27 25 of

1198 2184 123 33 anything
1333 2182 96 33 beyond
1441 2182 44 26 the
1499 2184 69 23 most,
1575 2189 99 24 meager
1683 2188 55 19 suc-

1198 2232 54 16 cess
1265 2223 27 24 in
1315 2222 88 26 labour
1425 2221 156 33 journalism.
1627 2219 49 26 Yet
1695 2219 44 26 the

1198 2264 66 26 class
1276 2262 130 33 especially
1430 2261 98 27 catered
1539 2261 36 26 for
1585 2261 23 25 is
1618 2260 44 26 the
1672 2261 69 32 larg-,

1199 2307 40 21 est
1251 2303 50 25 and
1312 2302 46 26 has
1378 2302 38 24 far
1439 2302 49 25 and
1516 2309 68 23 away
1607 2299 45 26 the
1671 2301 68 25 most

1348 2341 51 26 and
1410 2341 143 32 grievances
1572 2339 107 33 needing
1700 2347 38 18 re-

1198 2382 78 25 dress.
1312 2380 46 27 We
1370 2382 66 29 note,
1448 2379 33 33 by
1493 2379 44 25 the
1560 2386 59 25 way,
1635 2378 55 26 that
1711 2377 28 26 in

1198 2422 147 32 Edinburgh
1361 2429 16 17 a
1399 2420 117 33 proposal
1537 2420 22 25 is
1580 2427 58 18 now
1659 2418 80 27 under

1198 2461 182 28 consideration
1409 2463 27 24 to
1459 2459 120 27 establish
1614 2467 17 18 a
1650 2459 89 26 labour

1201 2509 143 26 newspaper
1371 2501 41 26 for
1436 2499 128 28 Scotland.
1610 2499 39 26 No
1676 2498 63 27 such

1198 2543 64 25 class
1274 2549 75 24 paper
1370 2541 48 25 has
1443 2539 95 26 existed
1557 2539 28 24 in
1608 2539 42 25 the
1669 2539 69 26 Scot-

1198 2586 51 24 tish
1258 2586 72 24 Press
1344 2586 68 24 since
1423 2584 44 25 the
1482 2583 61 32 days
1566 2582 28 26 of
1613 2582 45 26 the
1679 2582 61 32 long

1198 2626 102 25 defunct
1321 2624 149 31 Edinburgh

1331 2758 81 26 NEW
1429 2757 168 27 JOURNAL.

1232 2839 45 25 We
1293 2838 56 25 hale
1373 2837 62 26 with
1459 2836 120 34 pleasure,
1591 2836 43 25 the
1648 2836 91 25 advent

1199 2879 26 24 to
1248 2877 42 26 the
1307 2876 61 32 long
1390 2876 44 26 list
1462 2875 28 27 of
1506 2874 115 33 journals
1640 2873 100 33 already

1199 2916 151 27 established
1389 2916 26 25 in
1443 2915 62 26 New
1542 2914 115 31 Zealand,
1691 2915 48 25 The

1198 2958 97 32 People,
1319 2957 144 31 emanating
1485 2955 63 26 from
1571 2955 44 26 the
1635 2954 105 34 Empire

1199 2998 66 32 City,
1283 2997 49 25 and
1341 2997 137 32 appearing
1488 2996 103 32 weekly.
1626 2995 38 25 Its
1681 3002 57 19 con-

1199 3037 117 26 stitution
1326 3036 23 25 is
1360 3043 46 18 one
1426 3035 27 26 of
1461 3035 154 30 Commerce,
1627 3033 112 34 Agricul-

1199 3079 61 27 ture,
1280 3077 121 32 Industry
1420 3076 49 25 and
1493 3075 139 32 Sociology,
1644 3075 51 25 and
1713 3075 26 24 in

1199 3116 62 25 each
1272 3116 26 25 of
1325 3115 72 26 these
1421 3115 140 31 important
1579 3115 103 24 matters
1705 3113 34 26 its

1199 3156 113 25 columns
1336 3164 41 16 are
1389 3154 104 26 brimful
1514 3155 28 25 of
1551 3153 148 33 interesting
1709 3162 30 17 as

1200 3196 56 26 well
1267 3204 28 17 as
1306 3195 83 26 useful
1400 3194 172 27 information.
1606 3193 50 26 For
1667 3194 72 25 those

1198 3234 135 26 interested
1341 3235 29 24 in
1378 3233 121 30 Finance,
1511 3232 127 32 Banking,
1648 3232 91 27 Shares

1199 3272 51 25 and
1274 3271 70 25 other
1365 3270 105 26 kindred
1505 3270 115 33 subjects,
1639 3270 49 25 will
1710 3270 29 25 be

1199 3310 77 26 found
1293 3315 69 21 news
1385 3310 51 25 and
1455 3310 160 32 intelligence
1636 3309 28 26 of
1681 3316 58 27 very

1199 3349 119 33 practical
1345 3348 95 33 utility;
1467 3348 86 26 whilst
1585 3348 41 25 for
1655 3348 84 26 others

1200 3389 80 25 whose
1291 3390 78 24 tastes
1380 3387 98 25 wander
1497 3387 28 25 in
1533 3395 67 17 more
1611 3386 128 33 agreeable

1199 3428 50 26 and
1260 3428 49 24 less
1330 3426 152 33 responsible
1493 3434 75 25 ways,
1587 3426 115 28 columns
1712 3426 28 26 of

1200 3467 92 25 matter
1302 3466 27 25 of
1351 3465 106 26 sociable
1469 3464 51 27 and
1541 3464 29 27 of
1578 3464 100 34 general
1699 3465 37 25 in-

1199 3504 134 27 formation
1346 3503 52 28 will
1418 3503 68 32 tend,
1507 3503 84 27 whilst
1609 3503 130 33 agreeably

1201 3545 137 32 occupying
1358 3545 43 25 the
1431 3544 81 28 mind,
1540 3546 28 23 to
1588 3551 59 25 pass
1669 3551 69 25 away

1199 3585 122 32 pleasant,
1366 3584 50 25 and
1455 3583 94 31 withal,
1587 3581 152 28 wholesome

1199 3623 83 26 hours.
1321 3622 38 26 Its
1370 3621 81 26 whole
1462 3622 160 32 compilation
1633 3622 22 25 is
1667 3622 70 29 such,

1199 3663 55 26 that
1273 3670 34 17 we
1330 3659 56 40 can]
1399 3661 78 33 safely
1497 3661 135 33 anticipate
1648 3661 40 25 for
1707 3660 30 32 it,

1200 3703 62 26 with
1285 3703 121 31 pleasure;
1419 3710 16 17 a
1457 3701 111 26 brilliant
1579 3700 52 27 and
1646 3700 94 32 lasting

1199 3749 91 17 career.

1211 3939 33 25 D.
1263 3937 129 30 BUDDO,
1410 3937 38 26 M.
1465 3936 36 26 H.
1519 3937 32 25 R.
1570 3937 47 25 ON
1634 3937 94 26 LAND

1256 3981 73 26 AND
1345 3979 136 27 INCOME
1500 3979 69 25 TAX
1585 3979 93 27 BILL.

1326 4033 121 31 (extract
1464 4039 30 17 op
1511 4030 103 33 speech)

1232 4088 14 24 I
1263 4088 81 31 object
1366 4090 27 22 to
1404 4087 139 31 provisions
1564 4085 77 31 being
1657 4087 78 24 intro-

1199 4126 78 25 duced
1287 4126 58 25 that
1363 4133 41 17 are
1424 4124 126 32 obviously
1573 4123 117 26 uncalled
1700 4124 38 24 for

1198 4165 50 25 and
1258 4165 81 25 unfair
1358 4168 27 23 to
1407 4165 43 24 the
1472 4168 126 28 taxpayer,
1617 4163 51 26 and
1681 4171 57 25 pro-

1198 4206 93 25 visions
1303 4205 81 26 which
1396 4205 65 26 have
1477 4211 76 18 never
1561 4204 64 26 been
1636 4203 99 26 embod-

1198 4245 39 26 ied
1245 4246 27 25 in
1284 4253 48 25 any
1352 4245 72 26 other
1443 4244 129 26 Land-tax
1595 4243 48 28 Act
1655 4243 57 26 that
1723 4243 14 26 I

1197 4294 42 17 am
1250 4293 80 17 aware
1352 4285 33 25 of.
1420 4285 14 24 I
1454 4292 42 18 am
1519 4285 80 26 afraid
1619 4284 57 26 that
1693 4292 45 24 my

1197 4324 152 28 honourable
1371 4325 82 26 friend
1470 4319 63 31 'has
1567 4325 95 26 framed
1685 4324 53 27 this

1197 4372 114 19 measure
1328 4363 28 25 in
1367 4363 93 27 almost
1476 4363 80 26 entire
1567 4365 134 31 ignorance
1712 4363 27 26 of

1197 4403 44 26 the
1259 4401 111 33 position
1381 4401 27 25 of
1429 4403 42 24 the
1494 4403 133 31 taxpayers
1648 4404 28 23 at
1687 4401 51 26 this

1196 4442 134 33 particular
1340 4441 71 27 time,
1429 4441 39 26 Elo
1480 4448 79 18 worse
1574 4441 88 28 month
1675 4442 62 26 than

1200 4483 98 32 Augnst
1309 4479 84 32 could,
1405 4479 31 27 be
1451 4481 68 25 fixed
1547 4488 67 25 upon
1634 4481 39 25 for
1695 4481 44 26 the

1196 4522 129 28 collection
1336 4521 28 26 of
1373 4521 113 26 taxation
1498 4521 66 26 from
1575 4521 44 26 the
1631 4521 107 31 farming

1762 205 162 32 community.
1960 205 53 26 The
2035 205 92 39 farmer
2146 205 46 26 has
2204 208 41 30 got
2257 207 39 26 his

1760 248 67 23 rates
1838 247 26 24 to
1875 255 56 24 pay,
1950 247 51 24 and
2081 248 72 31 grain
2172 255 72 25 crops
2256 256 40 17 are

1762 289 45 24 riot
1818 294 28 18 so
1857 288 174 27 fatf&dva-nesd
2042 288 58 25 that
2110 289 186 34 hecanpbjain

1760 334 33 17 an
1814 327 113 25 advance)
2037 327 76 31 them;
2131 328 62 23 and?<
2200 328 96 25 neither

1761 365 50 26 will
1818 365 45 25 the
1870 365 132 27 merchant
2078 365 54 25 irini
2144 365 152 27 an^advarice

1760 414 67 24 upon
1838 405 78 26 woolr
1927 403 7 18 :
1935 405 79 26 --Hr<is'
2030 406 38 25 for
2079 405 64 28 Hhe'
2151 406 96 26 farmer;
2251 407 45 25 the

1758 445 101 25 hardest
1864 459 2 11 :
1870 473 6 6 r
1878 446 62 24 time
1960 445 28 26 of
2008 445 44 26 the
2074 454 66 23 year,
2159 446 38 25 for
2219 447 33 24 he
2275 446 21 25 is

1760 482 129 33 then-only
1899 484 102 32 putting
2011 485 27 24 in
2050 484 39 24 his
2092 499 11 7 ~
2108 492 94 24 crops,*/
2205 484 59 25 and,
2272 485 24 24 -I

1759 522 92 31 repeat,
1869 521 69 25 there
1950 523 72 24 could
2042 522 42 26 be.
2082 530 12 9 v
2096 530 47 21 no,i
2147 530 78 18 worse
2235 523 61 26 time

1759 562 26 24 to
1805 562 64 24 raise
1892 570 49 23 any
1964 563 76 24 direct
2074 566 43 22 tax
2150 563 61 25 fcom
2234 563 60 25 him.

1760 601 127 30 Hpwever,
1906 601 21 25 if
1943 602 51 24 this
2015 602 96 27 House,-
2123 603 32 27 is-,
2174 603 84 32 going,
2270 604 26 24 to

1760 641 93 25 submit
1876 643 26 23 to
1925 642 49 24 this
1997 642 128 25 insiduous
2137 645 107 29 attempt
2269 645 27 23 to

1759 681 98 23 enforce
1877 682 43 22 the
1940 679 132 25 collection
2094 682 27 22 of
2137 683 112 21 taxation
2256 679 40 25 'at

1760 727 47 24 any
1820 720 66 24 fixed
1894 719 92 32 period,
2000 719 49 25 and
2061 719 92 32 always
2165 722 27 22 at
2204 727 15 17 a
2230 720 66 24 fixed

1759 765 70 21 sum,,
1842 758 61 26 then
1926 757 22 29 .it
1965 758 27 25 .is
2012 758 84 31 giving
2118 765 71 24 away
2209 765 46 18 one
2272 758 25 25 of

1758 796 71 25 those
1840 796 80 32 rights
1943 796 79 25 which
2039 794 90 34 belong
2150 798 25 26 to
2186 796 51 25 this
2250 796 44 25 As-

1760 833 104 32 sembly,
1893 834 50 25 and
1965 834 89 32 jwhich
2082 835 52 24 this
2167 834 129 32 Assembly

1759 872 90 26 should
1871 872 31 25 be
1925 866 91 31 careful
2037 875 25 22 to
2082 880 113 21 preserve

1792 913 14 24 I
1817 913 65 25 have
1894 914 91 30 always
1996 913 59 25 held
2073 913 57 26 that
2141 913 44 26 the
2198 922 97 22 exemp-

1759 954 54 24 tion
1823 953 28 24 in
1871 953 88 24 favour
1978 953 28 25 of
2032 953 43 24 the
2098 954 153 25 income-tax
2274 954 22 25 is

1759 994 66 25 most
1847 993 106 26 unfair<r
1992 993 188 33 Agriculturists
2203 996 26 23 at
2252 994 42 25 the

1759 1036 100 29 present
1870 1035 70 29 time,
1960 1035 50 24 and
2021 1035 91 30 during
2120 1034 43 25 the
2174 1034 59 30 pstsf
2242 1034 55 25 four

1759 1080 77 24 years,
1857 1073 62 26 have
1941 1073 63 26 heen
2028 1073 106 33 earning
2154 1081 59 24 very
2232 1073 64 26 little

1759 1113 97 26 indeed.
1891 1114 55 29 Yet,
1965 1114 74 25 while
2059 1114 44 25 the
2124 1114 172 32 agriculturist

1759 1155 22 25 is
1792 1149 75 31 iaxed
1878 1161 68 25 upon
1957 1157 42 23 the
2011 1156 73 24 value
2101 1156 27 25 of
2148 1156 38 24 his
2199 1155 59 25 land
2269 1163 27 16 as

1759 1193 21 25 it
1791 1200 49 18 was
1857 1192 110 26 assessed
1979 1193 27 25 in
2019 1193 74 30 1891,
2112 1193 44 25 the
2169 1192 129 26 difference

1760 1231 27 25 in
1798 1231 44 25 the
1853 1231 50 25 last
1920 1233 150 23 assessment
2092 1232 23 24 is
2138 1239 57 23 very
2218 1231 78 25 small.

1760 1271 34 25 At
1802 1270 44 26 the
1858 1279 69 17 same
1938 1271 58 25 time
2013 1271 71 25 there
2107 1272 22 25 is
2142 1271 52 26 still
2204 1272 43 25 the
2258 1281 40 16 ex-

1761 1310 108 31 emption
1881 1310 25 25 of
1917 1311 69 24 300
1997 1311 26 24 in
2046 1311 97 31 respect
2163 1310 28 26 of
2200 1310 44 26 the
2255 1311 41 25 in-

1761 1352 133 24 come-tax.
1937 1350 34 25 As
1994 1351 14 24 I
2036 1351 64 25 have
2127 1352 101 31 pointed
2255 1353 44 23 out

1762 1397 59 16 once
1839 1388 81 26 before
1938 1389 26 24 in
1976 1389 50 25 this
2038 1389 94 30 House,
2152 1390 43 24 the
2207 1390 92 24 farmer

1761 1427 99 31 owning
1887 1427 61 25 land
1986 1428 82 24 worth
2102 1428 77 24 about
2205 1428 94 29 3,500

1761 1465 82 25 would
1854 1465 59 33 only
1935 1465 83 26 derive
2037 1466 63 25 from
2115 1466 24 25 it
2159 1473 32 18 an
2203 1466 97 25 income

1762 1505 27 25 of
1798 1506 67 24 150
1886 1514 15 17 a
1920 1514 67 23 year,
2017 1506 51 25 and
2090 1506 32 26 he
2145 1508 45 23 has
2213 1508 27 24 to
2251 1515 49 23 pay

1762 1545 76 25 about
1851 1546 55 25 10
1917 1554 16 16 a
1943 1555 58 22 year
2012 1546 27 25 of
2048 1555 14 15 a
2072 1547 78 24 direct
2161 1548 52 27 tax,
2225 1547 75 24 while

1762 1583 44 25 the
1818 1584 141 31 gentleman
1980 1585 104 32 earning
2103 1593 33 17 an
2159 1585 99 26 income
2275 1585 28 25 of

1762 1623 68 23 600
1842 1630 44 23 per
1898 1630 95 17 annum
2009 1624 52 30 gets
2086 1632 14 15 a
2121 1625 68 23 300
2201 1632 99 22 exemp-

1763 1660 62 28 tion,
1843 1661 49 24 and
1904 1661 60 32 only
1981 1669 59 24 pays
2053 1663 34 24 7
2110 1663 31 24 10
2152 1670 43 24 per
2206 1670 94 16 annum

1764 1699 27 25 of
1800 1699 77 25 direct
1897 1701 51 24 tax.
1985 1700 53 25 The
2057 1701 110 31 position
2187 1701 20 24 is
2220 1705 45 21 not
2275 1705 27 24 at

1763 1737 36 25 all
1811 1737 46 25 fair
1868 1746 28 18 so
1908 1738 38 25 far
1957 1746 27 18 as
2005 1739 44 25 the
2067 1739 97 25 farmer
2170 1739 22 25 is
2204 1747 96 17 concer-

1765 1777 58 29 ned,
1841 1778 48 25 and
1901 1779 148 32 apparently
2072 1788 36 16 we
2119 1788 41 16 are
2172 1781 45 23 not
2228 1779 75 32 going

1765 1820 39 26 tor
1809 1818 63 26 have
1885 1819 42 25 the
1946 1818 49 26 law
2007 1820 120 25 amended
2147 1820 28 24 in
2194 1819 52 26 this
2265 1828 36 17 re-

1766 1860 75 29 spect.
1877 1859 14 24 I
1903 1860 66 24 trust
1980 1860 44 24 the
2047 1859 113 25 Colonial
2173 1860 130 24 Treasurer

1765 1896 52 24 will
1828 1895 64 26 have
1903 1896 41 25 his
1964 1897 124 25 attention
2111 1897 87 25 drawn
2211 1898 25 24 to
2254 1898 49 24 this

1765 1933 108 32 position
1885 1933 51 26 and
1946 1933 51 26 will
2011 1943 39 16 see
2062 1936 71 23 there
2145 1934 22 25 is
2184 1943 13 15 a
2210 1934 93 25 chance

1766 1974 26 25 of
1810 1973 110 33 deriving
1952 1975 171 31 considerably
2150 1983 69 17 more
2242 1975 61 24 from

1766 2011 43 26 the
1820 2012 161 30 income-tax,
1999 2013 50 25 and
2071 2014 27 24 at
2109 2013 43 25 the
2164 2021 67 17 same
2242 2013 61 25 time

1766 2049 27 26 of
1813 2050 85 33 giving
1921 2053 95 29 greater
2041 2051 153 26 satisfaction
2211 2054 27 23 to
2261 2053 42 24 the

1766 2084 109 31 farming
1892 2086 163 29 community.

1765 2266 193 57 LOCAL
1977 2270 26 53 AND
2031 2266 274 57 GENERAL

1798 2395 150 26 Excursion.
1985 2395 54 25 The
2064 2394 173 27 'Oddfellow's'
2251 2394 50 25 An-

1765 2438 59 25 nual
1834 2438 141 26 Excursion
1986 2438 60 26 took
2056 2438 71 32 place
2139 2445 33 19 on
2184 2438 121 25 Wednes-

1765 2482 47 33 day
1822 2482 58 29 last,
1892 2483 50 23 and
1953 2482 76 24 about
2040 2482 50 24 five
2111 2482 115 24 hundred
2237 2482 68 23 went

1765 2525 64 26 from
1841 2525 100 30 Oxford,
1949 2525 51 25 and
2011 2524 168 32 surrounding
2186 2524 116 26 districts.

1766 2569 22 25 A
1815 2569 68 33 large
1910 2569 109 26 number
2046 2569 47 25 left
2120 2569 45 25 the
2196 2569 68 25 train
2280 2570 27 25 at

1768 2612 188 26 Christchnrch.
2007 2612 53 26 The
2086 2612 110 26 weather
2221 2616 27 21 at
2264 2612 42 26 the

1766 2656 77 26 latter
1854 2656 71 32 place
1936 2664 51 17 was
1999 2656 51 25 fine
2061 2656 49 24 and
2121 2664 85 22 warm,
2222 2656 47 26 but
2278 2656 28 25 in

1768 2699 140 33 Lyttelton,
1929 2700 70 24 there
2015 2706 49 18 was
2080 2706 16 18 a
2118 2702 87 29 strong
2231 2699 74 26 wind.

1767 2741 106 26 Various
1887 2741 125 27 Steamers
2021 2749 61 17 were
2099 2743 26 23 in
2148 2741 156 30 attendance,

1766 2784 51 26 and
1827 2785 125 31 conveyed
1963 2784 43 26 the
2022 2785 178 25 excursionists
2210 2787 27 23 to
2259 2785 47 25 dif-

1766 2828 81 26 ferent
1858 2828 68 33 Bays
1938 2829 44 24 &c.
1994 2829 28 24 in
2044 2828 44 25 the
2107 2829 117 25 harbour.
2264 2829 42 25 All

1766 2872 98 26 seemed
1892 2874 26 24 to
1946 2872 154 32 thoroughly
2127 2873 73 31 enjoy
2224 2873 80 25 them-

1767 2916 86 28 selves,
1867 2916 49 25 and
1939 2923 77 26 many
2027 2915 58 28 will,
2098 2924 33 17 no
2142 2916 87 36 doubt,
2249 2915 57 26 look

1766 2960 104 25 forward
1883 2962 26 23 to
1920 2960 44 25 the
1970 2962 59 23 next
2038 2959 160 26 Oddfellow's
2207 2960 97 25 Excur-

1767 3003 65 25 sion.

1800 3075 104 26 Oxford
1939 3075 126 26 Farmers.
2101 3076 46 26 We
2181 3077 64 26 have
2278 3080 27 23 to

1766 3119 127 26 chronicle
1916 3122 50 23 two
1987 3120 82 25 useful
2090 3121 151 29 inventions,
2254 3122 51 24 and

1766 3165 87 30 stange
1882 3165 27 23 to
1937 3171 52 24 say,
2019 3163 62 25 both
2106 3164 128 25 inventors
2264 3172 42 18 are

1765 3207 89 24 named
1866 3207 109 32 Wright,
1998 3207 51 25 and
2071 3214 37 18 we
2128 3215 42 17 are
2181 3207 84 34 happy
2276 3210 26 24 to

1768 3251 173 31 congratulate
1963 3251 70 24 them
2055 3257 36 23 on,
2110 3251 76 31 being
2208 3258 32 18 on
2263 3252 44 25 the

1766 3292 80 32 Right
1853 3292 62 32 path
1923 3291 28 26 of
1961 3291 136 26 usefulness
2108 3292 60 25 both
2177 3293 42 24 the
2227 3294 79 24 them-

1765 3336 80 26 selves
1855 3336 52 25 and
1919 3336 67 25 their
2002 3336 102 26 brother
2121 3336 112 26 farmers.
2266 3336 41 26 Mr

1767 3379 74 26 Peter
1852 3379 122 32 Wright's
1986 3379 132 26 invention
2140 3379 40 26 for
2201 3378 106 34 shifting

1765 3424 71 24 straw
1855 3430 103 18 manure
1981 3423 59 26 does
2052 3431 15 16 a
2078 3423 37 25 lot
2137 3423 28 25 of
2175 3423 68 26 work
2253 3426 27 23 at
2292 3433 15 16 a

1765 3465 135 26 minimum
1913 3468 62 28 cost,
1999 3466 51 25 and
2066 3466 23 25 is
2111 3466 76 32 likely
2200 3469 26 23 to
2238 3475 69 18 come

1766 3510 53 25 into
1830 3509 101 33 general
1951 3518 45 18 use
2007 3518 34 17 on
2052 3510 69 33 large
2143 3510 87 27 farms.
2266 3511 41 26 Mr

1768 3553 85 25 James
1866 3553 119 32 Wright's
2008 3554 131 25 invention
2149 3555 24 24 is
2184 3562 16 18 a
2222 3555 85 31 turnip

1767 3597 88 29 cutter,
1880 3597 158 26 constructed
2048 3597 46 33 by
2120 3598 104 26 himself
2243 3598 65 26 from

1767 3639 50 24 odd
1829 3639 51 29 bits,
1890 3640 29 25 of
1928 3649 12 14 a
1944 3649 15 15 a
1971 3641 41 24 old
2022 3649 96 24 reaper.
2150 3642 25 23 It
2186 3642 22 24 is
2220 3642 88 32 simple

1770 3682 28 25 in
1809 3682 178 32 construction,
2011 3691 59 26 very
2092 3684 111 26 effective
2217 3685 27 25 in
2254 3692 54 25 per-

1769 3725 111 33 forming
1890 3726 76 30 work,
1986 3727 50 25 and
2047 3735 60 24 very
2118 3727 62 33 light
2190 3729 51 24 and
2251 3736 57 24 easy

1766 3770 26 25 of
1808 3771 136 32 transport,
1968 3771 51 26 and
2040 3771 24 26 is
2086 3779 57 19 sure
2162 3773 31 25 to.
2212 3772 30 27 be
2262 3772 46 26 im-

1768 3814 92 31 proved
1872 3822 75 24 upon,
1970 3815 51 25 and
2044 3816 150 31 extensively
2216 3816 92 31 copied.

1800 3904 57 26 The
1865 3904 170 27 Weatheb.
2038 3905 40 26 On
2090 3907 104 33 Sunday
2203 3908 51 25 la3t
2264 3907 45 26 the

1767 3947 110 26 weather
1898 3949 52 24 had
1969 3949 69 33 quite
2060 3958 17 17 a
2099 3951 90 32 wintry
2212 3953 94 31 aspect.

1768 3991 65 25 Bain
1845 3991 44 26 fell
1900 3992 100 32 heavily
2011 4000 34 18 on
2057 3993 125 32 Saturday
2193 3994 116 33 evening,

1767 4033 50 26 and
1839 4034 133 25 continued
2005 4037 26 23 to
2064 4036 46 24 fall
2133 4043 59 26 very
2214 4036 96 34 heavily

1768 4076 66 25 until
1847 4078 33 22 10
1891 4078 41 23 80.
1945 4085 32 16 on
1991 4078 102 31 Sunday
2105 4079 121 31 morning,
2239 4080 71 24 when

1766 4126 15 18 a
1799 4119 97 31 change
1919 4126 75 18 came,
2010 4119 28 25 in
2052 4120 48 25 Ahe
2117 4121 67 24 form
2195 4123 27 22 of
2232 4130 77 21 sdow,

1766 4160 81 25 which
1859 4160 135 25 continued
2017 4163 28 22 to
2065 4161 46 26 fall
2132 4163 40 24 for
2189 4164 77 25 about
2277 4173 34 17 an

1768 4204 72 31 hour,
1853 4203 46 27 but
1911 4203 94 26 melted
2016 4212 29 17 as
2056 4205 50 25 fast
2117 4213 28 18 as
2158 4205 21 26 it
2189 4206 52 31 fell,
2260 4207 51 26 The

1767 4249 89 25 lowest
1876 4248 60 26 hills
1947 4256 65 17 were
2034 4249 107 33 entirely
2164 4252 98 24 covered
2286 4254 25 24 to

1766 4292 65 25 their
1853 4292 60 25 base
1933 4292 58 24 with
2010 4299 77 18 snow.

1799 4389 115 25 Auction
1962 4390 75 24 Sale.
2072 4389 40 25 On
2154 4389 157 35 Wednesday

1766 4432 61 22 next
1846 4429 56 24 Oct.
1923 4428 63 25 80th
2008 4429 71 25 there
2099 4430 52 25 will
2162 4429 31 26 be
2215 4439 17 16 a
2255 4431 54 26 sale

1766 4472 27 22 at
1804 4468 40 26 Mr
1862 4468 32 25 L.
1918 4467 117 28 Griffiths
2052 4469 133 31 residence,
2209 4471 29 26 of
2260 4471 51 26 fur-

1765 4509 83 26 niture
1861 4509 50 24 and
1919 4509 95 26 effects.

2359 201 329 42 Watohmaker.-^-M^^
2719 193 50 38 B.F
2778 194 78 42 Lafe,

2326 240 174 26 Watchmaker
2522 243 106 37 npfcijfies.;
2641 252 28 17 as
2681 243 55 26 {hat
2748 230 81 39 Hievf
2830 245 28 25 ill

2324 278 59 24 visit
2383 285 3 7 1
2395 278 93 25 Oxford
2499 275 359 41 onVlldnday^Jluesaay.arid

2326 315 169 34 Wednesday^
2508 318 54 25 Oct.
2564 337 14 9 v
2581 308 148 45 2B;.2^and
2742 323 40 26 3Q.
2815 317 53 32 thej

2325 354 131 25 alteration
2467 356 66 38 fron^'
2534 376 12 20 v
2551 346 157 45 iiiiia|.li|ys
2729 353 77 39 being
2815 367 53 17 ne-

2325 399 96 25 cessary
2428 395 27 24 to
2463 394 71 25 avoid
2541 393 114 34 clashing
2666 396 60 25 with
2738 397 40 25 the
2790 396 66 26 Ban-

2324 432 68 31 giora
2416 433 82 30 Show.
2543 435 49 24 Mr.
2611 436 68 25 Lane
2698 436 46 25 has
2749 438 59 31 'just
2818 446 38 16 re-

2325 472 83 24 ceived
2436 481 17 16 a
2481 475 171 31 consignment
2686 476 26 24 of
2739 476 118 26 Baume's

2324 512 78 26 ladies
2414 513 131 30 watchesV-
2559 515 83 24 which
2662 523 41 17 are
2713 516 103 38 yodels
2834 518 26 24 of

2325 551 98 31 beauty,
2454 551 50 25 and
2527 552 120 26 excellent
2669 554 60 24 time
2749 553 107 33 keepers;

2325 590 51 25 also
2388 598 16 17 a
2416 591 91 32 special
2529 593 50 25 line
2602 593 25 24 in
2651 594 103 25 Youth's
2768 595 90 33 Strong

2324 628 79 24 Metal
2420 630 108 31 Keyless
2538 630 126 26 Watches.
2698 632 41 25 All
2755 641 103 23 guaran-

2326 660 64 26 teed,
2394 661 55 26 and,
2461 664 26 22 at
2494 663 100 25 ,-lowest
2617 668 99 21 current
2738 666 87 30 prices.

2357 740 149 27 Influenza.
2543 743 61 26 Now
2622 745 51 25 this
2702 746 120 31 epidemic
2839 748 23 25 is

2324 783 130 33 becoming
2465 787 128 29 prevalent
2601 796 36 16 we
2649 790 113 32 strongly
2770 798 92 18 recom-

2324 827 73 28 mend
2409 828 45 28 the.
2463 828 57 30 free.
2523 837 45 18 use
2580 830 27 25 of
2616 831 123 33 Platypus
2746 833 84 25 Brand
2838 835 27 24 of

2322 871 156 33 Eucalyptus
2493 872 124 27 Globulus
2646 875 112 30 Extract,
2787 878 75 25 taken

2326 922 66 23 upon
2414 923 75 23 sugar
2517 924 29 17 or
2564 918 28 24 in
2615 918 71 25 milk.
2722 920 53 24 The
2797 923 67 23 most

2324 957 115 31 pleasant
2449 967 55 23 way
2515 962 26 22 to
2550 961 58 23 tak
2618 962 157 32 Eucalyptus
2796 964 22 23 is
2836 965 27 23 in

2324 1001 44 26 the
2400 1002 117 33 Platypus
2545 1004 87 26 Brand
2660 1007 28 24 of
2709 1007 154 32 Eucalyptus

2325 1045 117 32 Jujubes.
2477 1047 70 33 They
2558 1056 42 18 are
2611 1051 26 23 in
2653 1051 62 24 such
2721 1058 21 20 .a
2753 1052 110 31 portable

2324 1085 71 29 form,
2407 1087 116 31 pleasant
2534 1091 26 24 to
2570 1091 75 29 taste,
2663 1092 132 32 antiseptic
2813 1094 50 24 and

2326 1131 140 27 stimulant.

2359 1219 67 25 Jack
2437 1228 49 17 the
2498 1221 103 26 Ripper.
2636 1223 25 25 It
2672 1223 46 26 has
2729 1225 60 31 long
2801 1225 62 24 been

2326 1263 89 24 known
2432 1264 55 25 that
2507 1273 33 16 an
2551 1266 94 25 animal
2655 1268 28 24 of
2691 1267 51 25 this
2755 1269 106 32 descrip-

2326 1306 51 26 tion
2401 1308 90 25 resides
2509 1311 26 23 at
2558 1310 68 25 View
2646 1311 63 25 Hill.
2755 1312 40 26 He
2816 1313 45 25 has

2327 1351 183 32 distinguished
2520 1353 103 25 himself
2632 1354 33 32 by
2676 1356 90 31 cruelly
2776 1357 85 24 maiai-

2326 1395 45 31 ing
2382 1403 15 16 a
2407 1395 82 30 horse,
2508 1404 15 17 a
2534 1397 100 25 bullock
2650 1398 50 25 and
2710 1407 14 16 a
2742 1400 50 32 pig,
2813 1401 49 24 and

2326 1438 40 25 his
2383 1438 49 25 last
2449 1439 131 26 diabolical
2602 1442 95 32 cruelty
2719 1451 51 16 was
2793 1452 69 23 prac-

2328 1482 64 25 ticed
2404 1491 65 22 upon
2481 1485 49 23 two
2553 1484 83 32 sheep,
2655 1486 81 24 whose
2755 1487 55 32 legs
2832 1488 31 24 he

2329 1524 73 26 broke
2421 1526 50 25 and
2483 1527 60 24 then
2553 1527 45 25 left
2615 1528 69 25 them
2696 1531 26 23 to
2742 1531 83 30 perish
2837 1532 26 23 in

2327 1568 66 25 their
2421 1577 89 25 agony.

2362 1624 46 25 We
2420 1625 60 24 dont
2492 1634 63 24 envy
2567 1627 61 25 such
2640 1636 15 16 a
2673 1637 56 16 man
2742 1637 27 17 or
2780 1630 85 25 rather

2329 1668 79 31 brute,
2432 1669 41 26 his
2493 1671 125 32 thoughts:
2648 1672 73 26 when
2740 1673 43 26 the
2802 1674 62 32 busy

2330 1713 78 25 world
2420 1714 87 31 sleeps.
2543 1715 45 26 We
2605 1717 81 24 would
2708 1719 45 24 not
2772 1718 50 25 like
2839 1721 26 24 to

2330 1756 29 25 be
2378 1757 38 24 his
2428 1757 55 24 wife
2500 1766 27 16 or
2538 1759 74 28 child,
2623 1767 42 22 no,
2684 1762 46 23 not
2753 1769 61 17 even
2825 1762 39 25 hi9

2331 1802 40 23 cat
2394 1809 28 17 or
2444 1801 56 32 dog.
2534 1802 27 25 If
2591 1802 119 28 domestic
2732 1804 133 33 happiness

2331 1844 49 23 and
2392 1852 74 22 peace
2477 1853 42 15 are
2531 1846 91 23 known
2631 1849 26 21 to
2668 1847 61 30 him,
2748 1847 32 25 he
2797 1852 68 21 must

2332 1886 30 25 be
2385 1894 14 16 a
2416 1887 63 25 hard
2499 1887 41 25 old
2562 1896 63 16 case.

2365 1969 54 24 The
2430 1970 58 25 deer
2505 1972 74 30 parka
2598 1972 27 25 in
2648 1973 118 31 England
2777 1975 89 24 exceed

2332 2008 59 33 300,
2407 2008 51 25 and
2469 2008 44 26 the
2535 2012 113 30 property
2669 2010 98 26 market
2778 2012 21 24 is
2822 2015 45 23 not

2332 2050 105 26 without
2448 2058 16 17 a
2474 2050 47 25 few
2542 2051 28 24 of
2589 2050 79 26 them.
2715 2052 49 25 The
2776 2053 91 32 largest

2332 2089 27 24 in
2379 2088 43 25 the
2450 2088 120 32 kingdom
2599 2089 20 24 is
2647 2090 125 30 Windsor;
2800 2092 68 24 Lord

2334 2128 150 32 Eggerton's
2495 2129 61 31 park
2579 2132 26 22 at
2625 2130 90 26 Tatton
2735 2131 22 25 is
2774 2141 14 15 a
2805 2133 63 30 good

2334 2166 96 29 second,
2443 2166 73 25 while
2528 2170 115 29 amongst
2666 2169 42 24 the
2727 2170 142 25 remainder

2335 2207 42 25 the
2385 2209 64 22 most
2457 2207 141 31 prominent
2609 2215 43 18 are
2659 2208 112 30 Estwell,
2786 2210 82 25 Grim-

2334 2246 94 30 thorpe,
2441 2245 133 33 Thoresby,
2586 2247 51 24 and
2647 2243 142 30 Blenheim.
2815 2249 54 25 The

2334 2285 96 24 decline
2441 2285 28 23 of
2485 2285 42 24 the
2549 2286 58 23 deer
2628 2287 62 30 park
2712 2287 70 25 dates
2805 2288 64 25 from

2334 2322 43 24 the
2389 2322 60 25 time
2461 2322 27 26 of
2502 2322 44 26 the
2561 2325 70 30 great
2643 2323 137 27 Rebellion.
2815 2325 52 25 Un-

2335 2362 49 26 less
2395 2363 43 24 the
2449 2363 97 31 ground
2556 2363 23 25 is
2589 2363 126 33 ploughed
2735 2373 41 25 up,
2789 2374 26 16 or
2826 2366 44 26 the

2334 2400 58 26 deer
2403 2400 82 31 killed,
2498 2402 44 24 the
2552 2402 80 32 parks'
2639 2411 42 17 are
2693 2407 100 29 exempt
2806 2405 63 25 from

2334 2441 64 25 tithe
2419 2445 124 28 payment.
2577 2442 68 26 Lord
2664 2442 131 34 Abingdon
2812 2445 20 25 is
2843 2447 26 24 at

2334 2483 100 28 present
2445 2480 92 31 paying
2559 2480 64 24 tithe
2645 2481 37 24 for
2693 2489 16 17 a
2730 2483 57 24 deer
2798 2483 70 32 park,

2335 2518 54 24 that
2401 2526 32 23 up
2456 2520 26 23 to
2494 2526 15 17 a
2531 2518 69 28 short
2611 2519 61 25 time
2694 2528 47 24 ago
2755 2529 48 17 was
2827 2530 41 16 ex-

2334 2561 69 29 empt
2414 2559 64 24 from
2489 2559 52 25 this
2560 2562 52 22 tax.
2657 2560 26 26 It
2699 2568 104 25 appears
2814 2562 55 25 that

2334 2596 44 25 the
2389 2604 68 24 grass
2468 2604 52 18 was
2530 2597 37 25 let
2579 2600 25 22 to
2627 2606 16 16 a
2653 2598 99 31 farmer,
2765 2600 53 28 but,
2842 2602 26 24 to

2334 2642 59 17 save
2403 2635 41 25 the
2455 2635 70 31 tithe,
2549 2638 49 24 two
2617 2636 59 26 deer
2694 2645 59 17 were
2765 2638 59 32 kept
2835 2647 33 16 on

2334 2675 43 25 the
2396 2674 70 26 land.
2501 2675 83 26 These
2606 2677 139 32 accidently
2764 2678 104 31 partook

2334 2712 27 25 of
2370 2720 69 17 some
2450 2712 134 33 poisonous
2601 2713 76 27 herbs
2696 2723 46 16 one
2753 2715 48 33 day
2818 2716 51 25 and

2334 2749 64 28 died.
2433 2753 53 24 The
2497 2754 91 25 broken
2599 2754 53 25 link
2674 2755 74 24 could
2755 2763 74 18 never
2837 2755 31 26 be

2333 2792 122 32 repaired.
2489 2793 52 25 Not
2552 2801 15 17 a
2586 2795 46 23 few
2654 2795 27 24 of
2690 2794 43 25 the
2754 2795 75 32 parks
2840 2797 28 24 at

2333 2835 100 30 present
2444 2833 108 33 existing
2562 2842 64 17 were
2637 2835 115 25 enclosed
2771 2835 97 34 shortly

2332 2873 62 25 after
2405 2874 42 25 the
2458 2873 159 33 Doomesday
2636 2882 98 25 survey.

2428 2922 14 15 #
2510 2923 15 14 #
2593 2923 14 14 *
2675 2924 15 14 #
2757 2924 15 15 #
2862 2923 4 19 ;

2367 2967 22 26 A
2399 2969 67 32 story
2476 2968 21 25 is
2509 2969 54 25 told
2573 2968 28 27 of
2608 2976 34 18 an
2657 2969 110 27 incident
2785 2970 28 27 in
2824 2970 44 27 the

2333 3010 85 23 recent
2428 3009 97 24 Chitral
2535 3009 150 31 Expedition
2695 3010 82 24 which
2786 3010 82 25 shows

2333 3046 68 25 what
2413 3046 74 25 roads
2498 3054 43 17 are
2551 3047 51 25 like
2613 3047 29 24 in
2652 3048 72 25 those
2735 3050 78 30 parts.
2836 3049 33 24 In

2333 3094 47 18 one
2391 3087 97 26 district
2504 3088 68 25 there
2595 3096 50 17 was
2664 3088 55 33 just
2738 3097 71 18 room
2831 3089 38 26 for

2334 3128 43 25 the
2388 3128 93 25 camels
2493 3130 25 23 to
2530 3127 65 27 walk
2605 3128 26 25 in
2643 3129 80 31 single
2734 3129 51 26 file.
2815 3130 54 25 One

2334 3165 109 33 dropped
2461 3165 72 26 dead.
2575 3165 54 26 The
2635 3167 81 32 -only
2744 3169 73 24 mode
2845 3169 27 24 of

2334 3198 109 40 clearing
2454 3206 43 25 the
2509 3206 70 25 track
2600 3207 38 24 for
2659 3207 104 25 Colonel
2774 3209 95 32 Kelly's

2334 3249 71 29 force,
2424 3255 50 16 was
2502 3249 28 22 to
2556 3247 65 24 blow
2648 3248 44 24 the
2720 3248 72 25 beast
2824 3256 42 25 up;

2434 3297 15 14 #
2516 3297 16 14 *
2599 3297 15 14 #
2683 3297 14 14 *
2765 3298 16 15 *

2368 3340 47 26 We
2431 3348 43 18 are
2490 3341 89 25 within
2589 3341 157 26 measurable
2762 3342 111 27 distance

2335 3381 26 26 of
2384 3381 44 25 the
2450 3381 138 26 extinction
2599 3382 25 25 of
2634 3390 48 17 our
2692 3382 71 26 kauri
2774 3383 97 26 forests.

2335 3419 112 26 Millions
2459 3420 25 25 of
2495 3419 51 26 feet
2561 3419 27 26 of
2598 3419 50 26 this
2659 3421 113 24 valuable
2785 3421 89 27 timber

2326 3465 2 8 '
2335 3469 39 16 are
2386 3463 42 22 cut
2438 3460 74 26 down
2523 3468 74 26 every
2607 3468 60 25 year
2678 3461 52 25 and
2745 3470 33 17 no
2801 3463 73 26 effort

2336 3501 125 26 whatever
2472 3501 22 26 is
2506 3501 73 26 made
2595 3505 26 22 to
2632 3501 98 33 replace
2749 3502 44 27 the
2814 3503 59 27 loss.

2337 3540 45 25 We
2394 3540 74 31 shall,
2476 3540 29 25 in
2515 3549 15 16 a
2541 3541 47 24 few
2599 3548 81 24 years,
2692 3541 64 25 have
2773 3544 27 23 to
2822 3542 52 26 face

2337 3579 41 25 the
2389 3579 49 25 fact
2450 3579 56 25 that
2516 3578 93 26 timber
2626 3578 49 26 will
2686 3580 29 24 be
2731 3587 84 18 scarce
2826 3581 49 24 aud

2335 3628 68 25 dear.
2439 3627 132 25 Anckland
2581 3628 107 33 Liberty.

2431 3678 14 15 #
2513 3678 15 15 *
2596 3678 16 15 *
2678 3678 16 16 *

2370 3722 32 25 In
2413 3730 99 18 woman
2523 3722 50 26 will
2598 3722 30 26 be
2650 3722 80 26 found
2751 3732 69 18 more
2831 3732 42 18 en-

2336 3760 118 32 durance,
2483 3769 70 18 more
2569 3760 49 27 self
2633 3761 116 31 reliance,
2781 3762 50 26 and
2842 3761 33 34 by

2337 3801 40 24 far
2404 3800 44 26 the
2488 3802 96 30 greater
2610 3803 104 23 amount
2742 3800 28 26 of
2798 3800 76 33 quiet,

2337 3839 96 31 patient
2443 3839 127 32 suffering;
2599 3839 52 24 and
2673 3839 105 26 because
2800 3839 75 26 bard-

2338 3877 69 32 ships
2418 3885 42 18 are
2471 3877 120 34 patiently
2604 3879 83 29 borne,
2713 3877 43 26 the
2767 3874 109 29 mistake

2337 3919 23 25 is
2368 3919 67 24 often
2446 3918 144 26 committed
2613 3919 28 24 of
2656 3918 119 33 thinking
2797 3919 46 25 she
2854 3919 23 25 is

2338 3962 90 31 utteily
2438 3961 88 27 devoid
2536 3962 32 31 o
2571 3962 101 31 feeling.
2704 3961 113 33 Perhaps
2832 3962 46 26 her

2339 3999 83 26 sordid
2434 4000 182 33 surroundings
2638 4000 64 25 Lave
2723 4000 89 26 dulled
2821 3999 57 34 Js6t

2338 4040 63 26 keen
2421 4041 164 32 perceptions,
2606 4040 39 26 for
2665 4040 44 26 the
2721 4041 61 25 time
2793 4040 85 34 being.

2372 4140 22 24 A
2403 4140 81 27 desire
2495 4145 28 21 to
2534 4143 44 23 tax
2598 4140 44 26 the
2664 4140 73 26 other
2757 4148 60 18 man
2828 4140 24 26 is
2862 4148 17 18 a

2339 4179 165 31 conspicuous
2543 4179 94 25 feature
2664 4178 29 26 in
2717 4178 160 34 everybody'c

2339 4218 167 26 character.
2506 4218 108 33 'Sydney
2626 4220 118 26 Bulletin.

2434 4268 16 15 #
2518 4261 182 23 *'..*
2768 4270 15 14 #

2372 4318 41 25 Mr
2429 4319 36 25 H.
2482 4318 32 26 B.
2543 4319 105 35 Poland,
2678 4320 70 31 Q.C.,
2770 4320 48 26 has
2841 4329 37 18 re-

2340 4358 63 26 tired
2414 4359 65 25 from
2490 4360 80 25 active
2588 4356 109 35 practice
2715 4363 28 22 at
2753 4361 43 26 the
2812 4361 67 26 Lon-

2340 4400 50 24 don
2411 4398 60 26 Bar.
2512 4399 40 25 No
2574 4399 79 33 living
2673 4401 100 32 pleader
2794 4402 47 24 has
2864 4410 16 17 a

2340 4445 69 16 more
2421 4438 99 24 curious
2531 4440 67 22 store
2613 4439 29 23 of
2660 4440 64 31 legal
2736 4440 143 26 memories.

2341 4478 49 24 His
2401 4478 43 25 life
2461 4478 48 24 has
2526 4478 61 25 been
2604 4481 73 30 spent
2693 4479 29 25 in
2738 4479 43 27 the
2804 4480 89 34 study,

2341 4518 28 25 of
2383 4518 116 32 society's
2510 4525 87 25 seamy
2607 4518 61 27 side,
2703 4512 42 34 tie
2755 4520 23 26 is
2794 4529 17 17 a
2821 4529 59 19 con-

2889 213 88 25 firmed
2991 214 120 29 bachelor,
3129 206 347 47 arij^^^^^^^^^^^^J

2889 254 56 24 that
2956 254 33 25 he
2999 254 46 26 has
3057 261 33 19 no
3109 261 44 17 nee
3154 243 322 51 <^|o^^^^|^|

2884 299 52 18 x>ne
2958 293 61 25 time
3050 293 21 25 it
3093 298 51 19 was
3154 281 322 51 .JJSougbtj^jHr^B

2884 331 101 36 'Ppliand
3004 339 51 18 was
3088 331 28 25 in
3147 330 42 26 die
3219 339 109 25 running
3343 334 46 21 Kf
3408 339 18 20 $,
3435 323 41 34 H

2886 365 143 39 judgesbipi'
3043 367 45 31 bi\i
3098 372 21 25 it
3135 369 42 26 did
3184 374 68 26 {not]
3266 371 57 35 tfke
3342 371 81 39 place.

2981 421 15 14 *
3036 419 123 19 ,#..#
3227 421 14 15 #
3304 421 19 16 *
3448 414 24 19 v

2967 442 8 7 *-
3043 440 4 6 '
3064 444 21 8 -
3123 449 91 4 ....

2922 473 109 26 Further
3039 476 68 30 steps
3119 482 41 17 are
3172 477 26 23 to
3206 477 30 23 be
3248 475 75 25 taken
3330 477 26 24 to
3366 481 59 27 pro^

2889 513 67 23 mote
2968 511 43 26 the
3022 512 146 25 cultivation
3191 513 28 27 of,
3233 513 140 31 sugar-beet
3388 513 3 14 :
3394 514 30 25 in

2890 551 142 30 Tasmania,
3048 552 45 27 the
3107 553 126 31 Southern
3256 553 170 33 Agricultural

2890 590 50 25 and
2950 590 124 26 Pastoral'
3077 591 161 26 'Association
3248 591 94 35 haying
3352 591 113 39 insti-4^

2890 624 71 28 tilted
2970 637 15 16 a
2997 629 96 31 special;
3097 630 160 31 competition
3268 630 90 28 tOithat
3366 623 94 43 eiiay^

2892 661 131 35 twolprizes
3034 659 89 38 o^3d
3133 669 48 22 and
3188 670 51 22 20
3251 658 189 43 bein^o^Eered;

2884 717 4 12 ;
2891 696 38 31 f6r
2939 697 40 30 i&e
2990 703 144 26 cultivation
3145 704 27 25 of
3181 713 46 17 one
3250 695 62 36 acrei
3329 706 27 25 of
3380 706 46 24 the
3434 706 39 20 '>

2892 744 62 28 root,
2970 745 27 23 to
3013 743 16 25 t)
3032 751 13 17 e
3045 739 271 45 ,^^^cated^up6n,
3332 747 27 24 at
3380 746 46 25 the

2892 783 60 22 next
2975 776 191 39 autumn^rapp
3172 786 2 4 '
3192 784 25 24 of
3237 783 49 31 ;th'e
3303 784 124 25 vassocia

2893 821 61 25 tion.
3238 818 101 39 %:**>

2927 906 67 26 That
3004 916 14 15 a
3031 908 85 31 colony
3132 908 59 26 with
3212 910 59 24 less.,
3282 908 147 34 population
3452 907 10 27 /

2894 944 62 25 than
2968 953 15 17 a
2994 946 122 26 moderate
3139 947 67 25 sieed
3227 948 132 31 EJmbpeaii
3376 948 50 31 city

2894 982 89 27 should
2994 984 205 33 requirebid.'less
3210 977 138 41 than^QO*
3362 986 66 26 local

2894 1023 133 31 governing
3038 1023 82 26 bodies
3140 1025 88 25 strikes
3251 1033 15 16 a
3288 1025 87 27 visitor
3398 1034 29 17 as

2895 1061 181 33 extraordinary
3083 1060 54 27 /and
3148 1063 137 33 altogether
3285 1072 17 19 y
3306 1072 121 25 junneces-

2895 1106 64 25 sary.
2994 1100 145 31 Wanganui
3158 1103 121 28 Yeoman^..
3330 1096 23 35 /
3372 1115 43 16 %-.
3421 1122 11 9 v

2967 1212 22 24 A
3007 1196 152 53 MAGNIFICENT
3159 1196 52 53 CITY.

2927 1272 54 28 For,
2999 1282 74 25 many
3092 1283 73 24 years
3196 1275 150 33 religionists
3365 1275 110 38 haV^i

2894 1312 104 26 boomed
3009 1312 139 27 Jerusalem
3160 1323 27 17 as
3199 1315 44 26 the
3254 1304 221 48 greaj;est'ci|yi^

2894 1353 27 24 of
2930 1349 110 29 ancient'
3054 1354 72 26 times
3131 1348 4 36 ',
3164 1356 49 24 and
3235 1355 127 27 Palestine'
3372 1344 103 47 a^|t||||

2895 1391 117 32 kingdom
3026 1394 109 29 superior
3153 1394 27 24 in
3190 1395 154 32 importance
3356 1388 119 34 toMlM*

2895 1431 72 24 other
2993 1432 123 25 countries
3136 1434 27 24 of
3182 1434 44 25 the
3248 1434 79 31 globe.
3340 1439 3 8 '
3456 1432 18 27 (i

2895 1470 72 26 know
2978 1471 56 25 that
3046 1472 126 26 Palestine
3182 1474 22 25 is
3222 1482 16 18 a
3248 1475 187 29 mountainous;
3454 1477 18 23 V

2895 1511 94 32 region,
3008 1512 61 25 with
3080 1513 81 26 arable
3172 1514 71 26 lands
3264 1517 42 24 not
3318 1516 120 29 superior'

2897 1552 25 22 to
2934 1550 128 30 Vermont,-
3080 1550 53 27 that
3155 1552 41 25 the
3225 1552 56 32 holy
3303 1554 59 30 city,
3386 1553 42 25 be-

2897 1599 73 16 cause
2989 1591 28 25 of
3036 1591 33 25 its
3092 1592 62 33 hilly
3381 1595 50 24 and

2897 1632 60 31 deep
2985 1632 100 32 valleys,
3114 1641 74 17 never
3215 1634 118 26 exceeded
3362 1642 67 18 more

2897 1669 63 26 than
2982 1679 49 17 one
3041 1672 60 25 mile
3121 1673 28 24 in
3170 1673 89 32 length
3269 1694 6 7 ,
3281 1674 49 25 and
3341 1675 17 29 f
3380 1674 27 25 of
3416 1681 17 18 a

2897 1708 59 25 mile
2967 1709 26 25 in
3010 1710 110 31 breadth;
3149 1711 56 26 that
3226 1712 64 32 good
3298 1712 137 27 .'statistics

2896 1748 63 28 ians,
2977 1748 88 32 taking
3083 1749 44 25 the
3138 1752 65 23 most
3216 1750 121 32 populous
3360 1751 75 24 cities-

2897 1795 28 18 as
2936 1788 95 32 guides,
3044 1797 41 17 are
3102 1790 27 25 of
3149 1790 43 26 the
3214 1791 101 32 opinion
3330 1792 58 24 that
3398 1791 34 25 its

2897 1831 108 27 greatest
3015 1830 146 29 population
3170 1839 51 16 .was
3232 1839 76 16 never
3330 1834 101 28 greater

2897 1867 61 24 than
2981 1867 99 29 30,000;
3109 1868 56 25 that
3184 1868 30 26 in
3235 1868 59 29 fact,
3329 1869 26 25 dt
3376 1877 57 23 pro-

2897 1903 75 32 bably
2990 1912 73 17 never
3084 1905 58 25 held
3164 1914 76 17 more,
3255 1907 61 24 than
3340 1908 95 28 15,000

2898 1947 147 29 permanent
3056 1947 120 24 residents
3189 1949 26 24 at
3219 1964 3 12 ;
3237 1955 50 24 any
3303 1955 50 18 one
3362 1947 71 29 time;

2899 1982 55 25 that
2965 1983 56 32 they
3034 1992 63 17 were
3108 1984 103 26 without
3223 1994 146 22 commerce,
3386 1985 49 25 .the

2900 2023 58 29 arts,
2981 2022 121 33 learning,
3125 2023 49 26 and
3194 2025 108 31 scarcely
3326 2024 107 26 civilisa-

2899 2060 61 29 tion;
2994 2062 57 24 that
3078 2062 43 24 the
3149 2065 68 30 story
3238 2063 28 25 of
3293 2063 142 26 Solomon's

2901 2101 89 31 temple
3001 2102 21 24 is
3034 2102 91 26 almost
3136 2103 206 33 unquestionably
3350 2103 83 25 fabul-

2901 2149 53 20 ous,
2972 2149 28 17 as
3012 2150 31 16 no
3062 2146 79 22 traces
3163 2143 28 25 of
3208 2143 62 25 such
3282 2152 15 16 a
3309 2143 125 25 structure

2901 2188 45 17 can
2958 2180 30 25 be
3000 2181 85 30 fonnd,
3112 2182 95 33 though
3219 2207 3 2 .
3229 2182 105 33 diligent
3346 2183 88 25 searcli

2901 2218 46 25 has
2958 2220 63 24 been
3033 2220 69 25 made
3116 2220 39 26 for
3165 2221 29 30 it;
3212 2222 63 26 that.
3279 2221 44 25 the
3334 2222 102 25 ancient

2901 2257 153 26 inhabitants
3065 2254 65 30 tived
3150 2259 27 25 in
3195 2260 81 30 small,
3292 2260 148 26 low-roofed

2902 2296 70 31 huts;
2999 2298 56 24 that
3078 2298 43 25 the
3149 2300 88 24 streets
3259 2307 63 17 were
3339 2308 103 17 narrow

2902 2336 76 32 alley-
2981 2346 74 22 ways,
3072 2340 45 23 not
3135 2339 63 25 wide
3218 2340 100 31 enough
3339 2340 38 24 for
3388 2342 53 23 two*

2902 2376 28 26 of
2939 2385 45 17 our
2994 2378 102 25 modern
3114 2379 119 32 carriages
3255 2382 27 23 to
3293 2387 59 25 pass
3363 2380 73 26 with-

2902 2418 44 23 out
2969 2417 124 32 colliding,
3122 2417 57 25 that
3200 2418 59 25 filth
3282 2426 50 17 was
3355 2427 85 24 every-

2902 2456 89 29 where,
3021 2458 48 24 and
3093 2458 44 25 the
3159 2458 71 26 odors
3253 2458 141 33 disgusting
3409 2460 31 24 in

2903 2493 42 26 the
2956 2497 117 24 extreme.
3108 2496 53 25 The
3173 2497 84 26 smells
3268 2497 94 33 arising
3372 2497 66 26 from

2901 2535 43 25 the
2956 2536 81 32 valley
3048 2536 28 25 of
3085 2537 130 29 Himmon,
3233 2537 88 31 always
3331 2537 106 34 reeking

2901 2575 61 26 with
2995 2577 120 32 decaying
3143 2577 89 28 bodies,
3266 2577 82 26 where
3382 2578 54 25 'the

2900 2624 77 17 worm
2988 2617 69 24 dieth
3078 2619 47 24 not
3146 2618 51 24 and
3218 2618 44 25 the
3284 2618 46 26 fire
3351 2618 24 25 is
3391 2620 46 24 not;

2898 2657 142 31 quenched,'
3059 2658 73 25 made
3155 2657 43 26 the
3225 2658 80 25 whole
3332 2659 50 32 city
3403 2658 33 27 in

2900 2702 111 19 summer
3021 2697 71 27 time,
3109 2697 152 30 pestilental.
3287 2721 2 6 t

2933 2735 89 26 Honor
3033 2737 88 32 bright,
3137 2738 64 30 good
3221 2738 93 30 reader,
3332 2739 32 24 do
3384 2743 52 27 yptl

2899 2774 100 25 wonder
3009 2777 27 22 at
3063 2775 44 24 the
3128 2776 140 31 scepticism
3291 2776 69 25 there
3365 2775 72 38 'is-^k

2900 2813 42 26 the
2953 2814 78 25 world
3041 2814 74 26 when
3125 2815 45 25 the
3187 2815 87 33 people
3292 2824 42 17 are
3344 2805 114 46 told^J
3468 2823 5 17 \

2899 2854 42 25 the
2953 2854 109 33 gigantic
3074 2863 62 18 wars
3158 2855 85 33 waged
3268 2848 99 41 againsjj
3367 2846 91 47 &eio

2899 2893 59 32 city;
2975 2893 28 25 of
3011 2891 43 27 the
3064 2896 57 23 vast
3142 2894 155 31 multitudes,
3314 2892 124 36 reaching;

2899 2933 55 26 into
2975 2933 119 32 millions,
3111 2933 57 26 who
3189 2942 64 18 were
3275 2934 161 34 slaughtered
3461 2934 3 8 '

2899 2973 34 32 by
2943 2973 41 26 the
2995 2974 91 25 armies
3102 2974 28 26 of
3144 2973 82 32 Titus,
3253 2975 50 25 else
3392 2976 46 25 led

2902 3013 56 25 into
2975 3015 103 29 slaveryl
3295 3034 3 4 .

2937 3053 54 26 The
3019 3053 91 25 Greeks
3137 3053 71 26 knew
3242 3053 44 27 the
3313 3054 67 26 Jews
3408 3063 31 18 as

2901 3093 104 33 Temple
3027 3093 109 28 robbers.
3169 3094 51 26 Did
3241 3095 61 33 they
3323 3097 54 28 not,
3406 3104 33 17 aa

2900 3133 71 28 such,
2989 3133 64 25 steal
3064 3141 15 17 a
3090 3133 149 32 description
3249 3133 27 25 of
3285 3133 44 25 the
3340 3133 96 32 temple

2901 3172 27 26 of
2948 3172 72 32 Tyre,
3038 3172 51 24 and
3104 3177 26 20 of
3130 3171 50 27 edit
3206 3172 23 26 it
3250 3173 26 25 to
3300 3172 134 26 Solomon?

2902 3212 47 26 We
2960 3212 70 26 know
3042 3212 44 26 the
3108 3212 105 33 Tyrians
3235 3212 50 26 had
3295 3220 16 18 a
3322 3212 115 33 magnifi-
3467 3226 3 19 )

2903 3253 56 24 cent
2970 3252 97 31 temple,
3200 3259 51 19 was
3272 3252 124 26 dedicated
3408 3253 32 25 to

2904 3289 44 25 the
2958 3289 109 32 worship
3066 3281 11 19 7
3088 3289 26 24 of
3135 3288 73 26 Baal.
3243 3289 59 25 Was
3325 3292 44 22 not
3380 3290 58 26 that

2904 3327 90 33 temple
3011 3328 72 25 made
3101 3329 27 24 to
3150 3327 32 26 do
3207 3327 89 27 double
3299 3340 3 11 <
3301 3340 2 11 :
3307 3327 130 33 'dtttr~-.jp

2904 3365 53 27 real
2968 3367 89 24 service
3079 3368 27 23 at
3127 3365 73 33 Tyre,
3226 3365 51 26 and
3293 3365 146 35 imaginary

2905 3404 91 25 service
3013 3405 27 24 at
3056 3403 149 26 Jerusalem?

2939 3443 26 24 A
2975 3443 83 24 recent
3073 3442 86 25 visitor
3180 3443 27 24 to
3229 3442 140 26 Jerusalem
3379 3441 62 28 does

2906 3484 45 23 not
2961 3480 87 34 glorify
3059 3481 43 25 the
3112 3480 102 26 modern
3225 3481 59 32 city.
3318 3481 41 26 He
3371 3488 70 26 says,

2907 3521 34 25 'It
2959 3522 46 24 has
3027 3527 33 19 no
3081 3520 79 30 clubs,
3188 3527 34 19 no
3244 3521 142 28 bar-rooms,
3403 3528 39 18 no

2906 3560 180 33 beer-gardens,
3119 3568 35 17 no
3170 3560 202 29 vconcert-halU,
3379 3567 62 32 gno

2906 3600 118 29 theatres,
3041 3607 34 17 no
3085 3600 197 30 lecture-rooms,
3310 3606 34 19 no
3368 3601 75 31 ]*lace

2906 3639 28 25 of
2951 3640 153 24 amusement
3114 3638 28 26 of
3156 3645 51 25 any
3222 3638 70 29 kind,
3309 3645 34 19 no
3362 3640 81 24 street

2906 3676 87 30 bands,
3020 3683 36 18 no
3078 3675 141 33 wandering
3246 3675 136 30 minstrels,
3405 3683 39 19 no

2906 3716 104 33 wealthy
3020 3724 30 18 or
3071 3720 78 28 upper
3170 3716 99 30 classes,
3280 3740 1 4 ,
3294 3723 34 18 no
3340 3713 110 38 mayoiy:
3462 3731 2 8 .

2906 3764 34 18 no
2951 3755 137 31 alderman,
3098 3763 34 19 no
3143 3763 163 26 newspapers,
3312 3763 39 19 no
3359 3755 81 33 print-

2906 3798 44 31 ing
2959 3805 105 25 presses,
3077 3805 34 17 no
3121 3796 174 26 bookstores
3295 3798 86 30 except
3393 3804 52 18 one

2907 3837 96 30 outside
3013 3836 44 26 the
3073 3836 69 26 walls
3154 3836 38 26 for
3201 3836 44 26 the
3257 3836 51 25 sale
3318 3837 27 24 of
3355 3835 91 26 Bible*

2907 3885 67 18 no
3012 3876 175 32 cheerfulness,
3215 3884 35 19 no
3287 3875 64 28 life.'
3401 3875 44 28 No

2909 3926 48 19 one
2984 3918 76 33 sings,
3085 3925 35 19 no
3146 3925 48 19 one
3211 3918 98 30 dances,
3335 3925 35 19 no
3394 3923 53 20 out

2909 3956 89 33 laughs
3009 3956 29 26 in
3048 3956 153 30 Jerusalem:.'
3206 3970 13 12 >,
3230 3955 214 27 Even.thechild-

2909 4003 45 17 ren
2963 3994 33 26 do
3006 3996 46 24 not
3059 3994 74 33 play.'
3168 3984 153 43 Pfyjfreuive
3325 3991 6 21 l
3330 3987 118 34 %hiiiker+

1142 55 177 33 OXFORD
1365 54 231 34 OBSERVER
1640 54 238 38 SATURDAY,
1943 55 203 33 OCTOBER
2182 59 54 34 2y
2303 57 97 36 195.

2957 4156 7 9 V
2968 4132 139 28 EVENTS
3125 4132 44 27 OP
3186 4132 71 26 THE
3275 4128 114 30 WEEK.

2910 4196 110 35 Monday
3043 4197 48 27 Oot
3112 4198 41 25 26.
3188 4196 86 26 PuWic
3291 4196 110 34 meeting
3419 4198 32 25 at
3470 4203 5 7 '

3010 4240 112 34 Library.
3341 4238 21 38 i

2912 4284 123 34 Tuesday,
3055 4285 56 26 Oct.
3133 4286 40 27 29,
3184 4285 105 33 Library
3310 4292 72 26 open.

2913 4327 157 34 Wednesday
3088 4330 42 24 80.
3152 4329 73 30 Sale,
3230 4330 27 25 at
3276 4328 41 26 Mr
3338 4327 112 31 L.^Grif-

2997 4372 63 26 fiths
3087 4372 147 31 residence,,
3239 4367 26 32 of
3276 4374 118 29 furniture
3405 4374 44 24 &c

2913 4415 140 33 Thursday,
3065 4417 30 24 31

3015 4458 94 36 Ashley
3129 4459 86 27 Water
3238 4459 87 34 supply
3337 4459 97 25 sbard.

2914 4502 102 35 Friday.
3034 4503 64 27 East
3119 4504 90 26 Oxford
3234 4503 72 25 Band
3328 4503 27 25 of
3368 4501 84 33 Hope*

2918 4547 134 40 Saturday,
3069 4548 103 37 Library
3189 4555 71 25 open.
