2540 4020
1183 49 101 31 THE

26 111 454 147 NEW
592 103 874 140 ZEALAND
1580 103 856 140 GAZETTE

1187 271 102 32 AND

17 303 1155 151 WELLINGTON
1288 303 1156 151 SPECTATOR.

2294 535 100 39 [Vol.
2417 536 27 30 1.
2461 569 2 5 ,

25 560 57 32 No.
104 554 64 39 47.]

565 544 132 32 PORT
720 542 288 36 NICHOLSON,
1031 537 263 36 SATURDAY
1315 537 242 39 MORNING,
1579 537 176 34 MARCH
1778 540 31 33 6,
1833 539 88 28 1841.

675 637 114 21 UNION
803 636 101 22 BANK
918 636 46 20 OP
977 632 220 24 AUSTRALIA.

636 670 98 23 London
752 670 92 26 Office,
860 668 45 23 No.
919 670 37 25 3s,
974 668 50 22 Old
1040 667 186 22 Broad-street.

691 703 94 28 Capital,
795 703 123 26 £500,000;
939 701 52 28 paid
999 708 38 20 up,

873 739 110 13 DIRECTORS
988 740 4 12 :

743 764 69 21 George
819 764 38 16 Fife
939 763 50 20 Esq.,

743 785 69 16 Robert
819 785 73 18 Brooks,
903 784 48 20 Esq.,

742 806 61 16 James
812 805 47 16 John
868 805 100 18 Cummins,
976 804 48 20 Esq.,

741 826 69 17 Robert
818 825 96 20 Gardener,
925 825 50 20 Esq.,
987 823 123 19 Mancheiter,

742 847 48 17 John
798 847 52 19 Gore,
861 846 49 20 Esq.,

742 868 49 16 John
798 867 80 17 William
886 866 75 19 Buckle,
967 865 48 21 Esq.,

742 888 96 21 Benjamin
846 888 21 17 E.
873 888 64 19 Lindo,
946 888 47 19 Esq.,

743 909 73 17 Charles
825 908 76 18 Edward
908 908 87 20 Mangles,
1004 907 49 20 Esq.,

743 930 115 20 Christopher
866 929 83 19 Rawson,
958 928 48 20 Esq.,
1018 927 81 20 Halifax,

743 951 79 17 Thomas
829 950 63 19 Sands,
901 950 49 20 Esq.,
958 948 100 21 Liverpool,

743 973 61 16 James
812 971 54 21 Bogle
875 971 64 18 Smith,
945 971 49 19 Esq.,

743 993 61 16 James
812 992 80 17 Ruddell
898 991 57 20 Todd,
964 991 41 20 Esq.

636 1021 86 18 Trustees
728 1026 4 11 :
750 1021 81 16 George
842 1020 57 16 Carr
910 1019 61 18 Glyn,
984 1018 49 20 Esq.,
1043 1018 53 16 John
1109 1016 60 20 Gore,
1179 1015 49 20 Esq.,

785 1041 38 16 and
829 1041 65 16 James
902 1040 16 16 J.
925 1040 102 18 Cummins,
1038 1039 42 19 Esq.

665 1069 82 17 Bankers
753 1074 3 11 :
769 1068 74 17 Messrs.
851 1068 62 18 Glyn,
923 1067 115 18 Hallifax,
1047 1065 71 19 Mills,
1127 1063 37 18 and
1171 1063 29 17 Co.

758 1097 101 20 Secretary:
871 1096 85 16 Samuel
963 1095 93 19 Jackson,
1065 1093 43 20 Esq.

730 1124 80 16 Colonial
817 1124 103 20 Inspector:
932 1122 18 16 J.
958 1122 18 16 C.
984 1121 103 19 M'Laren,
1095 1121 43 19 Esq.

760 1172 71 20 New
849 1170 123 22 Zealand
990 1169 117 21 Branch.

638 1205 54 18 Local
700 1206 91 16 Directors
798 1210 4 11 :
819 1205 45 16 Geo.
877 1204 17 16 S.
906 1204 73 18 Evans,
992 1203 48 20 Esq.,
1054 1202 70 19 D.C.L.,
1137 1201 35 17 and
1184 1201 47 16 Geo.

862 1225 92 19 Hunter,
967 1224 42 20 Esq.

639 1255 98 20 Manager:
749 1253 48 17 John
805 1253 72 19 Smith,
886 1253 48 19 Esq.,
943 1251 37 17 late
987 1251 20 16 of
1016 1251 31 16 the
1055 1249 117 18 Commercial
1179 1248 54 17 Bank

810 1274 21 16 of
840 1273 88 21 England,
940 1272 123 17 Manchester.

753 1301 113 23 Branches
877 1304 24 19 at
915 1300 98 27 Sydney,

917 1327 8 22 I
931 1328 74 21 lobart
1013 1326 77 27 Town,

918 1354 9 22 I
935 1357 132 23 .aunceston,
1079 1352 46 23 and

917 1382 10 21 I
937 1384 35 19 ort
981 1380 81 28 Philip.

642 1418 54 22 Port
706 1416 131 28 Nicholson,
849 1415 79 23 March
938 1416 36 26 24,
984 1416 63 20 1840.
1137 1420 5 10 <

644 1471 92 22 riIHE
753 1471 115 22 Directors
885 1469 26 22 of
925 1469 40 22 the
982 1468 56 22 New
1054 1467 102 23 Zealand
1170 1466 66 22 Land

651 1491 29 30 X
719 1498 118 28 Company
850 1497 84 27 hereby
951 1495 51 28 give
1018 1495 83 26 notice,
1118 1494 49 22 that
1181 1494 55 27 they

642 1525 59 22 have
708 1533 115 14 EFFECTED
833 1531 28 14 AN
873 1530 172 15 ARRANGEMENT
1054 1519 54 24 with
1115 1521 36 22 the
1160 1521 75 21 UniOll

643 1552 66 22 Bank
724 1552 26 21 of
765 1550 122 27 Australia,
904 1550 44 21 No.
966 1551 32 26 38,
1014 1549 46 21 Old
1075 1548 160 25 Broad-street,

644 1579 104 26 London,
758 1579 35 21 for
802 1578 38 21 the
853 1577 169 22 establishment
1036 1576 27 21 of
1075 1582 14 15 a
1106 1574 131 23 BRANCH

644 1606 90 22 BANK
749 1606 35 21 IN
798 1604 72 23 NEW
885 1603 159 27 ZEALAND,
1057 1601 98 28 through
1165 1601 73 22 which

645 1633 37 22 the
691 1633 103 22 business
807 1632 27 21 of
847 1631 38 22 the
902 1630 58 23 New
976 1629 100 22 Zealand
1090 1629 66 21 Land
1172 1629 66 21 Com-

644 1667 61 21 pany
714 1660 45 21 will
767 1660 29 21 be
807 1657 134 24 transacted.
970 1657 48 22 The
1034 1657 114 21 Directors
1165 1655 73 22 there-

645 1688 47 21 fore
702 1685 146 23 recommend
857 1689 23 18 to
897 1684 111 23 Colonists
1024 1683 39 21 the
1080 1683 77 21 Union
1173 1682 65 22 Bank

646 1714 27 21 of
690 1713 115 22 Australia
824 1719 23 15 as
866 1719 28 15 an
920 1710 171 23 establishment
1112 1709 127 28 possessing

646 1740 57 23 their
720 1740 71 22 entire
815 1738 137 27 confidence,
973 1737 44 22 and
1037 1737 50 22 able
1106 1739 23 19 to
1146 1736 93 27 provide

647 1767 125 27 effectually
789 1766 35 22 for
840 1766 37 22 the
892 1764 106 23 financial
1013 1767 71 19 wants
1101 1763 26 22 of
1138 1761 36 24 the
1191 1763 50 22 first

647 1794 135 23 settlement.

817 1833 35 28 By
862 1832 65 23 order
937 1832 28 22 of
974 1832 37 21 the
1021 1831 82 27 Board,

895 1873 86 23 JOHN
995 1872 104 27 WARD,
1117 1872 123 26 Secretary.

648 1916 56 22 New
715 1915 101 22 Zealand
826 1914 75 26 Land'
901 1914 135 26 Company's
1045 1912 80 27 Office,

676 1945 19 25 1,
707 1942 160 26 Adam-street,
879 1940 105 28 Adelphi,
994 1940 55 23 27th
1058 1940 69 26 Aug.,
1138 1940 62 21 1839.

809 1997 50 20 EX

651 2031 92 22 nnHE
758 2030 229 23 UNDERSIGNED
1011 2029 57 22 have
1087 2027 106 23 received
1212 2034 29 15 an

657 2056 31 25 X
726 2061 135 19 assortment
870 2057 26 21 of
903 2057 108 26 blankets,
1019 2057 59 26 10-4,
1087 2057 45 26 9-4,
1142 2054 44 22 and
1197 2055 43 26 8-4,

650 2086 24 21 in
684 2085 70 22 bales.

679 2112 81 27 Heavy
771 2114 76 19 cotton
857 2118 60 20 rugs,
926 2110 63 27 large
999 2109 53 27 size,

679 2141 41 20 100
734 2139 49 22 doz.
795 2138 84 28 striped
889 2137 74 28 shirts,

680 2166 92 21 Fustian
784 2169 109 22 trowsers,

680 2193 106 27 Superior
794 2192 112 22 moleskin
917 2191 62 26 ditto,

680 2222 10 19 1
708 2227 50 14 case
767 2220 79 27 prints,
857 2218 78 22 choice
943 2220 107 25 patterns,

680 2248 11 21 1
709 2246 55 22 ditto
775 2246 47 22 fine
832 2245 103 27 shirting,

681 2275 10 20 1
709 2273 56 22 ditto
776 2280 66 20 curry
852 2272 97 28 powder,

682 2300 96 22 Manilla
786 2299 57 27 hats,
856 2297 107 24 coloured
972 2300 169 25 counterpanes,
1157 2297 87 26 braces,

654 2328 73 21 men's
746 2326 72 27 socks,
836 2326 107 21 women's
953 2325 120 26 stockings,
1092 2323 73 22 men's
1181 2323 63 28 ditto,

654 2354 70 27 pipes,
736 2354 48 26 &c,
794 2354 25 21 in
827 2352 99 22 addition
942 2355 24 18 to
981 2351 57 22 their
1053 2351 84 21 former
1151 2349 63 23 stock
1224 2358 21 19 o,

654 2381 47 22 Tea
726 2380 24 21 in
781 2380 73 21 chests
873 2379 45 21 and
936 2378 52 22 half
1008 2378 62 27 ditto,
1106 2377 78 22 brown
1206 2377 45 21 anf

655 2407 68 22 white
734 2414 83 20 sugars,
836 2409 101 19 currants
946 2405 25 22 in
981 2405 57 21 801b.
1053 2405 62 26 kegs,
1131 2403 116 23 Wiltshird

655 2434 88 26 cheese,
754 2433 91 27 pickles,
856 2432 108 27 mustard,
971 2432 98 27 vinegar,
1077 2431 87 22 bottled
1170 2431 78 21 fruitse

656 2469 57 19 soup
723 2460 46 22 and
777 2460 86 26 bouilli,
873 2460 131 26 lime-juice,
1016 2459 70 24 hams,
1096 2459 80 26 butter,
1195 2457 53 22 cho-

656 2488 80 26 colate,
747 2488 49 21 loaf
807 2494 73 20 sujar,
892 2486 98 28 allspice,
1012 2485 77 22 mixed
1104 2485 67 28 spice,
1181 2484 68 22 black

656 2522 85 20 pepper
750 2515 22 21 in
783 2515 61 26 bags,
861 2513 59 22 table
931 2513 46 21 and
987 2519 66 20 cargo
1063 2512 53 27 rice,
1135 2512 45 21 fine
1190 2511 59 22 flour

657 2542 58 21 from
734 2541 97 22 colonial
845 2540 80 26 wheat,
944 2542 120 19 arrowroot
1080 2539 23 21 in
1122 2546 67 19 cases,
1207 2538 44 21 salt

657 2568 56 22 beef
724 2568 45 22 and
785 2568 57 27 tripe
863 2567 27 22 of
910 2567 45 21 last
973 2566 72 27 year's
1064 2565 86 27 curing,
1177 2565 72 27 prime

658 2595 57 28 pork
723 2595 24 22 in
756 2594 67 23 hhds.
832 2594 102 27 recently
944 2593 79 26 salted,
1040 2600 81 20 square
1131 2593 29 26 fig
1174 2592 77 21 tobac-

660 2629 27 14 co
695 2622 23 21 in
724 2622 86 26 tierces,
824 2621 74 22 Brazil
910 2620 92 22 tobacco
1007 2620 25 21 in
1038 2619 81 22 lOOlbs.
1132 2618 118 28 packages,

661 2649 97 22 Manilla
774 2648 79 28 cigars,
870 2648 62 21 dates
948 2647 24 22 in
986 2647 54 26 jars,
1057 2646 58 28 pilot
1130 2645 60 22 cloth
1207 2643 44 24 and

660 2676 130 21 Petersham
800 2678 63 24 great
873 2678 67 23 coats,
958 2674 117 21 velveteen
1085 2672 46 22 and
1141 2672 110 22 moleskin

660 2702 104 27 shooting
783 2706 67 23 coat?,
876 2701 112 27 superfine
1012 2703 88 18 surtout
1124 2699 44 22 and
1190 2699 62 21 dress

661 2733 68 22 coats,
749 2728 111 23 buckskin
879 2728 60 22 cloth
960 2732 108 21 trowsers,
1094 2727 68 27 fancy
1183 2729 67 23 vests,

660 2756 81 22 shawls
751 2756 44 21 and
805 2758 94 24 cravats,
910 2754 111 23 moleskin
1031 2753 45 22 and
1087 2753 54 22 cord
1155 2753 95 27 jackets,

661 2783 85 22 flannel
751 2782 94 28 jackets,
854 2782 71 23 men's
930 2786 78 22 strong
1014 2780 80 23 winter
1097 2780 60 27 hose,
1166 2782 86 25 regatta

661 2810 73 27 shirts,
746 2809 82 23 Scotch
838 2817 58 20 caps,
907 2808 78 23 ladies
995 2809 103 25 bonnets,
1117 2807 59 22 duck
1186 2810 66 17 trow-

661 2844 54 20 sers,
741 2844 54 20 grey
819 2836 77 27 calico,
923 2835 77 27 check,
1027 2834 77 23 chintz
1122 2833 129 27 furnitures,

661 2864 122 26 carpeting,
793 2862 109 28 bed-tick,
913 2862 42 23 sail
973 2868 100 20 canvass,
1092 2860 66 27 duck,
1176 2860 75 27 twine,

662 2890 72 22 men's
743 2890 64 22 boots
817 2890 45 21 and
871 2890 72 26 shoes,
955 2888 149 28 gentlemen's
1114 2887 139 26 Wellington

661 2918 73 26 boots,
744 2916 67 23 black
820 2916 98 27 holland,
927 2916 70 22 scales
1005 2914 46 23 and
1057 2914 100 28 weights,
1164 2914 89 21 Briran-

662 2944 39 21 nia
718 2944 70 21 metal
803 2947 37 18 tea
856 2943 45 22 and
919 2943 138 27 coffee-pots,
1073 2940 118 28 japanned
1207 2940 49 21 and.

662 2970 69 22 block
750 2971 33 21 tin
802 2970 64 26 ditto,
886 2970 92 21 tinware
997 2968 27 23 of
1098 2967 154 27 descriptions,

663 2996 78 23 Dutch
751 2996 82 28 clocks,
843 2996 70 28 locks,
923 2996 136 26 hand-saws,
1069 2998 110 19 cross-cut
1190 2994 62 25 ditto,

664 3024 61 21 table
735 3023 80 22 knives
825 3023 45 22 and
878 3023 61 22 forks
950 3023 24 22 in
993 3026 44 18 sets
1047 3022 107 32 superior,
1171 3020 83 28 pocket

663 3050 88 27 knives,
762 3057 105 15 common
877 3049 62 28 ditto,
950 3049 99 28 pruning
1058 3048 65 27 ditto,
1139 3047 115 22 butcher's

665 3077 64 32 djtto,
739 3084 84 20 razors,
833 3076 97 27 scissors,
946 3075 146 27 tomahawks,
1108 3082 60 19 axes,
1179 3074 75 27 adzes,

665 3104 112 27 pickaxes,
788 3104 113 27 grubbing
910 3103 61 27 hoes,
988 3102 85 28 garden
1088 3102 61 27 hoes,
1167 3101 86 27 spades,

666 3130 94 28 shovels,
771 3131 119 27 iron-pots,
902 3137 129 21 saucepans,
1040 3129 89 27 boilers,
1137 3132 117 23 stewpans,

664 3165 42 19 rag
725 3160 82 24 stones,
828 3157 82 22 double
922 3156 116 24 .barrelled
1058 3155 53 22 flint
1125 3162 65 20 guns,
1208 3161 46 20 gun

668 3191 59 21 caps,
737 3184 56 22 bells
802 3184 36 21 for
848 3184 74 26 cattle,
934 3191 54 19 soap
996 3183 25 22 in
1031 3183 77 25 boxes,
1124 3182 78 22 brown
1211 3181 47 22 and

668 3211 66 22 white
744 3210 106 22 Windsor
859 3210 94 22 scented
963 3217 59 21 soap,
1035 3208 99 27 candles,
1151 3212 44 18 two
1206 3210 51 19 tons

668 3238 26 21 of
700 3237 63 27 nails,
775 3237 123 27 consisting
909 3237 25 22 of
944 3238 21 26 3,
976 3238 19 24 4,
1007 3237 21 27 5,
1039 3237 20 25 6,
1076 3236 20 26 7,
1113 3237 33 25 10,
1163 3236 33 26 18,
1212 3234 46 22 and

667 3264 77 26 241b5.,
760 3264 61 27 clasp
840 3264 64 26 nails,
925 3265 26 20 10
969 3263 45 22 and
1032 3262 78 27 161b5.,
1134 3269 49 14 rose
1193 3261 63 27 ditto,

669 3290 80 22 hurdle
761 3291 65 27 nails,
837 3290 96 28 flooring
948 3290 74 27 brads,
1039 3289 67 22 horse
1124 3288 64 27 nails,
1205 3288 54 21 boat

669 3317 65 27 nails,
754 3317 81 22 timber
852 3317 65 27 nails,
938 3317 78 27 sprigs,
1040 3316 49 22 lath
1108 3315 45 22 and
1171 3312 88 29 shingle

669 3344 65 26 nails,
745 3344 81 28 spikes,
835 3346 21 25 4,
873 3344 21 26 5,
910 3344 46 21 and
971 3345 13 20 6
997 3342 61 28 inch,
1077 3344 15 20 4
1111 3342 46 22 and
1173 3343 14 20 5
1205 3341 55 22 inch

670 3370 57 22 solid
735 3370 77 28 heads,
823 3371 34 22 for
866 3370 158 28 shipbuilding,
1033 3370 48 26 bar,
1098 3369 48 27 rod,
1165 3368 45 23 and
1219 3368 42 21 flat

669 3398 59 26 iron,
739 3397 59 28 hoop
814 3398 56 26 iron,
888 3397 68 22 white
965 3397 57 27 lead,
1042 3397 66 27 paint
1122 3396 36 27 oil,
1176 3395 84 28 Epsom

671 3424 59 26 salts,
741 3424 101 27 Taylor's
854 3424 78 21 brown
950 3426 60 20 stout
1026 3423 45 22 and
1088 3426 77 24 strong
1174 3422 42 27 ale,
1235 3422 24 21 in

671 3450 73 26 hhds.,
756 3450 78 28 sherry
842 3451 24 22 in
884 3450 102 28 draught,
1004 3450 71 23 claret
1089 3450 26 21 in
1125 3449 49 22 doz.
1190 3455 69 20 cases,

671 3476 173 27 hearth-stones,
861 3477 149 27 grindstones,
1028 3476 159 26 earthenware,
1206 3476 57 21 win-

673 3503 48 22 dow
729 3504 64 27 glass,
804 3504 82 21 timber
896 3504 25 21 of
927 3502 38 25 iffll
979 3504 155 28 descriptions,
1144 3502 35 23 for
1188 3502 75 22 build-

672 3530 46 27 ing.

939 3556 37 23 W.
991 3558 26 21 B.
1033 3557 96 22 Rhodes
1139 3555 45 24 and
1194 3556 39 21 Co.

699 3590 58 22 New
765 3591 72 27 Store,
847 3590 195 29 Taranaki-place.

675 3644 90 49 THE
793 3645 229 23 UNDERSIGNED
1050 3645 87 27 having
1158 3643 106 23 received

750 3671 85 22 several
844 3671 147 28 applications
1000 3672 129 26 respecting
1136 3671 37 23 the
1179 3671 85 26 impor-

675 3698 69 22 tation
755 3699 26 21 of
792 3697 67 23 cattle
869 3697 46 23 and
923 3698 76 26 sheep.
1037 3698 86 22 Should
1131 3705 13 15 a
1151 3697 114 23 sufficient

669 3723 108 30 'quantity
787 3725 61 26 offer,
868 3725 94 27 Captain
973 3725 91 22 Rhodes
1079 3725 46 21 will
1135 3723 96 26 proceed
1239 3727 24 17 to

674 3751 37 23 the
722 3751 81 28 colony
810 3752 27 21 of
847 3751 56 22 New
915 3751 70 22 South
1000 3752 83 26 Wales,
1099 3758 46 15 ana
1162 3750 102 28 superin-

675 3778 54 22 tend
752 3779 38 21 the
814 3777 106 23 selection
944 3778 46 22 and
1012 3778 115 28 shipment
1144 3777 27 22 of
1201 3777 63 21 them

674 3805 136 28 personally.

930 3831 38 23 W.
982 3831 27 23 B.
1023 3831 96 23 Rhodes
1137 3830 45 23 and
1196 3830 40 22 Co.

674 3889 92 48 JUST
781 3889 134 26 OPENED,
931 3889 90 22 various
1035 3888 68 22 kinds
1118 3888 27 22 of
1162 3887 103 22 WRAP-

737 3915 79 22 PING
829 3916 109 22 PAPER.

726 3950 94 20 GMiitte
856 3946 80 30 Office,'
946 3950 54 21 Dec.
1012 3950 33 24 24,
1057 3950 61 20 1840.

75 648 80 24 NEW
173 643 169 24 ZEALAND
361 639 186 23 COMPANY.

121 680 117 27 £100,000,
254 677 24 22 in
286 677 55 21 4000
351 674 82 22 Shares
443 673 26 21 of
480 672 47 22 £25
538 670 64 29 each,

25 701 9 10 J
50 700 11 15 v
236 704 31 22 all
275 703 54 28 paid
337 709 38 20 up.

147 742 100 16 Governor:
262 738 75 16 Joseph
344 736 71 18 Somes,
425 735 43 20 Esq.

79 769 178 24 Deputy-Governor:
268 765 49 17 Hon.
322 763 73 18 Francis
403 762 73 20 Baring,
485 761 53 19 M.P.,

248 795 110 14 directors
363 796 5 11 :

98 824 87 18 Viscount
191 822 88 20 Ingestre,
287 820 53 19 M.P.,

99 846 46 18 Lord
153 844 57 18 Petre,

99 867 61 19 Henry
167 865 22 16 A.
196 862 94 22 Aglionby,
298 861 49 20 Esq.,
355 860 54 19 M.P.,

98 888 47 17 John
153 885 81 18 Ellorker
240 882 89 18 Boulcott,
341 881 48 21 Esq.,

99 908 49 18 John
154 906 79 17 William
238 902 75 20 Buckle,
319 902 48 20 Esq.,

101 928 71 19 Kussell
179 926 62 19 Ellice,
250 925 48 19 Esq.,

100 951 59 17 James
167 948 66 17 Robert
240 945 71 19 Gowen,
320 944 49 20 Esq.,

100 971 47 17 John
154 969 53 18 Hine,
216 967 48 20 Esq.,

101 990 77 19 ■William
184 989 54 18 Hutt,
246 987 48 20 Esq.,

101 1013 73 17 Stewart
181 1008 127 21 Majoribanks,
320 1006 49 21 Esq.,

101 1031 100 20 Alexander
208 1029 61 19 Nairn,
278 1029 49 19 Esq.,
342 1043 5 5 r

101 1054 47 17 John
155 1051 52 19 Pirie,
215 1051 47 19 Esq.,
270 1049 105 18 Alderman,

102 1075 27 17 Sir
136 1075 66 18 George
209 1070 81 19 Sinclair,
299 1069 56 19 Bart.,
362 1069 54 19 M.P.,

101 1096 47 16 John
155 1093 43 17 Abel
206 1091 63 19 Smith,
278 1091 49 19 Esq.,
337 1089 54 19 M.P.,

102 1117 46 16 Wm.
158 1115 109 19 Thompson,
282 1111 48 20 Esq.,
344 1110 106 18 Alderman,
465 1110 55 17 M.r.,

102 1138 47 16 Hon.
156 1133 95 19 Frederick
258 1132 36 17 Jas.
302 1130 120 20 Tollemache,
433 1128 54 21 M.P.,

104 1157 73 18 Edward
185 1156 20 16 G.
212 1152 104 20 Wakefield,
322 1152 37 20 Esq
366 1162 5 9 ,

103 1180 27 16 Sir
137 1178 63 18 Henry
206 1175 60 18 Webb,
275 1174 57 19 Bart.,

102 1199 67 17 Arthur
176 1196 64 19 Willis,
248 1196 49 19 Esq.,

105 1221 65 19 George
178 1216 95 18 Frederick
281 1215 70 20 Young,
360 1214 43 20 Esq.

164 1246 100 18 Secretary:
276 1243 53 16 John
336 1241 70 19 Ward,
415 1240 43 20 Esq.

28 1276 85 26 rpHE
120 1274 59 22 main
189 1273 96 21 features
293 1270 26 21 of
324 1269 38 22 the
370 1272 84 23 system
462 1266 27 22 of
496 1265 113 23 coloniza-

34 1292 28 35 J_
96 1303 46 21 tion
153 1298 94 29 adopted
255 1298 30 26 by
295 1296 37 22 the
345 1296 125 26 Company,
487 1296 47 23 are;
534 1305 31 4 —
567 1293 40 26 Ist,

28 1332 34 21 the
72 1329 43 23 sale
124 1328 25 22 of
157 1326 72 26 lands,
243 1328 23 18 at
280 1331 28 14 an
322 1322 100 23 uniform
436 1320 47 22 and
496 1320 114 22 sufficient

29 1359 65 24 price;
112 1354 43 23 and
167 1353 75 26 2ndly,
259 1350 37 22 the
312 1349 154 28 employment
482 1348 26 20 of
520 1354 15 14 a
546 1348 63 32 large

28 1385 82 24 portion
120 1382 24 22 of
150 1381 36 22 the
195 1378 208 29 purchase-money,
415 1382 25 15 as
450 1382 29 14 an
490 1376 120 24 Immigra-

29 1413 44 21 tion
81 1409 70 23 Fund.
178 1408 29 21 In
217 1406 61 21 these
287 1406 104 25 respects,
408 1402 39 21 the
456 1401 121 28 principles
588 1401 25 21 of

29 1437 65 24 South
106 1434 111 24 Australia
230 1432 57 22 have
302 1431 58 22 been
374 1428 107 23 followed
493 1435 24 15 as
531 1428 79 27 nearly

29 1473 22 14 as
69 1465 165 21 circumstances
248 1458 80 27 would,
348 1457 24 21 in
387 1456 38 22 the
443 1458 93 25 present
551 1461 59 20 case,

31 1491 82 28 permit.

54 1524 45 22 The
113 1521 69 29 grand
196 1521 73 26 object
283 1518 27 22 of
323 1517 39 23 the
377 1524 58 19 new,
449 1523 25 15 or
485 1515 125 28 improved,

31 1555 77 24 system
118 1550 25 21 of
153 1549 36 22 the:
200 1545 95 30 disposal
309 1545 26 22 of
352 1543 98 23 colonial
462 1543 74 26 lands,
553 1543 19 21 is
588 1545 23 18 to

30 1578 93 26 regulate
137 1576 37 21 the
188 1573 78 29 supply
282 1572 26 22 of
323 1579 51 15 new
387 1570 63 26 land,
465 1570 32 27 by
512 1570 38 20 the
564 1569 48 21 real

31 1608 66 19 wants
108 1603 24 22 of
146 1603 36 22 the
198 1600 115 25 Colonists,
329 1606 24 14 so
368 1597 49 23 that
431 1597 40 21 the
485 1597 55 21 land
555 1597 58 21 shall

32 1639 63 15 never
111 1630 28 21 be
156 1629 70 22 either
243 1625 190 29 superabundant,
454 1631 26 14 or
499 1624 112 26 deficient,

31 1658 67 23 either
113 1660 35 18 too
163 1656 76 25 cheap,
257 1661 25 15 or
300 1658 37 16 too
356 1652 59 22 dear.
455 1651 23 21 It
494 1650 43 22 has
553 1650 60 21 been

32 1685 72 22 shown
113 1684 46 21 that
168 1683 37 21 the
215 1684 42 20 due
269 1679 129 29 proportion
412 1679 105 21 between
533 1677 80 28 people

33 1712 43 22 and
81 1710 51 23 land
139 1717 49 20 may
193 1710 28 21 be
229 1707 126 26 constantly
360 1705 94 23 secured
461 1705 31 27 by
497 1705 117 21 abandon-

33 1740 37 26 ing
79 1738 34 22 the
123 1737 36 22 old
167 1740 83 24 system
261 1735 25 21 of
297 1741 96 18 grants,
404 1732 46 22 and
459 1731 117 28 requiring
585 1738 29 14 an

33 1766 94 21 uniform
135 1764 60 28 price
203 1770 39 21 per
252 1768 56 21 acre,
323 1761 35 21 for
367 1757 29 25 all
405 1766 51 15 new
464 1758 75 27 lands,
549 1757 66 23 with-

38 1791 163 27 outexception.
229 1789 25 22 If
264 1788 37 22 the
311 1788 61 27 price
381 1787 29 21 be
424 1789 40 19 not
479 1789 38 18 too
532 1784 50 28 low,
598 1785 18 21 it

35 1819 70 22 deters
112 1817 131 29 speculators
252 1815 58 22 from
324 1813 119 27 obtaining
455 1812 63 27 land,
535 1810 53 24 with
603 1820 13 14 a

35 1846 53 22 view
94 1849 24 18 to
126 1844 88 27 leaving
222 1843 58 21 their
287 1844 105 30 property
401 1841 23 21 in
436 1848 14 14 a
461 1840 76 21 desert
548 1843 66 24 state,

36 1873 44 22 and
88 1872 51 22 thus
152 1873 102 25 prevents
262 1869 110 27 injurious
381 1867 125 28 dispersion
513 1874 5 19 ;
534 1866 17 22 it
560 1866 54 27 also,

38 1900 26 28 by
73 1898 129 28 compelling
209 1904 66 20 every
281 1896 104 22 labourer
392 1898 23 18 to
423 1893 62 23 work
492 1893 36 22 for
536 1900 79 20 wages,

34 1926 55 23 until
97 1926 28 21 he
134 1926 40 21 has
182 1923 67 23 saved
262 1923 37 21 the
309 1922 54 27 only
372 1928 80 15 means
462 1921 27 21 of
500 1921 117 26 obtaining

34 1953 58 26 land,
102 1953 83 22 insures
200 1958 12 15 a
227 1950 79 28 supply
320 1949 26 22 of
356 1949 80 22 labour
450 1947 36 23 for
500 1947 56 21 hire.
586 1947 28 26 If,

37 1987 27 15 on
74 1980 34 21 the
119 1979 60 22 other
188 1977 67 26 hand,
270 1977 37 21 the
317 1976 61 28 price
386 1975 28 22 be
425 1978 41 18 not
476 1978 37 18 too
523 1973 62 28 high,
600 1974 18 21 it

36 2006 82 23 neither
127 2005 104 25 confines.
233 2004 36 21 the
280 2004 86 21 settlers
381 2002 78 22 within
474 2009 14 14 a
502 2008 66 21 space
583 2001 35 21 in-

38 2032 150 28 conveniently
203 2038 92 19 narrow,
311 2037 42 14 nor
368 2029 54 22 does
436 2029 19 21 it
469 2031 97 25 prevent
580 2027 37 22 the

38 2060 72 28 thrifty
123 2060 101 21 labourer
237 2058 57 21 from
308 2056 120 27 becoming
443 2063 13 14 a
466 2055 151 26 land-owner,

39 2088 53 21 after
101 2086 97 26 working
207 2092 59 15 some
277 2085 54 20 time
340 2084 35 21 for
384 2090 82 20 wages.

67 2122 18 20 A
101 2120 114 27 sufficient,
231 2119 41 21 but
290 2121 39 19 not
347 2125 63 14 more
429 2117 56 21 than
506 2116 114 22 sufficient

38 2148 57 26 price
106 2148 33 21 for
151 2147 29 21 all
192 2154 48 14 new
254 2145 61 27 land,
330 2145 19 21 is
363 2144 39 22 the
418 2144 62 22 main
496 2144 86 21 feature
598 2142 25 22 of

40 2175 36 21 the
92 2182 48 14 new
154 2177 81 24 system
249 2173 26 21 of
291 2171 157 22 colonization.
482 2170 23 22 It
520 2170 101 21 obviates

40 2208 63 19 every
114 2208 81 20 species
209 2199 26 23 of
247 2199 101 27 bondage
355 2206 5 19 ;
379 2198 31 27 by
424 2197 122 28 providing
560 2204 61 14 com-

40 2227 83 23 binable
132 2227 83 27 labour,
225 2227 18 21 it
251 2225 90 23 renders
349 2225 105 27 industry
461 2232 55 20 very
525 2224 96 28 produc-

40 2255 49 26 tive,
101 2254 42 22 and
151 2253 117 23 maintains
276 2253 56 21 both
339 2252 55 27 high
409 2259 82 19 wages,
508 2250 45 22 and
567 2250 55 28 high

41 2281 82 27 profits;
145 2281 16 21 it
176 2280 76 22 makes
269 2279 38 22 the
325 2279 81 27 colony
422 2286 25 14 as
463 2278 118 21 attractive
599 2285 23 14 as

41 2307 98 28 possible,
153 2307 52 22 both
220 2310 23 18 to
257 2306 121 28 capitalists
393 2305 46 21 and
454 2308 23 18 to
491 2304 130 26 labourers;

41 2335 42 21 and
92 2338 40 18 not
139 2333 82 28 merely
231 2337 22 18 to
262 2333 68 27 these,
343 2333 41 21 but
393 2332 55 27 also,
458 2332 31 27 by
498 2331 126 26 bestowing

41 2369 28 13 on
83 2361 36 21 the
130 2361 84 27 colony,
230 2360 37 22 the
276 2361 74 21 better
363 2359 120 21 attributes
497 2358 28 21 of
541 2365 29 14 an
586 2358 38 21 old

40 2388 87 27 society,
138 2392 21 17 to
167 2387 62 22 those
236 2387 49 21 who
291 2387 57 21 have
356 2394 13 13 a
376 2386 92 21 distaste
475 2386 36 20 for
517 2384 62 22 what
583 2384 41 22 has

40 2415 119 21 heretofore
168 2415 58 21 been
235 2414 36 22 the
285 2413 112 28 primitive
408 2412 118 23 condition
537 2412 26 21 of
574 2419 50 14 new

43 2441 101 22 colonies.

68 2468 45 22 The
121 2471 61 24 great
191 2467 72 28 object
273 2467 25 21 of
308 2467 37 21 the
355 2466 60 29 price
424 2466 20 22 is
457 2469 23 19 to
494 2472 80 15 secure
586 2464 40 22 the

43 2499 56 17 most
107 2495 104 22 desirable
221 2494 139 28 proportions
367 2494 103 21 between
484 2492 81 28 people
581 2492 45 22 and

43 2521 51 22 land
101 2530 5 18 ;
120 2523 39 21 but
167 2521 37 22 the
214 2521 52 28 plan
276 2523 40 19 has
325 2521 37 21 the
369 2520 88 22 further
462 2519 74 23 result
542 2519 27 21 of
575 2526 51 21 pro-

45 2548 78 27 ducing
133 2556 14 14 a
155 2555 102 19 revenue,
272 2547 72 22 which
359 2547 46 21 will
419 2549 42 19 not
476 2546 55 27 only
545 2546 82 27 supply

45 2575 36 21 the
92 2575 101 28 requisite
206 2575 66 27 profit
285 2577 23 19 to
322 2574 38 22 the
375 2573 157 23 shareholders
546 2573 27 21 of
588 2573 38 21 the

47 2602 116 31 Company,
185 2601 42 22 but
248 2601 110 21 furnishes
381 2600 37 22 the
441 2607 81 15 means
539 2600 36 21 for
599 2606 29 15 an

47 2627 149 28 Immigration
205 2628 70 27 Fund,
277 2640 31 5 —
309 2635 13 14 a
329 2627 57 22 fund
393 2627 129 28 constantly
530 2626 99 28 applica-

45 2655 36 22 ble
95 2659 23 17 to
133 2655 36 21 the
185 2662 92 21 purpose
294 2655 25 21 of
330 2654 108 27 bringing
452 2654 82 22 labour
549 2657 30 27 to_
589 2653 39 21 the

47 2681 76 28 colony
123 2694 32 5 —
156 2682 47 21 that
215 2682 25 27 is,
256 2682 24 21 in
296 2681 93 27 causing
405 2681 38 21 the
460 2681 51 21 best
529 2688 57 14 sort
606 2680 25 21 of

47 2708 143 22 colonization
200 2712 22 18 to
231 2708 94 32 proceed
334 2711 24 19 at
367 2708 38 22 the
419 2711 99 24 greatest
530 2707 98 28 possible

46 2739 52 17 rate.
125 2735 53 22 And
185 2735 43 22 this
233 2743 19 14 is
259 2735 36 22 the
304 2735 82 22 second
394 2735 89 21 feature
494 2734 26 22 of
531 2733 38 23 the
579 2741 50 15 new

47 2765 87 24 system.

73 2794 45 23 The
128 2795 148 28 employment
285 2796 26 21 of
325 2795 38 22 the
376 2794 213 29 purchase-money,
606 2801 25 14 or

48 2820 36 23 the
92 2822 106 28 principal
206 2826 49 24 part
264 2822 26 22 of
299 2822 24 26 it,
333 2822 24 22 in
367 2822 129 28 conveying
505 2821 87 22 settlers
607 2824 22 18 to

48 2848 36 22 the
94 2849 84 27 colony,
188 2849 40 22 has
236 2849 37 22 the
283 2849 113 27 following
406 2848 84 23 effects.
520 2848 22 21 It
553 2847 78 22 makes

49 2874 36 22 the
98 2875 128 27 purchasers
239 2876 25 21 of
279 2876 54 21 land
346 2883 36 14 see
397 2875 95 28 plainly,
508 2874 49 22 that
572 2874 59 22 their

50 2907 78 21 money
138 2902 41 21 will
188 2902 28 21 be
225 2902 104 22 returned
337 2902 25 22 in
376 2902 38 21 the
427 2902 70 28 shape
511 2902 26 21 of
550 2902 81 21 labour

50 2928 43 21 and
101 2928 133 28 population.
262 2929 22 22 It
293 2928 71 28 tends,
379 2929 24 22 in
412 2929 53 27 fact,
482 2932 23 18 to
514 2928 69 22 lower
593 2928 38 21 the

50 2961 112 21 necessary
180 2955 104 22 standard
302 2956 25 21 of
342 2956 68 27 price,
426 2956 105 26 because,
548 2954 56 23 with
618 2962 14 15 a

51 2984 100 19 constant
156 2982 72 22 influx
237 2982 25 21 of
272 2982 78 27 people
360 2986 22 18 to
393 2982 38 22 the
441 2982 90 28 colony,
540 2982 38 21 the
589 2982 43 21 due

51 3009 225 25 proportionbetween
283 3014 79 22 people
369 3008 45 22 and
420 3009 56 22 land
483 3016 53 20 may
541 3008 30 22 be
578 3008 55 28 kept

52 3041 28 20 up
88 3037 29 29 by
127 3042 14 14 a
148 3035 66 22 lower
221 3036 67 27 price,
299 3036 56 21 than
362 3036 22 21 if
394 3035 64 22 there
468 3043 59 14 -were
537 3042 30 15 no
577 3035 55 22 such

52 3060 144 28 immigration
202 3078 5 5 .
226 3064 22 20 It
257 3062 108 22 therefore
372 3062 132 23 diminishes
511 3062 37 21 the
555 3062 79 28 period

54 3087 76 28 during
139 3088 70 22 which
218 3088 37 23 the
262 3090 103 21 labourer
379 3092 61 19 must
451 3089 62 22 work
527 3088 35 23 for
577 3088 56 28 hire,

54 3114 41 21 and
104 3114 29 28 by
142 3114 36 23 the
191 3116 63 27 rapid
266 3123 101 19 progress
382 3116 74 22 which
469 3116 20 23 it
501 3116 95 28 imparts
610 3118 24 19 to

54 3140 34 22 the
97 3141 48 22 best
154 3145 44 18 sort
206 3142 26 22 of
242 3143 154 27 colonization,
411 3143 20 21 it
445 3142 103 28 explains
562 3145 24 19 to
596 3142 38 22 the

54 3167 111 27 labouring
174 3168 55 23 class
239 3169 25 21 of
269 3169 146 27 immigrants,
426 3169 51 22 that
485 3177 68 19 every
561 3176 44 15 one
613 3168 26 22 of

55 3193 58 22 them
125 3194 47 22 who
188 3195 19 22 is
220 3196 135 21 industrious
371 3196 46 21 and
433 3196 87 27 thrifty,
537 3203 54 19 may
606 3196 29 21 be

54 3227 48 15 sure
111 3224 21 18 to
141 3222 90 21 become
243 3226 40 18 not
295 3222 86 28 merely
395 3230 30 14 an
440 3229 77 16 owner
532 3222 26 22 of
573 3222 62 26 land,

55 3247 38 21 but
108 3247 45 22 also
167 3248 24 21 in
208 3248 35 22 his
249 3270 3 3 .
261 3252 59 23 turn,
341 3257 29 14 an
390 3250 118 26 employer
526 3249 27 22 of
571 3248 67 23 hired

55 3273 117 28 labourers,'
181 3283 14 13 a
203 3278 80 19 master
293 3276 25 21 of
329 3279 108 18 servants.
609 3283 3 9 >

81 3299 65 23 From
154 3297 61 26 these
224 3302 181 27 considerations,
419 3302 40 21 the
468 3302 120 27 Company
596 3302 42 21 has

57 3325 92 28 adopted
165 3328 38 22 the
219 3336 59 15 same
295 3332 82 24 system
394 3328 27 22 of
436 3328 117 28 disposing
567 3328 27 21 of
609 3329 29 21 its

57 3356 64 18 waste
131 3354 71 28 lands,
217 3362 23 15 as
254 3356 40 21 has
308 3355 92 27 already
413 3355 87 27 proved
513 3355 80 27 highly
604 3355 34 22 fa-

57 3380 100 22 vourable
170 3384 23 19 to
207 3382 36 21 the
257 3382 183 28 productiveness
454 3382 27 21 of
495 3381 106 27 industry
613 3381 24 22 in

57 3405 68 23 South
133 3407 118 23 Australia.
279 3409 28 22 In
316 3416 14 14 a
340 3415 50 15 new
402 3408 89 27 colony,
504 3408 97 32 planted
613 3408 25 21 in

57 3438 13 14 a
79 3432 69 23 fertile
157 3435 45 21 and
215 3436 113 21 extensive
342 3435 113 27 territory,
470 3435 20 21 it
503 3442 20 14 is
538 3435 100 27 obvious,

57 3457 47 23 that
121 3459 36 23 the
172 3462 166 22 establishment
353 3462 26 21 of
394 3461 57 22 such
465 3468 15 15 a
494 3464 84 25 system
592 3461 20 22 is
626 3469 14 14 a

57 3488 77 19 matter
151 3487 24 21 of
191 3487 38 22 the
244 3488 90 28 deepest
351 3490 103 20 moment
469 3491 25 18 to
510 3487 38 22 the
563 3488 77 21 future

58 3511 84 23 welfare
154 3514 24 21 of
191 3514 89 28 society.
330 3515 67 22 From
411 3515 20 22 it
445 3515 38 21 the
497 3515 52 21 best
563 3514 78 22 effects

57 3544 49 19 may
115 3539 51 22 with
175 3541 128 22 confidence
311 3542 28 21 be
349 3541 139 28 anticipated
494 3548 5 14 :
515 3549 14 14 a
536 3544 106 19 constant

57 3563 43 23 and
108 3566 86 26 regular
203 3568 79 27 supply
291 3569 25 20 of
326 3576 51 14 new
384 3568 58 22 land
450 3569 25 21 in
489 3567 45 22 due
547 3575 94 21 propor-

55 3591 46 21 tion
109 3594 23 19 to
141 3592 36 22 the
195 3597 69 18 wants
273 3595 26 21 of
309 3602 13 14 a
329 3595 132 27 population
472 3595 130 27 increasing
612 3595 31 27 by

54 3616 70 22 births
133 3619 44 22 and
189 3621 148 26 immigration
344 3629 5 19 ;
368 3621 30 22 all
412 3622 39 21 the
466 3622 148 27 advantages.
617 3624 25 19 to

56 3643 71 22 which
135 3645 100 23 facilities
243 3647 26 22 of
278 3650 113 26 transport
396 3648 47 21 and
450 3649 192 21 communication

57 3675 37 15 are
104 3672 100 22 essential
211 3681 5 18 ;
232 3674 113 27 certainty,
355 3675 25 21 of
389 3675 77 27 limits,
483 3675 46 22 and
543 3675 100 27 security

58 3696 25 25 of,
94 3696 47 22 title
150 3701 21 18 to
180 3703 103 24 property
291 3701 24 22 in
328 3701 65 27 land;
409 3701 40 22 the
458 3705 99 24 greatest
569 3702 74 21 facili-

57 3723 41 20 ties
108 3729 27 15 on
145 3726 112 27 acquiring
265 3727 38 21 the
314 3727 43 22 due
366 3729 116 27 quantity;
497 3729 39 20 the
544 3731 101 24 greatest

58 3754 27 15 cn
87 3755 154 21 couragement
253 3756 22 18 to
283 3753 152 28 immigration
446 3755 46 22 and
501 3755 129 22 settlement
636 3763 6 20 ;

60 3776 44 19 and
116 3776 37 21 the
167 3781 57 18 most
235 3779 62 28 rapid
312 3788 102 20 progress
429 3781 26 22 of
468 3781 41 22 the
522 3782 81 27 people
616 3783 26 21 in

25 3803 4 33 |
59 3803 98 21 material
166 3805 93 22 comfort
266 3807 45 21 and
320 3807 68 22 social

25 3840 3 10 t
66 3835 3 5 '
312 3844 28 3 —
340 3843 35 5 —
375 3844 20 4 —
395 3844 23 4 —
418 3845 104 4 —
521 3845 19 4 _
539 3845 66 4 —
604 3845 37 4 _

25 3856 3 26 ;
163 3857 96 22 BILLS
272 3861 43 20 OF
329 3861 208 21 EXCHANGE.

62 3887 159 49 I>RINTED
235 3894 101 23 FORMS
351 3895 61 22 FOR
427 3896 79 22 SALE
520 3897 42 22 AT
577 3897 64 23 THE

134 3917 105 25 OFFICE
254 3921 38 22 OF
305 3922 72 22 THIS
391 3922 110 22 PAPER.
529 3940 5 3 .

90 3941 124 26 November
224 3947 18 25 4,
255 3948 59 21 1840.

1880 627 49 47 A
1958 626 131 27 HEWITT,
2100 627 160 26 Fishmonger,
2271 627 110 22 Lambton
2390 628 71 27 Quay,

1933 664 11 10 •
1962 653 145 28 Wellington,
2113 657 87 18 returns
2208 654 35 21 his
2253 654 86 22 sincere
2349 654 82 22 thanks
2441 659 22 18 to

1879 679 37 22 the
1934 679 138 22 inhabitants
2091 681 26 20 of
2136 680 44 22 this
2198 681 86 27 Colony
2301 681 33 22 for
2353 681 38 22 the
2410 689 53 20 very

1878 705 79 23 liberal
1975 710 91 24 support
2081 706 29 22 he
2124 706 41 22 has
2180 707 97 22 hitherto
2292 708 110 27 received,
2420 708 44 22 and

1878 732 54 27 begs
1942 736 24 18 to
1973 733 81 21 inform
2066 733 60 22 them
2137 733 48 22 that
2199 734 27 21 he
2236 734 41 21 has
2286 734 64 22 made
2361 741 104 21 arrange-

1879 762 74 19 ments
1968 759 34 22 for
2021 767 14 14 a
2048 763 104 18 constant
2167 761 79 27 supply
2265 761 26 20 of
2312 761 35 22 the
2367 761 98 22 choicest

1879 786 101 22 varieties
1990 786 27 22 of
2026 786 49 27 fish,
2094 787 72 21 which
2182 788 26 20 he
2226 787 137 28 confidently
2380 795 85 14 recom-

1878 813 81 21 mends
1967 815 23 19 to
1999 813 38 21 the
2046 813 75 28 public
2131 821 23 14 as
2162 814 66 27 being
2235 814 26 21 of
2272 814 38 21 the
2317 815 49 21 best
2371 815 92 27 quality.

1906 846 82 22 Orders
1997 847 35 21 for
2042 847 105 28 shipping
2154 847 109 28 received,
2280 848 44 22 and
2334 848 132 28 punctually

1880 873 106 22 attended
1996 877 30 18 to.

2035 908 97 14 OYSTERS
2148 908 68 14 FRESH
2234 909 76 14 DAILY.

1907 933 64 28 Also,
1981 942 14 13 a
2004 935 80 27 supply
2094 935 26 21 of
2134 935 127 26 vegetables
2278 935 60 22 fresh
2352 936 59 21 from
2429 936 36 22 the

1880 960 85 27 garden
1975 961 67 28 daily.

1976 1016 92 20 HATS
2079 1015 6 21 !
2101 1016 91 21 HATS
2202 1016 5 21 !
2216 1016 5 21 !
2238 1016 93 21 HATS
2338 1016 5 21 !
2352 1016 5 21 !
2366 1017 5 20 !

1882 1048 34 48 J
1962 1048 110 27 ALLEN,
2089 1049 82 27 having
2187 1050 47 27 just
2251 1049 104 23 received
2374 1057 13 14 a
2406 1049 61 28 large

1922 1086 11 10 •
1973 1078 135 19 assortment
2123 1076 25 21 of
2159 1077 81 26 youths
2260 1076 44 22 and
2320 1077 147 26 gentleman's

1882 1102 66 21 black
1971 1102 82 21 beaver
2075 1102 58 26 hats,
2157 1103 53 27 begs
2230 1107 23 17 to
2269 1103 81 22 inform
2367 1103 35 22 bis
2427 1110 41 15 nu-

1883 1136 88 14 merous
1988 1128 85 22 friends
2091 1129 45 21 and
2155 1129 37 22 the
2209 1129 83 28 public,
2313 1130 48 21 that
2378 1130 29 22 he
2427 1137 41 15 can

1884 1155 80 27 supply
1976 1155 60 21 them
2046 1156 52 21 with
2115 1163 45 20 any
2174 1157 67 26 shape
2259 1164 24 14 or
2300 1157 91 27 quality,
2409 1164 60 15 com-

1884 1182 106 26 mencing
1999 1185 23 18 at
2032 1182 36 22 the
2077 1182 45 22 low
2130 1183 59 26 price
2199 1183 26 21 of
2235 1185 32 21 7s.
2275 1183 36 22 6d.
2322 1183 62 22 each.
2415 1184 54 22 Also

1885 1208 37 22 the
1941 1209 203 22 undermentioned
2161 1210 69 27 goods
2250 1214 24 18 at
2293 1210 119 27 unusually
2427 1211 43 22 low

1884 1236 72 26 prices
1964 1243 5 13 :
1971 1247 28 4 —

1912 1262 108 28 Drapery,
2022 1274 27 3 —
2051 1262 90 29 Shawls,
2170 1263 100 27 muslins,
2296 1263 66 23 challi
2382 1267 88 24 pattern

1886 1289 92 27 dresses,
1998 1289 125 28 ginghams,
2143 1291 90 26 Saxony
2251 1291 68 26 cloth,
2334 1290 76 22 chintz
2426 1291 45 22 and

1886 1316 83 27 striped
1986 1316 110 22 furniture
2112 1317 77 27 prints,
2205 1317 46 21 and
2267 1317 87 27 calicos,
2369 1317 24 22 in
2409 1321 63 24 great

1886 1343 86 27 variety
1979 1351 5 19 ;
2000 1343 110 27 blankets,
2122 1348 169 23 counterpanes,
2302 1344 39 22 &c.

1913 1370 180 27 Haberdashery,
2094 1382 28 3 —
2125 1371 107 21 Artificial
2242 1370 92 27 flowers,
2345 1378 69 20 gause
2428 1371 45 23 and

1887 1397 58 21 satin
1964 1397 97 26 ribbons,
2082 1401 45 23 net,
2146 1397 54 26 lace,
2224 1397 146 28 lace-collars,
2387 1398 84 27 gloves,

1887 1430 84 20 purses,
1981 1424 81 26 braids,
2073 1424 83 22 bronze
2171 1424 68 22 busks
2255 1425 35 21 for
2305 1428 66 24 stays,
2388 1425 84 22 infants

1888 1450 93 22 worsted
1996 1451 70 26 boots,
2084 1451 108 27 prepared
2211 1451 129 22 whalebone
2357 1451 46 22 and
2418 1459 55 15 cane

1888 1477 34 21 for
1930 1477 70 21 ladies
2009 1477 104 28 bonnets,
2124 1478 43 22 and
2174 1478 92 27 dresses,
2275 1481 68 24 tapes,
2351 1479 68 21 white
2429 1479 45 22 and

1889 1503 104 23 coloured
2011 1504 85 27 thread,
2115 1505 82 27 sewing
2213 1504 46 22 and
2277 1505 94 27 darning
2390 1509 82 24 cotton,

1889 1530 97 27 needles,
1998 1538 78 20 ounce,
2089 1531 67 27 sheet,
2168 1531 44 22 and
2223 1531 60 22 dress
2296 1531 56 27 pins,
2362 1531 110 28 thimbles,

1889 1557 145 28 pincussions,
2052 1557 70 23 hooks
2139 1559 45 21 and
2198 1566 58 19 eyes,
2275 1558 48 28 gilt,
2341 1559 131 28 gambroon,

1889 1583 69 28 pearl,
1967 1583 63 28 horn,
2042 1585 45 21 and
2096 1585 63 22 other
2164 1585 97 22 buttons.

1917 1611 88 22 Ladies'
2016 1612 44 21 and
2070 1612 118 22 children's
2198 1616 79 18 tuscan
2287 1612 45 22 and
2341 1611 68 30 fancy
2418 1613 56 21 bon-

1891 1641 56 23 nets,
1964 1638 118 22 children's
2093 1639 91 22 dresses.

1917 1665 112 27 Clothing,
2031 1677 25 4 —
2060 1667 78 21 Gents'
2149 1665 111 28 superfine
2270 1665 61 23 dress
2348 1666 46 22 and
2412 1666 63 22 frock

1891 1695 68 23 coats,
1978 1692 135 28 Petersham,
2130 1693 61 28 pilot,
2209 1693 113 27 Prussian,
2339 1693 76 27 rustic,
2431 1693 45 22 and

1891 1717 104 28 shooting
2004 1723 59 18 coats
2072 1728 5 19 ;
2093 1719 80 23 double
2188 1719 77 23 milled
2283 1719 124 28 cassimere,
2418 1727 58 15 mar-

1891 1745 62 27 cella,
1965 1745 103 28 valentia,
2080 1747 101 27 quilting,
2193 1746 43 22 and
2252 1747 68 26 fancy
2336 1747 124 21 waistcoats
2468 1754 7 20 ;

1891 1772 42 22 silk
1943 1773 45 21 and
1998 1777 73 18 cotton
2079 1773 170 22 handkerchiefs
2249 1773 11 27 j
2268 1773 65 22 white
2341 1773 45 22 and
2392 1777 86 24 regatta

1891 1798 77 27 shirts;
1978 1800 76 22 braces
2062 1808 6 19 ;
2082 1800 155 22 India-rubber
2245 1800 46 21 and
2299 1800 85 22 leather
2394 1804 69 24 straps
2470 1808 7 19 ;

1891 1826 116 26 buckskin,
2017 1827 123 27 cassimere,
2149 1827 129 27 gambroon,
2286 1826 95 28 digonal,
2399 1828 77 25 tweed,

1892 1852 57 27 drill,
1973 1853 117 28 moleskin,
2115 1854 58 27 cord,
2203 1853 105 28 flushing,
2337 1853 67 28 duck,
2433 1855 46 21 and

1893 1886 92 16 canvass
1995 1883 108 19 browsers.

1920 1906 87 22 Ladies'
2013 1907 62 22 boots
2084 1907 44 22 and
2136 1907 70 26 shoes,
2215 1907 148 27 gentlemen's
2369 1907 110 28 Welling-

1893 1936 46 23 ton,
1952 1933 111 28 Clarence,
2073 1935 45 21 and
2126 1934 95 22 Blucher
2230 1934 72 27 boots,
2311 1934 96 27 walking
2414 1934 65 22 shoes

1893 1961 45 21 and
1948 1960 60 22 dress
2018 1968 87 21 pumps.

1919 1987 54 26 Tea,
1990 1995 71 19 sugar,
2080 1988 76 26 coffee,
2173 1988 76 27 spices,
2267 1991 107 24 currants,
2392 1987 86 28 raisins,

1893 2013 85 23 bottled
1989 2015 44 21 and
2043 2015 63 21 dried
2115 2015 70 27 fruits,
2200 2015 75 25 bread,
2293 2015 81 26 butter,
2392 2014 86 28 cheese,

1893 2040 64 27 flour,
1968 2041 52 27 rice,
2032 2042 101 27 oatmeal,
2144 2049 58 20 peas,
2213 2041 91 28 pickles,
2316 2048 84 21 sauces,
2418 2042 63 21 vine-

1893 2075 46 20 gai',
1948 2075 47 15 wax
2006 2068 44 21 and
2060 2072 58 18 store
2127 2068 96 27 candles,
2231 2068 105 22 Windsor
2346 2068 45 22 and
2401 2069 80 26 yellow

1893 2102 61 20 soap,
1974 2095 79 27 starch,
2073 2095 60 27 blue,
2151 2096 67 27 pipes,
2239 2098 38 19 cut
2292 2095 45 21 and
2353 2095 128 27 negrohead

1894 2121 99 26 tobacco,
2003 2121 67 22 black
2079 2123 45 21 and
2136 2123 75 21 brown
2221 2129 89 20 rappee,
2322 2123 100 26 tonquin,
2433 2130 48 14 ma-

1894 2149 78 26 couba,
1983 2149 46 21 and
2039 2149 135 21 Hamilton's
2183 2149 103 26 mixture,
2296 2149 102 26 imperial
2404 2149 77 22 brown

1894 2175 46 21 and
1950 2175 63 21 other
2026 2175 76 28 snuffs,
2119 2175 110 23 Havanah
2239 2175 45 22 and
2295 2175 95 22 Manilla
2402 2175 77 28 cigars.

1922 2202 113 27 Sundries,
2037 2213 27 4 —
2065 2202 57 22 Hair
2131 2203 97 25 brushes,
2239 2202 84 27 combs,
2332 2202 96 27 scissors,
2437 2210 44 19 pen

1896 2229 45 21 and
1950 2229 81 27 pocket
2039 2230 85 25 knives,
2133 2236 81 19 razors,
2223 2229 94 26 looking
2326 2229 88 27 glasses,
2424 2228 64 23 snuff

1894 2256 78 27 boxes,
1982 2256 88 27 writing
2079 2263 74 20 paper,
2165 2263 62 20 pens,
2234 2256 40 22 ink
2280 2256 46 21 and
2333 2256 85 27 sealing
2425 2262 56 21 wax,

1895 2282 80 22 lucifer
1991 2283 105 27 matches,
2115 2283 80 27 Epsom
2213 2283 61 26 salts,
2295 2283 121 26 magnesia,
2433 2282 51 22 flint

1896 2309 46 22 and
1951 2310 128 27 percussion
2089 2316 63 21 guns,
2162 2309 65 27 bolts,
2237 2309 87 28 hinges,
2340 2309 69 27 locks,
2420 2309 62 28 bells,

1896 2335 41 23 fire
1969 2336 93 26 shovels,
2086 2336 71 27 rakes,
2181 2336 61 27 hoes,
2269 2335 117 27 mattocks,
2407 2336 46 22 and
2471 2344 14 14 a

1896 2363 87 26 variety
2007 2363 26 22 of
2057 2363 63 22 other
2143 2363 87 22 articles
2255 2366 23 18 to
2302 2370 121 15 numerous
2446 2366 37 19 too

1897 2389 109 23 mention.

1898 2445 36 47 J
1969 2444 146 22 CANNING
2129 2444 45 22 and
2189 2445 27 21 R.
2234 2444 140 27 HARVEY,
2394 2444 94 22 Cabinet

1939 2481 11 11 •
1980 2471 45 22 and
2044 2471 170 26 Chair-makers,
2237 2471 190 27 Lambton-quay,
2447 2471 41 21 ad-

1896 2497 89 28 joining
1995 2498 76 21 Davis'
2082 2499 80 24 Stores,
2183 2498 42 27 beg
2234 2500 24 19 to
2267 2497 81 22 inform
2366 2497 39 21 the
2421 2497 65 22 inha-

1900 2525 82 22 bitants
1990 2525 25 21 of
2021 2525 135 27 Wellington
2163 2524 47 22 that
2217 2524 53 27 they
2278 2524 56 22 have
2341 2523 153 24 commenced,

1898 2551 102 22 business
2019 2551 23 22 in
2060 2551 39 22 the
2118 2551 69 22 above
2207 2551 54 26 line,
2281 2551 45 21 and
2343 2551 145 27 respectfully

1899 2579 74 21 solicit
1989 2586 13 14 a
2017 2578 63 22 share
2098 2579 25 21 of
2141 2578 37 22 the
2192 2577 76 28 public
2283 2582 122 23 patronage
2416 2585 5 18 ;
2442 2577 46 24 and

1900 2608 59 19 trust
1967 2605 30 28 by
2006 2605 128 26 combining
2151 2605 77 21 liberal
2244 2603 73 28 prices
2333 2603 45 23 and
2393 2607 96 24 punctu-

1899 2632 64 27 ality,
1978 2636 23 17 to
2017 2632 50 27 give
2085 2631 136 22 satisfaction
2240 2634 24 18 to
2280 2631 62 21 those
2359 2630 129 28 gentlemen

1899 2658 52 22 who
1962 2666 51 20 may
2023 2659 62 21 favor
2096 2659 59 21 them
2166 2658 52 22 with
2228 2658 83 22 orders.

1928 2692 48 22 P.S.
1978 2704 28 3 —
2007 2692 87 27 Sashes,
2113 2692 121 28 pannelled
2253 2692 72 27 doors,
2345 2691 49 28 &c,
2414 2690 72 28 made,

1900 2720 46 20 and
1955 2720 109 21 furniture
2073 2719 108 28 repaired.

2035 2774 25 20 J.
2075 2773 137 21 TAINE'S
2227 2772 118 21 STORE.

1901 2807 172 49 PATTENS,
2098 2807 130 22 Brunswick
2246 2807 47 21 and
2310 2806 89 22 French
2418 2806 67 28 clogs,

1973 2834 128 23 umbrellas.

1929 2860 60 28 Pins,
2007 2860 97 28 needles,
2117 2860 71 22 hooks
2197 2860 45 22 and
2253 2867 58 20 eyes,
2322 2860 91 21 buttons
2423 2859 25 22 of
2459 2859 30 22 all

1901 2887 73 27 kinds,
1985 2887 111 27 thimbles,
2112 2887 101 27 bodkins,
2231 2887 98 26 scissors,
2340 2887 40 21 &c.

1930 2914 72 27 Clasp,
2014 2921 54 20 rose,
2080 2914 45 21 and
2134 2914 61 27 spike
2209 2914 65 26 nails,
2291 2920 78 15 screws
2387 2913 26 22 of
2423 2920 67 20 every

1902 2940 53 27 size,
1974 2941 25 26 T,
2021 2944 52 23 cast,
2091 2941 56 26 butt,
2168 2940 68 27 chest,
2260 2940 45 21 and
2324 2940 63 21 other
2404 2940 85 27 hinges,

1902 2968 66 26 bolts,
1980 2968 62 21 chest
2050 2967 69 27 locks,
2131 2967 112 28 padlocks,
2254 2967 60 27 glass
2329 2974 76 20 paper,
2415 2967 75 27 rivets,

1904 2995 41 21 &c.
1962 2994 39 22 &c.
2488 3001 4 2 •

1931 3021 45 22 Rat
1985 3024 66 24 traps,
2059 3021 129 27 percussion
2197 3027 60 21 caps,
2268 3027 46 20 gun
2322 3019 68 28 flints,
2401 3020 38 22 &c.
2449 3020 40 22 &c.

1932 3054 144 27 Wellington,
2089 3054 52 22 Feb.
2152 3055 35 26 23,
2198 3055 62 21 1841.

1913 3108 86 33 JUST
2013 3108 158 22 RECEIVED
2181 3111 23 19 at
2213 3108 40 22 the
2261 3108 64 22 office
2332 3108 25 21 of
2367 3107 39 22 the

1905 3130 27 27 O
1975 3135 104 22 Zealand-
2229 3142 13 14 a
2261 3135 42 21 few
2320 3134 74 27 copies
2411 3134 26 22 of
2456 3134 37 21 the

1905 3162 116 27 following
2030 3161 78 27 works,
2119 3162 26 21 of
2155 3161 43 22 last
2206 3162 74 27 year's
2289 3161 146 27 publication,
2451 3160 45 22 and

1905 3189 24 21 in
1941 3188 110 22 excellent
2060 3188 121 22 condition.

1933 3215 47 22 The
1992 3215 98 22 Poetical
2106 3215 81 22 Works
2202 3215 26 21 of
2243 3215 91 26 Milton,
2351 3214 55 22 with
2421 3221 14 14 a
2450 3221 48 15 me-

1906 3241 59 23 moir
1988 3242 45 21 and
2058 3249 67 14 seven
2152 3241 189 23 embellishments
2363 3241 32 28 by
2414 3241 82 27 Fuseli,

1907 3268 100 27 Westall,
2039 3269 45 21 and
2108 3268 91 22 Martin.
2242 3268 64 27 Also,
2331 3275 29 15 an
2385 3268 113 21 excellent

1907 3295 94 27 portrait
2018 3295 26 21 of
2056 3295 91 28 Milton,
2169 3295 113 27 engraved
2296 3295 30 27 by
2343 3294 21 22 J.
2387 3294 108 27 Cochran,

1908 3322 58 21 from
1980 3329 14 15 a
2003 3322 119 27 minature,
2134 3321 117 28 originally
2260 3322 25 22 in
2294 3321 38 22 the
2339 3321 126 28 possession
2474 3321 26 22 of

1910 3349 75 21 Oliver
1996 3348 124 22 Cromwell.
2156 3351 11 19 1
2178 3349 43 22 vol.
2232 3351 58 24 Bvo.,
2311 3348 76 22 bound
2396 3348 24 22 in
2430 3348 67 26 cloth,

1909 3375 62 27 price
1980 3376 44 21 15s.

1938 3402 49 22 Life
1997 3402 26 21 of
2041 3402 37 22 the
2094 3402 67 22 Duke
2177 3402 25 22 of
2219 3402 147 27 Wellington,
2387 3400 111 29 compiled

1910 3428 58 22 from
1989 3428 35 22 his
2048 3429 92 21 Grace's
2162 3429 145 28 Despatches,
2329 3428 128 28 (published
2474 3429 25 21 in

1911 3455 70 27 1840,)
1993 3455 31 28 by
2034 3455 88 27 George
2133 3456 78 27 Soane,
2219 3455 58 22 A.B.
2302 3456 13 20 2
2325 3455 55 22 vols.
2389 3455 60 22 cloth
2455 3454 45 24 and

1911 3482 100 26 lettered,
2022 3482 60 28 price
2094 3483 44 21 15s.

1939 3508 48 23 The
1997 3509 62 28 Holy
2069 3509 71 28 Bible,
2152 3508 131 27 containing
2290 3508 37 22 the
2338 3508 43 22 Old
2389 3508 45 22 and
2444 3508 57 21 New

1912 3535 147 28 Testaments,
2084 3535 53 23 with
2162 3539 70 23 notes,
2257 3535 32 28 by
2308 3535 36 21 the
2363 3535 57 22 Rev.
2439 3534 61 22 John

1913 3562 89 22 Hobart
2012 3563 104 26 Caunter,
2127 3563 65 26 8.D.,
2204 3562 80 22 author
2301 3562 25 21 of
2337 3561 38 22 the
2419 3561 81 27 Poetry

1913 3588 26 22 of
1952 3589 36 22 the
2177 3589 44 22 and
2232 3588 146 23 embellished
2388 3588 53 22 with
2451 3588 50 21 four

1912 3622 64 21 maps
1992 3616 46 22 and
2053 3617 42 21 144
2113 3617 133 26 engravings
2264 3616 58 21 from
2340 3614 113 28 paintings
2470 3614 31 28 by

1913 3642 94 22 Westall
2021 3642 45 22 and
2076 3643 92 26 Martin,
2180 3644 48 20 Bvo.
2240 3642 67 26 cloth,
2319 3640 30 23 £l
2361 3643 20 20 8.

1941 3668 48 22 The
1999 3669 132 27 Beginner's
2140 3669 87 22 French
2237 3668 70 26 Book,
2319 3667 44 22 and
2378 3667 38 22 the
2432 3668 69 22 Scho-

1913 3694 53 23 lar's
1976 3696 87 22 French
2080 3696 70 26 Book,
2164 3696 29 27 by
2209 3694 64 23 Reri6
2291 3691 73 30 Aliva,
2382 3694 80 22 author
2479 3694 26 22 of

1913 3721 39 22 the
2049 3722 100 28 Spelling
2271 3723 32 20 6s.
2314 3720 34 23 6d.
2360 3720 63 23 each.

1941 3748 146 23 Montacute:
2103 3756 24 14 or
2141 3756 14 14 a
2169 3749 54 21 New
2232 3748 68 21 horne
2301 3758 26 5 —
2328 3747 74 22 who'll
2411 3747 73 22 follow
2491 3748 10 22 ?

1913 3775 35 27 By
1960 3775 54 22 Mrs.
2025 3776 67 31 Mary
2101 3776 96 21 Clavers.
2226 3776 13 20 2
2249 3775 56 21 vols.
2316 3776 57 25 Bvo.,
2383 3774 33 22 £1
2424 3776 31 19 3s.
2463 3774 37 22 Od.

1942 3802 111 27 Scripture
2063 3802 133 27 Biography,
2213 3801 35 22 for
2265 3800 37 23 the
2312 3800 89 28 Young,
2418 3800 83 23 embel-

1913 3828 73 23 lished
1995 3828 56 22 with
2060 3828 78 28 plates.
2168 3829 31 21 ss.

1942 3854 110 28 Voyages,
2063 3855 149 26 Adventures,
2228 3854 46 22 and
2288 3854 97 27 Escapes
2401 3853 26 22 of
2437 3853 63 28 Capt.

1914 3881 99 22 Richard
2022 3881 115 27 Falconer,
2149 3881 86 22 written
2244 3881 31 27 by
2281 3880 97 22 himself.
2417 3881 10 21 1
2448 3880 52 26 vol.,

1913 3909 14 20 5
1938 3908 108 27 shillings.

1943 3934 144 26 Wellington,
2105 3934 110 26 February
2223 3934 34 24 25,
2270 3934 59 20 1841.

1261 631 71 48 ON
1357 630 85 28 SALE,
1463 634 24 18 at
1505 630 37 21 the
1562 630 75 21 Stores
1657 628 25 22 of
1702 627 39 22 the
1759 626 88 22 Under-

1338 658 79 26 signed
1425 665 5 14 :—:
1431 668 29 4 —

1287 691 89 28 Pomy's
1386 691 82 22 Medoc
1478 689 76 28 claret,
1565 690 24 21 in
1599 696 69 19 cases,
1680 691 11 19 1
1703 688 49 22 doz.
1764 686 62 22 each.

1367 717 64 22 Ditto
1567 716 57 22 ditto
1678 717 14 19 2
1729 714 63 21 ditto.

1287 743 61 29 Very
1357 745 100 26 superior
1465 747 52 24 port
1525 743 65 26 wine,
1601 743 57 21 ditto
1679 743 13 20 3
1729 741 64 21 ditto.

1367 771 64 21 Ditto
1523 786 5 4 .
1567 769 64 27 ditto,
1642 770 24 20 in
1676 771 90 22 quarter
1776 767 70 22 casks.

1287 797 80 28 Sherry
1367 809 28 4 —
1395 798 82 26 brown,
1499 796 59 28 gold,
1577 796 58 28 pale,
1656 795 36 23 ola
1714 795 85 26 brown,
1823 794 24 21 in

1259 828 91 25 quarter
1359 824 71 22 casks.

1286 851 98 28 Brandy,
1395 851 24 21 in
1430 858 61 15 cases
1501 850 25 22 of
1537 851 11 21 1
1560 849 49 22 doz.
1621 849 62 22 each.

1369 878 64 22 Ditto
1540 878 13 20 3
1593 875 64 27 ditio,

1287 905 67 27 Rum,
1369 905 24 21 in
1408 904 65 22 hhds.
1489 904 26 22 of
1524 905 28 21 43
1562 903 94 27 gallons.

1367 932 65 22 Ditto
1526 931 28 21 47
1591 929 64 23 ditto.

1288 959 53 25 Gin,
1351 958 51 22 half
1414 965 66 19 cases,
1493 959 10 21 1
1516 957 72 22 dozen
1598 956 63 22 each.

1287 985 101 28 Taylor's
1397 988 72 24 stouV
1475 985 24 21 in
1510 983 69 23 wood.

1304 1012 63 22 Ditto
1395 1011 51 28 pale
1456 1011 42 28 ale,
1512 1011 63 21 ditto.

1306 1039 62 21 Ditto
1397 1041 66 24 stout,
1473 1039 25 21 in
1505 1037 78 27 bottle,
1595 1037 65 22 casks
1666 1037 25 22 of
1697 1038 13 20 3
1719 1036 50 22 doz.
1778 1035 61 23 each.

1289 1065 174 23 Hebblewhite's
1473 1068 66 24 stout,
1551 1065 55 21 ditto
1717 1063 64 22 ditto.

1334 1093 63 21 Ditto
1473 1092 42 27 ale,
1550 1091 55 22 ditto
1716 1089 64 23 ditto.

1534 1125 110 22 Richard
1654 1124 88 27 Baker,

1478 1158 127 23 Wholesale
1617 1158 65 22 Wine
1692 1157 127 22 Merchant.

1292 1192 145 28 Wellington,
1449 1193 54 22 Feb.
1514 1194 33 25 18,
1558 1194 62 20 1841.

1266 1248 159 48 MESSRS.
1460 1247 163 27 WALLACE,
1663 1246 112 27 WHITE,
1811 1246 43 21 and

1356 1275 153 21 WALLACE
1523 1274 57 22 have
1596 1281 30 14 on
1637 1274 52 26 sale,
1701 1281 28 14 an
1741 1272 113 23 extensive

1265 1305 133 18 assortment
1407 1302 24 21 of
1442 1309 65 20 guns,
1517 1301 80 22 double
1605 1300 47 22 and
1659 1300 70 27 single
1736 1299 117 27 barrelled,

1264 1332 56 24 pots,
1340 1328 88 27 kettles,
1449 1335 129 20 saucepans,
1600 1327 42 22 flat
1659 1328 67 24 irons,
1748 1326 106 27 crockery

1265 1363 65 19 ware,
1351 1356 134 27 carpenters'
1505 1354 57 22 tools
1581 1354 24 22 of
1628 1361 72 24 every,
1713 1353 141 27 description,

1266 1382 143 27 agricultural
1425 1382 148 28 implements,
1591 1382 49 25 &c,
1659 1380 72 23 which
1748 1380 54 26 they
1819 1387 36 14 are

1266 1409 80 26 selling
1356 1412 22 18 at
1388 1408 146 28 exceedingly
1545 1408 43 22 low
1597 1408 78 28 prices,
1688 1411 23 18 at
1718 1407 58 22 their
1785 1408 69 26 Store,

1267 1443 53 14 near
1329 1436 32 22 Te
1372 1436 47 21 Aro
1431 1436 56 21 Flat.

1311 1490 147 20 THOMAS
1472 1490 75 20 AND
1563 1489 143 20 SAMUEL
1722 1488 92 21 COOK

1268 1524 92 49 BEG
1370 1528 21 17 to
1400 1524 83 21 inform
1494 1524 37 21 the
1540 1523 83 27 public,
1635 1523 47 22 that
1699 1523 83 27 having
1798 1529 60 14 com-

1345 1551 75 27 pleted
1437 1551 58 21 their
1518 1550 115 22 extensive
1652 1549 207 22 -weather-boarded

1270 1579 69 26 Store,
1350 1578 52 28 they
1414 1578 56 21 have
1487 1585 67 19 every
1571 1578 153 21 convenience
1740 1577 34 20 for
1790 1582 69 15 ware-

1268 1605 96 27 housing
1372 1604 77 28 goods,
1461 1608 23 18 at
1493 1612 13 14 a
1515 1611 54 20 very
1578 1604 116 22 moderate
1705 1603 88 26 charge.

1298 1639 111 21 Lambton
1420 1639 72 26 Quay,
1503 1638 146 27 Wellington,
1664 1637 51 22 Jan.
1727 1639 33 25 29,
1772 1637 59 21 1841.

1476 1694 69 20 FOR
1560 1693 96 26 SALE,

1328 1727 64 22 OOD
1402 1727 84 27 sherry,
1498 1726 23 22 in
1532 1730 91 24 quarter
1633 1726 70 21 casks.

1275 1752 52 25 vJT
1355 1754 111 27 Crockery
1476 1754 46 21 and
1530 1755 126 20 iron-stone
1666 1760 65 15 ware.

1300 1781 123 27 Eight-day
1433 1780 43 22 and
1487 1780 76 23 Dutch
1574 1780 83 21 clocks.

1299 1808 101 26 Fowling
1410 1808 80 27 pieces,
1500 1807 105 26 muskets,
1618 1806 45 22 and
1671 1805 129 23 umbrellas.

1301 1836 103 26 Cooper's
1416 1841 62 20 ware,
1492 1834 54 22 such
1556 1841 24 14 as
1589 1833 101 28 buckets,
1702 1833 90 27 churns,
1803 1833 58 27 tubs,

1273 1862 113 27 kneading
1395 1861 99 27 troughs,
1506 1862 40 21 &c.
1557 1861 39 22 &c.
1608 1862 40 21 &c.

1300 1888 97 23 Brushes
1409 1888 26 22 of
1445 1888 29 22 all
1484 1888 73 21 kinds.

1513 1922 25 22 T.
1550 1922 34 22 M.
1595 1922 136 22 Partridge
1742 1921 44 22 and
1797 1921 38 22 Co.

1496 1977 147 20 TIMBER.

1276 2003 182 50 SEASONED
1468 2003 87 27 boards,
1567 2005 11 19 1
1589 2003 40 26 in.,
1642 2004 9 24 J
1663 2003 38 26 in.,
1711 2002 44 22 and
1767 2004 10 25 J
1788 2003 31 22 in.

1356 2030 105 22 Weather
1471 2030 89 21 boards.

1357 2057 115 27 Scantling
1482 2057 26 21 of
1518 2057 30 21 all
1558 2057 65 21 sizes.

1356 2084 97 28 Norway
1463 2083 69 22 deals.

1357 2111 100 22 Battens.

1355 2139 28 21 50
1393 2138 63 28 pairs'
1461 2137 87 22 French
1558 2136 112 29 windows,
1682 2140 44 19 two
1736 2137 64 22 sizes.

1358 2164 124 23 Pannelled
1492 2165 72 21 doors.

1495 2198 25 22 T.
1537 2198 33 22 M.
1586 2198 136 22 Partridge
1738 2198 45 22 and
1799 2198 37 22 Co.

1277 2234 195 25 Manners-street,
1481 2232 147 28 Wellington,

1327 2262 33 20 Ist
1369 2260 131 26 December,
1512 2261 60 20 1840.

1278 2315 88 48 FOR
1390 2314 83 27 SALE,
1496 2322 14 13 a
1527 2314 105 27 quantity
1649 2314 24 21 of
1694 2313 78 22 Water
1791 2313 74 27 Casks,

1351 2342 79 27 nearly
1439 2349 57 14 new.
1525 2341 75 27 Apply
1612 2344 24 18 to

1449 2375 132 27 Ridgways,
1593 2375 106 26 Guyton,
1712 2374 45 22 and
1766 2375 72 21 Earp.

1278 2431 193 22 BARRETT'S
1485 2431 124 24 HOTEL,
1622 2431 245 21 WELLINGTON.

1282 2464 170 49 UHUNT
1476 2464 54 27 begs
1540 2467 23 18 to
1573 2471 119 14 announce
1703 2466 23 19 to
1741 2463 35 22 his
1785 2464 83 21 friends

1341 2503 10 10 •
1382 2491 46 22 and
1437 2491 38 22 the
1485 2491 82 27 public,
1586 2490 50 22 that
1645 2490 27 21 he
1688 2490 41 21 has
1745 2490 123 23 succeeded

1281 2519 44 21 Mr.
1337 2519 27 21 R.
1376 2518 89 22 Barrett
1473 2518 25 21 in
1508 2518 37 21 the
1555 2518 71 21 above
1637 2516 175 26 establishment,
1824 2517 44 22 and

1280 2548 68 19 trusts
1357 2545 49 21 that
1415 2545 30 27 by
1454 2544 110 22 attention
1573 2547 23 18 to
1606 2551 76 14 secure
1693 2551 13 14 a
1716 2544 78 21 liberal
1805 2544 63 22 share

1281 2573 26 21 of
1317 2575 92 25 support
1418 2572 57 21 from
1485 2571 63 22 those
1555 2571 49 22 who
1612 2578 54 20 may
1672 2570 80 23 favour
1759 2570 48 23 him
1817 2570 51 23 with

1282 2599 57 21 their
1348 2601 128 26 patronage.

1309 2626 84 26 Wines,
1414 2625 80 28 spirits,
1512 2624 41 28 ale,
1565 2624 46 22 and
1619 2627 82 25 porter,
1722 2624 27 22 of
1764 2624 39 22 the
1820 2624 50 22 best

1282 2652 109 28 qualities.

1310 2680 36 20 An
1358 2679 105 27 ordinary
1472 2681 24 19 at
1504 2679 13 20 2
1527 2677 85 22 o'clock
1630 2677 66 27 daity.
1736 2677 55 22 Cold
1803 2678 67 22 colla-

1282 2706 59 22 tions
1351 2706 82 26 always
1447 2704 75 28 ready.
1552 2704 79 22 Public
1648 2704 91 22 dinners
1754 2704 114 28 provided.

1310 2733 65 21 Good
1388 2732 61 26 beds,
1466 2732 46 21 and
1525 2731 86 28 private
1628 2734 138 24 apartments
1783 2732 36 21 for
1831 2732 39 21 the

1282 2767 38 14 use
1331 2760 26 20 of
1367 2759 103 21 families.

1310 2786 144 27 Wellington,
1466 2785 54 22 Feb.
1531 2786 33 26 19,
1576 2786 63 21 1841.

1304 2840 193 22 BARRETT'S
1511 2840 116 20 HOTEL
1642 2840 75 20 AND
1731 2840 118 25 STORE,

1486 2873 180 22 TARANAKI.

1284 2907 174 50 RICHARD
1473 2907 146 21 BARRETT
1635 2907 54 27 begs
1703 2909 24 19 to
1740 2906 83 22 inform
1834 2907 38 21 the

1362 2934 139 22 inhabitants
1513 2934 26 21 of
1554 2934 54 21 Port
1623 2933 132 27 Nicholson,
1774 2934 45 21 and
1834 2934 38 22 the

1284 2961 115 28 adjoining
1409 2961 149 26 Settlements,
1569 2960 50 22 that
1627 2960 29 22 he
1670 2960 89 22 intends
1776 2960 97 27 opening

1285 2996 29 14 on
1324 2988 38 22 the
1371 2989 35 20 Ist
1416 2988 25 21 of
1452 2987 81 22 March
1542 2990 62 23 next,
1620 2986 39 22 the
1669 2987 70 22 above
1750 2987 71 21 Hotel
1829 2986 44 22 and

1286 3015 97 22 General
1394 3015 69 26 Store,
1475 3014 52 22 with
1538 3021 13 13 a
1561 3013 159 22 well-selected
1737 3014 46 21 and
1798 3014 75 22 choice

1285 3041 64 23 stock
1367 3041 26 21 of
1409 3041 75 26 wines,
1507 3041 80 26 spirits,
1607 3040 36 22 ale
1666 3040 45 22 and
1729 3043 82 24 porter,
1830 3040 45 22 and

1285 3067 91 28 general
1386 3071 134 19 assortment
1527 3067 25 21 of
1557 3067 71 27 goods
1637 3067 94 21 suitable
1738 3067 36 21 for
1781 3067 92 27 settlers,

1287 3099 22 18 at
1318 3102 54 19 very
1380 3094 115 22 moderate
1510 3094 72 27 prices
1589 3102 6 18 ;
1613 3094 46 21 and
1673 3097 69 19 trusts
1757 3094 30 27 by
1804 3097 71 19 atten-

1287 3123 47 21 tion
1352 3125 22 17 to
1394 3121 37 21 the
1451 3121 151 21 convenience
1622 3120 46 22 and
1685 3120 95 22 comfort
1797 3120 25 22 of
1840 3120 35 22 his

1287 3151 74 25 guests
1370 3151 23 19 to
1402 3148 67 22 merit
1477 3155 15 14 a
1501 3148 64 21 share
1576 3148 26 20 of
1613 3147 58 22 their
1679 3148 81 21 favors.

1314 3182 57 22 N.B.
1372 3193 27 4 —
1402 3181 65 22 Good
1489 3181 54 22 beds
1567 3181 45 21 and
1631 3181 193 22 accommodation
1842 3182 35 21 for

1288 3209 120 26 travellers,
1419 3208 46 22 and
1473 3208 85 28 private
1568 3210 137 25 apartments
1717 3207 35 22 for
1759 3208 102 22 families.

1289 3263 231 22 AUSTRALIAN
1534 3262 158 26 TAVERN,
1708 3262 21 21 &
1745 3262 130 21 COFFEE

1520 3288 127 22 ROOMS.

1452 3323 58 14 LATE
1525 3322 88 15 SYDNEY
1624 3322 90 15 STORES.

1292 3350 112 49 GH.
1420 3349 127 23 COGLAN
1562 3349 54 27 begs
1626 3351 22 19 to
1658 3349 82 21 inform
1750 3348 35 22 his
1796 3348 82 23 friends

1350 3388 9 10 •
1390 3376 46 22 and
1454 3376 38 22 the
1508 3375 82 29 public,
1606 3375 50 21 that
1673 3375 30 21 ho
1717 3375 40 22 has
1773 3375 106 22 removed

1291 3404 58 22 from
1358 3403 38 22 the
1406 3406 47 20 east
1463 3403 45 22 end
1517 3403 25 21 of
1553 3402 37 22 the
1600 3402 84 26 Beach,
1701 3402 85 27 Petoni,
1802 3405 23 18 to
1841 3402 38 22 the

1291 3434 55 18 west
1356 3430 49 27 end,
1416 3438 56 14 near
1479 3429 39 22 the
1527 3429 45 22 late
1583 3428 147 22 Commercial
1744 3429 51 26 Inn,
1808 3429 72 22 where

1291 3457 29 22 he
1329 3457 69 28 hopes
1415 3460 22 18 to
1451 3457 58 21 have
1522 3456 31 27 by
1569 3455 148 27 unremitting
1732 3455 117 28 attention,
1867 3463 15 15 a

1292 3484 65 22 share
1367 3484 26 22 of
1402 3483 75 28 public
1487 3486 131 25 patronage.

1362 3516 66 23 Good
1437 3515 193 23 accommodation
1644 3515 34 22 for
1691 3515 123 22 travellers.

1465 3571 45 20 TO
1523 3570 181 20 BUILDERS.

1295 3606 203 52 ESTIMATES
1526 3603 137 22 WANTED
1686 3603 35 21 for
1743 3602 103 27 building
1870 3610 14 15 a

1372 3638 66 22 store,
1449 3633 29 22 all
1489 3632 37 22 the
1536 3629 113 23 materials
1668 3629 25 22 of
1705 3629 73 23 which
1795 3629 44 23 will
1854 3629 29 23 be

1294 3661 77 24 found.
1400 3661 44 21 For
1452 3657 133 30 particulars
1594 3656 69 27 apply
1672 3659 24 19 to

1586 3689 83 22 Waitt
1687 3689 45 22 and
1747 3689 107 22 Tinline.

1321 3720 147 28 Wellington,
1479 3716 83 25 March
1570 3717 20 26 5,
1603 3717 62 20 1841.

1296 3776 88 50 FOR
1402 3774 85 25 SALE,
1508 3779 13 15 a
1539 3770 65 23 small
1621 3770 104 28 quantity
1741 3770 27 21 of
1785 3770 100 26 superior

1369 3802 78 22 SEED
1460 3798 125 23 WHEAT.
1612 3796 78 29 Apply
1705 3800 24 18 to
1746 3796 46 23 Mr.
1808 3798 77 21 James

1296 3830 69 26 Watt,
1374 3828 147 26 Wellington.

1468 3879 106 23 BRIEF
1588 3878 126 22 PAPER.

1299 3916 88 29 T7OR
1401 3914 86 28 SALE,
1499 3916 23 20 at
1530 3913 37 23 the
1715 3910 78 27 Office,
1802 3910 83 22 36-line

1301 3935 31 31 JC
1372 3942 65 23 Brief
1448 3941 77 28 Paper.
