2580 4010
27 27 2422 49 THE

36 107 452 142 NEW
610 87 835 147 ZEALAND
1578 76 866 166 GAZETTE.

2079 260 7 13 I
2114 260 9 13 7
2163 260 45 14 feU
2229 260 17 20 JJ.
2261 260 60 24 Xjkj
2325 280 3 10 t
2335 264 52 31 ''f~^{

571 321 129 36 PORT
723 315 286 38 NICHOLSON,
1032 285 258 87 SATURD^
1310 306 241 37 MORNING,
1573 303 188 35 AUGUST
1787 306 28 34 1,
1839 305 89 28 1840.

36 336 62 31 No.
123 333 62 39 17,]

85 425 80 23 WEW
186 421 171 25 ZEALAND
374 416 184 28 COJMfPANY.
609 414 7 9 '

35 479 89 29 Capital,
139 479 117 25 £100,000,
272 476 24 21 in
305 476 56 21 4000
371 472 114 24 Sharesof
496 470 46 23 .£25
552 468 62 26 each,

255 503 29 21 all
295 501 98 33 paid-up.
419 515 4 4 -

113 559 137 22 Governors
258 555 48 23 The
317 555 64 21 Saul
391 560 28 14 of
429 552 111 22 Duuham.

77 592 90 28 Deputy
323 588 86 26 Josprn
424 586 81 25 Somes,
522 583 51 26 Esq.

100 620 6 5 '
265 622 126 25 Directors:

77 670 3 2 .
90 651 58 27 I,ord
159 651 72 24 Petre,

91 678 59 22 Hon.
162 677 92 22 Francis
263 674 90 26 Baring,
366 674 67 24 M.P.,

87 705 61 22 John
160 703 101 23 Ellorker
271 700 109 26 Boulcolt,
397 699 59 26 Esq.,

88 732 60 22 John
160 731 99 21 W.iliam
271 727 91 25 Buckle,
373 727 60 26 bag.,

90 758 87 26 Russell
188 757 76 26 EUice,
277 755 59 27 Esq.,

90 786 76 23 James
177 783 80 23 Brodie
268 781 101 26 Gordon,
381 781 59 26 Eiq.,

89 813 98 21 Thomas
199 810 64 22 Alers
275 807 104 27 Hankey,
390 807 45 27 Esq
435 821 16 12 M

92 838 98 22 William
203 837 58 21 Hntt
278 835 60 27 Esq.,
351 834 67 25 M.P.,

92 867 94 21 Stewart
197 861 161 30 INJajoribanks,
371 860 59 27 Esq.,

92 893 35 21 Sir
137 891 98 21 William
245 887 151 28 Moleswor^h,
409 886 68 24 Bart.,
488 884 67 25 M.P.,

94 917 130 24 Alexander
233 915 78 24 Nairn,
324 914 60 25 Esq.,

93 944 60 22 John
165 942 65 26 Pirie,
242 940 59 27 Esq.,
313 938 130 25 Alderman,

93 971 36 21 Sir
138 969 89 25 George
237 966 100 25 Sinclair,
350 964 67 24 Bart.,
430 963 70 25 M.P.,

94 996 66 25 John.
166 994 59 22 Abel
235 992 78 26 Smith,
325 992 60 27 Esq.,
397 990 68 26 M.P.,

95 1023 58 21 Wm.
163 1021 137 25 TUomnson^
312 1018 61 28 E^q.,
384 1016 131 26 Alderman,
527 1015 69 25 M.P.,

94 1051 36 21 Sir
140 1049 81 25 Henry
319 1046 69 25 Bart.,

97 1076 84 24 Arthur
191 1074 79 26 Willis,
282 1073 61 27 Esq.,

96 1105 88 24 George
197 1099 116 24 Frederick
326 1102 15 19 V
346 1105 67 20 oung,
424 1098 53 26 Esq.

155 1137 116 24 Secretary
279 1142 5 13 :
300 1133 62 22 John
374 1131 82 26 Ward,
468 1130 52 27 Esq.

47 1197 87 51 THE
143 1195 61 23 main
215 1194 95 22 features
319 1192 26 22 of
352 1192 36 22 the
396 1195 82 24 system
487 1190 26 21 of
520 1188 110 23 coloniza-

118 1224 46 22 tion
176 1220 95 29 adopted
282 1221 28 26 by
322 1220 37 21 the
372 1219 122 26 Company,
511 1216 117 26 are,---lst,

45 1253 23 21 lh
71 1260 9 7 v
91 1251 46 22 sale
147 1250 25 21 of
182 1248 72 26 lands,
268 1251 24 18 at
306 1253 28 14 an
350 1245 97 22 uniform
462 1244 44 21 and
521 1244 110 20 sufficient

47 1279 68 26 price;
134 1276 44 22 and
193 1274 75 27 2ndly,
285 1273 37 23 the
338 1271 153 28 employment
506 1269 25 22 of
543 1276 14 14 a
571 1269 60 26 large

47 1305 83 25 portion
141 1303 26 21 of
173 1302 38 22 the
221 1299 209 29 purchase-money,
440 1304 24 14 as
475 1304 28 14 an
515 1297 116 24 Immigra-

47 1333 42 21 tion
102 1329 71 23 Fund.
205 1328 26 21 In
242 1326 61 22 these
313 1328 104 24 respects,
433 1324 38 21 the
481 1322 119 28 principles
610 1322 22 20 ot

47 1358 66 23 South
129 1354 112 24 Australia
256 1353 56 21 have
328 1352 57 21 been
400 1349 104 23 followed
517 1356 23 14 as
555 1349 77 26 nearly

49 1394 20 14 is
87 1385 172 21 circumstances
275 1378 80 27 would,
375 1378 23 21 in
414 1376 37 23 the
469 1379 90 25 present
574 1382 57 20 case,

72 1444 47 22 The
134 1441 73 29 grand
223 1441 73 26 object
310 1438 26 24 of
351 1438 37 22 the
404 1444 55 19 new,
474 1443 26 14 or
510 1438 123 25 improved,

49 1476 81 21 system
140 1469 26 22 of
177 1469 39 21 the
226 1465 95 29 disppsal
336 1465 27 21 of
379 1463 96 23 colonial
489 1462 71 26 lands,
577 1462 20 21 is
612 1465 22 18 to

48 1498 98 26 regulate
160 1495 38 22 the
214 1493 79 31 supply
308 1493 27 21 of
351 1499 49 14 new
416 1489 60 27 land,
492 1489 30 35 by
537 1489 38 21 the
590 1488 45 21 real

50 1528 67 18 wants
130 1523 25 20 of
169 1521 39 22 the
224 1519 116 25 Colonists,
357 1526 24 13 so
396 1517 49 21 that
459 1517 38 20 the
512 1517 53 19 land
580 1517 56 19 shall

50 1558 66 15 n-n'er
134 1550 26 20 bs
180 1547 70 22 either
270 1543 189 29 superabundant,
481 1550 25 14 or
525 1541 110 25 deficient,

49 1578 69 21 either
135 1580 36 17 too
188 1573 76 26 cheap,
284 1580 24 14 or
328 1575 37 17 too
384 1571 58 21 dear.
482 1569 22 21 It
522 1568 40 21 has
580 1568 56 21 been

49 1605 75 21 shown
135 1603 49 21 that
193 1601 38 21 the
241 1599 43 22 due
297 1597 129 29 proportion
440 1597 102 20 between
558 1596 79 26 people

50 1631 44 25 »nd
101 1629 54 23 land
160 1635 54 20 may
220 1627 26 21 be
255 1624 127 27 constantly
388 1622 93 23 secured
488 1622 30 27 by
524 1622 114 21 abandon-

50 1659 38 24 in?
98 1657 37 22 the
146 1655 37 22 old
193 1657 82 24 system
288 1651 25 22 of
325 1658 95 18 grants,
432 1649 45 22 and
487 1655 115 24 requiring
610 1655 27 14 an

52 1676 95 31 uniform
157 1682 62 27 price
229 1686 39 21 per
277 1685 57 20 acre,
345 1677 40 23 .for
394 1677 29 21 all
433 1683 49 15 new
492 1675 72 25 lands,
575 1675 63 21 with-

52 1715 39 18 out
100 1709 126 27 exception.
255 1705 25 22 If
291 1705 38 21 the
338 1704 60 28 price
409 1703 28 21 be
452 1706 40 18 not
506 1706 36 17 too
557 1702 50 21 low.
623 1701 15 22 it

52 1738 72 21 deters
134 1734 136 23 sneculators
280 1732 57 21 from
347 1730 122 27 -obtaining
483 1728 60 28 land,
560 1728 52 21 with
628 1735 10 14 a

54 1765 53 21 view
118 1767 22 17 to
149 1761 91 26 leaving
249 1759 57 22 their
315 1763 106 27 property
431 1757 21 21 in
464 1764 14 14 a
489 1756 73 21 desert
576 1757 62 24 state,

53 1790 44 23 and
111 1790 51 21 tlun
176 1789 106 29 prevent?
291 1785 109 27 injurious
411 1782 133 29 dispersion;
560 1785 18 18 it
588 1782 50 26 also,

54 1819 28 25 by
94 1815 135 28 compelling
236 1820 67 19 every
310 1811 104 23 labourer
422 1814 22 18 to
452 1809 59 22 work
520 1809 35 21 for
562 1815 77 19 wages,

55 1844 54 23 until
119 1843 29 21 he
157 1842 43 22 has
209 1839 67 24 saved
291 1839 38 21 the
339 1838 53 27 only
403 1844 78 14 means
491 1836 26 21 of
528 1837 111 35 obtaining

55 1870 58 27 land,
125 1870 87 21 insures
227 1874 13 14 a
254 1865 80 28 supply
350 1865 26 21 of
386 1864 79 22 labour
479 1864 34 20 for
528 1862 55 21 hire.
614 1862 25 26 If,

56 1905 27 14 on
94 1897 38 22 the
143 1895 64 22 other
216 1893 68 26 hand,
299 1892 38 22 the
348 1891 60 26 price
417 1891 28 21 be
454 1893 42 18 not
505 1893 36 17 too
550 1888 61 27 high,
627 1893 12 16 11

57 1924 85 22 neither
151 1921 100 23 confines
261 1919 38 22 the
310 1918 87 22 settlers
412 1916 75 22 within
504 1923 13 14 a
531 1922 65 20 space
611 1921 28 15 in-

57 1949 160 26 conveniently
232 1953 93 19 narrow,
343 1952 41 17 nor
399 1944 53 21 does
466 1944 18 20 it
501 1945 93 24 prevent
607 1942 38 21 the

57 1977 77 27 thrifty
149 1976 103 21 labourer
266 1973 59 22 from
339 1971 119 25 becoming
473 1977 13 14 a
498 1970 146 24 land-owner,

59 2004 56 20 after
125 1999 171 26 workfng'some
307 1998 54 20 time
371 1997 123 25 forwages.
500 2001 8 2 '
541 2005 5 3 *

89 2029 18 21 A.
125 2026 117 25 sufficient,
260 2025 41 20 but
319 2027 41 17 not
378 2029 60 14 more
459 2021 54 21 than
533 2020 112 21 sufficient

60 2056 57 27 price
129 2055 33 21 for
176 2053 29 21 all
220 2058 48 15 new
283 2050 61 26 land,
360 2050 19 21 is
394 2048 37 22 the
447 2055 23 14 m
477 2048 31 21 yin
524 2048 85 20 feature
625 2046 24 21 of

61 2083 35 21 the
115 2088 48 14 new
179 2082 82 24 system
277 2077 27 21 of
320 2076 157 22 colonization.
511 2074 21 21 Ir
548 2073 99 21 obviates

60 2116 66 16 every
137 2107 86 27 species
237 2105 26 21 of
276 2103 103 27 bondage
385 2110 5 18 ;
410 2102 30 27 by
455 2100 119 29 providing
590 2106 58 15 com-

60 2135 87 23 binable
157 2133 85 25 labour,
253 2131 18 21 it
280 2130 92 22 renders
381 2129 103 26 industry
491 2135 53 20 very
554 2126 94 28 produc-

62 2163 49 22 tive,
123 2160 44 23 and
176 2158 122 23 maintains
307 2157 55 21 both
371 2155 54 28 high
440 2162 80 20 wages,
537 2154 45 21 and
597 2154 52 25 high

62 2189 86 27 profits;
170 2187 18 21 it
205 2185 76 22 makes
300 2184 37 21 the
357 2182 80 28 colony
454 2189 23 14 as
494 2180 115 23 attractive
627 2186 23 14 as

63 2215 99 26 possible,
178 2212 55 22 both
249 2216 23 16 to
287 2210 122 27 capitalists
424 2208 46 22 and
485 2211 22 18 to
522 2207 127 22 labourers;

63 2243 43 22 and
116 2245 40 19 not
165 2238 85 28 merely
261 2241 21 18 to
293 2237 69 27 these,
376 2237 41 21 but
426 2236 53 25 also,
489 2234 31 27 by
529 2234 123 23 bestowing

63 2278 27 13 on
106 2269 37 21 the
155 2267 88 25 colony,
261 2264 36 22 the
308 2264 74 22 better
396 2262 117 22 attributes
529 2260 25 21 of
571 2267 29 14 an
616 2260 36 20 old

63 2297 89 26 society,
164 2298 22 18 to
196 2293 62 21 those
267 2290 48 22 who
324 2290 57 21 have
389 2297 13 14 a
410 2289 90 21 distaste
508 2288 33 21 for
550 2287 58 21 what
613 2287 41 20 has

63 2322 125 23 heretofore
198 2320 58 21 been
266 2318 37 22 the
318 2316 113 28 primitive
440 2314 114 23 condition
566 2313 26 22 of
603 2319 48 15 new

65 2349 105 24 colonies.
416 2369 4 5 .
459 2368 5 5 .
626 2365 6 11 ,

89 2376 48 22 The
148 2377 64 24 great
222 2372 72 27 object
304 2370 25 22 of
341 2370 38 21 the
388 2377 61 20 price
458 2376 19 14 is
489 2371 22 18 to
526 2373 77 16 secure
618 2370 36 17 the

65 2407 58 18 most
132 2399 108 25 desirable
250 2397 141 28 proportions
400 2396 101 21 between
515 2393 80 28 people
609 2392 45 22 and

66 2429 52 23 land
125 2438 5 16 ;
146 2429 41 21 but
197 2426 37 22 the
244 2425 53 28 plan
307 2424 41 22 has
358 2424 37 21 the
402 2422 87 22 further
495 2421 70 22 result
572 2420 26 21 of
604 2427 51 19 pro-

66 2457 82 24 ducing
158 2462 14 14 a
181 2459 106 18 revenue,
304 2450 72 22 which
391 2449 45 22 will
451 2452 40 19 not
507 2448 53 26 qnly
576 2448 78 25 supply

67 2484 36 21 the
115 2481 107 28 requisite
235 2479 66 27 profit
316 2481 23 18 to
355 2476 36 22 the
407 2474 154 23 shareholders
576 2474 25 20 of
618 2474 36 20 the

68 2511 120 25 Cjmpiny,
214 2507 40 21 but
277 2504 111 22 furnishes
412 2502 37 22 the
472 2509 78 14 means
569 2500 33 21 for
626 2506 28 14 an

70 2535 154 28 Immigration
235 2532 104 26 Fund,—
340 2539 14 13 a
362 2529 55 23 fund
424 2528 126 26 constantly
558 2526 98 28 applica-

68 2564 35 22 ble
120 2566 23 18 to
158 2561 39 22 the
213 2566 95 21 purpose
325 2558 26 22 of
364 2556 105 27 bringing
483 2555 79 22 labour
579 2557 23 18 to
619 2555 37 19 the

69 2590 79 25 colony
148 2601 31 4 —
181 2588 50 21 that
244 2587 24 26 is,
286 2586 23 20 in
328 2584 92 24 causing
437 2582 37 22 the
491 2582 49 22 best
558 2587 56 15 sort
633 2580 26 20 of

69 2612 149 27 colonization
229 2617 21 17 to
260 2611 97 27 proceed
366 2613 22 18 at
400 2610 37 21 the
451 2611 96 25 greatest
559 2608 97 26 possible

69 2647 53 18 rate.
151 2641 56 23 And
214 2639 43 23 this
264 2639 19 21 is
290 2638 37 21 the
336 2636 83 23 second
427 2636 86 22 feature
524 2635 25 21 of
561 2635 38 20 the
608 2639 49 15 new

70 2677 88 18 system.
367 2690 6 5 ,
464 2688 6 7 ,

96 2697 47 21 Th»
153 2693 154 27 employment
317 2691 26 20 of
358 2690 37 21 the
410 2688 208 28 purchase-money,
635 2692 24 14 or

71 2723 36 23 the
117 2720 110 30 principal
236 2722 51 25 part
296 2718 24 21 of
332 2718 24 24 it,
367 2718 22 21 in
401 2716 126 26 conveying
536 2715 86 20 settlers
636 2715 23 17 to

71 2751 36 21 the
118 2749 89 26 colony,
217 2747 40 21 has
268 2745 37 22 the
314 2744 116 26 following
439 2742 83 22 effects.
551 2741 23 21 It
583 2741 77 20 makes

71 2777 37 22 the
122 2775 132 28 purchasers
270 2772 26 22 of
311 2770 55 23 land
381 2777 36 15 see
431 2769 93 28 plainly,
539 2768 49 21 that
597 2768 64 19 -then-

72 2811 81 18 money
163 2801 45 22 will
218 2801 27 21 he
255 2798 107 22 returned
372 2798 21 21 in
410 2796 37 22 the
461 2796 68 27 shape
542 2796 26 19 of
583 2796 79 19 labour

72 2830 44 23 and
125 2827 138 30 population.
295 2826 20 21 It
325 2824 71 26 tends,
412 2824 23 21 in
445 2823 53 26 fact,
514 2825 22 18 to
545 2821 69 21 lower
625 2821 36 19 the

73 2863 116 20 necessary
209 2852 106 24 standard
334 2852 27 21 of
376 2850 67 28 price,
459 2850 101 24 because,
581 2849 52 19 with
649 2853 13 14 a

73 2886 103 21 constant
184 2881 73 23 influx
268 2880 26 21 of
304 2877 80 30 people
394 2881 22 18 to
427 2876 37 22 the
475 2876 87 26 colony,
572 2876 37 19 the
619 2876 44 18 due

73 2911 128 26 proportion
207 2909 101 21 between
315 2905 79 28 people
402 2904 45 21 and
453 2904 55 21 land
515 2909 51 19 may
574 2904 28 18 be
611 2904 52 17 Kent

75 2946 28 17 up
111 2937 30 23 by
153 2944 12 14 a
174 2936 68 22 lower
250 2933 68 27 price,
332 2932 54 22 than
396 2931 21 22 if
428 2930 62 22 there
502 2936 56 15 were
568 2935 30 14 no
607 2928 54 20 such

75 2963 150 28 immigration
231 2977 5 5 .
256 2961 22 21 It
289 2959 110 21 therefore
405 2956 131 23 diminishes
543 2956 38 20 the
588 2956 77 25 period

76 2991 80 26 during
165 2987 73 24 which
247 2987 39 21 the
294 2986 106 22 labourer
412 2986 61 19 must
485 2982 60 22 work
560 2982 35 20 for
609 2982 56 23 lure,

77 3017 43 23 and
129 3017 30 25 by
169 3015 40 22 the
223 3013 62 27 rapid
300 3018 102 19 progress
417 3009 72 22 which
504 3009 18 20 it
535 3008 93 26 imparts
643 3009 23 17 to

77 3044 36 22 the
122 3043 51 21 best
181 3044 48 19 sort
237 3040 26 22 of
274 3037 157 25 colonisation,
447 3036 17 21 it
478 3034 103 28 explains
597 3036 21 18 to
628 3034 38 19 the

78 3069 117 25 labouring
204 3067 55 22 class
270 3066 27 21 of
302 3064 148 26 immigrants,
461 3061 49 22 that
519 3067 66 20 every
594 3066 41 14 one
645 3061 21 18 ot

78 3097 60 22 them
152 3095 50 21 who
219 3094 18 21 is
251 3091 137 23 industrious
405 3089 46 22 and
468 3088 84 26 thrifty,
570 3092 53 19 may
640 3088 27 18 be

77 3130 50 16 sure
137 3125 21 19 to
168 3122 93 22 become
274 3122 41 20 not
329 3116 85 28 merely
430 3123 28 14 an
474 3121 75 16 owner
564 3114 27 20 of
606 3114 60 22 land,

78 3151 40 18 but
134 3149 46 20 also
197 3148 24 21 in
239 3146 36 22 his
294 3149 60 20 turn,
374 3151 30 14 an
425 3142 114 27 employer
558 3141 27 20 of
605 3141 63 19 hired

78 3177 122 22 labourers,
211 3182 14 14 a
233 3176 82 20 master
325 3172 27 21 of
362 3173 108 19 servants.

108 3203 65 22 From
183 3197 62 27 these
255 3198 183 24 considerations,
454 3197 38 20 the
503 3197 116 23 Company
630 3197 39 16 lias

80 3229 96 26 adopted
195 3227 38 23 the
249 3233 61 15 same
328 3227 83 25 system
428 3222 26 22 of
470 3221 115 27 disposing
600 3220 25 20 of
641 3221 29 19 its

81 3261 66 17 waste
158 3255 74 26 lands,
247 3261 24 13 as
287 3252 41 22 has
342 3250 91 26 already
447 3248 85 28 proved
545 3248 80 25 highly
637 3248 33 18 fa-

81 3283 105 23 vourable
202 3285 23 17 to
238 3280 38 22 the
290 3277 184 30 productiveness
488 3274 26 22 of
529 3276 103 22 industry
647 3278 23 14 in

80 3309 71 23 South
162 3307 121 23 Australia.
312 3305 29 21 In
351 3311 14 14 a
376 3310 48 15 new
436 3301 88 31 colony,
538 3301 95 26 planted
647 3305 23 15 in

81 3344 14 14 a
103 3336 73 22 fertile
187 3334 46 22 and
247 3331 116 23 extensive
378 3328 111 26 territory,
504 3330 20 19 it
536 3334 20 14 is
571 3328 100 23 obvious,

82 3363 49 22 that
149 3362 38 22 the
204 3358 170 25 establishment
388 3356 26 22 of
430 3354 55 23 such
501 3361 13 14 a
528 3355 83 26 system
626 3358 19 14 is
661 3358 13 14 a

21 3387 38 28 CL
80 3393 83 20 matter
180 3388 28 22 of
226 3387 36 21 the
278 3386 93 26 deepest
387 3384 102 21 moment
506 3384 23 17 to
545 3379 38 22 the
600 3379 73 21 future

83 3416 89 22 welfare
184 3414 27 22 of
224 3413 91 26 society.
368 3410 66 22 From
449 3411 18 18 it
482 3407 38 22 the
534 3407 50 21 best
600 3407 75 20 effects

85 3450 51 18 may
145 3441 54 23 with
210 3439 129 24 confidence
349 3438 29 21 be
387 3434 148 28 anticipated:
551 3440 14 14 a
571 3434 105 20 constant

86 3470 44 22 ■md
138 3468 90 27 regular
237 3466 80 27 supply
327 3464 27 22 of
365 3471 50 14 new
423 3461 55 22 land
487 3461 24 22 in
526 3460 43 21 due
583 3464 92 22 propor-

82 3497 47 22 tion
139 3500 23 18 to
172 3495 39 22 the
230 3501 19 14 w
256 3496 45 19 nits
309 3492 27 21 of
347 3499 13 14 a
368 3488 131 31 population
512 3492 125 19 increasing
649 3488 29 23 by

84 3523 70 21 hirths
163 3521 47 23 and
224 3518 151 28 immigration
382 3525 4 17 ;
405 3516 30 23 all
451 3515 38 22 the
504 3515 136 23 advantages
654 3515 24 17 to

87 3549 70 21 which
167 3548 103 22 facilities
278 3546 26 21 of
315 3547 114 25 transport
435 3541 45 23 and
487 3541 190 22 communication

87 3582 38 15 are
135 3574 103 22 essential
245 3581 5 17 ;
268 3572 110 25 certainty
391 3570 27 21 of
427 3568 77 26 limits,
520 3567 46 22 and
581 3567 97 24 security

88 3602 25 21 of
125 3601 48 21 title
183 3603 24 19 to
216 3602 104 25 property
330 3598 23 21 in
367 3596 66 25 land;
449 3595 38 22 the
496 3595 99 26 greatest
606 3593 72 20 facili-

87 3628 42 22 ties
139 3634 28 14 on
178 3626 116 27 acquiring
303 3624 38 21 the
353 3623 42 22 due
405 3621 115 28 quantity;
535 3620 39 21 the
584 3620 98 23 greatest

87 3655 191 25 encouragement
291 3654 22 17 to
322 3648 152 28 immigration
485 3647 46 21 and
539 3647 141 22 settlement;

89 3680 45 23 and
148 3679 39 22 the
203 3681 57 19 most
273 3676 63 28 rapid
352 3682 102 22 progress
468 3673 26 21 of
510 3672 38 22 the
562 3673 80 33 people
656 3676 24 15 in

90 3705 101 26 material
202 3704 94 23 comfort
305 3702 46 23 and
360 3701 68 23 social
436 3701 172 27 improvement.

117 3741 48 22 The
176 3737 66 24 Land
250 3737 71 21 Office
337 3736 37 22 for
388 3734 63 23 Sales
466 3731 46 24 and
527 3727 118 25 Transfers
663 3727 20 22 is

92 3775 49 15 now
151 3772 59 21 open
222 3768 22 18 at
257 3764 54 22 Port
327 3762 132 24 Nicholson,
477 3758 46 23 and
538 3758 38 21 the
594 3758 54 19 land
663 3760 20 15 is

90 3794 49 23 sold
146 3794 23 21 in
178 3791 97 23 sections
280 3790 26 22 of
317 3791 41 20 100
365 3795 62 15 acres
435 3786 62 26 each,
506 3785 60 22 at£l
575 3789 41 21 per
623 3787 58 16 acre.

89 3822 48 23 The
152 3819 126 26 advantage
294 3816 25 22 of
333 3814 135 29 purchasing
483 3812 77 22 before
580 3812 38 19 the
634 3814 49 15 sur-

91 3856 55 17 veys
155 3854 38 15 are
203 3845 24 22 in
238 3852 14 14 a
265 3842 135 27 sufficiently
409 3838 97 24 forward
514 3840 57 19 stale
584 3839 23 18 to
618 3836 64 20 allow

90 3857 169 42 o/immediate
273 3869 115 23 selection,
404 3867 27 27 is,
446 3866 50 21 that
508 3864 38 22 the
555 3864 90 26 priority
652 3859 33 31 .of

90 3902 79 25 choice,
186 3901 21 22 is
331 3896 24 23 in
372 3895 39 21 the
430 3892 66 23 order
512 3897 25 16 in
551 3889 74 23 which
643 3889 39 20 the

90 3929 143 27 registration
243 3925 27 24 of
280 3923 38 23 the
328 3920 109 29 purchase
446 3926 17 15 is
463 3927 3 12 ;
474 3920 75 20 made.

115 3947 59 31 1»ort
182 3952 131 25 Nicholion,
402 3947 34 25 14,
446 3946 62 21 1840.

1247 322 7 17 £

1245 343 9 23 i

683 412 114 23 UNION
811 409 99 23 BANK
924 409 43 21 OP
983 405 219 24 AUSTRALIA.

648 447 93 25 London
757 445 96 25 jOfficjs,
870 442 42 26 No.
927 443 35 24 38,
981 442 50 21 Old
1047 439 183 24 Broad-street.

703 498 93 29 Capital,
807 498 119 25 £500,000;
946 494 53 28 paid
1008 501 36 20 up,
1060 492 119 27 £300,000.

879 548 112 23 Directors
997 553 5 15 :

704 579 88 25 George
803 576 47 22 Fife
861 576 82 25 Angas,
957 574 60 26 Esq.,

705 605 85 22 Robert
800 602 89 26 Brooks,
903 601 58 27 Esq.,
997 604 4 5 '

705 632 76 21 James
792 630 59 22 John
862 630 122 23 Cummins,
996 626 59 27 Esq..

705 658 85 22 Robart
799 655 121 25 Gardener,
931 654 61 27 Esq.,
1005 652 149 25 Manchester,

705 685 61 24 J.ohn
778 684 66 25 Gore,
858 682 57 27 Esq.,

706 710 91 23 Charles
808 708 105 28 Hindtey,
925 707 60 27 Esq.,
997 705 68 26 M.P.,

706 737 118 28 Bsnjamin
838 736 23 21 E.
874 734 78 25 Lindo,
960 732 59 28 Esq.,

707 764 91 23 Charles
809 761 94 23 Edward
912 759 90 27 Mangle
1005 766 15 19 3,
1033 759 60 24 Ew.,

707 790 142 27 Christppher
861 788 100 26 Rajyson,
974 786 63 27 Esq.,,
1045 785 98 24 HaUFas,

707 818 98 22 Thomas
816 812 76 29 Sands,
905 814 58 27 Esq.,
976 812 122 27 Liverpool,

708 844 77 23 James
795 842 69 27 Bogle
875 840 77 26 Smith,
964 839 58 27 Esq.,

709 871 77 22 James
797 868 95 23 Ruddell
901 866 70 26 TodJ,
983 866 52 26 bsq,

655 905 116 21 Trustees:
797 903 95 21 George
911 900 64 21 Care
992 898 80 26 .Glyn,
1096 895 59 28 Esq.,
1178 894 60 21 John
1245 907 6 3 -

692 930 74 25 Gore,
778 929 60 26 Esq.,
854 927 45 21 and
907 926 75 21 James
992 924 22 22 J.
1026 924 115 23 Cummins,
1154 922 50 25 Lsq.

658 962 112 24 Bankers:
796 961 89 24 Messrs.
910 959 66 24 Glvn
979 969 7 15 ;
1009 957 128 24 Hallifax,
1159 953 81 25 Mills,

903 985 43 23 and
959 985 40 22 Co.

741 1023 116 26 Secretary
865 1029 5 13 :
886 1021 93 22 Samuel
990 1018 109 25 Jackson,
1111 1015 51 27 Esq.

696 1056 101 24 Colonial
808 1056 112 27 Inspector
929 1061 5 14 :
950 1053 22 21 J.
983 1053 24 21 C.
1019 1051 122 24 M'Laren,
1156 1048 51 27 E3q.

782 1110 69 21 New
868 1107 122 22 Zealand
1007 1103 117 24 Branch.

663 1144 65 25 Local
740 1144 125 22 Directors:
882 1142 56 21 Geo.
950 1141 22 21 S.
984 1139 81 25 Evans,
1082 1136 59 28 E«i«,
1155 1133 89 27 D.C.L.,

725 1171 62 22 Edw.
798 1169 73 23 Betts
882 1168 101 25 Hopper,
997 1166 58 27 Esq.,
1069 1164 46 22 and
1126 1164 56 21 Geo.

872 1195 106 25 Hunter,
989 1193 52 27 Esq.

664 1232 108 24 Manager
781 1238 5 14 :
802 1230 62 21 John
875 1229 82 24 Smith,
968 1227 60 26 Esq.,
1044 1224 44 22 late
1098 1223 27 21 of
1136 1222 37 22 the
1183 1222 64 22 Com-

712 1256 92 24 mercial
814 1255 63 27 Bank
888 1255 25 21 of
925 1252 110 28 England,
1047 1249 150 24 Manchester.

773 1289 113 23 Branches
897 1291 22 19 at
934 1286 97 27 Sydney,

936 1313 89 22 Hobart
1033 1311 76 26 Town,

938 1340 148 24 Launceston,
1097 1335 45 24 and

938 1367 52 22 Port
1002 1364 78 28 Philip.

666 1406 52 22 Port
727 1404 131 25 Nicholson,
871 1400 77 23 March
959 1401 33 25 21,
1004 1400 60 21 1810.

668 1458 90 49 THE
776 1457 113 22 Directors
906 1453 25 22 of
948 1452 37 22 the
1002 1451 56 22 New
1073 1448 101 24 Zealand
1190 1446 63 28 Land

743 1485 115 25 Company
873 1480 83 27 hereby
973 1479 50 27 give
1040 1477 81 25 notice,
1138 1478 47 18 that
1202 1476 51 25 they

667 1512 57 21 have
732 1517 112 16 EFFECTED
856 1515 27 14 AN
896 1514 42 15 AKIt
943 1511 122 16 ANGEME^T
1074 1504 52 20 With
1134 1504 37 19 the
1181 1504 72 19 UlUOll

668 1538 63 22 Bank
747 1537 25 22 of
790 1534 118 26 Australia,
925 1533 44 21 No.
986 1533 34 24 3S,
1036 1530 43 22 Old
1096 1528 158 40 Broad-streety

670 1564 101 25 London,
782 1563 35 21 for
826 1561 37 22 the
877 1559 166 23 establishment
1057 1557 25 21 of
1095 1564 15 13 a
1127 1556 133 21 BRANCH,

670 1590 87 23 BANK
774 1589 33 25 IN
822 1587 71 23 NEW
907 1583 157 27 ZEALAND,
1079 1582 95 27 through
1185 1580 71 23 which

670 1618 36 21 the
715 1617 103 24 business
831 1615 26 21 of
870 1614 36 22 the
924 1613 56 21 New
998 1610 99 22 Zealand
1112 1610 64 23 Land
1192 1610 65 19 Com-

669 1651 60 19 pany
739 1643 44 22 will
792 1643 28 21 be
831 1639 132 24 transacted.
991 1637 48 22 The
1054 1637 115 21 Directors
1185 1634 72 21 there-

670 1672 47 21 fore
726 1667 145 25 recommend
880 1672 23 17 t:>
919 1665 111 23 Colonists
1046 1663 37 21 the
1101 1663 74 20 Union
1193 1663 64 19 Bank

671 1698 26 21 of
715 1696 115 23 Australia
847 1702 24 14 as
889 1701 28 15 an
943 1690 169 24 establishment
1134 1694 125 22 possessing

672 1724 57 22 their
746 1724 70 21 entire
839 1721 135 24 confidence,
995 1717 45 22 and
1059 1716 49 22 able
1128 1719 22 18 to
1168 1715 91 25 provide

672 1750 126 27 effectually
815 1749 33 21 for
865 1747 36 23 the
915 1744 106 24 financial
1036 1747 70 18 wants
1123 1743 25 20 of
1160 1743 35 20 the
1213 1744 48 18 nrdt

673 1778 134 22 settlement.

842 1802 35 27 By
887 1800 64 22 order
960 1798 26 22 of
997 1797 37 22 the
1044 1797 80 25 Board,

919 1832 85 23 JOHN
1012 1830 111 27 'WARD,
1139 1829 122 26 Secretary.

675 1872 56 21 New
741 1869 100 23 Zealand
851 1867 64 26 Land
924 1865 135 28 Company's
1068 1863 79 27 Office,

703 1900 19 24 1,
734 1898 159 23 Adam-street,
905 1893 104 27 Adelphi,
1020 1891 51 23 27th
1082 1891 68 25 Aug.,
1162 1890 59 20 1839.

773 1947 140 22 MESSRS.
927 1944 140 24 HPPPER
1082 1943 21 20 &
1119 1943 50 19 CO.

677 1982 91 53 BEG
791 1985 22 16 to
835 1985 128 16 announce^
972 1977 49 21 that
1029 1975 79 25 -their,
1113 1975 102 25 ..Factory
1232 1973 35 21 for

754 2006 90 23 Smith's
855 2004 59 22 work
923 2004 25 21 in
957 2001 180 29 generali'snow
1147 2007 64 20 open,
1226 1999 39 21 ad.-

674 2035 90 27 joining
774 2033 58 22 their
846 2033 69 25 Store,
933 2034 55 17 next
1003 2029 37 21 the
1055 2028 75 22 native
1146 2026 53 26 Pah,
1218 2026 48 21 Bri-

678 2062 84 26 tannia,
782 2060 72 21 where
870 2058 48 26 ship
928 2057 46 21 and
989 2057 53 20 boat
1051 2053 118 26 ironwork,
1185 2057 81 21 stoves,

678 2092 80 23 grates,
776 2093 75 19 ovens,
868 2086 47 25 &c,
926 2091 37 14 are
973 2082 66 24 made
1049 2081 44 22 and
1104 2079 102 28 repaired
1215 2079 53 21 with

680 2113 110 29 dispatch.

957 2144 63 19 ALSO,

709 2173 152 27 Engineering
872 2171 43 23 and
920 2169 148 27 Millwright's
1075 2167 61 23 work
1146 2164 125 25 conducted

682 2203 30 26 by
724 2201 43 22 Mr.
780 2200 30 22 H.
823 2200 92 26 Royton.

710 2235 48 22 The
765 2233 114 26 following
884 2231 88 22 articles
979 2237 52 20 may
1038 2229 27 22 be
1071 2227 46 23 had
1125 2231 21 18 at
1157 2226 36 22 the
1202 2226 69 21 above

684 2263 70 25 Store,
774 2267 26 15 or
816 2264 23 17 at
857 2258 56 22 their
931 2259 64 22 Stpre
1014 2257 30 26 by
1063 2255 36 21 the
1120 2254 66 22 River
1206 2253 65 25 Hutt,

685 2287 118 23 wholesale
814 2294 25 14 or
851 2285 72 22 retail:
925 2296 31 4 —
957 2291 12 14 a
982 2284 60 26 large
1053 2284 133 20 assortment
1196 2280 25 21 of
1232 2280 41 20 sail

685 2322 94 15 canvass
803 2313 44 24 and
868 2312 63 26 duck,
958 2310 108 25 blankets,
1093 2315 60 20 rugs,
1171 2307 101 24 flannels,

686 2342 51 22 blue
753 2340 60 23 cloth
826 2339 86 28 jackets
926 2337 45 22 and
986 2341 103 20 trousers,
1105 2333 109 28 superfine
1229 2333 44 25 do.,

685 2368 89 26 Tweed,
796 2365 133 24 Wharnoliff
943 2363 45 24 and
1007 2363 53 22 cord
1079 2366 103 21 trousers,
1202 2363 72 23 gents,

686 2396 74 26 riding
770 2398 69 22 coats,
854 2392 51 23 blue
919 2391 56 28 pilot
985 2393 67 23 coats,
1063 2387 95 23 worsted
1173 2387 44 21 and
1228 2390 47 18 cot-

687 2427 37 17 ton
743 2422 64 22 socks
823 2415 51 27 and'
884 2418 120 27 stockings,
1021 2415 101 28 superior
1138 2418 83 22 strong-
1230 2413 45 21 and

687 2449 57 27 light
762 2448 73 22 men's
854 2446 71 25 shoes,
942 2445 60 26 plain
1020 2442 43 25 and
1081 2441 90 31 printed
1186 2441 89 24 calicos,

687 2475 84 28 striped
781 2474 67 22 shirts
859 2472 44 22 and
913 2471 102 26 shirting.

713 2509 68 22 Tools
786 2508 44 22 and
837 2507 90 26 cutlery,
932 2512 58 21 Bins,
999 2502 97 26 needles,
1102 2500 121 27 fishhooks,
1230 2506 47 20 gun

687 2537 67 26 flints,
765 2535 98 28 powder,
875 2533 44 21 and
928 2540 13 13 a
952 2532 84 26 variety
1047 2529 25 22 of
1079 2531 56 19 comb
1135 2531 28 19 3.

715 2566 242 26 Provisions.—Flour,
965 2564 87 25 biscuit,
1061 2563 52 26 rice,
1125 2561 85 26 raisins,
1226 2560 52 22 but-

689 2601 39 22 ter,
736 2601 42 21 tea,
785 2596 74 24 coffee,
866 2600 71 20 sugar,
945 2599 61 20 soap,
1012 2590 77 28 spices,
1096 2596 84 18 sauces,
1186 2589 92 28 pipkles,

688 2625 70 24 hams,
774 2627 101 21 tongues,
886 2619 105 26 mustard,
1009 2617 42 22 salt
1059 2616 46 22 and
1115 2615 79 22 starch.
1211 2641 5 5 _
1225 2615 54 20 And

689 2659 13 13 a
712 2650 85 26 variety
809 2649 25 20 of
840 2647 87 22 articles
936 2650 38 17 too
985 2650 120 17 numerous
1115 2646 21 21 to.
1146 2645 110 20 mention.

717 2684 84 23 July.'?,
814 2683 59 21 IS-tO.

699 2739 84 48 J^HE
800 2733 225 25 UNDERSIGNED
1037 2732 54 21 oiler
1097 2732 35 21 for
1139 2730 57 26 Sale,
1206 2736 28 15 on
1243 2728 37 22 the

767 2765 45 21 Lot
821 2763 70 22 above
902 2761 45 23 Col.
959 2758 153 27 Wakefield's,

718 2808 42 21 300
770 2806 70 22 dozen
849 2802 129 28 Hodgson's
986 2800 51 29 pale
1047 2799 42 28 ale,

719 2836 29 19 50
757 2834 51 21 best
817 2829 136 29 Westphalia
962 2829 72 23 hams,

720 2862 41 21 200
770 2862 64 19 2-cut
842 2858 78 28 yellow
931 2855 69 27 deals,

722 2888 99 24 Battens,

720 2916 29 21 30
759 2914 71 22 dozen
840 2911 59 28 good
908 2910 84 27 sherry,

721 2944 15 19 4
745 2941 65 22 hhds.
820 2939 99 28 superior
929 2936 98 27 Brandy,

722 2970 29 21 30
760 2967 64 23 casks
835 2965 63 26 nails,
908 2962 107 24 assorted.

898 3000 26 22 T.
940 2999 34 22 M.
990 2995 183 25 PARTRIDGE
1184 2993 44 23 and
1239 2993 47 23 CQ.

888 3033 53 22 Bills
952 3040 28 13 on
992 3031 98 28 Sydney.

727 3073 53 21 Port
790 3069 129 25 Nicholson,
930 3066 37 22 Bth
980 3064 71 28 April,
1063 3064 61 21 1840.

752 3127 20 22 N
790 3124 83 24 SALT!,
892 3130 27 14 ox
933 3117 187 30 S4M,Y.VU,
1140 3114 91 28 HOPE,
1244 3113 45 23 and

780 3149 170 26 PO.ITENIA:

728 3187 47 23 Salt
784 3185 55 23 beef
844 3185 23 22 in
877 3182 91 25 barrels,

729 3214 75 26 Flour,
816 3214 40 20 Ist.
870 3210 45 23 and
923 3208 53 23 2nd.

731 3241 78 22 Bitter
819 3240 22 21 in
851 3238 78 22 firkins
938 3236 46 21 and
992 3236 62 25 kegs,

732 3266 96 24 Manilla
839 3271 71 21 sugar,

732 3294 70 22 Black
812 3297 36 17 tea
856 3292 23 21 in
890 3290 56 22 291b.
957 3289 77 25 boxes,

733 3321 63 24 Rice,

734 3348 113 22 Currants,

734 3374 87 27 Pepper
830 3370 45 24 and
883 3369 48 25 salt,

732 3400 110 25 Tobacco,
853 3394 128 30 negrohea-l
990 3393 46 22 and
1045 3393 133 25 Cavendish,

734 3428 49 21 Tin.
797 3426 78 21 mints,
888 3422 44 24 and
942 3421 39 23 oil.

734 3453 87 23 Yellow
830 3459 60 20 soap,

734 3480 72 27 Nails,
818 3479 87 22 various
913 3476 64 26 sizes,

736 3508 72 26 Camp
818 3513 74 17 ovens,
1308 3509 1 2 '

738 3534 99 26 Powder,
848 3531 46 24 and
902 3530 56 26 shot,
1148 3546 2 5 .
1172 3549 4 4 .
1308 3541 2 17 I

738 3562 71 26 Slops,
821 3561 42 20 viz.
872 3557 93 29 jackets,
978 3555 62 22 frock
1051 3559 68 18 coa.s,

741 3588 70 21 Inner
821 3586 73 21 slurs.
1133 3602 6 8 ,
1157 3595 3 5 •
1178 3602 14 5 ..

738 3614 82 24 Prints,
830 3608 108 25 bleached
947 3607 45 23 and
1001 3605 140 25 unbleached
1152 3608 26 16 ca
1186 3608 42 19 ico,

738 3639 83 25 Twills,
996 3659 5 7 ,
1093 3656 4 5 •
1125 3655 26 11 ,v
1158 3654 11 12 j

739 3666 83 27 Taylor
829 3663 44 23 and
882 3662 111 22 Trueman
1004 3666 10 14 s
1023 3660 60 21 stout
1091 3662 24 16 in
1126 3657 64 24 hhds,

740 3690 96 31 Spanish
844 3689 40 23 red
894 3688 63 26 wins,

741 3720 54 21 Port
804 3718 23 21 in
838 3715 86 26 bottles,
1284 3729 3 3 .

741 3746 54 25 Gin,
806 3746 26 20 33
843 3750 39 21 per
892 3744 57 19 cent.
960 3741 28 24 Q.
1000 3740 25 24 P.

741 3772 68 26 Rum,

741 3799 21 22 A
774 3805 49 15 new
832 3795 95 27 whaling
936 3795 60 25 boat,

743 3826 57 21 Oms
801 3841 6 6 '
1072 3840 121 25 ROBERT
1202 3838 72 23 TOD.

709 3889 40 66 W~~
788 3903 111 25 ANTED,
919 3909 13 14 a
953 3899 97 23 number
1070 3896 28 22 of
1118 3896 183 21 Brick-makers.

814 3930 75 28 Apply
898 3932 22 18 at
929 3927 38 23 the
1139 3920 77 25 Office.

1266 400 21 35 ■|
1319 408 8 5 <■
1339 414 4 5 .
1367 399 174 22 -^WEEKLY
1556 397 161 22 MARKET.

1265 428 87 32 li/TR-
1367 434 21 22 J-
1403 432 143 23 TELFORD
1561 431 40 22 has
1615 428 109 27 arranged
1733 432 23 17 to
1765 427 58 22 have
1833 433 12 14 a

1257 453 65 30 -IVI
1352 467 92 15 WEEKLY
1469 465 92 15 MARKET
1588 464 28 15 Oil
1640 454 138 24 MONDAY
1802 453 44 22 81ld

1263 487 165 23 SATURDAY
1444 484 165 26 EVENINGS,
1625 487 24 18 at
1657 482 34 22 his
1701 480 145 27 Warehouse,

1264 513 55 23 from
1329 516 14 19 4
1353 519 21 17 to
1385 515 13 21 7
1409 512 92 26 o'clock,
1512 511 68 27 being
1593 508 108 23 intended
1717 507 82 27 chiefly
1814 507 34 21 for

1265 540 35 22 felie
1321 539 191 23 accommodation
1533 538 26 21 of
1576 535 141 23 Workmen's
1737 534 111 22 Families.

1264 567 46 23 The
1329 567 113 27 following
1461 565 87 22 articles
1567 563 43 25 wijl
1628 562 37 22 be-
1674 562 50 22 sold
1741 561 29 22 in'
1785 560 64 23 small

1266 594 123 28 quantities,
1400 598 25 17 at
1433 591 130 24 reasonable
1573 590 70 28 prices
1650 597 4 13 :
1656 601 31 5 —

1293 628 73 26 Flour,
1387 626 103 27 oatmea},
1509 632 73 19 sugar,
1601 627 44 23 tea,
1668 622 78 26 «uffee,
1769 621 81 25 butter,

1267 654 85 26 cheese,
1363 653 97 26 candles,
1472 660 59 19 soap,
1543 652 40 21 &c.
1594 651 40 21 &c.

1294 680 54 23 Port
1356 679 130 27 Nicholson,
1496 679 61 21 June
1567 678 32 25 15,
1611 677 60 21 1840.

1428 733 98 21 LAND
1545 731 144 22 ORDERS,
1730 738 6 10 n

1270 767 163 51 SEVERAL
1439 766 43 22 lots
1489 766 26 21 of
1520 766 51 21 Tew
1574 772 14 13 n
1596 763 46 22 :.ad
1649 764 98 25 Country
1754 761 100 22 Sections

1335 796 33 20 for
1377 794 58 26 Sale,
1447 794 28 26 by
1494 792 88 22 VAvnie
1598 790 112 22 Contract.
1739 787 75 28 Apply
1832 790 22 17 to

1272 823 24 21 R.
1314 822 26 22 R.
1352 821 103 25 .Strano,
1477 820 59 26 Esq.,
1554 817 107 25 Solicitor,
1677 816 44 21 No.
1734 816 22 25 4,
1775 814 80 35 Clyde-

1272 853 89 21 terrace,
1373 854 24 14 or
1407 851 22 17 to
1440 846 44 21 Mr.
1494 846 23 21 J.
1527 843 97 24 Telford.
1656 841 89 25 Several
1756 841 25 21 of
1794 841 61 20 these

1259 870 74 27 'acres
1343 874 42 21 will
1394 874 28 20 be
1433 871 153 26 sub-divided,'
1592 874 22 21 tp
1625 870 43 21 suit
1677 868 140 27 purchasers.

1260 897 19 36 %
1298 908 54 21 Port
1361 906 129 25 Nichobon,
1502 904 65 28 April
1576 905 32 24 24,
1620 904 60 22 1840.

1486 960 47 20 ON
1548 957 96 22 SALE.
1663 963 7 4 -

1336 996 30 24 m.
1380 995 22 23 J.
1416 993 144 24 TELFORD
1576 992 52 26 begs
1644 993 22 18 to
1681 988 111 25 intimate,
1812 985 48 23 that

1278 1011 58 34 IVJ.
1366 1022 27 22 he
1402 1021 40 23 has
1453 1028 29 14 on
1493 1020 57 26 Sale,
1562 1023 23 18 at
1592 1018 35 21 his
1639 1016 84 26 House,
1732 1019 23 17 at
1766 1014 36 21 the
1809 1034 4 5 r
1813 1016 46 19 east

1275 1050 44 22 end
1338 1049 25 23 of
1381 1049 38 22 the
1438 1046 135 28 Company's
1590 1043 154 25 Warehouses,
1768 1048 31 15 on
1823 1042 37 21 the

1277 1076 80 27 Beach,
1368 1083 28 15 an
1406 1077 134 21 assortment
1548 1072 28 23 of

1303 1110 123 23 Hardware
1436 1108 25 23 of
1472 1108 38 21 the
1520 1107 48 23 first
1578 1105 90 28 quality,

1304 1138 67 21 Flour
1380 1135 45 24 arid
1435 1134 103 26 oatmeal,

1305 1164 75 27 Sugar,
1392 1168 43 22 tea,
1446 1162 45 21 and
1501 1161 76 26 coffee,
1757 1183 5 5 .

1305 1192 90 25 Cheese,
1405 1190 81 25 butter,
1498 1187 44 22 and
1553 1193 86 15 various
1649 1187 63 19 other
1722 1187 94 19 articles.

1306 1218 105 27 Superior
1427 1215 89 27 Brandy
1527 1214 47 22 and
1583 1213 66 22 Rum.

1280 1251 87 23 N.B.—
1370 1250 53 27 OIL
1437 1249 45 23 and
1496 1248 89 26 LAMP
1597 1245 107 27 WICKS,
1719 1248 22 18 at
1750 1242 114 25 moderate

1531 1282 78 21 prices.

1310 1312 51 22 Port
1370 1311 131 25 Nicholson,
1512 1310 60 21 June
1583 1309 32 25 18,
1627 1308 60 21 1810.

1306 1359 7 15 ;
1494 1365 47 21 ON
1559 1362 95 23 SALE.

1288 1404 22 20 ■5V
1318 1402 56 25 /TR.
1389 1398 144 25 TELFORD
1549 1397 40 21 has
1607 1402 28 15 on
1656 1394 54 24 sale.
1728 1390 139 25 Marmalade

1287 1419 138 33 iVjL-anA-
1437 1425 92 23 Pffkles.

1298 1448 101 36 'nTb.—
1402 1461 35 22 An
1454 1456 116 25 increased
1588 1454 79 29 supply
1693 1453 25 22 <>f
1737 1452 18 22 B
1764 1455 41 17 )Ots
1826 1449 44 22 and

1285 1489 74 26 Shoss,
1371 1488 45 22 and
1425 1485 123 23 Warrens
1559 1488 143 17 celejrateb
1717 1480 125 24 Blacking.

1313 1523 53 20 Port
1375 1519 131 26 Nicholson,
1517 1518 60 21 June
1589 1517 31 25 13,
1633 1517 59 26 1840,

1287 1573 6 3 '
1336 1583 22 14 <•,
1490 1570 178 24 REGrATTA.

1291 1610 87 52 MR.
1395 1608 21 22 J.
1433 1605 143 24 TELFORD
1587 1604 38 21 has
1635 1610 28 14 on
1675 1601 53 27 sale,
1739 1599 77 23 ladies'
1830 1597 44 23 and

1351 1634 175 29 ilgentlemen's
1535 1632 60 22 dreis
1604 1631 64 20 boots
1678 1628 45 22 and
1733 1627 65 22 shoes
1806 1634 5 18 ;
1830 1627 44 21 and

1289 1671 13 14 a
1312 1663 57 27 large
1380 1664 134 20 assortment
1522 1660 26 21 of
1560 1661 84 23 regatta
1654 1656 102 25 shirting.

1296 1697 5 8 1
1318 1696 20 23 N
1357 1697 17 22 B
1393 1708 31 4 —
1435 1696 19 21 A
1484 1690 169 29 SELECTION
1685 1688 38 22 OF
1754 1685 121 24 LADIES'

1291 1722 105 25 STRAW
1407 1721 141 23 BONNETS
1561 1719 60 22 HA3
1632 1716 87 23 COME
1726 1715 39 22 TO
1777 1712 97 26 HAND,

1292 1750 44 23 and
1345 1758 13 13 a
1367 1750 60 27 large
1436 1749 102 27 quantity
1550 1747 25 21 of
1588 1743 93 23 PLAIN
1700 1741 118 23 PRINTS.

1296 1804 216 53 STATIONERY
1541 1802 60 24 FOR
1632 1799 85 26 SALE,
1747 1797 41 21 AT
1815 1797 63 20 THE

1562 1827 155 23 OFFICE:—

1435 1870 136 17 WHOLESALE
1586 1869 44 15 AND
1647 1866 90 16 RETAIL.

1324 1901 53 22 Fine
1387 1899 46 23 laid
1441 1902 56 24 pott,

1324 1928 53 22 Fine
1387 1926 60 23 thick
1458 1931 61 15 wove
1530 1925 77 25 quarto
1616 1924 57 25 post,

1299 1964 4 11 :
1325 1954 60 23 Di£to
1441 1952 55 22 ditto
1529 1955 77 16 octavo
1617 1947 43 26 do.,

1324 1980 117 27 Superfine
1449 1985 61 16 wove
1520 1979 78 25 quarto
1608 1974 57 22 satin
1674 1975 57 24 post,

1291 2006 3 5 '
1326 2008 61 20 Ditto
1407 2027 4 3 .
1442 2004 56 22 ditto
1525 2006 77 20 octavo
1613 2000 62 25 ditto,

1326 2034 61 21 Ditto
1398 2032 47 21 thin
1455 2031 46 22 laid
1510 2032 78 25 quarto
1597 2027 63 25 ditto,

1326 2060 62 24 Ditto
1444 2058 56 21 ditto
1510 2060 77 17 octavo
1596 2054 63 25 ditto,

1326 2085 114 29 Superfine
1453 2084 62 27 large
1528 2082 48 22 thin
1589 2081 52 21 blue
1658 2085 61 15 wove
1733 2079 80 26 quarto
1825 2078 57 24 post,

1300 2113 107 28 stamped,

1327 2140 115 28 Superfine
1450 2137 47 22 laid
1507 2135 104 26 foolscap,

1329 2168 70 26 Large
1409 2166 49 21 thin
1468 2166 79 26 quarto
1557 2165 55 24 ppst,

1328 2194 57 21 Note
1395 2199 75 21 paper,

1329 2221 78 22 Brown
1418 2225 74 21 paper,
1501 2215 100 29 imperial
1611 2220 56 21 cap,,

1330 2248 46 26 Bag
1385 2246 63 26 ditto,

1331 2275 61 21 Kent
1401 2273 62 26 ditto,

1331 2300 69 28 Royal
1411 2298 68 27 hand,

1332 2328 97 21 Lumber
1439 2326 62 25 ditto,

1333 2354 54 24 Blue
1397 2354 73 25 demy,

1333 2382 73 26 Demy
1413 2378 177 27 blotting-paper,

1333 2407 88 23 Double
1429 2412 81 20 crown,

1334 2434 68 23 Small
1411 2432 68 27 hand,

1335 2462 85 25 Crown,

1334 2488 72 22 Blank
1417 2485 70 27 cards,

1336 2512 147 24 Memoranda
1491 2510 78 25 books,
1795 2530 13 9 m
1848 2529 7 10 i
1872 2532 7 8 »

1336 2542 45 21 Pen
1391 2540 96 25 holders,
1498 2537 68 22 wafer
1577 2538 88 23 stamps,
1674 2532 52 22 lead
1734 2532 93 27 pencils,
1839 2532 46 19 slate

1308 2569 61 25 ditto,
1388 2566 65 23 India
1472 2565 88 25 rubber,
1580 2561 83 26 sealing
1681 2566 56 20 wax,
1758 2558 63 21 office
1839 2563 46 21 pen-

1308 2595 85 26 knives,
1404 2594 40 24 &c,
1456 2592 40 27 &c.
1508 2591 39 21 &c.

1512 2645 69 26 FOR
1594 2642 95 23 SALE.

1313 2685 49 47 A
1373 2681 110 26 HOUSE,
1504 2678 128 25 containing
1646 2675 62 22 three
1727 2679 75 16 rooms
1821 2670 44 23 and
1881 2678 14 14 a

1388 2715 100 20 passage,
1508 2705 54 22 with
1578 2703 111 22 windows,
1705 2701 72 25 doors,
1794 2700 99 24 flooring,

1312 2739 48 24 &c,
1371 2736 53 22 with
1433 2743 26 14 an
1471 2733 124 23 out-house,
1605 2728 121 26 consisting
1738 2726 26 22 of
1774 2733 15 14 a
1798 2726 96 24 kitchen,

1312 2769 138 20 store-room,
1470 2760 45 22 and
1531 2758 189 23 servants-room,
1732 2755 30 20 all
1771 2755 80 19 tenced
1867 2758 26 14 m.

1312 2789 100 24 Situated
1420 2796 27 14 on
1454 2786 121 26 thebeach,
1585 2784 122 26 Britannia.
1729 2780 98 27 Enquire
1832 2782 23 17 at
1861 2779 35 20 the

1336 2819 93 21 Gazette
1460 2814 78 22 Office.
1816 2841 79 5 ____

1361 2869 151 24 TIMBER!
1528 2864 151 24 TIMBER!
1696 2859 152 24 TIMBER!

1317 2905 157 50 MESSRS.
1492 2897 183 28 LANCASTER
1693 2895 44 23 and
1757 2891 142 26 SCANLON

1410 2934 59 19 most
1491 2925 143 31 respectfully
1653 2923 82 23 inform
1759 2921 37 21 the
1816 2918 82 26 Public,

1316 2961 49 21 that
1373 2959 54 25 they
1435 2957 44 22 will
1487 2956 58 21 have
1557 2961 12 15 a
1576 2954 103 21 constant
1687 2948 80 28 supply
1776 2947 26 21 of
1808 2947 93 25 flooring

1315 2986 87 26 boards,
1413 2984 98 22 weather
1524 2980 115 26 boarding,
1652 2980 9 23 J
1672 2976 46 25 and
1728 2977 10 24 *
1749 2973 53 23 inch
1814 2971 79 23 board,

1318 3013 51 23 with
1380 3010 111 27 scantling
1501 3009 26 22 of
1536 3015 45 19 any
1590 3006 143 23 dimensions,
1748 3009 24 14 m
1782 3001 53 41 Jen
1848 3000 54 26 yard

1318 3037 156 25 atthebackpf
1480 3036 36 21 the
1522 3031 145 25 Commercial
1674 3030 97 25 Tavern,
1780 3027 121 24 Britannia.

1347 3074 38 23 All
1395 3073 76 22 orders
1480 3068 129 31 punctually
1620 3065 106 24 attended
1737 3067 31 18 to.

1684 3118 55 22 and

1542 3148 138 26 MAKER-

1322 3187 121 52 JAMES
1458 3183 122 27 WILSON
1596 3178 145 30 respectfully
1757 3176 94 24 informs
1869 3174 36 21 the

1384 3214 138 24 inhabitants
1533 3210 26 23 of
1566 3210 51 23 Port
1627 3206 130 25 Nicholson,
1771 3204 49 21 that
1830 3202 27 22 he
1868 3201 39 22 has

1322 3240 146 26 commpneed
1489 3238 107 23 business,
1621 3235 24 22 in
1663 3234 38 21 the
1721 3233 71 21 above
1809 3230 52 25 line,
1886 3231 22 17 at

1323 3271 36 22 No
1391 3271 20 23 6,
1437 3266 172 28 Clyderterrace,
1634 3261 124 24 Britannia,
1782 3256 72 22 where
1878 3255 30 26 by

1323 3297 62 22 strict
1407 3294 110 24 attention
1543 3294 22 18 to
1590 3290 108 22 buunetJ,
1722 3284 46 23 «d
1795 3282 112 22 moderate

1324 3324 98 26 charges,
1438 3321 28 21 he
1475 3320 70 26 hopes
1560 3320 22 19 to
1590 3316 28 22 be
1628 3311 117 28 honoured
1754 3309 54 23 with
1823 3316 13 14 a
1845 3308 63 22 share

1326 3351 24 21 of
1356 3349 76 29 public
1441 3350 130 25 patronage.

1352 3384 14 21 J
1383 3382 29 21 W
1434 3382 55 21 bees
1505 3383 22 18 to
1538 3381 54 19 state
1607 3375 49 23 that
1668 3374 29 22 he
1712 3373 40 21 has
1763 3379 13 14 a
1784 3371 95 21 number
1888 3371 22 18 ot

1325 3410 64 28 plans
1405 3407 95 24 suitable
1516 3405 35 23 for
1566 3407 97 22 cottages
1672 3401 49 26 &c,
1739 3398 48 23 also
1803 3397 107 24 drawings

1326 3438 34 22 for
1369 3443 66 19 every
1444 3433 56 23 kind
1507 3432 26 22 of
1539 3431 89 23 cabinet
1636 3428 44 22 and
1691 3427 62 23 chair
1762 3424 66 26 work,
1839 3421 71 23 which

1326 3465 28 22 he
1361 3463 43 22 will
1412 3461 42 26 feel
1465 3461 74 27 happy
1547 3457 89 23 to.show
1647 3459 21 17 to
1679 3454 64 22 those
1752 3451 49 22 who
1811 3456 51 20 may
1870 3450 40 19 call

1327 3498 29 15 on
1365 3490 54 25 him.
1863 3513 5 2 .

1353 3541 129 24 JOINER
1495 3538 75 22 AND
1581 3532 154 26 CABINET
1748 3528 137 25 MAKER.

1329 3576 85 51 JH
1438 3569 161 27 JOHNSTON
1616 3565 143 30 respectfully
1769 3563 93 22 informs
1877 3560 37 22 the

1369 3614 10 9 .
1412 3600 84 25 Public,
1513 3598 48 22 that
1569 3597 26 21 he
1605 3595 41 22 has
1657 3591 144 25 commenced
1814 3591 100 19 business

1330 3633 22 20 in
1363 3631 36 21 the
1410 3629 70 21 above
1489 3615 54 36 line,
1560 3629 22 16 at
1590 3622 44 23 No.
1645 3622 19 23 1,
1676 3618 173 28 Clyde-terrace,
1861 3617 53 19 next

1329 3658 69 22 house
1408 3659 24 18 to
1441 3654 38 22 the
1493 3653 55 22 Rev.
1561 3650 42 22 Mr.
1616 3646 136 25 M*Farlane.

1359 3691 21 20 It
1398 3688 42 22 will
1460 3687 28 21 be
1507 3685 38 22 the
1569 3683 36 22 the
1626 3682 105 20 constant
1749 3677 128 22 endeavour
1893 3677 23 17 ot

1325 3718 27 23 -J'
1364 3716 29 23 H.
1404 3716 31 24 J.,
1449 3714 31 27 by
1491 3711 107 23 attention
1614 3712 22 18 to
1646 3707 109 22 buuness,
1773 3708 22 17 to
1805 3704 65 19 merit
1879 3702 38 19 the

1331 3748 120 24 patronage
1468 3739 25 22 of
1510 3738 62 24 those
1589 3734 118 25 favouring
1725 3730 47 25 him.
1790 3728 50 23 with
1861 3726 56 22 their

1333 3770 81 23 orders.

1360 3804 53 22 Port
1422 3798 130 26 Nicholson,
1564 3796 59 23 June
1633 3795 33 26 13,
1679 3793 59 22 1840.

1335 3857 156 55 BUTTER,
1508 3856 23 21 in
1548 3852 84 24 firkins,
1649 3850 34 22 for
1700 3849 50 22 Sale
1765 3847 31 27 by
1811 3845 37 22 the
1863 3843 45 23 Sab

1410 3884 83 24 BCriber
1496 3908 27 26 T.
1540 3906 33 26 M.
1590 3900 182 27 PARTRIDGE
1787 3897 44 25 and
1845 3897 45 23 CO.

1968 377 401 39 wantedt^^^_£ter.

1928 421 47 20 i-v*
2004 422 23 27 \
2050 418 114 22 VESSEL
2179 418 48 22 able
2238 422 23 17 to
2271 424 61 20 carry
2342 416 68 21 about
2419 416 41 21 100

1903 441 82 34 AJgk
1994 440 47 28 J\.
2055 446 67 26 Tons,
2134 449 22 18 to
2166 444 96 28 proceed
2272 447 22 18 to
2303 443 77 28 Queen
2390 441 71 26 Cfcar-

1879 467 165 34 ai^SiS'otte
2055 472 77 22 Sound
2141 472 35 21 for
2186 471 58 27 Logs
2253 474 23 18 to
2284 470 29 22 be
2322 469 82 22 deliver
2403 485 4 8 v
2406 467 56 24 edi»

1898 508 37 15 ort
1943 508 73 15 iiclo
2027 508 9 13 b
2067 515 27 35 k
2106 524 25 23 M
2149 522 179 24 PARTRIDGE
2337 521 45 23 and
2392 521 45 25 CO,

2084 571 68 20 FOR
2167 569 96 23 SALE,

1914 609 68 28 *s_r
1994 604 92 30 HP^E
2112 607 71 19 cntter
2210 601 166 27 HARRIETT,
2405 607 62 16 com-

2002 624 29 28 X
2069 630 66 28 plete,
2147 630 45 23 and
2201 630 68 27 ready
2279 629 35 22 for
2323 635 43 15 sea.

1884 656 108 26 iisi-rM
2022 657 76 25 Apply
2108 661 23 18 to

2247 682 28 22 R.
2290 679 149 24 BARRETT.

1910 710 129 26 Thorndon,
2054 710 60 22 June
2122 711 21 21 5.

2059 755 114 21 LOCAL
2187 754 106 20 BANK.

1887 790 89 48 THE
1996 787 213 24 PROVISIONAL
2229 785 183 23 COMMITTEE
2429 792 40 14 an-

1961 823 87 14 nounce
2065 815 49 21 that
2128 814 44 21 this
2190 813 63 22 Bank
2270 813 42 21 will
2327 813 26 21 be
2368 812 68 27 ready
2447 816 22 16 to

1886 843 28 25 pfo
1924 844 46 21 into
1980 842 114 27 operation
2106 848 23 14 as
2142 848 53 13 soon
2209 840 56 21 after
2280 839 37 24 thje
2332 839 99 29 delivery
2448 837 26 25 of

1887 870 37 22 the
1934 870 66 21 Town
2013 868 75 22 Lands
2097 875 24 14 as
2129 867 103 27 possible.

1916 896 59 21 June
1986 896 31 25 19,
2034 896 60 19 1840.
2463 920 9 6 r

1974 939 155 23 WANTED
2142 938 44 19 TO
2201 935 189 22 PURCHASE.

1891 966 91 49 ONE
2004 965 84 22 HALF
2108 964 38 22 OF
2166 964 19 21 A
2206 962 90 23 TOWN
2309 962 86 25 ACRK,
2413 966 23 17 to
2448 961 27 21 be

1971 992 97 22 selected
2087 998 59 20 upon
2166 998 14 14 a
2198 990 76 21 choice
2293 989 69 22 under
2382 988 94 21 number

1890 1021 67 26 sixty,
1969 1019 70 21 which
2048 1020 16 20 it
2075 1019 17 20 is
2101 1017 109 28 sup-osed
2219 1016 42 22 will
2270 1016 77 22 enable
2354 1015 36 21 the
2398 1014 79 22 holder

1892 1051 22 17 to
1934 1046 67 22 select
2019 1053 14 14 a
2048 1048 62 19 watei
2133 1044 109 26 frontap™,
2258 1048 21 16 to
2295 1043 35 21 the
2349 1042 92 26 making
2454 1040 25 21 of

1892 1073 71 22 which
1979 1072 37 22 the
2032 1072 119 31 purchaser
2169 1070 71 22 would
2251 1069 77 27 pledge
2342 1069 36 21 the
2389 1071 90 24 present

1892 1100 78 21 holder
1985 1100 23 20 of
2026 1103 36 16 th°
2078 1098 76 21 choice
2192 1098 42 21 For
2250 1096 82 22 furth«v
2349 1094 130 23 particulars

1892 1126 89 22 address
1991 1131 23 16 to
2023 1125 36 22 W.
2072 1125 24 21 B.
2109 1125 25 21 R.
2168 1124 94 21 Gazen»
2295 1122 74 25 Office,

1922 1154 51 21 Port
1982 1152 130 24 Nicholson,
2122 1150 55 29 July
2187 1152 32 25 11,
2230 1151 61 23 1840,

2134 1206 105 21 LAND.

1895 1242 185 48 WANTED,
2097 1241 99 22 Sections
2212 1239 51 21 with
2276 1239 65 21 Town
2354 1239 77 23 Acres,
2444 1237 38 21 be.

1991 1274 71 16 tween
2089 1268 53 21 Nos.
2166 1269 41 20 200
2231 1266 45 22 and
2298 1267 45 20 .'WO.
2385 1263 98 23 Address

1897 1296 30 22 X.
1938 1296 28 21 Y.
1976 1296 33 26 Z.,
2020 1298 23 19 at
2054 1302 37 14 rue
2258 1293 76 21 OiKce.

1925 1323 62 28 April
1997 1326 20 21 y,
2030 1324 61 20 1810.

2140 1375 104 21 LAND.

1901 1411 174 48 WANTED
2087 1415 22 16 to
2119 1409 114 28 pu-cha^e,
2243 1408 139 22 SEVERAL
2392 1406 92 23 TOWN

1997 1437 105 22 ACRES.
2132 1436 67 25 EVrly
2214 1435 87 21 choices
2316 1434 71 21 would
2398 1434 27 21 be
2437 1440 49 20 \ire-

1901 1465 79 23 ferre:!.
2010 1464 75 27 Apply
2096 1468 22 16 to
2125 1463 43 21 Mr.
2181 1462 88 26 Dudley
2279 1460 97 23 Sinclair.

1905 1518 160 53 PICKLES,
2082 1518 88 25 Saucer,
2187 1514 109 26 Mustard,
2312 1514 87 22 Bottled
2416 1514 71 24 Fruits

1976 1545 44 24 and
2034 1545 121 22 Preserve^,
2168 1543 44 21 and
2224 1543 53 23 Pine
2289 1542 89 23 Cheasa,

2082 1571 53 21 And
2146 1571 48 26 just
2203 1568 109 26 received,
2345 1588 4 3 .

2030 1600 79 23 30,000
2128 1598 123 24 American
2273 1596 89 20 Cigars.

2122 1625 25 21 T.
2159 1625 33 21 M.
2205 1622 179 26 PARTRIDGE
2392 1620 45 23 and
2445 1620 42 25 CO,

2114 1681 68 21 FOR
2197 1679 94 21 SALE.
2328 1684 7 10 «

1908 1716 101 50 NOW
2028 1714 103 27 Landing
2144 1714 57 21 from
2214 1712 37 22 the
2418 1710 11 21 1
2446 1716 49 15 case

1988 1743 27 21 of
2021 1742 100 22 muskets
2135 1740 44 22 and
2189 1742 8 19 1
2211 1747 50 15 ca.-<e
2272 1739 25 22 of
2309 1738 101 22 Oxonian
2422 1737 72 22 shoes,

2090 1768 25 22 T.
2129 1768 31 21 M.
2173 1764 179 25 PARTRIDGE
2363 1764 46 22 and
2419 1763 48 22 CO.

1937 1796 53 28 July
2000 1797 20 25 3,
2034 1797 61 20 1840.

1912 1851 153 26 /CLARET,
2081 1851 24 21 in
2119 1857 62 15 case*
2195 1849 26 21 of
2236 1856 41 14 one
2292 1848 68 22 dozen
2376 1845 62 27 each,
2452 1845 48 27 just

1912 1871 42 30 l_>
1982 1878 83 23 landed
2075 1877 57 22 from
2143 1877 38 21 the

2082 1905 27 22 T.
2126 1904 33 24 M.
2176 1900 179 26 PARTRIDGE
2366 1899 45 23 and
2422 1898 46 23 CO.

2122 1960 167 24 WANTED,

1916 1996 163 52 SEVERAL
2102 1994 154 23 SAWYERS.
2295 1991 74 30 Apply
2385 1994 23 19 to
2423 1989 26 22 T.
2467 1988 33 23 M,

1979 2025 135 21 Partridge
2124 2022 46 21 and
2180 2022 40 21 Co.

1943 2051 62 27 April
2017 2052 33 23 11,
2062 2051 62 21 1840.

1917 2110 70 49 ON
2012 2109 58 25 Sale,
2089 2112 23 18 at
2129 2105 152 23 COGLAN'S
2298 2102 111 22 Waterloo
2420 2102 83 26 Stores,

2001 2135 123 25 Britannia,
2142 2137 23 18 at
2181 2140 54 19 very
2251 2130 97 24 reduced
2366 2129 78 28 prices,
2465 2128 37 22 the

1917 2163 113 27 following
2039 2161 87 23 articles
2133 2168 5 14 :

1945 2191 61 26 Rice,
2017 2197 39 20 per
2065 2189 50 26 bag,
2127 2187 35 21 3d.
2173 2193 40 20 per
2222 2185 31 21 lb.

1945 2218 75 24 Sugar,
2030 2215 37 22 4d.
2077 2222 40 20 per
2124 2213 40 28 lb.,
2175 2220 59 19 soap,
2244 2218 40 21 per
2289 2211 50 26 box,
2348 2211 49 25 BJd.

1947 2243 109 23 Hollands
2065 2249 47 20 gm,
2129 2243 46 19 50s.
2194 2240 21 25 4,
2236 2238 43 24 and
2295 2239 43 20 245.
2355 2238 14 20 2
2378 2235 44 29 gal.
2438 2242 67 16 cases,

1945 2272 89 21 Tuscan
2049 2269 104 25 bonnets,
2171 2266 87 22 various
2267 2271 61 20 sizes,
2338 2265 59 21 from
2414 2265 45 19 10s.
2470 2265 35 19 6d.

1920 2297 109 29 upwards.

1948 2325 46 22 Salt
2003 2323 55 22 beef
2064 2325 23 19 at
2095 2321 49 26 3Jd.
2154 2327 40 21 per
2202 2319 31 21 lb.
2244 2325 38 20 per
2292 2322 73 18 tierce.

1950 2351 56 22 Pork
2016 2349 36 23 6d.
2063 2356 40 21 per
2112 2348 30 21 lb.
2152 2354 40 21 per
2202 2346 75 22 tierce.

1975 2377 55 23 July
2040 2377 32 23 17,
2085 2377 60 20 1840.

1931 2432 64 49 ON
2006 2429 79 24 SALE
2095 2437 14 14 a
2117 2429 61 26 large
2188 2426 103 29 quantity
2300 2425 25 22 of
2329 2424 60 28 good
2397 2423 37 23 Oil
2443 2431 5 19 ;
2464 2422 46 22 also

2002 2458 70 26 chea^
2089 2460 77 21 strong
2181 2453 53 23 cord
2250 2457 94 17 trousers
2357 2451 47 22 and
2415 2450 94 28 jackets,

1924 2486 77 27 prints,
2022 2484 102 25 calicoes,
2149 2481 96 26 hosiery,
2268 2479 44 22 and
2330 2478 78 26 shoes;
2429 2477 80 28 paints,

1925 2513 97 26 vinegar,
2034 2510 46 22 and
2089 2509 54 26 sh,g
2154 2508 99 22 tobacco.
2270 2529 214 25 joHNpiERcEf

1954 2570 114 24 Britannia
2079 2568 69 23 Hotel
2158 2567 45 23 and
2213 2568 81 23 Stores,

2076 2624 159 23 COPYING
2253 2621 111 24 PRESS.

1928 2664 87 52 FOR
2034 2661 85 27 SALE,
2140 2668 13 13 a
2167 2660 82 21 Patent
2262 2657 99 28 Copying
2374 2655 71 26 Press,
2459 2653 56 22 hav-

1999 2692 40 22 in^
2052 2689 62 21 lever
2129 2694 81 20 power,
2228 2685 52 21 with
2298 2692 12 14 a
2322 2683 60 25 large
2397 2684 79 24 supply
2491 2685 26 17 or

1928 2727 67 22 paper
2005 2718 44 22 and
2063 2715 48 22 ink.
2140 2713 99 27 Enquire
2248 2715 23 18 at
2283 2711 38 21 the
2329 2710 95 22 Gazette
2435 2708 81 24 Office,

2155 2766 139 23 NOTICE.

1931 2808 89 50 ALL
2034 2812 92 21 persons
2138 2801 107 24 indebted
2254 2804 22 18 to
2287 2799 42 25 Mr.
2343 2799 28 21 G.
2383 2798 30 21 H.
2425 2795 92 28 Coglar,

2010 2832 112 23 Waterloo
2131 2831 80 23 Stores,
2220 2834 37 15 are
2262 2825 114 28 requested
2384 2829 23 17 to
2413 2831 43 20 pay
2461 2825 58 19 their

1931 2861 120 27 n-apeerive
2079 2860 106 19 accounts
2216 2854 77 22 before
2316 2852 34 22 the
2376 2850 122 23 ''Eleanor

1941 2896 63 15 eaves
2011 2888 54 21 Port
2074 2883 131 25 Nicholson,
2216 2880 72 22 which
2295 2879 41 21 will
2346 2879 27 21 be
2383 2885 23 14 in
2417 2878 102 21 fourteen

1933 2916 53 24 days
1992 2915 57 21 from
2061 2912 44 21 this
2115 2911 50 21 dale
2173 2918 5 17 ;
2190 2907 45 23 and
2246 2907 28 22 all
2281 2913 90 19 persons
2381 2904 85 36 haying
2476 2909 44 21 any

1934 2942 75 23 claims
2025 2942 88 23 ajramst
2128 2937 46 21 Mr.
2190 2935 28 22 G.
2234 2935 31 21 H.
2277 2932 89 28 Coglau,
2384 2931 44 22 will
2444 2930 76 27 please

1934 2968 54 23 send
2002 2968 23 22 in
2037 2966 58 22 their
2111 2967 113 22 account?,
2243 2961 48 21 that
2304 2959 35 22 the
2354 2965 61 15 same
2431 2963 52 21 may
2494 2960 26 19 be

1935 2993 118 25 examined
2063 2992 46 22 and
2118 2990 58 28 paid.

1962 3020 112 24 Waterloo
2085 3019 81 24 Stores,
2178 3015 53 27 July
2242 3015 32 25 13,
2286 3014 59 24 1840,

1936 3073 171 24 SHINGLES
2115 3071 4 21 !
2137 3067 170 27 SHINGLES
2317 3067 4 20 !
2336 3064 170 21 SHINGLES
2515 3062 6 21 !
2530 3063 6 6 '

1937 3109 43 49 T
1985 3107 22 23 H
2004 3102 220 54 .?R™™^A
2213 3100 14 22 h
2227 3127 43 22 N.)
2262 3099 12 23 f
2272 3098 151 49 'vi^?uP
2412 3095 17 23 E
2425 3123 19 22 E
2443 3095 35 50 2i
2468 3095 20 22 UU
2481 3122 19 22 o
2490 3095 20 22 N
2502 3122 21 23 a

1940 3161 68 23 NEW
2018 3156 150 27 ZEALAND
2180 3153 151 25 SHINGLES
2332 3160 169 41 iAMLY(>N;

2046 3237 155 25 BU/LDER
2213 3234 55 23 ancl
2279 3231 135 23 JOINER.

1942 3274 91 54 CJ.
2044 3271 99 25 STONE
2150 3271 84 24 begstp
2243 3267 81 22 infoim
2333 3265 37 22 the
2382 3264 85 27 Public,
2479 3262 48 23 that

1988 3314 10 10 •
2027 3292 87 31 'having
2129 3296 65 24 made
2209 3295 166 25 arrangements
2390 3296 22 17 to
2428 3297 75 16 secure
2514 3297 14 14 a

1941 3329 78 27 supply
2028 3328 25 21 of
2060 3326 86 25 timbsr,
2156 3323 29 22 he
2195 3323 18 21 U
2223 3328 50 15 now
2282 3318 108 29 prepared
2399 3323 23 16 to
2432 3321 61 18 erect
2502 3323 25 14 c*

1942 3353 143 31 superintend
2096 3351 42 24 ,rh?
2151 3353 97 19 erection
2259 3347 26 22 of
2298 3354 41 20 any
2350 3345 56 24 clajs
2416 3344 26 22 of
2455 3344 73 21 bu;ld-

1941 3384 38 22 in?
1987 3379 113 26 entrusted
2112 3381 19 18 to
2142 3377 35 21 hi
2176 3377 18 21 3
2187 3382 57 16 care,
2382 3398 5 5 .
2458 3397 5 4 .

2016 3410 66 19 trusts
2094 3404 47 22 that
2150 3402 85 23 several
2243 3407 65 21 years
2316 3404 131 17 exnene-nca
2456 3404 23 14 in
2491 3399 38 18 the

1943 3435 103 26 colonies,
2067 3430 101 27 together
2187 3428 50 24 with
2257 3434 14 15 a
2294 3424 128 26 knowledga
2445 3423 26 21 of
2491 3423 37 21 the

1943 3461 99 27 strength
2053 3458 45 23 and
2109 3455 118 27 durability
2247 3454 25 22 of
2283 3451 93 24 colonial
2387 3450 55 22 timb
2448 3457 26 19 >r,
2486 3448 44 40 wiij

1943 3488 51 27 gain
2011 3487 46 21 him
2074 3492 14 14 a
2097 3484 63 22 share
2171 3482 27 22 of
2210 3481 57 22 tho'r
2281 3483 126 24 pairunnge,
2425 3478 72 19 which
2512 3479 18 18 it

1945 3515 42 22 will
1997 3515 27 20 be
2034 3513 34 21 his
2080 3510 126 23 endeavour
2223 3508 80 31 al/vays
2314 3509 20 18 to
2343 3507 73 19 m?nt.

1973 3538 165 30 Specificatiotis
2152 3535 45 23 and
2207 3534 112 22 estimates
2329 3532 154 24 fiunnhtaor.
2495 3532 36 17 ifce

1945 3568 94 21 shorte-t
2050 3565 81 21 notic.

1975 3595 120 22 Uritjvuua,
2109 3591 88 26 Aagust
2206 3590 19 24 1,
2238 3588 59 21 lt>KX

2136 3626 209 38 jTcockburn,

2024 3668 214 25 OAS.PEHSEB.
2254 3667 51 21 anU
2322 3662 136 24 JO2KES,

1950 3706 105 50 BEGS
2063 3710 22 17 to
2093 3704 82 22 infoim
2180 3702 36 21 the
2223 3699 124 28 gentlemen
2355 3696 25 22 cf
2386 3696 49 21 Par.
2444 3695 38 21 Nn
2488 3694 47 21 hol-

2025 3740 47 18 son,
2090 3731 48 21 that
2154 3729 28 22 ha
2193 3729 18 20 is
2225 3726 68 25 ready
2303 3730 21 16 to
2335 3727 100 18 cftntrac.
2444 3722 33 20 fur
2495 3722 37 20 the

1951 3761 93 23 erection
2058 3758 26 22 of
2093 3758 81 21 houses
2183 3755 26 20 of
2216 3753 29 22 ail
2255 3753 141 22 dnTvmsirms,
2409 3752 21 17 to
2444 3748 28 21 be
2483 3755 51 14 exe-

1952 3787 64 23 cuted
2025 3785 54 22 with
2090 3784 36 21 the
2136 3784 96 25 greatest
2241 3777 92 29 p'>ssit;l»
2343 3776 108 27 dispatch.

1982 3813 81 22 Orders
2082 3811 34 21 for
2135 3806 123 25 hcusehoH
2278 3805 107 21 furniture
2403 3800 130 29 puncaial.y

2123 3865 55 20 next
2188 3860 53 22 door
2251 3859 39 21 but
2300 3864 40 18 pne
2352 3860 23 18 to
2386 3846 44 36 $r.
2442 3852 93 38 Mijl^'j

1952 3894 70 24 Store^
2419 3909 5 7 v
2446 3897 44 21 iv._<
