2580 4010
1940 145 104 29 previous
2056 145 74 29 prices
2138 153 6 19 ;
2164 143 67 30 palm,
2244 145 56 22 £34
2313 149 22 18 to
2345 145 53 23 £35
2420 147 9 20 1
2436 146 34 21 Os.
2486 152 38 23 per

1940 181 40 18 tun
1988 185 6 19 ;
2020 176 61 24 East
2107 176 66 23 India
2199 184 67 16 cocoa
2290 182 48 23 nut,
2364 178 53 22 425.
2438 177 38 23 6d.
2504 181 20 19 to

1940 211 51 22 435.
2006 209 40 24 6d.
2060 209 34 23 for
2106 209 58 29 goo.l
2177 209 93 29 quality.
2273 221 32 5 —
2307 211 110 24 Albipn.

1973 247 28 25 In
2015 249 102 30 noticing
2135 256 28 16 an
2182 248 79 24 article
2280 248 71 24 which
2371 248 110 31 appeared
2502 250 22 22 in

1940 279 36 24 the
2199 281 24 23 of
2237 281 40 23 the
2303 281 54 24 11th
2375 282 94 28 instant,
2488 289 36 16 re-

1940 314 103 31 specting
2065 313 38 23 the
2135 314 54 23 New
2218 313 101 24 Zealand
2347 315 111 30 question,
2487 315 37 23 the

1964 346 96 23 Gazette
2096 346 77 24 differs
2186 347 55 22 from
2257 355 46 14 our.
2314 347 174 31 correspondent
2502 348 22 23 in

1938 383 43 18 two
2004 386 25 16 or
2054 379 62 23 three
2140 387 52 22 very
2215 379 102 23 material
2345 380 84 30 jjoims,
2451 379 73 25 which

1938 411 87 23 involve
2045 412 122 30 principles
2180 412 24 23 of
2218 412 56 22 vital
2292 412 145 30 importance.
2472 412 51 24 The

2080 449 69 18 states
2153 456 30 4 —
2208 444 69 31 Upon
2287 444 236 31 constitutional-prin-

1938 476 70 30 ciples
2020 484 33 15 we
2065 477 59 30 deny
2148 477 37 22 the
2208 478 62 29 right
2293 478 25 21 of
2332 478 86 30 private
2442 477 81 23 indivi*

1938 508 63 24 duals
2009 513 22 19 to
2039 511 91 29 acquire
2140 510 119 23 territorial
2269 510 130 29 seigniories
2408 511 23 22 in
2441 518 82 23 savage

1938 543 113 22 countries
2063 543 94 22 without
2169 543 37 22 the
2217 544 106 29 previous
2335 548 94 18 consent
2445 543 25 23 of
2484 544 39 23 the

2093 576 26 22 If
2133 575 38 24 the
2192 575 72 24 editor
2284 576 27 22 of-
2324 576 36 23 the
2406 575 95 24 Gazette
2516 576 6 11 *

1936 614 77 16 means
2036 608 31 30 by
2110 609 120 23 tjrritortal
2427 609 47 23 that
2493 617 27 15 no

1938 640 86 23 British
2038 641 89 31 subject
2140 642 40 22 has
2192 649 12 14 a
2217 641 62 31 right
2297 647 22 18 to
2338 642 110 30 purchase
2469 642 36 23 lan
2514 642 7 23 I

1937 673 23 23 in
1977 673 88 31 foreign
2085 675 121 26 countries,
2224 682 34 15 we
2278 675 44 30 beg
2341 680 21 18 to
2380 674 65 24 differ
2464 675 57 23 from

1936 705 53 29 him,
2003 706 45 23 and
2060 708 20 21 if
2096 714 84 23 wrong,
2193 707 57 23 shall
2263 707 28 24 be
2305 708 72 33 happy
2391 713 22 17 to
2427 715 37 16 see
2483 710 37 21 the

1936 739 49 28 law,
2011 740 81 27 which,
2106 740 20 22 if
2147 741 23 21 in
2192 742 67 26 force,
2284 746 60 17 mast
2367 741 91 30 deprive
2481 748 41 16 our

1935 772 95 30 nobility
2043 773 45 22 anl
2106 778 81 25 gentry
2207 773 24 22 of
2248 773 57 22 thiir
2325 773 108 24 boaitiful
2453 773 64 24 villas

1936 805 44 22 and
1992 806 118 22 extensive
2122 805 80 23 landed
2212 806 142 30 possessions
2366 814 28 16 oo
2413 806 37 22 the
2466 814 53 14 con-

1936 837 79 23 tinent.
2053 837 43 23 We
2109 838 78 30 hardly
2207 838 67 23 think
2293 839 54 22 such
2367 846 52 15 men
2436 846 24 15 as
2482 839 37 23 Sir

1936 869 87 24 Robert
2046 870 65 29 Peel,
2136 870 62 24 Lord
2222 870 138 31 Brougham,
2382 872 45 22 and
2443 872 75 24 others

1935 903 90 30 equally
2048 910 134 17 conversant
2204 905 54 22 with
2283 905 37 22 the
2338 905 139 29 prerogative
2498 905 25 25 of

1935 935 36 23 the
1985 936 91 28 Crown,
2089 936 74 23 would
2175 936 88 31 expend
2275 944 24 15 so
2311 936 65 23 much
2397 945 79 22 money
2495 937 24 23 in

1935 968 109 31 violating
2061 969 60 23 what
2140 969 36 23 the
2220 969 98 23 Gazette
2351 974 71 18 terms
2465 978 54 15 con-

1934 1001 126 23 stitutional
2241 1002 131 31 Regarding
2384 1002 39 24 the
2434 1002 85 32 epithet

1959 1042 82 23 savage
2077 1042 33 16 we
2122 1042 95 24 suppose
2230 1036 17 22 it
2260 1036 84 30 applies
2357 1036 23 22 in
2401 1035 36 23 the
2457 1044 39 14 san
2506 1043 13 16 c

1933 1074 48 23 way
1993 1075 24 15 as
2032 1067 37 24 the
2081 1068 61 23 word
2156 1070 14 10 '*
2335 1069 21 22 in
2368 1069 37 22 the
2420 1068 79 24 Chine;
2505 1076 13 15 e

1933 1100 78 28 edicts,
2026 1101 72 23 which
2111 1109 93 23 appears
2225 1107 22 17 to
2268 1110 62 15 mean
2343 1110 13 14 a
2368 1101 45 23 lcds
2434 1101 83 23 reliueJ

1933 1134 88 30 people.
2058 1134 65 28 Now,
2144 1134 108 31 although
2275 1143 30 14 we
2323 1134 26 23 do
2370 1140 39 17 not
2424 1134 93 32 pretsnd

1933 1166 47 23 that
2003 1166 37 24 the
2064 1168 56 22 New
2139 1167 138 24 Z^alanders
2293 1168 56 22 have
2367 1168 106 30 acquired
2492 1175 25 15 so

1933 1198 52 32 high
2000 1208 13 14 a
2025 1200 105 23 standard
2143 1202 23 21 in
2179 1201 36 22 the
2227 1202 61 22 scale
2305 1202 25 21 of
2345 1201 134 22 civilization
2493 1208 24 15 as

1933 1239 68 24 many
2014 1233 64 23 other
2091 1235 96 25 nations,
2198 1239 38 26 yet
2248 1234 52 30 they
2312 1234 56 22 have
2382 1234 53 23 been
2448 1241 69 23 open-

1933 1265 21 30 ly
1966 1267 174 30 acknowledged
2154 1268 27 29 by
2201 1267 37 22 the
2257 1267 92 28 British,
2368 1267 38 22 the
2424 1267 92 22 Ameri-

1934 1305 60 21 cans,
2008 1299 44 23 and
2065 1300 37 23 the
2115 1300 96 27 French,
2226 1308 25 14 as
2263 1300 90 30 capable
2373 1300 25 22 of
2420 1307 96 23 govern-

1933 1331 39 31 ing
1984 1331 60 24 their
2062 1340 50 15 own
2130 1335 104 28 territory
2255 1333 43 22 and
2316 1333 121 30 managing
2459 1333 59 23 their

1932 1371 48 16 own
1992 1364 84 24 affairs.
2114 1366 57 22 This
2183 1366 110 31 principle
2305 1367 18 21 is
2337 1366 82 29 closely
2427 1366 89 22 detined

1933 1397 23 22 in
1980 1397 38 23 the
2039 1398 44 22 late
2110 1399 169 29 proclamation,
2309 1398 71 23 which
2402 1399 114 29 distinctly

1932 1434 69 18 states
2015 1430 48 23 that
2074 1430 38 23 the
2132 1431 102 24 Queen's
2251 1432 142 30 sovereignty
2408 1433 41 20 will
2463 1437 51 25 only

1932 1462 81 24 extend
2026 1470 53 16 over
2091 1465 104 30 territory
2208 1464 68 23 ceded
2289 1465 28 30 by
2330 1462 35 31 (or
2384 1464 83 30 bought
2481 1464 33 28 of)

1931 1495 37 22 the
1979 1497 74 22 native
2067 1496 70 23 chipfs
2147 1506 5 18 ;
2167 1497 36 24 the
2216 1497 61 31 right
2290 1503 20 18 to
2330 1497 41 23 sell
2393 1498 27 28 is,
2439 1497 75 23 there-

1932 1528 53 27 fore,
1998 1529 139 32 undisputed
2145 1538 6 20 ;
2166 1531 42 22 and
2227 1532 19 22 if
2262 1531 47 23 that
2328 1531 19 22 is
2368 1530 145 29 established,

1931 1561 49 22 who
1993 1569 105 16 assumes
2117 1563 39 22 the
2175 1563 62 31 right
2261 1568 21 19 to
2307 1571 37 23 say
2459 1563 57 24 have

1931 1594 86 31 bought
2035 1601 35 17 too
2091 1596 67 22 much
2176 1604 25 16 or
2225 1601 37 19 too
2393 1595 50 25 The
2459 1604 55 23 pur-

1931 1626 78 24 chaser
2022 1629 71 30 ought
2107 1634 21 17 (o
2140 1629 65 23 know
2219 1629 35 23 his
2274 1637 47 16 own
2340 1630 33 22 int
2389 1634 57 19 rests
2465 1629 50 24 best

1930 1672 32 4 —
1962 1660 44 23 and
2020 1662 19 22 if
2054 1662 29 22 he
2095 1663 18 21 is
2126 1662 99 24 satisfied
2238 1663 53 23 with
2303 1663 35 23 his
2349 1662 95 24 tabooed
2457 1662 55 28 titlp,

1930 1693 57 23 what
1996 1694 85 30 justice
2093 1703 41 15 can
2147 1695 61 23 there
2219 1696 30 23 be
2261 1696 22 23 in
2296 1696 118 30 depriving
2427 1695 48 23 him
2492 1695 26 24 of

1929 1726 18 22 it
1958 1727 71 23 under
2042 1728 38 22 the
2092 1728 51 31 plea
2156 1728 47 23 that
2239 1729 54 23 land
2305 1736 22 16 in
2338 1729 56 23 New
2415 1729 99 23 Zealand

1930 1759 19 22 is
1971 1765 40 17 not
2034 1761 72 22 worth
2126 1761 38 24 the
2185 1761 85 24 hazard
2284 1763 25 22 of
2328 1769 13 16 a
2359 1762 73 31 single
2455 1762 60 23 life's

2095 1794 24 24 If
2141 1794 55 24 such
2216 1803 30 15 an
2264 1800 108 18 assertion
2401 1795 64 23 could
2487 1796 27 22 be

1929 1825 68 24 borne
2011 1831 38 18 out
2062 1827 29 30 by
2103 1828 65 28 facts,
2182 1827 36 24 the
2232 1830 141 28 sovereignty
2391 1829 25 22 of
2432 1828 89 25 Queen-

1929 1858 104 25 Victoria
2051 1865 61 18 must
2128 1861 28 23 be
2175 1861 53 23 held
2246 1869 60 24 upon
2326 1862 36 22 the
2375 1869 62 15 same
2450 1867 62 17 tran-

1928 1892 59 23 sient
1997 1897 89 24 tenure,
2098 1893 85 31 having
2198 1895 60 22 been
2277 1895 90 22 derived
2384 1895 57 22 from
2460 1902 52 24 pre-

1929 1925 67 31 cisely
2010 1926 38 23 the
2061 1935 62 15 same
2135 1935 87 15 source.
2259 1927 44 23 We
2314 1935 37 15 are
2363 1933 41 18 not
2416 1932 21 18 to
2458 1936 54 23 sup-

1928 1965 53 22 pose
1999 1958 50 23 that
2071 1960 85 22 animal
2178 1968 24 15 or
2225 1961 140 22 mechanical
2387 1961 61 22 force
2472 1969 42 15 can

1928 1990 55 23 alter
2006 1991 38 23 the
2067 1993 97 29 position
2188 1993 25 23 of
2229 1994 61 29 right
2312 2001 24 15 or
2360 2001 77 22 wrong
2442 2006 30 4 —
2474 1993 37 24 the

1927 2023 122 31 principles
2061 2025 26 23 of
2098 2025 83 31 justice
2197 2034 39 15 are
2257 2027 36 22 the
2310 2033 62 16 same
2391 2026 71 24 under
2481 2027 31 23 all

1928 2057 208 25 circumstances,—
2138 2058 44 23 and
2204 2059 40 23 the
2270 2059 85 27 British
2375 2060 77 23 nation
2470 2059 42 24 has

1928 2093 34 19 too
1982 2090 68 23 much
2068 2091 88 23 honour
2174 2097 21 17 to
2215 2097 96 26 attempt
2331 2098 21 18 to
2373 2093 85 30 despoil
2473 2093 37 23 the

1927 2122 62 23 weak
2002 2123 72 23 under
2083 2124 36 23 the
2131 2125 77 23 colour
2215 2126 26 22 of
2274 2133 40 23 pro
2322 2125 58 24 boiio
2389 2126 97 30 ptiblico.

1928 2154 68 30 Now,
2022 2157 52 23 with
2093 2163 88 25 respect
2199 2163 23 17 to
2242 2158 37 24 the
2297 2159 75 23 clause
2396 2166 24 16 so
2443 2159 69 23 much

1926 2189 169 24 animadverted
2105 2198 61 24 upon
2167 2203 32 4 —
2225 2191 49 24 that
2290 2192 181 23 commissioners
2482 2192 29 24 be

1926 2223 120 29 appointed
2070 2227 22 19 to
2109 2224 134 31 investigate
2262 2225 37 23 the
2314 2225 50 30 just
2386 2226 60 30 right
2465 2225 44 24 and

1927 2255 48 22 title
1986 2260 23 17 to
2022 2258 85 21 certain
2119 2257 64 23 lands
2196 2258 95 23 claimed
2302 2258 29 30 by
2350 2258 88 23 British
2454 2259 56 23 sub*

1922 2287 60 30 jects
1994 2290 24 21 in
2032 2289 55 23 New
2279 2292 92 22 without
2394 2292 113 31 prejudice

1927 2324 20 19 to
1961 2326 85 24 extent,
2060 2331 24 14 or
2251 2324 58 27 what
2321 2325 18 22 is
2359 2325 63 23 there
2436 2325 71 23 offen-

1926 2354 46 23 sive
1985 2355 23 22 in
2021 2355 53 29 this,
2089 2356 19 23 if
2123 2356 37 24 the
2183 2357 55 23 land
2260 2358 40 24 has
2323 2357 57 24 been
2404 2358 103 31 honestly

1924 2386 87 31 bought
2023 2389 44 23 and
2081 2389 36 23 the
2129 2394 63 26 party
2206 2390 64 23 holds
2283 2399 13 14 a
2308 2391 56 27 good
2384 2391 64 24 title?
2472 2392 35 23 As

1926 2424 21 19 to
1960 2420 37 24 the
2009 2424 137 27 mysterious
2181 2424 49 22 rule
2243 2423 49 24 that
2303 2424 45 23 His
2368 2424 141 31 Excelloncy

1924 2453 45 23 will
1978 2454 37 30 lay
2029 2455 65 23 down
2113 2463 60 23 upon
2190 2456 47 23 this
2384 2458 62 23 there
2467 2467 40 14 can

1924 2485 26 24 be
1962 2493 29 16 no
2005 2487 70 24 doubt
2093 2489 18 22 it
2128 2490 44 22 will
2189 2490 29 22 be
2236 2490 36 23 the
2292 2490 46 24 rule
2363 2491 26 23 of
2404 2498 103 16 common

1924 2518 95 33 honesty
2030 2521 45 23 and
2087 2522 103 30 inpartial
2199 2522 93 31 justice.
2333 2523 52 24 The
2397 2525 111 23 assertion

1924 2551 47 24 that
2008 2553 38 23 the
2057 2556 142 31 sovereignty
2216 2556 27 23 of
2257 2556 106 31 England
2382 2557 64 23 alone
2465 2565 43 17 can

1922 2585 51 28 give
1991 2591 24 18 to
2036 2587 39 23 the
2083 2587 53 24 land
2146 2590 23 21 in
2180 2589 59 23 New
2250 2589 98 24 Zealand
2362 2598 29 15 an
2403 2592 102 22 intrinsic

1923 2617 139 26 marketable
2074 2620 64 24 value
2171 2622 18 23 is
2203 2622 152 24 contradicted
2364 2624 31 30 by
2406 2624 38 23 the
2457 2624 50 24 well

1924 2650 81 24 known
2018 2652 52 29 fact,
2084 2654 49 23 that
2144 2655 87 24 around
2243 2655 36 24 the
2295 2657 45 30 Iky
2353 2665 25 14 as
2401 2658 67 23 much
2480 2665 25 15 as

1924 2688 35 19 ten
1980 2686 89 30 pounds
2087 2694 40 24 per
2146 2695 58 22 acre,
2223 2689 46 23 and
2287 2697 55 15 even
2365 2698 71 21 more,
2461 2698 44 16 was

1924 2719 113 30 currently
2048 2721 66 30 given
2129 2721 34 23 for
2173 2721 54 23 land
2239 2722 77 24 before
2334 2723 38 22 the
2392 2723 113 24 colouiza-

1924 2751 44 22 tion
1982 2751 25 23 of
2023 2752 56 23 New
2098 2753 100 24 Zealand
2217 2762 46 16 was
2282 2763 53 16 even
2356 2756 96 31 thought
2474 2757 31 28 of,

1922 2784 43 22 and
1976 2785 95 27 further,
2084 2787 18 22 it
2114 2787 80 23 admits
2208 2788 25 23 of
2248 2796 61 16 some
2319 2789 77 29 doubt,
2405 2789 100 24 whether

1922 2816 36 23 the
1971 2817 56 24 New
2041 2819 101 24 Zealand
2157 2821 127 31 Company,
2303 2822 29 30 by
2347 2822 116 31 following
2473 2831 32 26 up

1922 2849 56 23 their
2001 2852 54 30 plan
2079 2853 24 23 of
2125 2854 142 29 emigration,
2290 2855 73 23 would
2387 2861 38 18 not
2448 2864 56 16 nave

1922 2883 72 23 raised
2025 2884 38 23 the
2090 2886 107 23 standard
2227 2888 64 23 value
2314 2888 24 23 of
2360 2889 53 23 land
2436 2890 69 24 much,

1921 2916 79 31 higher
2012 2917 54 23 than
2079 2919 17 22 it
2109 2919 43 23 will
2165 2927 52 16 ever
2230 2922 69 22 attain
2319 2922 72 23 under
2405 2931 99 23 govern-

1921 2955 60 17 ment
1999 2951 148 30 regulations.
2194 2953 76 24 There
2289 2962 40 16 can
2347 2955 30 24 be
2392 2963 30 16 no
2434 2956 71 28 doubt

1920 2981 36 24 the
1969 2982 145 26 landholders
2126 2993 37 16 are
2264 2987 68 32 lucky
2340 2989 101 28 feilows,'
2464 2992 40 21 but

1920 3022 31 16 we
1975 3017 71 30 ought
2062 3018 76 23 rather
2157 3024 21 17 to
2199 3021 153 29 congratulate
2371 3022 53 23 than
2444 3031 58 27 envy

1919 3048 68 29 them,
2001 3049 44 24 and
2057 3055 39 18 not
2107 3051 127 25 endeavour
2246 3053 29 30 by
2295 3062 14 14 a
2328 3055 73 30 string
2420 3056 26 22 of
2460 3057 41 26 ab-

1919 3085 73 19 struse
2005 3082 132 25 deductions
2149 3085 76 23 drawn
2237 3086 56 23 from
2310 3088 120 23 untenable
2449 3096 53 24 pre-

1920 3114 67 23 mises
1999 3120 22 18 to
2035 3116 67 31 apply
2116 3117 36 23 the
2163 3118 107 31 levelling
2286 3125 84 24 system
2389 3126 21 18 to
2429 3127 70 19 taein.

1921 3147 48 23 The
2018 3148 96 25 Gazette
2161 3158 61 23 says,
2271 3151 34 24 we'
2325 3154 66 28 again
2416 3160 83 25 repeat,

1921 3180 46 23 that
1978 3181 21 23 if
2015 3181 52 32 they
2079 3191 38 15 are
2136 3183 93 25 allowed
2248 3189 22 19 to
2288 3186 73 23 retain
2380 3186 37 24 the
2434 3187 67 25 lands

1921 3213 50 31 they
1995 3214 57 24 have
2076 3216 71 23 either
2170 3217 87 23 cleared
2281 3226 25 15 or
2328 3220 123 24 cultivated
2476 3223 35 22 in*

1920 3249 166 29 compensation
2099 3249 34 23 for
2145 3250 58 23 their
2220 3251 103 30 previous
2343 3252 83 32 oullay,
2446 3253 54 33 they

1919 3287 40 15 can
1972 3280 57 24 have
2040 3290 29 14 no
2077 3282 50 31 just
2139 3290 79 16 reason
2231 3288 22 18 to
2442 3287 58 24 This

1921 3320 15 15 is
1947 3314 108 31 certainly
2069 3322 13 17 a
2093 3316 110 30 profound
2216 3318 169 24 remark-*-aud
2402 3320 30 30 by
2451 3328 48 23 way

1919 3346 23 22 of
1957 3347 86 30 testing
2054 3348 25 27 it,
2098 3356 96 23 suppose
2213 3356 32 16 we
2263 3350 54 24 look
2335 3360 54 15 over
2405 3353 39 24 the
2462 3354 38 25 old

1917 3384 78 24 grants
2008 3381 22 22 in
2044 3380 44 23 this
2100 3382 85 29 colony,
2200 3382 65 24 dated
2277 3388 90 27 tweuty,
2382 3386 75 31 thirty,
2473 3395 26 16 or

1919 3412 55 29 cbrty
1987 3420 66 22 years
2065 3413 66 28 back,
2143 3414 45 23 and
2201 3422 36 16 see
2250 3416 69 24 what-
2325 3419 131 31 proportion
2475 3421 25 22 of

1919 3443 35 24 the
1965 3445 53 22 laud
2032 3446 19 22 is
2063 3454 47 15 now
2134 3447 70 24 under
2223 3450 129 24 cultivation
2362 3460 5 15 :
2387 3452 50 31 why
2458 3459 40 18 not

1917 3485 40 14 one
1969 3485 51 16 acre
2034 3478 21 23 in
2068 3479 42 23 live
2124 3479 109 30 hundred,
2246 3482 108 32 although
2370 3492 52 15 men
2441 3485 56 25 have

1917 3510 53 22 been
1983 3511 106 31 assigned
2107 3513 52 22 with
2179 3513 38 24 the
2235 3514 52 25 land
2305 3521 22 18 to
2347 3517 105 25 cultivate
2470 3520 27 28 it,

1916 3542 42 23 and
1981 3550 66 24 every
2071 3546 84 31 facility
2178 3547 72 24 added
2280 3549 26 30 by
2337 3557 158 23 government.

1919 3575 57 23 i-low
1999 3577 54 23 then
2074 3585 41 15 can
2138 3580 18 22 it
2179 3580 28 23 be
2230 3582 108 30 expected
2360 3583 49 24 that
2428 3585 68 23 much

1917 3608 77 23 labour
2016 3617 41 15 can
2081 3610 55 24 have
2161 3612 56 24 been
2241 3615 115 30 expended
2380 3617 70 24 under
2470 3626 26 15 so

1916 3648 66 26 many
1994 3642 92 24 obvious
2096 3643 172 33 disadvantages
2279 3655 31 18 as,
2317 3648 37 23 the
2373 3649 52 24 land
2443 3658 52 23 pro-

1916 3679 93 24 prietors
2021 3675 24 23 in
2059 3676 55 23 New
2126 3677 101 25 Zealand
2249 3680 55 24 have
2321 3681 97 25 hitherto

1915 3706 114 30 -subjected
2043 3714 21 17 to
2074 3709 8 23 ?
2098 3709 21 24 It
2131 3716 61 18 must
2209 3711 27 24 be
2254 3713 107 24 admitted
2381 3714 62 25 there
2456 3719 45 20 are'

1915 3744 60 24 large
1985 3745 70 19 tracts
2074 3742 25 23 of
2114 3743 43 24 fine
2180 3744 54 23 land
2257 3746 22 22 in
2302 3753 62 17 some
2386 3753 63 26 parts
2472 3749 27 23 of

1915 3771 35 24 the
1962 3773 110 25 southern
2084 3775 73 24 island
2168 3777 54 23 with
2234 3779 97 31 scarcely
2344 3787 13 15 a
2370 3786 45 18 tree
2425 3789 68 24 4ipon

1915 3804 59 24 them
1983 3814 6 15 :
2002 3806 64 24 these
2078 3815 38 16 are
2128 3810 69 30 easily
2212 3810 91 29 cleared,
2317 3812 45 24 and
2371 3814 80 30 .might
2467 3816 28 22 be

1916 3842 31 19 jet
1958 3838 31 23 all
2001 3846 52 17 over
2065 3841 53 23 with
2130 3847 108 25 potatoes,
2253 3848 21 18 to
2286 3852 87 16 answer
2384 3854 43 26 any
2439 3855 53 24 par-

1914 3870 78 25 ticular
2007 3880 97 24 purpose
2107 3887 29 3 —
2139 3874 34 24 for
2191 3876 49 23 who
2259 3877 19 22 is
2297 3882 21 19 to
2343 3878 88 26 decide-
2443 3880 50 24 how

1913 3911 65 24 many
1989 3909 59 19 trees
2060 3906 58 23 shall
2129 3907 27 23 be
2169 3912 40 19 cut
2227 3908 64 25 down
2309 3918 29 16 on
2357 3913 55 22 each
2419 3925 4 7 >

1912 3944 24 16 or
1948 3936 38 24 the
1996 3937 91 25 method
2098 3940 26 23 of
2139 3940 132 25 cultivation
2279 3943 9 27 ?
2317 3943 53 24 The
2388 3948 114 26 question/-

1299 3653 2 3 .
1338 3635 69 24 Oils.
1412 3648 29 4 —
1444 3635 101 24 Holders
1558 3637 26 22 of
1599 3636 50 32 pale
1659 3637 46 23 seal
1717 3637 30 24 oil
1755 3639 85 30 having
1851 3647 33 15 re-

1305 3668 68 23 duce!
1394 3669 58 24 their
1469 3670 143 30 pretensions
1632 3674 22 18 to
1673 3671 51 22 £31
1740 3674 21 19 to
1773 3672 37 25 £:}
1818 3673 7 22 1
1841 3680 43 19 os.,

1305 3702 38 22 has
1355 3701 131 24 occasioned
1498 3710 12 14 a
1522 3702 59 30 good
1594 3702 95 23 demand
1701 3703 58 23 from
1771 3706 37 21 the
1816 3704 68 23 trade.

1305 3734 85 23 Yellow
1401 3735 46 23 ami
1460 3735 73 24 brown
1545 3735 23 23 in
1582 3735 64 25 small
1660 3736 87 31 parcels,
1758 3737 57 23 have
1830 3737 54 23 been

1305 3767 101 31 disposed
1420 3768 25 22 of
1460 3772 21 20 at
1492 3768 37 23 £2
1534 3771 11 20 J
1559 3772 22 19 to
1595 3770 54 22 £29
1667 3776 39 23 p.er
1720 3774 38 19 tun
1768 3778 5 18 ;
1794 3770 41 23 cod
1848 3771 35 27 oil,

1303 3801 51 23 £29
1367 3805 23 18 to
1401 3801 55 23 £29
1472 3803 49 21 10s.
1536 3800 43 24 has
1597 3801 56 23 been
1670 3802 105 31 accepted
1785 3812 5 18 ;
1811 3810 71 24 spenv,

1303 3834 18 21 is
1340 3833 65 30 again
1427 3832 95 32 higher;
1548 3835 72 22 £110
1643 3834 41 23 has
1706 3835 55 23 been
1780 3836 53 30 paid
1852 3836 28 23 fo,

1303 3866 62 23 small
1377 3866 88 31 parcels
1484 3866 24 23 of
1524 3866 50 24 first
1586 3866 86 32 quality
1681 3876 5 18 ;
1706 3869 32 22 50
1752 3873 50 19 tuns
1816 3869 66 25 heai-

1302 3903 79 19 matter
1393 3899 45 24 and
1450 3906 74 25 sperm
1536 3899 30 24 oil
1578 3908 38 15 are
1628 3899 103 25 declared
1738 3901 33 23 for
1778 3902 91 23 auction
1877 3913 4 18 ;

1301 3931 86 25 linseed
1397 3932 33 23 oil
1441 3937 22 19 at
1474 3934 52 22 225.
1540 3932 39 26 3d.
1594 3937 22 19 to
1630 3935 54 23 225.
1703 3934 40 24 6d.
1753 3943 8 23 j
1785 3935 59 23 olive
1862 3942 22 18 at

1345 2544 134 24 Sawyers.
1482 2558 30 4 —
1515 2545 49 24 The
1571 2554 99 24 sawyers
1677 2547 21 23 of.
1707 2547 99 31 Sydney,
1815 2547 79 32 taking

1312 2576 123 32 advantage
1455 2579 26 22 of
1495 2578 36 24 the
1551 2585 92 25 present
1661 2585 64 26 great
1745 2580 96 24 demand
1861 2582 33 23 for

1312 2610 56 22 their
1379 2612 105 28 services,
1497 2620 38 15 are
1548 2614 77 29 tryiug
1637 2618 21 18 to
1672 2615 56 22 raise
1749 2614 58 23 their
1820 2622 74 23 wages

1312 2647 21 18 to
1345 2651 12 14 a
1370 2649 59 18 most
1441 2646 163 23 unreasonable
1618 2651 54 19 rate.
1716 2646 50 24 The
1780 2655 49 16 sum
1843 2648 51 30 paid

1313 2681 21 17 to
1345 2684 98 23 sawyers
1455 2678 54 23 used
1526 2683 22 18 to
1568 2679 27 23 be
1615 2681 36 21 six
1667 2679 106 32 shillings
1792 2681 44 23 and
1858 2682 36 22 six

1311 2716 68 24 pence
1393 2718 39 23 per
1444 2711 102 24 hundred
1557 2712 47 23 feet
1623 2713 34 22 for
1677 2713 65 23 cedar
1761 2714 72 23 under
1852 2719 42 18 two

1312 2742 42 23 feet
1377 2744 64 28 wide,
1466 2745 42 23 anil
1536 2747 169 30 proportionate
1734 2748 72 29 prices
1831 2747 62 23 when

1312 2775 66 24 above
1391 2777 50 24 that
1451 2778 75 23 width.
1563 2780 34 22 At
1616 2779 46 23 this
1681 2784 46 19 rate
1749 2780 24 23 of
1788 2785 106 26 payment

1312 2816 13 15 a
1334 2810 48 29 pair
1402 2810 25 23 of
1449 2819 98 22 sawyers
1566 2812 105 32 working
1693 2814 36 22 six
1750 2813 54 31 days
1829 2814 64 23 could

1311 2842 51 23 with
1374 2850 52 16 ease
1439 2852 52 15 earn
1503 2846 36 25 £7
1553 2853 41 23 per
1606 2846 71 23 week.
1723 2847 25 22 A
1764 2846 64 24 short
1841 2847 52 23 time

1312 2876 57 22 since
1383 2876 53 31 they
1449 2879 77 22 struck
1541 2879 62 23 work
1616 2879 42 23 and
1672 2879 73 23 raised
1754 2879 57 23 their
1820 2888 73 23 wages

1312 2913 20 17 to
1343 2909 62 30 eight
1416 2911 105 31 shillings
1533 2912 44 23 ami
1589 2912 133 30 four-pence
1734 2920 41 23 per
1790 2912 103 25 hundred

1310 2942 43 23 feet
1365 2943 35 22 for
1412 2944 81 23 timber
1505 2945 70 23 under
1596 2950 43 18 two
1658 2946 52 28 feet,
1729 2946 44 22 and
1792 2951 38 18 teii
1849 2946 43 23 and

1310 2976 118 30 six-pence
1441 2977 34 22 for
1486 2977 29 23 all
1528 2984 78 17 above.
1651 2978 57 24 This
1726 2986 46 16 was
1791 2984 39 18 not
1850 2984 44 19 two.

1310 3008 89 23 months
1407 3010 70 28 since,
1486 3011 42 23 anil
1537 3018 50 16 now
1595 3011 53 31 they
1656 3012 58 23 have
1725 3013 66 30 again
1804 3013 87 28 struck,

1310 3041 41 22 and
1362 3041 97 24 demand
1482 3043 62 31 eight
1566 3043 106 31 shillings
1693 3045 44 22 and
1759 3046 50 21 four
1822 3053 69 23 pence

1310 3074 32 22 for
1353 3074 67 23 ceiar
1439 3076 69 23 under
1529 3083 42 16 oue
1595 3076 47 23 foot
1666 3077 43 28 six,
1722 3081 39 21 ten
1784 3076 107 33 shillings

1310 3106 54 23 from
1377 3115 43 15 one
1433 3108 46 23 foot
1490 3109 35 22 six
1539 3113 20 19 to
1574 3113 42 19 two
1628 3109 53 28 feet,
1695 3110 78 23 twelve
1785 3111 106 31 shillings

1310 3140 40 23 and
1362 3140 120 31 six-pence
1493 3142 57 23 from
1564 3146 42 19 two
1623 3142 46 24 feet
1687 3148 22 18 to
1728 3150 43 16 two
1789 3144 46 23 feet
1847 3145 42 28 six,

1310 3172 40 24 and
1369 3173 89 24 sixteen
1481 3175 43 23 and
1550 3175 147 32 eight-pence
1719 3177 35 23 for
1773 3177 29 23 all
1822 3177 69 24 above

1310 3210 39 19 two
1372 3206 47 24 feet
1441 3208 36 23 six
1486 3217 5 14 :
1515 3208 64 24 these
1602 3217 39 15 are
1664 3209 55 24 such
1743 3215 148 27 extravagant

1307 3240 71 29 prices
1391 3240 48 23 that
1452 3240 36 24 the
1501 3247 96 18 masters
1616 3247 82 19 cannot
1716 3243 71 23 afford
1806 3249 23 18 to
1846 3252 44 23 pay

1309 3273 65 27 them,
1388 3274 44 22 and
1445 3274 36 23 the
1493 3282 155 23 consequence
1660 3276 19 22 is
1691 3276 49 23 that
1759 3284 13 15 a
1789 3276 60 31 body
1869 3286 19 14 os

1309 3305 34 23 the
1354 3313 52 16 men
1418 3306 56 24 have
1484 3315 59 22 gone
1554 3308 70 22 about
1635 3307 46 24 this
1693 3309 62 23 week
1775 3309 113 24 threaten-

1309 3339 36 29 ing
1357 3343 22 19 to
1392 3340 76 23 smash
1481 3340 36 23 the
1531 3347 58 16 saws
1602 3340 44 23 and
1664 3342 72 30 injure
1755 3342 65 24 those
1839 3351 50 15 men

1309 3370 45 24 who
1367 3372 62 24 work
1448 3374 34 22 for
1500 3374 73 30 prices
1594 3380 22 17 at
1635 3374 73 24 which
1728 3375 51 31 they
1799 3382 89 22 cannot,

1308 3404 91 23 without
1410 3406 103 31 working
1533 3415 53 22 very
1606 3407 62 29 hard,
1682 3415 53 16 earn
1754 3416 62 16 more
1835 3410 52 23 thai)

1307 3438 34 23 £l
1352 3440 49 21 10s.
1411 3446 41 23 per
1460 3440 61 22 week
1529 3441 63 22 each.
1625 3441 54 30 Any
1686 3447 84 24 roaster
1778 3450 28 14 on
1815 3443 73 22 wliosl-

1307 3472 106 29 premises
1432 3472 62 23 these
1512 3480 53 16 men
1585 3481 70 20 came,
1675 3478 33 18 tor
1728 3474 38 23 t'.ie
1793 3483 93 23 purpose

1307 3504 23 22 of
1340 3505 116 30 annoying
1468 3506 36 22 the
1515 3513 53 15 men
1582 3507 48 21 who
1643 3514 38 14 are
1693 3511 22 17 at
1729 3507 68 27 work,
1808 3507 79 23 should

1307 3537 149 31 immediately
1467 3538 94 30 proceed
1574 3542 22 19 to
1608 3538 36 23 the
1658 3538 77 23 Police
1752 3539 75 23 Office
1844 3541 43 22 and

1307 3571 48 22 take
1368 3575 40 18 out
1420 3577 13 16 a
1446 3575 95 18 warrant
1559 3571 90 30 against
1673 3571 69 23 them.
1746 3584 30 3 —
1778 3572 108 24 Sydney

1307 3602 116 27 Herald,
1436 3603 82 23 April
1534 3605 38 24 10.,

84 142 37 22 the
131 141 119 31 humidity,
260 143 72 23 which
342 145 20 20 is
369 144 36 22 the
411 143 108 29 principal
531 150 65 15 cause
607 143 25 21 of
639 142 36 22 the

84 169 81 26 vigour
176 171 26 21 of
210 171 37 21 the
254 174 91 24 present
352 172 133 26 vegetation,
494 170 45 22 will
546 169 98 23 likewise
649 169 28 22 be

85 194 144 29 diminished,
249 197 45 22 and
315 197 95 27 sterility
430 197 43 22 will
491 197 28 21 bs
539 197 37 21 the
599 203 78 15 conse-

91 228 93 21 quence.

110 248 50 22 The
171 256 60 14 same
238 249 116 24 character
362 249 26 21 of
395 249 36 21 the
440 249 55 21 land
505 256 45 20 you
559 256 38 14 see
615 256 15 14 n
639 248 38 22 the

84 279 92 21 greater
192 280 50 23 part
256 276 27 21 of
292 275 80 22 Cook's
384 275 84 26 Straits,
485 276 23 20 in
525 275 87 27 Cloudy
623 275 52 27 Bay,

85 301 80 28 Queen
179 302 112 22 Chailotte
308 301 85 25 Sound,
410 301 128 26 Admiralty
552 301 56 26 Bay,
625 301 52 21 Port

84 325 90 28 Hard}-,
185 334 31 20 up
226 332 22 17 to
259 329 59 24 Cape
328 327 115 26 Farewell,
452 334 28 14 on
487 327 40 21 the
534 331 87 22 greater
629 330 48 23 part

84 353 26 20 of
124 353 38 21 the
175 358 93 16 western
284 353 44 21 and
339 353 26 21 of
376 353 37 21 the
432 357 87 17 eastern
529 356 62 18 coast
600 352 26 22 of
639 352 38 22 the

83 378 108 22 southern
203 378 79 28 island,
301 379 54 21 with
371 379 43 21 this
432 378 127 28 difference,
576 379 49 21 that
639 378 38 22 the

84 404 54 22 land
149 411 56 15 near
215 405 37 21 the
263 412 38 14 sea
310 405 65 22 shore
386 406 18 20 is
412 406 44 21 still
465 412 62 15 more
538 405 61 27 hilly,
615 412 62 15 more

87 430 68 28 sjteep.
184 431 49 22 The
250 432 114 21 immortal
381 432 61 22 Cook
458 432 49 22 tells
524 439 33 20 us,
574 432 48 21 that
639 432 37 21 the

86 457 57 27 Alps
155 458 24 21 of
192 458 37 21 the
240 458 106 22 southern
356 458 73 22 island
440 458 82 22 exceed
532 458 62 22 those
606 459 25 21 of
640 458 36 22 the

84 484 107 22 northern
204 485 21 21 in
235 485 84 27 height,
331 485 46 22 and
387 493 36 13 are
432 486 94 21 covered
532 485 51 21 with
593 486 82 21 eternal

86 518 69 14 snow.
185 512 22 21 It
221 512 19 21 is
250 515 49 18 true
322 512 50 21 that
386 512 64 21 small
466 512 55 26 bays
537 519 36 14 are
590 512 87 21 formed

84 538 143 26 everywhere
238 538 67 27 along
320 538 37 21 the
373 542 78 23 coasts,
466 538 41 22 b-.it
522 538 37 24 the
570 538 40 21 flat
623 538 53 22 land

84 564 52 26 they
146 564 92 22 contain
249 565 19 21 is
278 566 26 20 of
315 572 54 20 very
381 565 55 21 little
447 569 85 19 extent.
561 565 65 21 Some
636 564 40 22 flat

83 588 54 23 laud
148 597 18 14 is
176 590 70 22 found
257 598 54 15 near
318 592 84 21 Bank's
412 590 122 23 Peninsula
543 591 130 26 andChago,

85 615 41 22 but
135 616 18 21 it
162 617 18 20 is
190 618 48 21 said
249 622 21 17 to
281 618 27 21 be
319 618 82 27 mostly
412 618 25 21 of
444 625 13 14 a
466 624 98 20 swampy
574 621 95 17 nature.'

108 641 72 23 •What
200 644 44 21 will
261 644 27 21 be
295 643 49 23 'the
361 644 105 27 practical
477 644 129 21 conclusion
617 643 57 22 from

87 667 44 23 this
150 670 90 26 general
256 670 135 28 description
409 670 25 21 of
450 670 36 21 the
504 673 79 18 nature
599 670 26 21 of
638 669 36 22 the

84 696 112 27 country?
223 696 59 22 That
288 697 36 21 the
333 701 87 17 eastern
431 696 46 22 side
487 697 28 20 of
519 696 36 21 tli3
566 696 107 22 northern

83 720 73 24 island
166 729 18 14 is
195 723 56 21 unfit
260 724 34 20 for
305 724 114 21 extensive
435 723 140 27 agriculture,
588 722 44 23 and
642 724 33 20 for

84 747 37 22 the
142 750 154 26 employment
312 750 25 21 of
355 749 80 27 capital
452 757 27 14 on
496 757 14 14 a
528 750 60 25 large
608 748 65 23 scale.

84 773 43 22 But
143 776 141 26 everywhere
300 776 18 21 is
334 776 70 22 found
418 776 54 21 land
488 776 90 27 enough
588 776 34 21 for
637 776 37 21 tha

82 802 100 21 exercise
202 802 26 21 of
246 802 36 22 the
299 802 121 22 individual
437 803 120 27 enterprise
568 802 26 21 of
605 810 12 14 a
631 802 44 22 dis-

82 828 81 25 persed
181 828 137 28 population,
336 828 72 23 which
424 829 66 22 could
506 828 97 28 proi-ace
621 829 52 21 with

84 860 49 15 ease
144 861 68 20 every
223 855 64 27 thing
298 857 15 19 it
324 856 88 21 wanted
422 856 25 21 of
460 856 35 21 the
506 863 77 14 necess
591 856 50 21 tries
651 856 26 21 of

82 879 45 28 life,
147 880 45 22 and
208 881 81 27 always
306 882 44 21 live
368 882 24 21 in
408 882 137 21 abundance.
576 881 44 22 But
636 881 37 22 the

82 906 130 22 cultivation
223 908 26 20 of
257 909 37 19 the
305 907 50 21 lulls
365 908 97 26 requires
471 908 65 21 much
543 907 80 21 labour
628 908 46 20 and

84 934 132 25 experience
225 941 4 16 ;
245 932 54 27 they
309 940 37 14 are
360 933 135 27 parciculary
511 933 71 21 suited
599 938 21 16 to
637 934 36 20 the

82 957 148 28 Highlander,
239 962 21 17 to
269 959 37 21 tha
315 959 72 26 Swiss,
397 959 45 22 and
449 960 35 21 the
492 959 107 22 German.
612 959 61 22 Here

81 984 65 21 small
161 985 135 27 proprietors
310 985 75 22 would
400 993 91 20 procure
506 993 28 14 an
551 986 122 27 indsp-siid-

81 1017 57 15 ance
157 1011 31 27 by
203 1011 102 28 planting
322 1020 55 14 corn
397 1013 45 21 and
460 1018 106 21 potatoes,
588 1013 44 21 and
649 1014 24 20 in

81 1037 131 22 favourable
229 1039 75 26 places
320 1039 37 21 the
374 1039 57 21 olive
447 1039 44 21 and
506 1039 36 21 the
560 1046 57 20 wne,
637 1039 36 21 the

82 1064 114 27 mulberry
216 1065 44 21 and
284 1065 103 22 different
407 1066 129 21 fruit-trees.
578 1067 97 26 Rearing

80 1091 66 21 cattle
159 1091 66 22 could
236 1092 27 21 bs
275 1092 87 22 carried
372 1100 27 14 on
411 1096 22 18 to
440 1100 12 14 a
461 1097 63 23 great
534 1096 83 23 extent,
629 1093 44 21 and

79 1117 35 21 for
124 1122 87 23 export,
224 1119 38 21 but
279 1119 112 21 meadows
406 1119 57 21 have
473 1123 23 18 to
506 1120 27 21 be
544 1119 87 22 created
644 1127 29 20 up

81 1143 37 21 the
135 1143 60 28 hills,
213 1145 71 22 wh'ch
303 1153 36 14 are
355 1152 50 15 now
423 1147 94 21 covered
532 1145 52 22 with
599 1146 73 22 forest.

81 1169 83 23 Where
172 1170 43 22 this
225 1171 18 21 is
249 1175 41 18 not
300 1172 37 22 the
345 1180 56 19 case,
412 1172 66 28 sheep
486 1172 50 22 feed
550 1173 123 26 extremely

78 1197 49 23 well
143 1204 61 21 upon
220 1198 36 21 tha
274 1199 41 21 low
328 1202 89 23 vegstat
426 1206 28 14 on
465 1199 26 21 of
506 1199 36 21 the
553 1199 56 26 hills,
628 1199 45 21 and

80 1223 58 23 their
156 1224 55 21 wool
228 1226 108 25 promises
353 1230 21 16 to
390 1225 26 22 be
432 1226 26 20 of
470 1225 36 21 the
517 1225 47 21 first
574 1226 85 27 quality
666 1234 5 18 ;

80 1249 26 25 fit
118 1249 75 28 places
204 1251 33 21 for
253 1251 116 22 saw-mills
385 1259 37 14 are
440 1259 67 19 every
517 1251 74 21 where
606 1257 22 16 to
646 1253 27 21 be

78 1276 79 27 found,
164 1277 45 21 and
214 1277 106 27 although
328 1278 37 21 the
372 1279 79 21 timber
456 1278 17 22 is
481 1282 40 17 not
529 1278 47 21 well
583 1278 89 27 known,

78 1302 64 22 kauri
165 1303 86 26 timber,
270 1303 37 22 the
326 1304 126 27 kahikatea,
469 1305 37 21 the
526 1308 91 23 totaroa,
635 1305 38 21 the

80 1330 51 25 mai,
149 1329 37 22 the
205 1331 63 26 rimu,
287 1331 36 21 the
340 1332 71 25 towai,
430 1331 44 21 and
491 1331 38 21 the
545 1335 51 17 tana
612 1331 61 27 yield

80 1356 80 26 capital
170 1364 68 24 spars,
256 1357 45 21 and
317 1357 37 21 the
373 1357 86 22 articles
476 1357 114 27 produced
607 1359 66 21 could

80 1382 82 27 always
172 1383 48 21 find
233 1390 13 14 a
261 1383 69 28 ready
341 1383 93 23 market.
464 1385 21 21 A
495 1385 101 25 coasting
611 1385 61 21 trade

80 1409 75 21 would
162 1416 63 21 carry
232 1410 34 21 off
271 1410 37 21 the
313 1411 89 26 surplus
410 1411 103 26 produce,
524 1411 43 21 and
579 1412 93 21 forward

80 1435 16 23 it
107 1439 22 18 to
141 1435 37 22 the
189 1437 107 26 principal
305 1442 60 22 port;
378 1437 60 21 there
447 1444 37 14 are
494 1444 61 15 some
566 1438 45 21 fine
621 1438 51 21 har-

81 1462 69 21 bours
165 1463 36 21 for
215 1463 43 21 this
268 1470 96 24 purpose
380 1464 22 21 in
421 1464 72 21 Cooks
505 1465 83 25 Straits,
600 1465 71 21 which

81 1489 83 21 vessels
174 1489 26 21 of
211 1496 44 19 any
266 1490 44 21 size
325 1497 42 14 can
379 1495 75 21 enter;
471 1498 30 18 as,
513 1490 79 24 Qaeen
603 1491 69 21 Char-

81 1514 56 28 jbtte
161 1515 83 26 Sound,
252 1536 9 2 _
269 1516 53 21 Port
343 1516 85 27 Hardy,
449 1517 85 26 Cloudy
555 1517 54 27 Bay,
625 1517 46 22 and

81 1540 82 22 others.

109 1568 10 21 1
136 1567 57 23 have
211 1568 72 22 stated
298 1568 48 22 that
365 1569 9 21 I
395 1569 63 21 think
468 1569 62 21 these
548 1569 73 27 places
638 1578 34 14 es-

80 1594 96 34 pecially
185 1595 26 21 fit
220 1599 22 17 to
252 1595 28 21 be
291 1595 80 21 sealed
380 1595 29 28 by
420 1595 63 22 smnll
496 1597 139 26 proprietors,
647 1604 25 14 or

80 1620 30 27 by
127 1629 41 13 our
186 1622 92 21 farmers
298 1622 26 20 of
341 1622 37 21 the
398 1622 81 22 middle
500 1623 62 21 class.
599 1623 71 27 Large

77 1648 123 26 capitalists
226 1648 49 21 who
292 1648 72 22 would
380 1649 88 27 employ
482 1648 57 22 their
556 1656 81 21 money
648 1658 21 13 m

79 1674 137 27 purchasing
228 1675 55 21 land
292 1676 21 20 in
326 1676 62 21 these
403 1680 59 23 parts
475 1676 72 21 would
557 1676 47 22 find
614 1677 57 21 their

78 1700 56 22 land
150 1704 36 18 too
203 1702 118 26 dispersed,
336 1702 45 21 and
395 1702 73 22 would
482 1708 42 16 not
538 1703 29 21 be
585 1703 47 22 able
648 1707 22 18 to

77 1728 102 24 .exercise
199 1728 36 21 the
256 1736 118 20 necessary
393 1729 124 28 inspection
538 1736 52 14 over
614 1730 56 22 their

81 1754 76 21 farms.

106 1780 49 22 The
173 1781 46 22 first
237 1781 55 22 class
303 1782 26 21 of
341 1782 85 27 people,
443 1782 110 27 however,
573 1783 49 21 wh**
633 1790 37 14 are

78 1806 65 28 Jhose
163 1808 48 21 who
228 1808 120 28 especially
365 1809 87 26 require
471 1809 66 21 relief
554 1814 23 16 at
594 1809 77 26 home,-

80 1833 74 22 would
164 1834 47 22 find
225 1834 53 22 here
292 1843 27 13 an
334 1836 111 21 excellent
454 1835 51 22 field
517 1836 33 21 for
565 1836 56 21 their
636 1838 34 20 in-

78 1859 86 29 dustry.
195 1861 26 22 In
237 1868 14 14 a
270 1869 52 19 very
342 1862 61 22 short
413 1863 52 20 time
479 1862 53 28 they
543 1863 72 21 would
624 1863 46 21 find

78 1887 140 23 subsistence
228 1888 35 21 for
273 1888 37 21 the
319 1889 48 21 first
373 1889 64 26 time;
454 1889 28 21 all
489 1893 56 17 sorts
554 1890 25 20 of
585 1890 83 26 garden

78 1914 129 27 vegetables
220 1915 72 21 thrive
309 1914 82 28 during
407 1916 45 27 the,
460 1916 69 21 whole
545 1923 60 20 year,
623 1917 46 21 and

77 1944 46 17 two
134 1948 64 20 crops
209 1941 25 21 of
238 1945 100 23 potatoes
349 1949 41 14 can
400 1942 27 21 be
438 1942 68 27 easily
517 1943 79 21 raised.

106 1967 48 22 Tile
165 1975 68 19 range
241 1968 27 21 of
284 1973 127 17 mountains
430 1968 71 22 which
518 1973 96 17 traverse
632 1970 37 20 the

78 1994 108 19 northern
196 1994 73 20 island
284 1996 52 24 give
352 1998 41 17 rise
404 1999 22 16 to
438 1995 104 20 numbers
553 1996 26 20 of
592 1996 75 26 rivers,

78 2018 73 21 which
172 2019 115 27 discharge
312 2020 134 21 themselves
471 2020 67 27 along
557 2021 37 21 the
616 2026 53 17 west

78 2050 69 16 coast.
179 2045 24 21 If
210 2053 31 14 we
253 2046 67 21 could
330 2053 103 20 compare
451 2047 37 21 the
506 2051 93 18 western
619 2053 49 21 part

78 2071 27 21 of
112 2071 43 22 this
165 2072 73 21 inland
249 2072 52 21 with
311 2072 39 22 the
360 2073 54 22 land
424 2081 28 14 on
464 2074 37 21 the
512 2078 92 17 western
621 2075 47 21 side

78 2097 26 22 of
111 2098 37 21 the
162 2098 75 22 Andes
247 2100 24 21 in
282 2100 113 26 America,'
412 2107 32 14 we
455 2107 51 24 may
517 2108 102 20 compare
632 2102 36 21 the

78 2129 94 18 western
193 2125 49 22 side
259 2126 26 21 of
301 2126 37 21 the
359 2126 106 22 northern
490 2127 73 22 island
573 2128 26 21 of
612 2128 56 21 New

77 2150 102 23 Zealand
202 2156 21 17 to
248 2152 63 22 those
336 2153 47 22 rich
398 2154 45 21 and
463 2154 70 21 fertile
553 2154 72 27 plains
646 2154 26 22 of

77 2177 73 22 North
161 2178 45 22 and
216 2179 70 22 South
298 2180 113 26 America,
424 2180 70 21 which
506 2187 37 15 are
555 2182 112 21 traversed

76 2204 30 27 by
117 2209 94 18 streams
225 2206 46 21 and
284 2206 78 27 rivers,
378 2207 37 21 the
430 2207 90 21 arteries
531 2207 26 22 of
564 2208 101 27 industry

77 2231 45 21 and
142 2239 140 21 comnerce,.
301 2232 47 22 and
366 2233 72 22 where
457 2234 53 21 wilh
529 2234 139 27 astonishing

76 2258 98 28 rapidity
185 2266 13 14 a
208 2258 201 32 large'-pbpulation
426 2260 54 21 rises
490 2260 22 21 in
524 2260 37 22 the
572 2261 62 27 place
646 2262 25 21 of

77 2284 59 22 their
146 2285 83 22 former
238 2286 147 21 inhabitants.
414 2286 139 28 Everything
569 2288 48 21 that
627 2288 39 21 has

75 2311 59 22 been
153 2312 88 27 praised
301 2312 57 22 Now
379 2312 98 23 Zealand
496 2321 23 14 as
539 2321 13 14 a
566 2314 53 22 field
634 2315 33 21 for

76 2337 119 28 European
207 2340 122 26 enterprise
338 2340 17 21 is
365 2339 28 22 all
406 2345 47 16 true
465 2340 24 21 of
497 2340 43 22 this
550 2345 50 23 part
609 2341 26 21 of
643 2342 22 25 it,

77 2364 73 22 which
161 2365 43 22 will
214 2373 68 14 excee
291 2366 7 21 I
309 2366 37 21 the
363 2370 59 18 most
438 2367 107 26 sanguine
564 2373 102 22 expecta-

75 2391 67 22 tioxis.
172 2392 73 21 V/hen
266 2392 36 22 the
320 2400 41 19 eye
377 2393 26 21 of
417 2393 35 22 the
470 2394 62 21 artist
548 2401 26 14 or
590 2395 26 22 of
630 2395 35 22 the

75 2418 125 26 naturalist,
213 2426 24 14 or
249 2419 26 21 of
280 2427 45 19 any
332 2420 63 21 lover
406 2420 27 21 of
440 2420 139 28 picturesque
588 2425 78 18 nature

74 2444 59 21 likea
143 2450 23 16 to
176 2453 76 19 repose
273 2453 60 20 upon
354 2446 62 22 thos?
435 2446 71 28 rocky
525 2448 46 21 and
589 2455 77 20 snowy

75 2471 79 22 chains
165 2479 28 14 on
205 2472 36 21 the
252 2477 47 17 east
306 2476 68 23 coast,
387 2480 58 20 upon
457 2473 37 22 the
503 2474 104 22 cascades
618 2475 48 21 that

75 2497 40 22 fall
126 2497 64 22 down
202 2498 56 23 from
270 2499 61 21 them
343 2499 50 22 with
404 2500 102 27 rapidity,
522 2500 38 22 the
571 2502 94 26 agricul-

75 2525 66 21 turist
160 2525 43 21 will
221 2526 28 21 be
268 2526 90 26 pleased
375 2526 23 21 in
418 2526 92 28 looking
529 2535 53 14 over
602 2528 63 21 those

75 2551 92 27 smiling
176 2552 79 27 plains,
272 2552 54 28 only
341 2552 75 23 varied
431 2553 23 21 in
472 2553 57 22 their
544 2558 76 23 aspect
637 2556 28 26 by

74 2577 44 21 low
129 2578 134 27 undulating
272 2578 57 28 hills,
343 2579 71 22 which
425 2587 36 15 are
471 2587 53 15 seen
533 2581 57 22 from
600 2581 65 23 Kafia

75 2611 31 14 on
124 2604 37 22 the
181 2610 93 17 western
291 2610 63 17 coast
370 2606 64 21 down
445 2610 20 21 to.
485 2607 117 27 Taranaki,
621 2608 44 21 and

74 2630 59 22 from
141 2631 110 22 thencsin
263 2632 82 22 Cook's
355 2632 78 22 Straits
445 2636 21 17 to
478 2634 77 26 nearly
567 2635 98 25 opposite

75 2657 74 28 Entry
158 2658 83 21 Island.
271 2660 38 21 An
320 2659 80 22 almost
408 2658 123 23 incredible
541 2662 95 20 number
643 2661 25 21 of

75 2684 78 27 rivers,
165 2689 39 17 not
214 2685 77 27 slowly
302 2686 101 26 winding
413 2686 56 21 their
479 2686 53 27 path
542 2687 45 21 and
597 2687 69 22 form-

73 2711 41 26 ing
124 2718 100 21 swamps,
235 2712 40 21 but
285 2712 54 21 with
350 2720 12 14 a
371 2712 50 21 rash
429 2712 44 23 and
481 2713 67 27 quick
556 2714 44 26 fall,
608 2714 57 21 have

74 2737 60 22 their
148 2739 150 22 embouchure
316 2746 29 14 on
362 2739 38 22 the
418 2744 92 17 western
528 2740 45 21 and

73 2768 57 17 west
153 2765 53 21 side.
237 2765 27 22 In
284 2765 123 28 ascending
431 2766 81 23 Mount
537 2767 98 27 Egmont
655 2768 9 21 I

75 2791 88 22 walked
173 2792 81 27 during
263 2796 38 17 ten
313 2792 54 27 days
378 2792 94 28 through
480 2801 28 14 an
519 2794 81 22 almost
606 2794 59 22 level

74 2822 103 23 country,
188 2818 76 22 before
275 2819 10 21 I
296 2826 63 15 came
370 2823 22 18 to
404 2819 36 22 the
451 2820 47 21 foot
506 2821 28 21 of
538 2820 36 22 the
586 2828 79 15 moun-

64 2868 4 5 t
75 2845 55 26 tain,
143 2845 70 22 which
223 2845 19 22 is
252 2853 14 14 a
276 2853 56 14 cone
343 2846 69 27 rising
426 2846 57 22 from
501 2846 37 23 the
555 2847 67 28 plain.
654 2848 10 21 I

73 2871 89 26 passed*
171 2879 13 14 a
200 2876 63 23 great
279 2880 69 19 many
358 2873 76 26 rivers,
454 2873 42 22 but
513 2881 30 14 no
563 2881 100 21 swamps.

74 2898 49 21 The
130 2898 54 22 land
193 2899 18 21 is
221 2899 35 21 for
266 2899 37 22 the
320 2905 75 21 greate
408 2903 10 18 t
433 2904 50 23 part
499 2901 96 22 covered
612 2901 51 22 with

74 2924 70 23 forest
160 2926 26 21 of
200 2925 53 27 higii
271 2926 81 27 stately
369 2927 87 26 timber,
473 2927 23 22 in
512 2935 62 14 some
591 2928 73 27 places

73 2958 63 15 more
154 2959 56 20 open
226 2952 54 22 than
296 2953 24 21 in
331 2953 74 22 others
412 2961 4 17 ;
432 2954 23 21 in
466 2954 65 21 other
550 2959 61 22 parts
619 2954 18 21 it
646 2955 18 21 is

75 2978 97 22 covered
181 2978 52 21 with
244 2979 54 27 high
308 2980 49 21 fern
368 2987 25 14 or
407 2980 51 26 flax,
477 2980 45 21 and
538 2981 19 20 is
574 2981 90 26 waiting

73 3007 24 18 to
106 3005 29 21 be
146 3005 113 27 ploughed
267 3005 30 27 by
307 3006 38 21 the
355 3006 60 21 hand
425 3006 26 21 of
461 3013 59 14 man.
550 3006 73 22 When
635 3015 27 14 on

73 3031 38 21 the
124 3034 36 24 top
171 3032 26 20 of
205 3031 35 21 the
251 3033 118 20 mo'intiin
379 3033 9 20 I
397 3032 82 21 turned
486 3037 22 17 to
516 3033 37 21 the
562 3033 65 22 north
634 3041 6 18 ;
652 3033 11 22 I

73 3064 46 14 saw
127 3064 12 15 a
148 3057 58 28 plain
217 3058 94 21 towards
321 3058 65 21 Kafia
397 3066 24 14 as
430 3059 33 20 far
474 3066 24 14 as
505 3066 38 20 my
551 3067 39 20 eye
599 3060 65 21 could

73 3083 75 28 reach,
167 3083 44 23 and
221 3085 124 26 stretching
353 3085 35 21 for
398 3085 57 24 sixty
466 3086 46 21 and
522 3093 61 15 more
599 3086 65 22 miles

73 3110 80 22 inland
162 3111 56 22 from
229 3111 37 22 the
277 3119 39 14 sea
325 3111 72 22 shore.
427 3111 61 22 Here
499 3112 37 22 the
553 3112 40 22 soil
611 3113 52 22 does

74 3140 41 18 not
124 3144 76 20 repose
210 3145 61 20 upon
281 3146 13 14 a
305 3138 79 22 barren
395 3138 60 29 rock,
475 3146 24 15 as
515 3147 29 14 on
562 3140 37 21 the
617 3143 47 18 east

75 3163 53 27 side,
150 3164 39 22 but
207 3165 18 21 is
245 3165 57 27 deep
320 3165 46 22 and
384 3165 184 28 unexhaustabl?,
581 3166 81 25 mostly

74 3189 57 28 clay,
150 3191 45 22 and
211 3192 76 21 nrxed
304 3192 52 21 with
371 3191 64 22 black
446 3193 116 26 vegetable
579 3193 82 24 mould.

103 3215 12 23 I
126 3217 127 23 afterwards
263 3218 66 22 made
346 3225 29 15 an
392 3219 116 21 excursion
524 3224 23 17 to
565 3220 85 21 Mokau
656 3228 5 18 ;

77 3243 10 23 I
98 3245 80 23 passed
193 3245 53 21 nine
264 3246 77 25 rivers,
359 3245 85 21 several
460 3245 27 21 of
498 3245 67 27 them,
585 3253 23 14 as
626 3247 36 20 the

75 3269 106 29 Waitara,
191 3278 68 15 seven
269 3271 65 22 miles
341 3271 56 21 from
409 3272 130 25 Sugar-loaf
545 3273 68 26 point,
626 3273 37 21 the

76 3296 107 28 Komimi,
194 3305 62 15 some
265 3297 67 23 miles
341 3297 78 26 higher
434 3301 22 18 to
474 3298 36 22 the
528 3299 133 27 northward,

75 3323 57 22 have
153 3328 41 18 two
214 3324 98 22 fathoms
332 3324 44 22 and
395 3332 60 14 more
475 3328 22 18 at
507 3339 3 5 ,
515 3325 54 26 high
587 3330 74 17 water.

75 3350 44 22 But
126 3351 38 21 the
172 3351 66 21 finest
244 3350 26 22 of
277 3351 62 22 them
348 3351 19 21 is
375 3351 37 21 the
425 3350 83 22 Mokau
514 3351 66 26 river,
590 3352 73 22 which

44 3375 71 35 «f^tas
125 3377 56 21 been
186 3376 86 23 -visited
281 3377 31 27 by
322 3377 82 22 vessels
414 3374 26 24 of
446 3384 43 15 one
499 3377 103 23 hundred
612 3382 51 18 tons

179 3403 46 22 and
234 3403 72 23 which
316 3404 19 22 i
332 3404 22 22 3
345 3403 117 28 navigable
479 3404 34 22 for
528 3405 61 26 large
599 3405 64 22 boats

73 3429 36 23 for
123 3430 68 27 thirty
205 3438 26 14 or
247 3430 59 28 forty
325 3431 70 26 miles,
418 3431 89 28 flowing
529 3431 97 28 through
650 3439 13 15 a

73 3452 73 27 fertile
165 3457 45 21 and
234 3457 136 27 undulating
393 3457 91 23 district.

101 3483 21 22 A
144 3487 63 23 great
224 3491 70 21 mar»y
313 3484 76 28 rivers,
412 3487 103 24 amongst
533 3484 71 22 which
625 3485 37 22 the

73 3509 136 29 Wanganui,
237 3511 38 22 the
297 3511 74 26 Patea,
386 3525 4 3 •
400 3511 37 22 the
453 3511 143 28 Manawadu,
618 3512 45 22 and

72 3536 82 27 others,
166 3537 114 27 discharge
290 3537 188 23 them3slvesinto
489 3538 80 22 Cook's
575 3539 84 26 Straits,

72 3563 93 22 a-.id-the
176 3568 93 27 country
279 3564 97 28 through
387 3564 71 22 which
475 3565 53 28 they
544 3565 50 22 flow
609 3565 19 22 is
639 3566 26 21 of

73 3589 38 22 the
122 3597 61 15 <ame
192 3591 72 26 promi
270 3598 47 19 ung
327 3594 81 21 aspect.

99 3615 56 23 This
164 3620 48 23 part
222 3617 27 21 of
256 3616 36 22 the
309 3614 54 24 ftnd
379 3617 110 21 therefore
505 3624 73 15 ssems
594 3621 23 17 to
633 3618 28 21 be

71 3642 95 27 pointed
176 3646 38 18 out
223 3643 31 26 by
263 3647 80 17 nature
360 3650 23 14 as
399 3643 36 21 the
450 3644 110 26 principal
576 3644 85 21 district

73 3669 27 21 of
114 3669 56 21 New
180 3668 107 22 Zealand.
317 3669 45 22 But
378 3664 169 33 unfortunately
563 3669 62 23 there
642 3670 18 22 is

73 3693 30 24 ho
115 3695 96 23 harbour
228 3702 30 14 on
270 3695 42 22 this
324 3695 45 23 side
388 3696 26 21 of
430 3695 38 23 the
487 3696 80 26 island,
588 3696 72 22 which

73 3723 75 21 unites
158 3721 29 23 all
197 3722 60 27 good
275 3721 103 28 qualities
395 3723 22 21 in
434 3722 66 22 itself.
532 3723 127 27 Hokianga,

73 3749 107 28 Kaipara,
198 3749 46 21 and
258 3749 115 22 Manakau
388 3749 56 21 have
462 3749 51 23 bars
531 3753 22 18 at
569 3749 36 23 the
621 3757 38 15 en-

72 3779 86 22 trance,
179 3775 46 22 and
240 3782 37 15 are
294 3782 61 16 more
372 3783 25 14 or
411 3776 43 22 less
470 3775 136 28 dangerous;
623 3777 36 21 the

72 3809 63 16 more
145 3810 31 19 so,
187 3809 24 15 as
228 3801 75 28 owing
319 3805 22 18 to
352 3801 37 23 the
404 3802 180 28 north-westerly
599 3803 61 27 gales

71 3829 40 22 the
120 3828 139 24 sand-banks
269 3833 23 17 at
301 3828 38 22 the
350 3832 105 18 entrance
465 3836 36 14 are
519 3829 61 22 often
597 3829 63 23 shift-

70 3856 47 27 ing.
146 3855 45 23 But
207 3855 62 22 these
287 3855 77 27 places
379 3862 37 15 are
433 3855 28 21 of
476 3855 144 28 importance,
636 3863 23 15 as

70 3883 25 21 in
106 3882 57 22 their
171 3881 187 28 neighbourhood
376 3881 37 22 the
437 3881 76 23 kaurie
529 3889 78 20 grows,
631 3890 27 14 an

70 3909 136 28 unequalled
217 3908 88 24 timber.
334 3908 45 22 But
397 3908 37 22 the
443 3908 48 27 soil,
502 3908 72 22 which
585 3909 19 21 is
619 3909 40 22 but

70 3935 74 25 suited
154 3938 22 20 to
186 3935 44 23 this
240 3939 54 22 tree,
310 3934 21 23 is
341 3934 49 23 Baid
404 3937 22 19 to
442 3935 29 23 be
487 3935 26 21 of
524 3935 57 23 little
600 3935 59 23 avail

707 146 22 18 to
736 143 141 28 agriculture,
885 144 65 27 being
957 144 71 22 either
1035 148 37 17 too
1079 144 70 28 rocky
1156 152 27 14 or
1192 152 105 20 swampy.

706 168 64 28 They
788 176 37 15 are
844 170 85 22 besides
946 171 107 22 removed
1072 171 58 21 from
1149 171 37 21 tha
1209 171 88 22 district

708 193 72 24 which'
790 196 43 22 will
845 204 67 19 prove
924 197 36 22 the
970 201 60 18 most
1038 197 142 28 productive.

734 222 67 22 Kafia
809 222 104 27 harbour,
922 224 73 22 which
1004 225 19 20 is
1033 225 24 20 in
1068 225 36 20 the
1115 223 182 28 neighbourhood

706 249 27 21 of
745 256 13 14 a
772 249 44 22 fine
833 249 58 23 level
906 254 102 23 country,
1029 251 45 21 and
1089 250 73 22 which
1180 250 73 22 would
1270 250 27 21 be

707 274 37 22 the
763 275 47 21 first
828 275 58 22 from
905 276 68 27 being
990 280 89 18 nearest
1094 281 23 17 to
1133 277 37 21 the
1187 276 110 23 Taranaki

706 301 91 26 district,
809 308 42 14 can
859 301 54 27 only
922 302 26 20 be
966 302 94 20 entered
1073 302 30 25 by
1120 303 83 20 vessels
1227 302 70 22 which

706 325 28 22 do
746 331 40 16 not
795 327 61 20 draw
865 334 61 13 more
936 327 56 20 than
1002 327 79 20 twelve
1090 327 47 20 feet
1154 332 74 15 water.

734 350 91 28 Mokau,
840 352 104 27 Komimi,
957 349 45 25 and
1013 352 98 22 Waitara
1120 353 77 27 rivers,
1211 353 85 22 besides

706 378 63 22 those
785 379 71 21 which
868 379 117 27 discharge
1002 379 135 22 themselves
1151 380 49 21 into
1218 380 78 22 Cook's

706 405 84 26 Straits,
809 412 38 15 aye
857 406 54 27 only
926 406 121 22 accessible
1058 406 33 21 for
1100 407 84 21 vessels
1201 406 26 22 of
1233 406 63 22 small

706 432 94 20 burden.

732 458 47 22 The
795 459 73 27 Sugar-
876 459 48 22 loaf
938 459 88 22 Islands
1037 459 68 21 afford
1120 466 29 15 no
1165 459 82 22 shelter
1263 459 33 21 for

706 486 88 26 vessels,
811 486 44 21 and
866 486 44 21 this
920 486 63 27 place
994 490 22 17 at
1032 491 92 21 present
1141 493 42 14 can
1200 486 52 26 only
1270 486 26 20 be

706 512 108 26 regarded
832 519 23 14 as
873 519 14 14 a
905 519 54 19 very
980 519 56 19 open
1057 512 126 21 roadstead.
1224 513 41 21 Bit
1284 519 12 14 a

705 538 58 26 goad
775 538 81 26 sailing
873 538 55 21 craft
945 545 43 14 can
1005 538 55 21 shift
1076 538 57 21 from
1151 546 43 14 one
1212 538 46 22 side
1275 539 21 20 of

706 565 61 21 these
776 564 57 22 little
845 564 82 21 islands
938 568 22 17 to
976 564 37 22 the
1030 564 70 27 other,
1119 565 45 23 and
1183 565 50 22 thus
1251 565 44 21 find

704 590 84 20 shelter
797 590 59 20 from
868 590 29 20 all
910 590 77 20 winds.

734 616 66 22 What
810 617 18 21 is
844 616 72 22 called
924 616 113 23 Taranaki
1051 617 48 27 Bay
1114 618 22 21 in
1151 625 62 15 some
1223 618 69 22 chart'

705 642 52 23 does
767 647 40 18 not
818 644 62 21 exist.
911 643 47 22 The
968 644 53 27 only
1033 643 108 22 harbours
1152 644 72 22 which
1240 645 54 21 have

704 677 44 19 any
760 670 77 21 claims
847 673 22 19 to
879 670 27 21 be
918 670 82 21 chosen
1010 670 35 21 for
1055 670 36 21 the
1101 671 42 21 site
1154 672 26 20 of
1187 672 37 21 the
1236 672 46 26 prin

703 696 58 27 cipal
779 696 79 27 capital
872 696 45 23 and
927 698 119 26 exporting
1061 697 68 27 place,
1147 705 38 14 are
1199 698 37 21 the
1248 698 46 26 3ay

704 723 26 21 of
739 722 93 27 Islanls,
846 723 37 22 the
895 724 67 21 River
977 723 96 22 Thames
1084 724 45 21 and
1141 724 53 21 Port
1204 724 87 21 Nichoi-

704 757 48 14 son.
786 750 47 21 The
853 750 46 26 Bay
911 750 24 21 of
949 750 88 21 Islands
1048 750 64 21 offers
1122 750 37 22 the
1177 750 116 22 disadvan-

704 780 50 22 tage
763 776 25 21 of
794 776 83 27 having
887 783 29 14 no
924 776 63 27 place
997 776 73 22 suited
1077 777 34 20 for
1119 784 14 14 a
1143 781 59 17 town
1214 777 43 22 and
1266 785 28 13 no

703 802 111 22 sufficient
833 803 56 21 back
909 808 100 22 country.
1033 803 23 21 -I
1075 810 36 15 am
1129 804 165 26 unacquainted

706 829 50 21 with
767 828 36 23 the
814 833 79 18 nature
902 830 24 20 of
935 829 38 22 the
982 833 94 23 country
1082 837 56 14 near
1145 830 37 21 the
1190 830 102 27 Thames,

704 855 43 21 and
759 855 97 22 whether
872 856 42 21 this
929 856 63 27 place
1007 856 67 26 really
1091 856 81 22 afford*
1187 857 63 21 those
1260 858 33 20 in-

703 881 52 22 land
771 882 200 22 communications
983 882 70 21 which
1068 889 37 14 are
1121 883 101 22 ascribed
1233 887 21 17 to
1270 884 22 20 it.

704 907 43 21 But
756 915 30 14 we
797 908 56 21 have
866 912 20 16 to
893 908 106 26 consider,
1013 908 48 22 that
1067 908 17 22 it
1094 909 20 22 is
1123 910 107 21 removed
1238 910 55 21 from

703 933 36 21 the
752 938 73 17 centre
837 934 25 21 of
870 934 36 21 the
916 934 79 26 island,
1009 934 47 21 that
1065 935 17 20 it
1092 935 18 21 is
1121 941 38 15 our,
1167 935 27 21 of
1200 935 37 22 the
1246 942 47 20 way

703 960 25 20 of
736 960 35 21 the
783 960 126 22 homeward
918 960 77 22 bound
1006 961 66 27 ships,
1087 962 46 20 and
1143 962 84 22 farther
1236 962 56 21 from

703 985 36 22 the
748 987 47 21 best
800 987 84 22 district
892 987 120 27 Taranaki;
1025 995 13 14 a
1044 989 188 21 communication
1242 988 50 22 with

703 1012 55 22 New
773 1013 69 22 South
854 1013 79 28 Wales,
947 1014 50 21 Van
1014 1014 28 22 D.
1046 1016 84 20 email's
1143 1015 71 26 Lind,
1227 1015 66 22 Chat-

703 1039 52 22 ham
776 1040 94 27 Islands,
893 1041 20 21 is
931 1048 62 15 more
1014 1042 134 21 convenient
1169 1041 52 22 with
1243 1042 49 21 Port

703 1066 130 28 Nicholson,
845 1067 53 22 than
910 1067 51 22 with
971 1068 37 21 the
1018 1068 106 24 Thames;
1137 1068 53 21 Pjrt
1201 1068 91 23 Nichol-

703 1100 39 14 son
760 1094 18 21 is
792 1101 116 14 moreover
921 1101 79 14 nearer
1011 1098 22 17 to
1044 1094 35 22 the
1091 1095 98 27 whaling
1197 1095 93 27 ground,

703 1120 45 21 and
764 1121 74 21 would
853 1121 27 21 be
898 1121 36 21 the
951 1121 74 22 better
1042 1121 70 27 staple
1129 1122 62 26 place
1205 1122 34 21 for
1256 1121 35 22 the

703 1147 153 22 commodities
871 1147 90 22 derived
973 1147 54 22 from
1040 1148 46 21 that
1097 1148 109 26 business,
1218 1155 42 15 one
1270 1150 24 19 of

703 1173 36 21 the
750 1177 57 18 most
822 1174 30 21 mi
862 1178 81 17 wtant
953 1174 72 21 which
1034 1181 43 14 can
1092 1174 28 22 be
1132 1175 85 22 carried
1227 1182 27 15 on
1268 1176 21 21 in

703 1199 54 22 New
768 1200 105 21 Zealand.
905 1201 36 20 All
954 1205 128 23 competent
1096 1208 51 15 men
1164 1209 127 19 pronounce

703 1226 52 22 Port
767 1227 122 21 Nicholson
907 1230 22 18 to
945 1227 28 22 be
990 1234 42 14 one
1044 1227 24 21 of
1082 1228 66 21 finest
1164 1228 45 21 and
1225 1229 65 21 s-ifest

702 1252 107 23 harbours
826 1255 21 20 in
865 1254 37 21 the
918 1254 77 26 world,
1013 1254 45 21 and
1069 1254 71 21 which
1148 1261 41 15 can
1207 1256 84 21 receive

701 1279 60 26 ships
772 1280 25 20 of
804 1287 48 20 any,
858 1281 93 20 number
961 1281 45 21 and
1020 1281 50 20 with
1082 1288 45 19 any
1139 1281 65 22 wind.

729 1306 22 20 It
760 1314 99 19 appears,
871 1306 115 25 therefore,
999 1307 48 21 that
1060 1308 50 21 I'ort
1118 1307 122 22 Nicholson
1251 1308 39 22 has

702 1331 36 22 the
748 1336 95 23 greatest
849 1333 84 21 chance
942 1334 26 20 of
976 1334 117 27 becoming
1105 1334 35 21 the
1149 1335 141 22 commercial

701 1359 80 24 capital
792 1359 26 21 of
827 1359 55 22 New
894 1359 106 24 Zealand.

729 1385 21 21 It
759 1386 17 21 is
784 1389 48 18 true
842 1386 47 22 that
903 1387 35 21 the
949 1390 95 24 country
1054 1387 73 21 round
1138 1387 52 22 Port
1200 1387 89 22 Nichol-

701 1411 45 21 tion
758 1413 18 20 is
792 1412 62 27 hilly,
866 1413 44 21 and
921 1413 33 21 for
969 1420 12 14 a
997 1417 63 23 great
1075 1418 49 22 part
1141 1421 42 14 can
1201 1415 52 26 only
1265 1415 24 21 be

701 1439 122 21 cultivated
833 1439 51 21 with
896 1439 114 27 difficulty.
1042 1440 42 21 But
1091 1441 17 20 it
1119 1447 93 20 appears
1223 1444 21 18 to
1255 1448 34 15 me

701 1464 48 22 that
760 1465 35 21 the
807 1465 37 21 flat
854 1465 59 26 land,
930 1473 23 13 as
966 1466 31 21 far
1008 1472 23 14 as
1043 1466 10 21 I
1064 1466 65 21 know
1140 1467 27 20 its
1178 1472 82 21 extent,
1274 1468 15 21 is

701 1491 26 21 of
734 1498 12 14 a
756 1492 44 20 size
810 1492 110 21 sufficient
934 1496 22 16 to
972 1497 90 22 support
1078 1500 13 14 a
1101 1493 109 27 populous
1223 1498 64 23 town,

700 1517 45 21 and
754 1518 18 21 is
783 1518 26 21 of
816 1526 13 13 a
840 1519 97 26 -superior
947 1519 93 27 quality.

728 1543 25 22 If
767 1544 53 22 Port
830 1545 121 21 Nicholson
963 1545 43 21 will
1024 1545 90 22 become
1130 1545 37 22 the
1183 1547 106 26 principal

700 1573 66 22 town,
781 1571 19 21 it
809 1570 53 22 does
872 1575 38 17 not
924 1578 60 15 seem
1002 1571 101 22 doubtful
1119 1571 47 23 that
1183 1572 36 22 the
1230 1575 59 24 prin-

700 1597 56 26 cipal
771 1597 142 27 agricultural
931 1598 127 21 settlement
1068 1598 80 22 should
1166 1599 27 21 be
1204 1600 85 21 formed

699 1623 126 23 elsewheie.
843 1624 44 21 and
900 1624 71 22 where
981 1625 45 21 else
1037 1625 65 21 could
1114 1625 42 21 this
1166 1625 27 22 be
1204 1626 52 22 than
1267 1631 22 17 at

699 1649 110 23 Taranaki
818 1651 8 21 ?
854 1651 52 21 This
917 1655 95 24 country
1028 1652 19 21 is
1061 1658 24 15 so
1096 1653 106 25 superior,
1220 1653 48 21 that
1277 1661 12 14 a

698 1676 62 27 large
775 1677 128 27 population
922 1677 74 22 would
1014 1677 61 23 there
1093 1678 47 22 find
1157 1680 131 25 occupation

699 1703 46 21 and
755 1704 86 25 wealth,
859 1704 43 21 and
913 1707 22 18 at
945 1704 37 22 the
996 1709 88 23 present
1094 1710 107 17 'moment
1211 1713 30 13 we
1252 1714 37 14 are

699 1736 56 16 even
773 1730 80 22 umible
872 1735 22 17 to
913 1731 58 21 form
990 1739 14 13 a
1021 1737 85 16 correct
1123 1732 50 22 idea
1190 1737 21 17 to
1232 1733 57 21 what

698 1756 80 27 degree
795 1757 26 21 of
834 1757 181 27 productiveness
1031 1758 41 22 this
1088 1763 50 22 part
1148 1759 26 21 of
1188 1758 37 22 the
1235 1759 54 22 land

699 1790 40 14 can
751 1784 27 22 bs
788 1784 80 22 raised.
898 1784 49 22 Ido
959 1789 38 17 not
1013 1785 76 21 intend
1105 1789 21 17 to
1136 1790 78 22 repeat
1223 1793 64 20 again

699 1809 58 23 what
767 1810 44 22 this
821 1811 40 21 soil
872 1811 18 21 is
898 1811 91 27 capable
1000 1815 22 17 to
1033 1811 51 22 bear
1091 1820 5 17 ;
1109 1812 62 22 there
1181 1820 37 14 are
1228 1813 61 21 how-

699 1844 52 14 ever
767 1841 43 17 two
827 1837 149 27 productions,
995 1838 71 22 which
1083 1838 57 22 have
1158 1843 40 17 not
1213 1839 74 23 before

699 1863 56 22 been
762 1864 136 27 mentioned,
907 1864 46 21 and
962 1865 33 21 for
1002 1865 37 21 the
1047 1865 129 22 cultivation
1186 1866 25 22 of
1216 1865 71 23 which

700 1890 10 20 I
722 1890 63 22 think
797 1890 36 22 the
844 1895 92 23 country
947 1891 134 28 particulary
1093 1892 73 22 suited
1169 1905 30 4 —
1201 1893 9 21 I
1221 1900 66 15 mean

699 1917 91 21 tobacco
801 1917 45 21 and
856 1921 82 22 cotton,
956 1923 42 17 two
1009 1919 26 20 of
1046 1918 36 22 the
1092 1923 58 17 most
1166 1919 121 28 important

698 1943 87 22 articles
794 1944 34 21 for
839 1943 36 22 the
891 1944 92 27 English
1000 1945 93 27 market,
1112 1945 45 22 and
1167 1945 71 25 which
1248 1947 39 21 she

698 1969 40 21 has
749 1977 48 14 now
809 1974 21 17 to
840 1971 80 25 import
931 1971 58 21 from
1000 1971 194 23 other-countries.

724 1995 48 22 The
782 1996 108 31 jjrincipal
898 2001 78 22 export
987 1997 26 21 of
1024 1997 36 21 the
1071 1997 143 27 productions
1228 2003 60 17 must

696 2021 28 21 be
740 2023 85 21 carried
844 2023 23 21 in
886 2023 100 27 coasting
995 2023 88 27 vessels,
1096 2024 72 22 which
1179 2025 42 21 will
1241 2025 46 22 find

698 2048 81 22 shelter
793 2049 23 21 in
827 2048 37 22 the
881 2050 69 20 rivers
959 2050 10 25 ;'
983 2050 40 21 but
1038 2057 31 15 we
1085 2055 60 17 must
1161 2056 39 16 not
1214 2051 73 27 forget

698 2074 47 21 that
755 2075 42 22 this
809 2076 44 21 fine
861 2075 85 22 district
955 2076 94 21 extends
1060 2081 22 17 to
1093 2077 53 28 only
1154 2085 13 13 a
1174 2078 40 21 few
1223 2079 64 21 miles

698 2100 55 23 from
771 2102 53 21 Port
840 2102 131 26 Nicholson,
990 2103 45 21 and
1048 2103 18 21 it
1080 2103 18 22 is
1108 2110 54 21 very
1173 2104 111 28 probable,

698 2128 47 21 that
753 2128 36 22 the
797 2128 72 28 valley
878 2129 24 21 of
909 2129 38 21 the
960 2129 57 22 Hutt
1025 2130 17 21 is
1053 2131 123 21 connected
1185 2131 51 21 with
1243 2131 43 23 this

698 2158 92 24 country
799 2160 22 17 to
831 2155 37 22 the
881 2156 113 21 westward
1003 2156 24 21 in
1038 2157 55 21 such
1103 2164 12 14 a
1126 2164 94 15 manner
1230 2165 23 14 as
1264 2163 22 17 to

697 2182 79 21 render
787 2182 36 22 the
833 2182 150 22 construction
993 2183 27 21 of
1027 2190 12 14 a
1048 2184 55 22 road
1113 2185 173 28 comparatively

698 2215 58 19 easy.

726 2234 21 22 If
759 2234 111 23 Taranaki
880 2235 80 23 should
968 2236 28 21 be
1007 2236 82 22 chosen
1099 2237 34 21 for
1144 2237 37 22 the
1191 2237 62 28 place
1264 2239 25 21 of

697 2260 37 22 the
742 2261 47 22 firsl
799 2262 142 31 agricultural
952 2263 135 27 settlement,
1101 2264 9 21 I
1120 2265 74 21 would
1201 2272 85 14 recom-

696 2288 66 21 mend
779 2288 37 21 the
826 2288 98 22 Waitara
938 2290 64 26 river,
1020 2290 67 22 about
1101 2298 67 14 seven
1185 2291 62 22 miles
1264 2298 22 16 to

696 2314 37 21 the
748 2314 126 23 noithward
890 2316 57 21 from
964 2316 129 27 Sugar-loaf
1108 2317 72 23 Point.
1209 2319 77 21 About

696 2341 78 22 twelve
784 2342 63 21 vnile3
857 2349 30 20 up
896 2342 45 22 this
957 2343 58 21 liver
1030 2344 61 21 there
1101 2352 44 14 was
1157 2345 106 27 formerly
1272 2353 14 14 a

696 2368 73 21 native
780 2368 50 28 pah,
843 2369 37 21 the
892 2369 181 27 Bukkarangiora
1084 2370 53 27 Pah,
1150 2371 70 22 which
1232 2379 53 15 cun-

696 2394 59 21 taitie
763 2394 8 21 I
786 2403 13 13 a
818 2403 119 14 numerous
953 2397 129 26 population
1100 2398 132 26 cultivating
1248 2398 37 22 the

694 2420 54 23 land
755 2422 85 21 aro.md
848 2426 20 17 to
876 2426 81 22 agreat
963 2426 83 18 extent.
1070 2423 64 27 Now,
1143 2424 96 27 through
1247 2425 38 21 the

696 2455 54 14 wars
760 2449 26 20 of
793 2448 35 22 die
839 2448 101 22 Waikato
951 2450 74 26 tribes,
1036 2450 29 21 all
1075 2450 37 22 the
1123 2457 95 21 country
1227 2451 55 22 from

695 2474 85 23 Mokau
790 2478 23 18 to
827 2475 38 22 the
876 2476 115 22 westward
1000 2477 27 20 of
1037 2477 58 26 Cape
1111 2477 98 27 Egmont
1218 2478 17 22 is
1246 2478 38 22 de-

694 2502 80 25 serted,
801 2501 45 22 and
863 2502 27 22 its
910 2502 83 22 former
1016 2503 137 22 inhabitants
1171 2511 50 15 now
1239 2505 45 21 live

694 2525 85 24 around
793 2535 26 14 us
827 2537 5 17 ;
851 2536 13 13 a
880 2529 108 22 luxurant
1004 2530 125 26 vegetation
1141 2531 26 21 of
1180 2531 48 21 fern
1244 2531 40 21 has

694 2554 66 22 taken
773 2555 37 21 the
819 2555 63 31 place
889 2555 26 22 of
922 2556 38 21 the
968 2556 121 22 cultivated
1101 2557 79 27 plants,
1191 2558 39 20 but
1241 2558 43 21 this

693 2581 49 22 fern
753 2582 18 21 is
781 2589 30 14 no
819 2582 148 27 impediment
977 2586 22 17 to
1011 2583 36 21 the
1058 2583 90 27 plough,
1160 2584 39 22 buf
1207 2584 77 21 rather

694 2615 28 14 an
733 2608 131 27 advantage,
883 2616 23 14 as
923 2609 17 21 it
952 2616 40 15 can
1011 2610 26 21 be
1052 2610 68 21 burnt
1134 2611 72 21 down.
1237 2611 46 21 Im-

693 2641 77 14 mense
786 2634 94 23 districts
894 2636 26 20 of
931 2635 144 27 flax-ground
1089 2644 37 14 are
1141 2637 77 27 found,
1238 2638 46 21 and

694 2660 63 22 those
772 2665 37 17 too
823 2669 37 14 are
875 2662 44 21 fine
935 2662 74 26 places
1025 2663 31 21 for
1071 2664 138 21 cultivation.
1239 2664 45 22 But

693 2687 19 21 it
722 2688 72 21 would
809 2688 26 21 be
846 2688 74 22 rather
930 2689 108 22 desirable
1053 2693 22 18 to
1091 2693 51 19 turn
1154 2691 37 21 the
1201 2691 44 21 flax
1261 2695 23 17 to

694 2721 61 14 some
766 2721 45 19 use,
822 2722 24 14 as
857 2714 35 23 the
902 2714 44 22 flax
955 2716 26 21 of
987 2716 111 22 Taranaki
1108 2717 18 21 is
1136 2718 108 26 regarded
1254 2718 30 27 by

694 2742 86 21 natives
790 2749 23 14 as
824 2741 36 22 the
872 2742 47 21 best
927 2742 25 21 in
962 2742 56 21 New
1028 2742 107 23 Zealand.
1166 2744 21 22 A
1198 2744 85 22 beauti-

694 2767 32 22 ful
740 2768 63 27 place
814 2768 33 26 for
858 2775 13 14 a
880 2772 58 22 tQwn
954 2769 18 21 is
983 2770 70 21 found
1067 2770 69 22 about
1145 2770 62 22 three
1218 2779 66 19 quar-

694 2797 44 18 ters
748 2794 25 22 of
784 2802 13 13 a
813 2795 52 22 mile
879 2803 28 19 up
923 2796 37 21 the
971 2796 58 21 river
1044 2804 28 14 on
1090 2798 28 21 its
1134 2797 60 27 right
1210 2798 72 27 shore,

695 2821 70 22 which
783 2822 17 21 is
820 2822 121 22 somewhat
960 2822 100 23 elevated
1076 2823 57 22 from
1152 2824 130 22 Bukkaran-

692 2848 63 26 giora
766 2848 46 22 Pah
821 2857 5 16 ;
846 2848 36 23 the
895 2849 88 22 natives
997 2849 44 22 had
1058 2858 13 13 a
1087 2857 54 21 very
1152 2850 132 28 frequented

693 2875 54 21 road
757 2871 73 26 round
846 2876 80 21 Mount
940 2876 97 27 Egmont
1052 2881 22 17 to
1085 2878 100 31 opposite
1194 2878 87 27 Kapiti.

696 2900 21 23 It
731 2902 18 21 is
763 2902 105 26 probable
879 2902 47 22 that
941 2903 44 22 this
1000 2903 54 22 road
1064 2898 43 27 will
1124 2905 28 20 be
1162 2905 65 26 again
1244 2904 38 22 the

692 2928 109 30 principal
812 2929 44 22 line
865 2929 24 22 of
895 2929 55 22 land
959 2930 196 26 communication,
1167 2938 24 14 as
1202 2932 17 20 it
1229 2939 53 14 runs

692 2954 84 27 inland,
783 2956 71 21 aiiiin
862 2963 14 14 a
880 2956 96 26 straight
979 2956 46 22 line
1033 2957 94 22 towards
1133 2957 149 22 PortNichol-

693 2987 48 16 son.

721 3007 54 22 Fine
792 3015 22 14 as
829 3007 43 22 this
885 3008 65 26 place
967 3008 34 22 for
1011 3016 12 14 a
1033 3009 130 22 settlement
1172 3010 24 26 is,
1213 3010 17 21 it
1240 3010 40 22 has

694 3034 94 26 nothing
806 3030 120 31 particular
944 3038 22 18 to
985 3036 119 21 recomend
1123 3036 18 21 it
1159 3036 70 21 above
1245 3037 36 22 the

694 3060 72 21 others
776 3061 23 21 in
808 3060 36 22 the
853 3061 134 27 Company's
997 3062 136 26 possessions
1141 3063 26 20 of
1174 3062 37 22 the
1221 3070 61 15 same

693 3086 90 28 district,
800 3086 70 25 either
883 3091 22 17 to
917 3088 36 21 the
969 3088 66 22 north
1046 3096 24 14 or
1085 3093 22 17 to
1119 3089 36 21 the
1166 3090 114 26 eastward,

692 3113 45 22 and
750 3113 37 22 the
799 3114 70 22 whole
879 3114 86 22 district
978 3113 41 24 has
1033 3122 28 15 an
1072 3116 66 28 equal
1149 3116 65 22 claim
1225 3124 28 14 on
1268 3125 14 14 a

692 3140 82 28 speedy
783 3140 133 23 settlement.

719 3166 47 22 The
781 3166 153 28 employment
945 3168 25 22 of
983 3176 14 14 a
1011 3168 95 23 number
1116 3169 27 21 of
1155 3176 124 21 surveyors,

692 3193 45 22 and
747 3194 26 21 of
779 3201 14 14 a
802 3194 63 22 small
876 3195 118 30 exploring
1006 3196 69 21 vessel
1084 3196 35 21 for
1129 3195 37 23 the
1178 3196 69 22 whole
1257 3198 26 21 of

692 3220 37 21 the
739 3224 93 18 western
843 3225 67 22 coast,
921 3229 72 15 seems
1003 3222 23 23 in
1039 3229 38 20 my
1089 3222 90 23 humble
1189 3223 91 27 opinion

692 3254 42 13 one
744 3247 27 21 of
778 3247 36 21 the
825 3247 47 22 first
880 3253 144 23 preparatory
1036 3252 59 24 steps
1105 3249 49 22 that
1163 3249 81 22 should
1253 3250 27 22 be

692 3273 66 21 taken
769 3273 35 22 for
814 3274 42 21 this
866 3282 103 20 purpose.

720 3299 10 22 I
738 3300 42 27 beg
788 3307 85 20 excuse,
885 3301 43 22 Mr.
939 3301 82 26 Editor,
1031 3302 34 21 for
1072 3302 84 27 having
1160 3304 121 26 engrossed

691 3333 24 14 so
726 3326 66 23 much
807 3334 65 20 space
881 3327 26 21 of
917 3335 57 20 your
984 3328 102 22 valuable
1100 3337 75 19 paper.
1206 3330 8 21 I
1227 3337 53 15 con-

692 3352 64 22 clude
769 3353 51 21 with
831 3361 13 13 a
851 3354 40 21 few
903 3353 151 23 observations
1063 3363 69 19 more,
1144 3356 73 22 which
1227 3357 53 22 bear

692 3385 58 21 upon
763 3379 37 22 the
811 3380 93 27 subject.

719 3405 55 22 N->w
792 3406 99 23 Zealand
906 3407 53 22 does
976 3410 40 19 not
1032 3415 61 14 seem
1106 3412 22 17 to
1138 3415 86 20 possess
1235 3417 43 21 any

691 3432 102 22 valuable
802 3440 26 14 or
841 3434 101 26 precious
955 3434 78 22 metals
1041 3442 5 18 ;
1061 3435 58 25 iron,
1135 3436 17 21 it
1160 3435 19 22 is
1193 3440 55 22 true,
1260 3438 19 20 is

691 3466 66 21 every
767 3459 72 23 where
857 3460 113 28 dispersed
986 3461 21 21 in
1026 3460 37 23 the
1078 3462 39 21 soil
1135 3462 23 22 in
1177 3462 102 23 different

691 3486 68 23 forms
766 3494 5 19 ;
792 3486 39 24 but
847 3487 84 24 useless
944 3488 34 21 for
995 3488 66 26 being
1077 3488 96 22 worked.
1199 3489 10 22 I
1221 3489 56 22 have

690 3513 87 21 neither
785 3520 51 15 seen
844 3521 40 14 nor
893 3514 71 22 heard
974 3521 43 20 any
1024 3514 63 27 thing
1094 3514 26 26 o,f
1127 3515 63 22 other
1199 3516 79 22 metals

691 3539 95 27 existing
795 3547 4 16 ;
815 3540 52 22 lime
884 3541 18 21 is
919 3548 82 19 scarce,
1018 3541 40 21 but
1075 3545 27 17 its
1119 3541 62 27 place
1192 3549 41 14 can
1249 3543 28 21 be

690 3566 100 27 supplied
800 3567 28 26 by
839 3567 72 27 shells,
922 3567 73 22 which
1006 3574 36 15 are
1053 3575 67 19 every
1133 3568 69 21 where
1214 3569 61 25 plen-

691 3592 55 22 tiful.
777 3593 44 21 But
834 3593 18 21 it
866 3600 110 20 possesses
987 3593 46 21 that
1046 3598 64 21 great
1120 3594 76 27 spring
1206 3595 24 20 of
1238 3601 39 15 na-

691 3618 68 22 tional
767 3619 87 26 wealth,
865 3619 55 27 cctal,
930 3619 44 22 and
983 3619 33 21 for
1025 3619 43 21 this
1076 3626 32 15 we
1115 3626 52 21 may
1174 3620 101 28 dispense

690 3644 53 20 with
753 3644 38 20 the
801 3648 50 16 rest.

717 3671 33 21 Of
757 3671 36 21 the
804 3671 149 22 number-and
967 3671 129 27 disposition
1108 3672 26 21 of
1147 3671 37 23 flic
1201 3674 74 21 native

690 3696 37 22 inh
736 3697 90 21 ibitants
836 3697 36 21 the
883 3701 59 22 mqst
952 3702 146 23 extravagmt
1114 3699 88 22 nations
1218 3700 57 22 have

689 3723 57 22 bsen
756 3723 83 22 abroad
845 3732 5 21 ;
866 3724 59 22 their
943 3725 100 26 number,
1062 3725 119 28 according
1198 3731 22 17 to
1238 3734 37 21 my

689 3755 90 22 present
795 3750 139 27 experience,
954 3751 53 23 does
1024 3756 40 19 not
1081 3753 85 21 exceed
1183 3755 90 25 49,000;

689 3776 43 22 this
743 3777 95 21 number
847 3784 52 21 may
915 3777 56 23 have
983 3778 119 22 decreased
1118 3779 61 22 since
1195 3780 61 21 Cook
1265 3788 9 13 s

689 3803 53 21 time
751 3803 56 22 from
819 3803 87 23 various
917 3812 83 19 causes,
1012 3805 40 22 but
1062 3808 40 18 not
1109 3808 23 18 to
1140 3806 47 21 that
1195 3806 79 27 degree

689 3836 23 15 as
720 3829 39 22 has
769 3829 56 23 been
834 3831 105 21 asserted.
964 3831 34 21 Of
1004 3831 29 22 all
1040 3832 90 22 nations
1136 3832 23 22 in
1167 3840 13 14 a
1187 3833 86 21 natural

689 3859 55 19 state
755 3856 51 27 they
816 3864 85 19 possess
912 3857 37 23 the
959 3861 97 23 greatest
1070 3858 144 22 inclinations
1229 3859 45 22 and

689 3883 100 22 faculties
803 3887 23 18 to
842 3888 63 18 enter
922 3885 47 21 into
987 3884 102 22 civilized
1105 3885 167 26 communities;

689 3909 52 27 they
759 3916 38 15 are
825 3910 137 27 throughout
985 3911 97 27 friendly
1107 3914 23 18 to
1155 3911 117 28 European

687 3935 94 28 settlers,
792 3935 46 24 and
847 3940 91 24 support
947 3937 62 23 them
1018 3937 23 23 in
1059 3937 30 22 all
1105 3944 61 20 ways
1173 3945 5 19 ;
1194 3938 52 26 and,
1257 3939 19 24 if

778 61 130 33 THE
951 62 142 32 NEW
1150 64 166 31 ZEAL
1332 63 80 31 AN
1426 64 35 31 D
1505 63 33 32 G
1552 64 31 30 A
1600 61 228 34 ZETTE,

1326 145 102 27 properly
1451 144 110 27 managed
1583 143 121 28 according
1728 148 21 17 to
1769 143 38 21 the
1825 146 88 23 present

1327 171 144 27 enlightened
1490 172 66 21 views
1575 171 26 21 of
1621 170 155 26 colonization,
1791 169 51 22 -will
1860 169 53 21 ulti-

1326 197 82 28 mately
1418 198 94 21 become
1523 204 40 14 one
1573 197 59 26 body
1644 197 52 23 with
1707 196 67 22 them.
1804 195 46 21 The
1868 195 44 22 fine

1327 223 94 22 districts
1440 224 71 21 above
1528 223 129 21 mentioned
1673 230 36 14 are
1726 222 140 27 unoccupied
1884 222 28 27 by

1327 249 66 27 them,
1405 250 46 21 and
1468 250 94 23 nothing
1578 249 43 22 will
1635 252 94 23 prevent
1745 249 38 21 the
1800 248 76 22 settler
1891 253 21 17 to

1326 276 129 22 administer
1464 276 38 21 the
1512 275 53 22 land
1580 275 23 21 in
1620 275 37 21 the
1673 279 58 18 most
1746 275 166 26 advantageous

1326 310 99 14 manner.

1352 329 54 21 And
1415 328 11 22 I
1437 327 73 28 think,
1522 328 39 27 Sir,
1577 335 33 14 we
1620 327 29 22 all
1662 335 71 20 agree,
1752 327 49 22 that
1816 327 96 27 nothing

1325 354 39 22 has
1375 355 55 21 been
1441 355 47 21 said
1500 359 35 17 too
1546 354 67 22 much
1623 355 127 26 respecting
1760 353 37 22 the
1807 353 43 22 fine
1866 355 44 20 and

1325 380 91 28 healthy
1427 381 90 21 climate
1528 381 24 20 of
1559 381 57 23 New
1625 380 84 26 £ealan
1715 381 18 20 I.
1764 380 21 21 It
1795 381 19 20 is
1823 387 23 13 so
1858 387 53 14 con-

1324 407 73 26 genial
1408 411 22 17 to
1441 406 137 28 Europeans,
1590 406 49 22 that
1648 407 18 21 it
1675 406 39 22 has
1725 411 39 16 nut
1773 406 29 21 its
1812 406 65 27 equal
1888 407 22 20 in

1325 433 37 21 the
1372 433 74 21 world.
1477 433 22 21 It
1514 433 18 21 is
1548 432 68 22 much
1633 433 80 21 milder
1729 432 54 23 than
1801 439 50 15 ours
1860 440 4 18 ;
1881 440 28 14 an

1324 459 134 27 everlasting
1475 466 66 20 green
1563 466 67 16 cover
1649 459 36 22 the
1703 465 62 20 trees,
1788 459 43 21 and
1841 466 69 20 many

1325 493 50 20 may
1384 486 27 22 be
1422 493 52 18 see.n
1486 491 24 15 at
1524 486 42 21 this
1581 489 101 18 moment
1700 485 51 21 with
1767 485 131 21 flower-bud
1904 494 6 12 <

1323 512 68 27 ready
1401 517 22 17 to
1439 519 57 24 open
1505 518 5 13 :
1526 512 36 21 the
1572 512 32 21 air
1623 512 19 21 is
1652 512 81 27 always
1750 519 23 14 so
1790 511 58 22 fresh
1865 512 45 21 and

1324 545 59 21 pure,
1395 539 49 21 that
1451 543 19 17 it
1479 538 133 27 invigorates
1620 538 61 27 t.)dy
1696 538 44 21 and
1757 538 69 22 mind.
1859 538 50 21 And

1326 571 30 15 we
1376 569 58 17 must
1453 569 40 17 not
1512 564 63 25 think
1595 564 44 22 this
1657 565 153 31 unimportant
1829 565 21 20 in
1872 564 37 22 the

1325 590 128 23 foundation
1465 592 26 21 of
1498 599 12 14 a
1521 598 47 15 new
1580 595 56 18 state
1643 599 5 18 ;
1664 591 99 27 physical
1781 594 77 19 nature
1869 590 40 23 has

1324 625 13 14 a
1345 623 86 21 greater
1449 618 112 22 influence
1577 625 29 14 on
1623 617 38 22 the
1676 618 116 21 condition
1809 618 25 21 of
1848 625 59 19 men,

1324 644 52 22 than
1387 644 18 22 is
1414 645 115 27 generally
1540 644 113 26 believed;
1670 651 28 15 an
1706 644 9 22 I
1724 645 23 21 in
1758 644 43 21 this
1818 644 89 22 climate

1322 671 46 22 and
1377 675 94 23 country
1482 671 61 22 there
1562 679 41 14 can
1621 672 54 26 only
1691 671 42 22 rise
1751 678 27 14 an
1797 672 111 26 energetic

1323 698 76 21 nation
1409 696 97 29 sending
1515 697 36 22 the
1561 698 110 26 blessings
1679 698 26 21 of
1712 698 132 21 civilisation
1856 705 53 14 over

1323 724 37 21 the
1378 725 113 21 countries
1512 724 69 22 which
1599 731 38 15 are
1658 724 78 28 spread
1755 724 96 26 through
1870 724 37 22 the

1323 750 103 22 southern
1439 751 87 22 Pacific.

1350 778 52 21 AIIJ
1412 785 24 14 so
1448 778 10 21 I
1470 778 70 25 think,
1559 776 57 23 after
1635 776 37 26 all,
1695 777 41 22 Mr.
1757 777 82 26 Editor,
1860 776 48 22 that

1323 802 36 23 the
1369 811 39 19 pro
1413 807 69 24 spects
1493 804 25 21 of
1525 804 36 21 the
1573 811 47 14 new
1632 799 86 31 Colony
1729 810 35 15 are
1784 811 51 19 very
1853 804 42 21 fair
1901 813 5 17 ;

1322 830 45 21 and
1375 830 20 21 if
1407 830 37 21 the
1454 830 74 21 arable
1542 830 53 21 land
1606 831 18 20 is
1635 833 40 18 not
1684 837 24 14 so
1719 833 113 18 extensive
1850 837 24 14 as
1891 830 17 21 it

1322 856 39 21 his
1370 856 55 22 been
1437 856 149 27 represented,
1598 856 44 21 this
1653 857 18 20 is
1682 856 107 21 balanced
1799 856 29 27 by
1844 856 63 22 other

1321 882 28 21 <td
1353 886 110 24 vantages,
1475 883 69 21 which
1556 890 36 13 are
1604 890 121 16 evermore
1863 883 44 21 and

1322 908 43 22 will
1381 909 32 21 fill
1427 909 52 22 with
1500 908 137 23 satisfaction
1655 914 73 22 every'
1740 908 72 23 friend
1829 910 26 20 of
1870 909 37 22 the

1321 934 82 23 human
1418 943 59 14 race.

1418 968 10 22 I
1441 976 42 19 am,
1496 969 38 26 Sir,
1545 976 56 19 your
1611 968 107 22 obedient
1727 972 96 23 servant,

1461 1001 119 22 ERNoST
1594 1001 230 27 DIEFFENBACH,
1841 1002 64 21 M.D.

1347 1034 52 22 Port
1408 1035 130 24 Nicholson,
1551 1035 53 27 July
1612 1037 34 25 27,
1658 1037 61 20 1810.

1348 1089 159 18 COMMERCIAL
1518 1090 152 17 E.VrEHPIUSii
1681 1091 29 16 OP
1723 1090 157 17 MELBOURNE.

1341 1111 21 16 In
1374 1114 30 13 the
1415 1115 64 13 ooursj
1491 1112 20 16 of
1523 1116 32 11 on;
1567 1115 49 16 year,
1630 1115 25 13 we
1667 1114 37 14 iiuil
1715 1112 40 16 thai
1768 1112 63 20 capital
1845 1115 18 13 to
1876 1112 29 16 the

1320 1133 72 15 dmjiiiu
1401 1132 19 15 of
1430 1131 87 19 £j'jo,00I)
1525 1133 30 15 hua
1565 1136 43 12 ueeii
1619 1133 87 15 inveaied.
1728 1133 22 15 In
1757 1137 11 11 a

1381 1154 61 15 Steam
1451 1153 105 19 Navigation
1565 1153 90 20 Company
1755 1152 86 19 £100,000

1381 1173 100 16 iiiaiu.ini.-t.-
1488 1174 88 20 Company
1783 1175 58 17 ju.UuU

1381 1194 42 15 Port
1433 1195 65 19 I'mllip
1503 1195 52 19 Gump
1561 1198 29 16 my
1783 1195 58 16 50,000

1381 1214 125 17 Tradesman':.
1513 1214 51 17 Bank
1773 1216 68 17 100,000

1380 1235 78 16 Auction
1467 1235 88 21 Company
1783 1237 58 17 OU.uuO

1381 1255 57 17 Yarr.i
1445 1258 22 14 Jit
1471 1257 39 19 iilgu
1518 1256 88 21 Company
1793 1257 48 17 5,000

1381 1276 111 20 Emigration
1501 1277 87 20 Comjuny
1783 1278 58 17 20,000

1381 1297 59 16 Union
1448 1298 36 15 and
1493 1298 122 16 Auauaiabiun
1623 1298 68 19 Banks,
1697 1298 53 16 about
1785 1299 56 16 lu.tuo

1442 1338 53 17 Total
1501 1341 74 14 amount
1582 1339 19 16 of
1611 1339 64 20 capital
1731 1351 17 4 ...
1754 1338 87 20 £aus,ouO

1339 1386 37 16 The
1384 1385 92 21 following
1484 1386 15 16 is
1507 1390 10 12 a
1524 1390 92 16 summary
1629 1386 20 16 of
1663 1387 31 15 the
1706 1387 67 15 vessels
1787 1387 57 15 which
1858 1387 45 16 have

1319 1407 62 15 v.biteil
1390 1408 30 14 ihu
1429 1407 37 21 Bay
1474 1408 21 14 of
1503 1406 75 19 Islands,
1588 1407 44 15 New
1644 1406 85 19 Zealand,
1742 1407 66 20 during
1820 1408 31 15 the
1863 1412 41 15 year

1319 1428 71 15 lsau.—
1644 1423 4 4 '
1912 1424 2 26 j

1566 1450 90 13 BRITISH.

1401 1467 69 17 British
1477 1467 78 20 whaling
1561 1468 52 20 slaps
1802 1469 15 15 11

1400 1488 51 16 Ditto
1459 1489 70 19 trading
1541 1493 67 11 vcsse.s
1810 1489 10 16 8

1400 1509 43 15 New
1451 1510 55 14 S-.mli
1513 1509 57 15 Wales
1578 1509 79 20 wnaling
1663 1509 51 20 ships
1801 1510 17 16 15

1400 1529 50 16 D.tto
1458 1530 70 19 trading
1540 1529 68 17 vessels
1799 1532 20 14 tf*

1400 1550 69 16 British
1477 1550 94 16 Amencan
1578 1550 80 20 wuahng
1664 1550 50 20 ships
1809 1552 9 14 S

1798 1571 40 16 —71

1437 1595 11 7 •»
1495 1595 66 12 OTHER
1573 1595 54 14 TJHAJJ
1641 1595 87 14 BRITISH.

1399 1612 95 16 American
1503 1612 77 20 wnahug
1586 1613 51 19 ships
1799 1613 19 16 s(i

1399 1632 50 17 Ditto
1458 1634 69 19 trading
1535 1633 67 16 vessels
1809 1634 9 15 3

1399 1653 71 16 Fiench
1477 1653 77 20 whaling
1561 1654 50 20 ships
1799 1655 19 15 20

1399 1673 50 16 Ditto
1456 1674 70 20 trading
1533 1676 67 14 vessels
1809 1676 7 14 1

1398 1694 110 20 Foilugucbti
1516 1695 78 20 whaling
1602 1696 40 20 ship
1779 1707 17 4 ...
1810 1696 6 15 1

1399 1715 43 16 New
1451 1716 78 15 Zealand
1536 1716 45 15 ditto
1809 1716 6 15 1

1398 1736 84 16 Xauitian
1491 1736 70 20 trading
1568 1736 67 17 vessels
1807 1737 9 15 2

1797 1757 42 16 —84

1461 1777 51 17 Total
1519 1778 75 16 number
1602 1778 20 16 of
1632 1778 66 16 vessels
1788 1778 28 16 155

1519 1825 98 16 SYDNEY
1629 1825 68 16 GAOL.

1317 1849 57 12 STATE
1385 1849 24 13 OF
1421 1849 42 13 HER
1475 1846 101 16 MAJESTY'S
1591 1849 57 15 GAOL,
1664 1850 79 14 SYDNEY,
1762 1850 42 13 MAY
1814 1847 27 18 29,
1855 1847 45 16 ISiO.

1671 1867 53 16 Male.
1768 1868 77 15 Jb'mna.e.

1397 1886 49 17 Trial
1692 1888 19 15 82
1797 1889 19 15 18

1397 1907 60 16 Death
1701 1910 9 14 3
1806 1910 9 15 0

1397 1928 106 17 Remanded
1543 1940 19 5 ...
1590 1935 4 3 -
1701 1931 9 14 0
1806 1931 9 14 0

1396 1949 145 20 Transportation
1692 1950 20 16 64
1808 1950 6 16 1

1397 1969 59 16 Death
1470 1970 88 17 iccorded.
1570 1970 36 16 and
1618 1970 73 19 waiting

1418 1990 70 16 further
1496 1991 58 15 orders
1702 1991 8 15 0
1806 1991 10 15 0

1397 2010 43 16 Bail
1702 2011 8 16 7
1806 2013 9 14 5

1396 2030 83 17 Confines
1690 2032 18 16 Cl
1795 2032 20 16 23

1395 2050 72 17 Labour
1692 2053 16 15 11
1806 2054 9 15 0

1396 2072 66 16 Ironed
1469 2076 46 16 gang
1701 2073 9 15 8
1806 2074 9 16 0

1395 2092 79 17 Interior
1692 2094 16 16 11
1806 2095 9 15 0

1396 2113 128 17 Examination
1682 2115 27 20 ,10
1805 2116 10 15 0

1395 2133 75 21 tfacioiy
1481 2145 12 11 <p
1670 2146 18 5 ...
1700 2136 10 14 0
1795 2135 20 16 19

1679 2177 30 16 257
1794 2177 20 15 57

1438 2196 83 17 Children
1763 2197 10 16 8

1494 2244 96 16 FEMALE
1602 2244 115 17 FACTORY.

1314 2267 57 13 STATE
1383 2268 25 11 OP
1418 2268 40 12 THE
1470 2269 82 12 rE.UA.LE
1563 2269 93 15 I'ACTOKY,
1672 2269 142 15 FARRAMATTA,
1829 2270 43 12 MAY
1882 2267 16 16 9.

1396 2284 60 17 Under
1464 2286 56 15 colon.
1522 2286 16 15 ul
1547 2290 85 12 sentence
1785 2286 28 16 la?

1395 2305 21 16 In
1425 2305 73 21 solitary
1505 2306 122 17 confinement
1794 2307 19 16 72

1395 2326 87 16 Confined
1491 2330 19 17 by
1518 2328 50 15 oider
1576 2328 21 16 of
1606 2328 31 16 the
1648 2330 70 14 matron
1764 2339 16 5 ...
1803 2328 11 16 4

1395 2346 82 22 Nuih.ng
1484 2347 79 17 children
1793 2349 20 15 52

1394 2367 18 16 N
1420 2370 57 14 ,ml>er
1484 2369 99 20 assignable
1782 2370 29 15 2UI

1395 2387 82 17 Numjer
1484 2393 30 11 not
1521 2389 102 21 assignable
1794 2390 19 16 78

1394 2408 22 17 In
1425 2410 75 19 nospital
1792 2411 19 16 41

1437 2450 51 17 Total
1496 2451 74 17 number
1578 2451 21 17 of
1606 2455 69 13 women
1782 2452 29 16 735

1345 2503 2 6 ,
1437 2491 51 17 Total
1495 2493 75 16 number
1578 2493 19 16 of
1606 2492 82 17 children
1782 2494 29 17 260
