3330 4340
1113 3458 123 17 VISITORS'
1250 3458 63 17 LIST.

1063 3521 87 18 Brent's
1163 3521 110 17 Batikwi:
1286 3521 82 17 House..

1020 3552 106 18 Mcsdames
1134 3552 92 17 Franklin
1236 3551 82 24 Sydney;
1334 3552 96 20 Williams,

997 3577 27 16 Tc
1032 3574 59 23 Aute;
1113 3574 161 23 Dunne,.Sydney
1283 3581 8 14 ;•
1301 3575 71 20 CadelL,
1381 3575 41 17 Hill-

998 3600 63 19 stone;
1075 3599 77 16 Dobson
1162 3598 37 17 and
1209 3598 56 20 maid,
1273 3597 89 23 England
1371 3604 5 14 ;
1383 3598 37 17 Mel-

998 3622 49 20 ville,
1056 3622 24 17 To
1089 3622 103 17 Awamutu
1199 3620 3 23 ;
1217 3620 70 22 Hanks,
1305 3621 126 22 Wellington;

998 3645 64 17 James
1068 3644 61 20 Shaw,
1145 3644 121 23 Coolgardie;
1280 3644 66 21 Webb,
1353 3644 79 21 Dublin,

999 3667 214 23 Ireland^;.Somorfield,
1221 3667 106 23 Bapakura;
1335 3667 97 21 Williams,

999 3691 26 17 To
1049 3691 63 20 Ante;.
1140 3691 88 20 Manson,
1256 3690 97 22 Feilding;
1379 3691 53 20 Ken-,

1001 3712 85 25 Sydney;
1088 3723 5 12 >
1100 3712 113 23 Cattanach,
1231 3713 67 21 Slator.,
1321 3713 111 22 Auckland;

1000 3737 143 20 MissesDanks,
1156 3737 84 17 McLean
1254 3736 32 23 (2),
1306 3737 127 21 Wellington;

1000 3761 59 19 Price,
1066 3760 83 17 Hawkes
1156 3760 50 22 Bay;
1218 3759 97 21 Boulston,
1326 3759 107 22 Pukekohe;

1001 3783 61 21 Shaw,
1080 3783 117 22 Coolgardie.
1233 3783 79 22 Captain
1330 3782 103 22 Chapman,

1000 3806 62 17 Tahiti
1072 3811 10 13 ;.
1102 3806 28 17 Dr
1147 3806 60 22 Barry
1222 3806 24 18 T-
1259 3805 83 20 Busscll,.
1356 3806 77 19 Dublin,

1002 3828 85 23 Ireland;
1102 3829 45 17 Bev.
1167 3829 54 17 Dean
1241 3828 88 23 Slattery,
1348 3828 85 23 Sydney;

1000 3853 48 16 Vcn.
1066 3851 122 18 Archdeacon
1213 3851 97 20 Williams,
1333 3851 25 17 Te
1374 3851 59 21 Auto;

1002 3875 46 16 Rev.
1056 3874 70 17 Bather
1138 3875 60 22 ILiys,
1209 3875 45 16 Bev.
1264 3875 74 18 Dunne,
1350 3874 73 23 Sydney
1431 3881 6 14 ;

1002 3898 70 16 Messrs
1090 3898 86 19 Manson,
1200 3898 87 21 Feilding
1296 3897 4 22 ;
1320 3897 115 21 Somerfield,

1003 3921 108 22 Papakura;
1129 3920 66 22 Webb,
1213 3921 76 19 Dublin,
1308 3920 87 23 Ireland;
1416 3920 19 18 J.

1003 3944 23 16 D.
1037 3944 99 21 Connolly,
1147 3942 107 24 (American
1268 3943 84 22 Consul),
1371 3944 55 17 Catta-

1002 3967 55 20 nach,
1085 3966 89 21 Hannon,
1197 3966 108 19 Auckland;
1337 3966 99 21 Boulston,

1003 3989 112 23 Pukekohe;
1134 3989 26 17 H.
1178 3989 63 21 Jones,
1259 3990 19 16 J.
1295 3989 71 21 Lands,
1383 3990 41 22 Eng-

1003 4013 55 20 land;
1073 4012 108 24 Gallighan,
1192 4012 94 24 Chicago;
1307 4012 67 22 Floyd,
1389 4013 36 21 Syd-

1003 4041 47 17 ney;
1063 4036 25 16 N.
1098 4036 22 17 E.
1131 4036 64 20 Gibbs,
1207 4036 121 20 Melbourne;
1347 4036 90 20 Absolon,

1004 4059 109 22 Dargaville
1122 4059 4 22 ;
1149 4059 22 17 L.
1194 4059 72 20 Derlot,
1286 4059 66 20 Perth,
1374 4059 63 20 W.A.;

1005 4082 55 17 Shaw
1078 4081 26 23 (2)
1122 4082 120 22 Coolgardio;
1265 4081 78 19 Abbott,
1371 4082 66 20 senior,

1005 4105 96 20 Franklin,
1119 4105 80 20 Abbott,
1213 4105 76 20 Arnold,
1310 4104 66 20 Webb,
1390 4105 36 21 Syd-

1004 4133 37 17 ney
1051 4127 3 23 ;
1084 4128 90 19 McLean,
1207 4127 131 23 Queensland;
1368 4128 72 17 Master

1005 4151 67 21 Slator,
1082 4151 113 17 Auckland..

1575 134 74 17 Grand
1658 134 76 18 Hotel.

1461 165 106 18 Mesdames
1571 166 43 20 Lee,
1621 167 65 20 Bruco,
1692 167 97 20 Adelaide;
1797 167 78 22 Wright

1437 188 38 17 and
1500 189 57 20 maid,
1584 190 100 21 England;
1708 190 110 22 Shrimpton
1837 191 37 16 and

1437 212 61 20 maid,'
1522 212 83 18 Hawkes
1621 212 52 23 Bay;
1690 213 183 22 Logan-Campbell,

1437 235 106 17 Auckland.
1569 236 47 17 Miss
1638 236 105 21 Buckland,
1762 237 111 21 McLaurin,

1437 258 123 24 Melbourne;
1584 259 88 22 Forsyth.
1691 259 80 23 Sydney.
1804 259 70 19 Messrs

1438 280 66 21 Orbill,
1513 282 119 22 Canterbury
1640 280 4 24 ;
1658 282 68 19 Ehvin.
1743 282 90 20 N-S^W.;
1854 283 19 18 J.

1438 305 92 17 Williams
1546 305 114 22 Auckland?
1680 305 95 22 Goddard,
1793 306 70 20 Living-

1438 329 59 20 stone,
1516 328 125 24 Melbourne;
1669 329 90 19 Webster,
1778 329 41 17 Fell
1840 329 33 23 (2),

1438 352 79 16 London
1525 352 4 20 ;
1544 352 64 18 Davis,
1628 352 99 17 Auckland
1736 352 3 20 :
1753 353 120 19 Woodward,

1438 374 137 23 Toowoomba;
1602 375 110 22 Davenport
1732 376 26 16 La
1761 376 38 21 ugh
1802 377 38 17 ton,
1855 376 18 17 J.

1438 399 23 16 G.
1482 397 92 20 Addison,
1590 398 89 16 Adelaide
1686 400 6 19 ;'
1712 399 24 17 F-
1752 399 20 17 P.
1793 399 80 21 Winter,

1438 418 111 24 Auckland;
1564 419 82 24 Wright.
1656 421 71 18 Marian
1737 421 32 23 (2),
1785 422 88 20 Eolland,

1438 444 101 25 England;
1558 446 65 19 Halse,
1637 444 69 21 Vissor,
1725 448 49 20 Capo
1792 446 81 23 Colony;

1438 468 68 19 Gould,
1534 468 144 23 Christchurch:
1705 469 57 22 West,
1787 470 86 20 Dunbar,

1440 492 108 19 Auckland;
1564 493 87 20 Forsyth,
1662 493 76 22 Sydney
1746 492 3 23 ;
1764 493 22 17 A.
1805 493 68 20 Smith,

1438 515 90 23 England
1535 515 3 23 :
1553 515 101 21 Thomson,
1683 515 129 23 Queensland;
1832 517 42 16 Me-

1439 538 77 19 Kcnzio,
1526 539 75 21 Taylor,
1611 539 29 17 W.
1654 539 105 21 Australia;
1778 539 64 18 Baron
1852 540 21 17 O.

1438 567 37 11 von
1485 562 63 17 Swain
1557 562 38 17 and
1604 562 57 20 valet,
1672 562 99 23 Germany.

1569 606 81 20 Geyser
1668 606 76 20 Hotel.

1462 639 107 18 Mesdames
1593 640 126 21 Bellingliam,
1750 640 123 20 Coolgardie;

1439 662 107 23 Lonergan,
1566 661 74 21 Morris,
1661 661 111 22 Middleton,
1791 664 82 20 Forster,

1440 686 85 22 Sydney;
1548 686 98 20 Tuvnbull,
1665 686 99 20 Scotland;
1786 684 87 23 Tuekett,

1440 709 131 18 Holdsworth.
1581 708 100 22 England;
1696 708 57 19 Todd.
1772 709 89 18 Dnnodin
1870 708 3 22 ;

1439 731 75 19 Raikcs.
1524 733 123 18 Wellington.
1672 733 66 17 Misses
1746 731 79 24 Young,
1832 733 42 18 Mc-

1440 755 40 17 Coll
1491 755 26 23 (2)
1526 755 47 18 Reid
1582 755 26 23 (2)
1624 755 97 21 Turnbull,
1732 753 82 20 Forster.
1847 756 28 17 Dr

1440 778 85 18 Christie.
1536 778 118 21 Wanganui;
1668 779 53 17 Lieut
1732 779 67 20 Willis,
1809 778 66 19 H.M.s

1440 800 111 23 Goldfinch;
1566 801 70 19 Messrs
1644 802 121 21 Richardson,
1778 802 95 21 Swansea;

1439 824 127 23 Bollingham.
1608 824 123 23 Coolgardie;
1769 825 104 22 Dobinson,

1439 847 71 21 Movie,
1528 848 112 17 Melbourne
1649 847 3 21 ;
1668 848 84 20 Sinclair,
1770 847 103 21 Brisbane;

1438 870 83 21 Hunter,
1532 870 94 23 Kalpara;
1649 872 86 21 Spencer,
1754 870 119 23 Wanganui;

1439 893 107 23 Lonergan,
1557 894 75 20 Morris,
1642 894 76 22 Young.
1729 895 68 20 Angel.
1804 896 72 20 Evans,

1439 917 97 17 Bensusan
1544 917 26 23 (2)
1578 917 76 22 Sydney
1661 924 5 13 ;
1679 917 98 22 Turnbull,
1787 918 86 22 Bridget!,

1438 940 87 20 Tuekett,
1536 940 130 21 Holdsworth,
1684 940 118 21 Henderson,
1821 941 41 22 Eng-

1438 963 56 18 land:
1509 964 53 20 Reid,
1572 963 100 22 Jefferson,
1681 964 67 20 Smith,
1762 965 112 18 Auckland:

1438 987 94 19 Creamer,
1563 987 126 22 Cambridge;
1717 987 57 19 Todd,
1802 988 71 20 Eraser,

1438 1010 78 21 Young.
1531 1010 88 18 Dunedin
1628 1010 3 24 ;
1654 1010 74 22 Raikcs,
1746 1011 117 23 Wellington
1870 1010 3 24 ;

1439 1033 57 18 Irwin
1506 1034 77 18 Wilson,
1593 1033 120 23 Whangarei.

1538 1080 58 17 Lake
1613 1080 71 18 House
1697 1081 75 17 Hotel.

1461 1110 107 19 Mesdames
1585 1112 69 22 Lyons,
1673 1112 37 17 and
1725 1112 69 17 James.
1828 1114 47 16 Miss

1438 1134 92 18 Murchie.
1557 1136 50 16 Hon.
1618 1136 31 16 Mr
1658 1135 73 18 Simms.
1742 1136 27 16 Tr
1786 1134 76 25 MacgrO-

1438 1164 40 15 gor,
1489 1158 64 20 Judge
1571 1159 43 17 Gill,
1633 1159 69 17 Messrs
1718 1159 63 21 Jones,
1800 1160 73 19 Harris,

1439 1181 71 18 Alrick,
1521 1182 67 17 Smith,
1599 1181 135 24 McLaughlin,
1745 1182 77 20 Woolie,
1833 1183 41 18 Mc-

1438 1204 63 21 Bride,
1513 1205 70 22 Colley.
1593 1204 18 17 J.
1623 1205 106 23 Gallagher.
1739 1206 63 19 Boult,
1822 1206 51 18 Hall.

1438 1228 87 17 Thomas.
1536 1228 93 23 Harding,
1640 1228 70 20 James,
1717 1227 159 20 MacKenzioand

1438 1253 56 21 party
1503 1251 33 23 (4\
1546 1252 73 17 Master
1627 1251 73 18 James..

1572 1297 44 18 The
1630 1297 110 18 Langham.

1461 1325 103 18 Mesdamer
1565 1325 2 23 -
1567 1325 2 23 .
1576 1326 78 17 Wilson.
1665 1326 78 22 Philips.
1762 1326 110 19 Auckland;

1438 1349 67 17 Misses
1514 1348 82 22 Horton,
1604 1348 130 24 Rockampton
1744 1348 3 24 :
1761 1350 112 19 Buchanan,

1438 1371 87 23 Parnell:
1540 1373 81 17 Bourne.
1639 1372 139 18 Christchurch.
1810 1373 64 21 Judge

1438 1395 78 19 Wilson,
1524 1395 99 18 Auckland
1630 1395 3 21 ;
1645 1396 68 17 Messrs
1721 1397 81 18 Horton,
1811 1396 50 18 Rock-

1437 1418 104 23 hampton;
1556 1418 67 21 Inglis,
1642 1419 118 22 Devonport;
1785 1420 88 19 Flowers,

1438 1442 112 23 Tauranga;
1572 1442 70 17 Timhs.
1666 1442 88 23 England
1763 1442 3 23 :
1794 1442 68 18 Mickle-

1437 1465 54 23 john,
1501 1465 122 21 Coolgardie;
1638 1465 115 19 McCrackcn
1764 1466 33 23 (2),
1807 1467 55 17 Inver-

1438 1488 66 24 cargill
1513 1488 4 24 ;
1532 1489 108 20 Tarawhiti,
1651 1489 81 23 Iluntly.

1572 1535 84 18 Mokoia
1668 1535 64 19 View.

1461 1567 107 16 Mesdames
1585 1568 97 17 Bowman,
1701 1568 79 21 Napier;
1804 1568 69 19 White,

1438 1590 123 23 Wellington.
1588 1590 66 17 Misses
1663 1590 49 22 Kay,
1720 1591 25 17 Tc
1759 1592 113 19 Awamutu;

1438 1613 70 20 White,
1530 1613 128 24 Wellington;
1680 1614 96 20 Bowman,
1797 1615 79 22 Napier.,

1438 1637 70 16 Messrs
1517 1637 116 20 Hammond,
1647 1637 98 20 Marshal],
1760 1638 113 18 Auckland:

1438 1659 94 22 Ch'ubbin,
1555 1660 121 17 Huntei-ville
1685 1658 4 26 ;
1715 1658 101 23 Bbwjuahy
1840 1660 32 24 f2),

1438 1683 91 19 Hatwell,
1558 1684 82 21 Napier;
1666 1684 52 19 Parr,
1741 1684 131 21 Canterbury;

1438 1707 69 20 Tyson,
1517 1707 87 17 Waikato
1613 1707 3 22 ;
1638 1707 68 20 North,
1724 1707 85 22 Sydney;
1832 1708 41 17 Mc-

1438 1728 57 24 Phep-,
1505 1730 116 21 Wellington
1628 1728 4 25 ;
1647 1729 88 24 Sperreri,
1746 1731 94 17 Dunedin.

1588 1787 143 18 MARRIAGE.

1462 1832 267 19 STEELE—ROBLNSOX.—On
1743 1834 43 17 11th
1802 1835 60 17 Febru-

1438 1862 40 16 ary,
1491 1857 30 18 189
1521 1857 20 18 G.
1554 1858 20 16 at
1589 1857 32 17 the
1637 1857 73 17 Church
1728 1858 20 17 of
1764 1858 28 17 St.
1811 1858 62 18 Faith.

1438 1880 91 18 Rotorua,
1543 1879 26 23 by
1584 1880 32 17 the
1628 1880 47 17 Yon.
1691 1881 122 17 Archdeacon
1827 1881 35 17 Wil-

1438 1902 61 19 liams,
1517 1903 78 18 assisted
1612 1903 25 22 by
1658 1903 45 18 Rev.
1722 1905 27 16 W.
1767 1904 108 22 GoorTyear,.

1439 1926 78 19 ('.M.S.,
1527 1926 85 21 Maketu,
1623 1926 40 27 Bay
1673 1928 19 16 of
1704 1927 74 23 Plenty,
1794 1928 80 17 Duncan

1439 1950 81 16 William
1539 1950 66 18 Steele,
1624 1950 20 16 of
1660 1950 90 18 Rotorua.
1768 1952 20 16 to
1805 1951 70 17 Louisa

1438 1973 84 19 Viekers,
1532 1973 51 17 third
1590 1973 95 23 daughter
1689 1973 20 18 of
1717 1973 20 18 T.
1744 1974 18 17 J.
1769 1974 104 22 Robinson,

1438 1996 99 17 Tarawera
1546 1997 71 16 House.

1438 2057 59 44 THE
1517 2057 58 44 HOT
1595 2057 97 44 LAKES
1712 2057 176 44 CHRONICLE

1438 2101 450 43 AND

1438 2144 225 44 Tourists'
1688 2144 200 44 Journal.

1438 2188 155 44 WEDNESDAY,
1609 2188 124 44 FEBRUARY
1749 2188 46 44 12,
1811 2188 77 44 1896.

1438 2232 138 44 STANDING
1593 2232 35 44 IN
1645 2232 52 44 OUR
1714 2232 52 44 OWN
1783 2232 105 44 LIGHT.

1440 2286 41 16 Mil'.
1491 2286 21 16 L.
1523 2286 24 16 D.
1655 2292 18 10 in
1682 2292 24 11 an
1722 2286 99 18 interview
1829 2287 47 17 with

1440 2314 11 11 a
1460 2309 88 17 Hkuald
1555 2310 84 22 reporter
1644 2309 32 17 the
1684 2309 54 17 other
1743 2309 37 23 day
1787 2310 90 22 deplored

1440 2332 33 17 the
1482 2332 106 20 ignorance-
1602 2332 62 17 whicli
1681 2333 58 17 exists
1756 2333 121 23 throughout

1440 2356 33 16 the
1482 2354 103 18 Continent
1590 2355 24 18 of
1616 2356 101 22 European
1723 2356 70 22 regard
1801 2358 20 15 i'o
1829 2356 48 18 New

1441 2378 89 18 Zealand.
1559 2379 20 16 [ll
1588 2377 37 19 the
1635 2379 71 17 British
1723 2379 74 18 Islands
1806 2380 16 16 it
1839 2385 38 13 was

1441 2402 33 16 the
1482 2408 51 10 same
1541 2402 57 22 tiling
1606 2402 3 22 ;
1623 2402 103 22 periodical
1732 2403 98 17 literatim;
1839 2408 43 12 was'

1441 2425 59 17 found
1509 2425 20 17 in
1538 2425 32 17 the
1579 2425 53 23 large
1639 2425 62 18 hotels
1717 2425 49 18 from
1782 2426 26 17 all
1824 2428 53 20 parts

1442 2449 19 16 of
1470 2448 32 18 the
1512 2448 59 18 world
1573 2455 66 10 —save
1648 2448 47 18 New
1705 2449 88 17 Zealand.
1839 2450 38 17 The

1442 2473 80 20 country
1539 2474 61 14 wants
1625 2471 200 24 advertising,said
1846 2473 32 17 Mr

1441 2495 85 21 Nathan,
1536 2495 37 17 and
1587 2501 55 17 every
1657 2495 79 17 sensible
1752 2502 70 16 person
1840 2496 39 17 will

1442 2518 87 17 echo-the
1538 2518 107 17 sentiment.
1709 2518 53 18 made

1442 2540 23 19 lie
1469 2540 101 19 continued
1735 2542 83 17 eminent
1825 2542 43 17 nied-

1442 2565 37 17 id.-il
1490 2570 42 12 men
1541 2571 21 11 as
1570 2566 20 15 to
1599 2565 32 17 the
1639 2565 80 17 mineral
1727 2566 67 17 waters
1803 2566 20 16 of
1831 2565 48 18 New

1442 2587 89 18 Zealand.
1557 2588 56 17 Their
1622 2588 85 18 curative
1712 2589 105 22 properties
1832 2595 47 11 were

1442 2612 103 16 unknown.
1570 2610 59 19 These
1646 2611 106 23 gentlemen
1769 2612 69 17 turned
1853 2618 27 16 up
1887 2610 1 24 !

1443 2634 51 18 their
1501 2634 59 18 books
1576 2634 19 17 in
1611 2634 61 18 which
1688 2635 46 22 they
1749 2634 40 18 had
1804 2635 26 17 all
1847 2636 33 16 the

1442 2658 71 16 known
1520 2657 100 18 medicinal
1628 2659 68 16 waters
1705 2659 20 16 of
1740 2659 82 21 Europe,
1833 2659 46 17 with

1444 2681 51 17 their
1501 2681 110 22 properties.
1637 2681 38 17 But
1685 2682 52 17 there
1750 2687 39 12 was
1797 2682 84 24 nothing

1444 2704 19 17 of
1472 2704 47 17 New
1528 2704 89 17 Zealand.
1632 2704 39 17 Our
1677 2705 127 17 Government
1812 2706 69 16 should

1444 2733 30 11 see
1482 2728 21 16 to
1512 2727 44 17 this.
1582 2727 16 17 A
1608 2727 49 22 good
1667 2734 42 10 111:111
1725 2728 54 17 could
1789 2726 59 24 easily
1856 2726 18 19 be-

1446 2752 34 21 got
1489 2752 20 16 to
1526 2751 45 16 visit
1580 2756 21 11 us
1610 2751 38 16 and
1668 2751 76 22 analyse
1753 2757 36 11 our
1797 2751 82 23 springs,

1445 2773 37 18 and
1492 2773 109 18 the'results
1615 2773 89 18 heralded
1712 2774 19 17 in
1748 2775 33 16 the
1802 2775 79 17 medical

1444 2803 75 17 papers.
1544 2797 61 17 When
1618 2798 19 16 in
1646 2798 62 22 Vichy
1717 2798 9 16 I
1734 2798 38 17 had
1782 2804 12 10 a
1802 2804 67 11 conver-

1446 2820 61 17 sation
1515 2820 46 17 with
1567 2820 32 17 thi)
1606 2820 108 22 gentleman
1718 2821 20 17 in
1746 2821 70 22 charge
1821 2821 60 17 there,

1446 2843 30 17 lie
1486 2843 76 18 showed
1571 2849 30 11 me
1608 2844 59 16 books
1676 2850 50 16 upon
1736 2844 25 16 all
1770 2844 32 17 the
1813 2846 67 16 waters

1446 2866 76 23 printed
1528 2866 19 17 in
1554 2873 55 16 every
1617 2867 102 21 European
1729 2867 103 23 language,
1842 2868 38 17 and

1446 2890 53 17 these
1508 2890 60 17 books
1585 2896 31 11 are
1633 2890 100 22 published
1740 2890 106 18 broadcast.
1872 2892 10 16 I

1449 2913 46 17 took
1508 2918 50 12 some
1571 2914 19 16 of
1602 2913 53 17 them
1662 2913 49 18 back
1722 2915 19 16 to
1748 2914 87 18 London,
1845 2914 39 17 and'

1447 2942 48 16 gave
1500 2937 52 16 them
1559 2937 56 16 tothe
1619 2937 160 21 Agent-General,
1787 2943 21 12 so
1813 2938 42 16 that
1860 2937 18 18 he-

1447 2960 57 17 could
1520 2959 45 18 send
1574 2960 53 17 tliem
1635 2961 33 16 out
1677 2961 19 16 to
1712 2960 31 17 the
1755 2960 128 17 Government

1447 2982 123 21 here;andlet
1573 2983 52 17 them
1628 2988 30 12 see
1665 2983 52 17 what
1721 2983 54 18 other
1781 2984 65 23 people
1853 2984 30 17 do.

1448 3007 52 16 Then
1517 3012 21 10 as
1556 3007 21 16 to
1597 3007 33 16 the
1646 3007 69 17 tourist
1735 3007 66 17 traffic:
1828 3007 52 19 Nice;

1448 3029 33 17 the
1490 3029 62 17 whole
1559 3029 20 17 of
1594 3029 33 18 the
1648 3029 80 21 Itivicra,
1749 3029 130 22 Switzerland,

1448 3052 74 23 Egypt,
1532 3052 33 17 the
1573 3053 167 22 wat-jring-places
1748 3053 20 17 of
1785 3053 96 22 Germany

1449 3073 39 19 and
1496 3076 20 16 of
1520 3076 79 19 Britain,
1609 3075 39 17 and
1652 3076 114 22 many-other
1773 3076 69 23 places,
1846 3076 36 18 live

1449 3099 61 22 solely
1519 3104 22 11 011
1552 3099 32 16 the
1592 3099 78 17 tourists
1680 3100 27 19 ,of
1715 3099 61 17 whom
1790 3100 54 17 there
1852 3106 27 10 are-

1449 3128 101 11 enormous
1558 3122 95 17 numbers.
1667 3122 31 17 All
1707 3122 52 18 these
1765 3123 63 22 places

1449 3143 80 24 pushed!
1560 3145 20 17 If
1592 3145 47 17 New
1655 3146 84 17 Zealand
1758 3151 49 12 were
1832 3146 51 17 dealt

1451 3168 47 17 with
1506 3168 92 23 similarly
1606 3168 44 18 look
1660 3170 21 16 at
1689 3169 32 17 the
1727 3169 71 17 benefit
1804 3169 82 17 itwould

1449 3191 27 17 be
1490 3193 20 15 to
1528 3197 55 17 every
1604 3192 47 17 class
1671 3192 20 17 of
1707 3192 31 17 the
1759 3193 124 21 community.

1451 3214 55 18 Some
1514 3215 151 18 information-as
1670 3215 43 17 that
1721 3215 19 18 of
1748 3215 62 17 which
1820 3215 10 17 I
1839 3215 47 18 have

1450 3236 72 23 spoken
1538 3237 68 18 should
1615 3238 22 17 be
1647 3244 23 11 on
1688 3238 31 17 the
1740 3238 60 17 tables
1821 3239 24 16 of-
1861 3239 27 17 all

1451 3261 32 16 the
1492 3261 43 17 best
1542 3261 67 20 hotels,
1619 3262 34 16 not
1658 3262 45 21 only
1710 3262 19 16 of
1736 3262 79 19 Britain,
1823 3262 36 17 but
1867 3262 20 17 of

1451 3283 101 23 Germany,
1563 3284 77 20 France,
1650 3285 38 16 and
1696 3285 71 22 Egypt,
1790 3290 26 12 so'
1825 3291 20 11 as
1866 3286 20 16 to

1451 3306 56 18 malic
1515 3307 33 17 the
1557 3307 66 17 colony

1453 3354 104 23 LOCAL
1571 3354 96 24 NEWS
1691 3354 69 23 AND
1775 3355 103 23 NOTES

1477 3412 84 16 Tourists
1581 3411 103 22 travelling
1699 3412 84 17 between
1804 3412 85 17 Rotorua

1454 3434 38 17 and
1501 3434 99 18 Auckland
1610 3441 33 11 can
1657 3434 45 23 rely/
1712 3440 53 18 upon
1776 3435 76 23 getting
1865 3441 24 11 an

1454 3457 94 17 excellbnt
1557 3458 33 16 hot,
1603 3458 93 17 luncheon
1710 3460 19 15 at
1744 3459 38 16 thy-
1791 3458 98 17 Frankton

1454 3481 60 17 Hotel
1515 3480 2 21 -
1518 3480 1 21 ,
1542 3480 97 17 Frankton
1660 3481 90 20 Junctan,
1772 3481 68 17 where-
1857 3481 32 17 the

1454 3504 51 16 train
1513 3505 51 21 stops
1574 3505 22 15 20
1605 3504 97 17 minutes..*
1702 3504 2 22 -
1705 3504 3 22 '

1478 3535 98 17 Professor
1584 3534 81 18 Thomas
1672 3536 20 17 of
1697 3536 32 17 the
1732 3534 103 19 Auckland
1842 3535 36 18 Uni-

1454 3558 71 21 versity
1542 3558 73 17 arrived
1632 3564 23 11 on
1671 3559 84 22 Monday
1771 3559 63 22 night.
1860 3558 31 17 He

1455 3578 67 21 visited
1531 3581 32 17 the
1572 3580 123 24 WiotapuJoil
1704 3582 74 21 springs
1784 3581 111 22 yesterday.,

1478 3612 33 17 Mr
1519 3612 20 17 T.
1549 3612 85 21 Browne,
1645 3612 61 17 better
1714 3613 69 16 known
1792 3618 24 13 as
1846 3612 46 18 Rolf

1615 3635 32 17 the
1663 3641 71 12 weaver
1754 3636 20 16 of
1788 3641 57 16 many
1861 3636 20 16 in-

1456 3658 93 22 teresting
1559 3664 57 16 yarns
1630 3659 20 16 of
1664 3658 78 18 colonial
1759 3659 33 16 life
1809 3664 43 17 may
1869 3659 23 17 be

1456 3681 91 22 expected
1556 3682 20 16 to
1584 3687 38 16 pay
1631 3687 21 11 us
1661 3687 11 11 a
1685 3681 43 18 visit
1736 3681 79 23 shortly.

1480 3713 40 16 The
1529 3713 126 25 temperature
1665 3713 20 16 of
1701 3713 31 17 the
1745 3713 78 17 Priest's
1839 3713 50 17 Bath

1458 3735 34 18 has
1499 3736 75 22 ranged
1581 3735 49 18 from
1649 3737 31 15 102
1698 3738 19 15 to
1729 3737 30 15 11-1
1782 3735 70 23 during
1860 3736 32 17 the

1457 3760 43 21 past
1509 3758 56 17 week.
1591 3758 39 17 The
1638 3758 101 23 unusually
1748 3759 47 22 high
1807 3757 72 24 temper-

1458 3782 55 17 ature
1520 3782 19 16 of
1546 3781 29 17 No
1581 3782 10 16 2
1600 3782 45 16 bath
1656 3782 38 16 still
1704 3782 103 17 continues.

1484 3813 37 16 The
1530 3812 75 17 rainfall
1615 3819 23 10 on
1649 3813 68 22 Friday
1727 3814 36 15 List
1772 3819 20 10 as
1804 3813 90 17 recorded

1459 3836 19 16 at
1487 3836 32 16 the
1531 3836 120 17 Sanatorium
1668 3836 101 17 amounted
1788 3837 18 15 to
1825 3836 70 18 l'.SJin.,

1459 3858 30 17 On
1506 3859 39 16 the
1555 3859 85 21 Monday
1659 3859 86 22 previous
1760 3858 68 19 2*4oih.
1845 3865 49 11 wore

1459 3881 109 23 registered.

1478 3912 40 17 The
1526 3913 81 17 number
1616 3913 19 17 of
1638 3913 56 17 baths
1703 3913 56 17 taken
1768 3914 20 16 at
1797 3914 33 16 the
1835 3913 48 17 Sana-

1461 3936 68 17 torium
1539 3936 30 16 for
1583 3936 32 16 the
1635 3937 66 16 month
1711 3937 20 16 of
1750 3935 87 24 January
1856 3942 39 11 was

1461 3960 54 18 •1,300
1523 3959 31 16 ttw,
1559 3959 80 22 receipts
1645 3960 113 22 amounting
1764 3961 21 16 to
1791 3959 38 18 £,S2
1843 3961 20 16 iSs
1872 3960 23 16 ild

1461 3982 44 16 This
1515 3982 61 17 shows
1587 3988 11 10 u
1615 3982 126 17 considerable
1755 3982 83 18 increaso
1852 3988 43 12 over

1462 4005 32 17 the
1503 4005 147 22 corresponding
1666 4005 65 23 period
1747 4006 20 16 of
1776 4006 36 16 last
1821 4011 50 17 year.

1484 4036 24 16 In
1517 4036 113 22 conformity
1646 4036 47 17 with
1709 4042 11 12 a
1732 4036 103 18 resolution
1852 4043 33 16 pas-

1462 4059 32 17 sed
1511 4060 21 16 at
1549 4059 32 17 the
1590 4059 36 17 last
1647 4060 84 22 meeting
1739 4060 20 16 of
1780 4060 32 16 the
1838 4060 57 17 Town

1462 4082 63 17 Board
1532 4082 117 22 Wednesday
1654 4083 99 17 afternoon
1761 4083 20 16 in
1790 4083 46 16 each
1844 4083 51 17 week

1463 4105 33 17 has
1505 4105 48 17 been
1570 4105 49 17 fixed
1629 4111 20 11 as
1658 4105 32 17 the
1702 4106 41 16 half
1750 4106 78 22 holiday
1837 4106 20 16 in
1865 4112 20 11 ac-

1463 4128 91 17 cordance
1563 4128 47 16 with
1619 4128 32 17 the
1660 4128 52 22 Shop
1719 4129 38 17 and
1766 4129 52 22 Shop
1835 4129 50 17 Assis-

1463 4152 51 15 tants
1523 4151 36 16 Act
1569 4151 50 16 189-1.

1919 137 38 17 The
1966 137 58 17 house
2031 137 38 17 and
2083 136 85 24 grounds
2182 141 45 12 near
2238 136 33 16 tlio
2280 136 41 16 ITtu-

1895 160 46 17 liina
1949 160 54 17 crock
2012 161 20 16 at
2039 161 77 22 present
2132 158 90 23 occupied
2237 158 27 23 by
2272 158 32 17 Mr
2312 158 19 18 J.

1896 183 26 17 li.
1931 183 73 22 Taylor'
2009 189 31 11 are
2048 184 21 16 to
2077 183 27 17 let
2112 182 104 18 furnished.

1919 214 64 22 Judge
1990 214 37 17 Gill
2034 214 44 22 paid
2085 221 11 10 a
2102 214 45 17 visit
2152 214 20 17 to
2177 213 154 23 Tnpuaeliaruru,

1896 238 73 16 Rotoiti
1982 243 24 12 on
2022 237 71 22 Friday
2107 237 38 17 last
2154 243 24 11 on
2186 236 45 18 land
2239 236 93 22 purchase

1895 260 76 17 busines
1982 259 4 23 .
2018 261 39 15 The
2073 261 74 17 natives
2164 266 32 10 are
2218 259 115 23 cultivating

1896 283 73 23 largely
1980 284 20 17 in
2009 284 32 17 the
2050 283 157 22 neighbour/rood
2216 283 51 16 their
2275 288 55 16 crops

1896 306 21 17 of
1924 308 87 21 potatoes
2019 307 58 22 being
2086 306 100 23 especially
2199 306 53 22 large
2266 305 38 17 and
2313 305 20 17 of

1897 330 50 21 good
1955 330 80 22 quality.

1919 361 71 18 Messrs
1998 361 69 22 Taylor
2076 361 36 17 and
2126 361 54 20 Butt,
2190 366 84 17 rangers,
2285 360 48 17 have

1896 384 63 18 issued
1968 391 10 10 a
1992 384 61 18 notice
2069 386 20 15 to
2106 384 33 17 the
2156 384 73 16 natives
2245 383 88 22 warning

1896 407 53 17 them
1958 409 20 15 to
1995 408 69 16 refrain
2082 408 49 16 from
2148 407 89 22 catching
2254 407 35 16 fi<h
2307 406 26 22 by

1897 436 65 12 means
1970 431 20 16 of
1998 431 44 19 nets,
2052 432 21 15 at
2081 430 32 17 the
2127 430 77 17 mouths
2213 430 19 16 of
2241 430 33 16 the
2283 430 40 16 vari-

1897 459 33 12 ous
1939 454 69 20 creelcs,
2033 454 34 17 We
2076 453 116 17 understand
2201 453 24 17 tin
2235 454 8 16 t
2251 452 32 18 the
2291 454 42 16 nets

1896 477 48 17 have
1952 477 50 17 since
2010 477 48 17 bsen
2070 476 88 18 removed
2175 476 37 17 and
2228 476 34 16 the
2277 482 45 16 prac-

1897 500 36 17 tice
1942 501 86 21 stopped.

1920 529 39 19 The
1968 531 56 17 latest
2032 530 94 18 accession
2135 532 20 16 to
2164 531 32 17 the
2204 530 58 18 ranlcs
2271 530 20 18 of
2299 536 35 11 our

1896 554 49 17 local
1953 555 85 16 business
2046 560 43 11 men
2095 553 16 18 is
2120 553 43 18 that
2169 555 20 16 of
2194 554 31 17 Mr
2232 554 17 17 S.
2258 553 74 21 Dando,

1897 577 76 23 gsneral
1979 577 119 23 storekeeper
2102 577 38 17 and
2143 577 120 18 commission
2268 578 67 21 agent,-

1897 601 63 17 whose
1967 602 150 15 announcement
2128 606 80 17 appears
2224 600 20 16 in
2254 600 80 17 another

1897 623 81 18 column.
2004 624 31 16 Mr
2044 623 68 17 Dando
2125 623 37 18 line-
2169 623 55 17 taken
2242 623 33 16 the
2284 624 52 16 store
2341 623 1 18 I

1896 649 47 15 next
1960 647 32 17 Mr
2008 647 57 21 Keys'
2082 647 38 16 and
2131 647 16 16 is
2162 652 44 11 now
2222 646 85 22 opening
2323 652 11 11 a

1897 670 63 17 choice
1968 671 113 16 assortment
2095 670 19 17 of
2131 670 77 22 general
2216 669 66 22 goods;

1896 694 69 19 niture,
1975 694 32 16 &c.

1920 725 16 16 A
1946 724 116 22 Wellington
2072 724 92 23 telegram
2181 724 84 22 recently
2283 725 40 16 noti-

1898 748 36 17 fied
1955 748 33 17 the
2012 748 57 17 death
2084 748 20 17 of
2124 745 32 19 Mr
2176 747 84 17 William
2281 747 52 17 Todd
2341 743 1 30 j

1897 771 62 17 which
1973 771 47 17 took
2032 771 52 22 place
2105 771 93 21 suddenly
2219 772 20 15 at
2261 770 72 18 Short's
2341 770 1 27 j

1897 795 76 16 auction
1989 794 79 19 market,
2078 794 62 17 Willis
2156 794 67 17 Street.
2238 793 95 18 Deceased

1898 823 38 12 was
1943 819 36 16 not
1987 817 68 18 known
2064 818 20 15 in
2100 817 117 23 Wellington
2234 817 35 16 but
2286 818 16 16 it
2317 818 16 17 is

1897 840 92 18 surmised
1997 841 44 17 here
2051 840 43 17 that
2108 840 23 18 he
2149 841 15 16 is
2180 840 90 17 identical
2286 841 46 17 with

1897 865 31 16 Mr
1938 864 52 17 Todd
2000 865 20 15 of
2029 863 32 17 the
2070 863 69 19 Indkin
2150 864 47 17 Civil
2208 863 74 17 Service
2290 865 43 16 who

1897 887 45 22 paid
1951 894 11 10 a
1970 887 65 17 health
2045 887 44 17 visit
2098 888 19 16 to
2126 887 86 18 Rotorua
2220 887 19 18 iu
2249 887 70 18 Novem-

1896 911 33 16 ber
1938 911 44 17 last.

1921 943 32 17 Mr
1962 943 44 17 Eric
2014 942 62 23 Craig,
2091 943 20 17 of
2124 942 80 18 Princes*
2215 943 35 19 St.,
2269 944 51 16 Auck-

1897 967 51 20 land,
1960 967 33 17 has
2002 966 77 17 favored
2088 972 22 11 us
2124 966 46 17 with
2185 972 11 11 a
2209 972 49 16 copy
2272 967 19 16 of
2304 967 29 18 his

1898 989 111 18 Illustrated
2026 989 107 22 Catalogue'
2150 990 19 16 of
2185 989 47 18 New
2249 990 84 17 Zealand

1897 1012 65 18 Perns.
1998 1013 39 17 The
2059 1012 50 18 book
2135 1012 85 18 contains
2244 1013 89 22 imprints

1896 1036 86 23 (natural
1990 1036 44 23 size)
2043 1037 20 16 of
2074 1037 31 16 172
2114 1036 87 17 varieties
2210 1037 20 17 of
2239 1037 50 17 ferns
2303 1038 19 16 in-

1897 1059 92 23 digenous
2010 1061 19 16 to
2046 1059 53 18 these
2114 1059 72 18 islands
2202 1059 37 18 and
2258 1060 37 17 will
2310 1061 23 16 be

1896 1083 61 17 found
1966 1083 20 17 of
1999 1083 33 16 the
2045 1084 84 21 greatest
2143 1089 32 10 use
2191 1084 20 16 to
2228 1083 103 18 collectors,
2341 1083 1 24 j

1896 1106 61 22 Many
1965 1106 21 18 of
1993 1106 54 17 those
2055 1106 121 18 enumerated
2186 1112 31 12 are
2226 1108 20 16 to
2257 1106 23 18 be
2295 1109 38 15 met

1898 1129 44 17 with
1952 1130 19 16 in
1981 1129 37 18 this
2027 1129 82 23 locality.

1920 1162 39 16 The
1976 1161 69 17 annual
2062 1167 43 11 race
2122 1162 84 21 meeting
2222 1162 21 16 of
2259 1162 32 17 the
2307 1162 26 17 Te

1896 1185 54 17 Puke
1959 1185 71 21 Jockey
2039 1185 49 17 Club
2105 1185 40 17 will
2158 1185 24 16 be
2196 1185 44 17 held
2255 1187 19 15 at
2290 1186 43 17 that

1897 1208 53 22 place
1959 1214 24 11 on
1992 1208 33 17 the
2034 1208 43 17 27tli
2091 1208 44 17 inst.
2161 1208 38 17 The
2212 1214 121 16 programme

1898 1232 59 17 which
1968 1230 38 18 will
2015 1232 22 15 be
2050 1229 61 19 found'
2124 1232 18 16 in
2161 1232 80 17 another
2258 1232 74 17 column

1896 1254 101 23 comprises
2008 1253 74 22 Hu,rdlie
2096 1254 50 18 Race
2160 1255 20 17 of
2196 1253 36 24 £7;
2255 1255 77 18 Maiden

1896 1276 61 22 Plate,
1966 1277 24 18 £4
1999 1276 4 25 ;
2018 1278 54 21 Pony
2079 1278 55 20 Race,
2142 1276 36 25 £.'!:
2193 1278 25 16 Te
2223 1278 54 18 Puke
2284 1279 47 22 Cup,

1897 1301 37 18 £1.3
1942 1301 3 23 ;
1961 1301 78 18 District
2048 1301 101 23 Handicap
2158 1301 26 18 £'•}
2199 1303 26 15 10.
2257 1301 75 18 Several

1896 1326 55 16 other
1969 1331 53 12 races
2042 1324 37 17 wfl
2100 1325 24 17 he
2143 1325 93 21 arranged
2259 1331 24 11 on
2301 1326 32 16 the

1896 1348 81 21 ground.
2003 1348 31 17 All
2042 1348 63 17 horses
2112 1353 32 12 are
2150 1348 94 17 admitted
2252 1348 81 18 without

1896 1371 109 18 distinction
2027 1371 36 17 and
2081 1371 69 17 entries
2167 1372 48 16 close
2236 1371 46 17 with
2300 1372 33 18 the

1896 1396 99 21 secretary,
2006 1395 49 16 Tcwi
2065 1394 65 23 Kingi,
2141 1400 24 11 on
2172 1395 32 17 the
2213 1395 43 17 13th
2263 1395 44 18 inst.

1920 1426 29 17 An
1959 1426 113 22 interesting
2081 1432 100 16 ceremony
2198 1432 38 11 was
2258 1426 63 23 perfor-

1896 1449 44 18 med
1949 1451 20 15 at
1978 1450 31 16 (he
2028 1449 93 23 Anglican
2140 1449 73 18 Church
2232 1450 101 22 yesterday

1896 1473 56 17 when
1968 1473 31 17 Mr
2008 1473 80 17 Duncan
2098 1472 83 18 William
2191 1473 63 18 Steclte
2262 1473 21 16 of
2300 1474 32 16 the

1896 1496 42 17 firm
1948 1496 20 17 of
1978 1496 60 17 Steele
2047 1496 91 17 Brothers
2147 1497 21 16 of
2183 1496 33 17 the
2233 1496 100 18 Maraeroa

1896 1519 94 18 Sawmills
2006 1525 39 11 was
2051 1519 66 17 united
2132 1520 20 16 in
2165 1520 32 16 the
2213 1519 46 22 holy
2272 1520 61 18 bonds

1896 1543 20 17 of
1924 1543 116 22 matrimony
2048 1545 20 14 to
2077 1542 47 17 Miss
2142 1541 69 19 Louisa
2227 1543 104 17 Robinson,

1896 1573 11 10 a
1915 1572 67 16 young
1987 1566 45 22 lady
2039 1566 42 17 who
2088 1566 34 17 has
2129 1566 47 17 been
2182 1566 97 17 identified
2288 1566 43 17 with

1896 1589 79 18 musical
1990 1590 80 17 matters
2086 1589 19 17 in
2123 1589 85 18 Rotorua
2226 1590 30 16 for
2281 1595 50 12 some

1896 1613 128 17 considerable
2033 1613 51 17 time.
2110 1613 56 17 After
2182 1613 31 17 the
2233 1618 100 16 ceremony

1896 1635 33 18 the
1938 1636 65 23 happy
2019 1636 66 22 couple
2093 1635 93 23 preceded
2196 1637 19 16 to
2225 1636 106 20 Auckland,

1896 1659 30 17 via
1935 1660 32 16 (lie
1976 1659 93 20 Waikato,
2080 1665 23 11 on
2115 1659 50 17 their
2173 1659 94 23 wedding'
2281 1661 50 16 tour.

1919 1691 33 17 Mr
1967 1691 23 17 E.
2000 1690 65 20 Webb,
2076 1691 20 17 of
2105 1691 68 17 Onmio
2182 1691 59 17 Hotel
2258 1691 75 17 notifies

1897 1714 19 17 in
1926 1714 38 17 this
1973 1714 49 17 issue
2030 1714 42 17 that
2089 1714 24 17 he
2122 1714 39 17 will
2170 1715 20 16 at
2199 1714 33 17 the
2251 1715 82 20 meeting

1896 1738 23 16 of
1936 1738 33 16 the
1986 1737 93 22 licensing
2099 1737 61 17 bench
2182 1743 23 11 on
2222 1738 68 17 March
2299 1738 32 17 -Ith
2341 1737 1 24 ;

1896 1760 59 23 apply
1963 1761 31 17 for
2008 1760 34 18 the
2049 1760 84 18 removal
2149 1760 21 17 of
2184 1760 29 18 his
2229 1760 69 18 license
2313 1762 20 16 to

1896 1784 89 21 ■premises
1994 1785 19 15 at
2023 1784 111 22 Waiotapu..
2157 1784 59 18 There
2225 1790 34 11 oan
2272 1784 23 17 he
2309 1790 24 12 no

1896 1807 60 17 doubt
1964 1807 42 17 that
2015 1807 31 16 the
2063 1807 138 22 requirements
2216 1807 20 17 of
2254 1808 77 17 tourists

1895 1830 69 23 justify
1974 1831 32 16 the
2022 1828 137 25 premeditated
2168 1832 41 21 step
2222 1836 21 11 us
2251 1830 16 17 it
2280 1831 53 17 takes

1896 1860 53 11 more
1961 1854 47 17 than
2016 1860 35 11 one
2061 1853 37 23 day
2107 1855 20 15 to
2136 1854 77 23 explore
2230 1854 33 17 the
2279 1859 40 13 won-

1897 1877 41 17 ders
1949 1877 19 17 of
1985 1877 31 17 the
2029 1875 103 24 Waiotapu
2147 1877 75 22 Valley.
2249 1877 25 17 At
2289 1882 33 18 pre-

1896 1901 42 16 sent
1955 1900 74 17 visitors
2037 1905 32 12 arc
2076 1900 70 17 rushed
2153 1901 34 16 out
2203 1901 19 16 to
2231 1901 102 22 Waiotapu

1896 1923 38 18 and
1943 1929 21 12 as
1976 1923 4 18 I
1985 1924 44 17 here
2037 1924 16 16 is
2059 1929 25 12 no
2098 1924 163 17 accommodation
2272 1924 49 17 what-

1897 1953 43 10 ever
1949 1947 17 16 in
1978 1947 31 17 lie
2018 1947 78 22 vicinity
2105 1947 33 17 the
2147 1948 68 16 merest
2224 1947 81 22 glimpse
2314 1949 20 15 at.

1897 1970 32 17 the
1936 1970 72 22 objects
2018 1970 19 17 of
2045 1971 79 17 interest
2132 1971 16 16 is
2157 1971 26 16 all
2199 1971 44 16 (hat
2259 1976 34 12 can
2310 1971 23 17 be

1896 1993 95 18 obtained.
2016 1994 50 16 That
2071 1994 40 17 this
2123 1994 15 16 is
2154 1995 49 16 iiiOst
2219 1994 104 17 unsatisfac-

1896 2018 42 21 tory
1949 2016 131 23 goos-witliout
2083 2016 2 24 •
2088 2022 33 17 say
2122 2017 40 23 ing.

1920 2049 19 16 Tt
1948 2048 15 17 is
1973 2048 119 22 satisfactory
2100 2049 21 16 to
2129 2048 57 17 know
2194 2049 44 17 that
2251 2048 35 18 Mr
2296 2049 39 18 and

1896 2072 40 16 Mrs
1952 2071 99 19 Maunder,
2067 2073 43 16 who
2127 2077 49 12 wore
2192 2072 59 17 taken
2265 2073 19 16 to
2301 2072 37 17 the

1896 2095 89 17 Waikato
1994 2095 90 22 Hospital
2092 2095 36 17 last
2137 2095 58 21 week,
2205 2101 31 11 are
2246 2100 77 17 progres-

1896 2118 44 22 sing
1950 2124 21 11 as
1980 2118 134 22 satisfactorily
2122 2124 21 11 as
2158 2124 33 12 can
2205 2119 24 16 lie
2244 2119 90 22 expected

1896 2141 51 17 after
1966 2141 49 17 their
2035 2141 77 18 terrible
2136 2141 126 23 experiences.
2303 2143 32 16 Mr

1897 2164 109 17 Maundcr's
2014 2164 78 23 injuries
2101 2165 69 16 turned
2180 2166 33 16 out
2222 2166 21 16 to
2249 2165 23 17 be
2277 2166 56 17 milch

1898 2193 51 11 more
1956 2188 70 17 serious
2035 2188 47 16 than
2091 2194 38 11 was
2139 2189 20 16 at
2175 2188 41 16 first
2232 2188 101 22 supposed,

1897 2211 41 17 and.
1945 2211 32 16 the
1985 2211 80 22 lengthy
2074 2211 128 17 examination
2211 2213 20 15 to
2241 2209 61 19 which
2310 2212 25 16 he

1897 2239 39 12 was
1945 2234 97 22 subjected
2051 2240 23 11 on
2085 2234 32 17 the
2126 2234 37 22 day
2175 2234 113 23 succeeding
2302 2235 33 17 the

1897 2257 34 17 fire
1940 2256 33 18 did
1981 2258 35 16 not
2024 2257 24 18 do
2058 2258 54 16 much
2122 2258 21 17 to
2151 2258 85 22 improve
2245 2258 29 17 his
2289 2263 34 12 con-

1898 2280 66 18 dition.
1990 2281 23 17 In
2022 2281 39 17 fact
2070 2287 58 18 grave
2137 2281 48 17 fears
2199 2287 49 11 were
2262 2282 20 16 at
2300 2286 40 13 one

1898 2304 45 17 time
1952 2302 43 19 held
2004 2304 42 17 that
2055 2304 29 17 his
2092 2304 72 17 mental
2172 2304 87 17 faculties
2272 2305 63 17 would

1897 2327 24 17 be
1936 2327 133 22 permanently
2085 2327 85 18 affected.
2201 2328 20 17 It
2234 2333 40 12 was
2291 2328 45 22 only

1898 2350 76 18 natural
1983 2350 42 17 that
2034 2351 32 16 the
2074 2350 113 21 knowdodge
2194 2350 44 18 that
2245 2352 38 16 two
2290 2352 46 17 lives

1898 2373 38 17 had
1945 2373 47 17 been
2004 2373 95 18 sacrificed
2113 2374 63 17 would
2192 2374 33 17 tell
2239 2380 51 16 upon
2306 2375 30 17 his

1898 2401 73 13 reason.
1996 2395 41 19 Mrs
2046 2397 94 17 Maunder
2146 2397 74 21 though
2227 2397 111 18 untouched'

1942 2420 32 17 the
1990 2420 65 17 flames
2071 2420 71 17 suffers-
2155 2420 55 17 much
2233 2418 103 26 internally

1899 2443 50 18 from
1957 2443 33 17 the
1999 2444 63 16 effects
2070 2444 21 16 of
2099 2444 34 17 her
2146 2444 40 16 fall.
2216 2444 40 17 The
2270 2450 66 17 young

1900 2472 44 11 man
1961 2466 61 20 Miles,
2040 2467 64 17 whose
2119 2467 56 17 death
2193 2473 39 11 was
2249 2468 87 22 reported

1900 2489 50 21 here,
1959 2490 35 17 has
2003 2495 58 13 never
2067 2489 48 18 been
2124 2490 19 17 in
2153 2490 32 17 tlio
2191 2490 89 22 slightest
2289 2491 35 17 dan-

1900 2519 33 16 ger
1943 2513 37 17 and
1990 2510 120 25 will'shortly
2118 2514 53 17 leave
2179 2514 32 17 the
2218 2514 89 22 hospital.

1924 2545 29 16 On
1963 2544 85 22 Monday
2060 2544 38 18 last
2110 2551 11 10 a
2135 2545 66 22 picnic,
2217 2545 33 17 the
2267 2545 60 17 invita-

1901 2568 50 16 tions
1959 2569 20 16 to
1989 2568 60 17 which
2058 2572 49 13 wore
2114 2568 62 17 issued
2181 2569 25 21 by
2211 2568 33 17 Mr
2252 2569 85 17 Howard

1900 2591 75 22 Taylor,
1985 2591 96 17 chairman
2091 2592 20 16 of
2119 2591 33 17 the
2161 2591 57 18 Stock
2225 2592 111 23 Exchange.

1902 2614 118 22 Coolgardic,
2030 2614 37 17 and
2075 2615 31 16 Mr
2115 2615 27 17 M.
2159 2615 25 17 11.
2199 2615 104 18 McKenzie
2318 2616 20 16 of

1901 2638 36 17 the-
1943 2643 51 12 same
2001 2639 58 17 town,
2070 2638 45 17 took
2125 2638 53 22 place
2187 2639 19 16 to
2218 2636 118 23 Hamurana,

1901 2661 38 16 and
1951 2660 71 23 proved
2037 2661 33 17 the
2087 2663 49 15 most
2153 2661 100 23 enjoyable
2270 2662 68 23 outing

1901 2684 44 17 that
1961 2684 33 17 has
2011 2689 43 13 ever
2070 2684 56 17 taken
2143 2684 53 23 place
2205 2691 24 11 on
2246 2685 31 17 the
2289 2683 47 20 lake.

1901 2705 40 19 Tlio
1949 2709 56 21 party
2014 2707 104 21 comprised
2127 2707 32 17 Mr
2164 2707 38 18 and
2219 2708 41 18 Mrs
2275 2709 61 20 Shaw,

1902 2728 117 25 Ooolgardie;
2043 2729 32 18 Mr
2099 2731 37 17 and
2161 2731 40 17 Mrs
2226 2731 111 21 Cattenach,

1902 2752 105 21 Auckland;
2027 2754 67 17 Misses
2113 2754 59 19 Price,
2198 2754 80 18 Cinders
2301 2756 38 16 and

1903 2776 62 21 Shaw;
1976 2777 32 17 the
2017 2777 45 17 Rev.
2084 2777 54 17 Dean
2160 2777 89 22 Slnttery,
2269 2778 70 18 Messrs

1903 2800 72 18 Derlot,
1986 2800 64 21 Perth,
2065 2800 100 23 Connolly,
2173 2801 107 17 Americian
2289 2802 38 17 Con-

1903 2823 117 21 sul-general
2029 2826 37 15 and
2076 2824 71 17 several
2156 2825 54 16 other
2226 2824 60 17 ladies
2302 2825 37 17 and

1903 2847 108 22 gentlemen
2020 2847 20 16 at
2047 2848 77 21 present
2131 2847 84 22 residing
2223 2848 51 17 here.
2301 2847 39 18 The

1903 2870 61 21 picnic
1973 2870 74 21 ground
2056 2876 38 11 was
2103 2870 19 17 in
2141 2870 32 18 the
2189 2871 80 22 vicinity
2278 2872 20 16 of
2307 2872 32 16 the

1903 2893 44 17 well
1954 2893 69 16 known
2033 2893 67 23 spring
2107 2893 38 17 and
2161 2894 50 17 after
2227 2900 12 10 a
2247 2894 94 18 luncheon

1904 2917 20 16 of
1932 2916 33 17 the
1973 2916 82 17 choicest
2061 2915 111 24 deseripi'on,
2178 2917 92 25 provided
2277 2917 26 23 by
2310 2918 32 17 Mr

1905 2939 81 17 Boulton
1997 2940 19 16 of
2025 2940 33 16 the
2078 2940 71 20 Grand,
2170 2940 38 17 had
2228 2940 48 17 been
2293 2941 48 17 done

1904 2963 64 22 ample
1975 2963 97 22 justice-to
2086 2963 37 17 the-
2138 2964 57 21 party
2216 2965 56 20 spent
2291 2964 51 17 their

1905 2986 45 17 time
1958 2986 20 16 in
1988 2985 138 24 investigating
2141 2987 32 16 the
2182 2987 85 17 beauties
2276 2987 20 17 of
2304 2987 38 17 this*

1905 3009 52 21 truly
1966 3010 92 16 romantic
2067 3011 49 20 spot.

1928 3040 40 17 The
1976 3040 82 17 culverts
2067 3041 86 17 between
2161 3041 44 17 hero
2214 3041 37 17 and
2262 3042 80 17 Rotonm

1905 3069 24 11 on
1940 3064 32 17 the
1986 3064 121 17 Rotorua-Te
2121 3062 50 19 Teko
2188 3064 45 17 road
2251 3070 33 12 are
2300 3072 42 11 now

1905 3086 59 22 being
1971 3088 37 21 put
2016 3086 25 18 in.
2055 3086 52 23 They
2117 3093 31 11 are
2156 3088 186 23 being-commenced

1906 3110 49 16 from
1964 3110 87 20 Tikitcre,
2069 3111 67 16 thence
2151 3111 58 22 along
2222 3110 34 18 tlie
2270 3112 72 17 Rotoiti

1905 3133 44 17 lake
1966 3133 63 18 shore-..
2059 3133 32 17 Mr
2112 3133 79 21 Stables,
2217 3135 59 22 lately
2293 3135 49 17 from

1906 3156 101 19 Paliiatua,
2028 3163 16 10 is
2060 3156 19 17 in
2097 3156 73 23 charge-
2183 3157 20 18 of
2222 3158 33 17 the
2271 3158 71 17 culvert

1906 3180 63 21 party.
1995 3179 56 19 Quite
2060 3185 11 11 a
2078 3180 50 17 little
2134 3186 69 11 canvas
2208 3181 96 23 township
2309 3182 33 17 has

1907 3203 67 16 within
1983 3203 32 16 the
2023 3203 38 17 last
2070 3203 36 17 few
2117 3203 61 18 weeks
2192 3210 74 17 sprung
2279 3210 26 17 up
2319 3211 23 11 on

1908 3226 32 17 the
1948 3224 51 19 bank
2013 3226 19 17 of
2046 3225 87 22 Rotoma,
2149 3227 59 17 about
2222 3232 55 12 seven
2291 3227 51 18 miles

1907 3249 50 16 from
1977 3249 153 19 Tapuaeharuru.
2156 3250 44 17 Two
2217 3251 21 16 of
2254 3251 32 17 the
2301 3257 26 11 em-

1907 3272 76 22 ployees
2003 3272 48 17 have
2067 3272 85 23 brought
2168 3273 50 17 their
2235 3274 60 17 wives-
2307 3274 35 17 and

1907 3295 82 17 families
1997 3295 36 17 and
2042 3301 79 11 rumour
2129 3297 58 17 states
2195 3297 44 17 that
2246 3297 54 17 there
2313 3303 29 11 are

1908 3324 52 11 more
1968 3319 20 16 to
1997 3323 101 13 come'aS'a
2107 3325 51 11 more
2166 3319 125 23 paradisaical
2302 3321 40 22 spot

1910 3342 30 16 for
1948 3348 8 10 ::
1968 3341 94 18 residence
2070 3341 54 18 eonl'd
2135 3343 81 22 scarcely
2225 3343 30 16 be-
2262 3344 80 17 secured.

1910 3365 15 17 A
1935 3365 128 17 blacksmith's
2073 3365 48 22 shop
2129 3366 33 16 has
2168 3366 46 17 been
2220 3366 80 21 erected,
2307 3367 35 17 and

1909 3388 33 17 Mi-
1962 3387 65 21 Webb,
2045 3387 4 24 i
2057 3388 78 17 Siistant
2151 3389 45 17 road
2217 3395 97 16 surveyor;
2331 3390 11 17 is

1910 3411 73 16 located
1992 3411 52 17 there
2053 3411 19 16 in
2081 3411 33 17 the
2126 3412 100 17 meantime
2241 3413 19 16 in
2277 3413 65 23 charge

1910 3434 20 16 of
1939 3434 32 16 the
1980 3434 113 21 operations.
2110 3435 39 16 The
2157 3435 61 22 heavy
2227 3436 53 17 work
2288 3436 54 17 about

1910 3457 44 17 here
1968 3457 38 17 will
2020 3455 47 24 Keep
2084 3458 33 17 the
2131 3458 46 17 road
2190 3458 72 22 parties
2276 3459 19 17 in
2309 3459 33 17 this

1910 3478 148 23 neighborhood'
2063 3481 30 16 for
2102 3487 51 11 some
2162 3481 51 18 time.

1935 3507 38 17 The
1982 3507 132 18 heroic-action
2124 3509 20 16 of
2149 3514 66 17 young
2220 3507 52 19 Giles
2281 3514 23 12 on
2314 3510 28 16 the

1912 3530 84 17 occasion
2018 3531 19 16 of
2057 3531 32 17 the
2110 3532 33 16 lire
2164 3533 19 15 at
2192 3532 31 17 Mr
2239 3532 103 18 Maundcr's

1910 3553 95 21 boarding
2020 3554 59 17 house
2099 3554 55 18 when
2171 3556 20 16 at
2211 3555 33 17 the
2261 3557 81 20 greatest

1895 3577 1 21 .
1912 3577 85 21 personal
2010 3577 39 17 risk
2069 3577 24 17 ho
2105 3578 91 16 mounted
2216 3579 21 16 tb
2254 3578 32 18 the
2307 3579 35 17 first

1912 3599 48 18 floor
1973 3600 20 17 of
2001 3599 33 17 the
2042 3600 84 22 burning
2142 3601 88 22 building
2246 3601 38 18 and
2295 3602 40 17 liter-

1913 3623 39 21 ally
1958 3623 90 16 snatched
2056 3629 11 10 a
2076 3629 66 17 young
2150 3624 50 17 child
2206 3625 49 16 from
2262 3625 33 17 the
2301 3625 41 22 jaws

1913 3646 20 16 of
1942 3646 55 16 death
2011 3646 15 17 is
2033 3646 63 22 surely
2110 3647 75 22 worthy
2194 3647 20 17 of
2222 3653 52 12 some
2283 3648 50 23 tangi-

1895 3667 1 24 -1
1913 3669 30 17 hie
1952 3669 60 21 proof'
2024 3669 21 17 of
2053 3669 32 17 the
2102 3669 69 22 ragard
2187 3670 19 16 in
2223 3671 63 17 which
2299 3671 24 17 Ik;
2333 3671 9 17 is

1913 3692 45 17 held
1966 3692 26 21 by
2001 3692 97 17 residents:
2124 3693 56 22 Stops
2189 3699 31 11 are
2229 3692 60 19 about
2300 3695 19 16 to
2326 3694 16 17 be

1914 3715 57 17 taken
1980 3716 20 16 to
2020 3715 57 21 bring
2098 3716 51 17 Giles
2164 3716 62 17 action
2243 3717 61 17 under
2316 3718 26 15 the

1895 3738 1 23 -
1914 3738 61 17 notice
1989 3738 19 17 of
2016 3738 33 17 the
2062 3739 89 17 Humane
2164 3739 74 22 Society
2258 3740 20 17 in
2300 3740 32 17 Wel-

1914 3761 76 21 lington
1999 3761 30 16 for
2036 3767 25 11 no
2079 3761 81 18 conduct
2176 3763 56 16 could
2252 3763 24 16 lie
2296 3769 46 11 more

1915 3784 74 22 worthy
1998 3784 20 17 of
2032 3784 32 17 the
2074 3785 61 16 medal
2145 3786 19 16 of
2172 3786 43 16 that
2225 3786 80 22 Society.
2330 3786 12 17 I(

1895 3807 1 23 I
1915 3807 16 17 is
1939 3807 87 17 however
2042 3807 66 23 fitting
2115 3808 32 17 for
2153 3808 53 18 those
2223 3809 46 17 with
2287 3810 55 17 whom

1917 3830 30 16 the
1955 3836 65 16 young
2029 3836 44 12 man
2081 3831 17 17 is
2103 3832 20 15 at
2130 3832 76 21 present
2217 3832 104 18 associated
2330 3833 12 16 ti

1895 3853 1 24 ,
1915 3853 47 16 offer
1971 3859 23 11 on
2004 3853 50 18 their
2069 3859 41 11 own
2127 3855 80 17 account
2225 3860 51 12 some
2293 3855 49 18 toker

1916 3876 20 17 of
1945 3876 49 17 their
2004 3876 128 23 appreciation
2142 3877 20 17 of
2170 3878 28 16 his
2215 3883 81 17 courage
2313 3883 29 12 une

1916 3899 118 22 intrepidity,
2046 3899 36 17 and
2103 3900 48 17 with
2166 3900 37 17 this
2209 3900 49 18 view
2275 3908 11 10 a
2305 3902 28 17 sub-

1916 3922 91 22 scription
2016 3923 32 16 list
2056 3921 35 19 lias
2099 3923 48 17 been
2161 3924 79 22 opened,
2255 3925 78 16 contribu-

1895 3943 1 29 j
1917 3946 49 16 tions
1975 3946 20 16 to
2004 3946 62 17 which
2080 3951 32 12 are
2122 3946 73 17 limited
2215 3947 19 16 in
2251 3949 66 16 extent
2331 3949 11 16 tc

1917 3967 129 24 one-shilling.
2072 3969 43 21 Any
2121 3969 99 18 donations
2237 3971 42 16 sent
2295 3969 20 18 iii
2331 3972 11 15 tt

1895 3991 1 24 '
1917 3991 33 17 the
1959 3991 118 17 Chronicle
2082 3991 122 19 Office-will
2217 3993 24 17 be
2258 3993 45 22 duly
2320 4000 15 11 ac-

1917 4013 131 22 knowledged.

1895 4041 1 20 -
1917 4041 182 18 ACONPIRMFD
2116 4043 226 18 VALETUDINARIAN

1895 4066 1 17 i
2128 4072 11 11 j

1895 4086 1 27 c
1917 4087 21 17 Is
1959 4086 74 24 usually
2049 4094 12 11 a
2079 4088 106 23 dyspeptic.
2210 4089 31 17 110
2261 4090 81 23 imagine!

1895 4110 1 23 -
1917 4110 77 17 himself
2002 4111 32 17 the
2043 4111 65 17 victim
2118 4113 20 15 of
2152 4113 19 16 of
2180 4112 68 21 deadly
2257 4113 85 17 maladies

1895 4133 1 21 -
1917 4133 61 17 There
1991 4133 16 17 is
2016 4134 112 18 self-rescuo
2136 4135 103 17 attainable
2248 4135 20 18 in
2277 4136 65 18 Wolfe';

1919 4156 103 21 Schnapps.
2026 4156 3 21 •

2377 136 28 17 Dr
2421 136 120 22 Macgregor,
2566 136 186 23 Inspector-general
2769 137 21 17 of

2354 158 104 23 Hospitals,
2468 159 75 18 arrived
2552 165 24 11 on
2583 159 84 24 Monday
2681 160 62 22 night,
2753 160 38 17 and

2354 188 38 11 was
2401 182 100 22 yesterday
2514 183 64 21 busily
2587 183 86 23 engaged
2681 183 19 17 in
2714 183 77 22 making

2354 205 89 23 inquiries
2449 205 103 24 regarding
2558 206 31 17 the
2596 206 83 22 sanitary
2686 207 105 16 conditions

2354 228 20 17 of
2382 228 32 21 the
2428 230 58 19 town,
2504 228 38 18 and
2559 229 54 18 other
2630 230 84 17 matters.
2748 230 20 17 It
2776 229 15 18 is

2354 250 68 24 highly
2430 251 92 23 probable
2528 252 43 18 that
2580 254 50 20 steps
2639 252 38 17 will
2686 253 23 16 be
2716 254 20 16 at
2745 258 46 12 onee

2354 275 57 17 takes
2420 276 21 16 to
2448 275 79 21 provide
2542 281 12 11 a
2570 276 70 20 system
2657 276 20 16 of
2693 275 98 23 drainagey

2354 297 38 17 and
2408 298 43 17 that
2467 298 33 16 the
2510 298 76 17 Central
2604 299 61 16 Board
2682 299 20 16 of
2719 299 71 16 Health

2355 320 37 17 will
2402 320 44 23 give
2454 320 32 17 the
2500 321 48 16 load
2566 322 64 16 Board
2646 327 64 16 power
2726 323 21 16 to
2755 327 23 12 en-

2355 344 50 16 force
2415 344 44 17 such
2469 344 118 22 regulations
2595 346 20 15 at
2631 351 45 11 once
2685 351 21 11 as
2715 351 44 16 may
2770 346 21 16 be

2355 372 97 16 necessary
2461 367 31 17 for
2500 369 33 15 tne
2549 367 64 17 health
2632 368 19 16 of
2668 368 32 16 the
2717 367 73 23 people.

2355 390 28 16 Dr
2396 390 114 24 Macgregor
2531 390 35 17 left
2583 391 29 17 for
2628 390 108 24 Wanganui
2753 391 38 17 this

2355 413 94 23 morning.

2378 445 32 16 Mr
2425 445 116 21 Cummiiifrs,
2561 446 44 20 port
2622 445 51 17 fjffico
2689 445 101 22 inspector,

2355 468 74 17 areived
2446 468 18 17 in
2482 468 70 22 Taupe
2565 474 24 10 on
2608 468 76 22 Sunday
2701 468 42 19 last,
2754 468 37 17 and

2355 491 73 22 shortly
2437 491 111 17 afterwards
2558 491 23 17 G.
2599 492 27 16 M.
2641 491 56 17 Park,
2707 491 33 17 the
2748 493 43 20 post

2355 514 38 16 and
2402 515 99 21 telegraph
2513 514 63 18 officer
2592 520 39 11 was
2648 512 82 20 arrested
2747 520 24 11 on
2781 521 10 11 a

2356 537 69 23 charge
2434 538 20 16 of
2462 537 117 23 embezzling
2593 538 128 17 Government
2735 537 56 18 funds

2355 561 21 16 tj
2392 560 33 17 the
2442 562 79 16 amount
2533 562 20 16 of
2569 560 56 18 £4'2i>.
2658 561 39 16 The
2713 560 78 18 accused

2355 590 39 10 was
2408 583 83 19 released
2507 590 24 11 on
2548 584 39 17 bail
2604 584 31 17 the
2649 589 50 13 same
2707 583 57 26 night
2773 584 18 16 hv

2356 608 38 15 two
2403 607 81 17 sureties'
2491 607 19 17 of
2519 607 30 17 £2'
2549 607 20 17 JO
2581 607 54 17 each.-
2647 608 25 16 As
2681 607 34 17 the
2722 607 69 23 charge

2355 630 120 17 necessitates
2492 630 35 17 the
2538 635 89 17 presence
2635 631 21 16 of
2671 632 37 15 two
2721 630 59 22 magis-

2355 653 59 18 trates
2423 659 24 11 on
2456 654 32 16 the
2498 654 61 16 bench
2567 654 23 16 he
2604 654 38 17 will
2649 654 23 16 he
2679 654 83 21 brought
2772 656 5 14 f
2782 661 9 9 o

2356 676 85 17 Rotorua
2449 677 30 16 for
2487 677 32 16 the
2529 677 53 17 usual
2596 677 59 22 police
2664 678 54 15 court
2726 683 52 11 exam-

2355 699 79 17 ination.
2460 699 33 18 Mr
2497 701 77 16 Forrest
2588 701 21 16 of
2626 700 32 17 the
2674 699 48 18 local
2740 700 51 18 office

2355 723 103 21 proceeded
2468 724 20 15 to
2496 723 66 22 Taupo
2571 729 24 12 on
2610 723 85 21 Monday
2711 724 20 16 to
2748 724 43 16 take

2355 746 70 22 charge
2434 746 53 18 there
2496 746 84 22 pending
2597 746 31 17 the
2643 746 69 17 arrival
2727 746 20 17 of
2761 746 30 17 Mr

2356 769 83 19 Salmon,
2450 768 91 24 relieving
2554 769 69 21 officer,
2639 770 44 16 u-h©
2699 771 51 15 went
2766 774 25 17 up

2355 792 38 17 this
2402 793 97 22 morning..

2413 846 312 32 CORRESPONDENCE.

2413 909 39 19 DR
2472 909 137 19 GINDERS
2629 909 39 19 IN
2688 909 117 19 REPLY.

2485 958 28 16 To
2526 961 41 13 Tire
2580 957 87 17 EniTonv

2379 989 91 20 SIK,—In
2479 989 53 22 reply
2542 990 20 16 to
2571 995 48 16 your
2633 989 96 17 strictures
2742 989 40 17 rela-

2355 1012 38 18 tive
2402 1014 20 15 to
2436 1018 32 16 my
2487 1010 113 19 attendance
2616 1018 25 12 on
2656 1012 33 17 the
2706 1012 86 19 sufferers

2355 1037 49 15 from
2414 1036 32 16 the
2454 1036 39 16 late
2501 1035 40 19 fire,
2551 1035 54 17 allow
2620 1041 35 15 me,
2669 1036 19 16 in
2703 1036 33 16 the
2752 1037 40 15 first

2355 1059 59 23 place,
2425 1061 19 14 to
2453 1059 61 16 thank
2523 1065 38 15 you
2570 1059 30 17 for
2614 1059 32 17 the
2661 1065 55 16 grace
2730 1059 61 17 which

2355 1082 99 23 prompted
2464 1088 36 16 you
2517 1084 19 15 to
2554 1084 78 19 suggest
2648 1082 20 17 in
2684 1088 49 15 your
2746 1088 34 11 con-

2356 1106 78 20 cluding
2459 1105 89 20 remarks,
2575 1102 43 21 that
2639 1105 83 22 possibly
2739 1105 53 18 there

2355 1129 61 23 might
2426 1129 48 16 have
2482 1129 47 16 been
2539 1134 51 11 some
2599 1129 191 21 misunderstanding.

2355 1152 59 17 There
2423 1152 91 21 certainly
2530 1158 38 11 was
2577 1152 186 23 misunderstanding
2772 1159 20 10 as

2355 1175 32 18 the
2395 1174 42 19 first
2446 1181 108 15 messenger
2562 1177 40 15 sent
2612 1175 30 17 for
2650 1181 29 11 me
2695 1176 96 21 evidently
2802 1174 2 23 !

2355 1199 38 17 had
2402 1205 11 10 a
2421 1204 45 16 very
2475 1198 48 21 hazy
2535 1198 41 17 idea
2585 1199 20 16 of
2622 1199 50 16 what
2688 1199 39 17 had
2743 1199 39 22 hap-

2355 1221 66 23 pened,
2432 1221 38 18 and
2479 1221 57 18 failed
2545 1223 20 16 to
2575 1227 70 17 convey
2654 1223 19 16 to
2690 1228 32 16 my
2740 1221 50 18 mind

2355 1251 37 16 any
2401 1245 93 21 adequate
2509 1245 111 23 conception
2637 1246 19 15 of
2672 1245 33 16 the
2722 1246 70 16 serious

2355 1270 67 16 nature
2432 1268 19 17 of
2460 1268 33 17 the
2498 1268 120 22 catastrophe
2625 1268 60 17 which
2690 1268 37 17 had
2736 1268 54 18 taken

2355 1292 59 21 place.
2424 1291 100 20 However,
2535 1292 48 16 after
2592 1291 32 17 the
2632 1291 51 22 lapse
2693 1292 20 16 of
2720 1297 60 13 scarce-

2355 1315 19 23 ly
2383 1315 41 18 half
2433 1320 22 11 an
2466 1315 49 16 hour
2531 1314 70 19 Messrs
2618 1314 50 19 Birss
2685 1315 37 16 and
2740 1315 40 18 Fitz-

2355 1336 65 25 gerald
2429 1338 72 17 arrived
2512 1338 40 17 and
2557 1337 101 23 explained
2663 1335 33 20 the
2711 1338 68 17 circum-

2355 1363 73 15 stances
2439 1362 21 16 to
2468 1367 30 11 me
2507 1359 56 24 fully.
2583 1361 11 17 I
2600 1361 132 22 accompanied
2740 1362 50 16 them

2355 1386 19 15 at
2384 1390 45 11 onee
2439 1385 36 16 and
2485 1386 55 20 spent
2557 1386 38 15 two
2611 1385 57 16 hours
2685 1385 37 16 and
2732 1392 10 9 a
2752 1385 40 17 half

2355 1408 18 17 in
2383 1408 86 21 dressing
2479 1407 32 18 the
2528 1407 75 23 injured
2620 1407 71 23 people.
2719 1407 23 18 So
2760 1408 32 17 the

2355 1430 108 19 conclusion
2473 1432 20 15 of
2501 1432 33 15 the
2547 1431 60 17 whole
2624 1432 69 15 matter
2709 1431 22 18 is,
2749 1432 43 16 that

2355 1454 53 18 these
2416 1454 67 23 people
2492 1454 63 23 might
2563 1454 48 17 have
2627 1454 47 17 been
2691 1460 43 11 seen
2752 1455 40 17 half

2355 1484 23 10 a.n
2389 1478 48 16 hour
2446 1477 71 19 earlier.
2544 1477 72 23 Surely,
2624 1478 35 19 Sir,
2666 1484 10 10 a
2680 1484 44 15 very
2733 1478 59 17 feeble
2802 1475 2 25 I

2356 1500 118 22 foundation,
2485 1500 43 22 this,
2540 1506 23 11 om
2573 1501 60 16 which
2643 1502 19 15 to
2675 1501 54 17 build
2747 1501 44 18 such

2355 1530 11 11 a
2374 1524 39 22 pile
2421 1524 22 17 of
2450 1522 107 25 agony..—l
2566 1530 31 11 am
2611 1522 38 23 &c,

2576 1548 82 16 Ai.viacu
2667 1548 98 16 GixiyF.Ks.

2379 1570 37 23 [Dr
2425 1571 80 17 Cinders
2512 1571 15 16 is
2535 1571 64 17 rather
2604 1570 140 23 disingenuous.
2759 1570 33 18 We

2355 1594 32 17 did
2393 1600 51 11 more
2453 1594 46 17 than
2514 1595 78 22 suggest
2609 1594 32 16 the
2657 1594 106 22 possibility
2773 1595 20 16 of

2355 1623 11 11 a
2371 1617 188 22 misunderstanding
2567 1616 3 24 ;
2580 1622 28 13 we
2612 1616 96 24 distinctly
2715 1618 77 16 averred

2355 1640 54 18 there
2410 1640 2 18 l
2421 1642 51 16 must
2481 1640 47 17 have
2536 1640 48 17 been
2594 1640 50 17 such.
2661 1640 39 17 Our
2708 1641 84 17 remarks

2356 1663 113 17 werebased
2479 1664 79 21 entirely
2569 1670 23 10 on
2611 1663 124 24 Fitzgerald's
2752 1664 29 16 evi-

2355 1687 63 17 dence.
2444 1687 45 17 Had
2498 1692 28 11 wo
2535 1687 45 16 been
2592 1686 103 19 influenced
2704 1687 24 22 by
2738 1687 54 17 other

2355 1711 112 17 statements
2476 1715 27 12 we
2513 1710 62 23 might
2583 1710 47 18 have
2644 1710 74 17 written
2728 1710 54 17 differ-

2355 1734 59 21 ently.
2440 1734 19 16 If
2468 1733 28 18 Dr
2505 1733 79 19 Ginders
2593 1733 15 18 is
2618 1734 66 18 correct
2694 1733 98 22 instating

2355 1757 42 17 that
2407 1764 11 10 a
2427 1757 54 22 delay
2491 1757 20 17 of
2520 1757 44 21 only
2573 1755 42 19 half
2619 1762 22 12 an
2650 1757 142 17 houroccurred

2355 1786 28 12 wo
2392 1785 49 13 were
2539 1780 86 22 refusing
2641 1781 19 17 to
2677 1780 71 17 believe
2752 1780 1 23 l
2759 1781 36 16 the

2355 1807 61 14 sworli
2427 1804 169 21 testimony.—Ed.
2606 1800 82 27 H.LiC]

2391 1854 53 19 THE
2457 1856 90 17 DEATH
2566 1855 31 19 OF
2618 1854 41 20 WI
2680 1854 125 20 MAIHI.

2435 1903 44 17 The
2492 1903 65 17 Taxgi
2570 1907 26 14 at
2614 1904 101 16 Awairor.-

2378 1935 39 17 Tlic
2427 1940 43 17 very
2480 1935 82 17 lieacrns
2573 1936 50 21 wept
2632 1941 43 11 over
2689 1935 33 17 the
2736 1935 44 17 obse-

2355 1958 54 22 quies
2418 1959 20 16 of
2446 1958 33 17 tl>«
2488 1958 133 17 famous'Kliief
2632 1958 82 17 AViremu
2731 1958 61 17 Maihi

2355 1982 25 17 To
2390 1981 142 23 Rhngikaheke,
2543 1987 51 12 more
2607 1982 101 21 familiarly
2722 1982 69 16 known
2802 1976 1 28 I

2355 2006 19 16 to
2383 2005 111 22 Europeans
2503 2011 21 11 as
2533 2005 28 16 Wi
2575 2004 71 18 Marsh.
2671 2004 42 18 The
2726 2005 64 17 down-
2802 2004 1 23 i

2355 2034 49 16 pour
2412 2029 20 16 of
2440 2028 47 20 rain,
2498 2028 92 18 however.
2601 2034 22 11 011
2634 2028 69 21 Friday
2713 2029 37 16 last
2759 2028 33 17 did
2802 2027 1 24 j

2355 2053 33 16 sot
2399 2051 52 18 deter
2458 2051 54 23 large
2522 2051 90 18 numbers
2625 2051 20 17 of
2660 2051 45 17 both
2719 2051 73 17 natives
2802 2051 2 26 }

2355 2074 38 17 and
2402 2074 110 22 SuropeajKS
2521 2074 49 17 from
2578 2074 115 22 proceeding
2702 2076 19 15 to
2735 2075 43 16 Awa-

2355 2098 39 17 liou
2403 2100 19 15 to
2432 2098 24 17 do
2465 2098 61 17 honor
2539 2099 20 15 to
2574 2098 32 17 tlie
2620 2103 85 17 memory
2720 2098 20 17 of
2757 2103 35 12 one

2355 2122 44 16 who
2408 2127 37 11 was
2454 2121 61 22 justly
2523 2121 45 17 held
2576 2122 20 16 to
2605 2121 23 17 bo
2636 2121 32 17 the
2677 2122 51 16 most
2735 2121 48 17 intel-

2355 2145 70 17 lectual
2434 2145 20 16 of
2462 2145 29 16 his
2500 2150 47 14 race;
2558 2144 36 17 and
2605 2145 41 16 who
2655 2144 38 17 had
2702 2144 71 22 proved
2781 2150 11 11 a

2355 2168 104 17 consistent
2468 2168 61 16 friend
2544 2168 20 17 of
2578 2168 33 16 the
2628 2167 127 18 Government
2772 2168 18 16 in

2355 2191 33 17 the
2404 2190 99 18 troublous
2520 2196 40 12 war
2573 2190 61 18 times.
2667 2190 77 23 During
2759 2190 34 18 the

2356 2214 197 22 Rotorua-Tauranga
2567 2213 98 23 campaign
2684 2214 22 16 lie
2723 2214 71 22 fought

2356 2237 45 17 with
2411 2237 29 17 his
2449 2237 49 17 tribe
2506 2243 25 11 on
2540 2237 32 17 the
2580 2237 101 22 Eui'opean
2695 2237 44 19 side,
2755 2237 38 17 and

2356 2261 29 16 his
2394 2261 45 22 only
2446 2266 40 14 son,
2494 2260 105 18 Hataralia.
2604 2260 122 17 waskilledin
2732 2266 36 11 one
2774 2261 20 16 of

2356 2284 25 17 Te
2390 2284 75 17 Kooti's
2479 2281 50 19 raids
2545 2289 23 11 on
2587 2283 135 18 Ouiarumuku.
2756 2284 37 16 His

2357 2307 111 21 knowledge
2478 2307 20 17 of
2507 2307 61 17 Maori
2582 2307 103 23 legendary
2698 2307 38 17 aiul
2753 2307 39 17 tra-
2803 2305 1 25 |

2357 2330 78 17 ditional
2446 2331 39 16 lore
2501 2336 42 11 was.
2548 2331 50 16 most
2613 2330 94 22 profound
2721 2330 37 17 and
2773 2336 21 11 as
2803 2330 1 22 !

2356 2354 24 17 he
2398 2359 37 11 was
2453 2360 10 10 a
2479 2353 58 23 ready
2550 2354 64 16 writer
2630 2353 23 17 he
2669 2359 39 11 was
2724 2354 21 16 of
2761 2354 33 16 the
2803 2350 1 27 |

2357 2378 83 21 greatest
2449 2376 101 18 assistance
2560 2378 20 16 to
2589 2376 29 18 Sir
2627 2376 73 23 George
2709 2377 50 21 Grey
2774 2377 18 16 in
2803 2376 1 23 ,

2357 2400 29 17 his
2395 2400 106 17 researches
2509 2400 40 17 into
2559 2400 52 17 these
2618 2401 83 16 matters.
2727 2400 67 17 Atone
2803 2399 1 18 '

2357 2423 46 18 time
2411 2423 24 18 he
2444 2429 38 11 was
2491 2423 83 18 desirous
2583 2423 21 17 of
2619 2423 87 21 entering
2719 2423 64 17 Parlia-

2358 2448 53 15 ment;
2418 2446 38 17 and
2465 2446 47 17 with
2524 2446 43 17 that
2581 2446 61 23 object
2658 2446 97 17 contested
2769 2452 25 11 an
2804 2446 1 26 j

2357 2470 78 17 election
2446 2470 19 16 in
2475 2470 37 17 this
2529 2469 74 18 district
2619 2470 35 16 but
2670 2470 96 16 sustained
2783 2476 11 10 a

2357 2493 146 23 very'crushing
2512 2493 62 17 defeat
2585 2493 3 23 .
2613 2493 88 23 Judging
2706 2493 48 17 from
2762 2493 32 17 the
2804 2493 2 23 j

2358 2517 40 16 fact
2406 2516 43 18 that
2458 2517 23 16 ho
2489 2522 39 11 was
2538 2516 79 17 married
2630 2517 21 16 at
2665 2516 32 17 the
2710 2516 46 17 time
2775 2517 20 16 of
2804 2515 1 22 \

2359 2540 32 16 the
2399 2539 44 18 sack
2453 2540 19 17 of
2486 2539 79 18 Mokoia
2581 2539 61 24 (1823)
2657 2540 24 16 lie
2696 2545 38 12 was
2749 2545 45 11 con-
2804 2536 2 27 I

2359 2563 72 17 sidered
2439 2564 21 16 to
2468 2563 26 17 be
2501 2569 44 11 over
2554 2564 26 16 90-
2585 2568 53 17 years
2647 2563 19 17 of
2675 2568 41 17 age.
2750 2563 44 17 Two
2804 2561 2 29 j

2359 2586 79 17 widows
2444 2586 85 17 and'two
2542 2586 104 22 daughters
2659 2586 74 17 survive
2748 2585 46 21 him,

2359 2610 33 16 Jhe
2400 2610 57 16 latter
2465 2609 59 23 being
2532 2610 46 16 both
2589 2609 79 17 married
2677 2610 21 16 to
2708 2609 59 17 chiefs
2775 2610 20 16 of
2805 2609 1 23 !

2359 2633 33 17 the
2401 2633 58 17 tribe.-
2481 2633 22 17 In
2513 2632 69 22 regard
2595 2634 21 16 to
2629 2632 29 18 his
2671 2632 57 18 wives
2745 2632 16 17 it
2779 2632 16 18 is
2805 2629 1 26 |

2359 2656 78 17 averred
2445 2656 44 17 that
2495 2656 24 16 he
2528 2662 38 12 was
2574 2655 80 18 induced
2666 2656 27 21 by
2705 2655 90 22 religious
2805 2653 1 26 j

2360 2679 82 22 scruples
2452 2681 20 15 to
2480 2680 35 22 put
2524 2684 55 17 away
2588 2679 28 17 his
2625 2679 39 17 first
2674 2679 49 19 wife,
2736 2679 58 19 Mere,

2361 2702 40 23 (the
2409 2702 75 17 mother
2493 2702 20 17 of
2521 2702 29 17 his
2559 2702 92 22 children)
2660 2702 38 17 and
2706 2702 43 17 that
2763 2702 33 17 the

2360 2725 98 19 discarded
2467 2731 35 12 one
2511 2725 66 18 vowed
2586 2726 32 16 she
2627 2725 62 17 would
2697 2731 58 11 never
2766 2731 20 11 re-

2361 2751 44 15 turn
2414 2751 20 15 to
2442 2749 41 17 him
2496 2749 63 17 unless
2576 2749 16 17 it
2603 2754 48 12 were
2665 2750 20 15 to
2703 2749 44 17 take
2764 2749 33 16 her

2354 2772 1 22 1
2361 2772 53 22 place
2423 2773 19 16 at
2451 2772 33 17 the
2492 2772 49 17 head
2550 2772 20 17 of
2579 2772 29 17 his
2616 2772 60 17 coffin.
2702 2772 45 17 This
2755 2777 42 12 vow

2361 2796 33 17 she
2402 2796 46 21 kept
2457 2795 85 17 and,was
2551 2795 121 22 accordingly
2681 2796 20 16 to
2715 2795 25 17 be
2754 2800 43 12 seen

2361 2820 23 16 at.
2390 2819 32 17 the
2430 2818 61 22 vingi.

2385 2842 31 16 Mr
2426 2842 20 17 C.
2455 2841 85 24 Malfroy
2557 2848 38 10 was
2609 2841 101 23 appointed
2726 2841 26 23 by
2766 2841 31 17 the

2354 2865 1 22 1
2362 2865 128 18 Government
2499 2871 20 11 as
2528 2865 50 17 their
2587 2865 144 22 representative
2740 2866 21 16 at
2766 2865 31 16 the

2354 2888 1 23 ]
2362 2888 54 23 tangi
2425 2888 38 17 and
2472 2888 71 23 having
2552 2888 150 17 communicated
2710 2888 45 17 with
2766 2888 32 17 the

2354 2909 1 24 i
2362 2912 73 16 natives
2444 2911 71 22 Friday
2520 2917 39 11 was
2567 2909 54 19 fixed*
2626 2917 50 16 upon
2685 2917 20 11 as
2714 2912 33 16 the
2762 2911 36 22 day

2363 2941 24 11 on
2397 2935 61 17 which
2467 2935 46 22 they
2521 2935 64 16 would
2592 2935 24 16 be
2630 2934 92 23 prepared
2736 2936 19 16 to
2768 2940 20 11 re-

2363 2958 50 17 ceive
2433 2958 46 17 him.
2510 2958 89 17 Previous
2615 2959 20 15 to
2651 2958 32 16 Mr
2699 2958 100 22 Malfroy's

2363 2981 74 20 arrival,
2448 2981 93 20 however,
2551 2987 11 11 a
2569 2981 54 22 large
2631 2982 57 21 party
2696 2981 21 17 of
2726 2980 73 18 natives

2363 3005 131 22 representing
2503 3005 55 16 other
2565 3005 60 21 hapus
2634 3004 20 17 of
2662 3005 33 16 the
2703 3004 49 17 tribe
2768 3010 21 11 ar-

2363 3027 53 18 rived
2436 3028 26 22 by
2484 3029 60 16 steam
2561 3027 89 18 launches
2666 3028 21 16 at
2707 3027 91 18 Awaliou.

2363 3051 60 17 These
2431 3057 49 11 were
2489 3050 101 18 welcomed
2599 3051 25 21 by
2633 3050 32 17 the
2674 3050 114 23 Ngatirangi-

2364 3074 76 17 wcwelii
2450 3080 20 11 as
2479 3074 46 22 they
2535 3075 27 16 set
2571 3074 42 16 foot
2620 3079 24 11 on
2655 3074 33 16 the
2702 3074 60 17 beach
2775 3074 25 21 by

2364 3097 33 17 the
2406 3097 57 23 firing
2472 3097 20 17 of
2500 3103 50 16 guns
2559 3097 37 17 and
2605 3102 50 12 some
2665 3097 68 22 highly
2747 3102 42 17 spec-

2364 3120 73 17 tacular
2446 3121 64 17 effects
2524 3121 19 16 in
2557 3120 37 17 the-
2604 3120 56 22 shape
2675 3121 20 16 of
2708 3120 60 17 hakas
2781 3120 19 17 in

2365 3144 61 17 whioh
2435 3144 33 17 the
2478 3144 93 17 costumes
2587 3149 47 11 were
2651 3149 51 11 more
2719 3149 69 11 conven-

2365 3166 80 23 tionally
2453 3167 65 17 native
2526 3166 47 18 than
2581 3166 105 23 European.
2712 3166 76 17 Mr'Mal-

2365 3190 43 22 froy
2416 3196 38 11 was
2464 3189 133 23 accompanied
2606 3190 23 21 by
2639 3190 31 16 Mr
2679 3190 21 16 R.
2711 3190 24 16 D.
2747 3189 41 17 Dan-

2365 3219 32 16 sey
2406 3213 43 17 who
2457 3213 55 18 acted
2521 3219 20 11 as
2550 3213 112 22 interpreter
2674 3213 125 23 throughout,

2366 3236 37 17 and
2417 3238 19 15 to
2453 3237 54 16 these
2523 3236 107 23 gentlemen
2644 3236 37 17 and
2695 3237 20 16 to
2729 3236 30 17 all'
2769 3236 33 17 the

2365 3259 111 22 Europeans
2484 3261 77 20 present
2569 3260 19 16 to
2599 3259 31 17 the
2639 3259 80 17 number
2728 3260 20 16 of
2757 3265 44 11 over

2367 3283 33 16 MO
2409 3283 32 17 the
2449 3283 73 17 utmost
2530 3283 95 17 attention
2633 3286 38 13 wiis
2682 3282 51 23 paid.
2763 3283 39 16 The

2366 3305 50 23 body
2430 3306 20 17 of
2463 3306 33 17 the
2510 3305 49 18 dead
2573 3305 50 18 chief
2639 3305 31 23 lay
2687 3305 79 18 coffined
2783 3306 19 16 in

2367 3329 52 17 front
2427 3329 20 17 of
2455 3329 33 17 the
2501 3329 58 17 house
2576 3328 170 19 Wluita-oko-rau,
2761 3334 31 12 sur-

2367 3352 84 17 rounded
2460 3352 26 21 by
2497 3352 33 17 the.
2543 3352 87 17 kirimate
2643 3351 119 23 (mourners),
2771 3352 33 17 the

2367 3377 56 20 party
2432 3375 105 21 consisting
2551 3375 20 17 of
2587 3375 29 17 his
2628 3375 42 17 first
2686 3375 43 17 wife
2743 3372 59 23 Mere,

2368 3399 29 16 his
2406 3398 69 17 second
2484 3398 43 17 wife
2535 3398 92 22 Derailga,
2636 3398 43 17 who
2688 3398 69 17 nursed
2763 3398 43 17 him.

2367 3421 85 21 through
2461 3422 29 16 his
2505 3421 70 18 illness,
2593 3421 29 17 his
2638 3422 37 16 two
2693 3421 109 23 daughters,

2369 3444 136 22 Rangikalieke
2513 3444 39 17 and
2562 3444 112 22 Ngarongo,
2689 3445 29 16 his
2733 3444 60 22 grand-

2369 3467 83 18 children
2462 3467 37 17 and
2508 3467 55 18 other
2572 3467 91 18 relatives.
2698 3468 38 16 The
2751 3467 54 17 usual

2369 3491 112 17 salutations
2489 3491 72 22 having
2573 3490 47 17 been
2633 3490 111 23 exeliangsd
2761 3491 44 16 here

2369 3514 32 16 Mr
2408 3514 100 21 Malfroy's
2517 3515 56 21 party
2581 3519 49 11 were
2638 3514 72 17 invited
2719 3516 20 15 to
2752 3515 54 15 enter

2369 3537 32 17 the
2410 3537 58 17 house
2477 3537 25 16 Te
2510 3537 57 17 Purei
2577 3537 61 17 where
2647 3543 10 11 a
2664 3538 64 21 repast
2735 3537 70 17 cooked

2369 3560 19 17 in
2398 3560 64 17 native
2472 3559 75 18 fashion
2555 3559 37 18 had
2606 3559 46 18 been
2668 3560 91 22 prepared
2776 3560 30 17 for

2369 3583 52 17 them
2434 3589 25 11 on
2474 3589 11 11 a
2502 3584 50 16 most
2567 3583 95 17 elaborate
2679 3583 55 17 scale.
2767 3582 39 18 The

2369 3606 112 23 hospitality
2489 3606 21 17 of
2517 3606 35 17 the
2558 3606 73 17 natives
2640 3612 38 11 was
2691 3606 39 17 also
2746 3606 60 22 freely

2369 3629 105 23 responded
2483 3631 20 15 to
2512 3629 25 22 by
2546 3629 33 17 the
2587 3629 55 17 other
2650 3629 74 17 visitors
2730 3631 76 21 present

2370 3653 38 16 and
2416 3652 33 17 the
2458 3658 58 16 raiipo
2526 3653 69 16 strewn
2612 3652 46 17 floor
2675 3657 37 12 was
2729 3650 77 24 quickly

2370 3675 95 22 thronged
2482 3675 26 22 by
2525 3681 11 11 a
2555 3676 44 16 host
2616 3676 23 16 of'
2656 3676 64 21 guests
2744 3675 62 17 whose

2371 3699 98 21 appetites,
2484 3698 104 22 sharpened
2610 3699 25 21 by
2655 3704 24 11 an
2697 3698 109 23 eight-mile

2371 3721 61 20 drive,,
2439 3721 54 17 made
2502 3721 51 17 them
2562 3721 79 18 careless
2649 3722 21 17 of
2679 3721 33 17 the
2726 3721 80 17 absence

2359 3744 1 23 ;
2371 3745 20 16 of
2399 3744 58 21 forks,
2467 3744 61 23 plates
2536 3750 21 11 or
2565 3744 51 17 table
2628 3744 88 23 napkins.
2746 3744 60 22 Many

2371 3768 96 17 doubtless
2475 3767 77 17 entered
2560 3767 33 17 the
2602 3768 56 16 house
2674 3769 33 15 out
2723 3767 20 17 of
2756 3773 50 11 mere

2371 3791 89 21 curiosity
2468 3791 37 16 but
2512 3791 33 16 the
2554 3796 54 12 savor
2616 3791 19 16 of
2648 3790 33 17 the
2693 3790 67 18 viands
2776 3791 20 16 in-

2371 3813 60 18 duced
2444 3813 52 18 them
2512 3815 19 16 to
2548 3815 42 20 stay
2604 3813 37 17 and
2657 3814 36 16 eat.
2728 3813 31 17 Mr
2776 3813 30 18 W.

2371 3837 73 22 Rogers
2458 3836 84 18 received
2559 3836 32 17 the
2608 3838 64 21 guests
2690 3836 38 18 and
2741 3837 55 22 apolo-

2372 3859 53 23 gised
2434 3860 30 16 for
2472 3860 33 16 the
2513 3859 95 23 primitive
2618 3860 47 21 stylo
2674 3859 20 17 in
2703 3859 62 18 which
2775 3860 31 16 the

2373 3881 47 19 feast
2425 3888 38 11 was
2468 3882 72 22 served,
2548 3883 33 16 but
2587 3883 38 16 this
2632 3888 38 12 was
2675 3888 131 17 unnecessary,

2373 3906 35 20 for,
2418 3912 20 11 as
2446 3911 36 12 one
2491 3906 19 16 of
2520 3906 32 16 the
2557 3907 64 21 guests
2636 3906 104 20 remarked,
2748 3912 21 11 as
2784 3906 22 16 110

2372 3928 65 23 poised
2446 3935 10 11 a
2465 3928 106 23 cunningly
2585 3928 97 18 contrived
2695 3929 29 17 kit
2739 3929 39 17 full'
2789 3929 17 17 of

2354 3952 1 22 1
2373 3952 109 22 deliciously
2491 3952 70 16 cooked
2570 3953 85 21 potatoes
2672 3952 19 16 in
2705 3958 36 11 one
2757 3952 49 16 hand

2354 3975 1 23 '
2373 3975 38 17 and
2420 3981 25 11 nn
2460 3975 108 22 appetising
2581 3975 52 22 piece
2648 3975 19 17 of
2680 3975 49 23 pork
2742 3975 18 16 in
2776 3975 30 17 the

2373 3998 60 21 other,
2444 3998 16 17 it
2472 4004 38 11 was
2524 3998 32 17 the
2569 4000 52 15 utter
2639 3998 78 17 absence
2729 3998 20 17 of
2763 4003 33 12 con-

2373 4021 126 22 ventionality
2507 4021 61 17 which
2578 4027 47 16 gave
2633 4021 16 17 it
2657 4027 11 11 a
2677 4022 44 16 zest.

2397 4045 39 16 The
2445 4044 83 22 feasting
2543 4044 103 17 concluded
2662 4050 11 11 a
2689 4045 66 16 return
2770 4050 36 11 was

2374 4067 54 17 made
2453 4068 21 16 to
2491 4067 32 17 the
2544 4073 48 16 open
2609 4073 54 16 space
2679 4067 25 16 itv
2719 4067 57 17 front'
2790 4067 16 17 of

2354 4089 1 19 i
2587 4090 50 17 Hero
2662 4089 73 18 Eruera
2761 4090 45 17 Hori

2354 4113 1 22 .
2375 4113 89 21 formally
2472 4113 111 17 introduced
2599 4113 28 16 Mr
2642 4113 85 22 Malfroy
2742 4114 20 16 to
2778 4113 28 17 the

2354 4135 1 23 j
2375 4135 123 23 assemblage.
2524 4135 31 18 He
2567 4135 40 18 said
2615 4136 15 17 it
2639 4142 39 11 was
2686 4135 66 23 fitting
2768 4136 38 17 that

2376 4159 49 15 the'
2425 4159 120 15 Government
2554 4158 67 16 should
2630 4159 51 15 send'
2689 4163 88 11 someone
2789 4160 17 14 to

2814 144 67 11 mourn
2890 138 46 17 with
2951 139 52 17 them
3018 146 44 10 over
3077 140 50 17 their
3140 141 47 16 dead
3202 141 50 19 chief

2814 161 30 16 for
2860 161 23 16 he
2900 162 36 16 had
2951 162 48 16 done
3014 163 55 18 much
3085 164 29 16 for
3131 164 32 17 the
3180 164 71 19 QuYen,

2813 184 52 22 They
2875 185 119 22 appreciated
3004 186 37 17 this
3050 186 156 23 thoughtfulness
3214 190 34 16 and

2814 213 48 10 were
2876 208 45 22 glad
2938 208 42 16 that
2997 209 32 16 Mr
3045 209 84 23 Malfroy
3146 210 37 18 had
3205 211 43 19 been

2814 231 67 16 chosen
2893 237 19 10 as
2922 231 49 16 their
2980 234 151 19 representative,
3143 234 30 15 for
3182 234 22 16 lie
3215 240 34 11 was

2814 259 35 11 one
2859 254 48 17 from
2917 254 61 18 whom
2988 255 45 21 they
3042 256 37 17 had
3088 257 71 21 always
3168 257 80 19 received

2814 277 56 17 much
2881 276 96 19 kindness*
3001 278 30 17 He
3040 284 38 12 was
3089 279 69 18 indeed
3166 285 11 12 a
3189 280 64 19 father

2814 301 20 16 to
2842 301 33 16 the
2885 302 73 15 Arawa.

2837 323 32 16 Mr
2878 323 84 23 Malfroy
2971 323 146 24 acknowledged
3127 326 32 17 the
3172 328 66 21 compli-

2814 350 52 13 ment
2875 347 43 21 paid
2929 351 19 12 to
2960 348 80 19 himself,
3056 349 37 16 mill
3107 349 95 23 regretted
3220 350 33 19 the

2813 370 80 16 absence
2902 370 20 16 of
2931 370 31 17 Mr
2973 370 109 21 Wilkinson,
3092 373 20 16 of
3118 372 32 18 the
3157 372 91 23 Waikato,

2814 393 42 17 who
2865 393 38 17 had
2912 393 46 17 been
2968 394 102 22 appointed
3079 397 20 15 to
3108 398 31 15 act
3153 397 44 16 with
3204 397 45 19 him.

2814 416 37 17 and
2860 416 62 17 whose
2931 417 112 24 knowledge
3057 419 22 16 of
3091 419 63 17 Maori
3169 422 80 15 customs

2814 439 63 17 would
2886 440 47 16 have
2943 440 45 17 been
2998 441 20 16 of
3027 442 55 17 much
3088 442 114 24 advantage.
3213 444 36 17 The

2814 463 128 17 Government
2951 463 48 22 fully
3009 466 107 19 recognised
3124 466 32 18 the
3163 466 60 18 worth
3231 468 19 17 of

2814 485 32 17 the
2855 485 90 23 departed
2954 486 50 18 cuicf
3013 487 42 17 who
3063 488 38 18 had
3110 489 47 17 been
3166 490 49 21 loyal
3231 492 19 16 to

2814 508 32 18 the
2864 510 64 17 Queen
2942 510 37 17 and
2994 511 21 16 of
3027 513 55 19 great
3096 513 70 16 service
3182 515 20 15 to
3219 513 31 17 the

2814 532 103 22 European'
2924 533 80 17 settlers,
3034 531 90 26 through
3138 535 30 18 his
3180 536 60 17 instru-

2815 555 99 22 mentality
2928 562 57 16 many
3000 557 20 17 of
3034 557 31 17 the
3081 558 55 18 roads
3150 558 38 18 had
3204 559 44 18 been

2814 577 71 23 opened
2907 584 32 17 up.
2977 579 60 23 Apart
3056 581 48 17 from
3127 582 29 17 his
3173 583 76 17 services

2814 602 105 21 politically
2929 602 27 17 Wi
2967 602 75 19 Maihi's
3058 610 56 12 name
3128 604 88 19 deserved
3231 607 19 16 to

2814 624 23 18 be
2846 625 88 17 recorded
2943 626 19 16 in
2971 626 72 21 history
3053 628 30 16 for
3090 628 33 17 the
3128 629 18 16 in
3150 629 98 17 formation

2815 648 22 16 he
2846 648 37 16 had
2893 648 94 23 imparted
2996 652 20 14 to
3023 650 29 16 Sir
3060 651 74 22 George
3140 652 50 21 Grey
3197 652 53 18 while

2814 671 87 23 engaged
2910 672 18 16 in
2938 671 32 19 the
2979 673 122 21 compilation
3118 675 20 17 of
3154 675 29 17 his
3200 676 51 16 work

2815 700 22 11 on
2849 695 60 16 Maori
2922 694 103 24 legendary
3040 696 44 18 lore.
3110 698 21 17 It
3147 704 48 14 {rave
3211 698 39 19 hiin

2815 717 40 23 (Mr
2875 718 91 22 Malfroy)
2988 718 84 23 pleasure
3093 722 19 16 to
3135 721 57 18 know
3210 721 37 18 that

2815 741 55 16 while
2880 741 28 17 Wi
2923 742 60 16 Maihi
2997 748 37 12 was
3049 749 20 11 so
3084 744 84 21 friendly
3183 746 21 16 to
3218 745 32 17 the

2814 764 75 22 psukchft
2896 764 25 18 he
2928 764 40 18 Iwid
2975 767 34 16 not
3016 765 39 18 lost
3062 766 33 18 the
3110 763 107 22 confidence
3232 769 19 17 of

2814 788 29 16 his
2852 787 48 18 tribe
2910 788 60 17 which
2980 795 38 11 was
3030 790 54 17 made
3098 792 50 16 most
3161 791 50 18 clear
3226 791 24 23 l.y

2815 811 32 17 the
2856 813 87 20 presence
2952 812 20 16 of
2980 817 21 11 so
3009 818 58 17 many
3076 813 59 18 chiefs
3143 816 72 17 around
3223 815 27 18 his

2814 834 46 17 bier.
2886 834 30 18 He
2926 840 37 11 was
2972 835 39 17 also
3021 835 44 23 glad
3079 837 23 17 b>
3113 843 30 11 see
3158 844 20 10 so
3195 844 56 17 many

2815 857 109 23 Europeans
2935 859 81 21 present.
3042 858 56 20 Some
3102 859 45 22 had,
3153 866 26 12 no
3184 861 64 21 doubt,

2814 887 9 11 e
2832 886 35 12 imo
2884 883 33 15 out
2933 882 21 16 of
2969 882 95 22 curiosity,
3082 883 35 17 but
3134 884 53 18 there
3203 891 50 12 were

2814 910 58 15 many
2881 905 75 21 present
2964 905 84 17 desirous
3056 906 21 17 of
3092 906 74 24 paying
3180 911 68 20 respect

2816 926 18 18 to
2844 926 31 18 the
2886 933 82 15 memory
2978 929 20 16 of
3006 929 31 16 the
3048 931 53 17 efreat
3110 931 55 17 chief.

2837 950 26 17 To
2872 950 73 17 Pokiha
2953 946 81 23 taranui
3043 952 73 22 (Major
3124 954 55 22 Fox),
3195 955 56 17 Hemi

2815 976 18 14 fe
2842 971 80 24 TAipafra,
2933 974 39 17 Ana
2976 974 25 17 ha
3010 976 18 16 te
3037 975 62 18 Rahui
3108 977 38 16 and
3160 978 91 22 Matenga

2815 998 18 15 <e
2843 996 93 18 WahaToa
2945 997 87 18 followed
3041 998 19 18 in
3070 1000 87 21 speeches
3169 993 71 30 eulogis-

2814 1020 26 17 tic
2849 1020 20 17 of
2881 1020 33 17 the
2922 1021 90 21 departed
3022 1022 55 17 chief.
3103 1023 39 17 The
3151 1024 58 17 hitter
3222 1031 19 11 re-

2815 1043 60 16 ferred
2885 1045 19 14 to
2914 1040 28 21 Wi
2953 1044 76 17 Maihi's
3037 1045 80 19 services
3122 1047 20 17 to
3147 1044 34 21 the
3190 1047 48 18 Euro-

2813 1072 59 16 peans
2881 1066 36 18 and
2933 1065 46 21 said',
3015 1068 18 16 It
3049 1068 16 17 is
3082 1069 65 22 owing
3163 1071 20 16 to
3199 1070 52 19 these

2813 1089 66 24 things
2897 1090 41 16 that
2956 1096 27 11 wo
3000 1091 33 17 ask
3050 1092 43 17 that
3109 1099 12 11 a
3136 1095 77 20 request
3229 1095 21 16 he

2814 1113 87 21 granted.
2916 1113 35 17 Let
2960 1120 10 10 a
2980 1115 96 17 memorial
3083 1117 53 16 stone
3145 1117 23 16 be
3178 1119 72 16 erected

2814 1138 20 14 to
2843 1136 29 16 his
2881 1141 90 17 memory.
2997 1137 36 17 Let
3041 1138 15 17 it
3065 1138 23 17 be
3098 1139 69 23 stately
3181 1141 37 16 and
3232 1143 19 15 of

2814 1159 51 21 good
2879 1159 84 18 material
2979 1166 20 10 so
3016 1160 42 18 that
3074 1167 35 11 our
3123 1163 69 22 youths
3208 1169 42 17 may

2814 1182 44 18 look
2867 1188 26 16 up
2902 1184 20 15 to
2930 1185 15 15 rt
2954 1183 38 17 and
3001 1184 22 16 be
3036 1184 83 23 inspired
3131 1186 21 18 to
3170 1186 80 20 emulate

2815 1206 32 16 the
2856 1206 56 17 deeds
2921 1206 20 17 of
2946 1206 49 17 their
3001 1209 92 16 ancestor.
3114 1209 36 17 Let
3159 1209 33 17 the
3198 1211 52 16 stone

2814 1229 23 16 be
2847 1230 34 21 got
2889 1230 49 16 from
2947 1228 92 24 England
3047 1228 37 20 and
3090 1233 34 16 not
3130 1232 48 17 from
3187 1233 49 18 Auck-

2837 1275 33 17 Mr
2885 1275 83 23 Malfroy
2986 1277 39 16 said
3042 1277 23 17 he
3082 1279 64 17 would
3163 1279 88 19 transmit

2815 1298 50 17 their
2877 1301 75 20 request
2969 1301 20 15 to
3004 1300 32 17 the
3054 1301 134 18 Government.
3222 1301 30 20 He

2814 1322 102 23 suggested
2925 1322 87 18 however
3020 1324 42 17 that
3075 1324 46 22 they
3135 1326 68 17 should
3217 1330 33 13 not

2813 1345 24 17 be
2846 1345 42 17 rash
2898 1345 19 17 in
2930 1346 32 16 the
2976 1348 69 15 matter
3058 1347 35 17 but
3106 1348 69 18 should
3189 1349 62 18 decide

2813 1368 85 17 between
2907 1366 112 21 themselves
3027 1370 97 23 definitely
3134 1373 51 17 what
3194 1373 56 22 shape

2813 1392 38 16 and
2860 1392 19 16 in
2890 1392 50 17 what
2949 1392 53 23 place
3010 1393 45 21 they
3063 1395 63 16 would
3132 1395 38 17 like
3177 1397 19 16 to
3204 1397 47 16 have

2815 1414 31 18 the
2856 1416 53 16 stone
2917 1416 80 17 erected.
3023 1416 35 18 His
3067 1423 65 12 reason
3143 1419 30 16 for
3185 1419 66 23 giving

2814 1438 37 16 this
2861 1438 64 18 advice
2935 1445 37 11 was
2982 1439 42 17 that
3032 1440 52 18 there
3094 1441 37 17 had
3140 1441 47 18 been
3194 1442 19 17 in
3223 1442 28 18 his

2814 1461 53 17 office
2881 1462 29 17 for
2923 1462 33 17 the
2969 1462 38 17 last
3021 1463 43 17 four
3080 1470 54 16 years
3151 1471 12 11 a
3180 1465 70 19 marble

2814 1484 60 17 tablet
2884 1486 19 15 to
2917 1485 32 17 the
2961 1491 84 17 memory
3058 1487 21 16 of
3095 1487 48 18 Paul
3157 1489 94 17 Amahou.

2815 1508 147 21 Complications
2975 1509 36 17 had
3026 1510 59 17 arisen
3100 1516 21 12 as
3134 1512 20 17 to
3171 1512 24 17 its
3212 1512 29 17 dis-

2813 1531 61 22 posal,
2891 1538 50 10 some
2956 1532 84 23 desiring
3052 1535 25 15 its
3088 1534 83 18 erection
3185 1535 21 17 in
3220 1536 31 17 the

2814 1554 75 17 Church
2899 1555 37 16 and
2945 1555 63 18 others
3017 1557 93 23 opposing
3119 1557 20 19 it;
3154 1564 25 10 no
3186 1559 55 17 settle-

2814 1579 53 15 ment
2875 1578 36 16 had
2920 1580 29 20 yet
2957 1578 47 17 been
3012 1579 72 18 arrived
3091 1581 26 21 at,
3124 1581 37 17 and
3168 1581 15 17 it
3189 1582 62 17 would

2813 1600 26 17 bit
2846 1607 11 11 a
2865 1601 42 22 pity
2916 1601 15 17 if
2939 1602 72 17 similar
3018 1603 143 22 complications
3169 1611 53 11 arose
3231 1606 19 16 in

2814 1624 33 17 the
2856 1625 76 21 present
2943 1629 48 14 case.

2840 1647 90 23 Matenga
2947 1649 19 16 te
2987 1648 92 19 Waharoa
3100 1651 51 17 said:

2815 1670 38 17 will
2862 1670 23 17 he
2894 1677 24 10 no
2928 1671 97 23 difficulty.
3052 1673 50 17 Here
3112 1680 31 10 are
3156 1673 32 19 tho
3203 1675 48 16 tribe

2815 1694 19 16 of
2851 1694 32 16 tin-
2897 1693 67 18 Arawa
2982 1696 109 18 assembled.
3126 1697 9 17 I
3153 1698 48 17 shall
3218 1698 32 17 ask

2814 1717 53 17 them
2881 1723 43 11 now
2942 1717 15 17 if
2974 1718 32 17 the
3022 1721 111 16 monument
3148 1720 68 18 should
3230 1722 21 16 be

2814 1740 74 17 erected
2897 1741 19 16 in
2925 1741 32 16 the
2966 1743 51 15 town
3027 1743 20 16 of
3053 1743 90 21 Rotorua,
3155 1744 18 16 in
3183 1745 68 17 Arawa

2922 1764 15 17 A
2947 1766 111 17 unanimous
3069 1768 62 16 assent
3143 1773 39 11 was
3196 1767 55 23 given

2814 1787 20 17 to
2849 1787 39 17 this
2901 1788 116 22 proposition
3031 1789 25 21 by
3073 1790 54 17 those
3140 1791 110 17 assembled.

2814 1807 60 20 Three
2891 1811 63 17 cheers
2970 1817 49 11 were
3036 1812 44 18 then
3098 1813 55 23 given
3171 1814 30 17 for
3218 1814 31 18 the

2815 1834 64 18 Queen
2889 1834 37 17 and
2935 1834 52 17 three
2997 1835 29 16 for
3035 1836 32 16 Mr
3075 1835 84 25 Malfroy
3168 1837 37 17 and
3214 1838 37 16 this

2814 1858 41 21 pari
2866 1858 20 16 of
2895 1857 31 17 the
2935 1858 86 17 function

2838 1879 38 18 The
2886 1880 53 23 tangi
2955 1880 39 18 still
3009 1882 98 17 continues
3124 1884 38 16 and
3178 1884 72 17 natives

2814 1910 32 10 are
2854 1903 83 24 flocking
2946 1904 19 17 in
2975 1905 49 17 from
3032 1905 33 18 the
3080 1906 48 17 East
3142 1907 57 17 Coast
3214 1907 37 17 and

2815 1927 99 16 elsewhere
2923 1931 55 18 every
2992 1928 42 22 day.
3067 1929 28 17 On
3112 1929 94 24 Saturday
3221 1931 30 17 Mr

2814 1950 83 22 Malfroy
2919 1951 56 21 again
2997 1952 103 21 proceeded
3122 1954 20 16 to
3159 1948 91 23 Aw'ahou.

2815 1973 121 17 Archdeacon
3058 1976 37 17 and
3111 1976 32 18 the
3158 1976 55 18 Revs.
3229 1978 21 16 F.

2815 1997 26 16 11.
2857 1997 81 21 Spencer
2951 1997 37 17 and
3002 1998 84 18 R'aihcka
3102 2000 85 17 Haumia
3203 2006 47 12 were

2814 2021 77 20 present
2902 2021 19 16 to
2935 2020 83 18 conduct
3030 2021 32 17 the
3077 2023 73 17 funeral
3166 2023 84 18 services.

2814 2041 40 19 The
2874 2043 121 18 Archdeacon
3017 2051 47 16 gave
3084 2052 24 11 an
3135 2046 77 17 address
3232 2048 18 16 in

2815 2065 62 19 Maori
2887 2067 58 17 which
2956 2073 38 11 was
3009 2068 78 18 listened
3102 2070 20 16 to
3139 2070 111 23 attentively

2814 2090 26 22 by
2849 2089 25 18 all
2884 2092 80 20 present.
2978 2091 26 16 At
3009 2091 25 17 its
3043 2093 108 17 conclusion
3159 2093 33 17 the
3201 2093 50 23 body

2817 2118 37 11 was
2862 2113 66 22 placid
2936 2114 19 16 in
2965 2121 9 10 a
2989 2114 45 17 boat
3051 2115 30 17 for
3097 2122 118 16 conveyance
3231 2119 20 15 to

2815 2136 32 17 the
2856 2136 53 21 place
2917 2137 21 17 of
2950 2137 96 23 sepulture
3060 2145 24 10 on
3098 2138 32 18 (lie
3144 2138 95 25 Orangika-

2815 2160 32 16 lmi
2856 2159 66 22 height
2932 2160 55 18 about
2999 2161 51 17 t'.rec
3061 2162 53 17 miles
3123 2159 77 21 distant!
3226 2164 25 16 At

2815 2183 32 17 the
2856 2182 112 23 embarking
2977 2183 52 23 plane
3041 2185 64 19 vollies
3121 2186 20 16 of
3156 2186 95 22 musketry

2815 2212 48 11 were
2872 2206 46 17 fired
2928 2206 36 17 and
2978 2207 31 17 the
3023 2206 109 20 dead'chief,
3149 2210 102 17 somewhat

2815 2230 50 16 after
2873 2230 32 16 the
2914 2229 33 17 the
2959 2236 78 12 manner
3051 2232 21 16 of
3085 2232 32 17 tho
3131 2232 60 18 Xorsc
3205 2232 34 18 Vik-

2815 2252 49 23 ings,
2875 2258 38 11 was
2922 2255 42 15 sent
2973 2253 50 17 forth
3032 2260 24 11 on
3066 2255 32 17 the
3105 2255 66 18 bosom
3185 2256 21 17 of
3220 2256 31 17 the

2817 2277 72 17 wafers,
2900 2276 46 17 with
2956 2282 11 11 a
2976 2277 82 18 farewell
3069 2279 56 16 chant
3135 2280 48 16 from
3200 2279 51 17 these

2816 2296 105 21 assembled
2937 2305 23 11 on
2979 2300 31 17 the
3029 2300 60 19 shore.
3123 2302 40 17 The
3180 2303 71 16 clerical

2815 2323 57 22 party
2893 2322 103 22 proceeded
3016 2330 24 10 on
3058 2324 103 19 horseback
3183 2327 21 15 to
3221 2326 30 17 tho

2815 2346 54 22 place
2879 2347 19 15 of
2914 2346 108 18 interment.
3047 2348 39 16 The
3100 2348 62 18 burial
3179 2349 73 22 ground

2816 2375 23 10 on
2849 2369 33 17 the
2891 2369 77 18 summit
2978 2370 19 17 of
3011 2369 130 23 Orangikahui
3155 2372 34 17 has
3206 2372 45 17 been

2816 2392 46 17 used
2871 2393 30 16 for
2909 2392 43 17 that
2964 2398 80 17 purpose
3060 2395 49 17 from
3124 2395 47 17 time
3186 2395 52 18 imme-

2816 2415 67 18 morial
2892 2415 25 23 by
2926 2416 32 17 the
2971 2416 200 23 Ngatiranfriwewehi.
3202 2419 50 17 Here

2816 2439 33 17 lies
2860 2439 31 16 the
2905 2439 150 23 warrior-priest,
3066 2441 86 20 Hikaiio,
3161 2442 42 17 who
3216 2448 37 10 was

2816 2462 110 18 nominated
2935 2469 20 10 as
2968 2463 52 21 King
3036 2464 58 23 along
3110 2465 45 17 with
3171 2465 82 18 Potatau

2817 2486 38 16 and
2863 2486 82 21 rejected
2954 2486 19 17 in
2983 2486 28 17 his
3020 2486 60 19 favor,
3105 2488 81 17 nikairo
3196 2495 37 11 was
3242 2494 11 11 a

2817 2509 50 22 great
2881 2509 85 17 cannibal
2976 2510 37 16 and
3022 2512 64 21 report
3102 2512 59 17 states
3176 2512 42 17 that
3230 2512 23 17 he

2817 2532 71 27 always
2896 2532 46 23 kupt
2951 2532 32 18 tho
2992 2534 190 23 carcase;of.aplump
3187 2540 66 17 enemy

2817 2555 87 23 hanging
2912 2556 19 16 in
2946 2556 52 17 front,
3011 2556 25 17 of
3045 2554 29 20 his
3091 2558 63 17 wdiare
3171 2558 46 17 door
3233 2564 20 11 so

2817 2578 43 17 that
2875 2578 23 17 he
2915 2579 54 17 could
2983 2579 44 17 take
3041 2587 11 10 a
3069 2581 67 16 tender
3218 2582 36 16 and

2981 2603 35 16 His
3025 2609 34 11 son
3068 2604 82 18 William
3168 2604 85 21 Hikairo,

2818 2625 43 17 wdio
2870 2625 39 16 also
2917 2625 34 17 lies
2959 2625 66 18 buried
3034 2627 59 21 there,
3103 2634 39 10 was
3154 2634 12 10 a
3180 2634 42 11 mai>
3236 2628 19 17 of

2818 2653 11 12 a
2840 2648 65 17 milder
2914 2648 111 22 disposition
3036 2650 37 17 and
3090 2656 38 12 was
3143 2653 110 20 permanent

2818 2672 64 16 native
2891 2678 80 11 assessor
2980 2672 59 17 under
3047 2673 65 21 Judge
3122 2671 80 21 Jenton.

2875 2728 122 19 ROTORUA
3009 2728 91 19 JOCKEY
3115 2728 75 19 CLUB.

2843 2776 39 16 The
2891 2775 90 18 stewards
2991 2776 19 17 of
3018 2776 32 18 the
3060 2776 59 19 above
3128 2777 44 18 club
3184 2779 39 16 mot
3236 2779 20 16 at

2820 2798 58 18 Lake*
2881 2798 66 18 House
2955 2799 37 17 last
3002 2799 68 24 Friday
3080 2801 55 22 night
3144 2801 55 17 whon
3203 2801 53 17 there

2820 2827 49 12 wore
2883 2818 179 30 present—Messrs'
3068 2822 99 19 Williams,
3182 2823 72 25 (chair),

2821 2844 81 24 Dansey;
2925 2846 89 19 Fortune;
3033 2845 102 22 Henshaw,
3153 2848 54 16 Watt
3220 2847 36 18 and

2824 2868 104 23 TTrquhart,
2938 2868 44 18 lion.
2993 2875 35 11 son.
3054 2867 38 21 Thd
3109 2870 147 21 balance-sheet,

2821 2897 39 11 was
2877 2890 103 20 submitted
2995 2892 24 23 by
3029 2892 32 18 the
3076 2895 99 19 treasurer,
3186 2894 31 17 Mr
3234 2894 22 17 E.

2821 2915 24 16 D.
2864 2914 82 23 Dansdy,
2961 2915 38 18 and
3015 2916 134 23 unanimously
3170 2917 86 23 adopted.

2822 2938 19 16 It
2850 2938 63 17 shows
2921 2943 10 12 a
2941 2939 57 21 profit
3007 2939 19 16 of
3035 2945 45 11 over
3088 2938 37 19 £ls
3136 2946 24 11 on
3169 2940 33 18 the
3211 2940 46 17 hack

2822 2961 89 23 meeting,
2919 2961 61 18 which
2987 2968 37 11 was
3031 2962 108 19 considered
3148 2965 48 15 most
3203 2964 45 16 satis-

2822 2985 80 21 factory.
2928 2985 20 16 It
2956 2990 39 12 was
3004 2986 61 16 stated
3075 2986 40 17 that
3125 2987 39 16 two
3173 2992 22 12 or
3205 2987 53 17 three

2822 3007 136 23 subscriptions
2967 3005 62 21 which
3038 3009 55 17 could
3107 3009 23 17 bo
3144 3009 61 23 safely
3219 3016 29 11 rec-

2822 3030 62 18 koned
2894 3036 22 12 on
2926 3031 38 17 had
2973 3033 32 20 yet
3017 3033 20 16 to
3053 3038 52 11 conic
3118 3032 21 17 in
3153 3033 38 16 and
3207 3033 51 17 these

2823 3054 62 16 would
2895 3055 52 15 swell
2956 3054 32 18 the
2997 3055 78 18 balance
3083 3056 19 17 in
3113 3056 50 18 hand
3173 3058 20 15 to
3202 3056 60 18 about

2824 3077 43 17 £27.
2894 3077 18 17 It
2922 3083 38 11 was
2969 3077 76 18 decided
3055 3081 20 14 to
3085 3085 38 16 pay
3137 3079 33 17 Mr
3183 3079 76 23 Dansey

2823 3105 11 12 a
2843 3106 40 11 sum
2894 3100 19 17 of
2922 3100 38 17 £2O
2969 3107 24 10 on
3002 3103 80 16 account
3094 3102 21 17 of
3127 3103 43 16 loan
3184 3102 76 24 reaving

2824 3129 11 11 a
2842 3123 79 18 balance
2928 3124 21 17 of
2956 3121 27 20 £i
2995 3125 29 16 Kls
3034 3126 20 16 to
3063 3124 24 18 lie
3100 3126 32 21 yet
3146 3126 44 17 met.
3221 3126 38 17 The

2824 3147 54 16 usual
2892 3147 86 21 gratuity
2992 3147 20 17 of
3027 3147 31 18 £o>
3067 3154 39 11 was
3122 3149 57 17 voted
3195 3150 19 16 to
3228 3149 31 17 the

2823 3170 45 17 hon.
2887 3171 101 21 secretary.
3019 3170 32 18 Mr
3067 3171 86 18 Dowsctt
3170 3178 39 11 was
3226 3178 22 16 ap-

2824 3192 78 23 pointed
2918 3193 75 17 auditor
3008 3194 37 17 and
3059 3194 16 17 it
3091 3201 38 10 was
3146 3194 77 19 decided
3241 3197 18 15 to

2825 3216 76 22 publish
2909 3216 33 17 the
2950 3216 143 18 balance-sheet
3102 3218 59 22 along
3170 3218 45 18 with
3229 3218 32 18 list

2826 3241 19 15 of
2854 3239 114 17 subscribers
2977 3240 30 16 for
3015 3241 64 21 public
3085 3241 129 18 information.

2849 3263 16 16 A
2875 3262 55 17 letter
2939 3267 38 13 was
2986 3263 44 17 read
3043 3264 49 17 from
3106 3265 70 16 Messrs
3191 3265 70 17 Adams

2825 3285 37 17 and
2872 3286 96 17 Andrews,
2979 3284 107 20 tbtalisator
3103 3289 73 20 agents,
3195 3288 66 22 asking

2825 3309 15 16 if
2850 3309 31 16 the
2891 3309 55 16 Hack
2955 3308 50 19 Race
3017 3309 87 24 Meeting
3118 3317 39 11 was
3173 3311 88 17 intended

2826 3333 20 16 to
2861 3331 44 18 take
2919 3332 32 17 the
2968 3332 53 22 place
3034 3333 21 17 of
3070 3333 33 17 the
3120 3334 76 17 Annual
3214 3335 48 17 Race

2827 3352 86 30 Meeting
2921 3356 37 15 and
2969 3356 15 16 if
2992 3356 42 17 that
3045 3362 49 11 were
3108 3363 27 13 so,
3151 3357 38 17 and
3202 3357 16 17 if
3231 3358 31 17 the

2828 3376 48 19 Club
2885 3378 33 17 did
2927 3380 33 16 not
2970 3379 65 17 obtain
3043 3380 33 16 the
3084 3385 98 17 necessary
3189 3380 64 19 totalis-

2828 3403 16 15 at
2848 3407 21 11 or
2878 3401 68 22 permit
2955 3402 38 16 this
3002 3408 44 15 year
3055 3403 53 17 there
3124 3403 64 17 would
3202 3404 23 17 be
3238 3410 24 11 no

2828 3424 69 18 chance
2906 3424 21 18 of
2934 3424 101 24 obtaining
3042 3425 17 18 it
3069 3427 47 17 next
3130 3432 51 16 year,
3197 3433 20 11 as
3231 3427 37 17 the

2828 3448 133 22 arrangement
2970 3448 19 17 in
2998 3449 68 21 regard
3075 3450 20 16 to
3106 3450 78 21 permits
3193 3456 37 11 was
3243 3452 20 15 to

2829 3470 87 17 continue
2925 3471 30 16 for
2961 3471 53 17 three
3019 3477 60 16 years.
3104 3472 52 22 They
3163 3473 99 23 suggested

2829 3494 42 16 that
2879 3494 72 16 instead
2968 3495 20 16 of
3001 3495 123 22 abandoning
3140 3496 21 16 th
3169 3494 3 25 j
3189 3497 74 22 regular

2829 3517 83 22 meeting
2928 3517 33 17 the
2978 3517 48 18 Club
3042 3518 68 18 should
3128 3519 141 18 communicate

2829 3540 46 17 with
2883 3540 33 17 the
2927 3538 71 19 A.E.C.
3008 3541 37 16 and
3054 3542 40 17 also
3103 3542 46 17 with
3158 3542 50 17 their
3214 3543 39 16 dele-

2829 3564 44 20 gate
2882 3564 20 16 to
2911 3563 33 17 the
2953 3563 114 19 Conference
3076 3564 89 25 pointing
3174 3567 33 15 out
3221 3566 41 17 that

2829 3587 46 21 they
2883 3592 49 11 were
2941 3587 79 16 entitled
3030 3587 25 22 By
3065 3588 33 16 tlio
3107 3588 82 17 decision
3198 3589 20 17 of
3231 3589 33 17 the

2829 3610 114 16 Conference
2952 3610 20 16 to
2981 3615 38 11 one
3025 3610 108 18 totalisator
3146 3612 74 21 permit.
3246 3612 18 18 If

2829 3632 120 23 represented
2956 3632 89 23 properly
3053 3630 27 26 by
3093 3634 32 17 the
3139 3635 83 16 member
3236 3636 28 16 for

2829 3655 32 17 the
2871 3655 73 17 district
2949 3655 24 17 to.
2979 3656 31 16 the
3018 3655 85 19 Colonial
3109 3657 98 23 Secretary
3213 3658 49 17 there

2829 3684 39 11 was
2876 3678 49 17 little
2934 3678 60 17 doubt
3008 3679 42 17 that
3068 3679 32 18 the
3116 3681 70 21 permit
3202 3681 61 17 would

2829 3700 23 18 be
2860 3701 63 17 issued
2931 3702 38 16 and
2978 3701 212 20 the-recommendation
3200 3705 20 16 of
3233 3705 31 16 the

2829 3724 115 18 Conference
2953 3725 71 17 carried
3033 3727 33 15 out
3073 3726 61 18 which
3141 3727 62 17 would
3211 3728 53 16 make

2829 3747 51 17 their
2887 3747 83 24 meeting
2979 3754 9 10 a
2998 3748 70 18 fixture
3076 3749 31 17 for
3114 3754 55 17 years
3177 3752 20 15 to
3207 3756 55 12 come.

2829 3771 20 16 It
2857 3776 38 11 was
2904 3771 77 17 decided
2996 3772 19 16 to
3031 3772 53 17 write
3098 3774 20 15 to
3133 3773 32 17 the
3180 3774 84 17 Colonial

2830 3792 103 24 Secretary,
2944 3794 83 21 through
3033 3794 31 18 Mr
3070 3796 29 16 W.
3106 3796 63 22 Kelly.
3177 3797 85 20 M.H.R.,

2830 3817 68 21 asking
2906 3817 30 17 for
2944 3818 68 21 permit
3021 3818 30 16 for
3059 3818 97 25 February
3167 3820 26 20 11,
3214 3819 48 20 1897,

2830 3839 37 18 and
2876 3841 40 16 also
2924 3841 20 16 to
2957 3841 53 16 write
3023 3842 20 16 to
3057 3841 71 19 Messrs
3141 3843 71 17 Adams
3228 3843 36 17 and

2830 3862 91 17 Andrews
2930 3863 94 23 thanking
3033 3864 51 17 them
3094 3865 30 16 for
3137 3865 49 18 their
3195 3866 69 17 advice.

2854 3886 17 16 A
2879 3886 112 17 unanimous
3005 3887 43 17 vote
3063 3888 20 16 of
3098 3888 69 17 thanks
3182 3895 38 12 was
3235 3895 20 12 ac-

2831 3909 68 17 corded
2907 3910 20 16 to
2935 3909 32 16 Mr
2975 3909 28 17 W.
3014 3910 22 16 A.
3047 3910 82 18 Bbultoll
3139 3912 20 16 of
3164 3912 32 16 the
3203 3912 62 17 Grand

2831 3931 57 18 Hotel
2899 3932 29 16 for
2936 3932 32 17 the
2977 3931 94 20 luncheon
3084 3934 24 17 ho
3122 3934 37 17 had
3176 3935 88 19 provided

2831 3955 30 16 for
2869 3954 32 17 the
2911 3955 90 16 stewards
3009 3961 24 12 on
3042 3957 91 22 race-day
3142 3958 37 17 and
3193 3959 29 16 for
3235 3957 31 19 the

2831 3977 104 17 excellence
2944 3978 58 17 of'his
3010 3981 143 22 arrangements
3166 3981 20 17 in
3199 3982 67 22 regard

2831 4002 20 15 to
2860 4001 32 16 the
2901 4001 65 17 booth.

2855 4024 20 16 It
2882 4029 39 11 was
2930 4025 137 17 resolved'that
3076 4032 10 11 a
3096 4027 56 21 fancy
3161 4027 51 18 dress
3228 4027 37 18 ball

2831 4046 68 18 should
2909 4047 43 17 take
2962 4048 53 21 place
3024 4054 24 11 on
3057 4049 66 17 March
3141 4050 43 17 17th
3200 4051 20 17 in
3236 4050 30 19 aid

2832 4069 20 17 of
2860 4070 32 16 the
2902 4070 63 18 funds.
2990 4071 39 17 The
3038 4072 84 21 meeting
3130 4073 45 17 then
3184 4074 84 17 resolved,

2832 4093 51 16 itself
2892 4093 40 17 into
2941 4099 10 12 a
2961 4095 148 18 conversational
3119 4096 103 18 discussion
3236 4104 20 10 re-

2833 4116 82 21 garding
2923 4116 34 17 the
2966 4117 63 18 future
3043 4118 21 17 of
3077 4119 32 16 the
3125 4119 43 17 club
3182 4120 54 17 when
3252 4121 16 16 it.

2832 4144 39 12 was
2880 4139 77 18 decided
2965 4142 21 15 to
2994 4140 53 18 leave
3061 4142 81 22 nothing
3156 4143 76 17 undone
3247 4144 27 17 to»

2833 4167 67 12 ensure
2909 4163 32 17 the
2950 4169 72 12 success
3031 4165 21 16 of
3060 4165 65 17 future
3132 4166 106 21 meetings..

1197 58 59 29 i'HE
1284 68 56 21 HOT
1368 68 92 21 LAKES
1489 68 172 25 CHKONICLE,
1691 70 189 24 WEDNESDAY,
1909 71 156 21 FEBKTJAItY
2097 74 27 21 12,

269 294 83 15 DEBAR
358 295 6 13 I
369 294 33 15 UK
406 294 31 14 KS.

204 327 30 14 JO
239 328 13 12 it
264 324 101 17 SYDNEY.

326 355 35 17 >'eb.
373 355 26 19 17,
410 360 10 10 o
433 358 45 17 p.m.

69 698 161 48 nUDDART,
255 696 112 19 PARKER,
388 694 57 17 AND
464 692 38 18 CO.

232 719 107 25 (limited),

93 769 95 24 Splendid,
197 764 163 26 Well-appointed
366 764 93 19 Steamers
466 762 38 17 will

68 796 24 17 be
101 791 113 25 despatched
223 792 49 15 from
281 791 118 15 Auckland,
409 793 20 11 us
445 785 60 18 under

68 817 91 25 {weather
173 815 39 17 and
230 814 56 17 other
301 813 144 17 circumstance*
460 814 44 17 per-

68 842 184 39 SoiSBOROTD;
259 858 107 21 NAPIER,
372 855 115 19 WELLING-

91 887 56 20 TON,
159 882 158 21 LYTTELTON,
328 882 14 17 &
352 879 127 19 DUNEDIN,

75 912 96 17 \xoli\x,
181 908 103 19 Tuesday,
296 906 45 17 Fob.
352 905 25 20 11,
388 904 21 16 10
418 908 43 12 a.m.

70 935 117 16 Tasmania.
195 927 14 24 ..
218 931 111 19 .TUESDAY,
340 927 43 18 Feb.
391 927 28 20 io,
427 927 76 16 li'noou

196 978 52 17 FOR
263 974 111 20 SYDNEY,

114 1001 116 23 (Returning
242 1002 20 15 to
271 997 98 19 Auckland
378 994 78 24 Direct.)

70 1026 92 23 Carrying
183 1025 113 24 Passengers
317 1022 29 16 for
368 1020 134 19 Mjslvouune,

81 1049 53 19 other
141 1049 131 16 Austhalian
279 1046 71 18 Pours,
357 1042 37 18 und
399 1042 92 19 Houakt,

70 1079 107 17 Tasmania
225 1075 99 16 Monday.
340 1071 47 18 Mar.
406 1071 35 17 7.-1
456 1074 46 17 p.nv

70 1102 103 17 Angliax.
181 1099 106 16 .Monday,
300 1096 43 17 Feb.
352 1095 27 20 24,
390 1094 10 16 3
409 1098 46 17 p.m.

93 1128 72 18 lteturn
172 1123 174 20 Tickets-available
351 1122 29 18 for
394 1121 10 17 3
421 1119 81 18 mouths.

167 1156 23 17 L.
202 1155 25 18 D.
237 1152 108 19 NATHAN
358 1151 15 17 &
387 1149 45 20 CO.,

399 1172 80 23 Agents.

206 1216 97 18 rr»HOS.
325 1213 68 20 cook
415 1214 14 16 &
454 1212 49 18 son

245 1267 52 14 BOOK'
310 1264 101 15 PASSAGES-
420 1263 41 13 AND

271 1289 76 14 SECUIIE
359 1287 78 15 BERTHS

74 1283 116 22 &EggES£tt
272 1289 75 15 SECURE
359 1287 78 15 BERTHS

232 1312 31 16 AT
277 1307 102 21 LOWEST
394 1305 79 19 RATES

70 1343 26 13 BY
108 1343 18 11 r.
137 1337 13 18 &
161 1341 17 13 0.
188 1340 36 17 CO.,
235 1336 73 16 ORIENT
319 1336 34 16 CO.,
366 1333 70 15 DIRECT
445 1333 58 13 LINKS

161 1362 90 16 OCEANIC,
267 1359 74 16 MESSAG
346 1357 65 17 ERIES,.

168 1388 27 16 Or
202 1392 37 16 any
248 1385 37 17 lino
294 1389 20 12 as
323 1381 76 20 desired.

90 1435 85 22 Enquiry
185 1432 76 18 invited.
279 1428 123 20 Information
412 1426 65 24 gratis.

68 1480 95 21 Intending
168 1482 102 19 passengers
283 1475 61 18 shofita
358 1474 53 21 apply
425 1474 27 14 fur
468 1477 34 11 our

88 1502 34 17 free
131 1501 28 17 list
168 1501 18 16 of
194 1497 73 20 st'eaunpr
281 1497 71 20 soilings
406 1495 45 16 fares
461 1496 18 13 at

115 1527 89 18 COOK'S
216 1523 124 20 SHIPPING
354 1521 99 20 OFFICE,

143 1557 22 17 70
174 1560 42 13 and
226 1554 21 19 78
261 1554 162 22 Queen-street.

98 1585 84 23 Rotpiua
404 1577 66 20 Street.

87 1616 68 16 N.B.—
157 1615 61 16 Drafts
226 1614 33 15 und
268 1613 77 16 Circular
354 1611 54 16 Notes
415 1609 57 16 issued
482 1609 18 15 at

71 1641 52 12 invest
131 1639 66 14 current
207 1639 50 13 rates.

71 1674 292 49 Ehrenfried
378 1674 122 44 Bros

210 1731 144 24 BREWERS,

145 1764 109 21 ALBERT
271 1763 16 20 B
293 1761 125 24 riEWERY,

91 1795 216 24 QUJiEN-STKEET,
322 1792 159 21 AUCKLAND

89 1850 68 17 WINE
169 1849 49 16 AND
232 1848 78 16 S-PlIUr
324 1843 154 21 MERCHANTS,

110 1877 123 16 BOTTLER?
246 1876 50 15 AND
313 1871 143 27 IMPORTERS,

154 1900 26 18 •13,
195 1900 133 15 (HJEEB-ETBEET
345 1899 68 11 WHALE.

68 1974 24 15 At
101 1973 28 16 the
143 1972 90 17 following
249 1970 113 17 Exhibitions
376 1968 28 16 for
412 1972 32 11 our
451 1966 39 17 well-

162 1994 63 16 known
238 1992 44 16 Bulk
293 1991 32 15 unci
335 1990 70 15 Bottled.

180 2014 48 16 ALL:
240 2013 51 17 AND
302 2010 75 19 STOUT
385 2010 3 20 :

69 2043 69 20 Sydney
147 2040 124 18 International
281 2039 106 17 Exhibition,
399 2038 47 16 1579.

70 2064 100 17 Melbourne
179 2061 126 18 International
312 2060 107 16 Exhibition,
430 2058 69 16 1880-S1

70 2086 38 16 New
120 2084 73 18 Zealand
195 2083 99 17 ■lndustrial
300 2081 107 19 Exhibition,
411 2080 79 20 Welling-

113 2110 35 15 ton,
159 2107 48 15 !S»5.

69 2128 44 16 New
133 2127 73 16 Zealand
221 2126 33 16 and
268 2126 54 15 South
335 2125 40 15 Seas
391 2122 109 18 Exhibition.

113 2149 86 15 Dnnedin.
211 2148 78 16 1889-90:

70 2171 21 16 In
101 2170 76 16 addition
186 2172 18 13 to
213 2170 53 15 above
275 2168 43 17 have
335 2168 41 15 been
392 2165 78 16 awarded
486 2166 16 14 at

112 2191 105 17 Taemanian
249 2189 108 19 Exhibition,
385 2187 117 19 Launceston,

115 2213 77 16 1891-92.

157 2243 57 17 FIVE
225 2243 71 16 FIRST
314 2241 102 16 AWARDS

81 2287 67 17 IULK
159 2285 110 18 BOTTLED
283 2284 58 16 ALES
359 2283 51 17 AND
428 2281 76 19 STOUT

265 2306 47 17 Alfo.

101 2368 65 23 Gold
179 2366 87 23 Medal
276 2366 27 23 of
314 2363 166 25 Australasia

178 2402 71 11 AOAINST
261 2401 98 11 AI.I.COMKUS
369 2399 32 13 FOE

76 2426 89 24 BULK
179 2424 70 24 AND
268 2422 144 24 BOTTLED
428 2422 65 22 ALE

164 2477 73 20 Having
246 2481 10 11 a
265 2476 57 20 Large
331 2474 50 16 Stock
390 2474 18 16 of

184 2502 48 16 ALE
244 2502 50 16 AND
308 2500 80 19 STOUT,

74 2530 68 17 Bottled
152 2530 15 15 in
176 2531 51 18 quart
237 2528 33 16 and
287 2528 37 21 pint
338 2526 68 18 bottles,
422 2525 83 21 specially

73 2551 67 16 brewed
148 2551 28 15 for
183 2551 29 15 the
221 2554 73 11 summer
304 2549 53 16 trade,
368 2547 55 16 which
432 2552 28 10 are
467 2551 39 10 now

74 2572 104 20 thoroughly
187 2571 84 18 matured,
284 2575 31 10 can
330 2569 41 16 with
385 2573 52 15 every
451 2567 45 16 confi-

74 2595 50 15 dence
136 2591 107 19 recommend
259 2593 46 14 Mime
321 2593 17 13 to
352 2594 120 12 connoisseurs
488 2594 18 10 as

73 2615 61 15 fpcond
143 2616 18 13 to
169 2618 44 11 none
223 2613 16 16 in
250 2613 28 16 the
288 2612 70 18 Colony.

525 286 44 40 TE
591 283 93 42 PUKE
698 282 131 41 JOCKEY
854 280 100 41 CLUB.

541 353 132 27 Annual
685 352 85 25 Race
788 349 150 31 Meeting.

652 409 27 17 To
692 412 25 13 BE
730 412 54 12 HELD
798 411 25 12 OX

523 431 175 22 THtTRSDAY,
715 430 58 19 27th
794 428 70 19 FEB..
889 427 67 18 1893.

692 477 101 23 Judges:

625 502 70 16 Messrs
703 501 50 17 Kola
762 499 36 17 anil
807 499 54 16 Mini.

547 525 92 19 Starter
647 520 3 24 :
676 524 68 19 Clerk'
752 521 25 20 of
784 520 40 21 the
833 520 100 24 Course:

548 550 31 15 Mr
587 548 63 19 Hana.
744 546 32 18 Mr
785 544 119 18 Wharehera.

524 572 68 18 Clerk
602 572 26 18 of
634 571 79 19 Scales
722 567 3 23 :
779 567 165 22 Handicapper
953 567 4 23 :

570 596 32 16 Mr
610 595 52 17 Riki..
805 591 31 18 Mr
845 590 78 18 Whetii.

652 637 170 20 PROGRAMME.

527 675 16 15 1,
555 672 100 22 Handicap
664 670 73 19 Hurdle
746 670 49 17 Race
803 669 21 16 of
913 673 45 11 over

548 698 10 15 (i
566 696 65 23 flights
639 694 22 19 'of
669 693 75 19 hurdles
753 693 29 17 iSft
789 692 37 16 (iin.
859 691 96 20 Distance,

550 720 18 16 l.\
579 719 51 17 mile.
654 718 100 19 Entrance,
766 717 38 15 12s,

525 744 16 15 2.
555 742 75 17 Maiden
640 741 54 17 Plate
703 739 20 18 of
734 741 61 15 4sovs.
824 738 96 20 Distance,
936 736 22 18 1-A

548 765 49 18 mile.
623 765 100 16 Entrance,
735 764 25 15 7s.

525 788 96 22 3.—Pony
638 787 50 17 Race
704 786 20 17 of
741 786 59 17 3sovs.
833 784 96 20 Distance,
948 784 8 16 1

548 811 49 17 mile.
623 811 100 16 Entrance,
735 814 25 12 us.

525 835 68 17 4.—Te
602 833 52 18 Puke
663 831 100 23 Handicap
772 831 20 17 of
810 831 69 17 los'ovs.
913 830 33 17 Dis-

548 859 60 19 tance,
619 858 9 15 2
638 856 58 17 miles.
722 855 101 18 Entrance,
833 854 37 17 20s.

525 880 121 18 3.--District
655 878 54 18 Hack
719 878 49 17 Race
777 878 19 16 of
807 877 25 18 £3
845 878 35 15 10s.
913 876 33 17 Dis-

548 905 60 18 tance,
620 903 19 17 1A
650 902 49 17 mile.
725 901 100 20 Entrance,
836 901 26 16 ss.

548 930 75 18 Besides
636 929 33 18 the
683 929 59 17 above
756 928 53 17 there
825 927 38 18 will
879 927 25 17 lie
920 928 38 16 two

525 960 51 11 more
584 959 57 15 races,
651 953 30 17 for
689 952 60 17 which
759 953 43 20 post
810 951 68 17 entries
887 950 40 17 will
935 950 23 17 he

524 976 94 24 accepted.

548 1069 103 17 Entrances
661 1069 29 16 for
706 1068 32 17 the
751 1066 100 23 Handicap
867 1066 89 19 Hurdles,

524 1092 76 17 Maiden
610 1092 54 17 Plate
673 1091 36 17 and
718 1092 25 16 Te
758 1091 53 17 Pnko
824 1089 100 22 Handicap
939 1091 17 15 tc

524 1116 23 16 he
565 1115 19 17 in
602 1115 32 17 the
651 1115 60 16 hands
729 1115 19 16 of
764 1114 32 17 the
814 1113 102 22 Secretary,
934 1112 20 17 Ti

525 1139 57 20 Puke,
593 1140 21 15 at
623 1139 8 16 7
642 1144 52 17 p.m.,
705 1144 24 11 on
742 1137 90 22 Monday,
847 1136 45 17 24th
910 1135 35 17 Feb-

525 1168 62 16 ruary.

547 1185 86 23 Weights
642 1185 20 17 to
670 1184 24 18 be
699 1183 89 19 .declared
796 1188 26 12 on
829 1183 32 17 the

548 1209 41 18 Any
599 1208 37 17 and
646 1208 25 17 all
682 1208 62 17 horses
753 1212 30 11 are
793 1205 82 18 admitte<

712 1230 66 18 TE.WI
792 1228 93 19 KIIXG.I,

768 1253 51 17 Hon.
830 1252 82 17 Secretar

664 1301 43 18 TO
737 1301 45 17 LE
794 1301 20 16 T.

541 1371 12 21 2
588 1373 44 21 tage
641 1371 37 17 and
688 1371 88 22 premises
784 1376 42 10 now
836 1368 89 24 occupied
933 1369 23 21 by

523 1399 18 14 J.
558 1395 25 17 H.
598 1395 74 21 Taylor,
682 1393 114 23 comprising
810 1392 77 24 garden,
910 1391 36 23 pad-

523 1418 54 21 dock,
588 1418 60 18 stable
656 1416 38 19 and
700 1417 67 23 buggy
782 1417 63 16 house.
876 1415 80 17 Mineral

523 1441 33 19 hot
563 1442 47 16 bath
618 1441 36 17 and
664 1440 115 17 bath-house
788 1446 24 10 on
822 1439 31 17 the
865 1438 91 23 grounds.

523 1465 86 22 -Apply

735 1486 18 17 ,T.
763 1486 26 17 H.
799 1484 109 19 TAYLOR.

676 1736 56 19 ASK
748 1734 54 21 FOR

525 1787 416 47 HANCOCKS

704 1912 85 33 xxxx

635 1973 38 43 A
691 1972 38 43 L
744 1971 38 43 E
802 1971 45 48 S,

655 2038 57 13 MADE
721 2037 54 14 FROM
785 2037 41 14 THE

526 2081 116 31 FINEST
668 2080 88 32 MALT
779 2079 63 31 km
859 2078 99 37 HOPS,

563 2180 53 14 FREE
629 2180 54 13 PROM
697 2180 39 12 ALL
749 2178 128 15 ANTIBEPTICS
890 2178 28 14 OK

631 2206 139 14 DELETERIOUS
789 2205 63 13 ACIOS.

527 2285 139 32 CAPTAIN
689 2285 82 31 COOK
790 2284 169 37 BREWERY,

631 2336 192 20 NEWMARKET.

299 2740 207 33 JUNCTION

298 2776 60 31 IL.

298 2834 24 21 bv
339 2834 51 19 train
407 2834 20 17 to
443 2832 64 19 A-uck'

78 2911 157 28 TRAINS
244 2908 266 34 stop2ominutes

90 2950 21 15 at
118 2945 33 20 the
160 2944 106 20 Erankton
273 2942 96 21 Junction
379 2942 30 18 for
419 2941 78 18 dinner.

103 2972 43 19 The
169 2969 137 25 undersigned
334 2968 37 19 has
402 2967 52 18 first-
460 2966 56 19 class.

77 2998 66 19 Meals
154 2997 63 24 ready
227 2996 40 19 and
278 2994 70 19 served
358 3001 25 11 un
399 2992 74 20 arrival
491 2992 21 19 of

78 3024 26 19 all
116 3024 70 19 trains.

81 3055 219 45 William
333 3050 175 55 Geaeh,

135 3114 319 25 PROPRIETOR.

82 3168 146 24 Hancock's
237 3166 97 23 XXXX
341 3165 62 23 Ales
412 3165 101 27 always

212 3201 32 16 on
255 3192 125 28 Draught.

85 3241 118 31 UNITED
224 3238 185 33 INSURANCE
429 3236 83 36 COY.,

231 3276 127 21 LIMITED.

146 3330 151 27 CAPITAL,
313 3327 141 29 £500,000.

84 3383 91 46 FIRE
183 3382 54 19 risks
245 3382 21 18 of
273 3381 28 19 all
309 3381 72 19 classes
388 3379 127 19 undertaken

153 3412 18 15 at
184 3408 69 19 lowest
263 3409 80 18 current
353 3409 60 16 rates.

84 3444 75 19 Claims
168 3443 72 20 settled
250 3441 101 26 promptly
361 3441 41 19 and
416 3439 100 25 liberally.

97 3493 47 16 New
153 3492 82 17 Zealand
245 3491 56 17 Head
310 3490 62 20 Office,
381 3489 124 22 Wellington.

121 3519 90 18 Resident
219 3519 47 20 Sec'.,
275 3518 67 17 James
351 3518 18 17 S.
382 3517 100 18 Jameson.

211 3546 99 18 Auckland
319 3547 74 21 Agent:

149 3575 22 17 A.
184 3575 108 19 Heatheh,
303 3574 76 17 Custom
388 3573 66 17 Street.

218 3606 85 18 Rotbrua
311 3605 74 22 Agent:

134 3636 21 16 F.
169 3634 22 18 P.
200 3635 67 19 Watt,
282 3634 116 18 Giieqnicle
409 3633 64 16 Office.

111 3679 41 44 cJ.
181 3678 49 45 R.
264 3675 237 48 LUNDOJI

224 3737 164 23 SOLICITOR,

115 3768 28 21 26,
155 3766 214 20 BUOETEAKD-STKEET,
379 3766 119 16 AIVKLAXD.

90 3812 156 19 X.B.—Attends
255 3812 78 21 country
343 3810 66 19 Courts
418 3810 26 23 by
455 3810 67 23 special

92 3835 138 19 iirraneement.

94 4014 110 31 EpOTAP
208 4015 16 19 A
230 4013 96 20 HOUSE
332 4010 112 23 BLOCKS.
450 4011 29 20 Sti
484 4012 41 18 ain-

100 4032 25 28 JL
160 4048 32 12 ors
211 4040 40 20 and
262 4040 136 19 Government
407 4038 40 18 size
460 4038 65 22 Posts,

94 4068 22 20 5u
127 4074 40 18 any
178 4066 102 26 quantity,
291 4064 102 19 delivered
402 4066 21 16 to
433 4069 40 19 any
481 4066 45 22 part

94 4095 21 18 of
126 4094 35 19 tbe
171 4090 180 26 district.—Apply
365 4092 22 17 at
395 4089 35 19 the
441 4089 85 18 Auction

94 4116 62 26 ilaiJ,

277 4143 19 18 J.
315 4142 29 19 11.
357 4140 118 21 TAYLOE.

980 133 181 23 AUCKLAND
1182 133 52 22 and
1252 132 161 24 WAIKATO

1125 165 142 25 AGENCY-

995 203 55 19 Near
1061 202 91 20 Catholic
1161 202 88 24 Church,
1263 201 136 20 ROTORUA.

1018 271 200 42 FURNITURE
1252 269 126 47 DEPOT,

1171 325 60 19 AND

981 359 247 28 GENERAL
1244 358 168 26 STORE.

1004 418 71 19 Local
1098 418 79 23 Agent
1201 417 38 20 for.
1263 417 151 19 Commercial

980 442 80 18 Union
1072 441 52 19 Fire
1138 441 136 18 Assurance
1288 441 125 23 Company,

980 465 107 19 Limited.

1030 593 214 27 Commission
1258 594 111 31 Agent.

1192 747 224 25 AGRICULTURAL

1050 778 84 24 LAND,
1159 778 51 19 Till
1231 776 71 19 TEEN
1330 774 86 19 MILES

981 806 39 19 UP
1032 803 186 21 WHAKATANE
1228 801 119 21 VALLEY.

980 858 53 23 For
1040 856 121 30 Disposal
1171 863 33 16 on
1213 856 80 22 Lease
1313 853 28 22 in
1356 852 45 23 Per-

1145 882 112 30 petuity-

1009 935 194 20 SUB-DIVISION
1228 933 21 19 of
1271 932 35 19 the
1330 930 68 20 OPOU-

982 963 67 19 RIAO
1061 961 103 20 ESTATE
1175 961 19 19 in
1207 962 23 17 55
1251 959 91 21 sections,
1364 957 51 18 from

982 991 10 17 6
1004 992 19 16 to
1037 990 35 16 134
1083 994 60 17 acres,
1155 986 77 20 rentals
1242 985 51 19 from
1307 983 26 19 -id
1345 985 21 17 to
1382 984 34 17 10s

1006 1009 1 30 i
1018 1021 44 13 acre
1073 1020 35 19 per
1124 1020 75 12 annum
1208 1020 5 15 ;
1237 1011 40 19 and
1295 1011 25 18 43
1339 1009 76 25 village

981 1041 92 20 sections,
1085 1039 44 19 half
1140 1046 26 12 an
1176 1044 45 13 aero
1230 1039 21 17 to
1264 1039 7 16 1
1284 1042 50 13 acre.

1008 1066 140 25 Applications
1158 1065 42 19 will
1212 1067 23 15 be
1249 1062 91 20 received
1350 1067 28 19 up
1395 1063 20 16 to

983 1096 9 16 -!
1004 1099 47 18 p.m.
1061 1098 26 13 on
1096 1091 136 23 Wednesday,
1247 1089 45 19 12th
1301 1088 112 23 February,

983 1120 56 22 189G,
1063 1121 21 15 at
1107 1117 35 19 the
1166 1116 71 19 Crown
1259 1115 69 19 Lands
1347 1114 66 22 Office,

983 1144 111 20 Auckland.
1124 1143 47 19 Full
1188 1142 121 26 particulars
1327 1147 46 17 may
1391 1140 24 17 be

981 1171 96 19 obtained
1100 1172 22 17 at
1141 1176 39 18 any
1200 1169 136 18 Government
1357 1166 58 19 Land

981 1197 66 19 Office.

1020 1345 134 20 ROTORUA
1168 1344 85 19 TOWN
1271 1343 103 20 BOARD.

1020 1399 41 26 [01
1068 1398 46 19 ICE
1127 1398 17 18 is
1154 1397 76 24 hereby
1241 1397 60 25 given
1312 1396 45 19 that
1371 1397 21 17 at
1404 1402 11 12 a

984 1429 37 16 ji.-i
1061 1425 93 22 Meeting
1164 1424 21 17 of
1198 1423 34 18 the
1247 1424 87 18 Kotorua
1353 1422 62 18 Town

983 1451 71 23 Hoard,
1066 1451 47 19 held
1124 1457 24 11 on
1159 1449 114 25 Thursday,
1281 1449 93 22 January
1381 1449 32 21 2&,

981 1484 11 13 a
1003 1477 74 23 special
1087 1476 110 19 resolution
1211 1482 41 11 was
1263 1474 70 26 passed
1350 1474 65 24 fixing

980 1505 137 18 Wednesday
1128 1502 125 19 Afternoon
1268 1502 20 17 in
1300 1500 48 19 each
1360 1500 55 18 week

980 1531 32 18 for
1021 1530 34 19 the
1070 1529 171 19 Half-holiday;
1258 1528 20 17 in
1295 1526 120 19 accordance

982 1557 47 18 with
1040 1556 35 18 the
1085 1559 8 13 ;•
1100 1556 40 24 hop
1158 1554 40 19 and
1217 1554 66 25 Shops
1301 1553 114 18 Assistants

982 1583 43 23 Act,
1040 1583 54 18 1894.

1034 1608 110 24 Signed,—
1167 1606 25 18 R.
1207 1606 22 19 I>.
1242 1604 119 23 DANsEY,

1321 1631 67 19 Clerk.

1007 1662 60 17 Town
1080 1660 67 19 Board
1159 1658 66 24 Office,

1034 1687 90 24 January
1136 1685 54 24 30th,
1207 1686 54 17 ISiXi.

983 1739 54 20 BAY
1063 1738 33 19 <>F
1120 1737 112 19 PLENTY
1260 1735 153 20 LICENSING

1129 1764 30 18 LI
1177 1763 88 19 TRICT.

981 1818 93 23 Notice
1082 1817 28 22 of
1117 1815 160 31 application
1281 1816 26 22 to
1311 1821 104 16 remove

1009 1851 15 16 a
1032 1844 99 23 .icense
1139 1850 27 16 to
1175 1842 75 23 other
1256 1841 132 30 p^emisis-

983 1897 22 43 I
1040 1895 126 20 EDWARD
1187 1894 88 23 WEBB,
1297 1894 20 18 of
1338 1892 76 24 Omaio,

1013 1933 12 11 ~
1053 1923 43 22 Buy
1109 1923 20 17 of
1138 1921 78 24 Plenty,
1225 1919 144 25 Hotelkeeper,
1381 1919 23 19 be-

982 1950 36 25 ing
1028 1950 33 18 !ihe
1073 1947 70 20 holder
1157 1948 21 19 of
1194 1953 25 13 an
1239 1945 175 21 Accommodation

983 1976 82 19 License
1075 1975 19 18 in
1113 1977 77 22 respect
1206 1973 21 18 of
1242 1973 35 18 the
1293 1972 63 19 houso
1376 1972 39 18 and

982 2001 96 26 premises
1088 2001 74 18 situate
1173 2003 21 15 at
1208 1998 4 29 <
1225 1999 53 19 maio
1291 1998 40 19 and
1341 1998 74 19 known

984 2028 24 24 by
1021 2028 33 18 thv
1065 2027 45 23 sign
1125 2027 20 18 of
1162 2026 33 19 the
1215 2025 70 20 Omaio
1301 2024 73 23 Hotel,,
1390 2024 25 19 do

983 2054 75 23 hereby
1067 2053 46 25 give
1124 2053 64 18 notice
1199 2052 45 19 that
1255 2051 10 18 I
1276 2051 65 19 desire
1351 2053 20 16 to
1380 2050 24 18 ob-

982 2080 48 23 tain,
1043 2079 39 19 aad
1094 2078 45 24 will,
1158 2081 21 16 at
1197 2079 35 18 the
1250 2081 48 15 next
1317 2076 99 25 licensing

983 2106 89 24 meeting
1082 2108 19 16 to
1115 2105 26 18 be
1157 2104 74 19 holdeu
1250 2106 22 16 at
1289 2104 34 18 the
1343 2102 60 19 Court-

983 2132 68 22 house,
1063 2132 114 24 Tauranga,
1194 2137 25 11 on
1234 2130 36 18 the
1285 2130 36 18 4th
1340 2128 40 26 day
1395 2129 21 18 of

985 2158 69 20 March
1057 2172 9 12 v
1075 2158 56 22 181)6,
1148 2156 62 26 apply
1228 2156 32 18 for
1274 2156 34 18 the
1326 2154 90 19 removal

983 2185 21 18 of
1014 2184 34 19 the
1062 2184 43 18 said
1122 2183 74 18 license
1216 2182 33 19 for
1264 2182 34 18 the
1315 2180 101 19 aforesaid

983 2211 63 18 house
1056 2210 39 19 and
1105 2210 98 24 premises
1211 2211 21 16 to
1243 2215 11 11 a
1262 2208 71 18 House
1342 2207 74 18 siiuaio

983 2240 20 15 at
1012 2236 111 24 Waiotapu
1134 2235 79 24 Valley,
1234 2237 20 16 to
1267 2234 24 19 be
1307 2234 74 18 known
1395 2239 21 13 as

983 2263 35 18 the
1165 2260 69 23 Hotel,
1254 2260 40 19 and
1312 2260 22 18 of
1352 2259 64 19 which

988 2289 76 19 Walter
1074 2288 62 19 Jones
1145 2288 17 18 is
1171 2287 35 18 the
1220 2293 73 12 owner;

1010 2314 69 19 Dated
1087 2314 35 19 the
1134 2315 30 18 Ist
1174 2313 39 24 day
1223 2313 21 18 of
1250 2313 98 22 January,
1362 2312 53 18 18%.

1133 2339 126 19 EDWARD
1275 2338 89 19 WEBB.

984 2392 58 20 BAY
1071 2391 38 20 OF
1131 2391 111 19 PLENTY
1266 2390 152 19 LICENSING

1131 2417 141 19 DISTRICT..

985 2471 92 24 Notice
1087 2471 27 22 of
1120 2469 160 31 application
1284 2471 26 21 to
1314 2475 93 17 remove-

997 2505 16 16 a
1023 2497 104 23 license
1141 2502 28 18 to
1189 2496 75 23 other
1274 2495 131 30 premises.

988 2551 22 42 I
1053 2549 153 19 HENRIETTA
1232 2547 141 21 MORRISON,
1400 2548 20 17 of

1017 2586 8 4 .
1054 2574 90 20 Kotorua,
1162 2572 58 22 being
1237 2572 33 17 the
1286 2571 66 17 holder
1373 2572 20 17 of
1409 2577 11 12 a

987 2601 117 20 Publican's
1120 2601 84 18 License
1220 2600 21 19 in
1256 2601 78 23 respect
1350 2599 23 19 of
1385 2600 35 18 the

987 2629 62 18 house
1058 2628 38 18 and
1107 2627 98 25 premises
1212 2626 76 18 known
1298 2626 26 24 by
1333 2626 35 18 the
1374 2626 46 24 sign

987 2655 21 19 of
1018 2655 34 18 the
1063 2654 91 19 Rotorua
1169 2652 68 22 Hotel,
1254 2652 40 18 and
1310 2652 75 18 situate
1400 2654 21 16 at

987 2681 97 22 Rotoruu,
1095 2680 25 19 do
1131 2678 75 24 hereby
1218 2678 46 24 give
1274 2678 64 18 notice
1350 2678 44 18 that
1409 2678 12 18 I

988 2707 64 18 desire
1062 2709 20 16 to
1093 2706 76 22 obtain,
1181 2704 40 19 and
1231 2704 45 23 will,
1286 2706 21 17 at
1317 2704 35 18 the
1373 2706 48 16 next

980 2730 1 26 I
988 2733 99 23 licensing
1096 2732 88 24 meeting
1195 2733 19 16 to
1225 2730 26 19 be
1261 2730 74 19 holdeu
1351 2732 20 17 at
1387 2730 34 19 the

980 2756 1 25 I
989 2758 131 22 Courthouse,
1132 2758 115 23 Tauranga,
1260 2762 25 13 on
1296 2756 77 19 the4th
1383 2756 38 24 day

988 2786 21 18 of
1020 2785 76 21 Mar<h,
1111 2785 55 21 IS'J(S,
1179 2784 62 24 apply
1253 2783 32 18 for
1291 2782 34 19 the
1333 2782 88 19 removal

989 2812 20 18 of
1020 2811 34 18 the
1065 2810 82 19 License
1157 2810 32 18 for
1200 2810 34 17 the
1245 2808 101 19 aforesaid
1359 2808 63 19 house

989 2838 42 18 and
1044 2836 96 26 premises
1155 2840 21 14 to
1195 2842 12 12 a
1227 2835 62 19 house
1308 2835 75 18 situate
1402 2838 21 15 at

989 2864 78 18 Paeroa
1077 2862 116 25 Township,
1205 2861 126 22 OLinemuri,
1343 2867 25 12 on
1376 2860 51 19 See~-

990 2890 40 18 tion
1042 2891 17 20 4,
1070 2888 49 19 Lots
1133 2887 34 20 157
1187 2887 40 19 and
1250 2888 41 23 158,
1312 2893 71 13 corner
1402 2887 26 18 of

990 2914 153 20 Bebuont-road
1152 2914 38 18 and
1201 2913 173 22 William-street,
1383 2913 40 18 and

990 2942 21 18 of
1027 2940 63 20 which
1108 2941 80 24 G«orgo
1204 2940 23 18 P.
1242 2939 97 25 Longdill
1357 2939 18 19 is
1389 2939 35 19 the

990 2974 73 12 owner.

1016 2993 66 19 Dated
1091 2991 3 26 I
1100 2993 24 18 lie
1131 2992 35 19 sth
1174 2992 39 25 day
1220 2992 21 18 of
1248 2991 112 24 February,
1368 2993 22 16 18
1393 2993 30 17 ?f>.

1196 3026 25 17 H.
1235 3025 142 18 MORRISON.

991 3079 34 18 RE
1047 3078 174 18 DISSOLUTION
1242 3078 32 17 OF
1294 3077 115 17 PARTNER-

1176 3101 67 18 SHIP.

1073 3148 109 17 Mokrisox
1195 3151 42 13 and
1246 3148 97 17 Coiusf.tt;

1009 3194 12 17 A
1038 3194 34 17 LL
1079 3194 75 17 articles
1166 3194 35 16 left
1214 3194 30 16 for
1257 3193 60 22 repair
1332 3193 45 17 with
1395 3193 32 17 the

1000 3216 30 21 f\
1061 3217 39 18 late
1108 3217 42 18 firm
1159 3218 52 16 must
1219 3217 23 16 be
1252 3216 59 17 called
1321 3216 29 18 for
1364 3216 63 17 before

993 3241 32 17 the
1035 3241 43 16 ?.oth
1087 3241 51 18 in,st.,
1148 3240 100 17 otherwise
1258 3240 45 21 they
1312 3239 38 17 will
1359 3240 23 16 be
1387 3239 41 17 sold

993 3266 20 15 to
1022 3264 65 21 oY'i'ray
1097 3269 95 16 expenses.

1176 3286 29 18 W.
1219 3286 138 19 TIEXSHAW,

1177 3310 22 17 P.
1213 3308 80 21 THQM,

1018 3356 118 18 N.B.—Tli.ir
1146 3361 72 11 owners
1238 3356 19 16 of
1273 3362 11 10 a
1301 3356 55 21 dray,
1373 3355 45 22 dray-

994 3380 59 16 wheel
1066 3379 37 17 and
1118 3386 11 10 a
1203 3379 20 17 of
1239 3379 66 22 buggy
1322 3379 61 17 shafts
1399 3384 30 11 are

995 3402 88 23 specially
1093 3402 83 17 notified.

530 2400 217 46 Rotonta
789 2399 186 47 Totrrs.!

529 2498 188 44 I>ABSENOEES
726 2500 19 17 to
754 2499 85 18 Kotorua
847 2504 32 12 arc
886 2498 77 17 advised

592 2523 43 19 that
644 2529 12 11 a
668 2523 77 21 regular
755 2523 51 21 daily
820 2522 56 17 coach
895 2522 68 16 service

529 2547 84 16 between
622 2545 90 18 Okoroire
722 2545 37 18 and
769 2544 84 19 Kotorua
869 2545 38 17 and
924 2545 39 17 vice

529 2575 52 12 versa
589 2570 16 16 is
613 2575 43 10 now
665 2569 89 22 running.

552 2593 39 17 The
599 2592 116 22 advantages
722 2594 20 15 of
749 2592 36 17 this
791 2593 53 15 route
849 2598 32 10 are
887 2598 64 10 numer-

529 2622 39 15 ous,
579 2622 12 10 a
599 2616 103 17 somewhat
715 2615 73 17 tedious
797 2615 77 22 railway
883 2615 81 22 journey

529 2639 15 17 is
552 2639 78 21 broken,
640 2639 37 18 and
686 2639 32 16 the
735 2641 54 14 route
805 2640 92 15 traverses
914 2639 50 16 sonic

529 2662 20 17 of
568 2662 31 17 the
616 2662 86 17 Weliest
717 2662 52 17 Lush
787 2662 80 21 Scenery
884 2661 20 17 in
917 2661 47 18 New

529 2685 88 18 Zealand.

569 2716 111 23 PARES,.
691 2716 42 19 10s
742 2716 85 19 EACH
837 2715 89 20 WAY'.,

530 2744 92 23 Special
639 2744 165 23 Conveyances
821 2749 44 13 can
886 2744 33 17 be.
932 2749 23 12 ar-

677 2767 87 24 ranged
773 2767 41 19 for.

531 2814 91 19 Leave-
632 2813 111 20 Okoroire
752 2814 36 18 for
801 2814 105 18 Rotorua
921 2813 46 19 and

602 2838 219 17 Whakarewarewa
850 2836 64 24 daily
942 2838 28 19 at.

604 2861 29 18 10

532 2884 90 20 Leave-
633 2884 105 18 Rotorua
746 2883 46 18 and
801 2883 152 19 Whakare-wa-

602 2913 62 12 rewa
680 2907 36 18 tor
729 2907 117 22 Okoroire,
863 2906 63 24 daily
943 2907 25 18 at

604 2930 30 19 10
642 2935 52 14 a.m.

555 2958 32 17 Ail
607 2963 111 17 passengers
739 2963 36 12 are-
786 2958 76 17 advised
883 2959 21 16 to
919 2958 49 17 avail

533 2981 111 19 themselves
654 2981 65 17 of'tin's
736 2981 61 17 Route
812 2987 20 11 as
848 2981 90 17 Okoroire
952 2981 16 17 is

533 3010 35 11 one
583 3005 21 17 of
615 3005 33 17 the
656 3005 51 16 show
717 3003 61 24 places
795 3005 20 16 of
831 3005 32 16 the
881 3004 87 17 Thermal

534 3028 84 20 District,
641 3027 38 18 and
693 3033 24 11 no
736 3027 41 17 vitsit
792 3029 19 16 to
829 3027 31 18 the
876 3027 61 18 Lakes
953 3027 16 18 is

535 3050 92 24 complete
635 3051 80 16 without
722 3050 24 17 its
752 3050 97 18 inclusion.

558 3073 77 24 Special
639 3073 95 18 attention
746 3074 15 16 is
775 3074 58 16 called
846 3075 21 15 to
881 3074 33 16 the
931 3074 38 17 fact

535 3097 42 17 that
585 3104 12 10 a
606 3097 56 17 coach
672 3097 60 17 leaves
746 3097 84 17 Kotorua
839 3097 38 17 and
887 3097 71 18 Wlxaka-

535 3126 99 11 rowarewu
644 3126 24 11 on
677 3119 77 23 Sunday
762 3121 21 16 at
793 3121 20 16 10
822 3126 43 11 a.m.

671 3167 161 17 KGENTS:

535 3187 78 18 THOS..
622 3187 69 19 COOK
709 3188 14 16 &
743 3187 54 21 SON,
815 3187 104 18 Auckliuul-
933 3187 38 18 and

707 3211 90 16 Kotorua.

570 3270 46 46 R.
639 3268 302 51 GRIFFITHS,

649 3342 215 32 ROTORUA,

540 3390 138 26 GENERAL
686 3389 286 26 CfIRTER&CARRIER.

566 3460 67 18 Goods
644 3459 105 19 delivered!;
755 3459 56 19 to-all
827 3462 57 23 parts
901 3461 27 17 oJV
940 3461 33 18 the

540 3486 77 19 district
626 3488 20 16 at
654 3486 37 18 low
702 3488 59 16 rates.

623 3520 61 19 ALL
696 3521 112 18 TRAINS
822 3521 76 20 MET..

568 3591 137 19 N.B.—Good
711 3591 129 25 paddbeking
844 3591 33 19 for
881 3598 12 12 a
897 3591 79 19 limited

542 3617 86 18 number
638 3617 21 18 of
669 3616 75 20 horses.
761 3617 105 24 Spencer's
876 3617 99 25 paddosk,

543 3643 149 18 well-watered,
714 3643 41 18 and
786 3649 58 20 every
877 3644 99 18 attention

542 3668 55 25 paid.

545 3789 83 46 THE
638 3788 170 21 FOLLOWING
817 3790 74 24 Goods,
902 3790 77 26 freight

613 3815 48 25 paid
672 3821 19 13 to
705 3815 89 20 Hctorua
802 3823 34 12 :

546 3855 80 19 Double
637 3855 94 20 Wooden
742 3855 106 25 Bedstead,
865 3857 36 18 22s

586 3895 11 9 ~
636 3881 48 18 Iron
783 3896 12 9 ~
865 3883 37 17 40s

585 3921 13 9 ~
606 3906 169 19 Brass-mounted
783 3922 12 8 „
811 3909 42 21 48s,
865 3909 42 21 CBs,
919 3909 35 18 80s

547 3932 48 19 Best
606 3932 75 19 double
692 3933 46 18 wire
748 3933 124 24 Mattresses,
884 3934 37 18 23s

609 3973 13 9 „
685 3958 41 19 flax
792 3974 11 8 „
886 3960 35 18 24s

609 3998 13 9 ~
687 3984 73 26 Kapok
771 3985 44 19 Bed
825 3987 35 17 40s

653 4010 54 19 Cash
726 4016 55 14 with
795 4011 79 19 Order.

573 4036 177 25 Paperhangings,
762 4043 12 12 a
783 4037 56 25 large
850 4037 64 24 stock,
932 4044 49 18 very

548 4061 70 26 cheap,
646 4062 54 19 Send
710 4063 32 17 for
750 4064 97 23 patterns.

566 4096 42 32 T.
631 4096 58 32 W.
710 4097 254 38 MAUNDEB,

659 4145 217 20 HAMILTON.

994 4241 106 41 Ask
1124 4243 82 39 for
1231 4242 274 39 Hancock's
1537 4242 276 39 Celebrated
1864 4243 187 39 XXXX
2078 4246 113 39 Ales
2220 4249 95 36 and
2340 4248 146 37 Stout,
