<?xml version="1.0" encoding="UTF-8"?>
<alto xmlns:xsi="http://www.w3.org/2001/XMLSchema-instance" xsi:noNamespaceSchemaLocation="//docstorage2/impdata1/docWORKS_KBNL/schema/alto-1-2.xsd" xmlns:xlink="http://www.w3.org/TR/xlink">
	<Description>
		<MeasurementUnit>mm10</MeasurementUnit>
		<sourceImageInformation>
			<fileName>//docstorage2/impdata3/IN/NZ_7/HLC/1896/HLC_18960212/PM_01/0004.tif</fileName>
		</sourceImageInformation>
		<OCRProcessing ID="OCRPROCESSING_1">
			<preProcessingStep>
				<processingSoftware>
					<softwareCreator>CCS Content Conversion Specialists GmbH, Germany</softwareCreator>
					<softwareName>CCS docWORKS</softwareName>
					<softwareVersion>6.6-1.8</softwareVersion>
				</processingSoftware>
			</preProcessingStep>
			<ocrProcessingStep>
				<processingSoftware>
					<softwareCreator>ABBYY (BIT Software), Russia</softwareCreator>
					<softwareName>FineReader</softwareName>
					<softwareVersion>10.0</softwareVersion>
				</processingSoftware>
			</ocrProcessingStep>
		</OCRProcessing>
	</Description>
	<Styles>
		<TextStyle ID="TXT_0" FONTSIZE="8" FONTFAMILY="Times New Roman"/>
		<TextStyle ID="TXT_1" FONTSIZE="6" FONTFAMILY="Times New Roman"/>
		<TextStyle ID="TXT_2" FONTSIZE="7" FONTFAMILY="Times New Roman"/>
		<TextStyle ID="TXT_3" FONTSIZE="27" FONTFAMILY="Arial" FONTSTYLE="bold"/>
		<TextStyle ID="TXT_4" FONTSIZE="27" FONTFAMILY="Arial"/>
		<TextStyle ID="TXT_5" FONTSIZE="15" FONTFAMILY="Times New Roman" FONTSTYLE="bold"/>
		<TextStyle ID="TXT_6" FONTSIZE="11" FONTFAMILY="Times New Roman" FONTSTYLE="bold"/>
		<TextStyle ID="TXT_7" FONTSIZE="7" FONTFAMILY="Times New Roman" FONTSTYLE="italics"/>
		<TextStyle ID="TXT_8" FONTSIZE="9" FONTFAMILY="Times New Roman"/>
		<TextStyle ID="TXT_9" FONTSIZE="13" FONTFAMILY="Arial" FONTSTYLE="bold"/>
		<TextStyle ID="TXT_10" FONTSIZE="18" FONTFAMILY="Arial" FONTSTYLE="bold"/>
		<TextStyle ID="TXT_11" FONTSIZE="25" FONTFAMILY="Times New Roman"/>
		<TextStyle ID="TXT_12" FONTSIZE="15" FONTFAMILY="Arial" FONTSTYLE="bold"/>
		<TextStyle ID="TXT_13" FONTSIZE="23" FONTFAMILY="Times New Roman"/>
		<TextStyle ID="TXT_14" FONTSIZE="14" FONTFAMILY="Times New Roman" FONTSTYLE="bold"/>
		<TextStyle ID="TXT_15" FONTSIZE="10" FONTFAMILY="Times New Roman"/>
		<TextStyle ID="TXT_16" FONTSIZE="28" FONTFAMILY="Times New Roman"/>
		<TextStyle ID="TXT_17" FONTSIZE="16" FONTFAMILY="Times New Roman" FONTSTYLE="bold"/>
		<TextStyle ID="TXT_18" FONTSIZE="12" FONTFAMILY="Arial" FONTSTYLE="bold"/>
		<TextStyle ID="TXT_19" FONTSIZE="12" FONTFAMILY="Times New Roman" FONTSTYLE="bold"/>
		<TextStyle ID="TXT_20" FONTSIZE="10" FONTFAMILY="Times New Roman" FONTSTYLE="bold"/>
		<TextStyle ID="TXT_21" FONTSIZE="7" FONTFAMILY="Times New Roman" FONTSTYLE="bold"/>
		<TextStyle ID="TXT_22" FONTSIZE="26" FONTFAMILY="Arial" FONTSTYLE="bold"/>
		<TextStyle ID="TXT_23" FONTSIZE="22" FONTFAMILY="Times New Roman"/>
		<TextStyle ID="TXT_24" FONTSIZE="13" FONTFAMILY="Times New Roman" FONTSTYLE="bold"/>
		<TextStyle ID="TXT_25" FONTSIZE="24" FONTFAMILY="Times New Roman"/>
		<TextStyle ID="TXT_26" FONTSIZE="22" FONTFAMILY="Arial" FONTSTYLE="bold"/>
		<TextStyle ID="TXT_27" FONTSIZE="11" FONTFAMILY="Times New Roman"/>
		<TextStyle ID="TXT_28" FONTSIZE="8" FONTFAMILY="Times New Roman" FONTSTYLE="bold"/>
		<TextStyle ID="TXT_29" FONTSIZE="24" FONTFAMILY="Arial"/>
		<TextStyle ID="TXT_30" FONTSIZE="24" FONTFAMILY="Arial" FONTSTYLE="italics"/>
		<TextStyle ID="TXT_31" FONTSIZE="15" FONTFAMILY="Times New Roman" FONTSTYLE="bold italics"/>
		<TextStyle ID="TXT_32" FONTSIZE="9" FONTFAMILY="Times New Roman" FONTSTYLE="italics"/>
		<TextStyle ID="TXT_33" FONTSIZE="9" FONTFAMILY="Times New Roman" FONTSTYLE="bold italics"/>
		<TextStyle ID="TXT_34" FONTSIZE="7" FONTFAMILY="Arial" FONTSTYLE="bold"/>
		<TextStyle ID="TXT_35" FONTSIZE="7" FONTFAMILY="Times New Roman" FONTSTYLE="bold italics"/>
		<TextStyle ID="TXT_36" FONTSIZE="27" FONTFAMILY="Times New Roman"/>
		<TextStyle ID="TXT_37" FONTSIZE="25" FONTFAMILY="Arial" FONTSTYLE="bold"/>
		<TextStyle ID="TXT_38" FONTSIZE="12" FONTFAMILY="Times New Roman"/>
		<TextStyle ID="TXT_39" FONTSIZE="9" FONTFAMILY="Times New Roman" FONTSTYLE="bold"/>
		<TextStyle ID="TXT_40" FONTSIZE="17" FONTFAMILY="Times New Roman" FONTSTYLE="bold"/>
		<TextStyle ID="TXT_41" FONTSIZE="17" FONTFAMILY="Times New Roman" FONTSTYLE="bold italics"/>
		<TextStyle ID="TXT_42" FONTSIZE="17" FONTFAMILY="Times New Roman"/>
		<TextStyle ID="TXT_43" FONTSIZE="13" FONTFAMILY="Times New Roman"/>
		<TextStyle ID="TXT_44" FONTSIZE="10" FONTFAMILY="Times New Roman" FONTSTYLE="italics"/>
		<TextStyle ID="TXT_45" FONTSIZE="20" FONTFAMILY="Times New Roman" FONTSTYLE="bold italics"/>
		<TextStyle ID="TXT_46" FONTSIZE="31" FONTFAMILY="Arial" FONTSTYLE="bold italics"/>
		<TextStyle ID="TXT_47" FONTSIZE="24" FONTFAMILY="Arial" FONTSTYLE="bold italics"/>
		<TextStyle ID="TXT_48" FONTSIZE="2" FONTFAMILY="Times New Roman" FONTSTYLE="italics"/>
		<TextStyle ID="TXT_49" FONTSIZE="14" FONTFAMILY="Times New Roman" FONTSTYLE="italics"/>
		<TextStyle ID="TXT_50" FONTSIZE="14" FONTFAMILY="Times New Roman"/>
		<TextStyle ID="TXT_51" FONTSIZE="16" FONTFAMILY="Times New Roman"/>
		<TextStyle ID="TXT_52" FONTSIZE="16" FONTFAMILY="Times New Roman" FONTSTYLE="italics"/>
		<TextStyle ID="TXT_53" FONTSIZE="13" FONTFAMILY="Times New Roman" FONTSTYLE="italics"/>
		<TextStyle ID="TXT_54" FONTSIZE="18" FONTFAMILY="Times New Roman"/>
		<TextStyle ID="TXT_55" FONTSIZE="24" FONTFAMILY="Times New Roman" FONTSTYLE="bold"/>
		<TextStyle ID="TXT_56" FONTSIZE="8" FONTFAMILY="Arial" FONTSTYLE="bold"/>
		<TextStyle ID="TXT_57" FONTSIZE="17" FONTFAMILY="Arial" FONTSTYLE="bold"/>
		<TextStyle ID="TXT_58" FONTSIZE="15" FONTFAMILY="Times New Roman"/>
		<TextStyle ID="TXT_59" FONTSIZE="11" FONTFAMILY="Arial"/>
		<TextStyle ID="TXT_60" FONTSIZE="18" FONTFAMILY="Arial"/>
		<ParagraphStyle ID="PAR_CENTER" ALIGN="Center"/>
		<ParagraphStyle ID="PAR_LEFT" ALIGN="Left"/>
		<ParagraphStyle ID="PAR_BLOCK" ALIGN="Block"/>
	</Styles>
	<Layout>
		<Page ID="P4" PHYSICAL_IMG_NR="4" HEIGHT="4214" WIDTH="3288" ACCURACY="98.57" PC="0.836">
			<TopMargin ID="P4_TM00001" HPOS="0" VPOS="0" WIDTH="3288" HEIGHT="59"/>
			<LeftMargin ID="P4_LM00001" HPOS="0" VPOS="59" WIDTH="84" HEIGHT="4104"/>
			<RightMargin ID="P4_RM00001" HPOS="3237" VPOS="59" WIDTH="51" HEIGHT="4104"/>
			<BottomMargin ID="P4_BM00001" HPOS="0" VPOS="4163" WIDTH="3288" HEIGHT="51"/>
			<PrintSpace ID="P4_PS00001" HPOS="84" VPOS="59" WIDTH="3153" HEIGHT="4104">
				<TextBlock ID="P4_TB00001" HPOS="1192" VPOS="59" WIDTH="940" HEIGHT="26" STYLEREFS="TXT_0 PAR_CENTER">
					<TextLine ID="P4_TL00001" HPOS="1193" VPOS="60" WIDTH="939" HEIGHT="25">
						<String ID="P4_ST00001" HPOS="1193" VPOS="60" WIDTH="61" HEIGHT="22" CONTENT="THE" WC="0.91" CC="976"/>
						<SP ID="P4_SP00001" HPOS="1254" VPOS="82" WIDTH="12"/>
						<String ID="P4_ST00002" HPOS="1266" VPOS="61" WIDTH="61" HEIGHT="21" CONTENT="HOT" WC="0.93" CC="738"/>
						<SP ID="P4_SP00002" HPOS="1327" VPOS="82" WIDTH="13"/>
						<String ID="P4_ST00003" HPOS="1340" VPOS="60" WIDTH="93" HEIGHT="21" CONTENT="LAKES" WC="0.95" CC="99846"/>
						<SP ID="P4_SP00003" HPOS="1433" VPOS="82" WIDTH="15"/>
						<String ID="P4_ST00004" HPOS="1448" VPOS="60" WIDTH="176" HEIGHT="24" CONTENT="CHRONICLE," WC="0.98" CC="3776725905"/>
						<SP ID="P4_SP00004" HPOS="1624" VPOS="84" WIDTH="15"/>
						<String ID="P4_ST00005" HPOS="1639" VPOS="60" WIDTH="194" HEIGHT="25" CONTENT="WEDNESDAY," WC="0.98" CC="7677509972"/>
						<SP ID="P4_SP00005" HPOS="1833" VPOS="85" WIDTH="22"/>
						<String ID="P4_ST00006" HPOS="1855" VPOS="60" WIDTH="158" HEIGHT="21" CONTENT="FEBRUARY" WC="0.97" CC="72788086"/>
						<SP ID="P4_SP00006" HPOS="2013" VPOS="85" WIDTH="12"/>
						<String ID="P4_ST00007" HPOS="2025" VPOS="62" WIDTH="33" HEIGHT="23" CONTENT="12." WC="0.32" CC="757"/>
						<SP ID="P4_SP00007" HPOS="2058" VPOS="85" WIDTH="17"/>
						<String ID="P4_ST00008" HPOS="2075" VPOS="62" WIDTH="57" HEIGHT="22" CONTENT="1^96," WC="0.56" CC="48072"/>
					</TextLine>
				</TextBlock>
				<TextBlock ID="P4_TB00002" HPOS="2802" VPOS="4058" WIDTH="423" HEIGHT="98" STYLEREFS="TXT_1 PAR_LEFT">
					<TextLine ID="P4_TL00002" HPOS="2802" VPOS="4060" WIDTH="423" HEIGHT="23">
						<String ID="P4_ST00009" HPOS="2802" VPOS="4060" WIDTH="69" HEIGHT="17" CONTENT="Printed" WC="0.98" CC="7008069"/>
						<SP ID="P4_SP00008" HPOS="2871" VPOS="4077" WIDTH="12"/>
						<String ID="P4_ST00010" HPOS="2883" VPOS="4062" WIDTH="34" HEIGHT="16" CONTENT="and" WC="0.95" CC="067"/>
						<SP ID="P4_SP00009" HPOS="2917" VPOS="4078" WIDTH="10"/>
						<String ID="P4_ST00011" HPOS="2927" VPOS="4062" WIDTH="92" HEIGHT="21" CONTENT="published" WC="0.98" CC="739167730"/>
						<SP ID="P4_SP00010" HPOS="3019" VPOS="4083" WIDTH="18"/>
						<String ID="P4_ST00012" HPOS="3037" VPOS="4062" WIDTH="28" HEIGHT="16" CONTENT="for" WC="0.92" CC="775"/>
						<SP ID="P4_SP00011" HPOS="3065" VPOS="4083" WIDTH="15"/>
						<String ID="P4_ST00013" HPOS="3080" VPOS="4062" WIDTH="30" HEIGHT="16" CONTENT="tho" WC="0.40" CC="467"/>
						<SP ID="P4_SP00012" HPOS="3110" VPOS="4083" WIDTH="16"/>
						<String ID="P4_ST00014" HPOS="3126" VPOS="4062" WIDTH="99" HEIGHT="21" CONTENT="proprietor," WC="0.99" CC="81494136750"/>
					</TextLine>
					<TextLine ID="P4_TL00003" HPOS="2821" VPOS="4082" WIDTH="403" HEIGHT="22">
						<String ID="P4_ST00015" HPOS="2821" VPOS="4084" WIDTH="19" HEIGHT="14" CONTENT="at" WC="0.48" CC="45"/>
						<SP ID="P4_SP00013" HPOS="2840" VPOS="4098" WIDTH="15"/>
						<String ID="P4_ST00016" HPOS="2855" VPOS="4082" WIDTH="27" HEIGHT="17" CONTENT="his" WC="0.95" CC="607"/>
						<SP ID="P4_SP00014" HPOS="2882" VPOS="4099" WIDTH="19"/>
						<String ID="P4_ST00017" HPOS="2901" VPOS="4083" WIDTH="95" HEIGHT="20" CONTENT="registered" WC="0.98" CC="0786604679"/>
						<SP ID="P4_SP00015" HPOS="2996" VPOS="4103" WIDTH="6"/>
						<String ID="P4_ST00018" HPOS="3002" VPOS="4083" WIDTH="78" HEIGHT="21" CONTENT="printing" WC="0.97" CC="53886278"/>
						<SP ID="P4_SP00016" HPOS="3080" VPOS="4104" WIDTH="6"/>
						<String ID="P4_ST00019" HPOS="3086" VPOS="4084" WIDTH="48" HEIGHT="15" CONTENT="office" WC="0.96" CC="772586"/>
						<SP ID="P4_SP00017" HPOS="3134" VPOS="4104" WIDTH="14"/>
						<String ID="P4_ST00020" HPOS="3148" VPOS="4083" WIDTH="76" HEIGHT="17" CONTENT="Rotjrua" WC="0.39" CC="7768660"/>
					</TextLine>
					<TextLine ID="P4_TL00004" HPOS="2821" VPOS="4103" WIDTH="384" HEIGHT="22">
						<String ID="P4_ST00021" HPOS="2821" VPOS="4103" WIDTH="24" HEIGHT="22" CONTENT="by" WC="0.41" CC="83"/>
						<SP ID="P4_SP00018" HPOS="2845" VPOS="4125" WIDTH="6"/>
						<String ID="P4_ST00022" HPOS="2851" VPOS="4103" WIDTH="59" HEIGHT="18" CONTENT="Pbboy" WC="0.20" CC="77779"/>
						<SP ID="P4_SP00019" HPOS="2910" VPOS="4125" WIDTH="10"/>
						<String ID="P4_ST00023" HPOS="2920" VPOS="4104" WIDTH="59" HEIGHT="17" CONTENT="Jambs" WC="0.96" CC="27777"/>
						<SP ID="P4_SP00020" HPOS="2979" VPOS="4125" WIDTH="9"/>
						<String ID="P4_ST00024" HPOS="2988" VPOS="4105" WIDTH="100" HEIGHT="20" CONTENT="Hasixond," WC="0.21" CC="887888982"/>
						<SP ID="P4_SP00021" HPOS="3088" VPOS="4125" WIDTH="13"/>
						<String ID="P4_ST00025" HPOS="3101" VPOS="4105" WIDTH="18" HEIGHT="16" CONTENT="of" WC="0.07" CC="89"/>
						<SP ID="P4_SP00022" HPOS="3119" VPOS="4125" WIDTH="10"/>
						<String ID="P4_ST00026" HPOS="3129" VPOS="4104" WIDTH="76" HEIGHT="17" CONTENT="Rotorua" WC="0.28" CC="9862479"/>
					</TextLine>
				</TextBlock>
				<ComposedBlock ID="P4_CB00001" HPOS="84" VPOS="131" WIDTH="896" HEIGHT="2184" TYPE="Advertisement">
					<TextBlock ID="P4_TB00003" HPOS="84" VPOS="131" WIDTH="896" HEIGHT="2184" STYLEREFS="TXT_2 PAR_LEFT">
						<TextLine ID="P4_TL00005" HPOS="204" VPOS="132" WIDTH="651" HEIGHT="79">
							<String ID="P4_ST00027" HPOS="204" VPOS="136" WIDTH="246" HEIGHT="71" CONTENT="LAKE" WC="0.99" CC="0300" STYLEREFS="TXT_3"/>
							<SP ID="P4_SP00023" HPOS="450" VPOS="207" WIDTH="58"/>
							<String ID="P4_ST00028" HPOS="508" VPOS="132" WIDTH="347" HEIGHT="79" CONTENT="HOUSE.," WC="0.97" CC="4787826" STYLEREFS="TXT_4"/>
						</TextLine>
						<TextLine ID="P4_TL00006" HPOS="178" VPOS="231" WIDTH="697" HEIGHT="53">
							<String ID="P4_ST00029" HPOS="178" VPOS="235" WIDTH="309" HEIGHT="49" CONTENT="Hydropathic" WC="0.99" CC="77430096706" STYLEREFS="TXT_5"/>
							<SP ID="P4_SP00024" HPOS="487" VPOS="284" WIDTH="19"/>
							<String ID="P4_ST00030" HPOS="506" VPOS="231" WIDTH="146" HEIGHT="40" CONTENT="Hotel," WC="0.99" CC="706001" STYLEREFS="TXT_5"/>
							<SP ID="P4_SP00025" HPOS="652" VPOS="284" WIDTH="14"/>
							<String ID="P4_ST00031" HPOS="666" VPOS="231" WIDTH="209" HEIGHT="35" CONTENT="Rotorua." WC="0.44" CC="84906770" STYLEREFS="TXT_5"/>
						</TextLine>
						<TextLine ID="P4_TL00007" HPOS="369" VPOS="285" WIDTH="327" HEIGHT="31">
							<String ID="P4_ST00032" HPOS="369" VPOS="285" WIDTH="223" HEIGHT="31" CONTENT="Established" WC="0.99" CC="40679100713" STYLEREFS="TXT_6"/>
							<SP ID="P4_SP00026" HPOS="592" VPOS="316" WIDTH="19"/>
							<String ID="P4_ST00033" HPOS="611" VPOS="285" WIDTH="85" HEIGHT="27" CONTENT="1881." WC="0.97" CC="01000" STYLEREFS="TXT_6"/>
						</TextLine>
						<TextLine ID="P4_TL00008" HPOS="85" VPOS="321" WIDTH="885" HEIGHT="35">
							<String ID="P4_ST00034" HPOS="85" VPOS="331" WIDTH="72" HEIGHT="20" CONTENT="Under" WC="0.96" CC="47456"/>
							<SP ID="P4_SP00027" HPOS="157" VPOS="351" WIDTH="12"/>
							<String ID="P4_ST00035" HPOS="169" VPOS="331" WIDTH="36" HEIGHT="20" CONTENT="the" WC="0.97" CC="070"/>
							<SP ID="P4_SP00028" HPOS="205" VPOS="351" WIDTH="18"/>
							<String ID="P4_ST00036" HPOS="223" VPOS="333" WIDTH="112" HEIGHT="23" CONTENT="patronage" WC="0.98" CC="391707956"/>
							<SP ID="P4_SP00029" HPOS="335" VPOS="356" WIDTH="16"/>
							<String ID="P4_ST00037" HPOS="351" VPOS="329" WIDTH="21" HEIGHT="18" CONTENT="of" WC="0.45" CC="64"/>
							<SP ID="P4_SP00030" HPOS="372" VPOS="356" WIDTH="18"/>
							<String ID="P4_ST00038" HPOS="390" VPOS="327" WIDTH="32" HEIGHT="19" CONTENT="Sir" WC="0.95" CC="526"/>
							<SP ID="P4_SP00031" HPOS="422" VPOS="356" WIDTH="8"/>
							<String ID="P4_ST00039" HPOS="430" VPOS="326" WIDTH="35" HEIGHT="20" CONTENT="W." WC="0.48" CC="90"/>
							<SP ID="P4_SP00032" HPOS="465" VPOS="356" WIDTH="17"/>
							<String ID="P4_ST00040" HPOS="482" VPOS="325" WIDTH="86" HEIGHT="23" CONTENT="Jervois," WC="0.50" CC="53493470"/>
							<SP ID="P4_SP00033" HPOS="568" VPOS="356" WIDTH="16"/>
							<String ID="P4_ST00041" HPOS="584" VPOS="324" WIDTH="51" HEIGHT="19" CONTENT="Earl" WC="0.94" CC="9746"/>
							<SP ID="P4_SP00034" HPOS="635" VPOS="356" WIDTH="14"/>
							<String ID="P4_ST00042" HPOS="649" VPOS="324" WIDTH="40" HEIGHT="19" CONTENT="and" WC="1.00" CC="000"/>
							<SP ID="P4_SP00035" HPOS="689" VPOS="356" WIDTH="16"/>
							<String ID="P4_ST00043" HPOS="705" VPOS="324" WIDTH="99" HEIGHT="19" CONTENT="Countess" WC="0.98" CC="50670036"/>
							<SP ID="P4_SP00036" HPOS="804" VPOS="356" WIDTH="13"/>
							<String ID="P4_ST00044" HPOS="817" VPOS="322" WIDTH="22" HEIGHT="19" CONTENT="of" WC="0.38" CC="65"/>
							<SP ID="P4_SP00037" HPOS="839" VPOS="356" WIDTH="8"/>
							<String ID="P4_ST00045" HPOS="847" VPOS="321" WIDTH="123" HEIGHT="25" CONTENT="Hopetown," WC="0.53" CC="729002972"/>
						</TextLine>
						<TextLine ID="P4_TL00009" HPOS="257" VPOS="350" WIDTH="544" HEIGHT="27">
							<String ID="P4_ST00046" HPOS="257" VPOS="357" WIDTH="35" HEIGHT="20" CONTENT="the" WC="0.96" CC="073"/>
							<SP ID="P4_SP00038" HPOS="292" VPOS="377" WIDTH="9"/>
							<String ID="P4_ST00047" HPOS="301" VPOS="356" WIDTH="54" HEIGHT="19" CONTENT="Hon." WC="0.96" CC="7570"/>
							<SP ID="P4_SP00039" HPOS="355" VPOS="377" WIDTH="14"/>
							<String ID="P4_ST00048" HPOS="369" VPOS="352" WIDTH="91" HEIGHT="20" CONTENT="Premier" WC="0.98" CC="7500617"/>
							<SP ID="P4_SP00040" HPOS="460" VPOS="377" WIDTH="9"/>
							<String ID="P4_ST00049" HPOS="469" VPOS="351" WIDTH="41" HEIGHT="20" CONTENT="and" WC="0.96" CC="090"/>
							<SP ID="P4_SP00041" HPOS="510" VPOS="377" WIDTH="13"/>
							<String ID="P4_ST00050" HPOS="523" VPOS="350" WIDTH="103" HEIGHT="19" CONTENT="Members" WC="0.98" CC="6087066"/>
							<SP ID="P4_SP00042" HPOS="626" VPOS="377" WIDTH="14"/>
							<String ID="P4_ST00051" HPOS="640" VPOS="350" WIDTH="22" HEIGHT="19" CONTENT="of" WC="0.59" CC="43"/>
							<SP ID="P4_SP00043" HPOS="662" VPOS="377" WIDTH="9"/>
							<String ID="P4_ST00052" HPOS="671" VPOS="350" WIDTH="130" HEIGHT="19" CONTENT="Parliament." WC="0.99" CC="70750560780"/>
						</TextLine>
						<TextLine ID="P4_TL00010" HPOS="139" VPOS="398" WIDTH="832" HEIGHT="31">
							<String ID="P4_ST00053" HPOS="139" VPOS="409" WIDTH="44" HEIGHT="20" CONTENT="The" WC="0.94" CC="970"/>
							<SP ID="P4_SP00044" HPOS="183" VPOS="429" WIDTH="9"/>
							<String ID="P4_ST00054" HPOS="192" VPOS="409" WIDTH="64" HEIGHT="19" CONTENT="Hotel" WC="0.99" CC="60001"/>
							<SP ID="P4_SP00045" HPOS="256" VPOS="429" WIDTH="8"/>
							<String ID="P4_ST00055" HPOS="264" VPOS="408" WIDTH="18" HEIGHT="19" CONTENT="is" WC="0.77" CC="04"/>
							<SP ID="P4_SP00046" HPOS="282" VPOS="429" WIDTH="9"/>
							<String ID="P4_ST00056" HPOS="291" VPOS="405" WIDTH="85" HEIGHT="20" CONTENT="situated" WC="0.98" CC="74036009"/>
							<SP ID="P4_SP00047" HPOS="376" VPOS="429" WIDTH="10"/>
							<String ID="P4_ST00057" HPOS="386" VPOS="411" WIDTH="26" HEIGHT="12" CONTENT="on" WC="0.63" CC="07"/>
							<SP ID="P4_SP00048" HPOS="412" VPOS="429" WIDTH="9"/>
							<String ID="P4_ST00058" HPOS="421" VPOS="411" WIDTH="27" HEIGHT="12" CONTENT="an" WC="0.65" CC="06"/>
							<SP ID="P4_SP00049" HPOS="448" VPOS="429" WIDTH="10"/>
							<String ID="P4_ST00059" HPOS="458" VPOS="403" WIDTH="91" HEIGHT="20" CONTENT="elevated" WC="0.99" CC="05060000"/>
							<SP ID="P4_SP00050" HPOS="549" VPOS="429" WIDTH="9"/>
							<String ID="P4_ST00060" HPOS="558" VPOS="402" WIDTH="88" HEIGHT="26" CONTENT="position" WC="0.99" CC="50650000"/>
							<SP ID="P4_SP00051" HPOS="646" VPOS="429" WIDTH="9"/>
							<String ID="P4_ST00061" HPOS="655" VPOS="408" WIDTH="25" HEIGHT="12" CONTENT="on" WC="0.34" CC="57"/>
							<SP ID="P4_SP00052" HPOS="680" VPOS="429" WIDTH="10"/>
							<String ID="P4_ST00062" HPOS="690" VPOS="401" WIDTH="34" HEIGHT="19" CONTENT="the" WC="0.94" CC="096"/>
							<SP ID="P4_SP00053" HPOS="724" VPOS="429" WIDTH="10"/>
							<String ID="P4_ST00063" HPOS="734" VPOS="400" WIDTH="68" HEIGHT="19" CONTENT="shores" WC="0.98" CC="070126"/>
							<SP ID="P4_SP00054" HPOS="802" VPOS="429" WIDTH="9"/>
							<String ID="P4_ST00064" HPOS="811" VPOS="399" WIDTH="22" HEIGHT="19" CONTENT="of" WC="1.00" CC="00"/>
							<SP ID="P4_SP00055" HPOS="833" VPOS="429" WIDTH="13"/>
							<String ID="P4_ST00065" HPOS="846" VPOS="398" WIDTH="57" HEIGHT="19" CONTENT="Lake" WC="0.95" CC="6781"/>
							<SP ID="P4_SP00056" HPOS="903" VPOS="429" WIDTH="7"/>
							<String ID="P4_ST00066" HPOS="910" VPOS="398" WIDTH="49" HEIGHT="18" CONTENT="Koto" SUBS_TYPE="HypPart1" SUBS_CONTENT="Kotorua," WC="0.54" CC="9606"/>
							<HYP HPOS="959" VPOS="398" WIDTH="12" CONTENT="-"/>
						</TextLine>
						<TextLine ID="P4_TL00011" HPOS="87" VPOS="428" WIDTH="531" HEIGHT="31">
							<String ID="P4_ST00067" HPOS="87" VPOS="441" WIDTH="44" HEIGHT="18" CONTENT="rua," SUBS_TYPE="HypPart2" SUBS_CONTENT="Kotorua," WC="0.48" CC="7803"/>
							<SP ID="P4_SP00057" HPOS="131" VPOS="459" WIDTH="10"/>
							<String ID="P4_ST00068" HPOS="141" VPOS="435" WIDTH="119" HEIGHT="20" CONTENT="convenient" WC="0.99" CC="3177070470"/>
							<SP ID="P4_SP00058" HPOS="260" VPOS="459" WIDTH="13"/>
							<String ID="P4_ST00069" HPOS="273" VPOS="437" WIDTH="21" HEIGHT="15" CONTENT="to" WC="0.76" CC="04"/>
							<SP ID="P4_SP00059" HPOS="294" VPOS="459" WIDTH="10"/>
							<String ID="P4_ST00070" HPOS="304" VPOS="432" WIDTH="27" HEIGHT="19" CONTENT="all" WC="0.95" CC="750"/>
							<SP ID="P4_SP00060" HPOS="331" VPOS="459" WIDTH="10"/>
							<String ID="P4_ST00071" HPOS="341" VPOS="432" WIDTH="33" HEIGHT="18" CONTENT="the" WC="0.95" CC="290"/>
							<SP ID="P4_SP00061" HPOS="374" VPOS="459" WIDTH="10"/>
							<String ID="P4_ST00072" HPOS="384" VPOS="430" WIDTH="65" HEIGHT="24" CONTENT="sights" WC="0.98" CC="709007"/>
							<SP ID="P4_SP00062" HPOS="449" VPOS="459" WIDTH="9"/>
							<String ID="P4_ST00073" HPOS="458" VPOS="430" WIDTH="22" HEIGHT="19" CONTENT="in" WC="0.63" CC="07"/>
							<SP ID="P4_SP00063" HPOS="480" VPOS="459" WIDTH="9"/>
							<String ID="P4_ST00074" HPOS="489" VPOS="429" WIDTH="36" HEIGHT="20" CONTENT="the" WC="1.00" CC="000"/>
							<SP ID="P4_SP00064" HPOS="525" VPOS="459" WIDTH="9"/>
							<String ID="P4_ST00075" HPOS="534" VPOS="428" WIDTH="84" HEIGHT="19" CONTENT="district." WC="1.00" CC="204020020"/>
						</TextLine>
						<TextLine ID="P4_TL00012" HPOS="162" VPOS="458" WIDTH="735" HEIGHT="31">
							<String ID="P4_ST00076" HPOS="162" VPOS="467" WIDTH="136" HEIGHT="22" CONTENT="SULPHUR" WC="0.97" CC="4680868"/>
							<SP ID="P4_SP00065" HPOS="298" VPOS="489" WIDTH="8"/>
							<String ID="P4_ST00077" HPOS="306" VPOS="468" WIDTH="18" HEIGHT="17" CONTENT="&amp;" WC="1.00" CC="0"/>
							<SP ID="P4_SP00066" HPOS="324" VPOS="489" WIDTH="8"/>
							<String ID="P4_ST00078" HPOS="332" VPOS="464" WIDTH="131" HEIGHT="21" CONTENT="MINERAL" WC="0.98" CC="6205700"/>
							<SP ID="P4_SP00067" HPOS="463" VPOS="489" WIDTH="10"/>
							<String ID="P4_ST00079" HPOS="473" VPOS="463" WIDTH="92" HEIGHT="20" CONTENT="BATHS" WC="0.95" CC="78964"/>
							<SP ID="P4_SP00068" HPOS="565" VPOS="489" WIDTH="9"/>
							<String ID="P4_ST00080" HPOS="574" VPOS="463" WIDTH="22" HEIGHT="19" CONTENT="in" WC="0.66" CC="06"/>
							<SP ID="P4_SP00069" HPOS="596" VPOS="489" WIDTH="9"/>
							<String ID="P4_ST00081" HPOS="605" VPOS="463" WIDTH="35" HEIGHT="19" CONTENT="the" WC="0.98" CC="005"/>
							<SP ID="P4_SP00070" HPOS="640" VPOS="489" WIDTH="9"/>
							<String ID="P4_ST00082" HPOS="649" VPOS="461" WIDTH="93" HEIGHT="21" CONTENT="Grounds" WC="0.97" CC="6302797"/>
							<SP ID="P4_SP00071" HPOS="742" VPOS="489" WIDTH="10"/>
							<String ID="P4_ST00083" HPOS="752" VPOS="461" WIDTH="21" HEIGHT="19" CONTENT="of" WC="0.85" CC="20"/>
							<SP ID="P4_SP00072" HPOS="773" VPOS="489" WIDTH="9"/>
							<String ID="P4_ST00084" HPOS="782" VPOS="460" WIDTH="35" HEIGHT="19" CONTENT="the" WC="1.00" CC="000"/>
							<SP ID="P4_SP00073" HPOS="817" VPOS="489" WIDTH="9"/>
							<String ID="P4_ST00085" HPOS="826" VPOS="458" WIDTH="71" HEIGHT="21" CONTENT="Hotel." WC="0.98" CC="700440"/>
						</TextLine>
						<TextLine ID="P4_TL00013" HPOS="87" VPOS="512" WIDTH="663" HEIGHT="33">
							<String ID="P4_ST00086" HPOS="87" VPOS="523" WIDTH="36" HEIGHT="22" CONTENT="fcg-" WC="0.31" CC="7783" STYLEREFS="TXT_7"/>
							<SP ID="P4_SP00074" HPOS="123" VPOS="545" WIDTH="15"/>
							<String ID="P4_ST00087" HPOS="138" VPOS="522" WIDTH="17" HEIGHT="18" CONTENT="n" WC="0.24" CC="7"/>
							<SP ID="P4_SP00075" HPOS="155" VPOS="545" WIDTH="11"/>
							<String ID="P4_ST00088" HPOS="166" VPOS="521" WIDTH="17" HEIGHT="18" CONTENT="B" WC="0.17" CC="8"/>
							<SP ID="P4_SP00076" HPOS="183" VPOS="545" WIDTH="8"/>
							<String ID="P4_ST00089" HPOS="191" VPOS="520" WIDTH="70" HEIGHT="19" CONTENT="—Mrs" WC="0.95" CC="8727"/>
							<SP ID="P4_SP00077" HPOS="261" VPOS="545" WIDTH="9"/>
							<String ID="P4_ST00090" HPOS="270" VPOS="518" WIDTH="89" HEIGHT="20" CONTENT="Graham" WC="0.98" CC="048009"/>
							<SP ID="P4_SP00078" HPOS="359" VPOS="545" WIDTH="10"/>
							<String ID="P4_ST00091" HPOS="369" VPOS="517" WIDTH="41" HEIGHT="19" CONTENT="w'll" WC="0.63" CC="8500"/>
							<SP ID="P4_SP00079" HPOS="410" VPOS="545" WIDTH="8"/>
							<String ID="P4_ST00092" HPOS="418" VPOS="516" WIDTH="41" HEIGHT="19" CONTENT="also" WC="0.98" CC="0070"/>
							<SP ID="P4_SP00080" HPOS="459" VPOS="545" WIDTH="10"/>
							<String ID="P4_ST00093" HPOS="469" VPOS="515" WIDTH="95" HEIGHT="20" CONTENT="continue" WC="0.98" CC="06702755"/>
							<SP ID="P4_SP00081" HPOS="564" VPOS="545" WIDTH="9"/>
							<String ID="P4_ST00094" HPOS="573" VPOS="517" WIDTH="21" HEIGHT="17" CONTENT="to" WC="0.84" CC="03"/>
							<SP ID="P4_SP00082" HPOS="594" VPOS="545" WIDTH="10"/>
							<String ID="P4_ST00095" HPOS="604" VPOS="513" WIDTH="101" HEIGHT="26" CONTENT="supervise" WC="0.98" CC="609047270"/>
							<SP ID="P4_SP00083" HPOS="705" VPOS="545" WIDTH="10"/>
							<String ID="P4_ST00096" HPOS="715" VPOS="512" WIDTH="35" HEIGHT="20" CONTENT="the" WC="0.96" CC="091"/>
						</TextLine>
						<TextLine ID="P4_TL00014" HPOS="105" VPOS="541" WIDTH="843" HEIGHT="38">
							<String ID="P4_ST00097" HPOS="105" VPOS="551" WIDTH="173" HEIGHT="28" CONTENT="GEYSER" WC="0.97" CC="537127" STYLEREFS="TXT_6"/>
							<SP ID="P4_SP00084" HPOS="278" VPOS="579" WIDTH="16"/>
							<String ID="P4_ST00098" HPOS="294" VPOS="548" WIDTH="146" HEIGHT="28" CONTENT="HOUSE" WC="0.97" CC="70835" STYLEREFS="TXT_6"/>
							<SP ID="P4_SP00085" HPOS="440" VPOS="579" WIDTH="18"/>
							<String ID="P4_ST00099" HPOS="458" VPOS="543" WIDTH="316" HEIGHT="31" CONTENT="HYDROPATHIC" WC="0.98" CC="75976687708" STYLEREFS="TXT_6"/>
							<SP ID="P4_SP00086" HPOS="774" VPOS="579" WIDTH="19"/>
							<String ID="P4_ST00100" HPOS="793" VPOS="541" WIDTH="155" HEIGHT="31" CONTENT="HOTEL," WC="0.98" CC="704262" STYLEREFS="TXT_6"/>
						</TextLine>
						<TextLine ID="P4_TL00015" HPOS="397" VPOS="582" WIDTH="275" HEIGHT="27">
							<String ID="P4_ST00101" HPOS="397" VPOS="585" WIDTH="33" HEIGHT="24" CONTENT="W" WC="0.44" CC="5" STYLEREFS="TXT_8"/>
							<SP ID="P4_SP00087" HPOS="430" VPOS="609" WIDTH="14"/>
							<String ID="P4_ST00102" HPOS="444" VPOS="586" WIDTH="24" HEIGHT="23" CONTENT="A" WC="0.42" CC="5" STYLEREFS="TXT_8"/>
							<SP ID="P4_SP00088" HPOS="468" VPOS="609" WIDTH="14"/>
							<String ID="P4_ST00103" HPOS="482" VPOS="585" WIDTH="9" HEIGHT="23" CONTENT="I" WC="0.94" CC="0" STYLEREFS="TXT_8"/>
							<SP ID="P4_SP00089" HPOS="491" VPOS="609" WIDTH="15"/>
							<String ID="P4_ST00104" HPOS="506" VPOS="585" WIDTH="23" HEIGHT="23" CONTENT="R" WC="1.00" CC="0" STYLEREFS="TXT_8"/>
							<SP ID="P4_SP00090" HPOS="529" VPOS="609" WIDTH="12"/>
							<String ID="P4_ST00105" HPOS="541" VPOS="583" WIDTH="98" HEIGHT="24" CONTENT="AKE" WC="1.00" CC="000" STYLEREFS="TXT_8"/>
							<SP ID="P4_SP00091" HPOS="639" VPOS="609" WIDTH="15"/>
							<String ID="P4_ST00106" HPOS="654" VPOS="582" WIDTH="18" HEIGHT="27" CONTENT="I," WC="0.72" CC="50" STYLEREFS="TXT_8"/>
						</TextLine>
						<TextLine ID="P4_TL00016" HPOS="87" VPOS="610" WIDTH="886" HEIGHT="35">
							<String ID="P4_ST00107" HPOS="87" VPOS="622" WIDTH="66" HEIGHT="19" CONTENT="which" WC="0.98" CC="70500"/>
							<SP ID="P4_SP00092" HPOS="153" VPOS="641" WIDTH="18"/>
							<String ID="P4_ST00108" HPOS="171" VPOS="622" WIDTH="38" HEIGHT="19" CONTENT="has" WC="0.95" CC="506"/>
							<SP ID="P4_SP00093" HPOS="209" VPOS="641" WIDTH="14"/>
							<String ID="P4_ST00109" HPOS="223" VPOS="621" WIDTH="82" HEIGHT="20" CONTENT="become" WC="0.98" CC="710067"/>
							<SP ID="P4_SP00094" HPOS="305" VPOS="641" WIDTH="19"/>
							<String ID="P4_ST00110" HPOS="324" VPOS="626" WIDTH="12" HEIGHT="13" CONTENT="a" WC="1.00" CC="0"/>
							<SP ID="P4_SP00095" HPOS="336" VPOS="641" WIDTH="9"/>
							<String ID="P4_ST00111" HPOS="345" VPOS="618" WIDTH="85" HEIGHT="27" CONTENT="popular" WC="0.97" CC="9376732"/>
							<SP ID="P4_SP00096" HPOS="430" VPOS="645" WIDTH="19"/>
							<String ID="P4_ST00112" HPOS="449" VPOS="618" WIDTH="40" HEIGHT="19" CONTENT="and" WC="0.94" CC="970"/>
							<SP ID="P4_SP00097" HPOS="489" VPOS="645" WIDTH="16"/>
							<String ID="P4_ST00113" HPOS="505" VPOS="616" WIDTH="101" HEIGHT="20" CONTENT="favourite" WC="0.99" CC="000557000"/>
							<SP ID="P4_SP00098" HPOS="606" VPOS="645" WIDTH="18"/>
							<String ID="P4_ST00114" HPOS="624" VPOS="616" WIDTH="64" HEIGHT="18" CONTENT="resort" WC="0.98" CC="605042"/>
							<SP ID="P4_SP00099" HPOS="688" VPOS="645" WIDTH="14"/>
							<String ID="P4_ST00115" HPOS="702" VPOS="615" WIDTH="95" HEIGHT="23" CONTENT="amongst" WC="0.98" CC="0007069"/>
							<SP ID="P4_SP00100" HPOS="797" VPOS="645" WIDTH="14"/>
							<String ID="P4_ST00116" HPOS="811" VPOS="612" WIDTH="108" HEIGHT="20" CONTENT="travellers" WC="0.99" CC="0408023726"/>
							<SP ID="P4_SP00101" HPOS="919" VPOS="645" WIDTH="14"/>
							<String ID="P4_ST00117" HPOS="933" VPOS="610" WIDTH="40" HEIGHT="20" CONTENT="and" WC="0.92" CC="579"/>
						</TextLine>
						<TextLine ID="P4_TL00017" HPOS="485" VPOS="642" WIDTH="94" HEIGHT="20">
							<String ID="P4_ST00118" HPOS="485" VPOS="642" WIDTH="94" HEIGHT="20" CONTENT="invalids." WC="0.99" CC="000077540"/>
						</TextLine>
						<TextLine ID="P4_TL00018" HPOS="529" VPOS="673" WIDTH="11" HEIGHT="12">
							<String ID="P4_ST00119" HPOS="529" VPOS="673" WIDTH="11" HEIGHT="12" CONTENT="o" WC="0.42" CC="5"/>
							<SP ID="P4_SP00102" HPOS="540" VPOS="685" WIDTH="0"/>
						</TextLine>
						<TextLine ID="P4_TL00019" HPOS="231" VPOS="693" WIDTH="596" HEIGHT="27">
							<String ID="P4_ST00120" HPOS="231" VPOS="700" WIDTH="20" HEIGHT="19" CONTENT="A" WC="0.07" CC="9"/>
							<SP ID="P4_SP00103" HPOS="251" VPOS="719" WIDTH="8"/>
							<String ID="P4_ST00121" HPOS="259" VPOS="699" WIDTH="105" HEIGHT="20" CONTENT="reduction" WC="0.99" CC="120500347"/>
							<SP ID="P4_SP00104" HPOS="364" VPOS="719" WIDTH="8"/>
							<String ID="P4_ST00122" HPOS="372" VPOS="698" WIDTH="18" HEIGHT="19" CONTENT="is" WC="0.46" CC="46"/>
							<SP ID="P4_SP00105" HPOS="390" VPOS="719" WIDTH="8"/>
							<String ID="P4_ST00123" HPOS="398" VPOS="697" WIDTH="59" HEIGHT="20" CONTENT="made" WC="0.98" CC="2600"/>
							<SP ID="P4_SP00106" HPOS="457" VPOS="719" WIDTH="9"/>
							<String ID="P4_ST00124" HPOS="466" VPOS="699" WIDTH="21" HEIGHT="16" CONTENT="to" WC="0.94" CC="01"/>
							<SP ID="P4_SP00107" HPOS="487" VPOS="719" WIDTH="14"/>
							<String ID="P4_ST00125" HPOS="501" VPOS="695" WIDTH="78" HEIGHT="25" CONTENT="weekly" WC="0.98" CC="700045"/>
							<SP ID="P4_SP00108" HPOS="579" VPOS="720" WIDTH="9"/>
							<String ID="P4_ST00126" HPOS="588" VPOS="701" WIDTH="23" HEIGHT="12" CONTENT="or" WC="0.83" CC="11"/>
							<SP ID="P4_SP00109" HPOS="611" VPOS="720" WIDTH="13"/>
							<String ID="P4_ST00127" HPOS="624" VPOS="693" WIDTH="92" HEIGHT="25" CONTENT="monthly" WC="0.99" CC="0080009"/>
							<SP ID="P4_SP00110" HPOS="716" VPOS="720" WIDTH="8"/>
							<String ID="P4_ST00128" HPOS="724" VPOS="693" WIDTH="103" HEIGHT="19" CONTENT="hoarders." WC="0.99" CC="718080030"/>
						</TextLine>
						<TextLine ID="P4_TL00020" HPOS="100" VPOS="722" WIDTH="860" HEIGHT="31">
							<String ID="P4_ST00129" HPOS="100" VPOS="732" WIDTH="66" HEIGHT="20" CONTENT="Guide" WC="0.98" CC="52200"/>
							<SP ID="P4_SP00111" HPOS="166" VPOS="752" WIDTH="9"/>
							<String ID="P4_ST00130" HPOS="175" VPOS="732" WIDTH="69" HEIGHT="20" CONTENT="Books" WC="0.97" CC="75170"/>
							<SP ID="P4_SP00112" HPOS="244" VPOS="752" WIDTH="10"/>
							<String ID="P4_ST00131" HPOS="254" VPOS="731" WIDTH="41" HEIGHT="19" CONTENT="and" WC="0.94" CC="860"/>
							<SP ID="P4_SP00113" HPOS="295" VPOS="752" WIDTH="8"/>
							<String ID="P4_ST00132" HPOS="303" VPOS="729" WIDTH="130" HEIGHT="21" CONTENT="information" WC="0.99" CC="17404500796"/>
							<SP ID="P4_SP00114" HPOS="433" VPOS="752" WIDTH="18"/>
							<String ID="P4_ST00133" HPOS="451" VPOS="727" WIDTH="63" HEIGHT="26" CONTENT="gratis" WC="0.97" CC="978007"/>
							<SP ID="P4_SP00115" HPOS="514" VPOS="753" WIDTH="10"/>
							<String ID="P4_ST00134" HPOS="524" VPOS="729" WIDTH="21" HEIGHT="16" CONTENT="at" WC="1.00" CC="00"/>
							<SP ID="P4_SP00116" HPOS="545" VPOS="753" WIDTH="10"/>
							<String ID="P4_ST00135" HPOS="555" VPOS="726" WIDTH="56" HEIGHT="20" CONTENT="Cook" WC="0.97" CC="7205"/>
							<SP ID="P4_SP00117" HPOS="611" VPOS="753" WIDTH="14"/>
							<String ID="P4_ST00136" HPOS="625" VPOS="725" WIDTH="40" HEIGHT="19" CONTENT="and" WC="0.97" CC="070"/>
							<SP ID="P4_SP00118" HPOS="665" VPOS="753" WIDTH="10"/>
							<String ID="P4_ST00137" HPOS="675" VPOS="724" WIDTH="56" HEIGHT="20" CONTENT="Sons'" WC="0.98" CC="12603"/>
							<SP ID="P4_SP00119" HPOS="731" VPOS="753" WIDTH="12"/>
							<String ID="P4_ST00138" HPOS="743" VPOS="724" WIDTH="50" HEIGHT="25" CONTENT="(sole" WC="0.99" CC="40001"/>
							<SP ID="P4_SP00120" HPOS="793" VPOS="753" WIDTH="9"/>
							<String ID="P4_ST00139" HPOS="802" VPOS="723" WIDTH="82" HEIGHT="25" CONTENT="agents)" WC="0.99" CC="0907040"/>
							<SP ID="P4_SP00121" HPOS="884" VPOS="753" WIDTH="11"/>
							<String ID="P4_ST00140" HPOS="895" VPOS="722" WIDTH="65" HEIGHT="19" CONTENT="offices" WC="0.99" CC="0511005"/>
						</TextLine>
						<TextLine ID="P4_TL00021" HPOS="395" VPOS="751" WIDTH="270" HEIGHT="28">
							<String ID="P4_ST00141" HPOS="395" VPOS="754" WIDTH="126" HEIGHT="25" CONTENT="throughout" WC="0.99" CC="0744007060"/>
							<SP ID="P4_SP00122" HPOS="521" VPOS="779" WIDTH="8"/>
							<String ID="P4_ST00142" HPOS="529" VPOS="752" WIDTH="36" HEIGHT="19" CONTENT="the" WC="0.97" CC="060"/>
							<SP ID="P4_SP00123" HPOS="565" VPOS="779" WIDTH="15"/>
							<String ID="P4_ST00143" HPOS="580" VPOS="751" WIDTH="85" HEIGHT="25" CONTENT="Colony." WC="0.98" CC="7250807"/>
						</TextLine>
						<TextLine ID="P4_TL00022" HPOS="87" VPOS="803" WIDTH="885" HEIGHT="49">
							<String ID="P4_ST00144" HPOS="87" VPOS="811" WIDTH="104" HEIGHT="39" CONTENT="MRS" WC="0.96" CC="055" STYLEREFS="TXT_9"/>
							<SP ID="P4_SP00124" HPOS="191" VPOS="850" WIDTH="31"/>
							<String ID="P4_ST00145" HPOS="222" VPOS="812" WIDTH="41" HEIGHT="37" CONTENT="R." WC="0.41" CC="74" STYLEREFS="TXT_9"/>
							<SP ID="P4_SP00125" HPOS="263" VPOS="850" WIDTH="19"/>
							<String ID="P4_ST00146" HPOS="282" VPOS="807" WIDTH="208" HEIGHT="45" CONTENT="GRAHAM," WC="0.99" CC="4203071" STYLEREFS="TXT_9"/>
							<SP ID="P4_SP00126" HPOS="490" VPOS="852" WIDTH="51"/>
							<String ID="P4_ST00147" HPOS="541" VPOS="826" WIDTH="18" HEIGHT="7" CONTENT="-" WC="0.55" CC="4" STYLEREFS="TXT_9"/>
							<SP ID="P4_SP00127" HPOS="559" VPOS="852" WIDTH="40"/>
							<String ID="P4_ST00148" HPOS="599" VPOS="825" WIDTH="17" HEIGHT="7" CONTENT="-" WC="0.55" CC="4" STYLEREFS="TXT_9"/>
							<SP ID="P4_SP00128" HPOS="616" VPOS="852" WIDTH="40"/>
							<String ID="P4_ST00149" HPOS="656" VPOS="825" WIDTH="16" HEIGHT="7" CONTENT="-" WC="0.33" CC="6" STYLEREFS="TXT_9"/>
							<SP ID="P4_SP00129" HPOS="672" VPOS="852" WIDTH="48"/>
							<String ID="P4_ST00150" HPOS="720" VPOS="803" WIDTH="252" HEIGHT="46" CONTENT="Proprietress." WC="0.99" CC="5300378106554" STYLEREFS="TXT_9"/>
						</TextLine>
						<TextLine ID="P4_TL00023" HPOS="89" VPOS="908" WIDTH="880" HEIGHT="84">
							<String ID="P4_ST00151" HPOS="89" VPOS="913" WIDTH="464" HEIGHT="79" CONTENT="ATIAMUR!" WC="0.87" CC="00600003" STYLEREFS="TXT_3"/>
							<SP ID="P4_SP00130" HPOS="553" VPOS="992" WIDTH="68"/>
							<String ID="P4_ST00152" HPOS="621" VPOS="908" WIDTH="348" HEIGHT="79" CONTENT="HOTEL," WC="0.99" CC="040004" STYLEREFS="TXT_3"/>
						</TextLine>
						<TextLine ID="P4_TL00024" HPOS="324" VPOS="1007" WIDTH="411" HEIGHT="26">
							<String ID="P4_ST00153" HPOS="324" VPOS="1014" WIDTH="33" HEIGHT="19" CONTENT="On" WC="0.63" CC="07"/>
							<SP ID="P4_SP00131" HPOS="357" VPOS="1033" WIDTH="8"/>
							<String ID="P4_ST00154" HPOS="365" VPOS="1013" WIDTH="36" HEIGHT="18" CONTENT="the" WC="0.97" CC="070"/>
							<SP ID="P4_SP00132" HPOS="401" VPOS="1033" WIDTH="8"/>
							<String ID="P4_ST00155" HPOS="409" VPOS="1011" WIDTH="66" HEIGHT="19" CONTENT="hanks" WC="0.96" CC="78707"/>
							<SP ID="P4_SP00133" HPOS="475" VPOS="1033" WIDTH="10"/>
							<String ID="P4_ST00156" HPOS="485" VPOS="1009" WIDTH="21" HEIGHT="20" CONTENT="of" WC="0.71" CC="05"/>
							<SP ID="P4_SP00134" HPOS="506" VPOS="1033" WIDTH="10"/>
							<String ID="P4_ST00157" HPOS="516" VPOS="1009" WIDTH="34" HEIGHT="19" CONTENT="the" WC="0.94" CC="077"/>
							<SP ID="P4_SP00135" HPOS="550" VPOS="1033" WIDTH="10"/>
							<String ID="P4_ST00158" HPOS="560" VPOS="1008" WIDTH="98" HEIGHT="20" CONTENT="Waikato" WC="0.78" CC="0016600"/>
							<SP ID="P4_SP00136" HPOS="658" VPOS="1033" WIDTH="8"/>
							<String ID="P4_ST00159" HPOS="666" VPOS="1007" WIDTH="69" HEIGHT="20" CONTENT="River." WC="0.99" CC="710021"/>
						</TextLine>
						<TextLine ID="P4_TL00025" HPOS="112" VPOS="1051" WIDTH="833" HEIGHT="36">
							<String ID="P4_ST00160" HPOS="112" VPOS="1064" WIDTH="121" HEIGHT="21" CONTENT="Patronised" WC="0.99" CC="7000561765"/>
							<SP ID="P4_SP00137" HPOS="233" VPOS="1085" WIDTH="18"/>
							<String ID="P4_ST00161" HPOS="251" VPOS="1063" WIDTH="28" HEIGHT="24" CONTENT="by" WC="0.57" CC="80"/>
							<SP ID="P4_SP00138" HPOS="279" VPOS="1087" WIDTH="13"/>
							<String ID="P4_ST00162" HPOS="292" VPOS="1061" WIDTH="35" HEIGHT="19" CONTENT="the" WC="0.94" CC="671"/>
							<SP ID="P4_SP00139" HPOS="327" VPOS="1087" WIDTH="13"/>
							<String ID="P4_ST00163" HPOS="340" VPOS="1060" WIDTH="49" HEIGHT="19" CONTENT="Earl" WC="0.96" CC="1644"/>
							<SP ID="P4_SP00140" HPOS="389" VPOS="1087" WIDTH="16"/>
							<String ID="P4_ST00164" HPOS="405" VPOS="1058" WIDTH="41" HEIGHT="20" CONTENT="and" WC="0.94" CC="277"/>
							<SP ID="P4_SP00141" HPOS="446" VPOS="1087" WIDTH="9"/>
							<String ID="P4_ST00165" HPOS="455" VPOS="1058" WIDTH="99" HEIGHT="20" CONTENT="Countess" WC="0.98" CC="60660077"/>
							<SP ID="P4_SP00142" HPOS="554" VPOS="1087" WIDTH="18"/>
							<String ID="P4_ST00166" HPOS="572" VPOS="1056" WIDTH="22" HEIGHT="19" CONTENT="of" WC="1.00" CC="00"/>
							<SP ID="P4_SP00143" HPOS="594" VPOS="1087" WIDTH="9"/>
							<String ID="P4_ST00167" HPOS="603" VPOS="1055" WIDTH="87" HEIGHT="23" CONTENT="Onslow," WC="0.97" CC="3666792"/>
							<SP ID="P4_SP00144" HPOS="690" VPOS="1087" WIDTH="15"/>
							<String ID="P4_ST00168" HPOS="705" VPOS="1054" WIDTH="98" HEIGHT="20" CONTENT="Countess" WC="0.98" CC="60460067"/>
							<SP ID="P4_SP00145" HPOS="803" VPOS="1087" WIDTH="14"/>
							<String ID="P4_ST00169" HPOS="817" VPOS="1053" WIDTH="22" HEIGHT="19" CONTENT="of" WC="0.70" CC="05"/>
							<SP ID="P4_SP00146" HPOS="839" VPOS="1087" WIDTH="10"/>
							<String ID="P4_ST00170" HPOS="849" VPOS="1051" WIDTH="96" HEIGHT="24" CONTENT="Glasgow" WC="0.97" CC="7694909"/>
						</TextLine>
						<TextLine ID="P4_TL00026" HPOS="271" VPOS="1080" WIDTH="542" HEIGHT="28">
							<String ID="P4_ST00171" HPOS="271" VPOS="1087" WIDTH="40" HEIGHT="21" CONTENT="and" WC="0.95" CC="760"/>
							<SP ID="P4_SP00147" HPOS="311" VPOS="1108" WIDTH="14"/>
							<String ID="P4_ST00172" HPOS="325" VPOS="1087" WIDTH="62" HEIGHT="20" CONTENT="Suite." WC="0.98" CC="504600"/>
							<SP ID="P4_SP00148" HPOS="387" VPOS="1108" WIDTH="29"/>
							<String ID="P4_ST00173" HPOS="416" VPOS="1085" WIDTH="31" HEIGHT="19" CONTENT="Sir" WC="0.96" CC="505"/>
							<SP ID="P4_SP00149" HPOS="447" VPOS="1108" WIDTH="9"/>
							<String ID="P4_ST00174" HPOS="456" VPOS="1084" WIDTH="89" HEIGHT="19" CONTENT="Thomas" WC="0.96" CC="079955"/>
							<SP ID="P4_SP00150" HPOS="545" VPOS="1108" WIDTH="14"/>
							<String ID="P4_ST00175" HPOS="559" VPOS="1082" WIDTH="40" HEIGHT="19" CONTENT="and" WC="0.94" CC="870"/>
							<SP ID="P4_SP00151" HPOS="599" VPOS="1108" WIDTH="9"/>
							<String ID="P4_ST00176" HPOS="608" VPOS="1081" WIDTH="58" HEIGHT="26" CONTENT="Lady" WC="0.98" CC="6300"/>
							<SP ID="P4_SP00152" HPOS="666" VPOS="1108" WIDTH="14"/>
							<String ID="P4_ST00177" HPOS="680" VPOS="1080" WIDTH="133" HEIGHT="20" CONTENT="Mcllwraith." WC="0.66" CC="00629200960"/>
						</TextLine>
						<TextLine ID="P4_TL00027" HPOS="118" VPOS="1159" WIDTH="854" HEIGHT="46">
							<String ID="P4_ST00178" HPOS="118" VPOS="1176" WIDTH="112" HEIGHT="25" CONTENT="Situated" WC="0.99" CC="06585200" STYLEREFS="TXT_8"/>
							<SP ID="P4_SP00153" HPOS="230" VPOS="1201" WIDTH="12"/>
							<String ID="P4_ST00179" HPOS="242" VPOS="1174" WIDTH="101" HEIGHT="31" CONTENT="halfway" WC="0.98" CC="6844800" STYLEREFS="TXT_8"/>
							<SP ID="P4_SP00154" HPOS="343" VPOS="1205" WIDTH="8"/>
							<String ID="P4_ST00180" HPOS="351" VPOS="1173" WIDTH="112" HEIGHT="23" CONTENT="between" WC="0.98" CC="9107006" STYLEREFS="TXT_8"/>
							<SP ID="P4_SP00155" HPOS="463" VPOS="1205" WIDTH="10"/>
							<String ID="P4_ST00181" HPOS="473" VPOS="1171" WIDTH="119" HEIGHT="25" CONTENT="Rotorua," WC="0.69" CC="04020673" STYLEREFS="TXT_8"/>
							<SP ID="P4_SP00156" HPOS="592" VPOS="1205" WIDTH="11"/>
							<String ID="P4_ST00182" HPOS="603" VPOS="1167" WIDTH="87" HEIGHT="31" CONTENT="Taupo" WC="0.77" CC="40600" STYLEREFS="TXT_8"/>
							<SP ID="P4_SP00157" HPOS="690" VPOS="1205" WIDTH="12"/>
							<String ID="P4_ST00183" HPOS="702" VPOS="1166" WIDTH="47" HEIGHT="24" CONTENT="and" WC="0.98" CC="050" STYLEREFS="TXT_8"/>
							<SP ID="P4_SP00158" HPOS="749" VPOS="1205" WIDTH="13"/>
							<String ID="P4_ST00184" HPOS="762" VPOS="1163" WIDTH="126" HEIGHT="26" CONTENT="Lichfield." WC="0.99" CC="0446000640" STYLEREFS="TXT_8"/>
							<SP ID="P4_SP00159" HPOS="888" VPOS="1205" WIDTH="69"/>
							<String ID="P4_ST00185" HPOS="957" VPOS="1159" WIDTH="15" HEIGHT="23" CONTENT="«r" WC="0.14" CC="79" STYLEREFS="TXT_8"/>
						</TextLine>
						<TextLine ID="P4_TL00028" HPOS="85" VPOS="1198" WIDTH="845" HEIGHT="42">
							<String ID="P4_ST00186" HPOS="85" VPOS="1210" WIDTH="103" HEIGHT="30" CONTENT="starting" WC="0.98" CC="00936546" STYLEREFS="TXT_8"/>
							<SP ID="P4_SP00160" HPOS="188" VPOS="1240" WIDTH="23"/>
							<String ID="P4_ST00187" HPOS="211" VPOS="1209" WIDTH="69" HEIGHT="31" CONTENT="place" WC="0.98" CC="94000" STYLEREFS="TXT_8"/>
							<SP ID="P4_SP00161" HPOS="280" VPOS="1240" WIDTH="17"/>
							<String ID="P4_ST00188" HPOS="297" VPOS="1207" WIDTH="37" HEIGHT="23" CONTENT="for" WC="0.94" CC="474" STYLEREFS="TXT_8"/>
							<SP ID="P4_SP00162" HPOS="334" VPOS="1240" WIDTH="17"/>
							<String ID="P4_ST00189" HPOS="351" VPOS="1206" WIDTH="41" HEIGHT="23" CONTENT="the" WC="0.97" CC="060" STYLEREFS="TXT_8"/>
							<SP ID="P4_SP00163" HPOS="392" VPOS="1240" WIDTH="10"/>
							<String ID="P4_ST00190" HPOS="402" VPOS="1202" WIDTH="181" HEIGHT="26" CONTENT="Aniwhaniwha" WC="0.71" CC="50100966000" STYLEREFS="TXT_8"/>
							<SP ID="P4_SP00164" HPOS="583" VPOS="1240" WIDTH="23"/>
							<String ID="P4_ST00191" HPOS="606" VPOS="1200" WIDTH="74" HEIGHT="27" CONTENT="Falls," WC="0.98" CC="206512" STYLEREFS="TXT_8"/>
							<SP ID="P4_SP00165" HPOS="680" VPOS="1240" WIDTH="18"/>
							<String ID="P4_ST00192" HPOS="698" VPOS="1199" WIDTH="41" HEIGHT="24" CONTENT="the" WC="1.00" CC="000" STYLEREFS="TXT_8"/>
							<SP ID="P4_SP00166" HPOS="739" VPOS="1240" WIDTH="25"/>
							<String ID="P4_ST00193" HPOS="764" VPOS="1198" WIDTH="166" HEIGHT="23" CONTENT="Orakei-kor" WC="0.61" CC="0008243729" STYLEREFS="TXT_8"/>
						</TextLine>
						<TextLine ID="P4_TL00029" HPOS="85" VPOS="1228" WIDTH="887" HEIGHT="40">
							<String ID="P4_ST00194" HPOS="85" VPOS="1244" WIDTH="44" HEIGHT="24" CONTENT="red" WC="1.00" CC="000" STYLEREFS="TXT_8"/>
							<SP ID="P4_SP00167" HPOS="129" VPOS="1268" WIDTH="12"/>
							<String ID="P4_ST00195" HPOS="141" VPOS="1243" WIDTH="48" HEIGHT="24" CONTENT="and" WC="0.95" CC="930" STYLEREFS="TXT_8"/>
							<SP ID="P4_SP00168" HPOS="189" VPOS="1268" WIDTH="13"/>
							<String ID="P4_ST00196" HPOS="202" VPOS="1242" WIDTH="72" HEIGHT="24" CONTENT="white" WC="0.99" CC="00730" STYLEREFS="TXT_8"/>
							<SP ID="P4_SP00169" HPOS="274" VPOS="1268" WIDTH="11"/>
							<String ID="P4_ST00197" HPOS="285" VPOS="1241" WIDTH="126" HEIGHT="24" CONTENT="Terraces," WC="0.99" CC="215200011" STYLEREFS="TXT_8"/>
							<SP ID="P4_SP00170" HPOS="411" VPOS="1268" WIDTH="13"/>
							<String ID="P4_ST00198" HPOS="424" VPOS="1237" WIDTH="115" HEIGHT="31" CONTENT="Geysers," WC="1.00" CC="00050003" STYLEREFS="TXT_8"/>
							<SP ID="P4_SP00171" HPOS="539" VPOS="1268" WIDTH="21"/>
							<String ID="P4_ST00199" HPOS="560" VPOS="1234" WIDTH="73" HEIGHT="24" CONTENT="Alum" WC="0.98" CC="0009" STYLEREFS="TXT_8"/>
							<SP ID="P4_SP00172" HPOS="633" VPOS="1268" WIDTH="23"/>
							<String ID="P4_ST00200" HPOS="656" VPOS="1233" WIDTH="88" HEIGHT="27" CONTENT="Caves," WC="1.00" CC="000003" STYLEREFS="TXT_8"/>
							<SP ID="P4_SP00173" HPOS="744" VPOS="1268" WIDTH="18"/>
							<String ID="P4_ST00201" HPOS="762" VPOS="1231" WIDTH="45" HEIGHT="23" CONTENT="&amp;c." WC="0.75" CC="024" STYLEREFS="TXT_8"/>
							<String ID="P4_ST00202" HPOS="810" VPOS="1253" WIDTH="7" HEIGHT="15" CONTENT="}" STYLE="subscript" WC="0.33" CC="6" STYLEREFS="TXT_8"/>
							<SP ID="P4_SP00174" HPOS="817" VPOS="1268" WIDTH="13"/>
							<String ID="P4_ST00203" HPOS="830" VPOS="1235" WIDTH="26" HEIGHT="18" CONTENT="to" WC="0.97" CC="00" STYLEREFS="TXT_8"/>
							<SP ID="P4_SP00175" HPOS="856" VPOS="1268" WIDTH="12"/>
							<String ID="P4_ST00204" HPOS="868" VPOS="1228" WIDTH="77" HEIGHT="25" CONTENT="which" WC="1.00" CC="00100" STYLEREFS="TXT_8"/>
							<SP ID="P4_SP00176" HPOS="945" VPOS="1268" WIDTH="12"/>
							<String ID="P4_ST00205" HPOS="957" VPOS="1237" WIDTH="15" HEIGHT="15" CONTENT="a" WC="0.06" CC="9" STYLEREFS="TXT_8"/>
						</TextLine>
						<TextLine ID="P4_TL00030" HPOS="85" VPOS="1263" WIDTH="877" HEIGHT="43">
							<String ID="P4_ST00206" HPOS="85" VPOS="1285" WIDTH="53" HEIGHT="15" CONTENT="new" WC="1.00" CC="000" STYLEREFS="TXT_8"/>
							<SP ID="P4_SP00177" HPOS="138" VPOS="1300" WIDTH="19"/>
							<String ID="P4_ST00207" HPOS="157" VPOS="1276" WIDTH="47" HEIGHT="24" CONTENT="and" WC="0.96" CC="900" STYLEREFS="TXT_8"/>
							<SP ID="P4_SP00178" HPOS="204" VPOS="1300" WIDTH="20"/>
							<String ID="P4_ST00208" HPOS="224" VPOS="1282" WIDTH="57" HEIGHT="24" CONTENT="easy" WC="0.99" CC="0300" STYLEREFS="TXT_8"/>
							<SP ID="P4_SP00179" HPOS="281" VPOS="1306" WIDTH="24"/>
							<String ID="P4_ST00209" HPOS="305" VPOS="1273" WIDTH="66" HEIGHT="23" CONTENT="track" WC="0.99" CC="00602" STYLEREFS="TXT_8"/>
							<SP ID="P4_SP00180" HPOS="371" VPOS="1306" WIDTH="13"/>
							<String ID="P4_ST00210" HPOS="384" VPOS="1271" WIDTH="20" HEIGHT="23" CONTENT="is" WC="0.70" CC="50" STYLEREFS="TXT_8"/>
							<SP ID="P4_SP00181" HPOS="404" VPOS="1306" WIDTH="19"/>
							<String ID="P4_ST00211" HPOS="423" VPOS="1279" WIDTH="52" HEIGHT="15" CONTENT="now" WC="0.99" CC="200" STYLEREFS="TXT_8"/>
							<SP ID="P4_SP00182" HPOS="475" VPOS="1306" WIDTH="24"/>
							<String ID="P4_ST00212" HPOS="499" VPOS="1267" WIDTH="145" HEIGHT="33" CONTENT="completed." WC="0.99" CC="0089000000" STYLEREFS="TXT_8"/>
							<SP ID="P4_SP00183" HPOS="644" VPOS="1306" WIDTH="38"/>
							<String ID="P4_ST00213" HPOS="682" VPOS="1265" WIDTH="115" HEIGHT="24" CONTENT="Distance" WC="0.98" CC="07946805" STYLEREFS="TXT_8"/>
							<SP ID="P4_SP00184" HPOS="797" VPOS="1306" WIDTH="19"/>
							<String ID="P4_ST00214" HPOS="816" VPOS="1271" WIDTH="56" HEIGHT="16" CONTENT="nine" WC="0.98" CC="5100" STYLEREFS="TXT_8"/>
							<SP ID="P4_SP00185" HPOS="872" VPOS="1306" WIDTH="21"/>
							<String ID="P4_ST00215" HPOS="893" VPOS="1263" WIDTH="69" HEIGHT="23" CONTENT="miles" WC="0.97" CC="94009" STYLEREFS="TXT_8"/>
						</TextLine>
						<TextLine ID="P4_TL00031" HPOS="84" VPOS="1294" WIDTH="887" HEIGHT="40">
							<String ID="P4_ST00216" HPOS="84" VPOS="1310" WIDTH="54" HEIGHT="24" CONTENT="four" WC="0.98" CC="4030" STYLEREFS="TXT_8"/>
							<SP ID="P4_SP00186" HPOS="138" VPOS="1334" WIDTH="10"/>
							<String ID="P4_ST00217" HPOS="148" VPOS="1310" WIDTH="24" HEIGHT="24" CONTENT="of" WC="0.76" CC="40" STYLEREFS="TXT_8"/>
							<SP ID="P4_SP00187" HPOS="172" VPOS="1334" WIDTH="12"/>
							<String ID="P4_ST00218" HPOS="184" VPOS="1307" WIDTH="77" HEIGHT="25" CONTENT="which" WC="0.99" CC="00500" STYLEREFS="TXT_8"/>
							<SP ID="P4_SP00188" HPOS="261" VPOS="1334" WIDTH="18"/>
							<String ID="P4_ST00219" HPOS="279" VPOS="1314" WIDTH="43" HEIGHT="16" CONTENT="can" WC="1.00" CC="000" STYLEREFS="TXT_8"/>
							<SP ID="P4_SP00189" HPOS="322" VPOS="1334" WIDTH="19"/>
							<String ID="P4_ST00220" HPOS="341" VPOS="1305" WIDTH="30" HEIGHT="23" CONTENT="be" WC="0.57" CC="80" STYLEREFS="TXT_8"/>
							<SP ID="P4_SP00190" HPOS="371" VPOS="1334" WIDTH="20"/>
							<String ID="P4_ST00221" HPOS="391" VPOS="1303" WIDTH="85" HEIGHT="24" CONTENT="driven" WC="0.99" CC="007000" STYLEREFS="TXT_8"/>
							<SP ID="P4_SP00191" HPOS="476" VPOS="1334" WIDTH="22"/>
							<String ID="P4_ST00222" HPOS="498" VPOS="1310" WIDTH="61" HEIGHT="16" CONTENT="over" WC="0.99" CC="4000" STYLEREFS="TXT_8"/>
							<SP ID="P4_SP00192" HPOS="559" VPOS="1334" WIDTH="19"/>
							<String ID="P4_ST00223" HPOS="578" VPOS="1301" WIDTH="19" HEIGHT="23" CONTENT="if" WC="0.95" CC="00" STYLEREFS="TXT_8"/>
							<SP ID="P4_SP00193" HPOS="597" VPOS="1334" WIDTH="17"/>
							<String ID="P4_ST00224" HPOS="614" VPOS="1298" WIDTH="103" HEIGHT="25" CONTENT="desired." WC="1.00" CC="00050200" STYLEREFS="TXT_8"/>
							<SP ID="P4_SP00194" HPOS="717" VPOS="1334" WIDTH="44"/>
							<String ID="P4_ST00225" HPOS="761" VPOS="1298" WIDTH="52" HEIGHT="23" CONTENT="Hot" WC="1.00" CC="000" STYLEREFS="TXT_8"/>
							<SP ID="P4_SP00195" HPOS="813" VPOS="1334" WIDTH="20"/>
							<String ID="P4_ST00226" HPOS="833" VPOS="1296" WIDTH="72" HEIGHT="23" CONTENT="baths" WC="0.99" CC="00005" STYLEREFS="TXT_8"/>
							<SP ID="P4_SP00196" HPOS="905" VPOS="1334" WIDTH="18"/>
							<String ID="P4_ST00227" HPOS="923" VPOS="1294" WIDTH="48" HEIGHT="25" CONTENT="and" WC="0.99" CC="100" STYLEREFS="TXT_8"/>
						</TextLine>
						<TextLine ID="P4_TL00032" HPOS="84" VPOS="1336" WIDTH="403" HEIGHT="31">
							<String ID="P4_ST00228" HPOS="84" VPOS="1342" WIDTH="54" HEIGHT="25" CONTENT="falls" WC="0.98" CC="70610" STYLEREFS="TXT_8"/>
							<SP ID="P4_SP00197" HPOS="138" VPOS="1367" WIDTH="17"/>
							<String ID="P4_ST00229" HPOS="155" VPOS="1341" WIDTH="82" HEIGHT="25" CONTENT="within" WC="0.99" CC="040055" STYLEREFS="TXT_8"/>
							<SP ID="P4_SP00198" HPOS="237" VPOS="1367" WIDTH="16"/>
							<String ID="P4_ST00230" HPOS="253" VPOS="1348" WIDTH="29" HEIGHT="16" CONTENT="10" WC="0.66" CC="60" STYLEREFS="TXT_8"/>
							<SP ID="P4_SP00199" HPOS="282" VPOS="1367" WIDTH="12"/>
							<String ID="P4_ST00231" HPOS="294" VPOS="1343" WIDTH="103" HEIGHT="20" CONTENT="minutes" WC="0.99" CC="7503000" STYLEREFS="TXT_8"/>
							<SP ID="P4_SP00200" HPOS="397" VPOS="1367" WIDTH="12"/>
							<String ID="P4_ST00232" HPOS="409" VPOS="1336" WIDTH="78" HEIGHT="25" CONTENT="drive." WC="0.99" CC="001600" STYLEREFS="TXT_8"/>
						</TextLine>
						<TextLine ID="P4_TL00033" HPOS="152" VPOS="1413" WIDTH="751" HEIGHT="41">
							<String ID="P4_ST00233" HPOS="152" VPOS="1425" WIDTH="74" HEIGHT="26" CONTENT="Good" WC="0.99" CC="7000" STYLEREFS="TXT_8"/>
							<SP ID="P4_SP00201" HPOS="226" VPOS="1451" WIDTH="12"/>
							<String ID="P4_ST00234" HPOS="238" VPOS="1428" WIDTH="65" HEIGHT="21" CONTENT="trout" WC="0.99" CC="01006" STYLEREFS="TXT_8"/>
							<SP ID="P4_SP00202" HPOS="303" VPOS="1451" WIDTH="12"/>
							<String ID="P4_ST00235" HPOS="315" VPOS="1421" WIDTH="86" HEIGHT="33" CONTENT="fishing" WC="0.97" CC="6704657" STYLEREFS="TXT_8"/>
							<SP ID="P4_SP00203" HPOS="401" VPOS="1454" WIDTH="13"/>
							<String ID="P4_ST00236" HPOS="414" VPOS="1420" WIDTH="47" HEIGHT="25" CONTENT="and" WC="0.96" CC="900" STYLEREFS="TXT_8"/>
							<SP ID="P4_SP00204" HPOS="461" VPOS="1454" WIDTH="17"/>
							<String ID="P4_ST00237" HPOS="478" VPOS="1418" WIDTH="115" HEIGHT="32" CONTENT="shooting" WC="0.99" CC="06141029" STYLEREFS="TXT_8"/>
							<SP ID="P4_SP00205" HPOS="593" VPOS="1454" WIDTH="12"/>
							<String ID="P4_ST00238" HPOS="605" VPOS="1417" WIDTH="24" HEIGHT="24" CONTENT="in" WC="0.68" CC="51" STYLEREFS="TXT_8"/>
							<SP ID="P4_SP00206" HPOS="629" VPOS="1454" WIDTH="13"/>
							<String ID="P4_ST00239" HPOS="642" VPOS="1416" WIDTH="41" HEIGHT="25" CONTENT="the" WC="0.98" CC="050" STYLEREFS="TXT_8"/>
							<SP ID="P4_SP00207" HPOS="683" VPOS="1454" WIDTH="11"/>
							<String ID="P4_ST00240" HPOS="694" VPOS="1413" WIDTH="209" HEIGHT="35" CONTENT="neighbourhood." WC="1.00" CC="00407006050001" STYLEREFS="TXT_8"/>
						</TextLine>
						<TextLine ID="P4_TL00034" HPOS="85" VPOS="1484" WIDTH="885" HEIGHT="36">
							<String ID="P4_ST00241" HPOS="85" VPOS="1499" WIDTH="76" HEIGHT="21" CONTENT="Guides" WC="0.97" CC="674337"/>
							<SP ID="P4_SP00208" HPOS="161" VPOS="1520" WIDTH="8"/>
							<String ID="P4_ST00242" HPOS="169" VPOS="1498" WIDTH="40" HEIGHT="20" CONTENT="and" WC="0.97" CC="070"/>
							<SP ID="P4_SP00209" HPOS="209" VPOS="1520" WIDTH="8"/>
							<String ID="P4_ST00243" HPOS="217" VPOS="1496" WIDTH="74" HEIGHT="21" CONTENT="Saddle" WC="0.99" CC="066000"/>
							<SP ID="P4_SP00210" HPOS="291" VPOS="1520" WIDTH="7"/>
							<String ID="P4_ST00244" HPOS="298" VPOS="1495" WIDTH="77" HEIGHT="20" CONTENT="Horses" WC="0.98" CC="705706"/>
							<SP ID="P4_SP00211" HPOS="375" VPOS="1520" WIDTH="6"/>
							<String ID="P4_ST00245" HPOS="381" VPOS="1492" WIDTH="100" HEIGHT="27" CONTENT="supplied." WC="0.99" CC="558022000"/>
							<SP ID="P4_SP00212" HPOS="481" VPOS="1520" WIDTH="15"/>
							<String ID="P4_ST00246" HPOS="496" VPOS="1491" WIDTH="49" HEIGHT="20" CONTENT="Post" WC="0.93" CC="7789"/>
							<SP ID="P4_SP00213" HPOS="545" VPOS="1520" WIDTH="8"/>
							<String ID="P4_ST00247" HPOS="553" VPOS="1489" WIDTH="40" HEIGHT="21" CONTENT="and" WC="0.94" CC="078"/>
							<SP ID="P4_SP00214" HPOS="593" VPOS="1520" WIDTH="9"/>
							<String ID="P4_ST00248" HPOS="602" VPOS="1487" WIDTH="115" HEIGHT="27" CONTENT="Telegraph" WC="0.98" CC="506385777"/>
							<SP ID="P4_SP00215" HPOS="717" VPOS="1520" WIDTH="5"/>
							<String ID="P4_ST00249" HPOS="722" VPOS="1486" WIDTH="61" HEIGHT="21" CONTENT="Office" WC="0.99" CC="022204"/>
							<SP ID="P4_SP00216" HPOS="783" VPOS="1520" WIDTH="7"/>
							<String ID="P4_ST00250" HPOS="790" VPOS="1493" WIDTH="25" HEIGHT="12" CONTENT="on" WC="0.65" CC="06"/>
							<SP ID="P4_SP00217" HPOS="815" VPOS="1520" WIDTH="6"/>
							<String ID="P4_ST00251" HPOS="821" VPOS="1485" WIDTH="35" HEIGHT="20" CONTENT="the" WC="0.96" CC="074"/>
							<SP ID="P4_SP00218" HPOS="856" VPOS="1520" WIDTH="9"/>
							<String ID="P4_ST00252" HPOS="865" VPOS="1484" WIDTH="105" HEIGHT="26" CONTENT="premises." WC="0.99" CC="080800251"/>
						</TextLine>
						<TextLine ID="P4_TL00035" HPOS="519" VPOS="1524" WIDTH="11" HEIGHT="12">
							<String ID="P4_ST00253" HPOS="519" VPOS="1524" WIDTH="11" HEIGHT="12" CONTENT="o" WC="0.26" CC="7"/>
							<SP ID="P4_SP00219" HPOS="530" VPOS="1536" WIDTH="0"/>
						</TextLine>
						<TextLine ID="P4_TL00036" HPOS="176" VPOS="1538" WIDTH="701" HEIGHT="33">
							<String ID="P4_ST00254" HPOS="176" VPOS="1550" WIDTH="42" HEIGHT="21" CONTENT="For" WC="0.94" CC="708"/>
							<SP ID="P4_SP00220" HPOS="218" VPOS="1571" WIDTH="8"/>
							<String ID="P4_ST00255" HPOS="226" VPOS="1548" WIDTH="80" HEIGHT="22" CONTENT="further" WC="0.98" CC="2451705"/>
							<SP ID="P4_SP00221" HPOS="306" VPOS="1571" WIDTH="9"/>
							<String ID="P4_ST00256" HPOS="315" VPOS="1545" WIDTH="129" HEIGHT="22" CONTENT="information" WC="0.99" CC="36502439067"/>
							<SP ID="P4_SP00222" HPOS="444" VPOS="1571" WIDTH="14"/>
							<String ID="P4_ST00257" HPOS="458" VPOS="1544" WIDTH="62" HEIGHT="26" CONTENT="apply" WC="0.97" CC="39920"/>
							<SP ID="P4_SP00223" HPOS="520" VPOS="1571" WIDTH="14"/>
							<String ID="P4_ST00258" HPOS="534" VPOS="1543" WIDTH="76" HEIGHT="19" CONTENT="Messrs" WC="0.97" CC="472737"/>
							<SP ID="P4_SP00224" HPOS="610" VPOS="1571" WIDTH="9"/>
							<String ID="P4_ST00259" HPOS="619" VPOS="1540" WIDTH="56" HEIGHT="21" CONTENT="Cook" WC="0.97" CC="4105"/>
							<SP ID="P4_SP00225" HPOS="675" VPOS="1571" WIDTH="10"/>
							<String ID="P4_ST00260" HPOS="685" VPOS="1540" WIDTH="40" HEIGHT="19" CONTENT="and" WC="0.94" CC="375"/>
							<SP ID="P4_SP00226" HPOS="725" VPOS="1571" WIDTH="9"/>
							<String ID="P4_ST00261" HPOS="734" VPOS="1539" WIDTH="47" HEIGHT="24" CONTENT="Son," WC="0.97" CC="4071"/>
							<SP ID="P4_SP00227" HPOS="781" VPOS="1571" WIDTH="11"/>
							<String ID="P4_ST00262" HPOS="792" VPOS="1538" WIDTH="85" HEIGHT="26" CONTENT="Agents." WC="0.98" CC="0906033"/>
						</TextLine>
						<TextLine ID="P4_TL00037" HPOS="295" VPOS="1606" WIDTH="462" HEIGHT="52">
							<String ID="P4_ST00263" HPOS="295" VPOS="1612" WIDTH="55" HEIGHT="46" CONTENT="C." WC="0.55" CC="44" STYLEREFS="TXT_10"/>
							<SP ID="P4_SP00228" HPOS="350" VPOS="1658" WIDTH="35"/>
							<String ID="P4_ST00264" HPOS="385" VPOS="1606" WIDTH="372" HEIGHT="52" CONTENT="CROWTHER," WC="0.75" CC="206007501" STYLEREFS="TXT_10"/>
						</TextLine>
						<TextLine ID="P4_TL00038" HPOS="381" VPOS="1662" WIDTH="290" HEIGHT="36">
							<String ID="P4_ST00265" HPOS="381" VPOS="1662" WIDTH="290" HEIGHT="36" CONTENT="PROPRIETOR." WC="1.00" CC="00500060000" STYLEREFS="TXT_9"/>
						</TextLine>
						<TextLine ID="P4_TL00039" HPOS="162" VPOS="1771" WIDTH="734" HEIGHT="68">
							<String ID="P4_ST00266" HPOS="162" VPOS="1780" WIDTH="147" HEIGHT="59" CONTENT="Pure" WC="0.95" CC="7782" STYLEREFS="TXT_11"/>
							<SP ID="P4_SP00229" HPOS="309" VPOS="1839" WIDTH="52"/>
							<String ID="P4_ST00267" HPOS="361" VPOS="1772" WIDTH="258" HEIGHT="65" CONTENT="Jlepated" WC="0.27" CC="97077959" STYLEREFS="TXT_11"/>
							<SP ID="P4_SP00230" HPOS="619" VPOS="1839" WIDTH="35"/>
							<String ID="P4_ST00268" HPOS="654" VPOS="1771" WIDTH="242" HEIGHT="66" CONTENT="Waters." WC="0.96" CC="9990777" STYLEREFS="TXT_11"/>
						</TextLine>
						<TextLine ID="P4_TL00040" HPOS="233" VPOS="1895" WIDTH="593" HEIGHT="34">
							<String ID="P4_ST00269" HPOS="233" VPOS="1909" WIDTH="43" HEIGHT="20" CONTENT="One" WC="0.96" CC="506"/>
							<SP ID="P4_SP00231" HPOS="276" VPOS="1929" WIDTH="15"/>
							<String ID="P4_ST00270" HPOS="291" VPOS="1907" WIDTH="22" HEIGHT="21" CONTENT="of" WC="0.67" CC="06"/>
							<SP ID="P4_SP00232" HPOS="313" VPOS="1929" WIDTH="14"/>
							<String ID="P4_ST00271" HPOS="327" VPOS="1906" WIDTH="34" HEIGHT="21" CONTENT="the" WC="0.94" CC="077"/>
							<SP ID="P4_SP00233" HPOS="361" VPOS="1929" WIDTH="9"/>
							<String ID="P4_ST00272" HPOS="370" VPOS="1905" WIDTH="115" HEIGHT="22" CONTENT="necessities" WC="0.99" CC="73208820107"/>
							<SP ID="P4_SP00234" HPOS="485" VPOS="1929" WIDTH="16"/>
							<String ID="P4_ST00273" HPOS="501" VPOS="1904" WIDTH="21" HEIGHT="20" CONTENT="of" WC="0.28" CC="59"/>
							<SP ID="P4_SP00235" HPOS="522" VPOS="1929" WIDTH="9"/>
							<String ID="P4_ST00274" HPOS="531" VPOS="1903" WIDTH="35" HEIGHT="20" CONTENT="the" WC="0.97" CC="070"/>
							<SP ID="P4_SP00236" HPOS="566" VPOS="1929" WIDTH="10"/>
							<String ID="P4_ST00275" HPOS="576" VPOS="1902" WIDTH="80" HEIGHT="26" CONTENT="coming" WC="0.97" CC="106479"/>
							<SP ID="P4_SP00237" HPOS="656" VPOS="1929" WIDTH="10"/>
							<String ID="P4_ST00276" HPOS="666" VPOS="1900" WIDTH="75" HEIGHT="21" CONTENT="Season" WC="0.98" CC="480307"/>
							<SP ID="P4_SP00238" HPOS="741" VPOS="1929" WIDTH="9"/>
							<String ID="P4_ST00277" HPOS="750" VPOS="1895" WIDTH="42" HEIGHT="25" CONTENT="will" WC="0.94" CC="9677"/>
							<SP ID="P4_SP00239" HPOS="792" VPOS="1929" WIDTH="10"/>
							<String ID="P4_ST00278" HPOS="802" VPOS="1900" WIDTH="24" HEIGHT="17" CONTENT="be" WC="0.27" CC="77"/>
						</TextLine>
						<TextLine ID="P4_TL00041" HPOS="87" VPOS="1944" WIDTH="887" HEIGHT="45">
							<String ID="P4_ST00279" HPOS="87" VPOS="1961" WIDTH="30" HEIGHT="27" CONTENT="A" WC="1.00" CC="9" STYLEREFS="TXT_6"/>
							<SP ID="P4_SP00240" HPOS="117" VPOS="1988" WIDTH="24"/>
							<String ID="P4_ST00280" HPOS="141" VPOS="1959" WIDTH="129" HEIGHT="30" CONTENT="COOL" WC="0.97" CC="8005" STYLEREFS="TXT_6"/>
							<SP ID="P4_SP00241" HPOS="270" VPOS="1989" WIDTH="22"/>
							<String ID="P4_ST00281" HPOS="292" VPOS="1956" WIDTH="106" HEIGHT="29" CONTENT="AND" WC="0.90" CC="997" STYLEREFS="TXT_6"/>
							<SP ID="P4_SP00242" HPOS="398" VPOS="1989" WIDTH="23"/>
							<String ID="P4_ST00282" HPOS="421" VPOS="1949" WIDTH="352" HEIGHT="33" CONTENT="REFRESHING" WC="0.98" CC="9479057498" STYLEREFS="TXT_6"/>
							<SP ID="P4_SP00243" HPOS="773" VPOS="1989" WIDTH="29"/>
							<String ID="P4_ST00283" HPOS="802" VPOS="1944" WIDTH="172" HEIGHT="31" CONTENT="DRINK" WC="0.96" CC="90096" STYLEREFS="TXT_6"/>
						</TextLine>
						<TextLine ID="P4_TL00042" HPOS="113" VPOS="1990" WIDTH="836" HEIGHT="37">
							<String ID="P4_ST00284" HPOS="113" VPOS="2001" WIDTH="141" HEIGHT="23" CONTENT="TJntinctured" WC="0.41" CC="868738197600"/>
							<SP ID="P4_SP00244" HPOS="254" VPOS="2024" WIDTH="10"/>
							<String ID="P4_ST00285" HPOS="264" VPOS="2001" WIDTH="25" HEIGHT="26" CONTENT="by" WC="0.27" CC="76"/>
							<SP ID="P4_SP00245" HPOS="289" VPOS="2027" WIDTH="11"/>
							<String ID="P4_ST00286" HPOS="300" VPOS="2006" WIDTH="38" HEIGHT="20" CONTENT="any" WC="0.92" CC="974"/>
							<SP ID="P4_SP00246" HPOS="338" VPOS="2027" WIDTH="15"/>
							<String ID="P4_ST00287" HPOS="353" VPOS="1997" WIDTH="128" HEIGHT="22" CONTENT="Deleterious" WC="0.99" CC="79069050048"/>
							<SP ID="P4_SP00247" HPOS="481" VPOS="2027" WIDTH="11"/>
							<String ID="P4_ST00288" HPOS="492" VPOS="1994" WIDTH="102" HEIGHT="22" CONTENT="Chemical" WC="0.98" CC="37066070"/>
							<SP ID="P4_SP00248" HPOS="594" VPOS="2027" WIDTH="10"/>
							<String ID="P4_ST00289" HPOS="604" VPOS="1993" WIDTH="125" HEIGHT="26" CONTENT="Compound." WC="0.99" CC="356324700"/>
							<SP ID="P4_SP00249" HPOS="729" VPOS="2027" WIDTH="39"/>
							<String ID="P4_ST00290" HPOS="768" VPOS="1992" WIDTH="20" HEIGHT="19" CONTENT="A" WC="1.00" CC="0"/>
							<SP ID="P4_SP00250" HPOS="788" VPOS="2027" WIDTH="9"/>
							<String ID="P4_ST00291" HPOS="797" VPOS="1990" WIDTH="62" HEIGHT="21" CONTENT="drink" WC="0.96" CC="97173"/>
							<SP ID="P4_SP00251" HPOS="859" VPOS="2027" WIDTH="11"/>
							<String ID="P4_ST00292" HPOS="870" VPOS="1992" WIDTH="21" HEIGHT="17" CONTENT="at" WC="0.50" CC="36"/>
							<SP ID="P4_SP00252" HPOS="891" VPOS="2027" WIDTH="7"/>
							<String ID="P4_ST00293" HPOS="898" VPOS="1995" WIDTH="51" HEIGHT="14" CONTENT="once" WC="0.95" CC="3944"/>
						</TextLine>
						<TextLine ID="P4_TL00043" HPOS="245" VPOS="2027" WIDTH="567" HEIGHT="38">
							<String ID="P4_ST00294" HPOS="245" VPOS="2032" WIDTH="246" HEIGHT="33" CONTENT="Exhilarating" WC="0.99" CC="357050546077" STYLEREFS="TXT_6"/>
							<SP ID="P4_SP00253" HPOS="491" VPOS="2065" WIDTH="18"/>
							<String ID="P4_ST00295" HPOS="509" VPOS="2029" WIDTH="70" HEIGHT="29" CONTENT="and" WC="0.96" CC="064" STYLEREFS="TXT_6"/>
							<SP ID="P4_SP00254" HPOS="579" VPOS="2065" WIDTH="18"/>
							<String ID="P4_ST00296" HPOS="597" VPOS="2027" WIDTH="215" HEIGHT="32" CONTENT="Refreshing," WC="0.99" CC="00953470770" STYLEREFS="TXT_6"/>
						</TextLine>
						<TextLine ID="P4_TL00044" HPOS="88" VPOS="2065" WIDTH="888" HEIGHT="39">
							<String ID="P4_ST00297" HPOS="88" VPOS="2079" WIDTH="42" HEIGHT="21" CONTENT="and" WC="0.92" CC="794"/>
							<SP ID="P4_SP00255" HPOS="130" VPOS="2100" WIDTH="8"/>
							<String ID="P4_ST00298" HPOS="138" VPOS="2079" WIDTH="67" HEIGHT="21" CONTENT="which" WC="0.98" CC="90160"/>
							<SP ID="P4_SP00256" HPOS="205" VPOS="2100" WIDTH="9"/>
							<String ID="P4_ST00299" HPOS="214" VPOS="2078" WIDTH="42" HEIGHT="22" CONTENT="will" WC="0.95" CC="9263"/>
							<SP ID="P4_SP00257" HPOS="256" VPOS="2100" WIDTH="9"/>
							<String ID="P4_ST00300" HPOS="265" VPOS="2083" WIDTH="62" HEIGHT="21" CONTENT="prove" WC="0.95" CC="96677"/>
							<SP ID="P4_SP00258" HPOS="327" VPOS="2104" WIDTH="9"/>
							<String ID="P4_ST00301" HPOS="336" VPOS="2082" WIDTH="12" HEIGHT="14" CONTENT="a" WC="0.30" CC="6"/>
							<SP ID="P4_SP00259" HPOS="348" VPOS="2104" WIDTH="8"/>
							<String ID="P4_ST00302" HPOS="356" VPOS="2075" WIDTH="117" HEIGHT="27" CONTENT="preventive" WC="0.98" CC="8006299690"/>
							<SP ID="P4_SP00260" HPOS="473" VPOS="2104" WIDTH="10"/>
							<String ID="P4_ST00303" HPOS="483" VPOS="2073" WIDTH="22" HEIGHT="21" CONTENT="of" WC="0.67" CC="06"/>
							<SP ID="P4_SP00261" HPOS="505" VPOS="2104" WIDTH="13"/>
							<String ID="P4_ST00304" HPOS="518" VPOS="2070" WIDTH="115" HEIGHT="28" CONTENT="Dyspepsia" WC="0.97" CC="996969849"/>
							<SP ID="P4_SP00262" HPOS="633" VPOS="2104" WIDTH="18"/>
							<String ID="P4_ST00305" HPOS="651" VPOS="2070" WIDTH="40" HEIGHT="21" CONTENT="and" WC="0.92" CC="775"/>
							<SP ID="P4_SP00263" HPOS="691" VPOS="2104" WIDTH="16"/>
							<String ID="P4_ST00306" HPOS="707" VPOS="2069" WIDTH="29" HEIGHT="21" CONTENT="all" WC="0.93" CC="953"/>
							<SP ID="P4_SP00264" HPOS="736" VPOS="2104" WIDTH="16"/>
							<String ID="P4_ST00307" HPOS="752" VPOS="2067" WIDTH="94" HEIGHT="22" CONTENT="Internal" WC="0.98" CC="57006784"/>
							<SP ID="P4_SP00265" HPOS="846" VPOS="2104" WIDTH="17"/>
							<String ID="P4_ST00308" HPOS="863" VPOS="2065" WIDTH="113" HEIGHT="23" CONTENT="Disorders." WC="0.98" CC="9173403664"/>
						</TextLine>
						<TextLine ID="P4_TL00045" HPOS="114" VPOS="2118" WIDTH="862" HEIGHT="34">
							<String ID="P4_ST00309" HPOS="114" VPOS="2131" WIDTH="89" HEIGHT="21" CONTENT="Aerated" WC="0.99" CC="0050059"/>
							<SP ID="P4_SP00266" HPOS="203" VPOS="2152" WIDTH="9"/>
							<String ID="P4_ST00310" HPOS="212" VPOS="2130" WIDTH="82" HEIGHT="21" CONTENT="Waters" WC="0.98" CC="700256"/>
							<SP ID="P4_SP00267" HPOS="294" VPOS="2152" WIDTH="11"/>
							<String ID="P4_ST00311" HPOS="305" VPOS="2128" WIDTH="39" HEIGHT="21" CONTENT="and" WC="0.95" CC="066"/>
							<SP ID="P4_SP00268" HPOS="344" VPOS="2152" WIDTH="7"/>
							<String ID="P4_ST00312" HPOS="351" VPOS="2127" WIDTH="98" HEIGHT="24" CONTENT="Cordials," WC="0.98" CC="423527672"/>
							<SP ID="P4_SP00269" HPOS="449" VPOS="2152" WIDTH="11"/>
							<String ID="P4_ST00313" HPOS="460" VPOS="2126" WIDTH="124" HEIGHT="26" CONTENT="comprising" WC="0.98" CC="0349306087"/>
							<SP ID="P4_SP00270" HPOS="584" VPOS="2152" WIDTH="9"/>
							<String ID="P4_ST00314" HPOS="593" VPOS="2124" WIDTH="34" HEIGHT="19" CONTENT="the" WC="0.97" CC="205"/>
							<SP ID="P4_SP00271" HPOS="627" VPOS="2152" WIDTH="10"/>
							<String ID="P4_ST00315" HPOS="637" VPOS="2123" WIDTH="73" HEIGHT="20" CONTENT="Purest" WC="0.97" CC="964071"/>
							<SP ID="P4_SP00272" HPOS="710" VPOS="2152" WIDTH="16"/>
							<String ID="P4_ST00316" HPOS="726" VPOS="2119" WIDTH="121" HEIGHT="26" CONTENT="Lemonade," WC="0.98" CC="208497051"/>
							<SP ID="P4_SP00273" HPOS="847" VPOS="2152" WIDTH="21"/>
							<String ID="P4_ST00317" HPOS="868" VPOS="2119" WIDTH="35" HEIGHT="21" CONTENT="the" WC="0.98" CC="005"/>
							<SP ID="P4_SP00274" HPOS="903" VPOS="2152" WIDTH="19"/>
							<String ID="P4_ST00318" HPOS="922" VPOS="2118" WIDTH="54" HEIGHT="20" CONTENT="Most" WC="0.95" CC="9255"/>
						</TextLine>
						<TextLine ID="P4_TL00046" HPOS="89" VPOS="2150" WIDTH="572" HEIGHT="33">
							<String ID="P4_ST00319" HPOS="89" VPOS="2158" WIDTH="102" HEIGHT="21" CONTENT="Delioious" WC="0.60" CC="053084345"/>
							<SP ID="P4_SP00275" HPOS="191" VPOS="2179" WIDTH="10"/>
							<String ID="P4_ST00320" HPOS="201" VPOS="2158" WIDTH="77" HEIGHT="25" CONTENT="Ginger" WC="0.97" CC="647914"/>
							<SP ID="P4_SP00276" HPOS="278" VPOS="2183" WIDTH="11"/>
							<String ID="P4_ST00321" HPOS="289" VPOS="2156" WIDTH="43" HEIGHT="24" CONTENT="Ale," WC="0.98" CC="0050"/>
							<SP ID="P4_SP00277" HPOS="332" VPOS="2183" WIDTH="11"/>
							<String ID="P4_ST00322" HPOS="343" VPOS="2152" WIDTH="166" HEIGHT="28" CONTENT="Higly-charged" WC="0.54" CC="7490006930970"/>
							<SP ID="P4_SP00278" HPOS="509" VPOS="2183" WIDTH="9"/>
							<String ID="P4_ST00323" HPOS="518" VPOS="2151" WIDTH="54" HEIGHT="20" CONTENT="Soda" WC="0.95" CC="6907"/>
							<SP ID="P4_SP00279" HPOS="572" VPOS="2183" WIDTH="9"/>
							<String ID="P4_ST00324" HPOS="581" VPOS="2150" WIDTH="80" HEIGHT="25" CONTENT="Water," WC="0.98" CC="900503"/>
						</TextLine>
						<TextLine ID="P4_TL00047" HPOS="369" VPOS="2185" WIDTH="312" HEIGHT="48">
							<String ID="P4_ST00325" HPOS="369" VPOS="2185" WIDTH="312" HEIGHT="48" CONTENT="ZOLAKONE," WC="0.76" CC="000900920" STYLEREFS="TXT_12"/>
						</TextLine>
						<TextLine ID="P4_TL00048" HPOS="89" VPOS="2231" WIDTH="888" HEIGHT="36">
							<String ID="P4_ST00326" HPOS="89" VPOS="2250" WIDTH="14" HEIGHT="15" CONTENT="a" WC="0.86" CC="1"/>
							<SP ID="P4_SP00280" HPOS="103" VPOS="2265" WIDTH="8"/>
							<String ID="P4_ST00327" HPOS="111" VPOS="2251" WIDTH="45" HEIGHT="14" CONTENT="Dew" WC="0.94" CC="709"/>
							<SP ID="P4_SP00281" HPOS="156" VPOS="2265" WIDTH="13"/>
							<String ID="P4_ST00328" HPOS="169" VPOS="2241" WIDTH="149" HEIGHT="26" CONTENT="Invigorating," WC="0.99" CC="1762902035790"/>
							<SP ID="P4_SP00282" HPOS="318" VPOS="2267" WIDTH="11"/>
							<String ID="P4_ST00329" HPOS="329" VPOS="2239" WIDTH="148" HEIGHT="21" CONTENT="non-alcoholic" WC="0.98" CC="8586041799075"/>
							<SP ID="P4_SP00283" HPOS="477" VPOS="2267" WIDTH="13"/>
							<String ID="P4_ST00330" HPOS="490" VPOS="2239" WIDTH="110" HEIGHT="23" CONTENT="Beverage;" WC="0.99" CC="613004030"/>
							<SP ID="P4_SP00284" HPOS="600" VPOS="2267" WIDTH="13"/>
							<String ID="P4_ST00331" HPOS="613" VPOS="2236" WIDTH="57" HEIGHT="20" CONTENT="Lime" WC="0.98" CC="6400"/>
							<SP ID="P4_SP00285" HPOS="670" VPOS="2267" WIDTH="19"/>
							<String ID="P4_ST00332" HPOS="689" VPOS="2234" WIDTH="58" HEIGHT="21" CONTENT="Juice" WC="0.98" CC="41500"/>
							<SP ID="P4_SP00286" HPOS="747" VPOS="2267" WIDTH="10"/>
							<String ID="P4_ST00333" HPOS="757" VPOS="2232" WIDTH="88" HEIGHT="25" CONTENT="Cordial," WC="0.99" CC="60522303"/>
							<SP ID="P4_SP00287" HPOS="845" VPOS="2267" WIDTH="8"/>
							<String ID="P4_ST00334" HPOS="853" VPOS="2231" WIDTH="124" HEIGHT="27" CONTENT="Kaspberry." WC="0.60" CC="7080064506"/>
						</TextLine>
						<TextLine ID="P4_TL00049" HPOS="89" VPOS="2259" WIDTH="891" HEIGHT="37">
							<String ID="P4_ST00335" HPOS="89" VPOS="2270" WIDTH="137" HEIGHT="26" CONTENT="Peppermint," WC="0.99" CC="90904703703"/>
							<SP ID="P4_SP00288" HPOS="226" VPOS="2296" WIDTH="12"/>
							<String ID="P4_ST00336" HPOS="238" VPOS="2269" WIDTH="76" HEIGHT="23" CONTENT="Cloves," WC="0.98" CC="6451474"/>
							<SP ID="P4_SP00289" HPOS="314" VPOS="2296" WIDTH="11"/>
							<String ID="P4_ST00337" HPOS="325" VPOS="2267" WIDTH="51" HEIGHT="20" CONTENT="Pine" WC="0.96" CC="9370"/>
							<SP ID="P4_SP00290" HPOS="376" VPOS="2296" WIDTH="9"/>
							<String ID="P4_ST00338" HPOS="385" VPOS="2266" WIDTH="73" HEIGHT="27" CONTENT="Apple," WC="0.98" CC="050450"/>
							<SP ID="P4_SP00291" HPOS="458" VPOS="2296" WIDTH="11"/>
							<String ID="P4_ST00339" HPOS="469" VPOS="2265" WIDTH="41" HEIGHT="19" CONTENT="and" WC="0.97" CC="070"/>
							<SP ID="P4_SP00292" HPOS="510" VPOS="2296" WIDTH="9"/>
							<String ID="P4_ST00340" HPOS="519" VPOS="2264" WIDTH="77" HEIGHT="20" CONTENT="Lemon" WC="0.95" CC="56857"/>
							<SP ID="P4_SP00293" HPOS="596" VPOS="2296" WIDTH="13"/>
							<String ID="P4_ST00341" HPOS="609" VPOS="2262" WIDTH="77" HEIGHT="26" CONTENT="Syrups" WC="0.97" CC="600496"/>
							<SP ID="P4_SP00294" HPOS="686" VPOS="2296" WIDTH="17"/>
							<String ID="P4_ST00342" HPOS="703" VPOS="2261" WIDTH="40" HEIGHT="20" CONTENT="and" WC="0.95" CC="075"/>
							<SP ID="P4_SP00295" HPOS="743" VPOS="2296" WIDTH="14"/>
							<String ID="P4_ST00343" HPOS="757" VPOS="2259" WIDTH="136" HEIGHT="27" CONTENT="Sarsaparilla" WC="0.57" CC="535507868000"/>
							<SP ID="P4_SP00296" HPOS="893" VPOS="2296" WIDTH="15"/>
							<String ID="P4_ST00344" HPOS="908" VPOS="2265" WIDTH="35" HEIGHT="13" CONTENT="are" WC="0.94" CC="763"/>
							<SP ID="P4_SP00297" HPOS="943" VPOS="2296" WIDTH="9"/>
							<String ID="P4_ST00345" HPOS="952" VPOS="2259" WIDTH="28" HEIGHT="18" CONTENT="all" WC="0.95" CC="076"/>
						</TextLine>
						<TextLine ID="P4_TL00050" HPOS="351" VPOS="2289" WIDTH="361" HEIGHT="26">
							<String ID="P4_ST00346" HPOS="351" VPOS="2291" WIDTH="156" HEIGHT="23" CONTENT="manufactured" WC="0.99" CC="887394405040"/>
							<SP ID="P4_SP00298" HPOS="507" VPOS="2314" WIDTH="14"/>
							<String ID="P4_ST00347" HPOS="521" VPOS="2297" WIDTH="27" HEIGHT="13" CONTENT="on" WC="0.50" CC="18"/>
							<SP ID="P4_SP00299" HPOS="548" VPOS="2314" WIDTH="14"/>
							<String ID="P4_ST00348" HPOS="562" VPOS="2290" WIDTH="35" HEIGHT="19" CONTENT="the" WC="0.95" CC="803"/>
							<SP ID="P4_SP00300" HPOS="597" VPOS="2314" WIDTH="12"/>
							<String ID="P4_ST00349" HPOS="609" VPOS="2289" WIDTH="103" HEIGHT="26" CONTENT="premises." WC="0.99" CC="905006174"/>
						</TextLine>
					</TextBlock>
				</ComposedBlock>
				<ComposedBlock ID="P4_CB00002" HPOS="996" VPOS="1772" WIDTH="898" HEIGHT="2325" TYPE="Advertisement">
					<TextBlock ID="P4_TB00004" HPOS="996" VPOS="1772" WIDTH="898" HEIGHT="2325" STYLEREFS="TXT_2 PAR_LEFT">
						<TextLine ID="P4_TL00051" HPOS="1017" VPOS="1855" WIDTH="853" HEIGHT="27">
							<String ID="P4_ST00350" HPOS="1017" VPOS="1856" WIDTH="71" HEIGHT="21" CONTENT="Under" WC="0.95" CC="78987"/>
							<SP ID="P4_SP00301" HPOS="1088" VPOS="1877" WIDTH="15"/>
							<String ID="P4_ST00351" HPOS="1103" VPOS="1856" WIDTH="35" HEIGHT="20" CONTENT="the" WC="0.93" CC="476"/>
							<SP ID="P4_SP00302" HPOS="1138" VPOS="1877" WIDTH="17"/>
							<String ID="P4_ST00352" HPOS="1155" VPOS="1856" WIDTH="153" HEIGHT="26" CONTENT="distinguished" WC="0.99" CC="9366569050702"/>
							<SP ID="P4_SP00303" HPOS="1308" VPOS="1882" WIDTH="16"/>
							<String ID="P4_ST00353" HPOS="1324" VPOS="1856" WIDTH="117" HEIGHT="25" CONTENT="Patronage" WC="0.98" CC="770164092"/>
							<SP ID="P4_SP00304" HPOS="1441" VPOS="1882" WIDTH="17"/>
							<String ID="P4_ST00354" HPOS="1458" VPOS="1856" WIDTH="21" HEIGHT="19" CONTENT="of" WC="0.64" CC="07"/>
							<SP ID="P4_SP00305" HPOS="1479" VPOS="1882" WIDTH="15"/>
							<String ID="P4_ST00355" HPOS="1494" VPOS="1856" WIDTH="33" HEIGHT="19" CONTENT="his" WC="0.94" CC="906"/>
							<SP ID="P4_SP00306" HPOS="1527" VPOS="1882" WIDTH="9"/>
							<String ID="P4_ST00356" HPOS="1536" VPOS="1855" WIDTH="123" HEIGHT="26" CONTENT="Excellency" WC="0.99" CC="2350513709"/>
							<SP ID="P4_SP00307" HPOS="1659" VPOS="1882" WIDTH="11"/>
							<String ID="P4_ST00357" HPOS="1670" VPOS="1855" WIDTH="35" HEIGHT="21" CONTENT="the" WC="0.99" CC="003"/>
							<SP ID="P4_SP00308" HPOS="1705" VPOS="1882" WIDTH="10"/>
							<String ID="P4_ST00358" HPOS="1715" VPOS="1856" WIDTH="108" HEIGHT="21" CONTENT="Governor" WC="0.98" CC="50206744"/>
							<SP ID="P4_SP00309" HPOS="1823" VPOS="1882" WIDTH="11"/>
							<String ID="P4_ST00359" HPOS="1834" VPOS="1856" WIDTH="36" HEIGHT="20" CONTENT="the" WC="0.97" CC="700"/>
						</TextLine>
						<TextLine ID="P4_TL00052" HPOS="1345" VPOS="1882" WIDTH="193" HEIGHT="20">
							<String ID="P4_ST00360" HPOS="1345" VPOS="1882" WIDTH="50" HEIGHT="19" CONTENT="Earl" WC="0.96" CC="6346"/>
							<SP ID="P4_SP00310" HPOS="1395" VPOS="1901" WIDTH="23"/>
							<String ID="P4_ST00361" HPOS="1418" VPOS="1882" WIDTH="21" HEIGHT="20" CONTENT="of" WC="0.51" CC="72"/>
							<SP ID="P4_SP00311" HPOS="1439" VPOS="1902" WIDTH="10"/>
							<String ID="P4_ST00362" HPOS="1449" VPOS="1882" WIDTH="89" HEIGHT="20" CONTENT="Onslow." WC="0.98" CC="6070394"/>
						</TextLine>
						<TextLine ID="P4_TL00053" HPOS="1053" VPOS="1942" WIDTH="776" HEIGHT="79">
							<String ID="P4_ST00363" HPOS="1053" VPOS="1946" WIDTH="142" HEIGHT="66" CONTENT="HOT" WC="0.98" CC="500" STYLEREFS="TXT_13"/>
							<SP ID="P4_SP00312" HPOS="1195" VPOS="2012" WIDTH="33"/>
							<String ID="P4_ST00364" HPOS="1228" VPOS="1942" WIDTH="304" HEIGHT="69" CONTENT="SPRINGS" WC="0.99" CC="1022561" STYLEREFS="TXT_13"/>
							<SP ID="P4_SP00313" HPOS="1532" VPOS="2012" WIDTH="48"/>
							<String ID="P4_ST00365" HPOS="1580" VPOS="1942" WIDTH="249" HEIGHT="79" CONTENT="HOTEL," WC="0.98" CC="600404" STYLEREFS="TXT_13"/>
						</TextLine>
						<TextLine ID="P4_TL00054" HPOS="1230" VPOS="2037" WIDTH="425" HEIGHT="33">
							<String ID="P4_ST00366" HPOS="1230" VPOS="2039" WIDTH="92" HEIGHT="31" CONTENT="TO" WC="0.16" CC="97" STYLEREFS="TXT_14"/>
							<SP ID="P4_SP00314" HPOS="1322" VPOS="2070" WIDTH="56"/>
							<String ID="P4_ST00367" HPOS="1378" VPOS="2037" WIDTH="149" HEIGHT="33" CONTENT="KRO" WC="0.24" CC="743" STYLEREFS="TXT_14"/>
							<SP ID="P4_SP00315" HPOS="1527" VPOS="2070" WIDTH="18"/>
							<String ID="P4_ST00368" HPOS="1545" VPOS="2039" WIDTH="110" HEIGHT="29" CONTENT="HK." WC="0.49" CC="577" STYLEREFS="TXT_14"/>
						</TextLine>
						<TextLine ID="P4_TL00055" HPOS="1063" VPOS="2097" WIDTH="761" HEIGHT="32">
							<String ID="P4_ST00369" HPOS="1063" VPOS="2100" WIDTH="53" HEIGHT="24" CONTENT="The" WC="0.93" CC="971" STYLEREFS="TXT_15"/>
							<SP ID="P4_SP00316" HPOS="1116" VPOS="2124" WIDTH="14"/>
							<String ID="P4_ST00370" HPOS="1130" VPOS="2099" WIDTH="58" HEIGHT="26" CONTENT="best" WC="0.96" CC="7136" STYLEREFS="TXT_15"/>
							<SP ID="P4_SP00317" HPOS="1188" VPOS="2125" WIDTH="25"/>
							<String ID="P4_ST00371" HPOS="1213" VPOS="2098" WIDTH="129" HEIGHT="30" CONTENT="Situated," WC="0.98" CC="709709794" STYLEREFS="TXT_15"/>
							<SP ID="P4_SP00318" HPOS="1342" VPOS="2128" WIDTH="22"/>
							<String ID="P4_ST00372" HPOS="1364" VPOS="2099" WIDTH="47" HEIGHT="25" CONTENT="the" WC="0.97" CC="070" STYLEREFS="TXT_15"/>
							<SP ID="P4_SP00319" HPOS="1411" VPOS="2128" WIDTH="12"/>
							<String ID="P4_ST00373" HPOS="1423" VPOS="2100" WIDTH="69" HEIGHT="23" CONTENT="most" WC="0.99" CC="3000" STYLEREFS="TXT_15"/>
							<SP ID="P4_SP00320" HPOS="1492" VPOS="2128" WIDTH="14"/>
							<String ID="P4_ST00374" HPOS="1506" VPOS="2097" WIDTH="185" HEIGHT="32" CONTENT="Comfortable," WC="0.99" CC="509526705243" STYLEREFS="TXT_15"/>
							<SP ID="P4_SP00321" HPOS="1691" VPOS="2129" WIDTH="14"/>
							<String ID="P4_ST00375" HPOS="1705" VPOS="2100" WIDTH="46" HEIGHT="24" CONTENT="the" WC="0.96" CC="073" STYLEREFS="TXT_15"/>
							<SP ID="P4_SP00322" HPOS="1751" VPOS="2129" WIDTH="14"/>
							<String ID="P4_ST00376" HPOS="1765" VPOS="2098" WIDTH="59" HEIGHT="27" CONTENT="best" WC="0.96" CC="7008" STYLEREFS="TXT_15"/>
						</TextLine>
						<TextLine ID="P4_TL00056" HPOS="1230" VPOS="2133" WIDTH="433" HEIGHT="33">
							<String ID="P4_ST00377" HPOS="1230" VPOS="2133" WIDTH="140" HEIGHT="33" CONTENT="appointed" WC="0.98" CC="297066507" STYLEREFS="TXT_15"/>
							<SP ID="P4_SP00323" HPOS="1370" VPOS="2166" WIDTH="15"/>
							<String ID="P4_ST00378" HPOS="1385" VPOS="2133" WIDTH="79" HEIGHT="24" CONTENT="Hotel" WC="0.98" CC="70006" STYLEREFS="TXT_15"/>
							<SP ID="P4_SP00324" HPOS="1464" VPOS="2166" WIDTH="9"/>
							<String ID="P4_ST00379" HPOS="1473" VPOS="2133" WIDTH="29" HEIGHT="24" CONTENT="in" WC="0.57" CC="08" STYLEREFS="TXT_15"/>
							<SP ID="P4_SP00325" HPOS="1502" VPOS="2166" WIDTH="12"/>
							<String ID="P4_ST00380" HPOS="1514" VPOS="2133" WIDTH="35" HEIGHT="24" CONTENT="Te" WC="0.46" CC="73" STYLEREFS="TXT_15"/>
							<SP ID="P4_SP00326" HPOS="1549" VPOS="2166" WIDTH="18"/>
							<String ID="P4_ST00381" HPOS="1567" VPOS="2133" WIDTH="96" HEIGHT="24" CONTENT="Aroha." WC="0.60" CC="960007" STYLEREFS="TXT_15"/>
						</TextLine>
						<TextLine ID="P4_TL00057" HPOS="1030" VPOS="2169" WIDTH="864" HEIGHT="35">
							<String ID="P4_ST00382" HPOS="1030" VPOS="2170" WIDTH="110" HEIGHT="34" CONTENT="Adjoins" WC="0.98" CC="9670170" STYLEREFS="TXT_15"/>
							<SP ID="P4_SP00327" HPOS="1140" VPOS="2204" WIDTH="25"/>
							<String ID="P4_ST00383" HPOS="1165" VPOS="2170" WIDTH="75" HEIGHT="33" CONTENT="(with" WC="0.98" CC="09080" STYLEREFS="TXT_15"/>
							<SP ID="P4_SP00328" HPOS="1240" VPOS="2204" WIDTH="23"/>
							<String ID="P4_ST00384" HPOS="1263" VPOS="2170" WIDTH="106" HEIGHT="25" CONTENT="Private" WC="0.99" CC="7507000" STYLEREFS="TXT_15"/>
							<SP ID="P4_SP00329" HPOS="1369" VPOS="2204" WIDTH="25"/>
							<String ID="P4_ST00385" HPOS="1394" VPOS="2169" WIDTH="143" HEIGHT="33" CONTENT="Entrance)" WC="0.99" CC="906500270" STYLEREFS="TXT_15"/>
							<SP ID="P4_SP00330" HPOS="1537" VPOS="2204" WIDTH="26"/>
							<String ID="P4_ST00386" HPOS="1563" VPOS="2171" WIDTH="46" HEIGHT="24" CONTENT="the" WC="0.93" CC="972" STYLEREFS="TXT_15"/>
							<SP ID="P4_SP00331" HPOS="1609" VPOS="2204" WIDTH="31"/>
							<String ID="P4_ST00387" HPOS="1640" VPOS="2171" WIDTH="124" HEIGHT="25" CONTENT="Thermal" WC="0.97" CC="7725995" STYLEREFS="TXT_15"/>
							<SP ID="P4_SP00332" HPOS="1764" VPOS="2204" WIDTH="22"/>
							<String ID="P4_ST00388" HPOS="1786" VPOS="2172" WIDTH="108" HEIGHT="32" CONTENT="Springs" WC="0.97" CC="7973070" STYLEREFS="TXT_15"/>
						</TextLine>
						<TextLine ID="P4_TL00058" HPOS="998" VPOS="2204" WIDTH="494" HEIGHT="33">
							<String ID="P4_ST00389" HPOS="998" VPOS="2205" WIDTH="119" HEIGHT="32" CONTENT="Domain," WC="1.00" CC="7000001" STYLEREFS="TXT_15"/>
							<SP ID="P4_SP00333" HPOS="1117" VPOS="2237" WIDTH="12"/>
							<String ID="P4_ST00390" HPOS="1129" VPOS="2204" WIDTH="96" HEIGHT="26" CONTENT="Tennis" WC="0.98" CC="900700" STYLEREFS="TXT_15"/>
							<SP ID="P4_SP00334" HPOS="1225" VPOS="2237" WIDTH="13"/>
							<String ID="P4_ST00391" HPOS="1238" VPOS="2204" WIDTH="84" HEIGHT="25" CONTENT="Court" WC="0.98" CC="32640" STYLEREFS="TXT_15"/>
							<SP ID="P4_SP00335" HPOS="1322" VPOS="2237" WIDTH="9"/>
							<String ID="P4_ST00392" HPOS="1331" VPOS="2204" WIDTH="29" HEIGHT="24" CONTENT="in" WC="0.63" CC="07" STYLEREFS="TXT_15"/>
							<SP ID="P4_SP00336" HPOS="1360" VPOS="2237" WIDTH="12"/>
							<String ID="P4_ST00393" HPOS="1372" VPOS="2204" WIDTH="120" HEIGHT="25" CONTENT="Domain." WC="0.99" CC="7000084" STYLEREFS="TXT_15"/>
						</TextLine>
						<TextLine ID="P4_TL00059" HPOS="998" VPOS="2280" WIDTH="309" HEIGHT="48">
							<String ID="P4_ST00394" HPOS="998" VPOS="2281" WIDTH="49" HEIGHT="41" CONTENT="W." WC="0.29" CC="94" STYLEREFS="TXT_14"/>
							<SP ID="P4_SP00337" HPOS="1047" VPOS="2322" WIDTH="26"/>
							<String ID="P4_ST00395" HPOS="1073" VPOS="2280" WIDTH="41" HEIGHT="42" CONTENT="H." WC="0.27" CC="77" STYLEREFS="TXT_14"/>
							<SP ID="P4_SP00338" HPOS="1114" VPOS="2322" WIDTH="28"/>
							<String ID="P4_ST00396" HPOS="1142" VPOS="2280" WIDTH="165" HEIGHT="48" CONTENT="MOCK,," WC="0.98" CC="705044" STYLEREFS="TXT_14"/>
						</TextLine>
						<TextLine ID="P4_TL00060" HPOS="1024" VPOS="2364" WIDTH="867" HEIGHT="26">
							<String ID="P4_ST00397" HPOS="1024" VPOS="2366" WIDTH="42" HEIGHT="21" CONTENT="The" WC="0.94" CC="771"/>
							<SP ID="P4_SP00339" HPOS="1066" VPOS="2387" WIDTH="17"/>
							<String ID="P4_ST00398" HPOS="1083" VPOS="2366" WIDTH="61" HEIGHT="21" CONTENT="haths" WC="0.12" CC="99887"/>
							<SP ID="P4_SP00340" HPOS="1144" VPOS="2387" WIDTH="18"/>
							<String ID="P4_ST00399" HPOS="1162" VPOS="2366" WIDTH="41" HEIGHT="20" CONTENT="and" WC="0.94" CC="970"/>
							<SP ID="P4_SP00341" HPOS="1203" VPOS="2387" WIDTH="20"/>
							<String ID="P4_ST00400" HPOS="1223" VPOS="2365" WIDTH="96" HEIGHT="23" CONTENT="drinking" WC="0.98" CC="04075058"/>
							<SP ID="P4_SP00342" HPOS="1319" VPOS="2388" WIDTH="19"/>
							<String ID="P4_ST00401" HPOS="1338" VPOS="2367" WIDTH="64" HEIGHT="17" CONTENT="water" WC="0.96" CC="94507"/>
							<SP ID="P4_SP00343" HPOS="1402" VPOS="2388" WIDTH="19"/>
							<String ID="P4_ST00402" HPOS="1421" VPOS="2371" WIDTH="35" HEIGHT="12" CONTENT="are" WC="0.97" CC="053"/>
							<SP ID="P4_SP00344" HPOS="1456" VPOS="2388" WIDTH="15"/>
							<String ID="P4_ST00403" HPOS="1471" VPOS="2364" WIDTH="110" HEIGHT="26" CONTENT="especially" WC="0.98" CC="2780628046"/>
							<SP ID="P4_SP00345" HPOS="1581" VPOS="2390" WIDTH="20"/>
							<String ID="P4_ST00404" HPOS="1601" VPOS="2365" WIDTH="114" HEIGHT="20" CONTENT="efficacious" WC="0.99" CC="08224026457"/>
							<SP ID="P4_SP00346" HPOS="1715" VPOS="2390" WIDTH="20"/>
							<String ID="P4_ST00405" HPOS="1735" VPOS="2366" WIDTH="21" HEIGHT="19" CONTENT="in" WC="0.48" CC="18"/>
							<SP ID="P4_SP00347" HPOS="1756" VPOS="2390" WIDTH="23"/>
							<String ID="P4_ST00406" HPOS="1779" VPOS="2366" WIDTH="58" HEIGHT="21" CONTENT="Gout" WC="0.97" CC="6027"/>
							<SP ID="P4_SP00348" HPOS="1837" VPOS="2390" WIDTH="16"/>
							<String ID="P4_ST00407" HPOS="1853" VPOS="2366" WIDTH="38" HEIGHT="19" CONTENT="and" WC="0.92" CC="777"/>
						</TextLine>
						<TextLine ID="P4_TL00061" HPOS="998" VPOS="2390" WIDTH="895" HEIGHT="29">
							<String ID="P4_ST00408" HPOS="998" VPOS="2393" WIDTH="122" HEIGHT="20" CONTENT="Rheumatic" WC="0.98" CC="770539603"/>
							<SP ID="P4_SP00349" HPOS="1120" VPOS="2413" WIDTH="11"/>
							<String ID="P4_ST00409" HPOS="1131" VPOS="2392" WIDTH="115" HEIGHT="24" CONTENT="affections," WC="0.98" CC="98825408700"/>
							<SP ID="P4_SP00350" HPOS="1246" VPOS="2416" WIDTH="11"/>
							<String ID="P4_ST00410" HPOS="1257" VPOS="2391" WIDTH="89" HEIGHT="20" CONTENT="Chronic" WC="0.99" CC="1010700"/>
							<SP ID="P4_SP00351" HPOS="1346" VPOS="2416" WIDTH="8"/>
							<String ID="P4_ST00411" HPOS="1354" VPOS="2390" WIDTH="123" HEIGHT="26" CONTENT="Dyspepsia," WC="0.99" CC="7670068030"/>
							<SP ID="P4_SP00352" HPOS="1477" VPOS="2416" WIDTH="10"/>
							<String ID="P4_ST00412" HPOS="1487" VPOS="2390" WIDTH="110" HEIGHT="21" CONTENT="Disorders" WC="0.98" CC="948067078"/>
							<SP ID="P4_SP00353" HPOS="1597" VPOS="2416" WIDTH="19"/>
							<String ID="P4_ST00413" HPOS="1616" VPOS="2392" WIDTH="21" HEIGHT="19" CONTENT="of" WC="0.40" CC="29"/>
							<SP ID="P4_SP00354" HPOS="1637" VPOS="2416" WIDTH="10"/>
							<String ID="P4_ST00414" HPOS="1647" VPOS="2392" WIDTH="35" HEIGHT="19" CONTENT="the" WC="0.94" CC="870"/>
							<SP ID="P4_SP00355" HPOS="1682" VPOS="2416" WIDTH="10"/>
							<String ID="P4_ST00415" HPOS="1692" VPOS="2392" WIDTH="91" HEIGHT="26" CONTENT="Urinery" WC="0.40" CC="8738049"/>
							<SP ID="P4_SP00356" HPOS="1783" VPOS="2418" WIDTH="23"/>
							<String ID="P4_ST00416" HPOS="1806" VPOS="2393" WIDTH="87" HEIGHT="26" CONTENT="Organs," WC="0.98" CC="2204770"/>
						</TextLine>
						<TextLine ID="P4_TL00062" HPOS="998" VPOS="2417" WIDTH="896" HEIGHT="27">
							<String ID="P4_ST00417" HPOS="998" VPOS="2420" WIDTH="116" HEIGHT="20" CONTENT="Cutaneous" WC="0.98" CC="607970046"/>
							<SP ID="P4_SP00357" HPOS="1114" VPOS="2440" WIDTH="10"/>
							<String ID="P4_ST00418" HPOS="1124" VPOS="2420" WIDTH="100" HEIGHT="24" CONTENT="Diseases," WC="0.99" CC="900006000"/>
							<SP ID="P4_SP00358" HPOS="1224" VPOS="2444" WIDTH="16"/>
							<String ID="P4_ST00419" HPOS="1240" VPOS="2417" WIDTH="80" HEIGHT="27" CONTENT="Splenic" WC="0.98" CC="6063721"/>
							<SP ID="P4_SP00359" HPOS="1320" VPOS="2444" WIDTH="10"/>
							<String ID="P4_ST00420" HPOS="1330" VPOS="2418" WIDTH="41" HEIGHT="20" CONTENT="and" WC="0.95" CC="570"/>
							<SP ID="P4_SP00360" HPOS="1371" VPOS="2444" WIDTH="15"/>
							<String ID="P4_ST00421" HPOS="1386" VPOS="2418" WIDTH="88" HEIGHT="25" CONTENT="Hepahc" WC="0.61" CC="600276"/>
							<SP ID="P4_SP00361" HPOS="1474" VPOS="2444" WIDTH="14"/>
							<String ID="P4_ST00422" HPOS="1488" VPOS="2417" WIDTH="116" HEIGHT="25" CONTENT="Disorders," WC="0.99" CC="0272941472"/>
							<SP ID="P4_SP00362" HPOS="1604" VPOS="2444" WIDTH="18"/>
							<String ID="P4_ST00423" HPOS="1622" VPOS="2418" WIDTH="93" HEIGHT="21" CONTENT="Diseases" WC="0.98" CC="92049627"/>
							<SP ID="P4_SP00363" HPOS="1715" VPOS="2444" WIDTH="14"/>
							<String ID="P4_ST00424" HPOS="1729" VPOS="2420" WIDTH="40" HEIGHT="19" CONTENT="due" WC="1.00" CC="001"/>
							<SP ID="P4_SP00364" HPOS="1769" VPOS="2444" WIDTH="8"/>
							<String ID="P4_ST00425" HPOS="1777" VPOS="2422" WIDTH="21" HEIGHT="17" CONTENT="to" WC="0.16" CC="97"/>
							<SP ID="P4_SP00365" HPOS="1798" VPOS="2444" WIDTH="8"/>
							<String ID="P4_ST00426" HPOS="1806" VPOS="2420" WIDTH="88" HEIGHT="19" CONTENT="Exeesst" WC="0.42" CC="2808785"/>
						</TextLine>
						<TextLine ID="P4_TL00063" HPOS="1001" VPOS="2445" WIDTH="323" HEIGHT="28">
							<String ID="P4_ST00427" HPOS="1001" VPOS="2446" WIDTH="88" HEIGHT="27" CONTENT="Acidity," WC="0.98" CC="87400361"/>
							<SP ID="P4_SP00366" HPOS="1089" VPOS="2473" WIDTH="8"/>
							<String ID="P4_ST00428" HPOS="1097" VPOS="2446" WIDTH="121" HEIGHT="27" CONTENT="Neuralgia," WC="0.98" CC="7247737040"/>
							<SP ID="P4_SP00367" HPOS="1218" VPOS="2473" WIDTH="10"/>
							<String ID="P4_ST00429" HPOS="1228" VPOS="2445" WIDTH="96" HEIGHT="21" CONTENT="Sciatica." WC="0.99" CC="101041370"/>
						</TextLine>
						<TextLine ID="P4_TL00064" HPOS="1326" VPOS="2481" WIDTH="132" HEIGHT="15">
							<String ID="P4_ST00430" HPOS="1326" VPOS="2481" WIDTH="132" HEIGHT="15" CONTENT="————:o:" WC="0.97" CC="8888708"/>
							<SP ID="P4_SP00368" HPOS="1458" VPOS="2496" WIDTH="0"/>
						</TextLine>
						<TextLine ID="P4_TL00065" HPOS="1120" VPOS="2511" WIDTH="666" HEIGHT="27">
							<String ID="P4_ST00431" HPOS="1120" VPOS="2514" WIDTH="63" HEIGHT="20" CONTENT="Town" WC="0.97" CC="0067"/>
							<SP ID="P4_SP00369" HPOS="1183" VPOS="2534" WIDTH="14"/>
							<String ID="P4_ST00432" HPOS="1197" VPOS="2513" WIDTH="50" HEIGHT="21" CONTENT="Hall" WC="0.96" CC="0962"/>
							<SP ID="P4_SP00370" HPOS="1247" VPOS="2534" WIDTH="10"/>
							<String ID="P4_ST00433" HPOS="1257" VPOS="2513" WIDTH="39" HEIGHT="20" CONTENT="and" WC="0.91" CC="978"/>
							<SP ID="P4_SP00371" HPOS="1296" VPOS="2534" WIDTH="11"/>
							<String ID="P4_ST00434" HPOS="1307" VPOS="2511" WIDTH="80" HEIGHT="27" CONTENT="Sample" WC="0.98" CC="585040"/>
							<SP ID="P4_SP00372" HPOS="1387" VPOS="2538" WIDTH="10"/>
							<String ID="P4_ST00435" HPOS="1397" VPOS="2512" WIDTH="78" HEIGHT="19" CONTENT="Booms" WC="0.98" CC="80008"/>
							<SP ID="P4_SP00373" HPOS="1475" VPOS="2538" WIDTH="16"/>
							<String ID="P4_ST00436" HPOS="1491" VPOS="2512" WIDTH="111" HEIGHT="19" CONTENT="connected" WC="0.99" CC="197705120"/>
							<SP ID="P4_SP00374" HPOS="1602" VPOS="2538" WIDTH="14"/>
							<String ID="P4_ST00437" HPOS="1616" VPOS="2512" WIDTH="45" HEIGHT="21" CONTENT="with" WC="0.95" CC="7096"/>
							<SP ID="P4_SP00375" HPOS="1661" VPOS="2538" WIDTH="10"/>
							<String ID="P4_ST00438" HPOS="1671" VPOS="2512" WIDTH="34" HEIGHT="21" CONTENT="the" WC="0.97" CC="070"/>
							<SP ID="P4_SP00376" HPOS="1705" VPOS="2538" WIDTH="10"/>
							<String ID="P4_ST00439" HPOS="1715" VPOS="2512" WIDTH="71" HEIGHT="26" CONTENT="Hotel," WC="0.98" CC="633650"/>
						</TextLine>
						<TextLine ID="P4_TL00066" HPOS="1077" VPOS="2589" WIDTH="732" HEIGHT="24">
							<String ID="P4_ST00440" HPOS="1077" VPOS="2591" WIDTH="51" HEIGHT="22" CONTENT="New" WC="0.95" CC="608"/>
							<SP ID="P4_SP00377" HPOS="1128" VPOS="2613" WIDTH="9"/>
							<String ID="P4_ST00441" HPOS="1137" VPOS="2591" WIDTH="87" HEIGHT="22" CONTENT="Billiard" WC="0.99" CC="63000840"/>
							<SP ID="P4_SP00378" HPOS="1224" VPOS="2613" WIDTH="9"/>
							<String ID="P4_ST00442" HPOS="1233" VPOS="2590" WIDTH="66" HEIGHT="22" CONTENT="Room" WC="0.96" CC="7027"/>
							<SP ID="P4_SP00379" HPOS="1299" VPOS="2613" WIDTH="10"/>
							<String ID="P4_ST00443" HPOS="1309" VPOS="2590" WIDTH="49" HEIGHT="21" CONTENT="with" WC="0.98" CC="0250"/>
							<SP ID="P4_SP00380" HPOS="1358" VPOS="2613" WIDTH="14"/>
							<String ID="P4_ST00444" HPOS="1372" VPOS="2596" WIDTH="37" HEIGHT="14" CONTENT="one" WC="0.94" CC="574"/>
							<SP ID="P4_SP00381" HPOS="1409" VPOS="2613" WIDTH="13"/>
							<String ID="P4_ST00445" HPOS="1422" VPOS="2589" WIDTH="22" HEIGHT="20" CONTENT="of" WC="0.42" CC="19"/>
							<SP ID="P4_SP00382" HPOS="1444" VPOS="2613" WIDTH="10"/>
							<String ID="P4_ST00446" HPOS="1454" VPOS="2589" WIDTH="107" HEIGHT="21" CONTENT="Bennett's" WC="0.98" CC="387700405"/>
							<SP ID="P4_SP00383" HPOS="1561" VPOS="2613" WIDTH="10"/>
							<String ID="P4_ST00447" HPOS="1571" VPOS="2589" WIDTH="52" HEIGHT="22" CONTENT="New" WC="0.95" CC="029"/>
							<SP ID="P4_SP00384" HPOS="1623" VPOS="2613" WIDTH="9"/>
							<String ID="P4_ST00448" HPOS="1632" VPOS="2590" WIDTH="86" HEIGHT="21" CONTENT="Billiard" WC="0.98" CC="43563139"/>
							<SP ID="P4_SP00385" HPOS="1718" VPOS="2613" WIDTH="10"/>
							<String ID="P4_ST00449" HPOS="1728" VPOS="2591" WIDTH="81" HEIGHT="20" CONTENT="Tables." WC="0.99" CC="5040004"/>
						</TextLine>
						<TextLine ID="P4_TL00067" HPOS="1002" VPOS="2750" WIDTH="882" HEIGHT="63">
							<String ID="P4_ST00450" HPOS="1002" VPOS="2751" WIDTH="455" HEIGHT="61" CONTENT="GEYSER" WC="0.98" CC="753051" STYLEREFS="TXT_16"/>
							<SP ID="P4_SP00386" HPOS="1457" VPOS="2812" WIDTH="24"/>
							<String ID="P4_ST00451" HPOS="1481" VPOS="2750" WIDTH="403" HEIGHT="63" CONTENT="HOUSE," WC="0.98" CC="700064" STYLEREFS="TXT_16"/>
						</TextLine>
						<TextLine ID="P4_TL00068" HPOS="1045" VPOS="2825" WIDTH="793" HEIGHT="49">
							<String ID="P4_ST00452" HPOS="1045" VPOS="2826" WIDTH="329" HEIGHT="48" CONTENT="Hydropathic" WC="0.99" CC="56960306700" STYLEREFS="TXT_17"/>
							<SP ID="P4_SP00387" HPOS="1374" VPOS="2874" WIDTH="31"/>
							<String ID="P4_ST00453" HPOS="1405" VPOS="2825" WIDTH="155" HEIGHT="41" CONTENT="Hotel," WC="0.98" CC="537004" STYLEREFS="TXT_17"/>
							<SP ID="P4_SP00388" HPOS="1560" VPOS="2874" WIDTH="19"/>
							<String ID="P4_ST00454" HPOS="1579" VPOS="2825" WIDTH="259" HEIGHT="40" CONTENT="Wairakei." WC="0.60" CC="620709107" STYLEREFS="TXT_17"/>
						</TextLine>
						<TextLine ID="P4_TL00069" HPOS="1196" VPOS="2875" WIDTH="493" HEIGHT="26">
							<String ID="P4_ST00455" HPOS="1196" VPOS="2876" WIDTH="37" HEIGHT="20" CONTENT="Six" WC="0.95" CC="507"/>
							<SP ID="P4_SP00389" HPOS="1233" VPOS="2896" WIDTH="8"/>
							<String ID="P4_ST00456" HPOS="1241" VPOS="2876" WIDTH="59" HEIGHT="20" CONTENT="miles" WC="0.99" CC="30003"/>
							<SP ID="P4_SP00390" HPOS="1300" VPOS="2896" WIDTH="9"/>
							<String ID="P4_ST00457" HPOS="1309" VPOS="2876" WIDTH="53" HEIGHT="20" CONTENT="from" WC="0.97" CC="8006"/>
							<SP ID="P4_SP00391" HPOS="1362" VPOS="2896" WIDTH="9"/>
							<String ID="P4_ST00458" HPOS="1371" VPOS="2876" WIDTH="57" HEIGHT="20" CONTENT="Lake" WC="0.96" CC="5904"/>
							<SP ID="P4_SP00392" HPOS="1428" VPOS="2896" WIDTH="10"/>
							<String ID="P4_ST00459" HPOS="1438" VPOS="2876" WIDTH="71" HEIGHT="25" CONTENT="Taupo" WC="0.58" CC="07093"/>
							<SP ID="P4_SP00393" HPOS="1509" VPOS="2901" WIDTH="10"/>
							<String ID="P4_ST00460" HPOS="1519" VPOS="2875" WIDTH="101" HEIGHT="25" CONTENT="(Rotorua" WC="0.98" CC="27045257"/>
							<SP ID="P4_SP00394" HPOS="1620" VPOS="2901" WIDTH="10"/>
							<String ID="P4_ST00461" HPOS="1630" VPOS="2875" WIDTH="59" HEIGHT="25" CONTENT="side)." WC="0.98" CC="640050"/>
						</TextLine>
						<TextLine ID="P4_TL00070" HPOS="1124" VPOS="2916" WIDTH="636" HEIGHT="33">
							<String ID="P4_ST00462" HPOS="1124" VPOS="2916" WIDTH="219" HEIGHT="33" CONTENT="SUPERIOR" WC="0.99" CC="00208400" STYLEREFS="TXT_18"/>
							<SP ID="P4_SP00395" HPOS="1343" VPOS="2949" WIDTH="31"/>
							<String ID="P4_ST00463" HPOS="1374" VPOS="2916" WIDTH="386" HEIGHT="32" CONTENT="ACCOMMODATION" WC="0.99" CC="2640780300530" STYLEREFS="TXT_18"/>
						</TextLine>
						<TextLine ID="P4_TL00071" HPOS="1191" VPOS="2958" WIDTH="506" HEIGHT="22">
							<String ID="P4_ST00464" HPOS="1191" VPOS="2959" WIDTH="56" HEIGHT="21" CONTENT="ALL" WC="0.95" CC="660"/>
							<SP ID="P4_SP00396" HPOS="1247" VPOS="2980" WIDTH="9"/>
							<String ID="P4_ST00465" HPOS="1256" VPOS="2959" WIDTH="57" HEIGHT="20" CONTENT="THE" WC="0.92" CC="973"/>
							<SP ID="P4_SP00397" HPOS="1313" VPOS="2980" WIDTH="9"/>
							<String ID="P4_ST00466" HPOS="1322" VPOS="2958" WIDTH="146" HEIGHT="22" CONTENT="COMFORTS" WC="0.99" CC="50970060"/>
							<SP ID="P4_SP00398" HPOS="1468" VPOS="2980" WIDTH="10"/>
							<String ID="P4_ST00467" HPOS="1478" VPOS="2958" WIDTH="35" HEIGHT="20" CONTENT="01'" WC="0.67" CC="180"/>
							<SP ID="P4_SP00399" HPOS="1513" VPOS="2980" WIDTH="11"/>
							<String ID="P4_ST00468" HPOS="1524" VPOS="2959" WIDTH="17" HEIGHT="19" CONTENT="A" WC="0.28" CC="7"/>
							<SP ID="P4_SP00400" HPOS="1541" VPOS="2980" WIDTH="10"/>
							<String ID="P4_ST00469" HPOS="1551" VPOS="2958" WIDTH="81" HEIGHT="20" CONTENT="HOME" WC="0.96" CC="7226"/>
							<SP ID="P4_SP00401" HPOS="1632" VPOS="2980" WIDTH="10"/>
							<String ID="P4_ST00470" HPOS="1642" VPOS="2958" WIDTH="55" HEIGHT="21" CONTENT="FOR" WC="0.94" CC="609"/>
						</TextLine>
						<TextLine ID="P4_TL00072" HPOS="1231" VPOS="3015" WIDTH="438" HEIGHT="29">
							<String ID="P4_ST00471" HPOS="1231" VPOS="3016" WIDTH="155" HEIGHT="28" CONTENT="Tourists" WC="0.98" CC="50970375" STYLEREFS="TXT_19"/>
							<SP ID="P4_SP00402" HPOS="1386" VPOS="3044" WIDTH="19"/>
							<String ID="P4_ST00472" HPOS="1405" VPOS="3015" WIDTH="69" HEIGHT="28" CONTENT="and" WC="0.94" CC="465" STYLEREFS="TXT_19"/>
							<SP ID="P4_SP00403" HPOS="1474" VPOS="3044" WIDTH="30"/>
							<String ID="P4_ST00473" HPOS="1504" VPOS="3015" WIDTH="165" HEIGHT="29" CONTENT="Invalids." WC="0.98" CC="567000934" STYLEREFS="TXT_19"/>
						</TextLine>
						<TextLine ID="P4_TL00073" HPOS="998" VPOS="3107" WIDTH="888" HEIGHT="35">
							<String ID="P4_ST00474" HPOS="998" VPOS="3111" WIDTH="68" HEIGHT="27" CONTENT="Hot" WC="0.94" CC="608" STYLEREFS="TXT_19"/>
							<SP ID="P4_SP00404" HPOS="1066" VPOS="3138" WIDTH="20"/>
							<String ID="P4_ST00475" HPOS="1086" VPOS="3109" WIDTH="205" HEIGHT="33" CONTENT="Swimming" WC="0.98" CC="09077007" STYLEREFS="TXT_19"/>
							<SP ID="P4_SP00405" HPOS="1291" VPOS="3142" WIDTH="13"/>
							<String ID="P4_ST00476" HPOS="1304" VPOS="3107" WIDTH="119" HEIGHT="33" CONTENT="Baths," WC="0.98" CC="100962" STYLEREFS="TXT_19"/>
							<SP ID="P4_SP00406" HPOS="1423" VPOS="3142" WIDTH="16"/>
							<String ID="P4_ST00477" HPOS="1439" VPOS="3107" WIDTH="197" HEIGHT="27" CONTENT="Kiri-o-Kai" WC="0.75" CC="1050343600" STYLEREFS="TXT_19"/>
							<SP ID="P4_SP00407" HPOS="1636" VPOS="3142" WIDTH="14"/>
							<String ID="P4_ST00478" HPOS="1650" VPOS="3114" WIDTH="39" HEIGHT="19" CONTENT="or" WC="0.69" CC="06" STYLEREFS="TXT_19"/>
							<SP ID="P4_SP00408" HPOS="1689" VPOS="3142" WIDTH="13"/>
							<String ID="P4_ST00479" HPOS="1702" VPOS="3107" WIDTH="85" HEIGHT="27" CONTENT="New" WC="0.93" CC="908" STYLEREFS="TXT_19"/>
							<SP ID="P4_SP00409" HPOS="1787" VPOS="3142" WIDTH="15"/>
							<String ID="P4_ST00480" HPOS="1802" VPOS="3107" WIDTH="84" HEIGHT="27" CONTENT="Skin" WC="0.97" CC="6900" STYLEREFS="TXT_19"/>
						</TextLine>
						<TextLine ID="P4_TL00074" HPOS="1048" VPOS="3140" WIDTH="792" HEIGHT="36">
							<String ID="P4_ST00481" HPOS="1048" VPOS="3143" WIDTH="101" HEIGHT="33" CONTENT="Bath," WC="0.97" CC="50095" STYLEREFS="TXT_19"/>
							<SP ID="P4_SP00410" HPOS="1149" VPOS="3176" WIDTH="20"/>
							<String ID="P4_ST00482" HPOS="1169" VPOS="3143" WIDTH="71" HEIGHT="27" CONTENT="Hot" WC="0.95" CC="706" STYLEREFS="TXT_19"/>
							<SP ID="P4_SP00411" HPOS="1240" VPOS="3176" WIDTH="19"/>
							<String ID="P4_ST00483" HPOS="1259" VPOS="3140" WIDTH="140" HEIGHT="29" CONTENT="Douche" WC="0.98" CC="707006" STYLEREFS="TXT_19"/>
							<SP ID="P4_SP00412" HPOS="1399" VPOS="3176" WIDTH="22"/>
							<String ID="P4_ST00484" HPOS="1421" VPOS="3141" WIDTH="119" HEIGHT="32" CONTENT="Baths," WC="0.97" CC="908703" STYLEREFS="TXT_19"/>
							<SP ID="P4_SP00413" HPOS="1540" VPOS="3176" WIDTH="15"/>
							<String ID="P4_ST00485" HPOS="1555" VPOS="3140" WIDTH="120" HEIGHT="28" CONTENT="Grand" WC="0.96" CC="95069" STYLEREFS="TXT_19"/>
							<SP ID="P4_SP00414" HPOS="1675" VPOS="3176" WIDTH="13"/>
							<String ID="P4_ST00486" HPOS="1688" VPOS="3140" WIDTH="152" HEIGHT="31" CONTENT="Climate." WC="0.99" CC="71000950" STYLEREFS="TXT_19"/>
						</TextLine>
						<TextLine ID="P4_TL00075" HPOS="1097" VPOS="3178" WIDTH="697" HEIGHT="35">
							<String ID="P4_ST00487" HPOS="1097" VPOS="3180" WIDTH="314" HEIGHT="33" CONTENT="Elevation—l,3so" WC="0.99" CC="916500745851375" STYLEREFS="TXT_19"/>
							<SP ID="P4_SP00415" HPOS="1411" VPOS="3213" WIDTH="10"/>
							<String ID="P4_ST00488" HPOS="1421" VPOS="3179" WIDTH="70" HEIGHT="27" CONTENT="feet" WC="0.97" CC="8040" STYLEREFS="TXT_19"/>
							<SP ID="P4_SP00416" HPOS="1491" VPOS="3213" WIDTH="13"/>
							<String ID="P4_ST00489" HPOS="1504" VPOS="3180" WIDTH="109" HEIGHT="26" CONTENT="above" WC="0.97" CC="67600" STYLEREFS="TXT_19"/>
							<SP ID="P4_SP00417" HPOS="1613" VPOS="3213" WIDTH="13"/>
							<String ID="P4_ST00490" HPOS="1626" VPOS="3185" WIDTH="59" HEIGHT="22" CONTENT="sea" WC="0.96" CC="640" STYLEREFS="TXT_19"/>
							<SP ID="P4_SP00418" HPOS="1685" VPOS="3213" WIDTH="12"/>
							<String ID="P4_ST00491" HPOS="1697" VPOS="3178" WIDTH="97" HEIGHT="28" CONTENT="level." WC="0.99" CC="130300" STYLEREFS="TXT_19"/>
						</TextLine>
						<TextLine ID="P4_TL00077" HPOS="998" VPOS="3255" WIDTH="888" HEIGHT="35">
							<String ID="P4_ST00492" HPOS="998" VPOS="3258" WIDTH="256" HEIGHT="32" CONTENT="COMPETENT" WC="0.98" CC="746779560" STYLEREFS="TXT_20"/>
							<SP ID="P4_SP00419" HPOS="1254" VPOS="3290" WIDTH="16"/>
							<String ID="P4_ST00493" HPOS="1270" VPOS="3257" WIDTH="162" HEIGHT="27" CONTENT="GUIDES" WC="0.96" CC="872876" STYLEREFS="TXT_20"/>
							<SP ID="P4_SP00420" HPOS="1432" VPOS="3290" WIDTH="11"/>
							<String ID="P4_ST00494" HPOS="1443" VPOS="3264" WIDTH="156" HEIGHT="25" CONTENT="accompany" WC="0.99" CC="000007665" STYLEREFS="TXT_15"/>
							<SP ID="P4_SP00421" HPOS="1599" VPOS="3290" WIDTH="12"/>
							<String ID="P4_ST00495" HPOS="1611" VPOS="3257" WIDTH="106" HEIGHT="24" CONTENT="tourists" WC="0.99" CC="51760022" STYLEREFS="TXT_15"/>
							<SP ID="P4_SP00422" HPOS="1717" VPOS="3290" WIDTH="10"/>
							<String ID="P4_ST00496" HPOS="1727" VPOS="3258" WIDTH="26" HEIGHT="23" CONTENT="to" WC="0.50" CC="09" STYLEREFS="TXT_15"/>
							<SP ID="P4_SP00423" HPOS="1753" VPOS="3290" WIDTH="9"/>
							<String ID="P4_ST00497" HPOS="1762" VPOS="3257" WIDTH="45" HEIGHT="24" CONTENT="tlie" WC="0.63" CC="0770" STYLEREFS="TXT_15"/>
							<SP ID="P4_SP00424" HPOS="1807" VPOS="3290" WIDTH="12"/>
							<String ID="P4_ST00498" HPOS="1819" VPOS="3255" WIDTH="54" HEIGHT="26" CONTENT="vari" SUBS_TYPE="HypPart1" SUBS_CONTENT="various" WC="0.97" CC="6750" STYLEREFS="TXT_15"/>
							<HYP HPOS="1873" VPOS="3255" WIDTH="13" CONTENT="-"/>
						</TextLine>
						<TextLine ID="P4_TL00078" HPOS="1096" VPOS="3290" WIDTH="790" HEIGHT="36">
							<String ID="P4_ST00499" HPOS="1096" VPOS="3303" WIDTH="47" HEIGHT="16" CONTENT="ous" SUBS_TYPE="HypPart2" SUBS_CONTENT="various" WC="0.93" CC="197" STYLEREFS="TXT_15"/>
							<SP ID="P4_SP00425" HPOS="1143" VPOS="3319" WIDTH="11"/>
							<String ID="P4_ST00500" HPOS="1154" VPOS="3293" WIDTH="85" HEIGHT="33" CONTENT="places" WC="0.97" CC="930287" STYLEREFS="TXT_15"/>
							<SP ID="P4_SP00426" HPOS="1239" VPOS="3326" WIDTH="13"/>
							<String ID="P4_ST00501" HPOS="1252" VPOS="3292" WIDTH="26" HEIGHT="24" CONTENT="of" WC="1.00" CC="99" STYLEREFS="TXT_15"/>
							<SP ID="P4_SP00427" HPOS="1278" VPOS="3326" WIDTH="13"/>
							<String ID="P4_ST00502" HPOS="1291" VPOS="3291" WIDTH="115" HEIGHT="32" CONTENT="interest," WC="0.99" CC="089241060" STYLEREFS="TXT_15"/>
							<SP ID="P4_SP00428" HPOS="1406" VPOS="3326" WIDTH="15"/>
							<String ID="P4_ST00503" HPOS="1421" VPOS="3291" WIDTH="87" HEIGHT="24" CONTENT="which" WC="0.97" CC="87007" STYLEREFS="TXT_15"/>
							<SP ID="P4_SP00429" HPOS="1508" VPOS="3326" WIDTH="8"/>
							<String ID="P4_ST00504" HPOS="1516" VPOS="3290" WIDTH="75" HEIGHT="25" CONTENT="baffle" WC="0.98" CC="308440" STYLEREFS="TXT_15"/>
							<SP ID="P4_SP00430" HPOS="1591" VPOS="3326" WIDTH="13"/>
							<String ID="P4_ST00505" HPOS="1604" VPOS="3290" WIDTH="45" HEIGHT="25" CONTENT="the" WC="0.95" CC="804" STYLEREFS="TXT_15"/>
							<SP ID="P4_SP00431" HPOS="1649" VPOS="3326" WIDTH="12"/>
							<String ID="P4_ST00506" HPOS="1661" VPOS="3291" WIDTH="66" HEIGHT="23" CONTENT="most" WC="0.99" CC="0006" STYLEREFS="TXT_15"/>
							<SP ID="P4_SP00432" HPOS="1727" VPOS="3326" WIDTH="11"/>
							<String ID="P4_ST00507" HPOS="1738" VPOS="3290" WIDTH="78" HEIGHT="24" CONTENT="facile" WC="1.00" CC="000400" STYLEREFS="TXT_15"/>
							<SP ID="P4_SP00433" HPOS="1816" VPOS="3326" WIDTH="9"/>
							<String ID="P4_ST00508" HPOS="1825" VPOS="3298" WIDTH="61" HEIGHT="24" CONTENT="pen," WC="0.97" CC="0076" STYLEREFS="TXT_15"/>
						</TextLine>
						<TextLine ID="P4_TL00079" HPOS="1095" VPOS="3324" WIDTH="524" HEIGHT="33">
							<String ID="P4_ST00509" HPOS="1095" VPOS="3327" WIDTH="51" HEIGHT="25" CONTENT="and" WC="0.94" CC="770" STYLEREFS="TXT_15"/>
							<SP ID="P4_SP00434" HPOS="1146" VPOS="3352" WIDTH="12"/>
							<String ID="P4_ST00510" HPOS="1158" VPOS="3334" WIDTH="48" HEIGHT="17" CONTENT="can" WC="0.97" CC="007" STYLEREFS="TXT_15"/>
							<SP ID="P4_SP00435" HPOS="1206" VPOS="3352" WIDTH="12"/>
							<String ID="P4_ST00511" HPOS="1218" VPOS="3325" WIDTH="60" HEIGHT="32" CONTENT="only" WC="0.96" CC="0609" STYLEREFS="TXT_15"/>
							<SP ID="P4_SP00436" HPOS="1278" VPOS="3357" WIDTH="13"/>
							<String ID="P4_ST00512" HPOS="1291" VPOS="3326" WIDTH="31" HEIGHT="23" CONTENT="he" WC="0.61" CC="70" STYLEREFS="TXT_15"/>
							<SP ID="P4_SP00437" HPOS="1322" VPOS="3357" WIDTH="12"/>
							<String ID="P4_ST00513" HPOS="1334" VPOS="3324" WIDTH="110" HEIGHT="25" CONTENT="realized" WC="0.99" CC="40000407" STYLEREFS="TXT_15"/>
							<SP ID="P4_SP00438" HPOS="1444" VPOS="3357" WIDTH="12"/>
							<String ID="P4_ST00514" HPOS="1456" VPOS="3324" WIDTH="78" HEIGHT="25" CONTENT="when" WC="0.97" CC="7007" STYLEREFS="TXT_15"/>
							<SP ID="P4_SP00439" HPOS="1534" VPOS="3357" WIDTH="17"/>
							<String ID="P4_ST00515" HPOS="1551" VPOS="3331" WIDTH="68" HEIGHT="18" CONTENT="seen." WC="0.99" CC="00070" STYLEREFS="TXT_15"/>
						</TextLine>
						<TextLine ID="P4_TL00080" HPOS="998" VPOS="3419" WIDTH="888" HEIGHT="31">
							<String ID="P4_ST00516" HPOS="998" VPOS="3424" WIDTH="193" HEIGHT="26" CONTENT="GEYSER" WC="0.98" CC="650006" STYLEREFS="TXT_21"/>
							<SP ID="P4_SP00440" HPOS="1191" VPOS="3450" WIDTH="14"/>
							<String ID="P4_ST00517" HPOS="1205" VPOS="3422" WIDTH="193" HEIGHT="26" CONTENT="VALLEY" WC="0.97" CC="093776" STYLEREFS="TXT_21"/>
							<SP ID="P4_SP00441" HPOS="1398" VPOS="3450" WIDTH="11"/>
							<String ID="P4_ST00518" HPOS="1409" VPOS="3422" WIDTH="94" HEIGHT="21" CONTENT="contains" WC="0.98" CC="62700087"/>
							<SP ID="P4_SP00442" HPOS="1503" VPOS="3450" WIDTH="7"/>
							<String ID="P4_ST00519" HPOS="1510" VPOS="3421" WIDTH="36" HEIGHT="20" CONTENT="the" WC="0.95" CC="670"/>
							<SP ID="P4_SP00443" HPOS="1546" VPOS="3450" WIDTH="7"/>
							<String ID="P4_ST00520" HPOS="1553" VPOS="3420" WIDTH="108" HEIGHT="26" CONTENT="following" WC="0.98" CC="602009479"/>
							<SP ID="P4_SP00444" HPOS="1661" VPOS="3450" WIDTH="7"/>
							<String ID="P4_ST00521" HPOS="1668" VPOS="3420" WIDTH="123" HEIGHT="26" CONTENT="unequalled" WC="0.98" CC="2752673607"/>
							<SP ID="P4_SP00445" HPOS="1791" VPOS="3450" WIDTH="9"/>
							<String ID="P4_ST00522" HPOS="1800" VPOS="3419" WIDTH="86" HEIGHT="20" CONTENT="Natura" WC="0.27" CC="959556"/>
						</TextLine>
						<TextLine ID="P4_TL00081" HPOS="1075" VPOS="3446" WIDTH="809" HEIGHT="27">
							<String ID="P4_ST00523" HPOS="1075" VPOS="3453" WIDTH="93" HEIGHT="17" CONTENT="wonders" WC="0.98" CC="9079008"/>
							<SP ID="P4_SP00446" HPOS="1168" VPOS="3470" WIDTH="9"/>
							<String ID="P4_ST00524" HPOS="1177" VPOS="3446" WIDTH="155" HEIGHT="27" CONTENT=":—Tuhuatahi," WC="0.47" CC="587087067532"/>
							<SP ID="P4_SP00447" HPOS="1332" VPOS="3473" WIDTH="21"/>
							<String ID="P4_ST00525" HPOS="1353" VPOS="3457" WIDTH="22" HEIGHT="12" CONTENT="or" WC="0.65" CC="07"/>
							<SP ID="P4_SP00448" HPOS="1375" VPOS="3473" WIDTH="20"/>
							<String ID="P4_ST00526" HPOS="1395" VPOS="3450" WIDTH="66" HEIGHT="19" CONTENT="Great" WC="0.97" CC="81080"/>
							<SP ID="P4_SP00449" HPOS="1461" VPOS="3473" WIDTH="19"/>
							<String ID="P4_ST00527" HPOS="1480" VPOS="3449" WIDTH="132" HEIGHT="23" CONTENT="Champagne" WC="0.98" CC="877700574"/>
							<SP ID="P4_SP00450" HPOS="1612" VPOS="3473" WIDTH="19"/>
							<String ID="P4_ST00528" HPOS="1631" VPOS="3446" WIDTH="105" HEIGHT="21" CONTENT="Cauldron" WC="0.97" CC="47468847"/>
							<SP ID="P4_SP00451" HPOS="1736" VPOS="3473" WIDTH="9"/>
							<String ID="P4_ST00529" HPOS="1745" VPOS="3455" WIDTH="5" HEIGHT="15" CONTENT=";" WC="0.67" CC="3"/>
							<SP ID="P4_SP00452" HPOS="1750" VPOS="3473" WIDTH="15"/>
							<String ID="P4_ST00530" HPOS="1765" VPOS="3446" WIDTH="35" HEIGHT="19" CONTENT="the" WC="0.95" CC="760"/>
							<SP ID="P4_SP00453" HPOS="1800" VPOS="3473" WIDTH="18"/>
							<String ID="P4_ST00531" HPOS="1818" VPOS="3446" WIDTH="66" HEIGHT="19" CONTENT="Groat" WC="0.96" CC="85655"/>
						</TextLine>
						<TextLine ID="P4_TL00082" HPOS="1074" VPOS="3471" WIDTH="810" HEIGHT="31">
							<String ID="P4_ST00532" HPOS="1074" VPOS="3477" WIDTH="105" HEIGHT="20" CONTENT='"Wairakei' WC="0.44" CC="589559600"/>
							<SP ID="P4_SP00454" HPOS="1179" VPOS="3497" WIDTH="9"/>
							<String ID="P4_ST00533" HPOS="1188" VPOS="3471" WIDTH="91" HEIGHT="31" CONTENT="Geyser;" WC="0.98" CC="7256045"/>
							<SP ID="P4_SP00455" HPOS="1279" VPOS="3502" WIDTH="8"/>
							<String ID="P4_ST00534" HPOS="1287" VPOS="3475" WIDTH="36" HEIGHT="20" CONTENT="tho" WC="0.56" CC="076"/>
							<SP ID="P4_SP00456" HPOS="1323" VPOS="3502" WIDTH="10"/>
							<String ID="P4_ST00535" HPOS="1333" VPOS="3476" WIDTH="88" HEIGHT="25" CONTENT="Donkey" WC="0.97" CC="747780"/>
							<SP ID="P4_SP00457" HPOS="1421" VPOS="3502" WIDTH="10"/>
							<String ID="P4_ST00536" HPOS="1431" VPOS="3476" WIDTH="81" HEIGHT="24" CONTENT="Engine" WC="0.97" CC="074675"/>
							<SP ID="P4_SP00458" HPOS="1512" VPOS="3502" WIDTH="8"/>
							<String ID="P4_ST00537" HPOS="1520" VPOS="3471" WIDTH="4" HEIGHT="31" CONTENT=";" WC="0.80" CC="1"/>
							<SP ID="P4_SP00459" HPOS="1524" VPOS="3502" WIDTH="12"/>
							<String ID="P4_ST00538" HPOS="1536" VPOS="3474" WIDTH="35" HEIGHT="19" CONTENT="the" WC="0.96" CC="900"/>
							<SP ID="P4_SP00460" HPOS="1571" VPOS="3502" WIDTH="9"/>
							<String ID="P4_ST00539" HPOS="1580" VPOS="3472" WIDTH="85" HEIGHT="21" CONTENT="Fairies'" WC="0.97" CC="79767074"/>
							<SP ID="P4_SP00461" HPOS="1665" VPOS="3502" WIDTH="8"/>
							<String ID="P4_ST00540" HPOS="1673" VPOS="3472" WIDTH="53" HEIGHT="20" CONTENT="Bath" WC="0.98" CC="0700"/>
							<SP ID="P4_SP00462" HPOS="1726" VPOS="3502" WIDTH="10"/>
							<String ID="P4_ST00541" HPOS="1736" VPOS="3480" WIDTH="5" HEIGHT="17" CONTENT=";" WC="0.18" CC="8"/>
							<SP ID="P4_SP00463" HPOS="1741" VPOS="3502" WIDTH="11"/>
							<String ID="P4_ST00542" HPOS="1752" VPOS="3472" WIDTH="35" HEIGHT="19" CONTENT="the" WC="0.95" CC="092"/>
							<SP ID="P4_SP00464" HPOS="1787" VPOS="3502" WIDTH="11"/>
							<String ID="P4_ST00543" HPOS="1798" VPOS="3471" WIDTH="74" HEIGHT="26" CONTENT="Lightn" SUBS_TYPE="HypPart1" SUBS_CONTENT="Lightning" WC="0.98" CC="642757"/>
							<HYP HPOS="1872" VPOS="3471" WIDTH="12" CONTENT="-"/>
						</TextLine>
						<TextLine ID="P4_TL00083" HPOS="1075" VPOS="3498" WIDTH="809" HEIGHT="31">
							<String ID="P4_ST00544" HPOS="1075" VPOS="3504" WIDTH="38" HEIGHT="25" CONTENT="ing" SUBS_TYPE="HypPart2" SUBS_CONTENT="Lightning" WC="0.93" CC="287"/>
							<SP ID="P4_SP00465" HPOS="1113" VPOS="3529" WIDTH="11"/>
							<String ID="P4_ST00545" HPOS="1124" VPOS="3504" WIDTH="62" HEIGHT="23" CONTENT="Pool;" WC="0.98" CC="80043"/>
							<SP ID="P4_SP00466" HPOS="1186" VPOS="3529" WIDTH="11"/>
							<String ID="P4_ST00546" HPOS="1197" VPOS="3502" WIDTH="36" HEIGHT="20" CONTENT="the" WC="0.97" CC="060"/>
							<SP ID="P4_SP00467" HPOS="1233" VPOS="3529" WIDTH="9"/>
							<String ID="P4_ST00547" HPOS="1242" VPOS="3502" WIDTH="50" HEIGHT="19" CONTENT="Case" WC="0.97" CC="7071"/>
							<SP ID="P4_SP00468" HPOS="1292" VPOS="3529" WIDTH="14"/>
							<String ID="P4_ST00548" HPOS="1306" VPOS="3502" WIDTH="25" HEIGHT="19" CONTENT="de" WC="0.81" CC="03"/>
							<SP ID="P4_SP00469" HPOS="1331" VPOS="3529" WIDTH="10"/>
							<String ID="P4_ST00549" HPOS="1341" VPOS="3502" WIDTH="85" HEIGHT="25" CONTENT="Geyser," WC="0.98" CC="7106581"/>
							<SP ID="P4_SP00470" HPOS="1426" VPOS="3529" WIDTH="14"/>
							<String ID="P4_ST00550" HPOS="1440" VPOS="3508" WIDTH="24" HEIGHT="14" CONTENT="or" WC="0.68" CC="06"/>
							<SP ID="P4_SP00471" HPOS="1464" VPOS="3529" WIDTH="11"/>
							<String ID="P4_ST00551" HPOS="1475" VPOS="3499" WIDTH="102" HEIGHT="27" CONTENT="Dragon'p" WC="0.53" CC="05052778"/>
							<SP ID="P4_SP00472" HPOS="1577" VPOS="3529" WIDTH="11"/>
							<String ID="P4_ST00552" HPOS="1588" VPOS="3499" WIDTH="70" HEIGHT="20" CONTENT="mouth" WC="0.98" CC="50407"/>
							<SP ID="P4_SP00473" HPOS="1658" VPOS="3529" WIDTH="10"/>
							<String ID="P4_ST00553" HPOS="1668" VPOS="3498" WIDTH="4" HEIGHT="31" CONTENT="j" WC="0.87" CC="1"/>
							<SP ID="P4_SP00474" HPOS="1672" VPOS="3529" WIDTH="10"/>
							<String ID="P4_ST00554" HPOS="1682" VPOS="3498" WIDTH="37" HEIGHT="20" CONTENT="the" WC="0.94" CC="870"/>
							<SP ID="P4_SP00475" HPOS="1719" VPOS="3529" WIDTH="7"/>
							<String ID="P4_ST00555" HPOS="1726" VPOS="3498" WIDTH="60" HEIGHT="20" CONTENT="black" WC="0.98" CC="04603"/>
							<SP ID="P4_SP00476" HPOS="1786" VPOS="3529" WIDTH="11"/>
							<String ID="P4_ST00556" HPOS="1797" VPOS="3498" WIDTH="87" HEIGHT="25" CONTENT="Geyser;" WC="0.98" CC="7690025"/>
						</TextLine>
						<TextLine ID="P4_TL00084" HPOS="1075" VPOS="3524" WIDTH="809" HEIGHT="29">
							<String ID="P4_ST00557" HPOS="1075" VPOS="3530" WIDTH="35" HEIGHT="20" CONTENT="the" WC="0.97" CC="070"/>
							<SP ID="P4_SP00477" HPOS="1110" VPOS="3550" WIDTH="8"/>
							<String ID="P4_ST00558" HPOS="1118" VPOS="3530" WIDTH="51" HEIGHT="20" CONTENT="Mud" WC="0.97" CC="430"/>
							<SP ID="P4_SP00478" HPOS="1169" VPOS="3550" WIDTH="12"/>
							<String ID="P4_ST00559" HPOS="1181" VPOS="3530" WIDTH="78" HEIGHT="23" CONTENT="Geyser" WC="0.98" CC="605803"/>
							<SP ID="P4_SP00479" HPOS="1259" VPOS="3553" WIDTH="8"/>
							<String ID="P4_ST00560" HPOS="1267" VPOS="3536" WIDTH="6" HEIGHT="16" CONTENT=";" WC="0.29" CC="7"/>
							<SP ID="P4_SP00480" HPOS="1273" VPOS="3553" WIDTH="16"/>
							<String ID="P4_ST00561" HPOS="1289" VPOS="3527" WIDTH="35" HEIGHT="20" CONTENT="the" WC="1.00" CC="000"/>
							<SP ID="P4_SP00481" HPOS="1324" VPOS="3553" WIDTH="10"/>
							<String ID="P4_ST00562" HPOS="1334" VPOS="3528" WIDTH="52" HEIGHT="20" CONTENT="Blue" WC="0.96" CC="9026"/>
							<SP ID="P4_SP00482" HPOS="1386" VPOS="3553" WIDTH="11"/>
							<String ID="P4_ST00563" HPOS="1397" VPOS="3528" WIDTH="55" HEIGHT="20" CONTENT="Lake" WC="0.97" CC="0075"/>
							<SP ID="P4_SP00483" HPOS="1452" VPOS="3553" WIDTH="9"/>
							<String ID="P4_ST00564" HPOS="1461" VPOS="3536" WIDTH="5" HEIGHT="17" CONTENT="5" WC="0.26" CC="7"/>
							<SP ID="P4_SP00484" HPOS="1466" VPOS="3553" WIDTH="9"/>
							<String ID="P4_ST00565" HPOS="1475" VPOS="3527" WIDTH="36" HEIGHT="20" CONTENT="the" WC="0.97" CC="005"/>
							<SP ID="P4_SP00485" HPOS="1511" VPOS="3553" WIDTH="19"/>
							<String ID="P4_ST00566" HPOS="1530" VPOS="3526" WIDTH="34" HEIGHT="20" CONTENT="Oil" WC="1.00" CC="000"/>
							<SP ID="P4_SP00486" HPOS="1564" VPOS="3553" WIDTH="11"/>
							<String ID="P4_ST00567" HPOS="1575" VPOS="3525" WIDTH="52" HEIGHT="20" CONTENT="Bath" WC="0.99" CC="0050"/>
							<SP ID="P4_SP00487" HPOS="1627" VPOS="3553" WIDTH="9"/>
							<String ID="P4_ST00568" HPOS="1636" VPOS="3524" WIDTH="4" HEIGHT="29" CONTENT=";" WC="0.42" CC="5"/>
							<SP ID="P4_SP00488" HPOS="1640" VPOS="3553" WIDTH="19"/>
							<String ID="P4_ST00569" HPOS="1659" VPOS="3525" WIDTH="35" HEIGHT="20" CONTENT="the" WC="0.99" CC="002"/>
							<SP ID="P4_SP00489" HPOS="1694" VPOS="3553" WIDTH="22"/>
							<String ID="P4_ST00570" HPOS="1716" VPOS="3524" WIDTH="81" HEIGHT="27" CONTENT="Eagle's" WC="0.98" CC="7900068"/>
							<SP ID="P4_SP00490" HPOS="1797" VPOS="3553" WIDTH="19"/>
							<String ID="P4_ST00571" HPOS="1816" VPOS="3524" WIDTH="68" HEIGHT="24" CONTENT="Nest;" WC="0.97" CC="90057"/>
						</TextLine>
						<TextLine ID="P4_TL00085" HPOS="1076" VPOS="3551" WIDTH="808" HEIGHT="28">
							<String ID="P4_ST00572" HPOS="1076" VPOS="3557" WIDTH="36" HEIGHT="20" CONTENT="the" WC="0.95" CC="274"/>
							<SP ID="P4_SP00491" HPOS="1112" VPOS="3577" WIDTH="10"/>
							<String ID="P4_ST00573" HPOS="1122" VPOS="3555" WIDTH="78" HEIGHT="21" CONTENT="Devil's" WC="0.98" CC="6070738"/>
							<SP ID="P4_SP00492" HPOS="1200" VPOS="3577" WIDTH="12"/>
							<String ID="P4_ST00574" HPOS="1212" VPOS="3554" WIDTH="69" HEIGHT="21" CONTENT="Punch" WC="0.95" CC="88737"/>
							<SP ID="P4_SP00493" HPOS="1281" VPOS="3577" WIDTH="12"/>
							<String ID="P4_ST00575" HPOS="1293" VPOS="3551" WIDTH="68" HEIGHT="28" CONTENT="Bowl;" WC="0.96" CC="24874"/>
							<SP ID="P4_SP00494" HPOS="1361" VPOS="3579" WIDTH="11"/>
							<String ID="P4_ST00576" HPOS="1372" VPOS="3554" WIDTH="35" HEIGHT="21" CONTENT="the" WC="0.97" CC="070"/>
							<SP ID="P4_SP00495" HPOS="1407" VPOS="3579" WIDTH="12"/>
							<String ID="P4_ST00577" HPOS="1419" VPOS="3554" WIDTH="72" HEIGHT="20" CONTENT="Prince" WC="0.98" CC="662700"/>
							<SP ID="P4_SP00496" HPOS="1491" VPOS="3579" WIDTH="14"/>
							<String ID="P4_ST00578" HPOS="1505" VPOS="3552" WIDTH="22" HEIGHT="21" CONTENT="of" WC="0.55" CC="17"/>
							<SP ID="P4_SP00497" HPOS="1527" VPOS="3579" WIDTH="10"/>
							<String ID="P4_ST00579" HPOS="1537" VPOS="3551" WIDTH="76" HEIGHT="20" CONTENT="&#34;Wales'" WC="0.98" CC="6871070"/>
							<SP ID="P4_SP00498" HPOS="1613" VPOS="3579" WIDTH="11"/>
							<String ID="P4_ST00580" HPOS="1624" VPOS="3551" WIDTH="110" HEIGHT="28" CONTENT="Feathers;" WC="0.99" CC="530470570"/>
							<SP ID="P4_SP00499" HPOS="1734" VPOS="3579" WIDTH="9"/>
							<String ID="P4_ST00581" HPOS="1743" VPOS="3552" WIDTH="34" HEIGHT="19" CONTENT="the" WC="0.97" CC="070"/>
							<SP ID="P4_SP00500" HPOS="1777" VPOS="3579" WIDTH="16"/>
							<String ID="P4_ST00582" HPOS="1793" VPOS="3551" WIDTH="91" HEIGHT="24" CONTENT="Mirror;" WC="0.98" CC="4034477"/>
						</TextLine>
						<TextLine ID="P4_TL00086" HPOS="1077" VPOS="3577" WIDTH="807" HEIGHT="31">
							<String ID="P4_ST00583" HPOS="1077" VPOS="3583" WIDTH="33" HEIGHT="21" CONTENT="the" WC="0.94" CC="096"/>
							<SP ID="P4_SP00501" HPOS="1110" VPOS="3604" WIDTH="8"/>
							<String ID="P4_ST00584" HPOS="1118" VPOS="3582" WIDTH="57" HEIGHT="21" CONTENT="Twin" WC="0.97" CC="1507"/>
							<SP ID="P4_SP00502" HPOS="1175" VPOS="3604" WIDTH="9"/>
							<String ID="P4_ST00585" HPOS="1184" VPOS="3582" WIDTH="79" HEIGHT="26" CONTENT="Geyser" WC="0.97" CC="637807"/>
							<SP ID="P4_SP00503" HPOS="1263" VPOS="3608" WIDTH="10"/>
							<String ID="P4_ST00586" HPOS="1273" VPOS="3577" WIDTH="4" HEIGHT="31" CONTENT=";" WC="0.23" CC="7"/>
							<SP ID="P4_SP00504" HPOS="1277" VPOS="3608" WIDTH="10"/>
							<String ID="P4_ST00587" HPOS="1287" VPOS="3580" WIDTH="36" HEIGHT="21" CONTENT="the" WC="0.93" CC="457"/>
							<SP ID="P4_SP00505" HPOS="1323" VPOS="3608" WIDTH="9"/>
							<String ID="P4_ST00588" HPOS="1332" VPOS="3582" WIDTH="59" HEIGHT="19" CONTENT="Coral" WC="0.97" CC="23507"/>
							<SP ID="P4_SP00506" HPOS="1391" VPOS="3608" WIDTH="12"/>
							<String ID="P4_ST00589" HPOS="1403" VPOS="3582" WIDTH="79" HEIGHT="24" CONTENT="Geyser" WC="0.97" CC="770744"/>
							<SP ID="P4_SP00507" HPOS="1482" VPOS="3608" WIDTH="9"/>
							<String ID="P4_ST00590" HPOS="1491" VPOS="3588" WIDTH="5" HEIGHT="17" CONTENT="j" WC="0.50" CC="4"/>
							<SP ID="P4_SP00508" HPOS="1496" VPOS="3608" WIDTH="12"/>
							<String ID="P4_ST00591" HPOS="1508" VPOS="3578" WIDTH="35" HEIGHT="21" CONTENT="ihe" WC="0.48" CC="670"/>
							<SP ID="P4_SP00509" HPOS="1543" VPOS="3608" WIDTH="10"/>
							<String ID="P4_ST00592" HPOS="1553" VPOS="3578" WIDTH="66" HEIGHT="20" CONTENT="Green" WC="0.97" CC="77007"/>
							<SP ID="P4_SP00510" HPOS="1619" VPOS="3608" WIDTH="16"/>
							<String ID="P4_ST00593" HPOS="1635" VPOS="3578" WIDTH="62" HEIGHT="25" CONTENT="Pool;" WC="0.98" CC="70027"/>
							<SP ID="P4_SP00511" HPOS="1697" VPOS="3608" WIDTH="18"/>
							<String ID="P4_ST00594" HPOS="1715" VPOS="3577" WIDTH="134" HEIGHT="25" CONTENT="Terekerehe," WC="0.64" CC="30545074700"/>
							<SP ID="P4_SP00512" HPOS="1849" VPOS="3608" WIDTH="12"/>
							<String ID="P4_ST00595" HPOS="1861" VPOS="3585" WIDTH="23" HEIGHT="13" CONTENT="or" WC="0.66" CC="24"/>
						</TextLine>
						<TextLine ID="P4_TL00087" HPOS="1075" VPOS="3603" WIDTH="807" HEIGHT="30">
							<String ID="P4_ST00596" HPOS="1075" VPOS="3609" WIDTH="50" HEIGHT="21" CONTENT="Hell" WC="0.96" CC="5714"/>
							<SP ID="P4_SP00513" HPOS="1125" VPOS="3630" WIDTH="10"/>
							<String ID="P4_ST00597" HPOS="1135" VPOS="3609" WIDTH="91" HEIGHT="24" CONTENT="Geyeer;" WC="0.29" CC="7388487"/>
							<SP ID="P4_SP00514" HPOS="1226" VPOS="3633" WIDTH="11"/>
							<String ID="P4_ST00598" HPOS="1237" VPOS="3606" WIDTH="36" HEIGHT="21" CONTENT="the" WC="0.93" CC="576"/>
							<SP ID="P4_SP00515" HPOS="1273" VPOS="3633" WIDTH="9"/>
							<String ID="P4_ST00599" HPOS="1282" VPOS="3607" WIDTH="69" HEIGHT="20" CONTENT="Sieam" WC="0.58" CC="38062"/>
							<SP ID="P4_SP00516" HPOS="1351" VPOS="3633" WIDTH="11"/>
							<String ID="P4_ST00600" HPOS="1362" VPOS="3608" WIDTH="103" HEIGHT="19" CONTENT="Hammer." WC="0.97" CC="8775073"/>
							<SP ID="P4_SP00517" HPOS="1465" VPOS="3633" WIDTH="29"/>
							<String ID="P4_ST00601" HPOS="1494" VPOS="3604" WIDTH="85" HEIGHT="23" CONTENT="Guide's" WC="0.97" CC="6668427"/>
							<SP ID="P4_SP00518" HPOS="1579" VPOS="3633" WIDTH="11"/>
							<String ID="P4_ST00602" HPOS="1590" VPOS="3605" WIDTH="32" HEIGHT="20" CONTENT="fee" WC="0.96" CC="046"/>
							<SP ID="P4_SP00519" HPOS="1622" VPOS="3633" WIDTH="10"/>
							<String ID="P4_ST00603" HPOS="1632" VPOS="3606" WIDTH="22" HEIGHT="18" CONTENT="to" WC="0.59" CC="07"/>
							<SP ID="P4_SP00520" HPOS="1654" VPOS="3633" WIDTH="10"/>
							<String ID="P4_ST00604" HPOS="1664" VPOS="3605" WIDTH="80" HEIGHT="25" CONTENT="Geyßer" WC="0.54" CC="739006"/>
							<SP ID="P4_SP00521" HPOS="1744" VPOS="3633" WIDTH="19"/>
							<String ID="P4_ST00605" HPOS="1763" VPOS="3603" WIDTH="79" HEIGHT="26" CONTENT="Valley," WC="0.97" CC="8922493"/>
							<SP ID="P4_SP00522" HPOS="1842" VPOS="3633" WIDTH="12"/>
							<String ID="P4_ST00606" HPOS="1854" VPOS="3606" WIDTH="28" HEIGHT="23" CONTENT="ssj" WC="0.31" CC="757"/>
						</TextLine>
						<TextLine ID="P4_TL00088" HPOS="1076" VPOS="3632" WIDTH="382" HEIGHT="26">
							<String ID="P4_ST00607" HPOS="1076" VPOS="3636" WIDTH="93" HEIGHT="21" CONTENT="distance" WC="0.98" CC="83705713"/>
							<SP ID="P4_SP00523" HPOS="1169" VPOS="3657" WIDTH="10"/>
							<String ID="P4_ST00608" HPOS="1179" VPOS="3634" WIDTH="52" HEIGHT="21" CONTENT="from" WC="0.98" CC="0630"/>
							<SP ID="P4_SP00524" HPOS="1231" VPOS="3657" WIDTH="10"/>
							<String ID="P4_ST00609" HPOS="1241" VPOS="3633" WIDTH="34" HEIGHT="20" CONTENT="the" WC="0.98" CC="400"/>
							<SP ID="P4_SP00525" HPOS="1275" VPOS="3657" WIDTH="10"/>
							<String ID="P4_ST00610" HPOS="1285" VPOS="3634" WIDTH="61" HEIGHT="24" CONTENT="hotel," WC="0.98" CC="757020"/>
							<SP ID="P4_SP00526" HPOS="1346" VPOS="3658" WIDTH="10"/>
							<String ID="P4_ST00611" HPOS="1356" VPOS="3641" WIDTH="39" HEIGHT="13" CONTENT="one" WC="0.93" CC="277"/>
							<SP ID="P4_SP00527" HPOS="1395" VPOS="3658" WIDTH="10"/>
							<String ID="P4_ST00612" HPOS="1405" VPOS="3632" WIDTH="53" HEIGHT="21" CONTENT="mile." WC="0.96" CC="51957"/>
						</TextLine>
						<TextLine ID="P4_TL00089" HPOS="998" VPOS="3683" WIDTH="885" HEIGHT="31">
							<String ID="P4_ST00613" HPOS="998" VPOS="3688" WIDTH="96" HEIGHT="26" CONTENT="THE" WC="0.92" CC="957" STYLEREFS="TXT_21"/>
							<SP ID="P4_SP00528" HPOS="1094" VPOS="3714" WIDTH="19"/>
							<String ID="P4_ST00614" HPOS="1113" VPOS="3685" WIDTH="338" HEIGHT="28" CONTENT="AREATEATEA" WC="0.73" CC="7430018000" STYLEREFS="TXT_21"/>
							<SP ID="P4_SP00529" HPOS="1451" VPOS="3714" WIDTH="31"/>
							<String ID="P4_ST00615" HPOS="1482" VPOS="3692" WIDTH="23" HEIGHT="13" CONTENT="or" WC="0.24" CC="77"/>
							<SP ID="P4_SP00530" HPOS="1505" VPOS="3714" WIDTH="11"/>
							<String ID="P4_ST00616" HPOS="1516" VPOS="3684" WIDTH="80" HEIGHT="20" CONTENT="Ladder" WC="0.96" CC="798076"/>
							<SP ID="P4_SP00531" HPOS="1596" VPOS="3714" WIDTH="9"/>
							<String ID="P4_ST00617" HPOS="1605" VPOS="3683" WIDTH="84" HEIGHT="26" CONTENT="Bapids." WC="0.43" CC="8900686"/>
							<SP ID="P4_SP00532" HPOS="1689" VPOS="3714" WIDTH="28"/>
							<String ID="P4_ST00618" HPOS="1717" VPOS="3683" WIDTH="43" HEIGHT="21" CONTENT="The" WC="0.94" CC="673"/>
							<SP ID="P4_SP00533" HPOS="1760" VPOS="3714" WIDTH="18"/>
							<String ID="P4_ST00619" HPOS="1778" VPOS="3685" WIDTH="105" HEIGHT="20" CONTENT="Grandest" WC="0.98" CC="74809070"/>
						</TextLine>
						<TextLine ID="P4_TL00090" HPOS="1075" VPOS="3710" WIDTH="807" HEIGHT="30">
							<String ID="P4_ST00620" HPOS="1075" VPOS="3716" WIDTH="78" HEIGHT="24" CONTENT="Kapids" WC="0.63" CC="706008"/>
							<SP ID="P4_SP00534" HPOS="1153" VPOS="3740" WIDTH="11"/>
							<String ID="P4_ST00621" HPOS="1164" VPOS="3715" WIDTH="22" HEIGHT="18" CONTENT="in" WC="0.46" CC="09"/>
							<SP ID="P4_SP00535" HPOS="1186" VPOS="3740" WIDTH="9"/>
							<String ID="P4_ST00622" HPOS="1195" VPOS="3714" WIDTH="36" HEIGHT="19" CONTENT="the" WC="0.95" CC="074"/>
							<SP ID="P4_SP00536" HPOS="1231" VPOS="3740" WIDTH="10"/>
							<String ID="P4_ST00623" HPOS="1241" VPOS="3712" WIDTH="101" HEIGHT="20" CONTENT="Southern" WC="0.98" CC="30207556"/>
							<SP ID="P4_SP00537" HPOS="1342" VPOS="3740" WIDTH="12"/>
							<String ID="P4_ST00624" HPOS="1354" VPOS="3712" WIDTH="137" HEIGHT="25" CONTENT="Hemisphere" WC="0.99" CC="6090800040"/>
							<SP ID="P4_SP00538" HPOS="1491" VPOS="3740" WIDTH="8"/>
							<String ID="P4_ST00625" HPOS="1499" VPOS="3718" WIDTH="5" HEIGHT="17" CONTENT="5" WC="0.25" CC="7"/>
							<SP ID="P4_SP00539" HPOS="1504" VPOS="3740" WIDTH="9"/>
							<String ID="P4_ST00626" HPOS="1513" VPOS="3711" WIDTH="75" HEIGHT="25" CONTENT="falling" WC="0.98" CC="0866670"/>
							<SP ID="P4_SP00540" HPOS="1588" VPOS="3740" WIDTH="9"/>
							<String ID="P4_ST00627" HPOS="1597" VPOS="3711" WIDTH="22" HEIGHT="19" CONTENT="in" WC="0.30" CC="67"/>
							<SP ID="P4_SP00541" HPOS="1619" VPOS="3740" WIDTH="19"/>
							<String ID="P4_ST00628" HPOS="1638" VPOS="3711" WIDTH="30" HEIGHT="19" CONTENT="six" WC="0.94" CC="806"/>
							<SP ID="P4_SP00542" HPOS="1668" VPOS="3740" WIDTH="18"/>
							<String ID="P4_ST00629" HPOS="1686" VPOS="3710" WIDTH="86" HEIGHT="21" CONTENT="distinct" WC="0.98" CC="95063644"/>
							<SP ID="P4_SP00543" HPOS="1772" VPOS="3740" WIDTH="17"/>
							<String ID="P4_ST00630" HPOS="1789" VPOS="3711" WIDTH="93" HEIGHT="21" CONTENT="cascades" WC="1.00" CC="00060000"/>
						</TextLine>
						<TextLine ID="P4_TL00091" HPOS="1075" VPOS="3737" WIDTH="807" HEIGHT="30">
							<String ID="P4_ST00631" HPOS="1075" VPOS="3743" WIDTH="95" HEIGHT="24" CONTENT="amongst" WC="0.97" CC="4447906"/>
							<SP ID="P4_SP00544" HPOS="1170" VPOS="3767" WIDTH="15"/>
							<String ID="P4_ST00632" HPOS="1185" VPOS="3740" WIDTH="62" HEIGHT="20" CONTENT="weird" WC="0.99" CC="04210"/>
							<SP ID="P4_SP00545" HPOS="1247" VPOS="3767" WIDTH="11"/>
							<String ID="P4_ST00633" HPOS="1258" VPOS="3739" WIDTH="40" HEIGHT="20" CONTENT="and" WC="0.95" CC="770"/>
							<SP ID="P4_SP00546" HPOS="1298" VPOS="3767" WIDTH="11"/>
							<String ID="P4_ST00634" HPOS="1309" VPOS="3739" WIDTH="74" HEIGHT="25" CONTENT="rugged" WC="0.97" CC="069940"/>
							<SP ID="P4_SP00547" HPOS="1383" VPOS="3767" WIDTH="16"/>
							<String ID="P4_ST00635" HPOS="1399" VPOS="3745" WIDTH="90" HEIGHT="18" CONTENT="scenery." WC="0.99" CC="84070100"/>
							<SP ID="P4_SP00548" HPOS="1489" VPOS="3767" WIDTH="28"/>
							<String ID="P4_ST00636" HPOS="1517" VPOS="3737" WIDTH="98" HEIGHT="21" CONTENT="Distance" WC="0.98" CC="02887703"/>
							<SP ID="P4_SP00549" HPOS="1615" VPOS="3767" WIDTH="10"/>
							<String ID="P4_ST00637" HPOS="1625" VPOS="3737" WIDTH="52" HEIGHT="19" CONTENT="from" WC="0.99" CC="0600"/>
							<SP ID="P4_SP00550" HPOS="1677" VPOS="3767" WIDTH="10"/>
							<String ID="P4_ST00638" HPOS="1687" VPOS="3737" WIDTH="36" HEIGHT="20" CONTENT="the" WC="0.96" CC="065"/>
							<SP ID="P4_SP00551" HPOS="1723" VPOS="3767" WIDTH="19"/>
							<String ID="P4_ST00639" HPOS="1742" VPOS="3737" WIDTH="64" HEIGHT="25" CONTENT="hotel," WC="1.00" CC="000000"/>
							<SP ID="P4_SP00552" HPOS="1806" VPOS="3767" WIDTH="19"/>
							<String ID="P4_ST00640" HPOS="1825" VPOS="3738" WIDTH="57" HEIGHT="20" CONTENT="three" WC="0.98" CC="07440"/>
						</TextLine>
						<TextLine ID="P4_TL00092" HPOS="1076" VPOS="3763" WIDTH="609" HEIGHT="27">
							<String ID="P4_ST00641" HPOS="1076" VPOS="3768" WIDTH="63" HEIGHT="20" CONTENT="miles." WC="0.97" CC="747780"/>
							<SP ID="P4_SP00553" HPOS="1139" VPOS="3788" WIDTH="29"/>
							<String ID="P4_ST00642" HPOS="1168" VPOS="3766" WIDTH="76" HEIGHT="21" CONTENT="Saddle" WC="0.97" CC="708605"/>
							<SP ID="P4_SP00554" HPOS="1244" VPOS="3788" WIDTH="8"/>
							<String ID="P4_ST00643" HPOS="1252" VPOS="3765" WIDTH="70" HEIGHT="20" CONTENT="hort&gt;es" WC="0.59" CC="7047008"/>
							<SP ID="P4_SP00555" HPOS="1322" VPOS="3788" WIDTH="14"/>
							<String ID="P4_ST00644" HPOS="1336" VPOS="3767" WIDTH="22" HEIGHT="17" CONTENT="to" WC="0.58" CC="80"/>
							<SP ID="P4_SP00556" HPOS="1358" VPOS="3788" WIDTH="11"/>
							<String ID="P4_ST00645" HPOS="1369" VPOS="3765" WIDTH="47" HEIGHT="19" CONTENT="visit" WC="0.96" CC="73849"/>
							<SP ID="P4_SP00557" HPOS="1416" VPOS="3788" WIDTH="9"/>
							<String ID="P4_ST00646" HPOS="1425" VPOS="3765" WIDTH="34" HEIGHT="19" CONTENT="the" WC="1.00" CC="000"/>
							<SP ID="P4_SP00558" HPOS="1459" VPOS="3788" WIDTH="8"/>
							<String ID="P4_ST00647" HPOS="1467" VPOS="3764" WIDTH="84" HEIGHT="26" CONTENT="Rapids," WC="0.98" CC="7286073"/>
							<SP ID="P4_SP00559" HPOS="1551" VPOS="3790" WIDTH="10"/>
							<String ID="P4_ST00648" HPOS="1561" VPOS="3763" WIDTH="23" HEIGHT="21" CONTENT="7b" WC="0.23" CC="68"/>
							<SP ID="P4_SP00560" HPOS="1584" VPOS="3790" WIDTH="11"/>
							<String ID="P4_ST00649" HPOS="1595" VPOS="3763" WIDTH="26" HEIGHT="20" CONTENT="6d" WC="0.88" CC="20"/>
							<SP ID="P4_SP00561" HPOS="1621" VPOS="3790" WIDTH="8"/>
							<String ID="P4_ST00650" HPOS="1629" VPOS="3763" WIDTH="56" HEIGHT="21" CONTENT="each." WC="0.96" CC="39274"/>
						</TextLine>
						<TextLine ID="P4_TL00093" HPOS="1338" VPOS="3794" WIDTH="110" HEIGHT="12">
							<String ID="P4_ST00651" HPOS="1338" VPOS="3802" WIDTH="12" HEIGHT="3" CONTENT=".." WC="0.60" CC="43"/>
							<SP ID="P4_SP00562" HPOS="1350" VPOS="3805" WIDTH="76"/>
							<String ID="P4_ST00652" HPOS="1426" VPOS="3794" WIDTH="22" HEIGHT="12" CONTENT=":os" WC="0.53" CC="607"/>
							<SP ID="P4_SP00563" HPOS="1448" VPOS="3806" WIDTH="0"/>
						</TextLine>
						<TextLine ID="P4_TL00094" HPOS="1034" VPOS="3811" WIDTH="848" HEIGHT="29">
							<String ID="P4_ST00653" HPOS="1034" VPOS="3815" WIDTH="95" HEIGHT="25" CONTENT="ERA" WC="0.92" CC="849" STYLEREFS="TXT_21"/>
							<SP ID="P4_SP00564" HPOS="1129" VPOS="3840" WIDTH="5"/>
							<String ID="P4_ST00654" HPOS="1134" VPOS="3813" WIDTH="73" HEIGHT="26" CONTENT='PIT"' WC="0.94" CC="8693" STYLEREFS="TXT_21"/>
							<SP ID="P4_SP00565" HPOS="1207" VPOS="3840" WIDTH="6"/>
							<String ID="P4_ST00655" HPOS="1213" VPOS="3813" WIDTH="5" HEIGHT="25" CONTENT="I" WC="0.32" CC="6"/>
							<SP ID="P4_SP00566" HPOS="1218" VPOS="3840" WIDTH="29"/>
							<String ID="P4_ST00656" HPOS="1247" VPOS="3820" WIDTH="23" HEIGHT="12" CONTENT="or" WC="0.68" CC="06"/>
							<SP ID="P4_SP00567" HPOS="1270" VPOS="3840" WIDTH="8"/>
							<String ID="P4_ST00657" HPOS="1278" VPOS="3812" WIDTH="36" HEIGHT="20" CONTENT="the" WC="0.97" CC="070"/>
							<SP ID="P4_SP00568" HPOS="1314" VPOS="3840" WIDTH="10"/>
							<String ID="P4_ST00658" HPOS="1324" VPOS="3813" WIDTH="76" HEIGHT="19" CONTENT="Devil'B" WC="0.71" CC="7001604"/>
							<SP ID="P4_SP00569" HPOS="1400" VPOS="3840" WIDTH="10"/>
							<String ID="P4_ST00659" HPOS="1410" VPOS="3813" WIDTH="98" HEIGHT="24" CONTENT="Trumpet" WC="0.98" CC="6450943"/>
							<SP ID="P4_SP00570" HPOS="1508" VPOS="3840" WIDTH="10"/>
							<String ID="P4_ST00660" HPOS="1518" VPOS="3812" WIDTH="18" HEIGHT="19" CONTENT="is" WC="0.69" CC="60"/>
							<SP ID="P4_SP00571" HPOS="1536" VPOS="3840" WIDTH="15"/>
							<String ID="P4_ST00661" HPOS="1551" VPOS="3812" WIDTH="44" HEIGHT="19" CONTENT="said" WC="0.95" CC="6950"/>
							<SP ID="P4_SP00572" HPOS="1595" VPOS="3840" WIDTH="18"/>
							<String ID="P4_ST00662" HPOS="1613" VPOS="3814" WIDTH="22" HEIGHT="17" CONTENT="to" WC="0.52" CC="45"/>
							<SP ID="P4_SP00573" HPOS="1635" VPOS="3840" WIDTH="20"/>
							<String ID="P4_ST00663" HPOS="1655" VPOS="3811" WIDTH="51" HEIGHT="20" CONTENT="emit" WC="0.97" CC="2703"/>
							<SP ID="P4_SP00574" HPOS="1706" VPOS="3840" WIDTH="18"/>
							<String ID="P4_ST00664" HPOS="1724" VPOS="3818" WIDTH="12" HEIGHT="14" CONTENT="a" WC="1.00" CC="0"/>
							<SP ID="P4_SP00575" HPOS="1736" VPOS="3840" WIDTH="21"/>
							<String ID="P4_ST00665" HPOS="1757" VPOS="3818" WIDTH="94" HEIGHT="18" CONTENT="pressure" WC="0.98" CC="43278660"/>
							<SP ID="P4_SP00576" HPOS="1851" VPOS="3840" WIDTH="9"/>
							<String ID="P4_ST00666" HPOS="1860" VPOS="3812" WIDTH="22" HEIGHT="19" CONTENT="of" WC="0.13" CC="79"/>
						</TextLine>
						<TextLine ID="P4_TL00095" HPOS="1075" VPOS="3838" WIDTH="806" HEIGHT="25">
							<String ID="P4_ST00667" HPOS="1075" VPOS="3841" WIDTH="71" HEIGHT="21" CONTENT="1801bs" WC="0.90" CC="001300"/>
							<SP ID="P4_SP00577" HPOS="1146" VPOS="3862" WIDTH="10"/>
							<String ID="P4_ST00668" HPOS="1156" VPOS="3841" WIDTH="22" HEIGHT="19" CONTENT="of" WC="0.14" CC="79"/>
							<SP ID="P4_SP00578" HPOS="1178" VPOS="3862" WIDTH="14"/>
							<String ID="P4_ST00669" HPOS="1192" VPOS="3843" WIDTH="64" HEIGHT="17" CONTENT="steam" WC="0.97" CC="10297"/>
							<SP ID="P4_SP00579" HPOS="1256" VPOS="3862" WIDTH="10"/>
							<String ID="P4_ST00670" HPOS="1266" VPOS="3841" WIDTH="22" HEIGHT="18" CONTENT="tr" WC="0.56" CC="08"/>
							<SP ID="P4_SP00580" HPOS="1288" VPOS="3862" WIDTH="10"/>
							<String ID="P4_ST00671" HPOS="1298" VPOS="3839" WIDTH="34" HEIGHT="20" CONTENT="the" WC="0.97" CC="080"/>
							<SP ID="P4_SP00581" HPOS="1332" VPOS="3862" WIDTH="6"/>
							<String ID="P4_ST00672" HPOS="1338" VPOS="3838" WIDTH="54" HEIGHT="24" CONTENT="inch," WC="0.97" CC="68270"/>
							<SP ID="P4_SP00582" HPOS="1392" VPOS="3862" WIDTH="15"/>
							<String ID="P4_ST00673" HPOS="1407" VPOS="3839" WIDTH="53" HEIGHT="19" CONTENT="from" WC="0.95" CC="8456"/>
							<SP ID="P4_SP00583" HPOS="1460" VPOS="3862" WIDTH="10"/>
							<String ID="P4_ST00674" HPOS="1470" VPOS="3845" WIDTH="26" HEIGHT="12" CONTENT="an" WC="0.14" CC="97"/>
							<SP ID="P4_SP00584" HPOS="1496" VPOS="3862" WIDTH="15"/>
							<String ID="P4_ST00675" HPOS="1511" VPOS="3840" WIDTH="96" HEIGHT="23" CONTENT="aperture" WC="0.99" CC="01050540"/>
							<SP ID="P4_SP00585" HPOS="1607" VPOS="3863" WIDTH="10"/>
							<String ID="P4_ST00676" HPOS="1617" VPOS="3838" WIDTH="22" HEIGHT="19" CONTENT="of" WC="0.38" CC="57"/>
							<SP ID="P4_SP00586" HPOS="1639" VPOS="3863" WIDTH="18"/>
							<String ID="P4_ST00677" HPOS="1657" VPOS="3838" WIDTH="64" HEIGHT="20" CONTENT="about" WC="0.96" CC="80589"/>
							<SP ID="P4_SP00587" HPOS="1721" VPOS="3863" WIDTH="18"/>
							<String ID="P4_ST00678" HPOS="1739" VPOS="3839" WIDTH="27" HEIGHT="19" CONTENT="12" WC="0.77" CC="04"/>
							<SP ID="P4_SP00588" HPOS="1766" VPOS="3863" WIDTH="15"/>
							<String ID="P4_ST00679" HPOS="1781" VPOS="3838" WIDTH="69" HEIGHT="21" CONTENT="inches" WC="0.98" CC="360720"/>
							<SP ID="P4_SP00589" HPOS="1850" VPOS="3863" WIDTH="9"/>
							<String ID="P4_ST00680" HPOS="1859" VPOS="3838" WIDTH="22" HEIGHT="20" CONTENT="in" WC="0.51" CC="45"/>
						</TextLine>
						<TextLine ID="P4_TL00096" HPOS="1074" VPOS="3863" WIDTH="807" HEIGHT="25">
							<String ID="P4_ST00681" HPOS="1074" VPOS="3868" WIDTH="105" HEIGHT="19" CONTENT="diameter:" WC="0.98" CC="907059055"/>
							<SP ID="P4_SP00590" HPOS="1179" VPOS="3887" WIDTH="27"/>
							<String ID="P4_ST00682" HPOS="1206" VPOS="3865" WIDTH="99" HEIGHT="21" CONTENT="Distance" WC="0.99" CC="00079700"/>
							<SP ID="P4_SP00591" HPOS="1305" VPOS="3887" WIDTH="11"/>
							<String ID="P4_ST00683" HPOS="1316" VPOS="3865" WIDTH="53" HEIGHT="20" CONTENT="from" WC="0.97" CC="0074"/>
							<SP ID="P4_SP00592" HPOS="1369" VPOS="3887" WIDTH="10"/>
							<String ID="P4_ST00684" HPOS="1379" VPOS="3865" WIDTH="56" HEIGHT="20" CONTENT="hotel" WC="0.98" CC="70013"/>
							<SP ID="P4_SP00593" HPOS="1435" VPOS="3887" WIDTH="7"/>
							<String ID="P4_ST00685" HPOS="1442" VPOS="3864" WIDTH="57" HEIGHT="21" CONTENT="three" WC="0.96" CC="07908"/>
							<SP ID="P4_SP00594" HPOS="1499" VPOS="3887" WIDTH="11"/>
							<String ID="P4_ST00686" HPOS="1510" VPOS="3865" WIDTH="39" HEIGHT="19" CONTENT="and" WC="0.94" CC="473"/>
							<SP ID="P4_SP00595" HPOS="1549" VPOS="3887" WIDTH="13"/>
							<String ID="P4_ST00687" HPOS="1562" VPOS="3871" WIDTH="11" HEIGHT="13" CONTENT="a" WC="0.26" CC="7"/>
							<SP ID="P4_SP00596" HPOS="1573" VPOS="3887" WIDTH="11"/>
							<String ID="P4_ST00688" HPOS="1584" VPOS="3863" WIDTH="41" HEIGHT="21" CONTENT="half" WC="0.94" CC="8649"/>
							<SP ID="P4_SP00597" HPOS="1625" VPOS="3887" WIDTH="10"/>
							<String ID="P4_ST00689" HPOS="1635" VPOS="3863" WIDTH="68" HEIGHT="25" CONTENT="miles;" WC="0.97" CC="267776"/>
							<SP ID="P4_SP00598" HPOS="1703" VPOS="3888" WIDTH="21"/>
							<String ID="P4_ST00690" HPOS="1724" VPOS="3864" WIDTH="71" HEIGHT="20" CONTENT="saddle" WC="0.99" CC="600501"/>
							<SP ID="P4_SP00599" HPOS="1795" VPOS="3888" WIDTH="16"/>
							<String ID="P4_ST00691" HPOS="1811" VPOS="3864" WIDTH="70" HEIGHT="21" CONTENT="horses" WC="0.97" CC="807605"/>
						</TextLine>
						<TextLine ID="P4_TL00097" HPOS="1073" VPOS="3892" WIDTH="336" HEIGHT="25">
							<String ID="P4_ST00692" HPOS="1073" VPOS="3896" WIDTH="22" HEIGHT="18" CONTENT="to" WC="0.28" CC="85"/>
							<SP ID="P4_SP00600" HPOS="1095" VPOS="3914" WIDTH="11"/>
							<String ID="P4_ST00693" HPOS="1106" VPOS="3894" WIDTH="49" HEIGHT="20" CONTENT="visit" WC="0.96" CC="70867"/>
							<SP ID="P4_SP00601" HPOS="1155" VPOS="3914" WIDTH="9"/>
							<String ID="P4_ST00694" HPOS="1164" VPOS="3893" WIDTH="35" HEIGHT="19" CONTENT="the" WC="0.94" CC="970"/>
							<SP ID="P4_SP00602" HPOS="1199" VPOS="3914" WIDTH="10"/>
							<String ID="P4_ST00695" HPOS="1209" VPOS="3893" WIDTH="68" HEIGHT="24" CONTENT="above," WC="0.98" CC="801900"/>
							<SP ID="P4_SP00603" HPOS="1277" VPOS="3917" WIDTH="12"/>
							<String ID="P4_ST00696" HPOS="1289" VPOS="3892" WIDTH="56" HEIGHT="20" CONTENT="2sb'd" WC="0.49" CC="36860"/>
							<SP ID="P4_SP00604" HPOS="1345" VPOS="3917" WIDTH="10"/>
							<String ID="P4_ST00697" HPOS="1355" VPOS="3892" WIDTH="54" HEIGHT="20" CONTENT="each." WC="0.96" CC="09674"/>
						</TextLine>
						<TextLine ID="P4_TL00098" HPOS="1405" VPOS="3923" WIDTH="54" HEIGHT="14">
							<String ID="P4_ST00698" HPOS="1405" VPOS="3923" WIDTH="54" HEIGHT="14" CONTENT="Also" WC="0.95" CC="7854"/>
						</TextLine>
						<TextLine ID="P4_TL00099" HPOS="998" VPOS="3942" WIDTH="882" HEIGHT="33">
							<String ID="P4_ST00699" HPOS="998" VPOS="3947" WIDTH="95" HEIGHT="25" CONTENT="■yHE" WC="0.17" CC="8779" STYLEREFS="TXT_21"/>
							<SP ID="P4_SP00605" HPOS="1093" VPOS="3972" WIDTH="20"/>
							<String ID="P4_ST00700" HPOS="1113" VPOS="3944" WIDTH="133" HEIGHT="26" CONTENT="HUKA" WC="0.60" CC="0347" STYLEREFS="TXT_21"/>
							<SP ID="P4_SP00606" HPOS="1246" VPOS="3972" WIDTH="18"/>
							<String ID="P4_ST00701" HPOS="1264" VPOS="3943" WIDTH="170" HEIGHT="32" CONTENT="FALLS," WC="0.98" CC="730054" STYLEREFS="TXT_21"/>
							<SP ID="P4_SP00607" HPOS="1434" VPOS="3975" WIDTH="17"/>
							<String ID="P4_ST00702" HPOS="1451" VPOS="3942" WIDTH="36" HEIGHT="21" CONTENT="the" WC="0.92" CC="974"/>
							<SP ID="P4_SP00608" HPOS="1487" VPOS="3975" WIDTH="7"/>
							<String ID="P4_ST00703" HPOS="1494" VPOS="3942" WIDTH="115" HEIGHT="28" CONTENT="(Grandest" WC="0.98" CC="776660779"/>
							<SP ID="P4_SP00609" HPOS="1609" VPOS="3975" WIDTH="9"/>
							<String ID="P4_ST00704" HPOS="1618" VPOS="3942" WIDTH="57" HEIGHT="21" CONTENT="Falls" WC="0.95" CC="99536"/>
							<SP ID="P4_SP00610" HPOS="1675" VPOS="3975" WIDTH="9"/>
							<String ID="P4_ST00705" HPOS="1684" VPOS="3949" WIDTH="21" HEIGHT="14" CONTENT="in" WC="0.26" CC="77"/>
							<SP ID="P4_SP00611" HPOS="1705" VPOS="3975" WIDTH="20"/>
							<String ID="P4_ST00706" HPOS="1725" VPOS="3942" WIDTH="34" HEIGHT="20" CONTENT="the" WC="0.94" CC="770"/>
							<SP ID="P4_SP00612" HPOS="1759" VPOS="3975" WIDTH="20"/>
							<String ID="P4_ST00707" HPOS="1779" VPOS="3942" WIDTH="101" HEIGHT="21" CONTENT="Southern" WC="0.99" CC="10077007"/>
						</TextLine>
						<TextLine ID="P4_TL00100" HPOS="1074" VPOS="3973" WIDTH="807" HEIGHT="28">
							<String ID="P4_ST00708" HPOS="1074" VPOS="3977" WIDTH="140" HEIGHT="24" CONTENT="Hemisphere." WC="0.99" CC="30647970500"/>
							<SP ID="P4_SP00613" HPOS="1214" VPOS="4001" WIDTH="28"/>
							<String ID="P4_ST00709" HPOS="1242" VPOS="3975" WIDTH="42" HEIGHT="20" CONTENT="The" WC="0.94" CC="970"/>
							<SP ID="P4_SP00614" HPOS="1284" VPOS="4001" WIDTH="11"/>
							<String ID="P4_ST00710" HPOS="1295" VPOS="3975" WIDTH="55" HEIGHT="19" CONTENT="Fallß" WC="0.51" CC="75631"/>
							<SP ID="P4_SP00615" HPOS="1350" VPOS="4001" WIDTH="10"/>
							<String ID="P4_ST00711" HPOS="1360" VPOS="3981" WIDTH="45" HEIGHT="20" CONTENT="may" WC="0.96" CC="540"/>
							<SP ID="P4_SP00616" HPOS="1405" VPOS="4001" WIDTH="14"/>
							<String ID="P4_ST00712" HPOS="1419" VPOS="3974" WIDTH="25" HEIGHT="20" CONTENT="be" WC="1.00" CC="00"/>
							<SP ID="P4_SP00617" HPOS="1444" VPOS="4001" WIDTH="10"/>
							<String ID="P4_ST00713" HPOS="1454" VPOS="3973" WIDTH="72" HEIGHT="20" CONTENT="visited" WC="0.98" CC="0373044"/>
							<SP ID="P4_SP00618" HPOS="1526" VPOS="4001" WIDTH="8"/>
							<String ID="P4_ST00714" HPOS="1534" VPOS="3979" WIDTH="26" HEIGHT="13" CONTENT="on" WC="0.63" CC="07"/>
							<SP ID="P4_SP00619" HPOS="1560" VPOS="4001" WIDTH="9"/>
							<String ID="P4_ST00715" HPOS="1569" VPOS="3973" WIDTH="35" HEIGHT="20" CONTENT="the" WC="0.95" CC="076"/>
							<SP ID="P4_SP00620" HPOS="1604" VPOS="4001" WIDTH="9"/>
							<String ID="P4_ST00716" HPOS="1613" VPOS="3980" WIDTH="54" HEIGHT="13" CONTENT="same" WC="0.94" CC="7892"/>
							<SP ID="P4_SP00621" HPOS="1667" VPOS="4001" WIDTH="6"/>
							<String ID="P4_ST00717" HPOS="1673" VPOS="3973" WIDTH="116" HEIGHT="26" CONTENT="expedition" WC="0.99" CC="0662920076"/>
							<SP ID="P4_SP00622" HPOS="1789" VPOS="4001" WIDTH="14"/>
							<String ID="P4_ST00718" HPOS="1803" VPOS="3981" WIDTH="22" HEIGHT="12" CONTENT="as" WC="0.09" CC="98"/>
							<SP ID="P4_SP00623" HPOS="1825" VPOS="4001" WIDTH="20"/>
							<String ID="P4_ST00719" HPOS="1845" VPOS="3973" WIDTH="36" HEIGHT="21" CONTENT="the" WC="0.94" CC="970"/>
						</TextLine>
						<TextLine ID="P4_TL00101" HPOS="1074" VPOS="3999" WIDTH="807" HEIGHT="28">
							<String ID="P4_ST00720" HPOS="1074" VPOS="4003" WIDTH="78" HEIGHT="20" CONTENT="Devil's" WC="0.97" CC="9363276"/>
							<SP ID="P4_SP00624" HPOS="1152" VPOS="4023" WIDTH="6"/>
							<String ID="P4_ST00721" HPOS="1158" VPOS="4003" WIDTH="105" HEIGHT="24" CONTENT="Trumpet." WC="0.99" CC="07560000"/>
							<SP ID="P4_SP00625" HPOS="1263" VPOS="4027" WIDTH="28"/>
							<String ID="P4_ST00722" HPOS="1291" VPOS="4001" WIDTH="97" HEIGHT="20" CONTENT="Distance" WC="0.99" CC="74000700"/>
							<SP ID="P4_SP00626" HPOS="1388" VPOS="4027" WIDTH="9"/>
							<String ID="P4_ST00723" HPOS="1397" VPOS="4000" WIDTH="54" HEIGHT="20" CONTENT="from" WC="0.98" CC="0503"/>
							<SP ID="P4_SP00627" HPOS="1451" VPOS="4027" WIDTH="10"/>
							<String ID="P4_ST00724" HPOS="1461" VPOS="3999" WIDTH="55" HEIGHT="21" CONTENT="hotel" WC="0.98" CC="72020"/>
							<SP ID="P4_SP00628" HPOS="1516" VPOS="4027" WIDTH="10"/>
							<String ID="P4_ST00725" HPOS="1526" VPOS="3999" WIDTH="59" HEIGHT="20" CONTENT="three" WC="0.96" CC="87540"/>
							<SP ID="P4_SP00629" HPOS="1585" VPOS="4027" WIDTH="7"/>
							<String ID="P4_ST00726" HPOS="1592" VPOS="3999" WIDTH="40" HEIGHT="20" CONTENT="and" WC="0.97" CC="071"/>
							<SP ID="P4_SP00630" HPOS="1632" VPOS="4027" WIDTH="10"/>
							<String ID="P4_ST00727" HPOS="1642" VPOS="4006" WIDTH="12" HEIGHT="14" CONTENT="a" WC="1.00" CC="0"/>
							<SP ID="P4_SP00631" HPOS="1654" VPOS="4027" WIDTH="9"/>
							<String ID="P4_ST00728" HPOS="1663" VPOS="3999" WIDTH="44" HEIGHT="21" CONTENT="half" WC="0.97" CC="7040"/>
							<SP ID="P4_SP00632" HPOS="1707" VPOS="4027" WIDTH="10"/>
							<String ID="P4_ST00729" HPOS="1717" VPOS="4000" WIDTH="63" HEIGHT="20" CONTENT="miles." WC="0.98" CC="900074"/>
							<SP ID="P4_SP00633" HPOS="1780" VPOS="4027" WIDTH="26"/>
							<String ID="P4_ST00730" HPOS="1806" VPOS="4000" WIDTH="75" HEIGHT="20" CONTENT="Saddle" WC="0.97" CC="570666"/>
						</TextLine>
						<TextLine ID="P4_TL00102" HPOS="1075" VPOS="4027" WIDTH="304" HEIGHT="27">
							<String ID="P4_ST00731" HPOS="1075" VPOS="4029" WIDTH="59" HEIGHT="21" CONTENT="horse" WC="0.96" CC="72587"/>
							<SP ID="P4_SP00634" HPOS="1134" VPOS="4050" WIDTH="16"/>
							<String ID="P4_ST00732" HPOS="1150" VPOS="4035" WIDTH="23" HEIGHT="13" CONTENT="or" WC="0.54" CC="26"/>
							<SP ID="P4_SP00635" HPOS="1173" VPOS="4050" WIDTH="9"/>
							<String ID="P4_ST00733" HPOS="1182" VPOS="4029" WIDTH="69" HEIGHT="25" CONTENT="buggy" WC="0.97" CC="76050"/>
							<SP ID="P4_SP00636" HPOS="1251" VPOS="4054" WIDTH="14"/>
							<String ID="P4_ST00734" HPOS="1265" VPOS="4027" WIDTH="50" HEIGHT="19" CONTENT="2f-9d" WC="0.63" CC="07830"/>
							<SP ID="P4_SP00637" HPOS="1315" VPOS="4054" WIDTH="10"/>
							<String ID="P4_ST00735" HPOS="1325" VPOS="4027" WIDTH="54" HEIGHT="20" CONTENT="each." WC="0.97" CC="64270"/>
						</TextLine>
						<TextLine ID="P4_TL00103" HPOS="1128" VPOS="4064" WIDTH="613" HEIGHT="33">
							<String ID="P4_ST00736" HPOS="1128" VPOS="4067" WIDTH="88" HEIGHT="30" CONTENT="MRS" WC="0.92" CC="676" STYLEREFS="TXT_19"/>
							<SP ID="P4_SP00638" HPOS="1216" VPOS="4097" WIDTH="13"/>
							<String ID="P4_ST00737" HPOS="1229" VPOS="4066" WIDTH="39" HEIGHT="29" CONTENT="R." WC="1.00" CC="00" STYLEREFS="TXT_19"/>
							<SP ID="P4_SP00639" HPOS="1268" VPOS="4097" WIDTH="17"/>
							<String ID="P4_ST00738" HPOS="1285" VPOS="4065" WIDTH="195" HEIGHT="32" CONTENT="GRAHAM," WC="0.96" CC="7997994" STYLEREFS="TXT_19"/>
							<SP ID="P4_SP00640" HPOS="1480" VPOS="4097" WIDTH="19"/>
							<String ID="P4_ST00739" HPOS="1499" VPOS="4064" WIDTH="242" HEIGHT="33" CONTENT="Proprietress." WC="0.99" CC="7490545956404" STYLEREFS="TXT_19"/>
						</TextLine>
					</TextBlock>
				</ComposedBlock>
				<ComposedBlock ID="P4_CB00003" HPOS="93" VPOS="2339" WIDTH="886" HEIGHT="1693" TYPE="Advertisement">
					<TextBlock ID="P4_TB00005" HPOS="93" VPOS="2339" WIDTH="886" HEIGHT="1693" STYLEREFS="TXT_0 PAR_LEFT">
						<TextLine ID="P4_TL00104" HPOS="284" VPOS="2340" WIDTH="503" HEIGHT="30">
							<String ID="P4_ST00740" HPOS="284" VPOS="2345" WIDTH="115" HEIGHT="22" CONTENT="Lemonade" WC="0.98" CC="00957061"/>
							<SP ID="P4_SP00641" HPOS="399" VPOS="2367" WIDTH="9"/>
							<String ID="P4_ST00741" HPOS="408" VPOS="2345" WIDTH="41" HEIGHT="20" CONTENT="and" WC="0.97" CC="070"/>
							<SP ID="P4_SP00642" HPOS="449" VPOS="2367" WIDTH="9"/>
							<String ID="P4_ST00742" HPOS="458" VPOS="2344" WIDTH="78" HEIGHT="26" CONTENT="Ginger" WC="0.97" CC="956622"/>
							<SP ID="P4_SP00643" HPOS="536" VPOS="2370" WIDTH="9"/>
							<String ID="P4_ST00743" HPOS="545" VPOS="2342" WIDTH="45" HEIGHT="25" CONTENT="Ale," WC="0.98" CC="0502"/>
							<SP ID="P4_SP00644" HPOS="590" VPOS="2370" WIDTH="9"/>
							<String ID="P4_ST00744" HPOS="599" VPOS="2343" WIDTH="71" HEIGHT="25" CONTENT="quarts" WC="0.98" CC="704234"/>
							<SP ID="P4_SP00645" HPOS="670" VPOS="2370" WIDTH="9"/>
							<String ID="P4_ST00745" HPOS="679" VPOS="2340" WIDTH="40" HEIGHT="21" CONTENT="and" WC="0.97" CC="700"/>
							<SP ID="P4_SP00646" HPOS="719" VPOS="2370" WIDTH="7"/>
							<String ID="P4_ST00746" HPOS="726" VPOS="2341" WIDTH="61" HEIGHT="26" CONTENT="pints." WC="0.96" CC="757466"/>
						</TextLine>
						<TextLine ID="P4_TL00105" HPOS="188" VPOS="2415" WIDTH="710" HEIGHT="93">
							<String ID="P4_ST00747" HPOS="188" VPOS="2426" WIDTH="65" HEIGHT="76" CONTENT="C." WC="0.60" CC="61" STYLEREFS="TXT_22"/>
							<SP ID="P4_SP00647" HPOS="253" VPOS="2502" WIDTH="54"/>
							<String ID="P4_ST00748" HPOS="307" VPOS="2422" WIDTH="62" HEIGHT="77" CONTENT="A." WC="0.43" CC="64" STYLEREFS="TXT_22"/>
							<SP ID="P4_SP00648" HPOS="369" VPOS="2502" WIDTH="53"/>
							<String ID="P4_ST00749" HPOS="422" VPOS="2417" WIDTH="339" HEIGHT="91" CONTENT="CLARKE," WC="0.99" CC="0042003" STYLEREFS="TXT_22"/>
							<SP ID="P4_SP00649" HPOS="761" VPOS="2508" WIDTH="51"/>
							<String ID="P4_ST00750" HPOS="812" VPOS="2415" WIDTH="86" HEIGHT="77" CONTENT="Jr." WC="0.92" CC="676" STYLEREFS="TXT_22"/>
						</TextLine>
						<TextLine ID="P4_TL00106" HPOS="106" VPOS="2556" WIDTH="871" HEIGHT="66">
							<String ID="P4_ST00751" HPOS="106" VPOS="2563" WIDTH="380" HEIGHT="59" CONTENT="SEDDON'S" WC="0.42" CC="46770946" STYLEREFS="TXT_23"/>
							<SP ID="P4_SP00650" HPOS="486" VPOS="2622" WIDTH="39"/>
							<String ID="P4_ST00752" HPOS="525" VPOS="2559" WIDTH="213" HEIGHT="54" CONTENT="LAKE" WC="0.93" CC="8977" STYLEREFS="TXT_23"/>
							<SP ID="P4_SP00651" HPOS="738" VPOS="2622" WIDTH="30"/>
							<String ID="P4_ST00753" HPOS="768" VPOS="2556" WIDTH="209" HEIGHT="54" CONTENT="VIEW" WC="0.95" CC="7229" STYLEREFS="TXT_23"/>
						</TextLine>
						<TextLine ID="P4_TL00107" HPOS="211" VPOS="2624" WIDTH="651" HEIGHT="33">
							<String ID="P4_ST00754" HPOS="211" VPOS="2632" WIDTH="136" HEIGHT="25" CONTENT="Overlooking" WC="0.99" CC="30443407488"/>
							<SP ID="P4_SP00652" HPOS="347" VPOS="2657" WIDTH="8"/>
							<String ID="P4_ST00755" HPOS="355" VPOS="2631" WIDTH="36" HEIGHT="19" CONTENT="the" WC="0.94" CC="870"/>
							<SP ID="P4_SP00653" HPOS="391" VPOS="2657" WIDTH="13"/>
							<String ID="P4_ST00756" HPOS="404" VPOS="2631" WIDTH="35" HEIGHT="24" CONTENT="Pa," WC="0.94" CC="790"/>
							<SP ID="P4_SP00654" HPOS="439" VPOS="2657" WIDTH="12"/>
							<String ID="P4_ST00757" HPOS="451" VPOS="2629" WIDTH="82" HEIGHT="26" CONTENT="Boiling" WC="0.98" CC="6000549"/>
							<SP ID="P4_SP00655" HPOS="533" VPOS="2657" WIDTH="10"/>
							<String ID="P4_ST00758" HPOS="543" VPOS="2628" WIDTH="85" HEIGHT="26" CONTENT="Springs" WC="0.97" CC="5950796"/>
							<SP ID="P4_SP00656" HPOS="628" VPOS="2657" WIDTH="15"/>
							<String ID="P4_ST00759" HPOS="643" VPOS="2626" WIDTH="39" HEIGHT="20" CONTENT="and" WC="0.97" CC="070"/>
							<SP ID="P4_SP00657" HPOS="682" VPOS="2657" WIDTH="14"/>
							<String ID="P4_ST00760" HPOS="696" VPOS="2626" WIDTH="92" HEIGHT="20" CONTENT="Hotorua" WC="0.62" CC="8504260"/>
							<SP ID="P4_SP00658" HPOS="788" VPOS="2657" WIDTH="8"/>
							<String ID="P4_ST00761" HPOS="796" VPOS="2624" WIDTH="66" HEIGHT="21" CONTENT="Lake." WC="0.98" CC="70720"/>
						</TextLine>
						<TextLine ID="P4_TL00108" HPOS="172" VPOS="2716" WIDTH="733" HEIGHT="39">
							<String ID="P4_ST00762" HPOS="172" VPOS="2723" WIDTH="144" HEIGHT="31" CONTENT="TERMS" WC="0.95" CC="73796" STYLEREFS="TXT_24"/>
							<SP ID="P4_SP00659" HPOS="316" VPOS="2754" WIDTH="15"/>
							<String ID="P4_ST00763" HPOS="331" VPOS="2722" WIDTH="106" HEIGHT="28" CONTENT=":—3os" WC="0.40" CC="28557" STYLEREFS="TXT_24"/>
							<SP ID="P4_SP00660" HPOS="437" VPOS="2754" WIDTH="12"/>
							<String ID="P4_ST00764" HPOS="449" VPOS="2728" WIDTH="63" HEIGHT="27" CONTENT="per" WC="0.97" CC="035" STYLEREFS="TXT_24"/>
							<SP ID="P4_SP00661" HPOS="512" VPOS="2755" WIDTH="11"/>
							<String ID="P4_ST00765" HPOS="523" VPOS="2719" WIDTH="107" HEIGHT="33" CONTENT="week," WC="0.97" CC="60273" STYLEREFS="TXT_24"/>
							<SP ID="P4_SP00662" HPOS="630" VPOS="2755" WIDTH="16"/>
							<String ID="P4_ST00766" HPOS="646" VPOS="2725" WIDTH="40" HEIGHT="21" CONTENT="or" WC="0.47" CC="54" STYLEREFS="TXT_24"/>
							<SP ID="P4_SP00663" HPOS="686" VPOS="2755" WIDTH="18"/>
							<String ID="P4_ST00767" HPOS="704" VPOS="2718" WIDTH="37" HEIGHT="28" CONTENT="6s" WC="0.45" CC="82" STYLEREFS="TXT_24"/>
							<SP ID="P4_SP00664" HPOS="741" VPOS="2755" WIDTH="13"/>
							<String ID="P4_ST00768" HPOS="754" VPOS="2723" WIDTH="62" HEIGHT="28" CONTENT="per" WC="0.96" CC="234" STYLEREFS="TXT_24"/>
							<SP ID="P4_SP00665" HPOS="816" VPOS="2755" WIDTH="14"/>
							<String ID="P4_ST00769" HPOS="830" VPOS="2716" WIDTH="75" HEIGHT="33" CONTENT="day." WC="0.97" CC="4054" STYLEREFS="TXT_24"/>
						</TextLine>
						<TextLine ID="P4_TL00109" HPOS="95" VPOS="2770" WIDTH="884" HEIGHT="44">
							<String ID="P4_ST00770" HPOS="95" VPOS="2780" WIDTH="135" HEIGHT="34" CONTENT="Special" WC="0.98" CC="4903243" STYLEREFS="TXT_24"/>
							<SP ID="P4_SP00666" HPOS="230" VPOS="2814" WIDTH="20"/>
							<String ID="P4_ST00771" HPOS="250" VPOS="2776" WIDTH="272" HEIGHT="34" CONTENT="Arrangements" WC="0.99" CC="973089000702" STYLEREFS="TXT_24"/>
							<SP ID="P4_SP00667" HPOS="522" VPOS="2814" WIDTH="24"/>
							<String ID="P4_ST00772" HPOS="546" VPOS="2775" WIDTH="53" HEIGHT="27" CONTENT="for" WC="0.93" CC="764" STYLEREFS="TXT_24"/>
							<SP ID="P4_SP00668" HPOS="599" VPOS="2814" WIDTH="22"/>
							<String ID="P4_ST00773" HPOS="621" VPOS="2780" WIDTH="21" HEIGHT="21" CONTENT="a" WC="0.89" CC="1" STYLEREFS="TXT_24"/>
							<SP ID="P4_SP00669" HPOS="642" VPOS="2814" WIDTH="19"/>
							<String ID="P4_ST00774" HPOS="661" VPOS="2770" WIDTH="210" HEIGHT="36" CONTENT="lengthened" WC="0.98" CC="0079670768" STYLEREFS="TXT_24"/>
							<SP ID="P4_SP00670" HPOS="871" VPOS="2814" WIDTH="26"/>
							<String ID="P4_ST00775" HPOS="897" VPOS="2771" WIDTH="66" HEIGHT="28" CONTENT="resi" SUBS_TYPE="HypPart1" SUBS_CONTENT="residence" WC="0.98" CC="4050" STYLEREFS="TXT_24"/>
							<HYP HPOS="963" VPOS="2771" WIDTH="16" CONTENT="-"/>
						</TextLine>
						<TextLine ID="P4_TL00110" HPOS="355" VPOS="2807" WIDTH="365" HEIGHT="32">
							<String ID="P4_ST00776" HPOS="355" VPOS="2812" WIDTH="105" HEIGHT="27" CONTENT="dence" SUBS_TYPE="HypPart2" SUBS_CONTENT="residence" WC="0.97" CC="92070" STYLEREFS="TXT_24"/>
							<SP ID="P4_SP00671" HPOS="460" VPOS="2839" WIDTH="19"/>
							<String ID="P4_ST00777" HPOS="479" VPOS="2808" WIDTH="71" HEIGHT="29" CONTENT="and" WC="0.96" CC="900" STYLEREFS="TXT_24"/>
							<SP ID="P4_SP00672" HPOS="550" VPOS="2839" WIDTH="16"/>
							<String ID="P4_ST00778" HPOS="566" VPOS="2807" WIDTH="154" HEIGHT="28" CONTENT="iamilies." WC="0.61" CC="688000542" STYLEREFS="TXT_24"/>
						</TextLine>
						<TextLine ID="P4_TL00111" HPOS="355" VPOS="2874" WIDTH="361" HEIGHT="26">
							<String ID="P4_ST00779" HPOS="355" VPOS="2877" WIDTH="171" HEIGHT="23" CONTENT="CUISINE.—A" WC="0.99" CC="4546253289"/>
							<SP ID="P4_SP00673" HPOS="526" VPOS="2900" WIDTH="18"/>
							<String ID="P4_ST00780" HPOS="544" VPOS="2874" WIDTH="172" HEIGHT="22" CONTENT="SPECIALITY." WC="0.99" CC="57320031670"/>
						</TextLine>
						<TextLine ID="P4_TL00112" HPOS="145" VPOS="2920" WIDTH="783" HEIGHT="33">
							<String ID="P4_ST00781" HPOS="145" VPOS="2931" WIDTH="123" HEIGHT="21" CONTENT="References" WC="0.99" CC="7092109002"/>
							<SP ID="P4_SP00674" HPOS="268" VPOS="2952" WIDTH="16"/>
							<String ID="P4_ST00782" HPOS="284" VPOS="2928" WIDTH="126" HEIGHT="25" CONTENT="throughout" WC="0.98" CC="0740377177"/>
							<SP ID="P4_SP00675" HPOS="410" VPOS="2953" WIDTH="17"/>
							<String ID="P4_ST00783" HPOS="427" VPOS="2927" WIDTH="52" HEIGHT="19" CONTENT="New" WC="0.94" CC="637"/>
							<SP ID="P4_SP00676" HPOS="479" VPOS="2953" WIDTH="14"/>
							<String ID="P4_ST00784" HPOS="493" VPOS="2923" WIDTH="92" HEIGHT="22" CONTENT="Zealand" WC="0.99" CC="5200070"/>
							<SP ID="P4_SP00677" HPOS="585" VPOS="2953" WIDTH="9"/>
							<String ID="P4_ST00785" HPOS="594" VPOS="2923" WIDTH="40" HEIGHT="20" CONTENT="and" WC="0.98" CC="060"/>
							<SP ID="P4_SP00678" HPOS="634" VPOS="2953" WIDTH="16"/>
							<String ID="P4_ST00786" HPOS="650" VPOS="2923" WIDTH="34" HEIGHT="19" CONTENT="the" WC="0.95" CC="390"/>
							<SP ID="P4_SP00679" HPOS="684" VPOS="2953" WIDTH="14"/>
							<String ID="P4_ST00787" HPOS="698" VPOS="2922" WIDTH="118" HEIGHT="21" CONTENT="Australian" WC="0.99" CC="0560000006"/>
							<SP ID="P4_SP00680" HPOS="816" VPOS="2953" WIDTH="18"/>
							<String ID="P4_ST00788" HPOS="834" VPOS="2920" WIDTH="94" HEIGHT="22" CONTENT="Colonies" WC="0.98" CC="66437014"/>
						</TextLine>
						<TextLine ID="P4_TL00113" HPOS="407" VPOS="2949" WIDTH="256" HEIGHT="29">
							<String ID="P4_ST00789" HPOS="407" VPOS="2953" WIDTH="53" HEIGHT="19" CONTENT="from" WC="0.94" CC="5299"/>
							<SP ID="P4_SP00681" HPOS="460" VPOS="2972" WIDTH="9"/>
							<String ID="P4_ST00790" HPOS="469" VPOS="2951" WIDTH="95" HEIGHT="27" CONTENT="previous" WC="0.99" CC="02071091"/>
							<SP ID="P4_SP00682" HPOS="564" VPOS="2978" WIDTH="14"/>
							<String ID="P4_ST00791" HPOS="578" VPOS="2949" WIDTH="85" HEIGHT="21" CONTENT="Visitors" WC="0.98" CC="70603535"/>
						</TextLine>
						<TextLine ID="P4_TL00114" HPOS="93" VPOS="2994" WIDTH="883" HEIGHT="36">
							<String ID="P4_ST00792" HPOS="93" VPOS="3004" WIDTH="33" HEIGHT="20" CONTENT="No" WC="0.67" CC="06"/>
							<SP ID="P4_SP00683" HPOS="126" VPOS="3024" WIDTH="9"/>
							<String ID="P4_ST00793" HPOS="135" VPOS="3006" WIDTH="55" HEIGHT="18" CONTENT="touts" WC="0.99" CC="00027"/>
							<SP ID="P4_SP00684" HPOS="190" VPOS="3024" WIDTH="14"/>
							<String ID="P4_ST00794" HPOS="204" VPOS="3002" WIDTH="105" HEIGHT="28" CONTENT="employed" WC="0.98" CC="50025908"/>
							<SP ID="P4_SP00685" HPOS="309" VPOS="3030" WIDTH="10"/>
							<String ID="P4_ST00795" HPOS="319" VPOS="3004" WIDTH="21" HEIGHT="18" CONTENT="at" WC="0.84" CC="30"/>
							<SP ID="P4_SP00686" HPOS="340" VPOS="3030" WIDTH="14"/>
							<String ID="P4_ST00796" HPOS="354" VPOS="3000" WIDTH="108" HEIGHT="22" CONTENT="Auckland" WC="0.99" CC="05270170"/>
							<SP ID="P4_SP00687" HPOS="462" VPOS="3030" WIDTH="13"/>
							<String ID="P4_ST00797" HPOS="475" VPOS="3006" WIDTH="24" HEIGHT="13" CONTENT="or" WC="0.68" CC="06"/>
							<SP ID="P4_SP00688" HPOS="499" VPOS="3030" WIDTH="22"/>
							<String ID="P4_ST00798" HPOS="521" VPOS="2998" WIDTH="92" HEIGHT="21" CONTENT="Kotorua" WC="0.76" CC="7000610"/>
							<SP ID="P4_SP00689" HPOS="613" VPOS="3030" WIDTH="12"/>
							<String ID="P4_ST00799" HPOS="625" VPOS="2996" WIDTH="92" HEIGHT="26" CONTENT="Railway" WC="0.98" CC="8020901"/>
							<SP ID="P4_SP00690" HPOS="717" VPOS="3030" WIDTH="15"/>
							<String ID="P4_ST00800" HPOS="732" VPOS="2996" WIDTH="89" HEIGHT="21" CONTENT="Stations" WC="0.99" CC="00100208"/>
							<SP ID="P4_SP00691" HPOS="821" VPOS="3030" WIDTH="14"/>
							<String ID="P4_ST00801" HPOS="835" VPOS="3002" WIDTH="23" HEIGHT="13" CONTENT="or" WC="0.66" CC="15"/>
							<SP ID="P4_SP00692" HPOS="858" VPOS="3030" WIDTH="14"/>
							<String ID="P4_ST00802" HPOS="872" VPOS="2994" WIDTH="104" HEIGHT="21" CONTENT="Steamers." WC="0.98" CC="007750177"/>
						</TextLine>
						<TextLine ID="P4_TL00115" HPOS="328" VPOS="3044" WIDTH="414" HEIGHT="30">
							<String ID="P4_ST00803" HPOS="328" VPOS="3049" WIDTH="33" HEIGHT="21" CONTENT="No" WC="0.56" CC="80"/>
							<SP ID="P4_SP00693" HPOS="361" VPOS="3070" WIDTH="13"/>
							<String ID="P4_ST00804" HPOS="374" VPOS="3051" WIDTH="35" HEIGHT="17" CONTENT="ten" WC="0.97" CC="007"/>
							<SP ID="P4_SP00694" HPOS="409" VPOS="3070" WIDTH="16"/>
							<String ID="P4_ST00805" HPOS="425" VPOS="3054" WIDTH="36" HEIGHT="20" CONTENT="per" WC="0.98" CC="004"/>
							<SP ID="P4_SP00695" HPOS="461" VPOS="3074" WIDTH="14"/>
							<String ID="P4_ST00806" HPOS="475" VPOS="3049" WIDTH="45" HEIGHT="18" CONTENT="cent" WC="0.99" CC="0060"/>
							<SP ID="P4_SP00696" HPOS="520" VPOS="3074" WIDTH="13"/>
							<String ID="P4_ST00807" HPOS="533" VPOS="3045" WIDTH="95" HEIGHT="26" CONTENT="Coupons" WC="0.97" CC="7389165"/>
							<SP ID="P4_SP00697" HPOS="628" VPOS="3074" WIDTH="14"/>
							<String ID="P4_ST00808" HPOS="642" VPOS="3044" WIDTH="100" HEIGHT="27" CONTENT="accepted." WC="0.99" CC="036794002"/>
						</TextLine>
						<TextLine ID="P4_TL00116" HPOS="126" VPOS="3102" WIDTH="817" HEIGHT="37">
							<String ID="P4_ST00809" HPOS="126" VPOS="3111" WIDTH="159" HEIGHT="28" CONTENT="NOTE.—" WC="0.96" CC="963378" STYLEREFS="TXT_20"/>
							<String ID="P4_ST00810" HPOS="285" VPOS="3109" WIDTH="55" HEIGHT="26" CONTENT="Ask" WC="0.97" CC="305" STYLEREFS="TXT_15"/>
							<SP ID="P4_SP00698" HPOS="340" VPOS="3139" WIDTH="12"/>
							<String ID="P4_ST00811" HPOS="352" VPOS="3109" WIDTH="37" HEIGHT="25" CONTENT="for" WC="0.94" CC="544" STYLEREFS="TXT_15"/>
							<SP ID="P4_SP00699" HPOS="389" VPOS="3139" WIDTH="12"/>
							<String ID="P4_ST00812" HPOS="401" VPOS="3106" WIDTH="173" HEIGHT="31" CONTENT="Seddon'S," WC="0.77" CC="400010274" STYLEREFS="TXT_20"/>
							<SP ID="P4_SP00700" HPOS="574" VPOS="3139" WIDTH="14"/>
							<String ID="P4_ST00813" HPOS="588" VPOS="3104" WIDTH="48" HEIGHT="25" CONTENT="and" WC="0.96" CC="910" STYLEREFS="TXT_15"/>
							<SP ID="P4_SP00701" HPOS="636" VPOS="3139" WIDTH="12"/>
							<String ID="P4_ST00814" HPOS="648" VPOS="3113" WIDTH="42" HEIGHT="15" CONTENT="see" WC="0.96" CC="037" STYLEREFS="TXT_15"/>
							<SP ID="P4_SP00702" HPOS="690" VPOS="3139" WIDTH="9"/>
							<String ID="P4_ST00815" HPOS="699" VPOS="3112" WIDTH="48" HEIGHT="24" CONTENT="you" WC="0.95" CC="706" STYLEREFS="TXT_15"/>
							<SP ID="P4_SP00703" HPOS="747" VPOS="3139" WIDTH="12"/>
							<String ID="P4_ST00816" HPOS="759" VPOS="3112" WIDTH="41" HEIGHT="16" CONTENT="are" WC="1.00" CC="000" STYLEREFS="TXT_15"/>
							<SP ID="P4_SP00704" HPOS="800" VPOS="3139" WIDTH="12"/>
							<String ID="P4_ST00817" HPOS="812" VPOS="3102" WIDTH="44" HEIGHT="26" CONTENT="left" WC="0.99" CC="0010" STYLEREFS="TXT_15"/>
							<SP ID="P4_SP00705" HPOS="856" VPOS="3139" WIDTH="12"/>
							<String ID="P4_ST00818" HPOS="868" VPOS="3102" WIDTH="75" HEIGHT="25" CONTENT="there." WC="0.99" CC="520000" STYLEREFS="TXT_15"/>
						</TextLine>
						<TextLine ID="P4_TL00117" HPOS="327" VPOS="3254" WIDTH="413" HEIGHT="64">
							<String ID="P4_ST00819" HPOS="327" VPOS="3254" WIDTH="413" HEIGHT="64" CONTENT="Proprietress." WC="0.99" CC="4700762773464" STYLEREFS="TXT_23"/>
						</TextLine>
						<TextLine ID="P4_TL00118" HPOS="116" VPOS="3395" WIDTH="841" HEIGHT="74">
							<String ID="P4_ST00820" HPOS="116" VPOS="3403" WIDTH="271" HEIGHT="66" CONTENT="WHERE" WC="0.98" CC="06301" STYLEREFS="TXT_25"/>
							<SP ID="P4_SP00706" HPOS="387" VPOS="3469" WIDTH="44"/>
							<String ID="P4_ST00821" HPOS="431" VPOS="3402" WIDTH="88" HEIGHT="65" CONTENT="TO" WC="1.00" CC="00" STYLEREFS="TXT_25"/>
							<SP ID="P4_SP00707" HPOS="519" VPOS="3469" WIDTH="61"/>
							<String ID="P4_ST00822" HPOS="580" VPOS="3395" WIDTH="377" HEIGHT="69" CONTENT="PURCHASE" WC="0.98" CC="64327900" STYLEREFS="TXT_25"/>
						</TextLine>
						<TextLine ID="P4_TL00119" HPOS="478" VPOS="3494" WIDTH="117" HEIGHT="29">
							<String ID="P4_ST00823" HPOS="478" VPOS="3494" WIDTH="117" HEIGHT="29" CONTENT="FROM" WC="0.96" CC="7605" STYLEREFS="TXT_20"/>
						</TextLine>
						<TextLine ID="P4_TL00120" HPOS="260" VPOS="3548" WIDTH="615" HEIGHT="71">
							<String ID="P4_ST00824" HPOS="260" VPOS="3549" WIDTH="424" HEIGHT="70" CONTENT="WELL-ASSORTED" WC="0.99" CC="6048531350530" STYLEREFS="TXT_26"/>
							<SP ID="P4_SP00708" HPOS="684" VPOS="3619" WIDTH="28"/>
							<String ID="P4_ST00825" HPOS="712" VPOS="3548" WIDTH="163" HEIGHT="66" CONTENT="STOCK" WC="0.97" CC="02459" STYLEREFS="TXT_26"/>
						</TextLine>
						<TextLine ID="P4_TL00121" HPOS="94" VPOS="3662" WIDTH="607" HEIGHT="50">
							<String ID="P4_ST00826" HPOS="94" VPOS="3666" WIDTH="164" HEIGHT="46" CONTENT="Lamps" WC="0.98" CC="28020" STYLEREFS="TXT_5"/>
							<SP ID="P4_SP00709" HPOS="258" VPOS="3712" WIDTH="286"/>
							<String ID="P4_ST00827" HPOS="544" VPOS="3662" WIDTH="157" HEIGHT="37" CONTENT="Cruets" WC="0.97" CC="659480" STYLEREFS="TXT_5"/>
						</TextLine>
						<TextLine ID="P4_TL00122" HPOS="326" VPOS="3704" WIDTH="649" HEIGHT="44">
							<String ID="P4_ST00828" HPOS="326" VPOS="3709" WIDTH="197" HEIGHT="39" CONTENT="Brushes" WC="0.98" CC="5770701" STYLEREFS="TXT_5"/>
							<SP ID="P4_SP00710" HPOS="523" VPOS="3748" WIDTH="283"/>
							<String ID="P4_ST00829" HPOS="806" VPOS="3704" WIDTH="169" HEIGHT="38" CONTENT="Knives" WC="0.97" CC="770650" STYLEREFS="TXT_5"/>
						</TextLine>
						<TextLine ID="P4_TL00123" HPOS="95" VPOS="3756" WIDTH="618" HEIGHT="46">
							<String ID="P4_ST00830" HPOS="95" VPOS="3759" WIDTH="181" HEIGHT="41" CONTENT="Trunks" WC="0.98" CC="260880" STYLEREFS="TXT_5"/>
							<SP ID="P4_SP00711" HPOS="276" VPOS="3800" WIDTH="271"/>
							<String ID="P4_ST00831" HPOS="547" VPOS="3756" WIDTH="166" HEIGHT="46" CONTENT="Spoons" WC="0.98" CC="600273" STYLEREFS="TXT_5"/>
						</TextLine>
						<TextLine ID="P4_TL00124" HPOS="385" VPOS="3796" WIDTH="590" HEIGHT="44">
							<String ID="P4_ST00832" HPOS="385" VPOS="3803" WIDTH="140" HEIGHT="37" CONTENT="Locks" WC="0.96" CC="90583" STYLEREFS="TXT_5"/>
							<SP ID="P4_SP00712" HPOS="525" VPOS="3840" WIDTH="310"/>
							<String ID="P4_ST00833" HPOS="835" VPOS="3796" WIDTH="140" HEIGHT="37" CONTENT="Forks" WC="0.96" CC="66905" STYLEREFS="TXT_5"/>
						</TextLine>
						<TextLine ID="P4_TL00125" HPOS="95" VPOS="3849" WIDTH="591" HEIGHT="44">
							<String ID="P4_ST00834" HPOS="95" VPOS="3854" WIDTH="163" HEIGHT="35" CONTENT="Razors" WC="0.98" CC="725030" STYLEREFS="TXT_5"/>
							<SP ID="P4_SP00713" HPOS="258" VPOS="3889" WIDTH="178"/>
							<String ID="P4_ST00835" HPOS="436" VPOS="3885" WIDTH="6" HEIGHT="3" CONTENT="." WC="0.23" CC="7" STYLEREFS="TXT_5"/>
							<SP ID="P4_SP00714" HPOS="442" VPOS="3889" WIDTH="104"/>
							<String ID="P4_ST00836" HPOS="546" VPOS="3849" WIDTH="140" HEIGHT="44" CONTENT="Trays" WC="0.96" CC="80996" STYLEREFS="TXT_5"/>
						</TextLine>
						<TextLine ID="P4_TL00126" HPOS="338" VPOS="3890" WIDTH="638" HEIGHT="52">
							<String ID="P4_ST00837" HPOS="338" VPOS="3896" WIDTH="188" HEIGHT="46" CONTENT="Teapots" WC="0.99" CC="7000136" STYLEREFS="TXT_5"/>
							<SP ID="P4_SP00715" HPOS="526" VPOS="3942" WIDTH="273"/>
							<String ID="P4_ST00838" HPOS="799" VPOS="3890" WIDTH="177" HEIGHT="37" CONTENT="Churns" WC="0.97" CC="676670" STYLEREFS="TXT_5"/>
						</TextLine>
						<TextLine ID="P4_TL00127" HPOS="199" VPOS="3942" WIDTH="676" HEIGHT="41">
							<String ID="P4_ST00839" HPOS="199" VPOS="3949" WIDTH="75" HEIGHT="34" CONTENT="LAWN" WC="0.94" CC="4969" STYLEREFS="TXT_27"/>
							<SP ID="P4_SP00716" HPOS="274" VPOS="3983" WIDTH="22"/>
							<String ID="P4_ST00840" HPOS="296" VPOS="3948" WIDTH="123" HEIGHT="35" CONTENT="MOWERS," WC="0.97" CC="9587600" STYLEREFS="TXT_27"/>
							<SP ID="P4_SP00717" HPOS="419" VPOS="3983" WIDTH="22"/>
							<String ID="P4_ST00841" HPOS="441" VPOS="3948" WIDTH="34" HEIGHT="29" CONTENT="HO" WC="0.24" CC="77" STYLEREFS="TXT_27"/>
							<String ID="P4_ST00842" HPOS="480" VPOS="3948" WIDTH="11" HEIGHT="17" CONTENT="r" STYLE="superscript" WC="0.25" CC="7" STYLEREFS="TXT_27"/>
							<String ID="P4_ST00843" HPOS="496" VPOS="3948" WIDTH="23" HEIGHT="34" CONTENT="S," WC="0.41" CC="74" STYLEREFS="TXT_27"/>
							<SP ID="P4_SP00718" HPOS="519" VPOS="3983" WIDTH="17"/>
							<String ID="P4_ST00844" HPOS="536" VPOS="3945" WIDTH="91" HEIGHT="36" CONTENT="RAKES," WC="0.96" CC="579663" STYLEREFS="TXT_27"/>
							<SP ID="P4_SP00719" HPOS="627" VPOS="3983" WIDTH="22"/>
							<String ID="P4_ST00845" HPOS="649" VPOS="3944" WIDTH="112" HEIGHT="36" CONTENT="SPADES," WC="0.98" CC="1405574" STYLEREFS="TXT_27"/>
							<SP ID="P4_SP00720" HPOS="761" VPOS="3983" WIDTH="21"/>
							<String ID="P4_ST00846" HPOS="782" VPOS="3942" WIDTH="93" HEIGHT="36" CONTENT="FORKS," WC="0.98" CC="536901" STYLEREFS="TXT_27"/>
						</TextLine>
						<TextLine ID="P4_TL00128" HPOS="141" VPOS="3985" WIDTH="788" HEIGHT="45">
							<String ID="P4_ST00847" HPOS="141" VPOS="3993" WIDTH="61" HEIGHT="37" CONTENT="At" WC="0.16" CC="97" STYLEREFS="TXT_5"/>
							<SP ID="P4_SP00721" HPOS="202" VPOS="4030" WIDTH="59"/>
							<String ID="P4_ST00848" HPOS="261" VPOS="3990" WIDTH="147" HEIGHT="37" CONTENT="Great?" WC="0.96" CC="776718" STYLEREFS="TXT_5"/>
							<SP ID="P4_SP00722" HPOS="408" VPOS="4030" WIDTH="6"/>
							<String ID="P4_ST00849" HPOS="414" VPOS="4000" WIDTH="30" HEIGHT="30" CONTENT="y" WC="0.26" CC="7" STYLEREFS="TXT_5"/>
							<SP ID="P4_SP00723" HPOS="444" VPOS="4030" WIDTH="59"/>
							<String ID="P4_ST00850" HPOS="503" VPOS="3987" WIDTH="204" HEIGHT="37" CONTENT="Reduced" WC="0.97" CC="8609760" STYLEREFS="TXT_5"/>
							<SP ID="P4_SP00724" HPOS="707" VPOS="4030" WIDTH="62"/>
							<String ID="P4_ST00851" HPOS="769" VPOS="3985" WIDTH="160" HEIGHT="35" CONTENT="Prices." WC="0.98" CC="7406514" STYLEREFS="TXT_5"/>
						</TextLine>
					</TextBlock>
				</ComposedBlock>
				<ComposedBlock ID="P4_CB00004" HPOS="94" VPOS="4065" WIDTH="878" HEIGHT="98" TYPE="Advertisement">
					<TextBlock ID="P4_TB00006" HPOS="94" VPOS="4065" WIDTH="878" HEIGHT="98" STYLEREFS="TXT_28 PAR_LEFT">
						<TextLine ID="P4_TL00129" HPOS="94" VPOS="4068" WIDTH="878" HEIGHT="60">
							<String ID="P4_ST00852" HPOS="94" VPOS="4078" WIDTH="83" HEIGHT="48" CONTENT="j." WC="0.23" CC="77" STYLEREFS="TXT_29"/>
							<SP ID="P4_SP00725" HPOS="177" VPOS="4126" WIDTH="47"/>
							<String ID="P4_ST00853" HPOS="224" VPOS="4075" WIDTH="82" HEIGHT="48" CONTENT="&amp;c" WC="0.65" CC="07" STYLEREFS="TXT_30"/>
							<SP ID="P4_SP00726" HPOS="306" VPOS="4126" WIDTH="41"/>
							<String ID="P4_ST00854" HPOS="347" VPOS="4074" WIDTH="81" HEIGHT="46" CONTENT='J".' WC="0.92" CC="767" STYLEREFS="TXT_29"/>
							<SP ID="P4_SP00727" HPOS="428" VPOS="4126" WIDTH="38"/>
							<String ID="P4_ST00855" HPOS="466" VPOS="4068" WIDTH="506" HEIGHT="60" CONTENT="zDiciECiErsr," WC="0.14" CC="7888879879887" STYLEREFS="TXT_29"/>
						</TextLine>
						<TextLine ID="P4_TL00130" HPOS="149" VPOS="4126" WIDTH="772" HEIGHT="37">
							<String ID="P4_ST00856" HPOS="149" VPOS="4134" WIDTH="88" HEIGHT="29" CONTENT="(Fourth" WC="0.97" CC="9777737"/>
							<SP ID="P4_SP00728" HPOS="237" VPOS="4163" WIDTH="9"/>
							<String ID="P4_ST00857" HPOS="246" VPOS="4133" WIDTH="52" HEIGHT="28" CONTENT="Bhop" WC="0.34" CC="3769"/>
							<SP ID="P4_SP00729" HPOS="298" VPOS="4163" WIDTH="9"/>
							<String ID="P4_ST00858" HPOS="307" VPOS="4133" WIDTH="52" HEIGHT="22" CONTENT="from" WC="0.94" CC="6769"/>
							<SP ID="P4_SP00730" HPOS="359" VPOS="4163" WIDTH="6"/>
							<String ID="P4_ST00859" HPOS="365" VPOS="4129" WIDTH="194" HEIGHT="29" CONTENT='"Welbsley-Street.' WC="0.42" CC="58768606580872790"/>
							<SP ID="P4_SP00731" HPOS="559" VPOS="4163" WIDTH="63"/>
							<String ID="P4_ST00860" HPOS="622" VPOS="4134" WIDTH="49" HEIGHT="24" CONTENT="304" WC="0.16" CC="779"/>
							<SP ID="P4_SP00732" HPOS="671" VPOS="4163" WIDTH="15"/>
							<String ID="P4_ST00861" HPOS="686" VPOS="4131" WIDTH="17" HEIGHT="21" CONTENT="&amp;" WC="0.84" CC="1"/>
							<SP ID="P4_SP00733" HPOS="703" VPOS="4163" WIDTH="14"/>
							<String ID="P4_ST00862" HPOS="717" VPOS="4128" WIDTH="50" HEIGHT="32" CONTENT="306" WC="0.14" CC="888"/>
							<SP ID="P4_SP00734" HPOS="767" VPOS="4163" WIDTH="8"/>
							<String ID="P4_ST00863" HPOS="775" VPOS="4126" WIDTH="94" HEIGHT="33" CONTENT="QUEEN" WC="0.96" CC="76552"/>
							<SP ID="P4_SP00735" HPOS="869" VPOS="4163" WIDTH="10"/>
							<String ID="P4_ST00864" HPOS="879" VPOS="4126" WIDTH="42" HEIGHT="25" CONTENT="ST." WC="0.42" CC="835"/>
						</TextLine>
					</TextBlock>
				</ComposedBlock>
				<ComposedBlock ID="P4_CB00005" HPOS="989" VPOS="127" WIDTH="1799" HEIGHT="1593" TYPE="Advertisement">
					<TextBlock ID="P4_TB00007" HPOS="989" VPOS="127" WIDTH="1799" HEIGHT="1593" STYLEREFS="TXT_8 PAR_LEFT">
						<TextLine ID="P4_TL00131" HPOS="992" VPOS="212" WIDTH="382" HEIGHT="61">
							<String ID="P4_ST00865" HPOS="992" VPOS="212" WIDTH="156" HEIGHT="61" CONTENT="Will" WC="0.95" CC="8807" STYLEREFS="TXT_26"/>
							<SP ID="P4_SP00736" HPOS="1148" VPOS="273" WIDTH="25"/>
							<String ID="P4_ST00866" HPOS="1173" VPOS="214" WIDTH="21" HEIGHT="58" CONTENT="I" WC="0.75" CC="2" STYLEREFS="TXT_26"/>
							<SP ID="P4_SP00737" HPOS="1194" VPOS="273" WIDTH="25"/>
							<String ID="P4_ST00867" HPOS="1219" VPOS="215" WIDTH="155" HEIGHT="57" CONTENT="IiHU" WC="0.35" CC="3858" STYLEREFS="TXT_26"/>
						</TextLine>
						<TextLine ID="P4_TL00132" HPOS="991" VPOS="299" WIDTH="441" HEIGHT="31">
							<String ID="P4_ST00868" HPOS="991" VPOS="301" WIDTH="57" HEIGHT="26" CONTENT="HIGH" WC="0.95" CC="7746" STYLEREFS="TXT_15"/>
							<SP ID="P4_SP00738" HPOS="1048" VPOS="327" WIDTH="17"/>
							<String ID="P4_ST00869" HPOS="1065" VPOS="301" WIDTH="35" HEIGHT="27" CONTENT="ST." WC="0.96" CC="540" STYLEREFS="TXT_15"/>
							<SP ID="P4_SP00739" HPOS="1100" VPOS="328" WIDTH="21"/>
							<String ID="P4_ST00870" HPOS="1121" VPOS="301" WIDTH="39" HEIGHT="26" CONTENT="and" WC="0.93" CC="369" STYLEREFS="TXT_15"/>
							<SP ID="P4_SP00740" HPOS="1160" VPOS="328" WIDTH="18"/>
							<String ID="P4_ST00871" HPOS="1178" VPOS="301" WIDTH="111" HEIGHT="27" CONTENT="VICTORIA" WC="0.98" CC="78450657" STYLEREFS="TXT_15"/>
							<SP ID="P4_SP00741" HPOS="1289" VPOS="328" WIDTH="21"/>
							<String ID="P4_ST00872" HPOS="1310" VPOS="301" WIDTH="35" HEIGHT="27" CONTENT="ST." WC="0.95" CC="560" STYLEREFS="TXT_15"/>
							<SP ID="P4_SP00742" HPOS="1345" VPOS="328" WIDTH="22"/>
							<String ID="P4_ST00873" HPOS="1367" VPOS="299" WIDTH="65" HEIGHT="31" CONTENT="EAST," WC="0.95" CC="39993" STYLEREFS="TXT_15"/>
						</TextLine>
						<TextLine ID="P4_TL00133" HPOS="1016" VPOS="407" WIDTH="419" HEIGHT="22">
							<String ID="P4_ST00874" HPOS="1016" VPOS="408" WIDTH="43" HEIGHT="20" CONTENT="The" WC="0.94" CC="970" STYLEREFS="TXT_2"/>
							<SP ID="P4_SP00743" HPOS="1059" VPOS="428" WIDTH="15"/>
							<String ID="P4_ST00875" HPOS="1074" VPOS="408" WIDTH="64" HEIGHT="20" CONTENT="above" WC="0.97" CC="07076" STYLEREFS="TXT_2"/>
							<SP ID="P4_SP00744" HPOS="1138" VPOS="428" WIDTH="18"/>
							<String ID="P4_ST00876" HPOS="1156" VPOS="410" WIDTH="109" HEIGHT="19" CONTENT="Favourite" WC="0.98" CC="769075456" STYLEREFS="TXT_2"/>
							<SP ID="P4_SP00745" HPOS="1265" VPOS="429" WIDTH="14"/>
							<String ID="P4_ST00877" HPOS="1279" VPOS="409" WIDTH="41" HEIGHT="19" CONTENT="and" WC="0.90" CC="979" STYLEREFS="TXT_2"/>
							<SP ID="P4_SP00746" HPOS="1320" VPOS="429" WIDTH="10"/>
							<String ID="P4_ST00878" HPOS="1330" VPOS="407" WIDTH="90" HEIGHT="21" CONTENT="Commod" SUBS_TYPE="HypPart1" SUBS_CONTENT="Commodious" WC="0.98" CC="337863" STYLEREFS="TXT_2"/>
							<HYP HPOS="1420" VPOS="407" WIDTH="15" CONTENT="-"/>
						</TextLine>
						<TextLine ID="P4_TL00134" HPOS="991" VPOS="433" WIDTH="445" HEIGHT="22">
							<String ID="P4_ST00879" HPOS="991" VPOS="435" WIDTH="43" HEIGHT="18" CONTENT="ious" SUBS_TYPE="HypPart2" SUBS_CONTENT="Commodious" WC="0.96" CC="7064" STYLEREFS="TXT_2"/>
							<SP ID="P4_SP00747" HPOS="1034" VPOS="453" WIDTH="32"/>
							<String ID="P4_ST00880" HPOS="1066" VPOS="435" WIDTH="63" HEIGHT="19" CONTENT="Hotel" WC="0.97" CC="64504" STYLEREFS="TXT_2"/>
							<SP ID="P4_SP00748" HPOS="1129" VPOS="454" WIDTH="32"/>
							<String ID="P4_ST00881" HPOS="1161" VPOS="436" WIDTH="77" HEIGHT="19" CONTENT="affords" WC="0.98" CC="0331687" STYLEREFS="TXT_2"/>
							<SP ID="P4_SP00749" HPOS="1238" VPOS="455" WIDTH="31"/>
							<String ID="P4_ST00882" HPOS="1269" VPOS="433" WIDTH="167" HEIGHT="22" CONTENT="EXCELLENT" WC="0.97" CC="594386599" STYLEREFS="TXT_2"/>
						</TextLine>
						<TextLine ID="P4_TL00135" HPOS="991" VPOS="458" WIDTH="443" HEIGHT="23">
							<String ID="P4_ST00883" HPOS="991" VPOS="460" WIDTH="242" HEIGHT="21" CONTENT="ACCOMMODATION" WC="0.99" CC="9042002690034" STYLEREFS="TXT_2"/>
							<SP ID="P4_SP00750" HPOS="1233" VPOS="481" WIDTH="13"/>
							<String ID="P4_ST00884" HPOS="1246" VPOS="462" WIDTH="32" HEIGHT="18" CONTENT="for" WC="0.98" CC="005" STYLEREFS="TXT_2"/>
							<SP ID="P4_SP00751" HPOS="1278" VPOS="481" WIDTH="15"/>
							<String ID="P4_ST00885" HPOS="1293" VPOS="458" WIDTH="141" HEIGHT="23" CONTENT="TOURISTS," WC="0.98" CC="007737860" STYLEREFS="TXT_2"/>
							<SP ID="P4_SP00752" HPOS="1434" VPOS="481" WIDTH="0"/>
						</TextLine>
						<TextLine ID="P4_TL00136" HPOS="991" VPOS="480" WIDTH="507" HEIGHT="37">
							<String ID="P4_ST00886" HPOS="991" VPOS="486" WIDTH="182" HEIGHT="21" CONTENT="TRAVELLERS" WC="0.99" CC="0607000270" STYLEREFS="TXT_2"/>
							<SP ID="P4_SP00753" HPOS="1173" VPOS="507" WIDTH="28"/>
							<String ID="P4_ST00887" HPOS="1201" VPOS="489" WIDTH="17" HEIGHT="17" CONTENT="&amp;" WC="1.00" CC="0" STYLEREFS="TXT_2"/>
							<SP ID="P4_SP00754" HPOS="1218" VPOS="507" WIDTH="26"/>
							<String ID="P4_ST00888" HPOS="1244" VPOS="485" WIDTH="130" HEIGHT="22" CONTENT="VISITORS" WC="0.99" CC="70630407" STYLEREFS="TXT_2"/>
							<SP ID="P4_SP00755" HPOS="1374" VPOS="507" WIDTH="16"/>
							<String ID="P4_ST00889" HPOS="1390" VPOS="485" WIDTH="46" HEIGHT="19" CONTENT="who" WC="0.94" CC="492" STYLEREFS="TXT_2"/>
							<SP ID="P4_SP00756" HPOS="1436" VPOS="507" WIDTH="49"/>
							<String ID="P4_ST00890" HPOS="1485" VPOS="480" WIDTH="13" HEIGHT="37" CONTENT="|" WC="1.00" CC="9" STYLEREFS="TXT_2"/>
						</TextLine>
						<TextLine ID="P4_TL00137" HPOS="991" VPOS="511" WIDTH="515" HEIGHT="28">
							<String ID="P4_ST00891" HPOS="991" VPOS="512" WIDTH="41" HEIGHT="18" CONTENT="will" WC="0.96" CC="7065" STYLEREFS="TXT_2"/>
							<SP ID="P4_SP00757" HPOS="1032" VPOS="530" WIDTH="9"/>
							<String ID="P4_ST00892" HPOS="1041" VPOS="513" WIDTH="76" HEIGHT="19" CONTENT="receive" WC="0.98" CC="5005085" STYLEREFS="TXT_2"/>
							<SP ID="P4_SP00758" HPOS="1117" VPOS="532" WIDTH="10"/>
							<String ID="P4_ST00893" HPOS="1127" VPOS="520" WIDTH="61" HEIGHT="19" CONTENT="every" WC="0.96" CC="68039" STYLEREFS="TXT_2"/>
							<SP ID="P4_SP00759" HPOS="1188" VPOS="539" WIDTH="16"/>
							<String ID="P4_ST00894" HPOS="1204" VPOS="513" WIDTH="91" HEIGHT="21" CONTENT="Comfort" WC="0.98" CC="3085207" STYLEREFS="TXT_2"/>
							<SP ID="P4_SP00760" HPOS="1295" VPOS="539" WIDTH="15"/>
							<String ID="P4_ST00895" HPOS="1310" VPOS="512" WIDTH="40" HEIGHT="20" CONTENT="and" WC="0.94" CC="780" STYLEREFS="TXT_2"/>
							<SP ID="P4_SP00761" HPOS="1350" VPOS="539" WIDTH="14"/>
							<String ID="P4_ST00896" HPOS="1364" VPOS="511" WIDTH="70" HEIGHT="19" CONTENT="Atten-" WC="0.67" CC="800074" STYLEREFS="TXT_2"/>
							<SP ID="P4_SP00762" HPOS="1434" VPOS="539" WIDTH="52"/>
							<String ID="P4_ST00897" HPOS="1486" VPOS="513" WIDTH="20" HEIGHT="24" CONTENT="gj" WC="0.38" CC="48" STYLEREFS="TXT_2"/>
						</TextLine>
						<TextLine ID="P4_TL00138" HPOS="991" VPOS="537" WIDTH="514" HEIGHT="20">
							<String ID="P4_ST00898" HPOS="991" VPOS="538" WIDTH="48" HEIGHT="19" CONTENT="tion." WC="0.65" CC="90070" STYLEREFS="TXT_2"/>
							<SP ID="P4_SP00763" HPOS="1039" VPOS="557" WIDTH="447"/>
							<String ID="P4_ST00899" HPOS="1486" VPOS="537" WIDTH="19" HEIGHT="7" CONTENT="~" WC="1.00" CC="9" STYLEREFS="TXT_7"/>
						</TextLine>
						<TextLine ID="P4_TL00139" HPOS="1016" VPOS="635" WIDTH="421" HEIGHT="27">
							<String ID="P4_ST00900" HPOS="1016" VPOS="636" WIDTH="107" HEIGHT="21" CONTENT="Excellent" WC="0.99" CC="260033067" STYLEREFS="TXT_2"/>
							<SP ID="P4_SP00764" HPOS="1123" VPOS="657" WIDTH="22"/>
							<String ID="P4_ST00901" HPOS="1145" VPOS="638" WIDTH="89" HEIGHT="19" CONTENT="Cuisine." WC="0.99" CC="50056700" STYLEREFS="TXT_2"/>
							<SP ID="P4_SP00765" HPOS="1234" VPOS="657" WIDTH="42"/>
							<String ID="P4_ST00902" HPOS="1276" VPOS="636" WIDTH="96" HEIGHT="26" CONTENT="Spacious" WC="0.99" CC="37003002" STYLEREFS="TXT_2"/>
							<SP ID="P4_SP00766" HPOS="1372" VPOS="662" WIDTH="24"/>
							<String ID="P4_ST00903" HPOS="1396" VPOS="635" WIDTH="41" HEIGHT="19" CONTENT="and" WC="0.97" CC="070" STYLEREFS="TXT_2"/>
						</TextLine>
						<TextLine ID="P4_TL00140" HPOS="994" VPOS="669" WIDTH="443" HEIGHT="22">
							<String ID="P4_ST00904" HPOS="994" VPOS="670" WIDTH="181" HEIGHT="21" CONTENT="Well-Ventilated" WC="1.00" CC="807120040005000" STYLEREFS="TXT_2"/>
							<SP ID="P4_SP00767" HPOS="1175" VPOS="691" WIDTH="17"/>
							<String ID="P4_ST00905" HPOS="1192" VPOS="672" WIDTH="117" HEIGHT="19" CONTENT="Bedrooms." WC="0.99" CC="700530272" STYLEREFS="TXT_2"/>
							<SP ID="P4_SP00768" HPOS="1309" VPOS="691" WIDTH="28"/>
							<String ID="P4_ST00906" HPOS="1337" VPOS="669" WIDTH="100" HEIGHT="20" CONTENT='"Billiard' WC="0.99" CC="468005060" STYLEREFS="TXT_2"/>
						</TextLine>
						<TextLine ID="P4_TL00141" HPOS="991" VPOS="703" WIDTH="446" HEIGHT="22">
							<String ID="P4_ST00907" HPOS="991" VPOS="704" WIDTH="64" HEIGHT="19" CONTENT="Room" WC="0.98" CC="8000" STYLEREFS="TXT_2"/>
							<SP ID="P4_SP00769" HPOS="1055" VPOS="723" WIDTH="10"/>
							<String ID="P4_ST00908" HPOS="1065" VPOS="706" WIDTH="50" HEIGHT="19" CONTENT="with" WC="0.94" CC="7197" STYLEREFS="TXT_2"/>
							<SP ID="P4_SP00770" HPOS="1115" VPOS="725" WIDTH="9"/>
							<String ID="P4_ST00909" HPOS="1124" VPOS="709" WIDTH="40" HEIGHT="16" CONTENT="two" WC="0.95" CC="092" STYLEREFS="TXT_2"/>
							<SP ID="P4_SP00771" HPOS="1164" VPOS="725" WIDTH="10"/>
							<String ID="P4_ST00910" HPOS="1174" VPOS="706" WIDTH="105" HEIGHT="19" CONTENT="first-class" WC="0.99" CC="06540300704" STYLEREFS="TXT_2"/>
							<SP ID="P4_SP00772" HPOS="1279" VPOS="725" WIDTH="14"/>
							<String ID="P4_ST00911" HPOS="1293" VPOS="704" WIDTH="72" HEIGHT="20" CONTENT="tables." WC="0.99" CC="0080051" STYLEREFS="TXT_2"/>
							<SP ID="P4_SP00773" HPOS="1365" VPOS="725" WIDTH="28"/>
							<String ID="P4_ST00912" HPOS="1393" VPOS="703" WIDTH="44" HEIGHT="19" CONTENT="Hot" WC="0.97" CC="700" STYLEREFS="TXT_2"/>
						</TextLine>
						<TextLine ID="P4_TL00142" HPOS="991" VPOS="803" WIDTH="371" HEIGHT="26">
							<String ID="P4_ST00913" HPOS="991" VPOS="804" WIDTH="16" HEIGHT="17" CONTENT="&amp;" WC="1.00" CC="0" STYLEREFS="TXT_2"/>
							<SP ID="P4_SP00774" HPOS="1007" VPOS="821" WIDTH="10"/>
							<String ID="P4_ST00914" HPOS="1017" VPOS="803" WIDTH="51" HEIGHT="19" CONTENT="Cold" WC="0.96" CC="8029" STYLEREFS="TXT_2"/>
							<SP ID="P4_SP00775" HPOS="1068" VPOS="822" WIDTH="14"/>
							<String ID="P4_ST00915" HPOS="1082" VPOS="803" WIDTH="81" HEIGHT="26" CONTENT="Plunge" WC="0.96" CC="767872" STYLEREFS="TXT_2"/>
							<SP ID="P4_SP00776" HPOS="1163" VPOS="829" WIDTH="10"/>
							<String ID="P4_ST00916" HPOS="1173" VPOS="805" WIDTH="15" HEIGHT="18" CONTENT="&amp;" WC="0.72" CC="2" STYLEREFS="TXT_2"/>
							<SP ID="P4_SP00777" HPOS="1188" VPOS="829" WIDTH="11"/>
							<String ID="P4_ST00917" HPOS="1199" VPOS="803" WIDTH="82" HEIGHT="19" CONTENT="Shower" WC="0.98" CC="650004" STYLEREFS="TXT_2"/>
							<SP ID="P4_SP00778" HPOS="1281" VPOS="829" WIDTH="10"/>
							<String ID="P4_ST00918" HPOS="1291" VPOS="803" WIDTH="71" HEIGHT="19" CONTENT="Baths." WC="0.98" CC="800702" STYLEREFS="TXT_2"/>
						</TextLine>
						<TextLine ID="P4_TL00143" HPOS="992" VPOS="829" WIDTH="498" HEIGHT="26">
							<String ID="P4_ST00919" HPOS="992" VPOS="829" WIDTH="76" HEIGHT="25" CONTENT="Wines," WC="0.98" CC="147064" STYLEREFS="TXT_2"/>
							<SP ID="P4_SP00779" HPOS="1068" VPOS="854" WIDTH="30"/>
							<String ID="P4_ST00920" HPOS="1098" VPOS="829" WIDTH="72" HEIGHT="26" CONTENT="Spirits" WC="0.98" CC="3902505" STYLEREFS="TXT_2"/>
							<SP ID="P4_SP00780" HPOS="1170" VPOS="855" WIDTH="17"/>
							<String ID="P4_ST00921" HPOS="1187" VPOS="829" WIDTH="40" HEIGHT="20" CONTENT="and" WC="0.91" CC="769" STYLEREFS="TXT_2"/>
							<SP ID="P4_SP00781" HPOS="1227" VPOS="855" WIDTH="15"/>
							<String ID="P4_ST00922" HPOS="1242" VPOS="829" WIDTH="48" HEIGHT="20" CONTENT="Ales" WC="0.98" CC="0008" STYLEREFS="TXT_2"/>
							<SP ID="P4_SP00782" HPOS="1290" VPOS="855" WIDTH="18"/>
							<String ID="P4_ST00923" HPOS="1308" VPOS="829" WIDTH="22" HEIGHT="19" CONTENT="of" WC="1.00" CC="00" STYLEREFS="TXT_2"/>
							<SP ID="P4_SP00783" HPOS="1330" VPOS="855" WIDTH="17"/>
							<String ID="P4_ST00924" HPOS="1347" VPOS="829" WIDTH="35" HEIGHT="19" CONTENT="the" WC="0.94" CC="860" STYLEREFS="TXT_2"/>
							<SP ID="P4_SP00784" HPOS="1382" VPOS="855" WIDTH="10"/>
							<String ID="P4_ST00925" HPOS="1392" VPOS="829" WIDTH="45" HEIGHT="19" CONTENT="best" WC="0.95" CC="7077" STYLEREFS="TXT_2"/>
							<SP ID="P4_SP00785" HPOS="1437" VPOS="855" WIDTH="46"/>
							<String ID="P4_ST00926" HPOS="1483" VPOS="843" WIDTH="7" HEIGHT="4" CONTENT=".." WC="0.54" CC="17" STYLEREFS="TXT_2"/>
						</TextLine>
						<TextLine ID="P4_TL00144" HPOS="1143" VPOS="856" WIDTH="140" HEIGHT="20">
							<String ID="P4_ST00927" HPOS="1143" VPOS="856" WIDTH="80" HEIGHT="19" CONTENT="Brands" WC="0.98" CC="700603" STYLEREFS="TXT_2"/>
							<SP ID="P4_SP00786" HPOS="1223" VPOS="875" WIDTH="7"/>
							<String ID="P4_ST00928" HPOS="1230" VPOS="856" WIDTH="53" HEIGHT="20" CONTENT="only." WC="0.97" CC="46642" STYLEREFS="TXT_2"/>
						</TextLine>
						<TextLine ID="P4_TL00145" HPOS="1641" VPOS="299" WIDTH="79" HEIGHT="29">
							<String ID="P4_ST00929" HPOS="1641" VPOS="299" WIDTH="79" HEIGHT="29" CONTENT="wm&gt;" WC="0.13" CC="798" STYLEREFS="TXT_31"/>
						</TextLine>
						<TextLine ID="P4_TL00146" HPOS="1555" VPOS="330" WIDTH="76" HEIGHT="27">
							<String ID="P4_ST00930" HPOS="1555" VPOS="330" WIDTH="76" HEIGHT="27" CONTENT="'{sa^3." WC="0.27" CC="3789893" STYLEREFS="TXT_32"/>
						</TextLine>
						<TextLine ID="P4_TL00147" HPOS="1918" VPOS="395" WIDTH="120" HEIGHT="22">
							<String ID="P4_ST00931" HPOS="1918" VPOS="395" WIDTH="120" HEIGHT="22" CONTENT="m-M^~*" WC="0.20" CC="839879" STYLEREFS="TXT_33"/>
						</TextLine>
						<TextLine ID="P4_TL00148" HPOS="1971" VPOS="612" WIDTH="175" HEIGHT="22">
							<String ID="P4_ST00932" HPOS="1971" VPOS="612" WIDTH="175" HEIGHT="22" CONTENT="•J^**^.-.;" WC="0.31" CC="8784787439" STYLEREFS="TXT_34"/>
						</TextLine>
						<TextLine ID="P4_TL00149" HPOS="2349" VPOS="416" WIDTH="419" HEIGHT="29">
							<String ID="P4_ST00933" HPOS="2349" VPOS="418" WIDTH="82" HEIGHT="27" CONTENT="Sample" WC="0.96" CC="765918" STYLEREFS="TXT_2"/>
							<SP ID="P4_SP00787" HPOS="2431" VPOS="445" WIDTH="19"/>
							<String ID="P4_ST00934" HPOS="2450" VPOS="421" WIDTH="66" HEIGHT="19" CONTENT="Room" WC="0.95" CC="7069" STYLEREFS="TXT_2"/>
							<SP ID="P4_SP00788" HPOS="2516" VPOS="445" WIDTH="20"/>
							<String ID="P4_ST00935" HPOS="2536" VPOS="421" WIDTH="32" HEIGHT="17" CONTENT="for" WC="0.96" CC="351" STYLEREFS="TXT_2"/>
							<SP ID="P4_SP00789" HPOS="2568" VPOS="445" WIDTH="10"/>
							<String ID="P4_ST00936" HPOS="2578" VPOS="416" WIDTH="190" HEIGHT="22" CONTENT="COMMERCIAL" WC="0.99" CC="2777196000" STYLEREFS="TXT_2"/>
						</TextLine>
						<TextLine ID="P4_TL00150" HPOS="2324" VPOS="455" WIDTH="451" HEIGHT="23">
							<String ID="P4_ST00937" HPOS="2324" VPOS="455" WIDTH="181" HEIGHT="23" CONTENT="TRAVELLERS" WC="0.99" CC="0770601001" STYLEREFS="TXT_2"/>
							<SP ID="P4_SP00790" HPOS="2505" VPOS="478" WIDTH="24"/>
							<String ID="P4_ST00938" HPOS="2529" VPOS="457" WIDTH="100" HEIGHT="20" CONTENT="availablo" WC="0.39" CC="397309766" STYLEREFS="TXT_2"/>
							<SP ID="P4_SP00791" HPOS="2629" VPOS="478" WIDTH="18"/>
							<String ID="P4_ST00939" HPOS="2647" VPOS="458" WIDTH="22" HEIGHT="17" CONTENT="at" WC="0.82" CC="30" STYLEREFS="TXT_2"/>
							<SP ID="P4_SP00792" HPOS="2669" VPOS="478" WIDTH="9"/>
							<String ID="P4_ST00940" HPOS="2678" VPOS="455" WIDTH="29" HEIGHT="20" CONTENT="aU" WC="0.14" CC="97" STYLEREFS="TXT_2"/>
							<SP ID="P4_SP00793" HPOS="2707" VPOS="478" WIDTH="9"/>
							<String ID="P4_ST00941" HPOS="2716" VPOS="455" WIDTH="59" HEIGHT="19" CONTENT="times" WC="0.97" CC="60683" STYLEREFS="TXT_2"/>
						</TextLine>
						<TextLine ID="P4_TL00151" HPOS="2194" VPOS="556" WIDTH="584" HEIGHT="28">
							<String ID="P4_ST00942" HPOS="2194" VPOS="558" WIDTH="38" HEIGHT="26" CONTENT=".^,'" WC="0.55" CC="3805" STYLEREFS="TXT_2"/>
							<String ID="P4_ST00943" HPOS="2236" VPOS="556" WIDTH="2" HEIGHT="28" CONTENT=";" STYLE="subscript" WC="0.45" CC="5" STYLEREFS="TXT_2"/>
							<SP ID="P4_SP00794" HPOS="2238" VPOS="584" WIDTH="113"/>
							<String ID="P4_ST00944" HPOS="2351" VPOS="556" WIDTH="90" HEIGHT="27" CONTENT="Charges" WC="0.96" CC="4798888" STYLEREFS="TXT_2"/>
							<SP ID="P4_SP00795" HPOS="2441" VPOS="584" WIDTH="49"/>
							<String ID="P4_ST00945" HPOS="2490" VPOS="559" WIDTH="111" HEIGHT="22" CONTENT="Moderate." WC="0.98" CC="917049044" STYLEREFS="TXT_2"/>
							<SP ID="P4_SP00796" HPOS="2601" VPOS="584" WIDTH="60"/>
							<String ID="P4_ST00946" HPOS="2661" VPOS="558" WIDTH="117" HEIGHT="21" CONTENT="SPECIAL" WC="0.98" CC="4715004" STYLEREFS="TXT_2"/>
						</TextLine>
						<TextLine ID="P4_TL00152" HPOS="2226" VPOS="584" WIDTH="551" HEIGHT="38">
							<String ID="P4_ST00947" HPOS="2226" VPOS="584" WIDTH="47" HEIGHT="38" CONTENT="'jjjfv" WC="0.19" CC="688887" STYLEREFS="TXT_2"/>
							<SP ID="P4_SP00797" HPOS="2273" VPOS="622" WIDTH="52"/>
							<String ID="P4_ST00948" HPOS="2325" VPOS="595" WIDTH="89" HEIGHT="20" CONTENT="RATES" WC="0.98" CC="09030" STYLEREFS="TXT_2"/>
							<SP ID="P4_SP00798" HPOS="2414" VPOS="622" WIDTH="16"/>
							<String ID="P4_ST00949" HPOS="2430" VPOS="597" WIDTH="33" HEIGHT="19" CONTENT="TO" WC="0.68" CC="06" STYLEREFS="TXT_2"/>
							<SP ID="P4_SP00799" HPOS="2463" VPOS="622" WIDTH="24"/>
							<String ID="P4_ST00950" HPOS="2487" VPOS="598" WIDTH="181" HEIGHT="20" CONTENT="PERMANENT" WC="0.99" CC="790000080" STYLEREFS="TXT_2"/>
							<SP ID="P4_SP00800" HPOS="2668" VPOS="622" WIDTH="24"/>
							<String ID="P4_ST00951" HPOS="2692" VPOS="596" WIDTH="68" HEIGHT="21" CONTENT="BOAR" SUBS_TYPE="HypPart1" SUBS_CONTENT="BOARDERS." WC="0.98" CC="4109" STYLEREFS="TXT_2"/>
							<HYP HPOS="2760" VPOS="596" WIDTH="17" CONTENT="-"/>
						</TextLine>
						<TextLine ID="P4_TL00153" HPOS="2330" VPOS="632" WIDTH="80" HEIGHT="20">
							<String ID="P4_ST00952" HPOS="2330" VPOS="632" WIDTH="80" HEIGHT="20" CONTENT="DERS." SUBS_TYPE="HypPart2" SUBS_CONTENT="BOARDERS." WC="0.97" CC="75070" STYLEREFS="TXT_2"/>
						</TextLine>
						<TextLine ID="P4_TL00154" HPOS="1641" VPOS="757" WIDTH="194" HEIGHT="25">
							<String ID="P4_ST00953" HPOS="1641" VPOS="757" WIDTH="14" HEIGHT="20" CONTENT="4," WC="0.22" CC="95" STYLEREFS="TXT_21"/>
							<String ID="P4_ST00954" HPOS="1660" VPOS="760" WIDTH="24" HEIGHT="14" CONTENT="■i&gt;" WC="0.24" CC="886" STYLEREFS="TXT_35"/>
							<String ID="P4_ST00955" HPOS="1689" VPOS="766" WIDTH="27" HEIGHT="16" CONTENT="ifj" WC="0.17" CC="888" STYLEREFS="TXT_35"/>
							<SP ID="P4_SP00801" HPOS="1716" VPOS="782" WIDTH="19"/>
							<String ID="P4_ST00956" HPOS="1735" VPOS="763" WIDTH="9" HEIGHT="14" CONTENT="j" WC="0.20" CC="8" STYLEREFS="TXT_35"/>
							<SP ID="P4_SP00802" HPOS="1744" VPOS="782" WIDTH="14"/>
							<String ID="P4_ST00957" HPOS="1758" VPOS="760" WIDTH="73" HEIGHT="21" CONTENT="w.j.,~f" WC="0.38" CC="9162849" STYLEREFS="TXT_21"/>
							<String ID="P4_ST00958" HPOS="1831" VPOS="757" WIDTH="4" HEIGHT="25" CONTENT="i" STYLE="superscript" WC="0.40" CC="5" STYLEREFS="TXT_21"/>
						</TextLine>
						<TextLine ID="P4_TL00155" HPOS="2447" VPOS="734" WIDTH="205" HEIGHT="46">
							<String ID="P4_ST00959" HPOS="2447" VPOS="734" WIDTH="36" HEIGHT="37" CONTENT="J." WC="0.42" CC="74" STYLEREFS="TXT_9"/>
							<SP ID="P4_SP00803" HPOS="2483" VPOS="771" WIDTH="35"/>
							<String ID="P4_ST00960" HPOS="2518" VPOS="734" WIDTH="134" HEIGHT="46" CONTENT="BUCK," WC="0.99" CC="64000" STYLEREFS="TXT_9"/>
						</TextLine>
						<TextLine ID="P4_TL00156" HPOS="2457" VPOS="854" WIDTH="207" HEIGHT="47">
							<String ID="P4_ST00961" HPOS="2457" VPOS="854" WIDTH="207" HEIGHT="47" CONTENT="Proprietor." WC="0.99" CC="20004551255" STYLEREFS="TXT_9"/>
						</TextLine>
						<TextLine ID="P4_TL00157" HPOS="1125" VPOS="948" WIDTH="1522" HEIGHT="83">
							<String ID="P4_ST00962" HPOS="1125" VPOS="948" WIDTH="638" HEIGHT="59" CONTENT="WAIWERA" WC="0.68" CC="0480035" STYLEREFS="TXT_36"/>
							<SP ID="P4_SP00804" HPOS="1763" VPOS="1007" WIDTH="109"/>
							<String ID="P4_ST00963" HPOS="1872" VPOS="948" WIDTH="775" HEIGHT="83" CONTENT="SANATORIUM," WC="0.99" CC="35590051103" STYLEREFS="TXT_36"/>
						</TextLine>
						<TextLine ID="P4_TL00158" HPOS="1835" VPOS="1014" WIDTH="122" HEIGHT="34">
							<String ID="P4_ST00964" HPOS="1835" VPOS="1014" WIDTH="122" HEIGHT="34" CONTENT="AND" WC="0.91" CC="977" STYLEREFS="TXT_14"/>
						</TextLine>
						<TextLine ID="P4_TL00159" HPOS="1470" VPOS="1058" WIDTH="909" HEIGHT="85">
							<String ID="P4_ST00965" HPOS="1470" VPOS="1059" WIDTH="168" HEIGHT="75" CONTENT="HOT" WC="1.00" CC="000" STYLEREFS="TXT_37"/>
							<SP ID="P4_SP00805" HPOS="1638" VPOS="1134" WIDTH="31"/>
							<String ID="P4_ST00966" HPOS="1669" VPOS="1058" WIDTH="351" HEIGHT="78" CONTENT="SPRINGS" WC="0.99" CC="6010056" STYLEREFS="TXT_37"/>
							<SP ID="P4_SP00806" HPOS="2020" VPOS="1136" WIDTH="80"/>
							<String ID="P4_ST00967" HPOS="2100" VPOS="1064" WIDTH="279" HEIGHT="79" CONTENT="HOTEL" WC="1.00" CC="20000" STYLEREFS="TXT_37"/>
						</TextLine>
						<TextLine ID="P4_TL00160" HPOS="992" VPOS="1160" WIDTH="1792" HEIGHT="41">
							<String ID="P4_ST00968" HPOS="992" VPOS="1162" WIDTH="85" HEIGHT="33" CONTENT="Only" WC="0.95" CC="5556" STYLEREFS="TXT_38"/>
							<SP ID="P4_SP00807" HPOS="1077" VPOS="1195" WIDTH="32"/>
							<String ID="P4_ST00969" HPOS="1109" VPOS="1163" WIDTH="44" HEIGHT="27" CONTENT="30" WC="0.50" CC="63" STYLEREFS="TXT_38"/>
							<SP ID="P4_SP00808" HPOS="1153" VPOS="1195" WIDTH="30"/>
							<String ID="P4_ST00970" HPOS="1183" VPOS="1163" WIDTH="99" HEIGHT="27" CONTENT="miles" WC="0.97" CC="72406" STYLEREFS="TXT_38"/>
							<SP ID="P4_SP00809" HPOS="1282" VPOS="1195" WIDTH="33"/>
							<String ID="P4_ST00971" HPOS="1315" VPOS="1162" WIDTH="112" HEIGHT="28" CONTENT="North" WC="0.96" CC="90577" STYLEREFS="TXT_38"/>
							<SP ID="P4_SP00810" HPOS="1427" VPOS="1195" WIDTH="32"/>
							<String ID="P4_ST00972" HPOS="1459" VPOS="1162" WIDTH="37" HEIGHT="27" CONTENT="of" WC="0.58" CC="08" STYLEREFS="TXT_38"/>
							<SP ID="P4_SP00811" HPOS="1496" VPOS="1195" WIDTH="25"/>
							<String ID="P4_ST00973" HPOS="1521" VPOS="1160" WIDTH="193" HEIGHT="32" CONTENT="Auckland," WC="0.99" CC="970360601" STYLEREFS="TXT_38"/>
							<SP ID="P4_SP00812" HPOS="1714" VPOS="1195" WIDTH="31"/>
							<String ID="P4_ST00974" HPOS="1745" VPOS="1161" WIDTH="88" HEIGHT="27" CONTENT="with" WC="0.95" CC="6097" STYLEREFS="TXT_38"/>
							<SP ID="P4_SP00813" HPOS="1833" VPOS="1195" WIDTH="27"/>
							<String ID="P4_ST00975" HPOS="1860" VPOS="1161" WIDTH="96" HEIGHT="33" CONTENT="daily" WC="0.98" CC="60024" STYLEREFS="TXT_38"/>
							<SP ID="P4_SP00814" HPOS="1956" VPOS="1195" WIDTH="31"/>
							<String ID="P4_ST00976" HPOS="1987" VPOS="1166" WIDTH="295" HEIGHT="29" CONTENT="communication" WC="0.99" CC="0000986003050" STYLEREFS="TXT_38"/>
							<SP ID="P4_SP00815" HPOS="2282" VPOS="1195" WIDTH="30"/>
							<String ID="P4_ST00977" HPOS="2312" VPOS="1171" WIDTH="86" HEIGHT="27" CONTENT="with" WC="0.96" CC="9009" STYLEREFS="TXT_38"/>
							<SP ID="P4_SP00816" HPOS="2398" VPOS="1198" WIDTH="29"/>
							<String ID="P4_ST00978" HPOS="2427" VPOS="1172" WIDTH="112" HEIGHT="28" CONTENT="Coach" WC="0.98" CC="50057" STYLEREFS="TXT_38"/>
							<SP ID="P4_SP00817" HPOS="2539" VPOS="1200" WIDTH="31"/>
							<String ID="P4_ST00979" HPOS="2570" VPOS="1181" WIDTH="38" HEIGHT="20" CONTENT="or" WC="0.57" CC="08" STYLEREFS="TXT_38"/>
							<SP ID="P4_SP00818" HPOS="2608" VPOS="1201" WIDTH="26"/>
							<String ID="P4_ST00980" HPOS="2634" VPOS="1174" WIDTH="150" HEIGHT="27" CONTENT="steamer" WC="0.98" CC="0008877" STYLEREFS="TXT_38"/>
						</TextLine>
						<TextLine ID="P4_TL00161" HPOS="1321" VPOS="1202" WIDTH="1148" HEIGHT="33">
							<String ID="P4_ST00981" HPOS="1321" VPOS="1204" WIDTH="54" HEIGHT="20" CONTENT="See" WC="0.98" CC="121"/>
							<SP ID="P4_SP00819" HPOS="1375" VPOS="1224" WIDTH="14"/>
							<String ID="P4_ST00982" HPOS="1389" VPOS="1203" WIDTH="167" HEIGHT="21" CONTENT="advertised" WC="0.99" CC="8063880000"/>
							<SP ID="P4_SP00820" HPOS="1556" VPOS="1224" WIDTH="12"/>
							<String ID="P4_ST00983" HPOS="1568" VPOS="1203" WIDTH="82" HEIGHT="20" CONTENT="Time" WC="0.97" CC="4053"/>
							<SP ID="P4_SP00821" HPOS="1650" VPOS="1224" WIDTH="17"/>
							<String ID="P4_ST00984" HPOS="1667" VPOS="1202" WIDTH="77" HEIGHT="21" CONTENT="table" WC="0.97" CC="41770"/>
							<SP ID="P4_SP00822" HPOS="1744" VPOS="1224" WIDTH="12"/>
							<String ID="P4_ST00985" HPOS="1756" VPOS="1202" WIDTH="31" HEIGHT="21" CONTENT="of" WC="0.69" CC="06"/>
							<SP ID="P4_SP00823" HPOS="1787" VPOS="1224" WIDTH="9"/>
							<String ID="P4_ST00986" HPOS="1796" VPOS="1209" WIDTH="43" HEIGHT="14" CONTENT="s.s." WC="0.64" CC="0157"/>
							<SP ID="P4_SP00824" HPOS="1839" VPOS="1224" WIDTH="17"/>
							<String ID="P4_ST00987" HPOS="1856" VPOS="1203" WIDTH="78" HEIGHT="20" CONTENT="Rose" WC="0.99" CC="3000"/>
							<SP ID="P4_SP00825" HPOS="1934" VPOS="1224" WIDTH="11"/>
							<String ID="P4_ST00988" HPOS="1945" VPOS="1203" WIDTH="97" HEIGHT="28" CONTENT="Casey" WC="0.98" CC="04703"/>
							<SP ID="P4_SP00826" HPOS="2042" VPOS="1231" WIDTH="11"/>
							<String ID="P4_ST00989" HPOS="2053" VPOS="1207" WIDTH="59" HEIGHT="19" CONTENT="and" WC="0.94" CC="755"/>
							<SP ID="P4_SP00827" HPOS="2112" VPOS="1231" WIDTH="18"/>
							<String ID="P4_ST00990" HPOS="2130" VPOS="1207" WIDTH="127" HEIGHT="24" CONTENT="Butler's" WC="0.99" CC="40050754"/>
							<SP ID="P4_SP00828" HPOS="2257" VPOS="1231" WIDTH="12"/>
							<String ID="P4_ST00991" HPOS="2269" VPOS="1210" WIDTH="24" HEIGHT="22" CONTENT="R" WC="0.35" CC="6"/>
							<SP ID="P4_SP00829" HPOS="2293" VPOS="1232" WIDTH="21"/>
							<String ID="P4_ST00992" HPOS="2314" VPOS="1212" WIDTH="29" HEIGHT="21" CONTENT="M" WC="1.00" CC="0"/>
							<SP ID="P4_SP00830" HPOS="2343" VPOS="1233" WIDTH="27"/>
							<String ID="P4_ST00993" HPOS="2370" VPOS="1214" WIDTH="99" HEIGHT="21" CONTENT="Coaeh" WC="0.61" CC="50652"/>
						</TextLine>
						<TextLine ID="P4_TL00162" HPOS="993" VPOS="1238" WIDTH="1793" HEIGHT="44">
							<String ID="P4_ST00994" HPOS="993" VPOS="1240" WIDTH="100" HEIGHT="24" CONTENT="TOHE" WC="0.77" CC="4400"/>
							<SP ID="P4_SP00831" HPOS="1093" VPOS="1264" WIDTH="25"/>
							<String ID="P4_ST00995" HPOS="1118" VPOS="1240" WIDTH="119" HEIGHT="24" CONTENT="ABOVE" WC="0.99" CC="30007"/>
							<SP ID="P4_SP00832" HPOS="1237" VPOS="1264" WIDTH="15"/>
							<String ID="P4_ST00996" HPOS="1252" VPOS="1239" WIDTH="299" HEIGHT="24" CONTENT="ESTABLISHMENT" WC="0.99" CC="8152966040000"/>
							<SP ID="P4_SP00833" HPOS="1551" VPOS="1264" WIDTH="10"/>
							<String ID="P4_ST00997" HPOS="1561" VPOS="1238" WIDTH="139" HEIGHT="24" CONTENT="STANDS" WC="0.99" CC="000740"/>
							<SP ID="P4_SP00834" HPOS="1700" VPOS="1264" WIDTH="14"/>
							<String ID="P4_ST00998" HPOS="1714" VPOS="1238" WIDTH="234" HEIGHT="25" CONTENT="UNRIVALLED" WC="0.99" CC="1003004473"/>
							<SP ID="P4_SP00835" HPOS="1948" VPOS="1264" WIDTH="12"/>
							<String ID="P4_ST00999" HPOS="1960" VPOS="1247" WIDTH="27" HEIGHT="16" CONTENT="as" WC="0.72" CC="50"/>
							<SP ID="P4_SP00836" HPOS="1987" VPOS="1264" WIDTH="18"/>
							<String ID="P4_ST01000" HPOS="2005" VPOS="1249" WIDTH="15" HEIGHT="14" CONTENT="a" WC="1.00" CC="0"/>
							<SP ID="P4_SP00837" HPOS="2020" VPOS="1264" WIDTH="10"/>
							<String ID="P4_ST01001" HPOS="2030" VPOS="1240" WIDTH="91" HEIGHT="26" CONTENT="Health" WC="0.98" CC="054635"/>
							<SP ID="P4_SP00838" HPOS="2121" VPOS="1266" WIDTH="12"/>
							<String ID="P4_ST01002" HPOS="2133" VPOS="1252" WIDTH="26" HEIGHT="14" CONTENT="or" WC="0.67" CC="60"/>
							<SP ID="P4_SP00839" HPOS="2159" VPOS="1266" WIDTH="12"/>
							<String ID="P4_ST01003" HPOS="2171" VPOS="1244" WIDTH="111" HEIGHT="31" CONTENT="pleasure" WC="0.98" CC="54047362"/>
							<SP ID="P4_SP00840" HPOS="2282" VPOS="1275" WIDTH="14"/>
							<String ID="P4_ST01004" HPOS="2296" VPOS="1248" WIDTH="97" HEIGHT="29" CONTENT="Resort," WC="0.99" CC="0442041"/>
							<SP ID="P4_SP00841" HPOS="2393" VPOS="1277" WIDTH="13"/>
							<String ID="P4_ST01005" HPOS="2406" VPOS="1250" WIDTH="48" HEIGHT="23" CONTENT="and" WC="0.97" CC="440"/>
							<SP ID="P4_SP00842" HPOS="2454" VPOS="1277" WIDTH="13"/>
							<String ID="P4_ST01006" HPOS="2467" VPOS="1250" WIDTH="42" HEIGHT="23" CONTENT="has" WC="0.94" CC="644"/>
							<SP ID="P4_SP00843" HPOS="2509" VPOS="1277" WIDTH="14"/>
							<String ID="P4_ST01007" HPOS="2523" VPOS="1250" WIDTH="87" HEIGHT="30" CONTENT="special" WC="0.98" CC="4616543"/>
							<SP ID="P4_SP00844" HPOS="2610" VPOS="1280" WIDTH="23"/>
							<String ID="P4_ST01008" HPOS="2633" VPOS="1251" WIDTH="153" HEIGHT="31" CONTENT="advantages" WC="1.00" CC="4000000920"/>
						</TextLine>
						<TextLine ID="P4_TL00163" HPOS="1004" VPOS="1270" WIDTH="508" HEIGHT="34">
							<String ID="P4_ST01009" HPOS="1004" VPOS="1270" WIDTH="22" HEIGHT="34" CONTENT="J[" WC="0.14" CC="88"/>
							<SP ID="P4_SP00845" HPOS="1026" VPOS="1304" WIDTH="50"/>
							<String ID="P4_ST01010" HPOS="1076" VPOS="1273" WIDTH="38" HEIGHT="24" CONTENT="for" WC="0.96" CC="225"/>
							<SP ID="P4_SP00846" HPOS="1114" VPOS="1304" WIDTH="12"/>
							<String ID="P4_ST01011" HPOS="1126" VPOS="1273" WIDTH="78" HEIGHT="24" CONTENT="either" WC="0.98" CC="120704"/>
							<SP ID="P4_SP00847" HPOS="1204" VPOS="1304" WIDTH="23"/>
							<String ID="P4_ST01012" HPOS="1227" VPOS="1273" WIDTH="112" HEIGHT="24" CONTENT="Tourists" WC="0.99" CC="00600900"/>
							<SP ID="P4_SP00848" HPOS="1339" VPOS="1304" WIDTH="15"/>
							<String ID="P4_ST01013" HPOS="1354" VPOS="1282" WIDTH="27" HEIGHT="14" CONTENT="or" WC="0.38" CC="65"/>
							<SP ID="P4_SP00849" HPOS="1381" VPOS="1304" WIDTH="15"/>
							<String ID="P4_ST01014" HPOS="1396" VPOS="1273" WIDTH="116" HEIGHT="23" CONTENT="Invalids." WC="0.99" CC="300053007"/>
						</TextLine>
						<TextLine ID="P4_TL00164" HPOS="1354" VPOS="1369" WIDTH="1025" HEIGHT="41">
							<String ID="P4_ST01015" HPOS="1354" VPOS="1369" WIDTH="148" HEIGHT="29" CONTENT="Beutifu'" WC="0.67" CC="00700557" STYLEREFS="TXT_38"/>
							<SP ID="P4_SP00850" HPOS="1502" VPOS="1398" WIDTH="23"/>
							<String ID="P4_ST01016" HPOS="1525" VPOS="1370" WIDTH="156" HEIGHT="32" CONTENT="Scenery," WC="0.98" CC="75050704" STYLEREFS="TXT_38"/>
							<SP ID="P4_SP00851" HPOS="1681" VPOS="1402" WIDTH="29"/>
							<String ID="P4_ST01017" HPOS="1710" VPOS="1370" WIDTH="246" HEIGHT="34" CONTENT="Sea-Bathing," WC="0.99" CC="520418806692" STYLEREFS="TXT_38"/>
							<SP ID="P4_SP00852" HPOS="1956" VPOS="1404" WIDTH="31"/>
							<String ID="P4_ST01018" HPOS="1987" VPOS="1371" WIDTH="159" HEIGHT="37" CONTENT="Boating," WC="0.99" CC="70000790" STYLEREFS="TXT_38"/>
							<SP ID="P4_SP00853" HPOS="2146" VPOS="1408" WIDTH="20"/>
							<String ID="P4_ST01019" HPOS="2166" VPOS="1376" WIDTH="143" HEIGHT="34" CONTENT="Fishing" WC="0.99" CC="6000039" STYLEREFS="TXT_38"/>
							<SP ID="P4_SP00854" HPOS="2309" VPOS="1410" WIDTH="23"/>
							<String ID="P4_ST01020" HPOS="2332" VPOS="1379" WIDTH="47" HEIGHT="28" CONTENT="&amp;c" WC="0.86" CC="20" STYLEREFS="TXT_38"/>
						</TextLine>
						<TextLine ID="P4_TL00165" HPOS="1542" VPOS="1402" WIDTH="774" HEIGHT="38">
							<String ID="P4_ST01021" HPOS="1542" VPOS="1402" WIDTH="125" HEIGHT="29" CONTENT="Cusine" WC="0.49" CC="640099" STYLEREFS="TXT_38"/>
							<SP ID="P4_SP00855" HPOS="1667" VPOS="1431" WIDTH="14"/>
							<String ID="P4_ST01022" HPOS="1681" VPOS="1404" WIDTH="69" HEIGHT="26" CONTENT="and" WC="0.97" CC="070" STYLEREFS="TXT_38"/>
							<SP ID="P4_SP00856" HPOS="1750" VPOS="1431" WIDTH="14"/>
							<String ID="P4_ST01023" HPOS="1764" VPOS="1404" WIDTH="209" HEIGHT="28" CONTENT="attendance" WC="0.99" CC="0680000903" STYLEREFS="TXT_38"/>
							<SP ID="P4_SP00857" HPOS="1973" VPOS="1432" WIDTH="19"/>
							<String ID="P4_ST01024" HPOS="1992" VPOS="1405" WIDTH="37" HEIGHT="26" CONTENT="of" WC="0.21" CC="59" STYLEREFS="TXT_38"/>
							<SP ID="P4_SP00858" HPOS="2029" VPOS="1432" WIDTH="20"/>
							<String ID="P4_ST01025" HPOS="2049" VPOS="1407" WIDTH="59" HEIGHT="28" CONTENT="the" WC="1.00" CC="000" STYLEREFS="TXT_38"/>
							<SP ID="P4_SP00859" HPOS="2108" VPOS="1435" WIDTH="24"/>
							<String ID="P4_ST01026" HPOS="2132" VPOS="1410" WIDTH="85" HEIGHT="30" CONTENT="best." WC="0.98" CC="59003" STYLEREFS="TXT_38"/>
							<SP ID="P4_SP00860" HPOS="2217" VPOS="1440" WIDTH="96"/>
							<String ID="P4_ST01027" HPOS="2313" VPOS="1402" WIDTH="3" HEIGHT="38" CONTENT="'" WC="0.42" CC="5" STYLEREFS="TXT_38"/>
						</TextLine>
						<TextLine ID="P4_TL00166" HPOS="990" VPOS="1445" WIDTH="1796" HEIGHT="42">
							<String ID="P4_ST01028" HPOS="990" VPOS="1445" WIDTH="92" HEIGHT="24" CONTENT="Famed" WC="0.99" CC="00500"/>
							<SP ID="P4_SP00861" HPOS="1082" VPOS="1469" WIDTH="10"/>
							<String ID="P4_ST01029" HPOS="1092" VPOS="1445" WIDTH="37" HEIGHT="25" CONTENT="for" WC="0.99" CC="200"/>
							<SP ID="P4_SP00862" HPOS="1129" VPOS="1470" WIDTH="13"/>
							<String ID="P4_ST01030" HPOS="1142" VPOS="1445" WIDTH="31" HEIGHT="25" CONTENT="its" WC="0.96" CC="560"/>
							<SP ID="P4_SP00863" HPOS="1173" VPOS="1470" WIDTH="13"/>
							<String ID="P4_ST01031" HPOS="1186" VPOS="1446" WIDTH="109" HEIGHT="24" CONTENT="curative" WC="1.00" CC="00000320"/>
							<SP ID="P4_SP00864" HPOS="1295" VPOS="1470" WIDTH="14"/>
							<String ID="P4_ST01032" HPOS="1309" VPOS="1445" WIDTH="95" HEIGHT="25" CONTENT="natural" WC="0.99" CC="0600507"/>
							<SP ID="P4_SP00865" HPOS="1404" VPOS="1470" WIDTH="14"/>
							<String ID="P4_ST01033" HPOS="1418" VPOS="1445" WIDTH="105" HEIGHT="25" CONTENT="medical" WC="0.99" CC="4004007"/>
							<SP ID="P4_SP00866" HPOS="1523" VPOS="1470" WIDTH="15"/>
							<String ID="P4_ST01034" HPOS="1538" VPOS="1445" WIDTH="53" HEIGHT="24" CONTENT="Hot" WC="0.97" CC="080"/>
							<SP ID="P4_SP00867" HPOS="1591" VPOS="1470" WIDTH="12"/>
							<String ID="P4_ST01035" HPOS="1603" VPOS="1445" WIDTH="102" HEIGHT="32" CONTENT="Springs" WC="0.98" CC="0805690"/>
							<SP ID="P4_SP00868" HPOS="1705" VPOS="1477" WIDTH="12"/>
							<String ID="P4_ST01036" HPOS="1717" VPOS="1447" WIDTH="49" HEIGHT="23" CONTENT="and" WC="1.00" CC="000"/>
							<SP ID="P4_SP00869" HPOS="1766" VPOS="1477" WIDTH="15"/>
							<String ID="P4_ST01037" HPOS="1781" VPOS="1447" WIDTH="81" HEIGHT="24" CONTENT="Baths." WC="1.00" CC="200002"/>
							<SP ID="P4_SP00870" HPOS="1862" VPOS="1477" WIDTH="37"/>
							<String ID="P4_ST01038" HPOS="1899" VPOS="1446" WIDTH="36" HEIGHT="24" CONTENT="As" WC="1.00" CC="00"/>
							<SP ID="P4_SP00871" HPOS="1935" VPOS="1477" WIDTH="13"/>
							<String ID="P4_ST01039" HPOS="1948" VPOS="1446" WIDTH="41" HEIGHT="24" CONTENT="the" WC="1.00" CC="000"/>
							<SP ID="P4_SP00872" HPOS="1989" VPOS="1477" WIDTH="14"/>
							<String ID="P4_ST01040" HPOS="2003" VPOS="1447" WIDTH="102" HEIGHT="35" CONTENT="Springs" WC="0.99" CC="0800002"/>
							<SP ID="P4_SP00873" HPOS="2105" VPOS="1482" WIDTH="13"/>
							<String ID="P4_ST01041" HPOS="2118" VPOS="1451" WIDTH="47" HEIGHT="24" CONTENT="and" WC="1.00" CC="000"/>
							<SP ID="P4_SP00874" HPOS="2165" VPOS="1482" WIDTH="15"/>
							<String ID="P4_ST01042" HPOS="2180" VPOS="1452" WIDTH="74" HEIGHT="24" CONTENT="Baths" WC="0.99" CC="10300"/>
							<SP ID="P4_SP00875" HPOS="2254" VPOS="1482" WIDTH="13"/>
							<String ID="P4_ST01043" HPOS="2267" VPOS="1461" WIDTH="41" HEIGHT="16" CONTENT="are" WC="0.97" CC="051"/>
							<SP ID="P4_SP00876" HPOS="2308" VPOS="1482" WIDTH="10"/>
							<String ID="P4_ST01044" HPOS="2318" VPOS="1454" WIDTH="41" HEIGHT="24" CONTENT="the" WC="1.00" CC="000"/>
							<SP ID="P4_SP00877" HPOS="2359" VPOS="1482" WIDTH="13"/>
							<String ID="P4_ST01045" HPOS="2372" VPOS="1461" WIDTH="114" HEIGHT="26" CONTENT="property" WC="0.99" CC="02090008"/>
							<SP ID="P4_SP00878" HPOS="2486" VPOS="1487" WIDTH="13"/>
							<String ID="P4_ST01046" HPOS="2499" VPOS="1456" WIDTH="24" HEIGHT="23" CONTENT="of" WC="0.59" CC="16"/>
							<SP ID="P4_SP00879" HPOS="2523" VPOS="1487" WIDTH="14"/>
							<String ID="P4_ST01047" HPOS="2537" VPOS="1456" WIDTH="38" HEIGHT="24" CONTENT="the" WC="0.95" CC="605"/>
							<SP ID="P4_SP00880" HPOS="2575" VPOS="1487" WIDTH="16"/>
							<String ID="P4_ST01048" HPOS="2591" VPOS="1457" WIDTH="82" HEIGHT="28" CONTENT="Hotel," WC="1.00" CC="000300"/>
							<SP ID="P4_SP00881" HPOS="2673" VPOS="1487" WIDTH="15"/>
							<String ID="P4_ST01049" HPOS="2688" VPOS="1457" WIDTH="86" HEIGHT="24" CONTENT="visitor" WC="0.77" CC="0606001"/>
							<String ID="P4_ST01050" HPOS="2776" VPOS="1455" WIDTH="10" HEIGHT="15" CONTENT="s" STYLE="superscript" WC="0.39" CC="6"/>
						</TextLine>
						<TextLine ID="P4_TL00167" HPOS="1020" VPOS="1478" WIDTH="1726" HEIGHT="40">
							<String ID="P4_ST01051" HPOS="1020" VPOS="1487" WIDTH="42" HEIGHT="16" CONTENT="are" WC="0.97" CC="800"/>
							<SP ID="P4_SP00882" HPOS="1062" VPOS="1503" WIDTH="9"/>
							<String ID="P4_ST01052" HPOS="1071" VPOS="1479" WIDTH="112" HEIGHT="32" CONTENT="suDplied" WC="0.70" CC="10730217"/>
							<SP ID="P4_SP00883" HPOS="1183" VPOS="1511" WIDTH="10"/>
							<String ID="P4_ST01053" HPOS="1193" VPOS="1480" WIDTH="56" HEIGHT="24" CONTENT="with" WC="0.96" CC="9350"/>
							<SP ID="P4_SP00884" HPOS="1249" VPOS="1511" WIDTH="11"/>
							<String ID="P4_ST01054" HPOS="1260" VPOS="1478" WIDTH="106" HEIGHT="25" CONTENT="Towels," WC="0.98" CC="0660804"/>
							<SP ID="P4_SP00885" HPOS="1366" VPOS="1511" WIDTH="13"/>
							<String ID="P4_ST01055" HPOS="1379" VPOS="1479" WIDTH="48" HEIGHT="24" CONTENT="and" WC="1.00" CC="001"/>
							<SP ID="P4_SP00886" HPOS="1427" VPOS="1511" WIDTH="13"/>
							<String ID="P4_ST01056" HPOS="1440" VPOS="1487" WIDTH="44" HEIGHT="16" CONTENT="can" WC="1.00" CC="000"/>
							<SP ID="P4_SP00887" HPOS="1484" VPOS="1511" WIDTH="9"/>
							<String ID="P4_ST01057" HPOS="1493" VPOS="1479" WIDTH="58" HEIGHT="24" CONTENT="take" WC="1.00" CC="0000"/>
							<SP ID="P4_SP00888" HPOS="1551" VPOS="1511" WIDTH="10"/>
							<String ID="P4_ST01058" HPOS="1561" VPOS="1487" WIDTH="30" HEIGHT="15" CONTENT="an" WC="0.72" CC="50"/>
							<SP ID="P4_SP00889" HPOS="1591" VPOS="1511" WIDTH="13"/>
							<String ID="P4_ST01059" HPOS="1604" VPOS="1478" WIDTH="126" HEIGHT="25" CONTENT="unlimited" WC="0.98" CC="093695009"/>
							<SP ID="P4_SP00890" HPOS="1730" VPOS="1511" WIDTH="14"/>
							<String ID="P4_ST01060" HPOS="1744" VPOS="1480" WIDTH="103" HEIGHT="24" CONTENT="number" WC="0.99" CC="006003"/>
							<SP ID="P4_SP00891" HPOS="1847" VPOS="1511" WIDTH="12"/>
							<String ID="P4_ST01061" HPOS="1859" VPOS="1480" WIDTH="26" HEIGHT="24" CONTENT="of" WC="0.75" CC="04"/>
							<SP ID="P4_SP00892" HPOS="1885" VPOS="1511" WIDTH="12"/>
							<String ID="P4_ST01062" HPOS="1897" VPOS="1479" WIDTH="74" HEIGHT="24" CONTENT="Baths" WC="0.97" CC="49700"/>
							<SP ID="P4_SP00893" HPOS="1971" VPOS="1511" WIDTH="13"/>
							<String ID="P4_ST01063" HPOS="1984" VPOS="1485" WIDTH="24" HEIGHT="19" CONTENT="at" WC="1.00" CC="00"/>
							<SP ID="P4_SP00894" HPOS="2008" VPOS="1511" WIDTH="12"/>
							<String ID="P4_ST01064" HPOS="2020" VPOS="1490" WIDTH="46" HEIGHT="23" CONTENT="any" WC="0.97" CC="009"/>
							<SP ID="P4_SP00895" HPOS="2066" VPOS="1513" WIDTH="13"/>
							<String ID="P4_ST01065" HPOS="2079" VPOS="1483" WIDTH="59" HEIGHT="25" CONTENT="time" WC="1.00" CC="0010"/>
							<SP ID="P4_SP00896" HPOS="2138" VPOS="1513" WIDTH="14"/>
							<String ID="P4_ST01066" HPOS="2152" VPOS="1485" WIDTH="27" HEIGHT="23" CONTENT="of" WC="1.00" CC="00"/>
							<SP ID="P4_SP00897" HPOS="2179" VPOS="1513" WIDTH="10"/>
							<String ID="P4_ST01067" HPOS="2189" VPOS="1485" WIDTH="39" HEIGHT="24" CONTENT="the" WC="0.97" CC="600"/>
							<SP ID="P4_SP00898" HPOS="2228" VPOS="1513" WIDTH="13"/>
							<String ID="P4_ST01068" HPOS="2241" VPOS="1486" WIDTH="47" HEIGHT="31" CONTENT="day" WC="0.94" CC="880"/>
							<SP ID="P4_SP00899" HPOS="2288" VPOS="1517" WIDTH="15"/>
							<String ID="P4_ST01069" HPOS="2303" VPOS="1487" WIDTH="77" HEIGHT="28" CONTENT="FREE" WC="0.98" CC="3133" STYLEREFS="TXT_39"/>
							<SP ID="P4_SP00900" HPOS="2380" VPOS="1517" WIDTH="13"/>
							<String ID="P4_ST01070" HPOS="2393" VPOS="1489" WIDTH="62" HEIGHT="23" CONTENT="from" WC="0.97" CC="0570"/>
							<SP ID="P4_SP00901" HPOS="2455" VPOS="1517" WIDTH="14"/>
							<String ID="P4_ST01071" HPOS="2469" VPOS="1497" WIDTH="46" HEIGHT="21" CONTENT="any" WC="0.93" CC="844"/>
							<SP ID="P4_SP00902" HPOS="2515" VPOS="1518" WIDTH="8"/>
							<String ID="P4_ST01072" HPOS="2523" VPOS="1489" WIDTH="87" HEIGHT="29" CONTENT="charge" WC="0.98" CC="009540"/>
							<SP ID="P4_SP00903" HPOS="2610" VPOS="1518" WIDTH="12"/>
							<String ID="P4_ST01073" HPOS="2622" VPOS="1491" WIDTH="124" HEIGHT="24" CONTENT="whatever" WC="0.99" CC="50800000"/>
						</TextLine>
						<TextLine ID="P4_TL00168" HPOS="1175" VPOS="1519" WIDTH="1517" HEIGHT="55">
							<String ID="P4_ST01074" HPOS="1175" VPOS="1520" WIDTH="226" HEIGHT="41" CONTENT="TARIFF" WC="0.96" CC="997384" STYLEREFS="TXT_40"/>
							<SP ID="P4_SP00904" HPOS="1401" VPOS="1561" WIDTH="17"/>
							<String ID="P4_ST01075" HPOS="1418" VPOS="1519" WIDTH="124" HEIGHT="41" CONTENT="PER" WC="0.93" CC="747" STYLEREFS="TXT_40"/>
							<SP ID="P4_SP00905" HPOS="1542" VPOS="1561" WIDTH="12"/>
							<String ID="P4_ST01076" HPOS="1554" VPOS="1519" WIDTH="143" HEIGHT="47" CONTENT="DAY," WC="0.95" CC="7841" STYLEREFS="TXT_40"/>
							<SP ID="P4_SP00906" HPOS="1697" VPOS="1566" WIDTH="19"/>
							<String ID="P4_ST01077" HPOS="1716" VPOS="1519" WIDTH="54" HEIGHT="42" CONTENT="7s" WC="0.42" CC="83" STYLEREFS="TXT_40"/>
							<SP ID="P4_SP00907" HPOS="1770" VPOS="1566" WIDTH="18"/>
							<String ID="P4_ST01078" HPOS="1788" VPOS="1522" WIDTH="67" HEIGHT="45" CONTENT="8s;" WC="0.91" CC="020" STYLEREFS="TXT_40"/>
							<SP ID="P4_SP00908" HPOS="1855" VPOS="1567" WIDTH="49"/>
							<String ID="P4_ST01079" HPOS="1904" VPOS="1520" WIDTH="120" HEIGHT="41" CONTENT="PER" WC="0.95" CC="840" STYLEREFS="TXT_40"/>
							<SP ID="P4_SP00909" HPOS="2024" VPOS="1567" WIDTH="14"/>
							<String ID="P4_ST01080" HPOS="2038" VPOS="1523" WIDTH="193" HEIGHT="51" CONTENT="WEEK," WC="0.96" CC="85561" STYLEREFS="TXT_40"/>
							<SP ID="P4_SP00910" HPOS="2231" VPOS="1574" WIDTH="21"/>
							<String ID="P4_ST01081" HPOS="2252" VPOS="1527" WIDTH="64" HEIGHT="40" CONTENT=",£1" WC="0.51" CC="760" STYLEREFS="TXT_40"/>
							<SP ID="P4_SP00911" HPOS="2316" VPOS="1574" WIDTH="49"/>
							<String ID="P4_ST01082" HPOS="2365" VPOS="1529" WIDTH="80" HEIGHT="41" CONTENT="15s" WC="0.67" CC="072" STYLEREFS="TXT_40"/>
							<SP ID="P4_SP00912" HPOS="2445" VPOS="1574" WIDTH="16"/>
							<String ID="P4_ST01083" HPOS="2461" VPOS="1531" WIDTH="50" HEIGHT="38" CONTENT="to" WC="0.42" CC="55" STYLEREFS="TXT_40"/>
							<SP ID="P4_SP00913" HPOS="2511" VPOS="1574" WIDTH="25"/>
							<String ID="P4_ST01084" HPOS="2536" VPOS="1531" WIDTH="71" HEIGHT="40" CONTENT="£2" WC="0.19" CC="78" STYLEREFS="TXT_41"/>
							<SP ID="P4_SP00914" HPOS="2607" VPOS="1574" WIDTH="18"/>
							<String ID="P4_ST01085" HPOS="2625" VPOS="1532" WIDTH="67" HEIGHT="39" CONTENT="Ss." WC="0.45" CC="743" STYLEREFS="TXT_40"/>
						</TextLine>
						<TextLine ID="P4_TL00169" HPOS="1398" VPOS="1574" WIDTH="949" HEIGHT="37">
							<String ID="P4_ST01086" HPOS="1398" VPOS="1576" WIDTH="162" HEIGHT="33" CONTENT="Cottages" WC="0.97" CC="70897907" STYLEREFS="TXT_38"/>
							<SP ID="P4_SP00915" HPOS="1560" VPOS="1609" WIDTH="11"/>
							<String ID="P4_ST01087" HPOS="1571" VPOS="1576" WIDTH="36" HEIGHT="26" CONTENT="to" WC="0.12" CC="88" STYLEREFS="TXT_38"/>
							<SP ID="P4_SP00916" HPOS="1607" VPOS="1609" WIDTH="13"/>
							<String ID="P4_ST01088" HPOS="1620" VPOS="1574" WIDTH="48" HEIGHT="28" CONTENT="let" WC="0.98" CC="400" STYLEREFS="TXT_38"/>
							<SP ID="P4_SP00917" HPOS="1668" VPOS="1609" WIDTH="11"/>
							<String ID="P4_ST01089" HPOS="1679" VPOS="1575" WIDTH="49" HEIGHT="34" CONTENT="by" WC="0.07" CC="89" STYLEREFS="TXT_38"/>
							<SP ID="P4_SP00918" HPOS="1728" VPOS="1609" WIDTH="12"/>
							<String ID="P4_ST01090" HPOS="1740" VPOS="1576" WIDTH="59" HEIGHT="28" CONTENT="the" WC="0.95" CC="490" STYLEREFS="TXT_38"/>
							<SP ID="P4_SP00919" HPOS="1799" VPOS="1609" WIDTH="19"/>
							<String ID="P4_ST01091" HPOS="1818" VPOS="1576" WIDTH="106" HEIGHT="31" CONTENT="week," WC="0.97" CC="87090" STYLEREFS="TXT_38"/>
							<SP ID="P4_SP00920" HPOS="1924" VPOS="1609" WIDTH="12"/>
							<String ID="P4_ST01092" HPOS="1936" VPOS="1578" WIDTH="130" HEIGHT="33" CONTENT="month," WC="0.98" CC="850003" STYLEREFS="TXT_38"/>
							<SP ID="P4_SP00921" HPOS="2066" VPOS="1611" WIDTH="16"/>
							<String ID="P4_ST01093" HPOS="2082" VPOS="1586" WIDTH="39" HEIGHT="21" CONTENT="or" WC="0.81" CC="03" STYLEREFS="TXT_38"/>
							<SP ID="P4_SP00922" HPOS="2121" VPOS="1611" WIDTH="19"/>
							<String ID="P4_ST01094" HPOS="2140" VPOS="1581" WIDTH="58" HEIGHT="28" CONTENT="the" WC="1.00" CC="001" STYLEREFS="TXT_38"/>
							<SP ID="P4_SP00923" HPOS="2198" VPOS="1611" WIDTH="19"/>
							<String ID="P4_ST01095" HPOS="2217" VPOS="1588" WIDTH="130" HEIGHT="23" CONTENT="season." WC="1.00" CC="0002000" STYLEREFS="TXT_38"/>
						</TextLine>
						<TextLine ID="P4_TL00170" HPOS="990" VPOS="1624" WIDTH="784" HEIGHT="35">
							<String ID="P4_ST01096" HPOS="990" VPOS="1624" WIDTH="49" HEIGHT="27" CONTENT="For" WC="1.00" CC="001"/>
							<SP ID="P4_SP00924" HPOS="1039" VPOS="1651" WIDTH="17"/>
							<String ID="P4_ST01097" HPOS="1056" VPOS="1634" WIDTH="46" HEIGHT="25" CONTENT="any" WC="0.95" CC="247"/>
							<SP ID="P4_SP00925" HPOS="1102" VPOS="1659" WIDTH="12"/>
							<String ID="P4_ST01098" HPOS="1114" VPOS="1626" WIDTH="157" HEIGHT="26" CONTENT="information" WC="0.99" CC="60240700500"/>
							<SP ID="P4_SP00926" HPOS="1271" VPOS="1659" WIDTH="13"/>
							<String ID="P4_ST01099" HPOS="1284" VPOS="1626" WIDTH="112" HEIGHT="32" CONTENT="required" WC="0.99" CC="00805000"/>
							<SP ID="P4_SP00927" HPOS="1396" VPOS="1659" WIDTH="14"/>
							<String ID="P4_ST01100" HPOS="1410" VPOS="1625" WIDTH="83" HEIGHT="33" CONTENT="please" WC="0.98" CC="861000"/>
							<SP ID="P4_SP00928" HPOS="1493" VPOS="1659" WIDTH="12"/>
							<String ID="P4_ST01101" HPOS="1505" VPOS="1624" WIDTH="72" HEIGHT="34" CONTENT="apply" WC="0.97" CC="60059"/>
							<SP ID="P4_SP00929" HPOS="1577" VPOS="1659" WIDTH="13"/>
							<String ID="P4_ST01102" HPOS="1590" VPOS="1630" WIDTH="25" HEIGHT="19" CONTENT="to" WC="0.65" CC="60"/>
							<SP ID="P4_SP00930" HPOS="1615" VPOS="1659" WIDTH="12"/>
							<String ID="P4_ST01103" HPOS="1627" VPOS="1625" WIDTH="147" HEIGHT="33" CONTENT="Proprietor." WC="0.99" CC="40183720003"/>
							<SP ID="P4_SP00931" HPOS="1774" VPOS="1659" WIDTH="0"/>
						</TextLine>
						<TextLine ID="P4_TL00171" HPOS="1549" VPOS="1666" WIDTH="773" HEIGHT="54">
							<String ID="P4_ST01104" HPOS="1549" VPOS="1666" WIDTH="59" HEIGHT="46" CONTENT="A." WC="0.21" CC="87" STYLEREFS="TXT_42"/>
							<SP ID="P4_SP00932" HPOS="1608" VPOS="1712" WIDTH="28"/>
							<String ID="P4_ST01105" HPOS="1636" VPOS="1666" WIDTH="53" HEIGHT="40" CONTENT="A." WC="0.28" CC="67" STYLEREFS="TXT_42"/>
							<SP ID="P4_SP00933" HPOS="1689" VPOS="1712" WIDTH="29"/>
							<String ID="P4_ST01106" HPOS="1718" VPOS="1668" WIDTH="204" HEIGHT="48" CONTENT="SMITH," WC="0.99" CC="230061" STYLEREFS="TXT_42"/>
							<SP ID="P4_SP00934" HPOS="1922" VPOS="1716" WIDTH="122"/>
							<String ID="P4_ST01107" HPOS="2044" VPOS="1671" WIDTH="278" HEIGHT="49" CONTENT="Proprietor." WC="0.99" CC="34105006364" STYLEREFS="TXT_42"/>
						</TextLine>
					</TextBlock>
				</ComposedBlock>
				<ComposedBlock ID="P4_CB00006" HPOS="1906" VPOS="1781" WIDTH="880" HEIGHT="1531" TYPE="Advertisement">
					<TextBlock ID="P4_TB00008" HPOS="1906" VPOS="1781" WIDTH="880" HEIGHT="1531" STYLEREFS="TXT_43 PAR_LEFT">
						<TextLine ID="P4_TL00172" HPOS="2282" VPOS="1851" WIDTH="32" HEIGHT="70">
							<String ID="P4_ST01108" HPOS="2282" VPOS="1851" WIDTH="32" HEIGHT="70" CONTENT="%" WC="0.04" CC="9" STYLEREFS="TXT_44"/>
						</TextLine>
						<TextLine ID="P4_TL00173" HPOS="2503" VPOS="1945" WIDTH="33" HEIGHT="37">
							<String ID="P4_ST01109" HPOS="2503" VPOS="1945" WIDTH="33" HEIGHT="37" CONTENT="m" WC="0.03" CC="9" STYLEREFS="TXT_45"/>
						</TextLine>
						<TextLine ID="P4_TL00174" HPOS="2479" VPOS="2021" WIDTH="30" HEIGHT="86">
							<String ID="P4_ST01110" HPOS="2479" VPOS="2021" WIDTH="30" HEIGHT="86" CONTENT="t" WC="0.16" CC="8" STYLEREFS="TXT_46"/>
						</TextLine>
						<TextLine ID="P4_TL00175" HPOS="2344" VPOS="2051" WIDTH="31" HEIGHT="54">
							<String ID="P4_ST01111" HPOS="2344" VPOS="2051" WIDTH="31" HEIGHT="54" CONTENT="s" WC="0.62" CC="3" STYLEREFS="TXT_47"/>
						</TextLine>
						<TextLine ID="P4_TL00176" HPOS="2196" VPOS="2119" WIDTH="42" HEIGHT="20">
							<String ID="P4_ST01112" HPOS="2196" VPOS="2119" WIDTH="42" HEIGHT="20" CONTENT="•%■&amp;" WC="0.20" CC="8887" STYLEREFS="TXT_48"/>
						</TextLine>
						<TextLine ID="P4_TL00177" HPOS="2011" VPOS="2514" WIDTH="26" HEIGHT="19">
							<String ID="P4_ST01113" HPOS="2011" VPOS="2514" WIDTH="26" HEIGHT="19" CONTENT="m" WC="1.00" CC="9" STYLEREFS="TXT_44"/>
						</TextLine>
						<TextLine ID="P4_TL00178" HPOS="1928" VPOS="2529" WIDTH="108" HEIGHT="23">
							<String ID="P4_ST01114" HPOS="1928" VPOS="2529" WIDTH="108" HEIGHT="23" CONTENT="mm&amp;§." WC="0.39" CC="59680" STYLEREFS="TXT_44"/>
						</TextLine>
						<TextLine ID="P4_TL00179" HPOS="2267" VPOS="2718" WIDTH="401" HEIGHT="41">
							<String ID="P4_ST01115" HPOS="2267" VPOS="2718" WIDTH="178" HEIGHT="41" CONTENT="Proprietors" WC="0.98" CC="78874478788" STYLEREFS="TXT_49"/>
							<SP ID="P4_SP00935" HPOS="2445" VPOS="2759" WIDTH="13"/>
							<String ID="P4_ST01116" HPOS="2458" VPOS="2745" WIDTH="15" HEIGHT="5" CONTENT="-" WC="0.50" CC="4" STYLEREFS="TXT_49"/>
							<SP ID="P4_SP00936" HPOS="2473" VPOS="2759" WIDTH="69"/>
							<String ID="P4_ST01117" HPOS="2542" VPOS="2718" WIDTH="126" HEIGHT="38" CONTENT="te^Jl" WC="0.41" CC="44874" STYLEREFS="TXT_50"/>
						</TextLine>
						<TextLine ID="P4_TL00180" HPOS="2234" VPOS="2770" WIDTH="529" HEIGHT="48">
							<String ID="P4_ST01118" HPOS="2234" VPOS="2770" WIDTH="188" HEIGHT="48" CONTENT="meDSTI" WC="0.27" CC="887755" STYLEREFS="TXT_51"/>
							<SP ID="P4_SP00937" HPOS="2422" VPOS="2818" WIDTH="41"/>
							<String ID="P4_ST01119" HPOS="2463" VPOS="2771" WIDTH="115" HEIGHT="47" CONTENT="!.Fi?S" WC="0.23" CC="478779" STYLEREFS="TXT_51"/>
							<SP ID="P4_SP00938" HPOS="2578" VPOS="2818" WIDTH="38"/>
							<String ID="P4_ST01120" HPOS="2616" VPOS="2774" WIDTH="44" HEIGHT="39" CONTENT="Co" WC="0.14" CC="88" STYLEREFS="TXT_52"/>
							<SP ID="P4_SP00939" HPOS="2660" VPOS="2818" WIDTH="35"/>
							<String ID="P4_ST01121" HPOS="2695" VPOS="2780" WIDTH="68" HEIGHT="38" CONTENT='IT"-' WC="0.94" CC="6848" STYLEREFS="TXT_51"/>
						</TextLine>
						<TextLine ID="P4_TL00181" HPOS="2228" VPOS="2846" WIDTH="427" HEIGHT="46">
							<String ID="P4_ST01122" HPOS="2228" VPOS="2858" WIDTH="44" HEIGHT="34" CONTENT="-3" WC="0.22" CC="77"/>
							<SP ID="P4_SP00940" HPOS="2272" VPOS="2892" WIDTH="53"/>
							<String ID="P4_ST01123" HPOS="2325" VPOS="2846" WIDTH="169" HEIGHT="31" CONTENT="FD/mm#" WC="0.23" CC="886787" STYLEREFS="TXT_53"/>
							<SP ID="P4_SP00941" HPOS="2494" VPOS="2892" WIDTH="23"/>
							<String ID="P4_ST01124" HPOS="2517" VPOS="2850" WIDTH="138" HEIGHT="28" CONTENT="scm/iffl" WC="0.22" CC="79894777" STYLEREFS="TXT_53"/>
						</TextLine>
						<TextLine ID="P4_TL00182" HPOS="1906" VPOS="2898" WIDTH="516" HEIGHT="46">
							<String ID="P4_ST01125" HPOS="1906" VPOS="2905" WIDTH="272" HEIGHT="35" CONTENT="WHOLESALE" WC="0.99" CC="210850056"/>
							<SP ID="P4_SP00942" HPOS="2178" VPOS="2940" WIDTH="19"/>
							<String ID="P4_ST01126" HPOS="2197" VPOS="2898" WIDTH="225" HEIGHT="46" CONTENT="AGENTS~" WC="0.69" CC="6651010"/>
						</TextLine>
						<TextLine ID="P4_TL00183" HPOS="2197" VPOS="2949" WIDTH="565" HEIGHT="49">
							<String ID="P4_ST01127" HPOS="2197" VPOS="2949" WIDTH="51" HEIGHT="41" CONTENT="L." WC="0.50" CC="90" STYLEREFS="TXT_54"/>
							<SP ID="P4_SP00943" HPOS="2248" VPOS="2990" WIDTH="29"/>
							<String ID="P4_ST01128" HPOS="2277" VPOS="2952" WIDTH="53" HEIGHT="38" CONTENT="D." WC="0.50" CC="90" STYLEREFS="TXT_54"/>
							<SP ID="P4_SP00944" HPOS="2330" VPOS="2990" WIDTH="28"/>
							<String ID="P4_ST01129" HPOS="2358" VPOS="2952" WIDTH="263" HEIGHT="43" CONTENT="NATHAN" WC="0.96" CC="957769" STYLEREFS="TXT_54"/>
							<SP ID="P4_SP00945" HPOS="2621" VPOS="2995" WIDTH="25"/>
							<String ID="P4_ST01130" HPOS="2646" VPOS="2957" WIDTH="116" HEIGHT="41" CONTENT="&amp;Co." WC="0.75" CC="0405" STYLEREFS="TXT_54"/>
						</TextLine>
						<TextLine ID="P4_TL00184" HPOS="1907" VPOS="3064" WIDTH="875" HEIGHT="78">
							<String ID="P4_ST01131" HPOS="1907" VPOS="3064" WIDTH="175" HEIGHT="68" CONTENT="THE" WC="0.98" CC="050" STYLEREFS="TXT_55"/>
							<SP ID="P4_SP00946" HPOS="2082" VPOS="3132" WIDTH="45"/>
							<String ID="P4_ST01132" HPOS="2127" VPOS="3067" WIDTH="303" HEIGHT="72" CONTENT="GRAND" WC="0.98" CC="12840" STYLEREFS="TXT_55"/>
							<SP ID="P4_SP00947" HPOS="2430" VPOS="3139" WIDTH="58"/>
							<String ID="P4_ST01133" HPOS="2488" VPOS="3072" WIDTH="294" HEIGHT="70" CONTENT="HOTEL" WC="0.96" CC="67247" STYLEREFS="TXT_55"/>
						</TextLine>
					</TextBlock>
				</ComposedBlock>
				<ComposedBlock ID="P4_CB00007" HPOS="1897" VPOS="3359" WIDTH="887" HEIGHT="795" TYPE="Advertisement">
					<TextBlock ID="P4_TB00009" HPOS="1897" VPOS="3359" WIDTH="887" HEIGHT="795" STYLEREFS="TXT_1 PAR_LEFT">
						<TextLine ID="P4_TL00185" HPOS="1923" VPOS="3360" WIDTH="861" HEIGHT="43">
							<String ID="P4_ST01134" HPOS="1923" VPOS="3398" WIDTH="5" HEIGHT="5" CONTENT="_" WC="0.54" CC="4" STYLEREFS="TXT_15"/>
							<SP ID="P4_SP00948" HPOS="1928" VPOS="3403" WIDTH="9"/>
							<String ID="P4_ST01135" HPOS="1937" VPOS="3360" WIDTH="149" HEIGHT="29" CONTENT="First-class" WC="0.99" CC="62408005034" STYLEREFS="TXT_15"/>
							<SP ID="P4_SP00949" HPOS="2086" VPOS="3403" WIDTH="9"/>
							<String ID="P4_ST01136" HPOS="2095" VPOS="3365" WIDTH="92" HEIGHT="33" CONTENT="family" WC="0.98" CC="702056" STYLEREFS="TXT_15"/>
							<SP ID="P4_SP00950" HPOS="2187" VPOS="3403" WIDTH="15"/>
							<String ID="P4_ST01137" HPOS="2202" VPOS="3366" WIDTH="87" HEIGHT="26" CONTENT="Hotel." WC="0.98" CC="700035" STYLEREFS="TXT_15"/>
							<SP ID="P4_SP00951" HPOS="2289" VPOS="3403" WIDTH="41"/>
							<String ID="P4_ST01138" HPOS="2330" VPOS="3368" WIDTH="130" HEIGHT="26" CONTENT="Situation" WC="0.99" CC="800900047" STYLEREFS="TXT_15"/>
							<SP ID="P4_SP00952" HPOS="2460" VPOS="3403" WIDTH="20"/>
							<String ID="P4_ST01139" HPOS="2480" VPOS="3370" WIDTH="170" HEIGHT="31" CONTENT="unsurpassed" WC="0.98" CC="67467902009" STYLEREFS="TXT_15"/>
							<SP ID="P4_SP00953" HPOS="2650" VPOS="3403" WIDTH="47"/>
							<String ID="P4_ST01140" HPOS="2697" VPOS="3371" WIDTH="73" HEIGHT="24" CONTENT="Patro" SUBS_TYPE="HypPart1" SUBS_CONTENT="Patronised" WC="0.99" CC="70060" STYLEREFS="TXT_15"/>
							<HYP HPOS="2770" VPOS="3371" WIDTH="14" CONTENT="-"/>
						</TextLine>
						<TextLine ID="P4_TL00186" HPOS="1902" VPOS="3400" WIDTH="807" HEIGHT="33">
							<String ID="P4_ST01141" HPOS="1902" VPOS="3400" WIDTH="73" HEIGHT="24" CONTENT="nised" SUBS_TYPE="HypPart2" SUBS_CONTENT="Patronised" WC="0.96" CC="74639" STYLEREFS="TXT_15"/>
							<SP ID="P4_SP00954" HPOS="1975" VPOS="3424" WIDTH="12"/>
							<String ID="P4_ST01142" HPOS="1987" VPOS="3400" WIDTH="35" HEIGHT="33" CONTENT="by" WC="0.57" CC="80" STYLEREFS="TXT_15"/>
							<SP ID="P4_SP00955" HPOS="2022" VPOS="3433" WIDTH="12"/>
							<String ID="P4_ST01143" HPOS="2034" VPOS="3402" WIDTH="70" HEIGHT="24" CONTENT="their" WC="0.97" CC="59005" STYLEREFS="TXT_15"/>
							<SP ID="P4_SP00956" HPOS="2104" VPOS="3433" WIDTH="14"/>
							<String ID="P4_ST01144" HPOS="2118" VPOS="3403" WIDTH="180" HEIGHT="26" CONTENT="ifxeeliencies" WC="0.43" CC="8885187280750" STYLEREFS="TXT_15"/>
							<SP ID="P4_SP00957" HPOS="2298" VPOS="3433" WIDTH="14"/>
							<String ID="P4_ST01145" HPOS="2312" VPOS="3406" WIDTH="46" HEIGHT="25" CONTENT="the" WC="0.93" CC="873" STYLEREFS="TXT_15"/>
							<SP ID="P4_SP00958" HPOS="2358" VPOS="3433" WIDTH="19"/>
							<String ID="P4_ST01146" HPOS="2377" VPOS="3407" WIDTH="133" HEIGHT="24" CONTENT="Governor" WC="0.98" CC="85806708" STYLEREFS="TXT_15"/>
							<SP ID="P4_SP00959" HPOS="2510" VPOS="3433" WIDTH="13"/>
							<String ID="P4_ST01147" HPOS="2523" VPOS="3407" WIDTH="50" HEIGHT="23" CONTENT="and" WC="0.95" CC="067" STYLEREFS="TXT_15"/>
							<SP ID="P4_SP00960" HPOS="2573" VPOS="3433" WIDTH="11"/>
							<String ID="P4_ST01148" HPOS="2584" VPOS="3407" WIDTH="19" HEIGHT="24" CONTENT="A" WC="0.10" CC="8" STYLEREFS="TXT_44"/>
							<SP ID="P4_SP00961" HPOS="2603" VPOS="3433" WIDTH="7"/>
							<String ID="P4_ST01149" HPOS="2610" VPOS="3406" WIDTH="99" HEIGHT="27" CONTENT="dmiral." WC="0.38" CC="5955905" STYLEREFS="TXT_15"/>
						</TextLine>
						<TextLine ID="P4_TL00187" HPOS="2013" VPOS="3487" WIDTH="653" HEIGHT="37">
							<String ID="P4_ST01150" HPOS="2013" VPOS="3487" WIDTH="147" HEIGHT="33" CONTENT="Telegrams" WC="0.98" CC="372095080" STYLEREFS="TXT_15"/>
							<SP ID="P4_SP00962" HPOS="2160" VPOS="3520" WIDTH="24"/>
							<String ID="P4_ST01151" HPOS="2184" VPOS="3489" WIDTH="51" HEIGHT="24" CONTENT="and" WC="0.97" CC="070" STYLEREFS="TXT_15"/>
							<SP ID="P4_SP00963" HPOS="2235" VPOS="3520" WIDTH="23"/>
							<String ID="P4_ST01152" HPOS="2258" VPOS="3489" WIDTH="89" HEIGHT="27" CONTENT="letters" WC="0.99" CC="0000944" STYLEREFS="TXT_15"/>
							<SP ID="P4_SP00964" HPOS="2347" VPOS="3520" WIDTH="9"/>
							<String ID="P4_ST01153" HPOS="2356" VPOS="3493" WIDTH="132" HEIGHT="31" CONTENT="promptly" WC="0.98" CC="95089026" STYLEREFS="TXT_15"/>
							<SP ID="P4_SP00965" HPOS="2488" VPOS="3524" WIDTH="12"/>
							<String ID="P4_ST01154" HPOS="2500" VPOS="3492" WIDTH="120" HEIGHT="25" CONTENT="attended" WC="0.99" CC="09006009" STYLEREFS="TXT_15"/>
							<SP ID="P4_SP00966" HPOS="2620" VPOS="3524" WIDTH="12"/>
							<String ID="P4_ST01155" HPOS="2632" VPOS="3495" WIDTH="34" HEIGHT="23" CONTENT="to." WC="0.92" CC="794" STYLEREFS="TXT_15"/>
						</TextLine>
						<TextLine ID="P4_TL00188" HPOS="1972" VPOS="3568" WIDTH="703" HEIGHT="57">
							<String ID="P4_ST01156" HPOS="1972" VPOS="3568" WIDTH="91" HEIGHT="41" CONTENT="MRS" WC="0.97" CC="600" STYLEREFS="TXT_9"/>
							<SP ID="P4_SP00967" HPOS="2063" VPOS="3609" WIDTH="28"/>
							<String ID="P4_ST01157" HPOS="2091" VPOS="3570" WIDTH="272" HEIGHT="51" CONTENT="GALLAGHER," WC="0.99" CC="0634014903" STYLEREFS="TXT_9"/>
							<SP ID="P4_SP00968" HPOS="2363" VPOS="3621" WIDTH="31"/>
							<String ID="P4_ST01158" HPOS="2394" VPOS="3575" WIDTH="281" HEIGHT="50" CONTENT="Proprietress." WC="0.99" CC="0604623770040" STYLEREFS="TXT_9"/>
						</TextLine>
						<TextLine ID="P4_TL00189" HPOS="2171" VPOS="3695" WIDTH="348" HEIGHT="32">
							<String ID="P4_ST01159" HPOS="2171" VPOS="3695" WIDTH="348" HEIGHT="32" CONTENT="TKURHNGK" WC="0.29" CC="67777577" STYLEREFS="TXT_14"/>
						</TextLine>
						<TextLine ID="P4_TL00190" HPOS="1901" VPOS="3728" WIDTH="882" HEIGHT="59">
							<String ID="P4_ST01160" HPOS="1901" VPOS="3728" WIDTH="80" HEIGHT="41" CONTENT="Smith" WC="0.96" CC="07779" STYLEREFS="TXT_5"/>
							<SP ID="P4_SP00969" HPOS="1981" VPOS="3769" WIDTH="29"/>
							<String ID="P4_ST01161" HPOS="2010" VPOS="3730" WIDTH="50" HEIGHT="40" CONTENT="and" WC="0.93" CC="377" STYLEREFS="TXT_5"/>
							<SP ID="P4_SP00970" HPOS="2060" VPOS="3770" WIDTH="18"/>
							<String ID="P4_ST01162" HPOS="2078" VPOS="3730" WIDTH="114" HEIGHT="51" CONTENT="Carriage" WC="0.98" CC="55671146" STYLEREFS="TXT_5"/>
							<SP ID="P4_SP00971" HPOS="2192" VPOS="3781" WIDTH="22"/>
							<String ID="P4_ST01163" HPOS="2214" VPOS="3731" WIDTH="105" HEIGHT="46" CONTENT="Works," WC="0.97" CC="606963" STYLEREFS="TXT_5"/>
							<SP ID="P4_SP00972" HPOS="2319" VPOS="3781" WIDTH="30"/>
							<String ID="P4_ST01164" HPOS="2349" VPOS="3733" WIDTH="81" HEIGHT="40" CONTENT="Coach" WC="0.96" CC="61657" STYLEREFS="TXT_5"/>
							<SP ID="P4_SP00973" HPOS="2430" VPOS="3781" WIDTH="26"/>
							<String ID="P4_ST01165" HPOS="2456" VPOS="3733" WIDTH="49" HEIGHT="39" CONTENT="and" WC="0.92" CC="579" STYLEREFS="TXT_5"/>
							<SP ID="P4_SP00974" HPOS="2505" VPOS="3781" WIDTH="28"/>
							<String ID="P4_ST01166" HPOS="2533" VPOS="3733" WIDTH="110" HEIGHT="51" CONTENT="Waggon" WC="0.95" CC="778889" STYLEREFS="TXT_5"/>
							<SP ID="P4_SP00975" HPOS="2643" VPOS="3784" WIDTH="35"/>
							<String ID="P4_ST01167" HPOS="2678" VPOS="3734" WIDTH="105" HEIGHT="53" CONTENT="Factory" WC="0.97" CC="5657599" STYLEREFS="TXT_5"/>
						</TextLine>
						<TextLine ID="P4_TL00191" HPOS="2106" VPOS="3793" WIDTH="472" HEIGHT="22">
							<String ID="P4_ST01168" HPOS="2106" VPOS="3793" WIDTH="213" HEIGHT="21" CONTENT="ESTABLISHED" WC="0.99" CC="00072831540" STYLEREFS="TXT_56"/>
							<SP ID="P4_SP00976" HPOS="2319" VPOS="3814" WIDTH="14"/>
							<String ID="P4_ST01169" HPOS="2333" VPOS="3795" WIDTH="82" HEIGHT="20" CONTENT="OVER" WC="0.98" CC="3031" STYLEREFS="TXT_56"/>
							<SP ID="P4_SP00977" HPOS="2415" VPOS="3815" WIDTH="17"/>
							<String ID="P4_ST01170" HPOS="2432" VPOS="3795" WIDTH="26" HEIGHT="20" CONTENT="10" WC="0.89" CC="20" STYLEREFS="TXT_56"/>
							<SP ID="P4_SP00978" HPOS="2458" VPOS="3815" WIDTH="14"/>
							<String ID="P4_ST01171" HPOS="2472" VPOS="3794" WIDTH="106" HEIGHT="21" CONTENT="YEARS." WC="0.98" CC="429100" STYLEREFS="TXT_56"/>
						</TextLine>
						<TextLine ID="P4_TL00192" HPOS="1919" VPOS="3838" WIDTH="199" HEIGHT="21">
							<String ID="P4_ST01172" HPOS="1919" VPOS="3838" WIDTH="37" HEIGHT="16" CONTENT="The" WC="0.94" CC="970"/>
							<SP ID="P4_SP00979" HPOS="1956" VPOS="3854" WIDTH="8"/>
							<String ID="P4_ST01173" HPOS="1964" VPOS="3838" WIDTH="117" HEIGHT="21" CONTENT="undersigned" WC="0.98" CC="38724878808"/>
							<SP ID="P4_SP00980" HPOS="2081" VPOS="3859" WIDTH="7"/>
							<String ID="P4_ST01174" HPOS="2088" VPOS="3845" WIDTH="30" HEIGHT="10" CONTENT="are" WC="0.91" CC="976"/>
						</TextLine>
						<TextLine ID="P4_TL00193" HPOS="1919" VPOS="3859" WIDTH="863" HEIGHT="26">
							<String ID="P4_ST01175" HPOS="1919" VPOS="3859" WIDTH="38" HEIGHT="16" CONTENT="Our" WC="0.94" CC="257"/>
							<SP ID="P4_SP00981" HPOS="1957" VPOS="3875" WIDTH="7"/>
							<String ID="P4_ST01176" HPOS="1964" VPOS="3860" WIDTH="112" HEIGHT="16" CONTENT="well-known" WC="0.98" CC="7330764595"/>
							<SP ID="P4_SP00982" HPOS="2076" VPOS="3876" WIDTH="8"/>
							<String ID="P4_ST01177" HPOS="2084" VPOS="3861" WIDTH="98" HEIGHT="20" CONTENT="reputation" WC="0.98" CC="4668024637"/>
							<SP ID="P4_SP00983" HPOS="2182" VPOS="3881" WIDTH="9"/>
							<String ID="P4_ST01178" HPOS="2191" VPOS="3866" WIDTH="19" HEIGHT="10" CONTENT="as" WC="0.62" CC="07"/>
							<SP ID="P4_SP00984" HPOS="2210" VPOS="3881" WIDTH="7"/>
							<String ID="P4_ST01179" HPOS="2217" VPOS="3861" WIDTH="84" HEIGHT="17" CONTENT="Practical" WC="0.99" CC="700600770"/>
							<SP ID="P4_SP00985" HPOS="2301" VPOS="3881" WIDTH="15"/>
							<String ID="P4_ST01180" HPOS="2316" VPOS="3862" WIDTH="101" HEIGHT="18" CONTENT="Mechanica" WC="0.50" CC="827760560"/>
							<SP ID="P4_SP00986" HPOS="2417" VPOS="3881" WIDTH="15"/>
							<String ID="P4_ST01181" HPOS="2432" VPOS="3863" WIDTH="34" HEIGHT="16" CONTENT="and" WC="0.93" CC="766"/>
							<SP ID="P4_SP00987" HPOS="2466" VPOS="3881" WIDTH="15"/>
							<String ID="P4_ST01182" HPOS="2481" VPOS="3862" WIDTH="57" HEIGHT="17" CONTENT="W.P's" WC="0.42" CC="91808"/>
							<SP ID="P4_SP00988" HPOS="2538" VPOS="3881" WIDTH="12"/>
							<String ID="P4_ST01183" HPOS="2550" VPOS="3864" WIDTH="20" HEIGHT="16" CONTENT="27" WC="0.52" CC="53"/>
							<SP ID="P4_SP00989" HPOS="2570" VPOS="3881" WIDTH="16"/>
							<String ID="P4_ST01184" HPOS="2586" VPOS="3869" WIDTH="50" HEIGHT="15" CONTENT="years" WC="0.96" CC="93946"/>
							<SP ID="P4_SP00990" HPOS="2636" VPOS="3884" WIDTH="11"/>
							<String ID="P4_ST01185" HPOS="2647" VPOS="3866" WIDTH="100" HEIGHT="19" CONTENT="experience" WC="0.98" CC="7991808778"/>
							<SP ID="P4_SP00991" HPOS="2747" VPOS="3885" WIDTH="18"/>
							<String ID="P4_ST01186" HPOS="2765" VPOS="3867" WIDTH="17" HEIGHT="15" CONTENT="in" WC="0.39" CC="47"/>
						</TextLine>
						<TextLine ID="P4_TL00194" HPOS="1898" VPOS="3880" WIDTH="418" HEIGHT="22">
							<String ID="P4_ST01187" HPOS="1898" VPOS="3881" WIDTH="7" HEIGHT="10" CONTENT="f" STYLE="superscript" WC="1.00" CC="9"/>
							<String ID="P4_ST01188" HPOS="1907" VPOS="3880" WIDTH="20" HEIGHT="16" CONTENT="he" WC="0.57" CC="70"/>
							<SP ID="P4_SP00992" HPOS="1927" VPOS="3896" WIDTH="4"/>
							<String ID="P4_ST01189" HPOS="1931" VPOS="3881" WIDTH="117" HEIGHT="16" CONTENT="Australasian" WC="0.99" CC="977030705507"/>
							<SP ID="P4_SP00993" HPOS="2048" VPOS="3897" WIDTH="10"/>
							<String ID="P4_ST01190" HPOS="2058" VPOS="3881" WIDTH="85" HEIGHT="20" CONTENT="Colonies," WC="0.98" CC="467583780"/>
							<SP ID="P4_SP00994" HPOS="2143" VPOS="3901" WIDTH="8"/>
							<String ID="P4_ST01191" HPOS="2151" VPOS="3883" WIDTH="66" HEIGHT="19" CONTENT='justii"' WC="0.49" CC="1680477"/>
							<SP ID="P4_SP00995" HPOS="2217" VPOS="3902" WIDTH="7"/>
							<String ID="P4_ST01192" HPOS="2224" VPOS="3888" WIDTH="10" HEIGHT="3" CONTENT="-" WC="0.22" CC="7"/>
							<SP ID="P4_SP00996" HPOS="2234" VPOS="3902" WIDTH="63"/>
							<String ID="P4_ST01193" HPOS="2297" VPOS="3884" WIDTH="19" HEIGHT="7" CONTENT="'■■■" WC="0.21" CC="7888"/>
						</TextLine>
						<TextLine ID="P4_TL00195" HPOS="1911" VPOS="3901" WIDTH="285" HEIGHT="18">
							<String ID="P4_ST01194" HPOS="1911" VPOS="3901" WIDTH="60" HEIGHT="16" CONTENT="Bhioles" WC="0.44" CC="7735068"/>
							<SP ID="P4_SP00997" HPOS="1971" VPOS="3917" WIDTH="8"/>
							<String ID="P4_ST01195" HPOS="1979" VPOS="3902" WIDTH="95" HEIGHT="16" CONTENT="consistent" WC="0.98" CC="3578684975"/>
							<SP ID="P4_SP00998" HPOS="2074" VPOS="3918" WIDTH="9"/>
							<String ID="P4_ST01196" HPOS="2083" VPOS="3903" WIDTH="43" HEIGHT="16" CONTENT="with" WC="0.94" CC="9677"/>
							<SP ID="P4_SP00999" HPOS="2126" VPOS="3919" WIDTH="7"/>
							<String ID="P4_ST01197" HPOS="2133" VPOS="3903" WIDTH="63" HEIGHT="16" CONTENT="honest" WC="0.98" CC="067503"/>
						</TextLine>
						<TextLine ID="P4_TL00196" HPOS="1918" VPOS="3920" WIDTH="863" HEIGHT="31">
							<String ID="P4_ST01198" HPOS="1918" VPOS="3922" WIDTH="37" HEIGHT="17" CONTENT="The" WC="0.94" CC="907"/>
							<SP ID="P4_SP01000" HPOS="1955" VPOS="3939" WIDTH="8"/>
							<String ID="P4_ST01199" HPOS="1963" VPOS="3922" WIDTH="61" HEIGHT="17" CONTENT="Public" WC="0.97" CC="707056"/>
							<SP ID="P4_SP01001" HPOS="2024" VPOS="3939" WIDTH="8"/>
							<String ID="P4_ST01200" HPOS="2032" VPOS="3923" WIDTH="35" HEIGHT="16" CONTENT="will" WC="0.95" CC="8914"/>
							<SP ID="P4_SP01002" HPOS="2067" VPOS="3939" WIDTH="11"/>
							<String ID="P4_ST01201" HPOS="2078" VPOS="3924" WIDTH="36" HEIGHT="16" CONTENT="find" WC="0.96" CC="0079"/>
							<SP ID="P4_SP01003" HPOS="2114" VPOS="3940" WIDTH="9"/>
							<String ID="P4_ST01202" HPOS="2123" VPOS="3925" WIDTH="14" HEIGHT="15" CONTENT="it" WC="0.44" CC="46"/>
							<SP ID="P4_SP01004" HPOS="2137" VPOS="3940" WIDTH="10"/>
							<String ID="P4_ST01203" HPOS="2147" VPOS="3926" WIDTH="18" HEIGHT="14" CONTENT="to" WC="0.57" CC="25"/>
							<SP ID="P4_SP01005" HPOS="2165" VPOS="3940" WIDTH="15"/>
							<String ID="P4_ST01204" HPOS="2180" VPOS="3924" WIDTH="45" HEIGHT="17" CONTENT="their" WC="0.96" CC="47365"/>
							<SP ID="P4_SP01006" HPOS="2225" VPOS="3941" WIDTH="14"/>
							<String ID="P4_ST01205" HPOS="2239" VPOS="3925" WIDTH="97" HEIGHT="21" CONTENT="advantage" WC="0.98" CC="906570096"/>
							<SP ID="P4_SP01007" HPOS="2336" VPOS="3946" WIDTH="11"/>
							<String ID="P4_ST01206" HPOS="2347" VPOS="3920" WIDTH="23" HEIGHT="22" CONTENT="'to" WC="0.95" CC="427"/>
							<SP ID="P4_SP01008" HPOS="2370" VPOS="3946" WIDTH="15"/>
							<String ID="P4_ST01207" HPOS="2385" VPOS="3927" WIDTH="150" HEIGHT="16" CONTENT="ENCOURAGE" WC="0.98" CC="660077786"/>
							<SP ID="P4_SP01009" HPOS="2535" VPOS="3946" WIDTH="19"/>
							<String ID="P4_ST01208" HPOS="2554" VPOS="3920" WIDTH="87" HEIGHT="24" CONTENT="LOCAL*" WC="0.96" CC="707999"/>
							<SP ID="P4_SP01010" HPOS="2641" VPOS="3946" WIDTH="12"/>
							<String ID="P4_ST01209" HPOS="2653" VPOS="3928" WIDTH="73" HEIGHT="17" CONTENT="INDUS" WC="0.96" CC="67707"/>
							<SP ID="P4_SP01011" HPOS="2726" VPOS="3946" WIDTH="7"/>
							<String ID="P4_ST01210" HPOS="2733" VPOS="3929" WIDTH="48" HEIGHT="22" CONTENT="PJtIY," WC="0.51" CC="827360"/>
						</TextLine>
						<TextLine ID="P4_TL00197" HPOS="1902" VPOS="3944" WIDTH="881" HEIGHT="24">
							<String ID="P4_ST01211" HPOS="1902" VPOS="3944" WIDTH="52" HEIGHT="16" CONTENT="./here" WC="0.98" CC="177400"/>
							<SP ID="P4_SP01012" HPOS="1954" VPOS="3960" WIDTH="8"/>
							<String ID="P4_ST01212" HPOS="1962" VPOS="3944" WIDTH="41" HEIGHT="21" CONTENT="they" WC="0.95" CC="0769"/>
							<SP ID="P4_SP01013" HPOS="2003" VPOS="3965" WIDTH="16"/>
							<String ID="P4_ST01213" HPOS="2019" VPOS="3950" WIDTH="31" HEIGHT="10" CONTENT="can" WC="0.92" CC="597"/>
							<SP ID="P4_SP01014" HPOS="2050" VPOS="3965" WIDTH="8"/>
							<String ID="P4_ST01214" HPOS="2058" VPOS="3945" WIDTH="45" HEIGHT="16" CONTENT="have" WC="0.96" CC="6065"/>
							<SP ID="P4_SP01015" HPOS="2103" VPOS="3965" WIDTH="6"/>
							<String ID="P4_ST01215" HPOS="2109" VPOS="3946" WIDTH="29" HEIGHT="15" CONTENT="the" WC="0.94" CC="573"/>
							<SP ID="P4_SP01016" HPOS="2138" VPOS="3965" WIDTH="6"/>
							<String ID="P4_ST01216" HPOS="2144" VPOS="3946" WIDTH="79" HEIGHT="20" CONTENT="pleasure" WC="0.99" CC="13008670"/>
							<SP ID="P4_SP01017" HPOS="2223" VPOS="3966" WIDTH="7"/>
							<String ID="P4_ST01217" HPOS="2230" VPOS="3946" WIDTH="18" HEIGHT="16" CONTENT="of" WC="0.28" CC="76"/>
							<SP ID="P4_SP01018" HPOS="2248" VPOS="3966" WIDTH="7"/>
							<String ID="P4_ST01218" HPOS="2255" VPOS="3948" WIDTH="59" HEIGHT="20" CONTENT="seeing" WC="0.96" CC="875687"/>
							<SP ID="P4_SP01019" HPOS="2314" VPOS="3968" WIDTH="14"/>
							<String ID="P4_ST01219" HPOS="2328" VPOS="3948" WIDTH="92" HEIGHT="17" CONTENT="first-cluss" WC="0.46" CC="00577372888"/>
							<SP ID="P4_SP01020" HPOS="2420" VPOS="3968" WIDTH="15"/>
							<String ID="P4_ST01220" HPOS="2435" VPOS="3948" WIDTH="79" HEIGHT="16" CONTENT="material" WC="0.99" CC="60043090"/>
							<SP ID="P4_SP01021" HPOS="2514" VPOS="3968" WIDTH="12"/>
							<String ID="P4_ST01221" HPOS="2526" VPOS="3953" WIDTH="33" HEIGHT="11" CONTENT="an." WC="0.94" CC="574"/>
							<SP ID="P4_SP01022" HPOS="2559" VPOS="3968" WIDTH="20"/>
							<String ID="P4_ST01222" HPOS="2579" VPOS="3949" WIDTH="124" HEIGHT="18" CONTENT="svorkraausaiu" WC="0.22" CC="8888744888887"/>
							<SP ID="P4_SP01023" HPOS="2703" VPOS="3968" WIDTH="16"/>
							<String ID="P4_ST01223" HPOS="2719" VPOS="3954" WIDTH="32" HEIGHT="13" CONTENT="iut" WC="0.92" CC="056"/>
							<SP ID="P4_SP01024" HPOS="2751" VPOS="3968" WIDTH="14"/>
							<String ID="P4_ST01224" HPOS="2765" VPOS="3951" WIDTH="18" HEIGHT="17" CONTENT="in" WC="0.47" CC="37"/>
						</TextLine>
						<TextLine ID="P4_TL00198" HPOS="1919" VPOS="3965" WIDTH="314" HEIGHT="19">
							<String ID="P4_ST01225" HPOS="1919" VPOS="3965" WIDTH="40" HEIGHT="19" CONTENT="oles;" WC="0.27" CC="75497"/>
							<SP ID="P4_SP01025" HPOS="1959" VPOS="3984" WIDTH="8"/>
							<String ID="P4_ST01226" HPOS="1967" VPOS="3966" WIDTH="49" HEIGHT="15" CONTENT="made" WC="0.93" CC="5997"/>
							<SP ID="P4_SP01026" HPOS="2016" VPOS="3984" WIDTH="8"/>
							<String ID="P4_ST01227" HPOS="2024" VPOS="3967" WIDTH="17" HEIGHT="14" CONTENT="to" WC="0.45" CC="64"/>
							<SP ID="P4_SP01027" HPOS="2041" VPOS="3984" WIDTH="8"/>
							<String ID="P4_ST01228" HPOS="2049" VPOS="3967" WIDTH="46" HEIGHT="15" CONTENT="their" WC="0.97" CC="07546"/>
							<SP ID="P4_SP01028" HPOS="2095" VPOS="3984" WIDTH="5"/>
							<String ID="P4_ST01229" HPOS="2100" VPOS="3967" WIDTH="62" HEIGHT="15" CONTENT="valued" WC="0.97" CC="703693"/>
							<SP ID="P4_SP01029" HPOS="2162" VPOS="3984" WIDTH="8"/>
							<String ID="P4_ST01230" HPOS="2170" VPOS="3967" WIDTH="63" HEIGHT="16" CONTENT="orders." WC="0.98" CC="7506370"/>
						</TextLine>
						<TextLine ID="P4_TL00199" HPOS="1918" VPOS="3986" WIDTH="866" HEIGHT="26">
							<String ID="P4_ST01231" HPOS="1918" VPOS="3986" WIDTH="46" HEIGHT="19" CONTENT="N,B." WC="0.49" CC="9333"/>
							<String ID="P4_ST01232" HPOS="1966" VPOS="3986" WIDTH="100" HEIGHT="17" CONTENT="—Vehicles" WC="0.98" CC="890052538"/>
							<SP ID="P4_SP01030" HPOS="2066" VPOS="4005" WIDTH="8"/>
							<String ID="P4_ST01233" HPOS="2074" VPOS="3988" WIDTH="18" HEIGHT="15" CONTENT="of" WC="0.29" CC="76"/>
							<SP ID="P4_SP01031" HPOS="2092" VPOS="4005" WIDTH="5"/>
							<String ID="P4_ST01234" HPOS="2097" VPOS="3988" WIDTH="24" HEIGHT="15" CONTENT="all" WC="0.94" CC="680"/>
							<SP ID="P4_SP01032" HPOS="2121" VPOS="4005" WIDTH="8"/>
							<String ID="P4_ST01235" HPOS="2129" VPOS="3988" WIDTH="114" HEIGHT="21" CONTENT="descriptions" WC="0.98" CC="067736932678"/>
							<SP ID="P4_SP01033" HPOS="2243" VPOS="4009" WIDTH="8"/>
							<String ID="P4_ST01236" HPOS="2251" VPOS="3989" WIDTH="84" HEIGHT="21" CONTENT="repaired," WC="0.98" CC="619847220"/>
							<SP ID="P4_SP01034" HPOS="2335" VPOS="4010" WIDTH="10"/>
							<String ID="P4_ST01237" HPOS="2345" VPOS="3989" WIDTH="79" HEIGHT="22" CONTENT="painted," WC="0.98" CC="90575373"/>
							<SP ID="P4_SP01035" HPOS="2424" VPOS="4011" WIDTH="10"/>
							<String ID="P4_ST01238" HPOS="2434" VPOS="3989" WIDTH="94" HEIGHT="18" CONTENT="renovated" WC="0.98" CC="357054855"/>
							<SP ID="P4_SP01036" HPOS="2528" VPOS="4011" WIDTH="9"/>
							<String ID="P4_ST01239" HPOS="2537" VPOS="3990" WIDTH="32" HEIGHT="16" CONTENT="and" WC="0.95" CC="571"/>
							<SP ID="P4_SP01037" HPOS="2569" VPOS="4011" WIDTH="11"/>
							<String ID="P4_ST01240" HPOS="2580" VPOS="3996" WIDTH="26" HEIGHT="11" CONTENT="iu.i" WC="0.49" CC="7840"/>
							<SP ID="P4_SP01038" HPOS="2606" VPOS="4011" WIDTH="4"/>
							<String ID="P4_ST01241" HPOS="2610" VPOS="3992" WIDTH="6" HEIGHT="15" CONTENT="J" WC="1.00" CC="9"/>
							<SP ID="P4_SP01039" HPOS="2616" VPOS="4011" WIDTH="5"/>
							<String ID="P4_ST01242" HPOS="2621" VPOS="3997" WIDTH="7" HEIGHT="10" CONTENT="j" WC="0.25" CC="7"/>
							<SP ID="P4_SP01040" HPOS="2628" VPOS="4011" WIDTH="16"/>
							<String ID="P4_ST01243" HPOS="2644" VPOS="3994" WIDTH="17" HEIGHT="14" CONTENT="to" WC="0.46" CC="37"/>
							<SP ID="P4_SP01041" HPOS="2661" VPOS="4011" WIDTH="15"/>
							<String ID="P4_ST01244" HPOS="2676" VPOS="3993" WIDTH="41" HEIGHT="16" CONTENT="look" WC="0.96" CC="0466"/>
							<SP ID="P4_SP01042" HPOS="2717" VPOS="4011" WIDTH="16"/>
							<String ID="P4_ST01245" HPOS="2733" VPOS="3995" WIDTH="51" HEIGHT="17" CONTENT="equal" WC="0.97" CC="46703"/>
						</TextLine>
						<TextLine ID="P4_TL00200" HPOS="1897" VPOS="4008" WIDTH="70" HEIGHT="16">
							<String ID="P4_ST01246" HPOS="1897" VPOS="4008" WIDTH="18" HEIGHT="15" CONTENT="to" WC="0.19" CC="78"/>
							<SP ID="P4_SP01043" HPOS="1915" VPOS="4023" WIDTH="8"/>
							<String ID="P4_ST01247" HPOS="1923" VPOS="4012" WIDTH="44" HEIGHT="12" CONTENT="new." WC="0.96" CC="7480"/>
						</TextLine>
						<TextLine ID="P4_TL00201" HPOS="1897" VPOS="4043" WIDTH="682" HEIGHT="48">
							<String ID="P4_ST01248" HPOS="1897" VPOS="4054" WIDTH="201" HEIGHT="29" CONTENT="WILLIAM" WC="0.97" CC="9523297" STYLEREFS="TXT_24"/>
							<SP ID="P4_SP01044" HPOS="2098" VPOS="4083" WIDTH="19"/>
							<String ID="P4_ST01249" HPOS="2117" VPOS="4043" WIDTH="462" HEIGHT="48" CONTENT="PARKERTcoachbuilder." WC="0.40" CC="89852686363887047085" STYLEREFS="TXT_24"/>
						</TextLine>
						<TextLine ID="P4_TL00202" HPOS="2250" VPOS="4095" WIDTH="530" HEIGHT="36">
							<String ID="P4_ST01250" HPOS="2250" VPOS="4095" WIDTH="141" HEIGHT="28" CONTENT="JAMES" WC="0.95" CC="79762" STYLEREFS="TXT_24"/>
							<SP ID="P4_SP01045" HPOS="2391" VPOS="4123" WIDTH="19"/>
							<String ID="P4_ST01251" HPOS="2410" VPOS="4097" WIDTH="94" HEIGHT="27" CONTENT="halt" WC="0.95" CC="8086" STYLEREFS="TXT_24"/>
							<SP ID="P4_SP01046" HPOS="2504" VPOS="4124" WIDTH="1"/>
							<String ID="P4_ST01252" HPOS="2505" VPOS="4096" WIDTH="39" HEIGHT="34" CONTENT="A," WC="0.66" CC="06" STYLEREFS="TXT_24"/>
							<SP ID="P4_SP01047" HPOS="2544" VPOS="4130" WIDTH="21"/>
							<String ID="P4_ST01253" HPOS="2565" VPOS="4097" WIDTH="215" HEIGHT="34" CONTENT="Blacksmith" WC="0.98" CC="6297948697" STYLEREFS="TXT_24"/>
						</TextLine>
						<TextLine ID="P4_TL00203" HPOS="2199" VPOS="4127" WIDTH="391" HEIGHT="27">
							<String ID="P4_ST01254" HPOS="2199" VPOS="4127" WIDTH="146" HEIGHT="22" CONTENT="DE.VONJPQST" WC="0.20" CC="87678868888" STYLEREFS="TXT_28"/>
							<SP ID="P4_SP01048" HPOS="2345" VPOS="4149" WIDTH="10"/>
							<String ID="P4_ST01255" HPOS="2355" VPOS="4128" WIDTH="75" HEIGHT="26" CONTENT="8.040," WC="0.23" CC="848887" STYLEREFS="TXT_28"/>
							<SP ID="P4_SP01049" HPOS="2430" VPOS="4154" WIDTH="15"/>
							<String ID="P4_ST01256" HPOS="2445" VPOS="4129" WIDTH="145" HEIGHT="24" CONTENT="UAUaAHQUL" WC="0.13" CC="788888889" STYLEREFS="TXT_28"/>
						</TextLine>
					</TextBlock>
				</ComposedBlock>
				<ComposedBlock ID="P4_CB00008" HPOS="2785" VPOS="113" WIDTH="441" HEIGHT="713" TYPE="Advertisement">
					<TextBlock ID="P4_TB00010" HPOS="2785" VPOS="113" WIDTH="441" HEIGHT="713" STYLEREFS="TXT_2 PAR_BLOCK">
						<TextLine ID="P4_TL00204" HPOS="2810" VPOS="114" WIDTH="404" HEIGHT="21">
							<String ID="P4_ST01257" HPOS="2810" VPOS="114" WIDTH="19" HEIGHT="19" CONTENT="A" WC="0.27" CC="7"/>
							<SP ID="P4_SP01050" HPOS="2829" VPOS="133" WIDTH="9"/>
							<String ID="P4_ST01258" HPOS="2838" VPOS="114" WIDTH="44" HEIGHT="19" CONTENT="firm" WC="0.98" CC="0018"/>
							<SP ID="P4_SP01051" HPOS="2882" VPOS="133" WIDTH="11"/>
							<String ID="P4_ST01259" HPOS="2893" VPOS="114" WIDTH="21" HEIGHT="18" CONTENT="of" WC="0.85" CC="02"/>
							<SP ID="P4_SP01052" HPOS="2914" VPOS="133" WIDTH="9"/>
							<String ID="P4_ST01260" HPOS="2923" VPOS="114" WIDTH="50" HEIGHT="19" CONTENT="Now" WC="0.92" CC="678"/>
							<SP ID="P4_SP01053" HPOS="2973" VPOS="133" WIDTH="16"/>
							<String ID="P4_ST01261" HPOS="2989" VPOS="115" WIDTH="57" HEIGHT="18" CONTENT="York" WC="0.94" CC="4659"/>
							<SP ID="P4_SP01054" HPOS="3046" VPOS="133" WIDTH="9"/>
							<String ID="P4_ST01262" HPOS="3055" VPOS="115" WIDTH="115" HEIGHT="19" CONTENT="merchants" WC="0.97" CC="736687858"/>
							<SP ID="P4_SP01055" HPOS="3170" VPOS="134" WIDTH="9"/>
							<String ID="P4_ST01263" HPOS="3179" VPOS="116" WIDTH="35" HEIGHT="19" CONTENT="lias" WC="0.95" CC="8444"/>
						</TextLine>
						<TextLine ID="P4_TL00205" HPOS="2785" VPOS="140" WIDTH="429" HEIGHT="26">
							<String ID="P4_ST01264" HPOS="2785" VPOS="140" WIDTH="60" HEIGHT="26" CONTENT="given" WC="0.96" CC="91718"/>
							<SP ID="P4_SP01056" HPOS="2845" VPOS="166" WIDTH="9"/>
							<String ID="P4_ST01265" HPOS="2854" VPOS="147" WIDTH="27" HEIGHT="12" CONTENT="an" WC="0.57" CC="80"/>
							<SP ID="P4_SP01057" HPOS="2881" VPOS="166" WIDTH="10"/>
							<String ID="P4_ST01266" HPOS="2891" VPOS="140" WIDTH="57" HEIGHT="19" CONTENT="order" WC="0.96" CC="67707"/>
							<SP ID="P4_SP01058" HPOS="2948" VPOS="166" WIDTH="10"/>
							<String ID="P4_ST01267" HPOS="2958" VPOS="141" WIDTH="31" HEIGHT="18" CONTENT="for" WC="0.91" CC="897"/>
							<SP ID="P4_SP01059" HPOS="2989" VPOS="166" WIDTH="12"/>
							<String ID="P4_ST01268" HPOS="3001" VPOS="142" WIDTH="83" HEIGHT="19" CONTENT="100,000" WC="0.43" CC="1780777"/>
							<SP ID="P4_SP01060" HPOS="3084" VPOS="166" WIDTH="17"/>
							<String ID="P4_ST01269" HPOS="3101" VPOS="141" WIDTH="86" HEIGHT="23" CONTENT="bicycles" WC="0.98" CC="96766207"/>
							<SP ID="P4_SP01061" HPOS="3187" VPOS="166" WIDTH="8"/>
							<String ID="P4_ST01270" HPOS="3195" VPOS="146" WIDTH="19" HEIGHT="16" CONTENT="to" WC="0.28" CC="85"/>
						</TextLine>
						<TextLine ID="P4_TL00206" HPOS="2786" VPOS="166" WIDTH="429" HEIGHT="26">
							<String ID="P4_ST01271" HPOS="2786" VPOS="173" WIDTH="11" HEIGHT="12" CONTENT="a" WC="0.58" CC="4"/>
							<SP ID="P4_SP01062" HPOS="2797" VPOS="185" WIDTH="11"/>
							<String ID="P4_ST01272" HPOS="2808" VPOS="166" WIDTH="88" HEIGHT="24" CONTENT="Chicago" WC="0.97" CC="0667644"/>
							<SP ID="P4_SP01063" HPOS="2896" VPOS="190" WIDTH="14"/>
							<String ID="P4_ST01273" HPOS="2910" VPOS="166" WIDTH="157" HEIGHT="24" CONTENT="manufacturer," WC="0.98" CC="9282966976090"/>
							<SP ID="P4_SP01064" HPOS="3067" VPOS="190" WIDTH="20"/>
							<String ID="P4_ST01274" HPOS="3087" VPOS="167" WIDTH="45" HEIGHT="19" CONTENT="who" WC="0.96" CC="407"/>
							<SP ID="P4_SP01065" HPOS="3132" VPOS="190" WIDTH="15"/>
							<String ID="P4_ST01275" HPOS="3147" VPOS="173" WIDTH="68" HEIGHT="19" CONTENT="agrees" WC="0.96" CC="569848"/>
						</TextLine>
						<TextLine ID="P4_TL00207" HPOS="2786" VPOS="191" WIDTH="429" HEIGHT="22">
							<String ID="P4_ST01276" HPOS="2786" VPOS="195" WIDTH="20" HEIGHT="16" CONTENT="to" WC="0.38" CC="57"/>
							<SP ID="P4_SP01066" HPOS="2806" VPOS="211" WIDTH="19"/>
							<String ID="P4_ST01277" HPOS="2825" VPOS="191" WIDTH="75" HEIGHT="19" CONTENT="deliver" WC="0.98" CC="8704063"/>
							<SP ID="P4_SP01067" HPOS="2900" VPOS="211" WIDTH="16"/>
							<String ID="P4_ST01278" HPOS="2916" VPOS="192" WIDTH="56" HEIGHT="18" CONTENT="them" WC="0.95" CC="0976"/>
							<SP ID="P4_SP01068" HPOS="2972" VPOS="211" WIDTH="15"/>
							<String ID="P4_ST01279" HPOS="2987" VPOS="192" WIDTH="69" HEIGHT="19" CONTENT="within" WC="0.98" CC="826011"/>
							<SP ID="P4_SP01069" HPOS="3056" VPOS="211" WIDTH="15"/>
							<String ID="P4_ST01280" HPOS="3071" VPOS="193" WIDTH="35" HEIGHT="18" CONTENT="the" WC="0.96" CC="207"/>
							<SP ID="P4_SP01070" HPOS="3106" VPOS="211" WIDTH="14"/>
							<String ID="P4_ST01281" HPOS="3120" VPOS="195" WIDTH="47" HEIGHT="17" CONTENT="next" WC="0.93" CC="9867"/>
							<SP ID="P4_SP01071" HPOS="3167" VPOS="212" WIDTH="18"/>
							<String ID="P4_ST01282" HPOS="3185" VPOS="197" WIDTH="30" HEIGHT="16" CONTENT="ten" WC="0.94" CC="078"/>
						</TextLine>
						<TextLine ID="P4_TL00208" HPOS="2815" VPOS="285" WIDTH="403" HEIGHT="27">
							<String ID="P4_ST01283" HPOS="2815" VPOS="285" WIDTH="19" HEIGHT="19" CONTENT="A" WC="1.00" CC="9"/>
							<SP ID="P4_SP01072" HPOS="2834" VPOS="304" WIDTH="18"/>
							<String ID="P4_ST01284" HPOS="2852" VPOS="285" WIDTH="85" HEIGHT="19" CONTENT="number" WC="0.98" CC="701805"/>
							<SP ID="P4_SP01073" HPOS="2937" VPOS="304" WIDTH="18"/>
							<String ID="P4_ST01285" HPOS="2955" VPOS="286" WIDTH="22" HEIGHT="18" CONTENT="of" WC="0.66" CC="06"/>
							<SP ID="P4_SP01074" HPOS="2977" VPOS="304" WIDTH="14"/>
							<String ID="P4_ST01286" HPOS="2991" VPOS="286" WIDTH="33" HEIGHT="19" CONTENT="old" WC="0.93" CC="548"/>
							<SP ID="P4_SP01075" HPOS="3024" VPOS="305" WIDTH="18"/>
							<String ID="P4_ST01287" HPOS="3042" VPOS="289" WIDTH="81" HEIGHT="23" CONTENT="pattern" WC="0.97" CC="9464437"/>
							<SP ID="P4_SP01076" HPOS="3123" VPOS="312" WIDTH="14"/>
							<String ID="P4_ST01288" HPOS="3137" VPOS="287" WIDTH="70" HEIGHT="20" CONTENT="muzzle" SUBS_TYPE="HypPart1" SUBS_CONTENT="muzzleloading" WC="0.98" CC="956500"/>
							<HYP HPOS="3207" VPOS="287" WIDTH="11" CONTENT="-"/>
						</TextLine>
						<TextLine ID="P4_TL00209" HPOS="2789" VPOS="311" WIDTH="431" HEIGHT="27">
							<String ID="P4_ST01289" HPOS="2789" VPOS="311" WIDTH="84" HEIGHT="25" CONTENT="loading" SUBS_TYPE="HypPart2" SUBS_CONTENT="muzzleloading" WC="0.98" CC="6009078"/>
							<SP ID="P4_SP01077" HPOS="2873" VPOS="336" WIDTH="9"/>
							<String ID="P4_ST01290" HPOS="2882" VPOS="311" WIDTH="57" HEIGHT="18" CONTENT="brass" WC="0.95" CC="77677"/>
							<SP ID="P4_SP01078" HPOS="2939" VPOS="336" WIDTH="10"/>
							<String ID="P4_ST01291" HPOS="2949" VPOS="318" WIDTH="84" HEIGHT="17" CONTENT="cannon," WC="0.97" CC="6776082"/>
							<SP ID="P4_SP01079" HPOS="3033" VPOS="336" WIDTH="13"/>
							<String ID="P4_ST01292" HPOS="3046" VPOS="312" WIDTH="103" HEIGHT="26" CONTENT="weighing" WC="0.97" CC="88677674"/>
							<SP ID="P4_SP01080" HPOS="3149" VPOS="338" WIDTH="9"/>
							<String ID="P4_ST01293" HPOS="3158" VPOS="312" WIDTH="43" HEIGHT="21" CONTENT="half" WC="0.98" CC="0007"/>
							<SP ID="P4_SP01081" HPOS="3201" VPOS="338" WIDTH="9"/>
							<String ID="P4_ST01294" HPOS="3210" VPOS="322" WIDTH="10" HEIGHT="11" CONTENT="a" WC="0.24" CC="7"/>
						</TextLine>
						<TextLine ID="P4_TL00210" HPOS="2791" VPOS="336" WIDTH="428" HEIGHT="28">
							<String ID="P4_ST01295" HPOS="2791" VPOS="340" WIDTH="35" HEIGHT="16" CONTENT="ton" WC="0.93" CC="567"/>
							<SP ID="P4_SP01082" HPOS="2826" VPOS="356" WIDTH="19"/>
							<String ID="P4_ST01296" HPOS="2845" VPOS="337" WIDTH="54" HEIGHT="23" CONTENT="each," WC="0.97" CC="06771"/>
							<SP ID="P4_SP01083" HPOS="2899" VPOS="360" WIDTH="22"/>
							<String ID="P4_ST01297" HPOS="2921" VPOS="336" WIDTH="52" HEIGHT="20" CONTENT="have" WC="0.96" CC="7271"/>
							<SP ID="P4_SP01084" HPOS="2973" VPOS="360" WIDTH="19"/>
							<String ID="P4_ST01298" HPOS="2992" VPOS="338" WIDTH="51" HEIGHT="19" CONTENT="been" WC="0.96" CC="5706"/>
							<SP ID="P4_SP01085" HPOS="3043" VPOS="360" WIDTH="23"/>
							<String ID="P4_ST01299" HPOS="3066" VPOS="338" WIDTH="86" HEIGHT="26" CONTENT="shipped" WC="0.97" CC="2749909"/>
							<SP ID="P4_SP01086" HPOS="3152" VPOS="364" WIDTH="20"/>
							<String ID="P4_ST01300" HPOS="3172" VPOS="340" WIDTH="47" HEIGHT="18" CONTENT="from" WC="0.93" CC="7978"/>
						</TextLine>
						<TextLine ID="P4_TL00211" HPOS="2792" VPOS="362" WIDTH="429" HEIGHT="26">
							<String ID="P4_ST01301" HPOS="2792" VPOS="362" WIDTH="92" HEIGHT="25" CONTENT="Bombay" WC="0.96" CC="907767"/>
							<SP ID="P4_SP01087" HPOS="2884" VPOS="387" WIDTH="17"/>
							<String ID="P4_ST01302" HPOS="2901" VPOS="365" WIDTH="21" HEIGHT="16" CONTENT="to" WC="1.00" CC="00"/>
							<SP ID="P4_SP01088" HPOS="2922" VPOS="387" WIDTH="10"/>
							<String ID="P4_ST01303" HPOS="2932" VPOS="363" WIDTH="90" HEIGHT="24" CONTENT="London," WC="0.97" CC="8369360"/>
							<SP ID="P4_SP01089" HPOS="3022" VPOS="387" WIDTH="16"/>
							<String ID="P4_ST01304" HPOS="3038" VPOS="364" WIDTH="66" HEIGHT="19" CONTENT="where" WC="0.98" CC="47000"/>
							<SP ID="P4_SP01090" HPOS="3104" VPOS="387" WIDTH="17"/>
							<String ID="P4_ST01305" HPOS="3121" VPOS="364" WIDTH="48" HEIGHT="24" CONTENT="they" WC="0.95" CC="0769"/>
							<SP ID="P4_SP01091" HPOS="3169" VPOS="388" WIDTH="14"/>
							<String ID="P4_ST01306" HPOS="3183" VPOS="366" WIDTH="38" HEIGHT="19" CONTENT="will" WC="0.95" CC="9146"/>
						</TextLine>
						<TextLine ID="P4_TL00212" HPOS="2793" VPOS="385" WIDTH="428" HEIGHT="25">
							<String ID="P4_ST01307" HPOS="2793" VPOS="388" WIDTH="25" HEIGHT="20" CONTENT="be" WC="0.57" CC="26"/>
							<SP ID="P4_SP01092" HPOS="2818" VPOS="408" WIDTH="9"/>
							<String ID="P4_ST01308" HPOS="2827" VPOS="388" WIDTH="73" HEIGHT="19" CONTENT="melted" WC="0.98" CC="070409"/>
							<SP ID="P4_SP01093" HPOS="2900" VPOS="408" WIDTH="18"/>
							<String ID="P4_ST01309" HPOS="2918" VPOS="388" WIDTH="57" HEIGHT="20" CONTENT="down" WC="0.94" CC="0988"/>
							<SP ID="P4_SP01094" HPOS="2975" VPOS="408" WIDTH="11"/>
							<String ID="P4_ST01310" HPOS="2986" VPOS="385" WIDTH="40" HEIGHT="23" CONTENT="and" WC="0.91" CC="769"/>
							<SP ID="P4_SP01095" HPOS="3026" VPOS="408" WIDTH="14"/>
							<String ID="P4_ST01311" HPOS="3040" VPOS="390" WIDTH="107" HEIGHT="19" CONTENT="converted" WC="0.98" CC="768470070"/>
							<SP ID="P4_SP01096" HPOS="3147" VPOS="409" WIDTH="14"/>
							<String ID="P4_ST01312" HPOS="3161" VPOS="390" WIDTH="40" HEIGHT="18" CONTENT="into" WC="0.94" CC="5877"/>
							<SP ID="P4_SP01097" HPOS="3201" VPOS="409" WIDTH="10"/>
							<String ID="P4_ST01313" HPOS="3211" VPOS="399" WIDTH="10" HEIGHT="11" CONTENT="a" WC="0.24" CC="7"/>
						</TextLine>
						<TextLine ID="P4_TL00213" HPOS="2785" VPOS="411" WIDTH="436" HEIGHT="28">
							<String ID="P4_ST01314" HPOS="2785" VPOS="411" WIDTH="1" HEIGHT="28" CONTENT="i" WC="1.00" CC="0"/>
							<SP ID="P4_SP01098" HPOS="2786" VPOS="439" WIDTH="7"/>
							<String ID="P4_ST01315" HPOS="2793" VPOS="417" WIDTH="66" HEIGHT="17" CONTENT="statue" WC="0.97" CC="719059"/>
							<SP ID="P4_SP01099" HPOS="2859" VPOS="439" WIDTH="10"/>
							<String ID="P4_ST01316" HPOS="2869" VPOS="415" WIDTH="21" HEIGHT="18" CONTENT="of" WC="1.00" CC="00"/>
							<SP ID="P4_SP01100" HPOS="2890" VPOS="439" WIDTH="9"/>
							<String ID="P4_ST01317" HPOS="2899" VPOS="415" WIDTH="53" HEIGHT="18" CONTENT="Lord" WC="0.98" CC="5050"/>
							<SP ID="P4_SP01101" HPOS="2952" VPOS="439" WIDTH="11"/>
							<String ID="P4_ST01318" HPOS="2963" VPOS="415" WIDTH="92" HEIGHT="24" CONTENT=".Roberts," WC="0.98" CC="488854240"/>
							<SP ID="P4_SP01102" HPOS="3055" VPOS="439" WIDTH="11"/>
							<String ID="P4_ST01319" HPOS="3066" VPOS="416" WIDTH="65" HEIGHT="19" CONTENT="which" WC="0.95" CC="97377"/>
							<SP ID="P4_SP01103" HPOS="3131" VPOS="439" WIDTH="9"/>
							<String ID="P4_ST01320" HPOS="3140" VPOS="416" WIDTH="18" HEIGHT="19" CONTENT="is" WC="0.95" CC="00"/>
							<SP ID="P4_SP01104" HPOS="3158" VPOS="439" WIDTH="11"/>
							<String ID="P4_ST01321" HPOS="3169" VPOS="418" WIDTH="20" HEIGHT="17" CONTENT="to" WC="1.00" CC="00"/>
							<SP ID="P4_SP01105" HPOS="3189" VPOS="439" WIDTH="10"/>
							<String ID="P4_ST01322" HPOS="3199" VPOS="417" WIDTH="22" HEIGHT="19" CONTENT="ho" WC="0.07" CC="98"/>
						</TextLine>
						<TextLine ID="P4_TL00214" HPOS="2794" VPOS="440" WIDTH="217" HEIGHT="20">
							<String ID="P4_ST01323" HPOS="2794" VPOS="441" WIDTH="78" HEIGHT="18" CONTENT="erected" WC="0.99" CC="7107040"/>
							<SP ID="P4_SP01106" HPOS="2872" VPOS="459" WIDTH="8"/>
							<String ID="P4_ST01324" HPOS="2880" VPOS="441" WIDTH="22" HEIGHT="18" CONTENT="in" WC="0.27" CC="77"/>
							<SP ID="P4_SP01107" HPOS="2902" VPOS="459" WIDTH="9"/>
							<String ID="P4_ST01325" HPOS="2911" VPOS="440" WIDTH="100" HEIGHT="20" CONTENT="Calcutta." WC="0.99" CC="250470004"/>
						</TextLine>
						<TextLine ID="P4_TL00215" HPOS="2820" VPOS="471" WIDTH="403" HEIGHT="27">
							<String ID="P4_ST01326" HPOS="2820" VPOS="472" WIDTH="34" HEIGHT="18" CONTENT="Mr" WC="0.90" CC="20"/>
							<SP ID="P4_SP01108" HPOS="2854" VPOS="490" WIDTH="18"/>
							<String ID="P4_ST01327" HPOS="2872" VPOS="471" WIDTH="20" HEIGHT="19" CONTENT="J." WC="0.50" CC="90"/>
							<SP ID="P4_SP01109" HPOS="2892" VPOS="490" WIDTH="14"/>
							<String ID="P4_ST01328" HPOS="2906" VPOS="472" WIDTH="21" HEIGHT="18" CONTENT="T." WC="0.39" CC="92"/>
							<SP ID="P4_SP01110" HPOS="2927" VPOS="490" WIDTH="20"/>
							<String ID="P4_ST01329" HPOS="2947" VPOS="472" WIDTH="86" HEIGHT="25" CONTENT="Bentley" WC="0.41" CC="6676049"/>
							<SP ID="P4_SP01111" HPOS="3033" VPOS="497" WIDTH="15"/>
							<String ID="P4_ST01330" HPOS="3048" VPOS="473" WIDTH="91" HEIGHT="25" CONTENT="(writing" WC="0.98" CC="27250669"/>
							<SP ID="P4_SP01112" HPOS="3139" VPOS="498" WIDTH="17"/>
							<String ID="P4_ST01331" HPOS="3156" VPOS="475" WIDTH="21" HEIGHT="17" CONTENT="to" WC="0.72" CC="50"/>
							<SP ID="P4_SP01113" HPOS="3177" VPOS="498" WIDTH="16"/>
							<String ID="P4_ST01332" HPOS="3193" VPOS="474" WIDTH="30" HEIGHT="20" CONTENT="tho" WC="0.51" CC="077"/>
						</TextLine>
						<TextLine ID="P4_TL00216" HPOS="2794" VPOS="497" WIDTH="429" HEIGHT="28">
							<String ID="P4_ST01333" HPOS="2794" VPOS="498" WIDTH="108" HEIGHT="23" CONTENT="Creamery" WC="0.99" CC="00000209"/>
							<SP ID="P4_SP01114" HPOS="2902" VPOS="521" WIDTH="18"/>
							<String ID="P4_ST01334" HPOS="2920" VPOS="497" WIDTH="91" HEIGHT="24" CONTENT="Journal.," WC="0.98" CC="995588024"/>
							<SP ID="P4_SP01115" HPOS="3011" VPOS="521" WIDTH="22"/>
							<String ID="P4_ST01335" HPOS="3033" VPOS="498" WIDTH="129" HEIGHT="26" CONTENT="California,)" WC="0.99" CC="675105008007"/>
							<SP ID="P4_SP01116" HPOS="3162" VPOS="524" WIDTH="20"/>
							<String ID="P4_ST01336" HPOS="3182" VPOS="506" WIDTH="41" HEIGHT="19" CONTENT="sayj" WC="0.15" CC="7996"/>
						</TextLine>
						<TextLine ID="P4_TL00217" HPOS="2795" VPOS="523" WIDTH="428" HEIGHT="28">
							<String ID="P4_ST01337" HPOS="2795" VPOS="524" WIDTH="45" HEIGHT="18" CONTENT="that" WC="0.94" CC="6796"/>
							<SP ID="P4_SP01117" HPOS="2840" VPOS="542" WIDTH="6"/>
							<String ID="P4_ST01338" HPOS="2846" VPOS="529" WIDTH="11" HEIGHT="13" CONTENT="a" WC="0.66" CC="3"/>
							<SP ID="P4_SP01118" HPOS="2857" VPOS="542" WIDTH="11"/>
							<String ID="P4_ST01339" HPOS="2868" VPOS="523" WIDTH="56" HEIGHT="25" CONTENT="large" WC="0.95" CC="59993"/>
							<SP ID="P4_SP01119" HPOS="2924" VPOS="548" WIDTH="6"/>
							<String ID="P4_ST01340" HPOS="2930" VPOS="524" WIDTH="77" HEIGHT="25" CONTENT="factory" WC="1.00" CC="0070000"/>
							<SP ID="P4_SP01120" HPOS="3007" VPOS="549" WIDTH="10"/>
							<String ID="P4_ST01341" HPOS="3017" VPOS="524" WIDTH="66" HEIGHT="19" CONTENT="which" WC="0.98" CC="07007"/>
							<SP ID="P4_SP01121" HPOS="3083" VPOS="549" WIDTH="7"/>
							<String ID="P4_ST01342" HPOS="3090" VPOS="528" WIDTH="58" HEIGHT="15" CONTENT="turns" WC="0.97" CC="03577"/>
							<SP ID="P4_SP01122" HPOS="3148" VPOS="549" WIDTH="10"/>
							<String ID="P4_ST01343" HPOS="3158" VPOS="529" WIDTH="33" HEIGHT="14" CONTENT="out" WC="0.98" CC="400"/>
							<SP ID="P4_SP01123" HPOS="3191" VPOS="549" WIDTH="9"/>
							<String ID="P4_ST01344" HPOS="3200" VPOS="533" WIDTH="23" HEIGHT="18" CONTENT="up" WC="0.18" CC="69"/>
						</TextLine>
						<TextLine ID="P4_TL00218" HPOS="2795" VPOS="549" WIDTH="429" HEIGHT="27">
							<String ID="P4_ST01345" HPOS="2795" VPOS="552" WIDTH="21" HEIGHT="16" CONTENT="to" WC="0.85" CC="02"/>
							<SP ID="P4_SP01124" HPOS="2816" VPOS="568" WIDTH="25"/>
							<String ID="P4_ST01346" HPOS="2841" VPOS="549" WIDTH="115" HEIGHT="23" CONTENT="140,()00lbs" WC="0.44" CC="09704599076"/>
							<SP ID="P4_SP01125" HPOS="2956" VPOS="572" WIDTH="18"/>
							<String ID="P4_ST01347" HPOS="2974" VPOS="550" WIDTH="21" HEIGHT="18" CONTENT="of" WC="0.97" CC="00"/>
							<SP ID="P4_SP01126" HPOS="2995" VPOS="572" WIDTH="13"/>
							<String ID="P4_ST01348" HPOS="3008" VPOS="550" WIDTH="70" HEIGHT="19" CONTENT="butter" WC="0.99" CC="720000"/>
							<SP ID="P4_SP01127" HPOS="3078" VPOS="572" WIDTH="18"/>
							<String ID="P4_ST01349" HPOS="3096" VPOS="557" WIDTH="36" HEIGHT="19" CONTENT="per" WC="0.99" CC="002"/>
							<SP ID="P4_SP01128" HPOS="3132" VPOS="576" WIDTH="21"/>
							<String ID="P4_ST01350" HPOS="3153" VPOS="557" WIDTH="71" HEIGHT="14" CONTENT="annum" WC="0.96" CC="24858"/>
						</TextLine>
						<TextLine ID="P4_TL00219" HPOS="2796" VPOS="575" WIDTH="428" HEIGHT="26">
							<String ID="P4_ST01351" HPOS="2796" VPOS="575" WIDTH="64" HEIGHT="19" CONTENT="found" WC="0.96" CC="92078"/>
							<SP ID="P4_SP01129" HPOS="2860" VPOS="594" WIDTH="18"/>
							<String ID="P4_ST01352" HPOS="2878" VPOS="575" WIDTH="132" HEIGHT="26" CONTENT="occasionally" WC="0.99" CC="502929083436"/>
							<SP ID="P4_SP01130" HPOS="3010" VPOS="601" WIDTH="14"/>
							<String ID="P4_ST01353" HPOS="3024" VPOS="576" WIDTH="45" HEIGHT="19" CONTENT="that" WC="0.98" CC="0700"/>
							<SP ID="P4_SP01131" HPOS="3069" VPOS="601" WIDTH="19"/>
							<String ID="P4_ST01354" HPOS="3088" VPOS="583" WIDTH="54" HEIGHT="12" CONTENT="some" WC="0.97" CC="7007"/>
							<SP ID="P4_SP01132" HPOS="3142" VPOS="601" WIDTH="14"/>
							<String ID="P4_ST01355" HPOS="3156" VPOS="577" WIDTH="21" HEIGHT="18" CONTENT="of" WC="1.00" CC="00"/>
							<SP ID="P4_SP01133" HPOS="3177" VPOS="601" WIDTH="17"/>
							<String ID="P4_ST01356" HPOS="3194" VPOS="578" WIDTH="30" HEIGHT="19" CONTENT="the" WC="0.95" CC="086"/>
						</TextLine>
						<TextLine ID="P4_TL00220" HPOS="2796" VPOS="601" WIDTH="428" HEIGHT="22">
							<String ID="P4_ST01357" HPOS="2796" VPOS="601" WIDTH="59" HEIGHT="19" CONTENT="tnake" WC="0.50" CC="18077"/>
							<SP ID="P4_SP01134" HPOS="2855" VPOS="620" WIDTH="17"/>
							<String ID="P4_ST01358" HPOS="2872" VPOS="604" WIDTH="53" HEIGHT="16" CONTENT="went" WC="0.95" CC="9570"/>
							<SP ID="P4_SP01135" HPOS="2925" VPOS="620" WIDTH="18"/>
							<String ID="P4_ST01359" HPOS="2943" VPOS="602" WIDTH="46" HEIGHT="18" CONTENT="bad." WC="0.96" CC="7900"/>
							<SP ID="P4_SP01136" HPOS="2989" VPOS="620" WIDTH="28"/>
							<String ID="P4_ST01360" HPOS="3017" VPOS="602" WIDTH="44" HEIGHT="19" CONTENT="The" WC="0.91" CC="975"/>
							<SP ID="P4_SP01137" HPOS="3061" VPOS="621" WIDTH="14"/>
							<String ID="P4_ST01361" HPOS="3075" VPOS="603" WIDTH="149" HEIGHT="20" CONTENT="establishment" WC="0.99" CC="2600813779786"/>
						</TextLine>
						<TextLine ID="P4_TL00221" HPOS="2797" VPOS="627" WIDTH="427" HEIGHT="26">
							<String ID="P4_ST01362" HPOS="2797" VPOS="627" WIDTH="48" HEIGHT="19" CONTENT="then" WC="0.95" CC="0768"/>
							<SP ID="P4_SP01138" HPOS="2845" VPOS="646" WIDTH="10"/>
							<String ID="P4_ST01363" HPOS="2855" VPOS="627" WIDTH="113" HEIGHT="19" CONTENT="undertook" WC="0.99" CC="480060092"/>
							<SP ID="P4_SP01139" HPOS="2968" VPOS="646" WIDTH="9"/>
							<String ID="P4_ST01364" HPOS="2977" VPOS="627" WIDTH="35" HEIGHT="19" CONTENT="tho" WC="0.40" CC="277"/>
							<SP ID="P4_SP01140" HPOS="3012" VPOS="646" WIDTH="7"/>
							<String ID="P4_ST01365" HPOS="3019" VPOS="629" WIDTH="137" HEIGHT="24" CONTENT="pasteurising" WC="0.99" CC="097070057470"/>
							<SP ID="P4_SP01141" HPOS="3156" VPOS="653" WIDTH="14"/>
							<String ID="P4_ST01366" HPOS="3170" VPOS="629" WIDTH="21" HEIGHT="18" CONTENT="of" WC="0.33" CC="39"/>
							<SP ID="P4_SP01142" HPOS="3191" VPOS="653" WIDTH="10"/>
							<String ID="P4_ST01367" HPOS="3201" VPOS="630" WIDTH="23" HEIGHT="18" CONTENT="all" WC="0.96" CC="900"/>
						</TextLine>
						<TextLine ID="P4_TL00222" HPOS="2798" VPOS="653" WIDTH="426" HEIGHT="22">
							<String ID="P4_ST01368" HPOS="2798" VPOS="659" WIDTH="65" HEIGHT="12" CONTENT="cream" WC="0.97" CC="73008"/>
							<SP ID="P4_SP01143" HPOS="2863" VPOS="671" WIDTH="10"/>
							<String ID="P4_ST01369" HPOS="2873" VPOS="653" WIDTH="15" HEIGHT="18" CONTENT="it" WC="0.29" CC="67"/>
							<SP ID="P4_SP01144" HPOS="2888" VPOS="671" WIDTH="9"/>
							<String ID="P4_ST01370" HPOS="2897" VPOS="653" WIDTH="96" HEIGHT="22" CONTENT="received," WC="0.98" CC="575648000"/>
							<SP ID="P4_SP01145" HPOS="2993" VPOS="675" WIDTH="12"/>
							<String ID="P4_ST01371" HPOS="3005" VPOS="654" WIDTH="50" HEIGHT="18" CONTENT="with" WC="0.95" CC="9508"/>
							<SP ID="P4_SP01146" HPOS="3055" VPOS="675" WIDTH="9"/>
							<String ID="P4_ST01372" HPOS="3064" VPOS="654" WIDTH="35" HEIGHT="19" CONTENT="the" WC="0.95" CC="075"/>
							<SP ID="P4_SP01147" HPOS="3099" VPOS="675" WIDTH="10"/>
							<String ID="P4_ST01373" HPOS="3109" VPOS="655" WIDTH="62" HEIGHT="18" CONTENT="result" WC="0.97" CC="057839"/>
							<SP ID="P4_SP01148" HPOS="3171" VPOS="675" WIDTH="15"/>
							<String ID="P4_ST01374" HPOS="3186" VPOS="655" WIDTH="38" HEIGHT="19" CONTENT="that" WC="0.98" CC="0090"/>
						</TextLine>
						<TextLine ID="P4_TL00223" HPOS="2798" VPOS="679" WIDTH="426" HEIGHT="24">
							<String ID="P4_ST01375" HPOS="2798" VPOS="685" WIDTH="46" HEIGHT="12" CONTENT="ever" WC="0.95" CC="7805"/>
							<SP ID="P4_SP01149" HPOS="2844" VPOS="697" WIDTH="9"/>
							<String ID="P4_ST01376" HPOS="2853" VPOS="679" WIDTH="53" HEIGHT="18" CONTENT="since" WC="0.97" CC="70707"/>
							<SP ID="P4_SP01150" HPOS="2906" VPOS="697" WIDTH="10"/>
							<String ID="P4_ST01377" HPOS="2916" VPOS="679" WIDTH="40" HEIGHT="18" CONTENT="tins" WC="0.94" CC="3789"/>
							<SP ID="P4_SP01151" HPOS="2956" VPOS="697" WIDTH="15"/>
							<String ID="P4_ST01378" HPOS="2971" VPOS="682" WIDTH="74" HEIGHT="21" CONTENT="system" WC="0.98" CC="204078"/>
							<SP ID="P4_SP01152" HPOS="3045" VPOS="703" WIDTH="10"/>
							<String ID="P4_ST01379" HPOS="3055" VPOS="686" WIDTH="41" HEIGHT="13" CONTENT="was" WC="0.97" CC="007"/>
							<SP ID="P4_SP01153" HPOS="3096" VPOS="703" WIDTH="16"/>
							<String ID="P4_ST01380" HPOS="3112" VPOS="679" WIDTH="112" HEIGHT="21" CONTENT="introduced" WC="0.98" CC="2654464059"/>
						</TextLine>
						<TextLine ID="P4_TL00224" HPOS="2798" VPOS="704" WIDTH="428" HEIGHT="25">
							<String ID="P4_ST01381" HPOS="2798" VPOS="705" WIDTH="35" HEIGHT="18" CONTENT="tho" WC="0.47" CC="078"/>
							<SP ID="P4_SP01154" HPOS="2833" VPOS="723" WIDTH="17"/>
							<String ID="P4_ST01382" HPOS="2850" VPOS="704" WIDTH="78" HEIGHT="25" CONTENT="factory" WC="0.98" CC="0962910"/>
							<SP ID="P4_SP01155" HPOS="2928" VPOS="729" WIDTH="16"/>
							<String ID="P4_ST01383" HPOS="2944" VPOS="705" WIDTH="37" HEIGHT="19" CONTENT="has" WC="0.96" CC="730"/>
							<SP ID="P4_SP01156" HPOS="2981" VPOS="729" WIDTH="10"/>
							<String ID="P4_ST01384" HPOS="2991" VPOS="708" WIDTH="34" HEIGHT="16" CONTENT="not" WC="0.93" CC="890"/>
							<SP ID="P4_SP01157" HPOS="3025" VPOS="729" WIDTH="14"/>
							<String ID="P4_ST01385" HPOS="3039" VPOS="706" WIDTH="41" HEIGHT="18" CONTENT="had" WC="0.94" CC="770"/>
							<SP ID="P4_SP01158" HPOS="3080" VPOS="729" WIDTH="10"/>
							<String ID="P4_ST01386" HPOS="3090" VPOS="713" WIDTH="12" HEIGHT="11" CONTENT="a" WC="0.35" CC="6"/>
							<SP ID="P4_SP01159" HPOS="3102" VPOS="729" WIDTH="9"/>
							<String ID="P4_ST01387" HPOS="3111" VPOS="707" WIDTH="38" HEIGHT="18" CONTENT="tub" WC="0.96" CC="062"/>
							<SP ID="P4_SP01160" HPOS="3149" VPOS="729" WIDTH="18"/>
							<String ID="P4_ST01388" HPOS="3167" VPOS="706" WIDTH="21" HEIGHT="19" CONTENT="of" WC="0.93" CC="10"/>
							<SP ID="P4_SP01161" HPOS="3188" VPOS="729" WIDTH="13"/>
							<String ID="P4_ST01389" HPOS="3201" VPOS="708" WIDTH="25" HEIGHT="18" CONTENT="off" WC="0.91" CC="597"/>
						</TextLine>
						<TextLine ID="P4_TL00225" HPOS="2799" VPOS="731" WIDTH="427" HEIGHT="25">
							<String ID="P4_ST01390" HPOS="2799" VPOS="731" WIDTH="74" HEIGHT="22" CONTENT="butter," WC="0.99" CC="7500000"/>
							<SP ID="P4_SP01162" HPOS="2873" VPOS="753" WIDTH="20"/>
							<String ID="P4_ST01391" HPOS="2893" VPOS="731" WIDTH="39" HEIGHT="18" CONTENT="and" WC="0.97" CC="070"/>
							<SP ID="P4_SP01163" HPOS="2932" VPOS="753" WIDTH="15"/>
							<String ID="P4_ST01392" HPOS="2947" VPOS="731" WIDTH="34" HEIGHT="18" CONTENT="the" WC="0.95" CC="076"/>
							<SP ID="P4_SP01164" HPOS="2981" VPOS="753" WIDTH="14"/>
							<String ID="P4_ST01393" HPOS="2995" VPOS="732" WIDTH="64" HEIGHT="24" CONTENT="prices" WC="0.97" CC="095707"/>
							<SP ID="P4_SP01165" HPOS="3059" VPOS="756" WIDTH="19"/>
							<String ID="P4_ST01394" HPOS="3078" VPOS="732" WIDTH="85" HEIGHT="18" CONTENT="realised" WC="0.99" CC="04360570"/>
							<SP ID="P4_SP01166" HPOS="3163" VPOS="756" WIDTH="14"/>
							<String ID="P4_ST01395" HPOS="3177" VPOS="733" WIDTH="49" HEIGHT="19" CONTENT="since" WC="0.97" CC="66071"/>
						</TextLine>
						<TextLine ID="P4_TL00226" HPOS="2799" VPOS="756" WIDTH="427" HEIGHT="26">
							<String ID="P4_ST01396" HPOS="2799" VPOS="756" WIDTH="34" HEIGHT="19" CONTENT="the" WC="0.93" CC="674"/>
							<SP ID="P4_SP01167" HPOS="2833" VPOS="775" WIDTH="10"/>
							<String ID="P4_ST01397" HPOS="2843" VPOS="756" WIDTH="136" HEIGHT="26" CONTENT="pasteurising" WC="0.98" CC="079075649570"/>
							<SP ID="P4_SP01168" HPOS="2979" VPOS="782" WIDTH="11"/>
							<String ID="P4_ST01398" HPOS="2990" VPOS="764" WIDTH="39" HEIGHT="12" CONTENT="was" WC="0.92" CC="992"/>
							<SP ID="P4_SP01169" HPOS="3029" VPOS="782" WIDTH="10"/>
							<String ID="P4_ST01399" HPOS="3039" VPOS="758" WIDTH="75" HEIGHT="18" CONTENT="started" WC="0.97" CC="6094278"/>
							<SP ID="P4_SP01170" HPOS="3114" VPOS="782" WIDTH="11"/>
							<String ID="P4_ST01400" HPOS="3125" VPOS="758" WIDTH="37" HEIGHT="18" CONTENT="has" WC="0.90" CC="799"/>
							<SP ID="P4_SP01171" HPOS="3162" VPOS="782" WIDTH="18"/>
							<String ID="P4_ST01401" HPOS="3180" VPOS="758" WIDTH="46" HEIGHT="19" CONTENT="been" WC="0.94" CC="7768"/>
						</TextLine>
						<TextLine ID="P4_TL00227" HPOS="2799" VPOS="783" WIDTH="427" HEIGHT="21">
							<String ID="P4_ST01402" HPOS="2799" VPOS="783" WIDTH="51" HEIGHT="18" CONTENT="from" WC="0.94" CC="9927"/>
							<SP ID="P4_SP01172" HPOS="2850" VPOS="801" WIDTH="10"/>
							<String ID="P4_ST01403" HPOS="2860" VPOS="785" WIDTH="39" HEIGHT="16" CONTENT="two" WC="0.94" CC="096"/>
							<SP ID="P4_SP01173" HPOS="2899" VPOS="801" WIDTH="10"/>
							<String ID="P4_ST01404" HPOS="2909" VPOS="785" WIDTH="20" HEIGHT="16" CONTENT="to" WC="1.00" CC="00"/>
							<SP ID="P4_SP01174" HPOS="2929" VPOS="801" WIDTH="8"/>
							<String ID="P4_ST01405" HPOS="2937" VPOS="783" WIDTH="56" HEIGHT="19" CONTENT="three" WC="0.98" CC="07104"/>
							<SP ID="P4_SP01175" HPOS="2993" VPOS="802" WIDTH="9"/>
							<String ID="P4_ST01406" HPOS="3002" VPOS="787" WIDTH="56" HEIGHT="15" CONTENT="cents" WC="0.96" CC="75716"/>
							<SP ID="P4_SP01176" HPOS="3058" VPOS="802" WIDTH="6"/>
							<String ID="P4_ST01407" HPOS="3064" VPOS="783" WIDTH="63" HEIGHT="20" CONTENT="above" WC="0.95" CC="97664"/>
							<SP ID="P4_SP01177" HPOS="3127" VPOS="803" WIDTH="10"/>
							<String ID="P4_ST01408" HPOS="3137" VPOS="785" WIDTH="28" HEIGHT="18" CONTENT="all" WC="0.95" CC="066"/>
							<SP ID="P4_SP01178" HPOS="3165" VPOS="803" WIDTH="9"/>
							<String ID="P4_ST01409" HPOS="3174" VPOS="785" WIDTH="52" HEIGHT="19" CONTENT="other" WC="0.96" CC="50793"/>
						</TextLine>
					</TextBlock>
				</ComposedBlock>
				<ComposedBlock ID="P4_CB00009" HPOS="2802" VPOS="872" WIDTH="435" HEIGHT="1597" TYPE="Advertisement">
					<TextBlock ID="P4_TB00011" HPOS="2802" VPOS="872" WIDTH="435" HEIGHT="1597" STYLEREFS="TXT_2 PAR_LEFT">
						<TextLine ID="P4_TL00228" HPOS="2848" VPOS="872" WIDTH="335" HEIGHT="56">
							<String ID="P4_ST01410" HPOS="2848" VPOS="872" WIDTH="158" HEIGHT="52" CONTENT="Steele" WC="0.97" CC="574906" STYLEREFS="TXT_57"/>
							<SP ID="P4_SP01179" HPOS="3006" VPOS="924" WIDTH="38"/>
							<String ID="P4_ST01411" HPOS="3044" VPOS="875" WIDTH="139" HEIGHT="53" CONTENT="Bros." WC="0.98" CC="50022" STYLEREFS="TXT_57"/>
						</TextLine>
						<TextLine ID="P4_TL00229" HPOS="2804" VPOS="959" WIDTH="422" HEIGHT="47">
							<String ID="P4_ST01412" HPOS="2804" VPOS="959" WIDTH="192" HEIGHT="41" CONTENT="MARASROA" WC="0.47" CC="29437561" STYLEREFS="TXT_5"/>
							<SP ID="P4_SP01180" HPOS="2996" VPOS="1000" WIDTH="57"/>
							<String ID="P4_ST01413" HPOS="3053" VPOS="961" WIDTH="173" HEIGHT="45" CONTENT="SAWMILL." WC="0.97" CC="69890266" STYLEREFS="TXT_5"/>
						</TextLine>
						<TextLine ID="P4_TL00230" HPOS="2805" VPOS="1018" WIDTH="423" HEIGHT="48">
							<String ID="P4_ST01414" HPOS="2805" VPOS="1018" WIDTH="131" HEIGHT="48" CONTENT="DESIRE" WC="0.97" CC="605477"/>
							<SP ID="P4_SP01181" HPOS="2936" VPOS="1066" WIDTH="9"/>
							<String ID="P4_ST01415" HPOS="2945" VPOS="1021" WIDTH="21" HEIGHT="16" CONTENT="to" WC="0.65" CC="06"/>
							<SP ID="P4_SP01182" HPOS="2966" VPOS="1066" WIDTH="10"/>
							<String ID="P4_ST01416" HPOS="2976" VPOS="1019" WIDTH="63" HEIGHT="20" CONTENT="thank" WC="0.97" CC="07480"/>
							<SP ID="P4_SP01183" HPOS="3039" VPOS="1066" WIDTH="20"/>
							<String ID="P4_ST01417" HPOS="3059" VPOS="1021" WIDTH="34" HEIGHT="19" CONTENT="the" WC="0.97" CC="070"/>
							<SP ID="P4_SP01184" HPOS="3093" VPOS="1066" WIDTH="19"/>
							<String ID="P4_ST01418" HPOS="3112" VPOS="1022" WIDTH="68" HEIGHT="25" CONTENT="public" WC="0.99" CC="002060"/>
							<SP ID="P4_SP01185" HPOS="3180" VPOS="1066" WIDTH="19"/>
							<String ID="P4_ST01419" HPOS="3199" VPOS="1025" WIDTH="29" HEIGHT="19" CONTENT="for" WC="0.92" CC="973"/>
						</TextLine>
						<TextLine ID="P4_TL00231" HPOS="2882" VPOS="1044" WIDTH="347" HEIGHT="28">
							<String ID="P4_ST01420" HPOS="2882" VPOS="1048" WIDTH="45" HEIGHT="21" CONTENT="past" WC="0.95" CC="9275"/>
							<SP ID="P4_SP01186" HPOS="2927" VPOS="1069" WIDTH="8"/>
							<String ID="P4_ST01421" HPOS="2935" VPOS="1044" WIDTH="68" HEIGHT="21" CONTENT="favors" WC="0.97" CC="267627"/>
							<SP ID="P4_SP01187" HPOS="3003" VPOS="1069" WIDTH="7"/>
							<String ID="P4_ST01422" HPOS="3010" VPOS="1046" WIDTH="39" HEIGHT="19" CONTENT="and" WC="0.97" CC="080"/>
							<SP ID="P4_SP01188" HPOS="3049" VPOS="1069" WIDTH="9"/>
							<String ID="P4_ST01423" HPOS="3058" VPOS="1047" WIDTH="37" HEIGHT="25" CONTENT="beg" WC="0.91" CC="778" STYLEREFS="TXT_7"/>
							<SP ID="P4_SP01189" HPOS="3095" VPOS="1072" WIDTH="8"/>
							<String ID="P4_ST01424" HPOS="3103" VPOS="1051" WIDTH="19" HEIGHT="15" CONTENT="to" WC="0.34" CC="57"/>
							<SP ID="P4_SP01190" HPOS="3122" VPOS="1072" WIDTH="6"/>
							<String ID="P4_ST01425" HPOS="3128" VPOS="1055" WIDTH="101" HEIGHT="16" CONTENT="announce" WC="0.98" CC="00797870"/>
						</TextLine>
						<TextLine ID="P4_TL00232" HPOS="2803" VPOS="1070" WIDTH="426" HEIGHT="27">
							<String ID="P4_ST01426" HPOS="2803" VPOS="1072" WIDTH="43" HEIGHT="18" CONTENT="that" WC="0.95" CC="4945"/>
							<SP ID="P4_SP01191" HPOS="2846" VPOS="1090" WIDTH="18"/>
							<String ID="P4_ST01427" HPOS="2864" VPOS="1070" WIDTH="74" HEIGHT="24" CONTENT="having" WC="0.98" CC="604077"/>
							<SP ID="P4_SP01192" HPOS="2938" VPOS="1094" WIDTH="18"/>
							<String ID="P4_ST01428" HPOS="2956" VPOS="1078" WIDTH="12" HEIGHT="12" CONTENT="a" WC="0.97" CC="0"/>
							<SP ID="P4_SP01193" HPOS="2968" VPOS="1094" WIDTH="22"/>
							<String ID="P4_ST01429" HPOS="2990" VPOS="1072" WIDTH="56" HEIGHT="25" CONTENT="large" WC="0.97" CC="59370"/>
							<SP ID="P4_SP01194" HPOS="3046" VPOS="1097" WIDTH="19"/>
							<String ID="P4_ST01430" HPOS="3065" VPOS="1074" WIDTH="58" HEIGHT="19" CONTENT="stock" WC="0.97" CC="72743"/>
							<SP ID="P4_SP01195" HPOS="3123" VPOS="1097" WIDTH="19"/>
							<String ID="P4_ST01431" HPOS="3142" VPOS="1075" WIDTH="22" HEIGHT="19" CONTENT="of" WC="0.12" CC="79"/>
							<SP ID="P4_SP01196" HPOS="3164" VPOS="1097" WIDTH="18"/>
							<String ID="P4_ST01432" HPOS="3182" VPOS="1079" WIDTH="38" HEIGHT="17" CONTENT="well" SUBS_TYPE="HypPart1" SUBS_CONTENT="wellseasoned" WC="0.96" CC="4678"/>
							<HYP HPOS="3220" VPOS="1079" WIDTH="9" CONTENT="-"/>
						</TextLine>
						<TextLine ID="P4_TL00233" HPOS="2803" VPOS="1098" WIDTH="425" HEIGHT="25">
							<String ID="P4_ST01433" HPOS="2803" VPOS="1099" WIDTH="93" HEIGHT="17" CONTENT="seasoned" SUBS_TYPE="HypPart2" SUBS_CONTENT="wellseasoned" WC="0.97" CC="77079892"/>
							<SP ID="P4_SP01197" HPOS="2896" VPOS="1116" WIDTH="21"/>
							<String ID="P4_ST01434" HPOS="2917" VPOS="1098" WIDTH="106" HEIGHT="19" CONTENT="first-class" WC="0.99" CC="06580440079"/>
							<SP ID="P4_SP01198" HPOS="3023" VPOS="1117" WIDTH="18"/>
							<String ID="P4_ST01435" HPOS="3041" VPOS="1099" WIDTH="75" HEIGHT="20" CONTENT="timber" WC="0.98" CC="506900"/>
							<SP ID="P4_SP01199" HPOS="3116" VPOS="1119" WIDTH="17"/>
							<String ID="P4_ST01436" HPOS="3133" VPOS="1107" WIDTH="24" HEIGHT="13" CONTENT="on" WC="0.94" CC="10"/>
							<SP ID="P4_SP01200" HPOS="3157" VPOS="1120" WIDTH="22"/>
							<String ID="P4_ST01437" HPOS="3179" VPOS="1102" WIDTH="49" HEIGHT="21" CONTENT="hand" WC="0.93" CC="9788"/>
						</TextLine>
						<TextLine ID="P4_TL00234" HPOS="2803" VPOS="1124" WIDTH="422" HEIGHT="25">
							<String ID="P4_ST01438" HPOS="2803" VPOS="1124" WIDTH="47" HEIGHT="25" CONTENT="they" WC="0.96" CC="0775"/>
							<SP ID="P4_SP01201" HPOS="2850" VPOS="1149" WIDTH="12"/>
							<String ID="P4_ST01439" HPOS="2862" VPOS="1130" WIDTH="31" HEIGHT="13" CONTENT="are" WC="0.94" CC="770"/>
							<SP ID="P4_SP01202" HPOS="2893" VPOS="1149" WIDTH="12"/>
							<String ID="P4_ST01440" HPOS="2905" VPOS="1124" WIDTH="96" HEIGHT="24" CONTENT="prepared" WC="0.98" CC="36697512"/>
							<SP ID="P4_SP01203" HPOS="3001" VPOS="1149" WIDTH="19"/>
							<String ID="P4_ST01441" HPOS="3020" VPOS="1130" WIDTH="20" HEIGHT="15" CONTENT="to" WC="0.51" CC="81"/>
							<SP ID="P4_SP01204" HPOS="3040" VPOS="1149" WIDTH="18"/>
							<String ID="P4_ST01442" HPOS="3058" VPOS="1126" WIDTH="53" HEIGHT="19" CONTENT="fulfil" WC="0.97" CC="060967"/>
							<SP ID="P4_SP01205" HPOS="3111" VPOS="1149" WIDTH="17"/>
							<String ID="P4_ST01443" HPOS="3128" VPOS="1128" WIDTH="69" HEIGHT="20" CONTENT="orders" WC="0.96" CC="528199"/>
							<SP ID="P4_SP01206" HPOS="3197" VPOS="1149" WIDTH="11"/>
							<String ID="P4_ST01444" HPOS="3208" VPOS="1135" WIDTH="17" HEIGHT="13" CONTENT="at" WC="0.25" CC="77"/>
						</TextLine>
						<TextLine ID="P4_TL00235" HPOS="2803" VPOS="1150" WIDTH="155" HEIGHT="20">
							<String ID="P4_ST01445" HPOS="2803" VPOS="1150" WIDTH="86" HEIGHT="19" CONTENT="reduced" WC="0.99" CC="0807004"/>
							<SP ID="P4_SP01207" HPOS="2889" VPOS="1169" WIDTH="9"/>
							<String ID="P4_ST01446" HPOS="2898" VPOS="1152" WIDTH="60" HEIGHT="18" CONTENT="rates." WC="0.98" CC="691040"/>
						</TextLine>
						<TextLine ID="P4_TL00236" HPOS="2819" VPOS="1267" WIDTH="401" HEIGHT="30">
							<String ID="P4_ST01447" HPOS="2819" VPOS="1267" WIDTH="161" HEIGHT="21" CONTENT="BARRISTER" WC="0.97" CC="797887767"/>
							<SP ID="P4_SP01208" HPOS="2980" VPOS="1288" WIDTH="14"/>
							<String ID="P4_ST01448" HPOS="2994" VPOS="1270" WIDTH="61" HEIGHT="19" CONTENT="AND" WC="0.94" CC="078"/>
							<SP ID="P4_SP01209" HPOS="3055" VPOS="1289" WIDTH="12"/>
							<String ID="P4_ST01449" HPOS="3067" VPOS="1270" WIDTH="153" HEIGHT="27" CONTENT="SOLICirOK," WC="0.46" CC="8581758080"/>
						</TextLine>
						<TextLine ID="P4_TL00237" HPOS="2819" VPOS="1300" WIDTH="403" HEIGHT="27">
							<String ID="P4_ST01450" HPOS="2819" VPOS="1301" WIDTH="44" HEIGHT="23" CONTENT="118," WC="0.81" CC="0042" STYLEREFS="TXT_1"/>
							<SP ID="P4_SP01210" HPOS="2863" VPOS="1324" WIDTH="11"/>
							<String ID="P4_ST01451" HPOS="2874" VPOS="1300" WIDTH="109" HEIGHT="20" CONTENT="VICTOHIA" WC="0.42" CC="62582838" STYLEREFS="TXT_1"/>
							<SP ID="P4_SP01211" HPOS="2983" VPOS="1324" WIDTH="9"/>
							<String ID="P4_ST01452" HPOS="2992" VPOS="1302" WIDTH="96" HEIGHT="25" CONTENT="AIICADE," WC="0.57" CC="07820643" STYLEREFS="TXT_1"/>
							<SP ID="P4_SP01212" HPOS="3088" VPOS="1327" WIDTH="11"/>
							<String ID="P4_ST01453" HPOS="3099" VPOS="1304" WIDTH="123" HEIGHT="21" CONTENT="AUCKLAND." WC="0.97" CC="960999781" STYLEREFS="TXT_1"/>
						</TextLine>
						<TextLine ID="P4_TL00238" HPOS="2992" VPOS="1336" WIDTH="59" HEIGHT="21">
							<String ID="P4_ST01454" HPOS="2992" VPOS="1336" WIDTH="59" HEIGHT="21" CONTENT="Also" WC="0.96" CC="5780"/>
						</TextLine>
						<TextLine ID="P4_TL00239" HPOS="2807" VPOS="1365" WIDTH="425" HEIGHT="30">
							<String ID="P4_ST01455" HPOS="2807" VPOS="1365" WIDTH="102" HEIGHT="20" CONTENT="Barrister" WC="0.98" CC="642257053"/>
							<SP ID="P4_SP01213" HPOS="2909" VPOS="1385" WIDTH="10"/>
							<String ID="P4_ST01456" HPOS="2919" VPOS="1366" WIDTH="38" HEIGHT="19" CONTENT="and" WC="0.93" CC="764"/>
							<SP ID="P4_SP01214" HPOS="2957" VPOS="1385" WIDTH="11"/>
							<String ID="P4_ST01457" HPOS="2968" VPOS="1367" WIDTH="94" HEIGHT="20" CONTENT="Solicitor" WC="0.98" CC="750070966"/>
							<SP ID="P4_SP01215" HPOS="3062" VPOS="1387" WIDTH="9"/>
							<String ID="P4_ST01458" HPOS="3071" VPOS="1368" WIDTH="23" HEIGHT="20" CONTENT="of" WC="0.46" CC="46"/>
							<SP ID="P4_SP01216" HPOS="3094" VPOS="1388" WIDTH="6"/>
							<String ID="P4_ST01459" HPOS="3100" VPOS="1371" WIDTH="34" HEIGHT="17" CONTENT="tbe" WC="0.70" CC="350"/>
							<SP ID="P4_SP01217" HPOS="3134" VPOS="1388" WIDTH="7"/>
							<String ID="P4_ST01460" HPOS="3141" VPOS="1369" WIDTH="91" HEIGHT="26" CONTENT="Supreme" WC="0.98" CC="3832066"/>
						</TextLine>
						<TextLine ID="P4_TL00240" HPOS="2885" VPOS="1392" WIDTH="273" HEIGHT="26">
							<String ID="P4_ST01461" HPOS="2885" VPOS="1392" WIDTH="69" HEIGHT="24" CONTENT="Court," WC="0.98" CC="775022"/>
							<SP ID="P4_SP01218" HPOS="2954" VPOS="1416" WIDTH="12"/>
							<String ID="P4_ST01462" HPOS="2966" VPOS="1393" WIDTH="94" HEIGHT="25" CONTENT="Ontario," WC="0.98" CC="27992040"/>
							<SP ID="P4_SP01219" HPOS="3060" VPOS="1418" WIDTH="10"/>
							<String ID="P4_ST01463" HPOS="3070" VPOS="1395" WIDTH="88" HEIGHT="20" CONTENT="Canada." WC="0.98" CC="7472000"/>
						</TextLine>
						<TextLine ID="P4_TL00241" HPOS="2812" VPOS="1461" WIDTH="422" HEIGHT="51">
							<String ID="P4_ST01464" HPOS="2812" VPOS="1461" WIDTH="272" HEIGHT="49" CONTENT="PHOENIX" WC="1.00" CC="0002300" STYLEREFS="TXT_57"/>
							<SP ID="P4_SP01220" HPOS="3084" VPOS="1510" WIDTH="23"/>
							<String ID="P4_ST01465" HPOS="3107" VPOS="1465" WIDTH="127" HEIGHT="47" CONTENT="FIRE" WC="0.97" CC="4605" STYLEREFS="TXT_57"/>
						</TextLine>
						<TextLine ID="P4_TL00242" HPOS="2910" VPOS="1519" WIDTH="225" HEIGHT="45">
							<String ID="P4_ST01466" HPOS="2910" VPOS="1519" WIDTH="225" HEIGHT="45" CONTENT="OFFICE." WC="0.98" CC="2232750" STYLEREFS="TXT_57"/>
						</TextLine>
						<TextLine ID="P4_TL00243" HPOS="2810" VPOS="1621" WIDTH="426" HEIGHT="28">
							<String ID="P4_ST01467" HPOS="2810" VPOS="1621" WIDTH="81" HEIGHT="20" CONTENT="Losses" WC="0.97" CC="937007"/>
							<SP ID="P4_SP01221" HPOS="2891" VPOS="1641" WIDTH="24"/>
							<String ID="P4_ST01468" HPOS="2915" VPOS="1621" WIDTH="55" HEIGHT="20" CONTENT="Paid" WC="0.94" CC="7935"/>
							<SP ID="P4_SP01222" HPOS="2970" VPOS="1641" WIDTH="134"/>
							<String ID="P4_ST01469" HPOS="3104" VPOS="1624" WIDTH="132" HEIGHT="25" CONTENT="£20,000,000" WC="0.62" CC="68200303097"/>
						</TextLine>
						<TextLine ID="P4_TL00244" HPOS="2810" VPOS="1674" WIDTH="426" HEIGHT="28">
							<String ID="P4_ST01470" HPOS="2810" VPOS="1674" WIDTH="54" HEIGHT="20" CONTENT="FiaE" WC="0.42" CC="5475"/>
							<SP ID="P4_SP01223" HPOS="2864" VPOS="1694" WIDTH="8"/>
							<String ID="P4_ST01471" HPOS="2872" VPOS="1674" WIDTH="106" HEIGHT="20" CONTENT="Peesiium" WC="0.41" CC="08387179"/>
							<SP ID="P4_SP01224" HPOS="2978" VPOS="1694" WIDTH="11"/>
							<String ID="P4_ST01472" HPOS="2989" VPOS="1675" WIDTH="99" HEIGHT="21" CONTENT="Exceeds" WC="0.98" CC="2607377"/>
							<SP ID="P4_SP01225" HPOS="3088" VPOS="1696" WIDTH="42"/>
							<String ID="P4_ST01473" HPOS="3130" VPOS="1678" WIDTH="36" HEIGHT="24" CONTENT="1,5'" WC="0.55" CC="3067"/>
							<SP ID="P4_SP01226" HPOS="3166" VPOS="1702" WIDTH="6"/>
							<String ID="P4_ST01474" HPOS="3172" VPOS="1681" WIDTH="17" HEIGHT="17" CONTENT="v\" WC="0.50" CC="09" STYLEREFS="TXT_7"/>
							<SP ID="P4_SP01227" HPOS="3189" VPOS="1702" WIDTH="8"/>
							<String ID="P4_ST01475" HPOS="3197" VPOS="1680" WIDTH="39" HEIGHT="20" CONTENT="100" WC="0.89" CC="137"/>
						</TextLine>
						<TextLine ID="P4_TL00245" HPOS="2809" VPOS="1728" WIDTH="283" HEIGHT="20">
							<String ID="P4_ST01476" HPOS="2809" VPOS="1728" WIDTH="162" HEIGHT="19" CONTENT="Accumulated" WC="0.98" CC="90488891800"/>
							<SP ID="P4_SP01228" HPOS="2971" VPOS="1747" WIDTH="47"/>
							<String ID="P4_ST01477" HPOS="3018" VPOS="1728" WIDTH="74" HEIGHT="20" CONTENT="Funds'." WC="0.97" CC="8880866"/>
						</TextLine>
						<TextLine ID="P4_TL00246" HPOS="2810" VPOS="1753" WIDTH="424" HEIGHT="25">
							<String ID="P4_ST01478" HPOS="2810" VPOS="1753" WIDTH="88" HEIGHT="21" CONTENT="Exceed" WC="0.97" CC="773680"/>
							<SP ID="P4_SP01229" HPOS="2898" VPOS="1774" WIDTH="230"/>
							<String ID="P4_ST01479" HPOS="3128" VPOS="1757" WIDTH="106" HEIGHT="21" CONTENT="£IOOOOOO" WC="0.30" CC="77597457"/>
						</TextLine>
						<TextLine ID="P4_TL00247" HPOS="2809" VPOS="1805" WIDTH="405" HEIGHT="28">
							<String ID="P4_ST01480" HPOS="2809" VPOS="1805" WIDTH="24" HEIGHT="22" CONTENT="W." WC="0.41" CC="82" STYLEREFS="TXT_8"/>
							<SP ID="P4_SP01230" HPOS="2833" VPOS="1827" WIDTH="16"/>
							<String ID="P4_ST01481" HPOS="2849" VPOS="1806" WIDTH="58" HEIGHT="21" CONTENT="WARD" WC="0.94" CC="9942" STYLEREFS="TXT_8"/>
							<SP ID="P4_SP01231" HPOS="2907" VPOS="1827" WIDTH="9"/>
							<String ID="P4_ST01482" HPOS="2916" VPOS="1806" WIDTH="66" HEIGHT="21" CONTENT="BAKER" WC="0.96" CC="49734" STYLEREFS="TXT_8"/>
							<SP ID="P4_SP01232" HPOS="2982" VPOS="1827" WIDTH="61"/>
							<String ID="P4_ST01483" HPOS="3043" VPOS="1808" WIDTH="29" HEIGHT="22" CONTENT="W.'" WC="0.51" CC="905" STYLEREFS="TXT_8"/>
							<SP ID="P4_SP01233" HPOS="3072" VPOS="1830" WIDTH="11"/>
							<String ID="P4_ST01484" HPOS="3083" VPOS="1809" WIDTH="18" HEIGHT="21" CONTENT="A." WC="0.28" CC="94" STYLEREFS="TXT_8"/>
							<SP ID="P4_SP01234" HPOS="3101" VPOS="1830" WIDTH="14"/>
							<String ID="P4_ST01485" HPOS="3115" VPOS="1809" WIDTH="99" HEIGHT="24" CONTENT="WILLIAMS" WC="0.97" CC="77768855" STYLEREFS="TXT_8"/>
						</TextLine>
						<TextLine ID="P4_TL00248" HPOS="2844" VPOS="1832" WIDTH="345" HEIGHT="28">
							<String ID="P4_ST01486" HPOS="2844" VPOS="1832" WIDTH="70" HEIGHT="21" CONTENT="District" WC="0.97" CC="96777707" STYLEREFS="TXT_8"/>
							<SP ID="P4_SP01235" HPOS="2914" VPOS="1853" WIDTH="7"/>
							<String ID="P4_ST01487" HPOS="2921" VPOS="1832" WIDTH="80" HEIGHT="26" CONTENT="Manager" WC="0.97" CC="4478925" STYLEREFS="TXT_8"/>
							<SP ID="P4_SP01236" HPOS="3001" VPOS="1858" WIDTH="71"/>
							<String ID="P4_ST01488" HPOS="3072" VPOS="1834" WIDTH="53" HEIGHT="21" CONTENT="Local" WC="0.97" CC="96503" STYLEREFS="TXT_8"/>
							<SP ID="P4_SP01237" HPOS="3125" VPOS="1858" WIDTH="13"/>
							<String ID="P4_ST01489" HPOS="3138" VPOS="1835" WIDTH="51" HEIGHT="25" CONTENT="flgent" WC="0.32" CC="668676" STYLEREFS="TXT_8"/>
						</TextLine>
						<TextLine ID="P4_TL00249" HPOS="2896" VPOS="1856" WIDTH="301" HEIGHT="30">
							<String ID="P4_ST01490" HPOS="2896" VPOS="1856" WIDTH="102" HEIGHT="22" CONTENT="Auckland." WC="0.97" CC="954978790" STYLEREFS="TXT_8"/>
							<SP ID="P4_SP01238" HPOS="2998" VPOS="1878" WIDTH="121"/>
							<String ID="P4_ST01491" HPOS="3119" VPOS="1859" WIDTH="78" HEIGHT="27" CONTENT="Rotorua," WC="0.38" CC="59675580" STYLEREFS="TXT_8"/>
						</TextLine>
						<TextLine ID="P4_TL00250" HPOS="2810" VPOS="1920" WIDTH="424" HEIGHT="46">
							<String ID="P4_ST01492" HPOS="2810" VPOS="1920" WIDTH="165" HEIGHT="42" CONTENT="ROTORCA" WC="0.22" CC="6757799" STYLEREFS="TXT_5"/>
							<SP ID="P4_SP01239" HPOS="2975" VPOS="1962" WIDTH="17"/>
							<String ID="P4_ST01493" HPOS="2992" VPOS="1921" WIDTH="168" HEIGHT="43" CONTENT="SAWMILL" WC="0.96" CC="7598766" STYLEREFS="TXT_5"/>
							<SP ID="P4_SP01240" HPOS="3160" VPOS="1964" WIDTH="25"/>
							<String ID="P4_ST01494" HPOS="3185" VPOS="1922" WIDTH="49" HEIGHT="44" CONTENT="CO," WC="0.95" CC="770" STYLEREFS="TXT_5"/>
						</TextLine>
						<TextLine ID="P4_TL00251" HPOS="2814" VPOS="1999" WIDTH="421" HEIGHT="50">
							<String ID="P4_ST01495" HPOS="2814" VPOS="1999" WIDTH="132" HEIGHT="50" CONTENT="WHITE" WC="0.96" CC="67837"/>
							<SP ID="P4_SP01241" HPOS="2946" VPOS="2049" WIDTH="9"/>
							<String ID="P4_ST01496" HPOS="2955" VPOS="1999" WIDTH="62" HEIGHT="21" CONTENT="AND" WC="0.93" CC="647"/>
							<SP ID="P4_SP01242" HPOS="3017" VPOS="2049" WIDTH="10"/>
							<String ID="P4_ST01497" HPOS="3027" VPOS="2001" WIDTH="56" HEIGHT="20" CONTENT="RED" WC="0.92" CC="929"/>
							<SP ID="P4_SP01243" HPOS="3083" VPOS="2049" WIDTH="10"/>
							<String ID="P4_ST01498" HPOS="3093" VPOS="2001" WIDTH="70" HEIGHT="21" CONTENT="PINE" WC="0.96" CC="7605"/>
							<SP ID="P4_SP01244" HPOS="3163" VPOS="2049" WIDTH="10"/>
							<String ID="P4_ST01499" HPOS="3173" VPOS="2002" WIDTH="21" HEIGHT="20" CONTENT="of" WC="0.39" CC="38"/>
							<SP ID="P4_SP01245" HPOS="3194" VPOS="2049" WIDTH="11"/>
							<String ID="P4_ST01500" HPOS="3205" VPOS="2002" WIDTH="30" HEIGHT="21" CONTENT="the" WC="0.93" CC="378"/>
						</TextLine>
						<TextLine ID="P4_TL00252" HPOS="2908" VPOS="2026" WIDTH="327" HEIGHT="29">
							<String ID="P4_ST01501" HPOS="2908" VPOS="2026" WIDTH="60" HEIGHT="20" CONTENT="finest" WC="0.96" CC="858583"/>
							<SP ID="P4_SP01246" HPOS="2968" VPOS="2046" WIDTH="17"/>
							<String ID="P4_ST01502" HPOS="2985" VPOS="2028" WIDTH="80" HEIGHT="26" CONTENT="quality" WC="0.97" CC="9677319"/>
							<SP ID="P4_SP01247" HPOS="3065" VPOS="2054" WIDTH="19"/>
							<String ID="P4_ST01503" HPOS="3084" VPOS="2028" WIDTH="40" HEIGHT="20" CONTENT="and" WC="0.92" CC="389"/>
							<SP ID="P4_SP01248" HPOS="3124" VPOS="2054" WIDTH="18"/>
							<String ID="P4_ST01504" HPOS="3142" VPOS="2028" WIDTH="93" HEIGHT="27" CONTENT="carefully" WC="0.98" CC="593368079"/>
						</TextLine>
						<TextLine ID="P4_TL00253" HPOS="2805" VPOS="2055" WIDTH="41" HEIGHT="18">
							<String ID="P4_ST01505" HPOS="2805" VPOS="2055" WIDTH="41" HEIGHT="18" CONTENT="cut." WC="0.97" CC="8050"/>
						</TextLine>
						<TextLine ID="P4_TL00254" HPOS="2993" VPOS="2079" WIDTH="55" HEIGHT="21">
							<String ID="P4_ST01506" HPOS="2993" VPOS="2079" WIDTH="55" HEIGHT="21" CONTENT="Also" WC="0.93" CC="9776"/>
						</TextLine>
						<TextLine ID="P4_TL00255" HPOS="2806" VPOS="2105" WIDTH="430" HEIGHT="28">
							<String ID="P4_ST01507" HPOS="2806" VPOS="2105" WIDTH="89" HEIGHT="24" CONTENT="Matai," WC="0.71" CC="706003" STYLEREFS="TXT_15"/>
							<SP ID="P4_SP01249" HPOS="2895" VPOS="2129" WIDTH="29"/>
							<String ID="P4_ST01508" HPOS="2924" VPOS="2105" WIDTH="129" HEIGHT="28" CONTENT="Pukatea," WC="0.61" CC="68008007" STYLEREFS="TXT_15"/>
							<SP ID="P4_SP01250" HPOS="3053" VPOS="2133" WIDTH="32"/>
							<String ID="P4_ST01509" HPOS="3085" VPOS="2107" WIDTH="51" HEIGHT="22" CONTENT="and" WC="0.94" CC="088" STYLEREFS="TXT_15"/>
							<SP ID="P4_SP01251" HPOS="3136" VPOS="2133" WIDTH="27"/>
							<String ID="P4_ST01510" HPOS="3163" VPOS="2107" WIDTH="73" HEIGHT="24" CONTENT="Tawa" WC="0.42" CC="5790" STYLEREFS="TXT_15"/>
						</TextLine>
						<TextLine ID="P4_TL00256" HPOS="2832" VPOS="2133" WIDTH="366" HEIGHT="26">
							<String ID="P4_ST01511" HPOS="2832" VPOS="2133" WIDTH="133" HEIGHT="25" CONTENT="Shingles," WC="0.98" CC="780782060" STYLEREFS="TXT_15"/>
							<SP ID="P4_SP01252" HPOS="2965" VPOS="2158" WIDTH="13"/>
							<String ID="P4_ST01512" HPOS="2978" VPOS="2133" WIDTH="118" HEIGHT="26" CONTENT="Palings," WC="0.97" CC="79309746" STYLEREFS="TXT_15"/>
							<SP ID="P4_SP01253" HPOS="3096" VPOS="2159" WIDTH="16"/>
							<String ID="P4_ST01513" HPOS="3112" VPOS="2135" WIDTH="86" HEIGHT="22" CONTENT="Block" WC="0.97" CC="60049" STYLEREFS="TXT_15"/>
						</TextLine>
						<TextLine ID="P4_TL00257" HPOS="2945" VPOS="2159" WIDTH="159" HEIGHT="23">
							<String ID="P4_ST01514" HPOS="2945" VPOS="2159" WIDTH="51" HEIGHT="22" CONTENT="and" WC="0.93" CC="809" STYLEREFS="TXT_15"/>
							<SP ID="P4_SP01254" HPOS="2996" VPOS="2181" WIDTH="25"/>
							<String ID="P4_ST01515" HPOS="3021" VPOS="2160" WIDTH="83" HEIGHT="22" CONTENT="Posts." WC="0.97" CC="627954" STYLEREFS="TXT_15"/>
						</TextLine>
						<TextLine ID="P4_TL00258" HPOS="2829" VPOS="2201" WIDTH="405" HEIGHT="29">
							<String ID="P4_ST01516" HPOS="2829" VPOS="2201" WIDTH="19" HEIGHT="21" CONTENT="A" WC="1.00" CC="9"/>
							<SP ID="P4_SP01255" HPOS="2848" VPOS="2222" WIDTH="14"/>
							<String ID="P4_ST01517" HPOS="2862" VPOS="2202" WIDTH="54" HEIGHT="25" CONTENT="good" WC="0.94" CC="7359"/>
							<SP ID="P4_SP01256" HPOS="2916" VPOS="2227" WIDTH="9"/>
							<String ID="P4_ST01518" HPOS="2925" VPOS="2202" WIDTH="41" HEIGHT="20" CONTENT="and" WC="1.00" CC="000"/>
							<SP ID="P4_SP01257" HPOS="2966" VPOS="2227" WIDTH="9"/>
							<String ID="P4_ST01519" HPOS="2975" VPOS="2203" WIDTH="90" HEIGHT="19" CONTENT="assorted" WC="0.99" CC="00009906"/>
							<SP ID="P4_SP01258" HPOS="3065" VPOS="2227" WIDTH="14"/>
							<String ID="P4_ST01520" HPOS="3079" VPOS="2204" WIDTH="74" HEIGHT="26" CONTENT="supply" WC="0.98" CC="047940"/>
							<SP ID="P4_SP01259" HPOS="3153" VPOS="2230" WIDTH="11"/>
							<String ID="P4_ST01521" HPOS="3164" VPOS="2204" WIDTH="70" HEIGHT="26" CONTENT="always" WC="0.97" CC="067597"/>
						</TextLine>
						<TextLine ID="P4_TL00259" HPOS="2803" VPOS="2229" WIDTH="334" HEIGHT="26">
							<String ID="P4_ST01522" HPOS="2803" VPOS="2235" WIDTH="27" HEIGHT="13" CONTENT="on" WC="0.41" CC="47"/>
							<SP ID="P4_SP01260" HPOS="2830" VPOS="2248" WIDTH="9"/>
							<String ID="P4_ST01523" HPOS="2839" VPOS="2229" WIDTH="56" HEIGHT="19" CONTENT="hand" WC="0.97" CC="8005"/>
							<SP ID="P4_SP01261" HPOS="2895" VPOS="2248" WIDTH="11"/>
							<String ID="P4_ST01524" HPOS="2906" VPOS="2231" WIDTH="21" HEIGHT="17" CONTENT="at" WC="0.58" CC="80"/>
							<SP ID="P4_SP01262" HPOS="2927" VPOS="2248" WIDTH="10"/>
							<String ID="P4_ST01525" HPOS="2937" VPOS="2229" WIDTH="34" HEIGHT="19" CONTENT="the" WC="0.93" CC="485"/>
							<SP ID="P4_SP01263" HPOS="2971" VPOS="2248" WIDTH="9"/>
							<String ID="P4_ST01526" HPOS="2980" VPOS="2229" WIDTH="83" HEIGHT="20" CONTENT="Timber" WC="0.96" CC="868369"/>
							<SP ID="P4_SP01264" HPOS="3063" VPOS="2249" WIDTH="11"/>
							<String ID="P4_ST01527" HPOS="3074" VPOS="2230" WIDTH="63" HEIGHT="25" CONTENT="Yard," WC="0.97" CC="23970"/>
						</TextLine>
						<TextLine ID="P4_TL00260" HPOS="2950" VPOS="2260" WIDTH="140" HEIGHT="22">
							<String ID="P4_ST01528" HPOS="2950" VPOS="2260" WIDTH="140" HEIGHT="22" CONTENT="ROTOEUA." WC="0.36" CC="87808790"/>
						</TextLine>
						<TextLine ID="P4_TL00261" HPOS="2803" VPOS="2309" WIDTH="432" HEIGHT="27">
							<String ID="P4_ST01529" HPOS="2803" VPOS="2309" WIDTH="161" HEIGHT="27" CONTENT="N.B.—Special" WC="0.49" CC="307483733576"/>
							<SP ID="P4_SP01265" HPOS="2964" VPOS="2336" WIDTH="9"/>
							<String ID="P4_ST01530" HPOS="2973" VPOS="2317" WIDTH="45" HEIGHT="13" CONTENT="care" WC="0.97" CC="0337"/>
							<SP ID="P4_SP01266" HPOS="3018" VPOS="2336" WIDTH="11"/>
							<String ID="P4_ST01531" HPOS="3029" VPOS="2311" WIDTH="63" HEIGHT="21" CONTENT="taken" WC="0.96" CC="27867"/>
							<SP ID="P4_SP01267" HPOS="3092" VPOS="2336" WIDTH="16"/>
							<String ID="P4_ST01532" HPOS="3108" VPOS="2312" WIDTH="22" HEIGHT="19" CONTENT="in" WC="0.63" CC="07"/>
							<SP ID="P4_SP01268" HPOS="3130" VPOS="2336" WIDTH="15"/>
							<String ID="P4_ST01533" HPOS="3145" VPOS="2311" WIDTH="35" HEIGHT="21" CONTENT="the" WC="0.93" CC="098"/>
							<SP ID="P4_SP01269" HPOS="3180" VPOS="2336" WIDTH="16"/>
							<String ID="P4_ST01534" HPOS="3196" VPOS="2319" WIDTH="30" HEIGHT="14" CONTENT="sea" SUBS_TYPE="HypPart1" SUBS_CONTENT="seasoning." WC="0.96" CC="646"/>
							<HYP HPOS="3226" VPOS="2319" WIDTH="9" CONTENT="-"/>
						</TextLine>
						<TextLine ID="P4_TL00262" HPOS="2984" VPOS="2337" WIDTH="80" HEIGHT="26">
							<String ID="P4_ST01535" HPOS="2984" VPOS="2337" WIDTH="80" HEIGHT="26" CONTENT="soning." SUBS_TYPE="HypPart2" SUBS_CONTENT="seasoning." WC="0.97" CC="4680954"/>
						</TextLine>
						<TextLine ID="P4_TL00263" HPOS="2816" VPOS="2383" WIDTH="406" HEIGHT="23">
							<String ID="P4_ST01536" HPOS="2816" VPOS="2383" WIDTH="99" HEIGHT="22" CONTENT="PRICES" WC="0.96" CC="982777"/>
							<SP ID="P4_SP01270" HPOS="2915" VPOS="2405" WIDTH="15"/>
							<String ID="P4_ST01537" HPOS="2930" VPOS="2385" WIDTH="35" HEIGHT="20" CONTENT="AT" WC="0.02" CC="99"/>
							<SP ID="P4_SP01271" HPOS="2965" VPOS="2405" WIDTH="15"/>
							<String ID="P4_ST01538" HPOS="2980" VPOS="2384" WIDTH="134" HEIGHT="22" CONTENT="CURRENT" WC="0.96" CC="6577977"/>
							<SP ID="P4_SP01272" HPOS="3114" VPOS="2406" WIDTH="15"/>
							<String ID="P4_ST01539" HPOS="3129" VPOS="2385" WIDTH="93" HEIGHT="21" CONTENT="EATES." WC="0.41" CC="609774"/>
						</TextLine>
						<TextLine ID="P4_TL00264" HPOS="2854" VPOS="2444" WIDTH="337" HEIGHT="22">
							<String ID="P4_ST01540" HPOS="2854" VPOS="2444" WIDTH="32" HEIGHT="21" CONTENT="W." WC="0.54" CC="71"/>
							<SP ID="P4_SP01273" HPOS="2886" VPOS="2465" WIDTH="16"/>
							<String ID="P4_ST01541" HPOS="2902" VPOS="2444" WIDTH="153" HEIGHT="22" CONTENT="HENSHAVV." WC="0.35" CC="729570977"/>
							<SP ID="P4_SP01274" HPOS="3055" VPOS="2466" WIDTH="24"/>
							<String ID="P4_ST01542" HPOS="3079" VPOS="2445" WIDTH="112" HEIGHT="20" CONTENT="Manager." WC="0.97" CC="99798472"/>
						</TextLine>
					</TextBlock>
				</ComposedBlock>
				<ComposedBlock ID="P4_CB00010" HPOS="2802" VPOS="2499" WIDTH="433" HEIGHT="1524" TYPE="Advertisement">
					<TextBlock ID="P4_TB00012" HPOS="2802" VPOS="2499" WIDTH="433" HEIGHT="1524" STYLEREFS="TXT_2 PAR_LEFT">
						<TextLine ID="P4_TL00265" HPOS="2852" VPOS="2499" WIDTH="341" HEIGHT="46">
							<String ID="P4_ST01543" HPOS="2852" VPOS="2499" WIDTH="163" HEIGHT="38" CONTENT="Rotopua" WC="0.32" CC="6294769" STYLEREFS="TXT_58"/>
							<SP ID="P4_SP01275" HPOS="3015" VPOS="2537" WIDTH="14"/>
							<String ID="P4_ST01544" HPOS="3029" VPOS="2501" WIDTH="164" HEIGHT="44" CONTENT="Library." WC="0.97" CC="63988863" STYLEREFS="TXT_58"/>
						</TextLine>
						<TextLine ID="P4_TL00266" HPOS="2805" VPOS="2566" WIDTH="428" HEIGHT="47">
							<String ID="P4_ST01545" HPOS="2805" VPOS="2566" WIDTH="113" HEIGHT="47" CONTENT="OPEN" WC="0.95" CC="5638"/>
							<SP ID="P4_SP01276" HPOS="2918" VPOS="2613" WIDTH="15"/>
							<String ID="P4_ST01546" HPOS="2933" VPOS="2566" WIDTH="54" HEIGHT="21" CONTENT="from" WC="0.94" CC="7668"/>
							<SP ID="P4_SP01277" HPOS="2987" VPOS="2613" WIDTH="10"/>
							<String ID="P4_ST01547" HPOS="2997" VPOS="2569" WIDTH="25" HEIGHT="18" CONTENT="10" WC="0.50" CC="27"/>
							<SP ID="P4_SP01278" HPOS="3022" VPOS="2613" WIDTH="12"/>
							<String ID="P4_ST01548" HPOS="3034" VPOS="2575" WIDTH="45" HEIGHT="12" CONTENT="a.m." WC="0.97" CC="5050"/>
							<SP ID="P4_SP01279" HPOS="3079" VPOS="2613" WIDTH="9"/>
							<String ID="P4_ST01549" HPOS="3088" VPOS="2570" WIDTH="22" HEIGHT="18" CONTENT="to" WC="0.34" CC="57"/>
							<SP ID="P4_SP01280" HPOS="3110" VPOS="2613" WIDTH="10"/>
							<String ID="P4_ST01550" HPOS="3120" VPOS="2569" WIDTH="12" HEIGHT="19" CONTENT="5" WC="0.16" CC="8"/>
							<SP ID="P4_SP01281" HPOS="3132" VPOS="2613" WIDTH="8"/>
							<String ID="P4_ST01551" HPOS="3140" VPOS="2575" WIDTH="45" HEIGHT="19" CONTENT="p.m." WC="0.98" CC="5050"/>
							<SP ID="P4_SP01282" HPOS="3185" VPOS="2613" WIDTH="11"/>
							<String ID="P4_ST01552" HPOS="3196" VPOS="2568" WIDTH="37" HEIGHT="20" CONTENT="and" WC="0.90" CC="979"/>
						</TextLine>
						<TextLine ID="P4_TL00267" HPOS="2864" VPOS="2594" WIDTH="368" HEIGHT="27">
							<String ID="P4_ST01553" HPOS="2864" VPOS="2594" WIDTH="46" HEIGHT="19" CONTENT="6.30" WC="0.66" CC="0066"/>
							<SP ID="P4_SP01283" HPOS="2910" VPOS="2613" WIDTH="9"/>
							<String ID="P4_ST01554" HPOS="2919" VPOS="2596" WIDTH="19" HEIGHT="17" CONTENT="to" WC="0.70" CC="50"/>
							<SP ID="P4_SP01284" HPOS="2938" VPOS="2613" WIDTH="11"/>
							<String ID="P4_ST01555" HPOS="2949" VPOS="2595" WIDTH="24" HEIGHT="18" CONTENT="10" WC="0.10" CC="79"/>
							<SP ID="P4_SP01285" HPOS="2973" VPOS="2613" WIDTH="8"/>
							<String ID="P4_ST01556" HPOS="2981" VPOS="2601" WIDTH="46" HEIGHT="19" CONTENT="p.m." WC="0.55" CC="7090"/>
							<SP ID="P4_SP01286" HPOS="3027" VPOS="2620" WIDTH="12"/>
							<String ID="P4_ST01557" HPOS="3039" VPOS="2595" WIDTH="94" HEIGHT="24" CONTENT="Sundays" WC="0.98" CC="8700008"/>
							<SP ID="P4_SP01287" HPOS="3133" VPOS="2620" WIDTH="9"/>
							<String ID="P4_ST01558" HPOS="3142" VPOS="2595" WIDTH="90" HEIGHT="26" CONTENT="tiil9p.m" WC="0.32" CC="90776938"/>
						</TextLine>
						<TextLine ID="P4_TL00268" HPOS="2805" VPOS="2625" WIDTH="426" HEIGHT="21">
							<String ID="P4_ST01559" HPOS="2805" VPOS="2625" WIDTH="192" HEIGHT="21" CONTENT="Subscription:" WC="0.98" CC="8588885987882" STYLEREFS="TXT_28"/>
							<SP ID="P4_SP01288" HPOS="2997" VPOS="2646" WIDTH="11"/>
							<String ID="P4_ST01560" HPOS="3008" VPOS="2627" WIDTH="50" HEIGHT="16" CONTENT="iO«" WC="0.15" CC="797" STYLEREFS="TXT_28"/>
							<SP ID="P4_SP01289" HPOS="3058" VPOS="2646" WIDTH="14"/>
							<String ID="P4_ST01561" HPOS="3072" VPOS="2631" WIDTH="49" HEIGHT="14" CONTENT="i»ei*" WC="0.40" CC="70786" STYLEREFS="TXT_28"/>
							<SP ID="P4_SP01290" HPOS="3121" VPOS="2646" WIDTH="12"/>
							<String ID="P4_ST01562" HPOS="3133" VPOS="2631" WIDTH="98" HEIGHT="14" CONTENT="annum" WC="0.95" CC="68888" STYLEREFS="TXT_28"/>
						</TextLine>
						<TextLine ID="P4_TL00269" HPOS="2830" VPOS="2655" WIDTH="403" HEIGHT="27">
							<String ID="P4_ST01563" HPOS="2830" VPOS="2655" WIDTH="88" HEIGHT="21" CONTENT="Visitors" WC="0.98" CC="62660066"/>
							<SP ID="P4_SP01291" HPOS="2918" VPOS="2676" WIDTH="20"/>
							<String ID="P4_ST01564" HPOS="2938" VPOS="2663" WIDTH="44" HEIGHT="18" CONTENT="may" WC="0.90" CC="979"/>
							<SP ID="P4_SP01292" HPOS="2982" VPOS="2681" WIDTH="19"/>
							<String ID="P4_ST01565" HPOS="3001" VPOS="2664" WIDTH="85" HEIGHT="18" CONTENT="procure" WC="0.98" CC="9600560"/>
							<SP ID="P4_SP01293" HPOS="3086" VPOS="2682" WIDTH="16"/>
							<String ID="P4_ST01566" HPOS="3102" VPOS="2657" WIDTH="68" HEIGHT="19" CONTENT="Books" WC="0.96" CC="96228"/>
							<SP ID="P4_SP01294" HPOS="3170" VPOS="2682" WIDTH="15"/>
							<String ID="P4_ST01567" HPOS="3185" VPOS="2657" WIDTH="48" HEIGHT="20" CONTENT="from" WC="0.95" CC="0578"/>
						</TextLine>
						<TextLine ID="P4_TL00270" HPOS="2805" VPOS="2682" WIDTH="428" HEIGHT="27">
							<String ID="P4_ST01568" HPOS="2805" VPOS="2682" WIDTH="34" HEIGHT="19" CONTENT="the" WC="0.96" CC="470"/>
							<SP ID="P4_SP01295" HPOS="2839" VPOS="2701" WIDTH="17"/>
							<String ID="P4_ST01569" HPOS="2856" VPOS="2682" WIDTH="86" HEIGHT="26" CONTENT="Library" WC="0.99" CC="1400076"/>
							<SP ID="P4_SP01296" HPOS="2942" VPOS="2708" WIDTH="17"/>
							<String ID="P4_ST01570" HPOS="2959" VPOS="2690" WIDTH="26" HEIGHT="12" CONTENT="on" WC="0.68" CC="06"/>
							<SP ID="P4_SP01297" HPOS="2985" VPOS="2708" WIDTH="16"/>
							<String ID="P4_ST01571" HPOS="3001" VPOS="2683" WIDTH="83" HEIGHT="26" CONTENT="making" WC="0.97" CC="902077"/>
							<SP ID="P4_SP01298" HPOS="3084" VPOS="2709" WIDTH="17"/>
							<String ID="P4_ST01572" HPOS="3101" VPOS="2691" WIDTH="11" HEIGHT="12" CONTENT="a" WC="1.00" CC="0"/>
							<SP ID="P4_SP01299" HPOS="3112" VPOS="2709" WIDTH="14"/>
							<String ID="P4_ST01573" HPOS="3126" VPOS="2684" WIDTH="78" HEIGHT="25" CONTENT="deposit" WC="0.97" CC="6099642"/>
							<SP ID="P4_SP01300" HPOS="3204" VPOS="2709" WIDTH="11"/>
							<String ID="P4_ST01574" HPOS="3215" VPOS="2685" WIDTH="18" HEIGHT="18" CONTENT="of" WC="0.25" CC="77"/>
						</TextLine>
						<TextLine ID="P4_TL00271" HPOS="2806" VPOS="2708" WIDTH="426" HEIGHT="28">
							<String ID="P4_ST01575" HPOS="2806" VPOS="2709" WIDTH="37" HEIGHT="19" CONTENT="not" WC="0.94" CC="726"/>
							<SP ID="P4_SP01301" HPOS="2843" VPOS="2728" WIDTH="14"/>
							<String ID="P4_ST01576" HPOS="2857" VPOS="2708" WIDTH="40" HEIGHT="20" CONTENT="less" WC="0.94" CC="6968"/>
							<SP ID="P4_SP01302" HPOS="2897" VPOS="2728" WIDTH="17"/>
							<String ID="P4_ST01577" HPOS="2914" VPOS="2709" WIDTH="50" HEIGHT="19" CONTENT="than" WC="0.95" CC="5728"/>
							<SP ID="P4_SP01303" HPOS="2964" VPOS="2728" WIDTH="16"/>
							<String ID="P4_ST01578" HPOS="2980" VPOS="2711" WIDTH="29" HEIGHT="22" CONTENT="sa," WC="0.53" CC="760" STYLEREFS="TXT_7"/>
							<SP ID="P4_SP01304" HPOS="3009" VPOS="2733" WIDTH="18"/>
							<String ID="P4_ST01579" HPOS="3027" VPOS="2710" WIDTH="40" HEIGHT="19" CONTENT="and" WC="0.94" CC="077"/>
							<SP ID="P4_SP01305" HPOS="3067" VPOS="2733" WIDTH="16"/>
							<String ID="P4_ST01580" HPOS="3083" VPOS="2710" WIDTH="119" HEIGHT="26" CONTENT="purchasing" WC="0.98" CC="9455098500"/>
							<SP ID="P4_SP01306" HPOS="3202" VPOS="2736" WIDTH="11"/>
							<String ID="P4_ST01581" HPOS="3213" VPOS="2711" WIDTH="19" HEIGHT="19" CONTENT="la" WC="0.51" CC="27"/>
						</TextLine>
						<TextLine ID="P4_TL00272" HPOS="2806" VPOS="2735" WIDTH="338" HEIGHT="26">
							<String ID="P4_ST01582" HPOS="2806" VPOS="2741" WIDTH="80" HEIGHT="19" CONTENT="coupon" WC="0.98" CC="544007"/>
							<SP ID="P4_SP01307" HPOS="2886" VPOS="2760" WIDTH="9"/>
							<String ID="P4_ST01583" HPOS="2895" VPOS="2735" WIDTH="32" HEIGHT="19" CONTENT="for" WC="0.96" CC="026"/>
							<SP ID="P4_SP01308" HPOS="2927" VPOS="2760" WIDTH="10"/>
							<String ID="P4_ST01584" HPOS="2937" VPOS="2742" WIDTH="60" HEIGHT="19" CONTENT="every" WC="0.97" CC="07349"/>
							<SP ID="P4_SP01309" HPOS="2997" VPOS="2761" WIDTH="12"/>
							<String ID="P4_ST01585" HPOS="3009" VPOS="2737" WIDTH="55" HEIGHT="19" CONTENT="Four" WC="0.94" CC="7857"/>
							<SP ID="P4_SP01310" HPOS="3064" VPOS="2761" WIDTH="12"/>
							<String ID="P4_ST01586" HPOS="3076" VPOS="2737" WIDTH="68" HEIGHT="19" CONTENT="books." WC="0.98" CC="612770"/>
						</TextLine>
						<TextLine ID="P4_TL00273" HPOS="2832" VPOS="2761" WIDTH="401" HEIGHT="28">
							<String ID="P4_ST01587" HPOS="2832" VPOS="2761" WIDTH="42" HEIGHT="19" CONTENT="The" WC="0.94" CC="870"/>
							<SP ID="P4_SP01311" HPOS="2874" VPOS="2780" WIDTH="19"/>
							<String ID="P4_ST01588" HPOS="2893" VPOS="2761" WIDTH="87" HEIGHT="27" CONTENT="Library" WC="0.97" CC="7096909"/>
							<SP ID="P4_SP01312" HPOS="2980" VPOS="2788" WIDTH="17"/>
							<String ID="P4_ST01589" HPOS="2997" VPOS="2762" WIDTH="19" HEIGHT="20" CONTENT="is" WC="0.34" CC="48"/>
							<SP ID="P4_SP01313" HPOS="3016" VPOS="2788" WIDTH="23"/>
							<String ID="P4_ST01590" HPOS="3039" VPOS="2770" WIDTH="52" HEIGHT="19" CONTENT="open" WC="0.94" CC="7577"/>
							<SP ID="P4_SP01314" HPOS="3091" VPOS="2789" WIDTH="23"/>
							<String ID="P4_ST01591" HPOS="3114" VPOS="2764" WIDTH="73" HEIGHT="25" CONTENT="during" WC="0.97" CC="067079"/>
							<SP ID="P4_SP01315" HPOS="3187" VPOS="2789" WIDTH="17"/>
							<String ID="P4_ST01592" HPOS="3204" VPOS="2763" WIDTH="29" HEIGHT="20" CONTENT="the" WC="0.93" CC="377"/>
						</TextLine>
						<TextLine ID="P4_TL00274" HPOS="2807" VPOS="2788" WIDTH="91" HEIGHT="25">
							<String ID="P4_ST01593" HPOS="2807" VPOS="2788" WIDTH="91" HEIGHT="25" CONTENT="evening." WC="0.98" CC="57570700"/>
						</TextLine>
						<TextLine ID="P4_TL00275" HPOS="2829" VPOS="2848" WIDTH="360" HEIGHT="40">
							<String ID="P4_ST01594" HPOS="2829" VPOS="2848" WIDTH="47" HEIGHT="40" CONTENT="M" WC="0.80" CC="1" STYLEREFS="TXT_50"/>
							<String ID="P4_ST01595" HPOS="2880" VPOS="2848" WIDTH="17" HEIGHT="16" CONTENT="R" STYLE="superscript" WC="0.23" CC="7" STYLEREFS="TXT_50"/>
							<SP ID="P4_SP01316" HPOS="2897" VPOS="2888" WIDTH="24"/>
							<String ID="P4_ST01596" HPOS="2921" VPOS="2848" WIDTH="52" HEIGHT="39" CONTENT="W" WC="0.33" CC="6" STYLEREFS="TXT_50"/>
							<SP ID="P4_SP01317" HPOS="2973" VPOS="2888" WIDTH="30"/>
							<String ID="P4_ST01597" HPOS="3003" VPOS="2850" WIDTH="41" HEIGHT="37" CONTENT="J." WC="0.66" CC="60" STYLEREFS="TXT_50"/>
							<SP ID="P4_SP01318" HPOS="3044" VPOS="2888" WIDTH="27"/>
							<String ID="P4_ST01598" HPOS="3071" VPOS="2850" WIDTH="38" HEIGHT="38" CONTENT="N" WC="0.03" CC="9" STYLEREFS="TXT_50"/>
							<String ID="P4_ST01599" HPOS="3111" VPOS="2850" WIDTH="73" HEIGHT="16" CONTENT="APIER" STYLE="superscript" WC="0.44" CC="71657" STYLEREFS="TXT_50"/>
							<String ID="P4_ST01600" HPOS="3185" VPOS="2848" WIDTH="4" HEIGHT="40" CONTENT="'" WC="0.42" CC="5" STYLEREFS="TXT_50"/>
						</TextLine>
						<TextLine ID="P4_TL00276" HPOS="2858" VPOS="2895" WIDTH="330" HEIGHT="21">
							<String ID="P4_ST01601" HPOS="2858" VPOS="2895" WIDTH="151" HEIGHT="20" CONTENT="BARRISTER" WC="0.98" CC="697703777"/>
							<SP ID="P4_SP01319" HPOS="3009" VPOS="2915" WIDTH="11"/>
							<String ID="P4_ST01602" HPOS="3020" VPOS="2897" WIDTH="17" HEIGHT="18" CONTENT="&amp;" WC="1.00" CC="0"/>
							<SP ID="P4_SP01320" HPOS="3037" VPOS="2915" WIDTH="9"/>
							<String ID="P4_ST01603" HPOS="3046" VPOS="2897" WIDTH="142" HEIGHT="19" CONTENT="SOLICITOR." WC="0.99" CC="5050427490"/>
						</TextLine>
						<TextLine ID="P4_TL00277" HPOS="2808" VPOS="2925" WIDTH="422" HEIGHT="25">
							<String ID="P4_ST01604" HPOS="2808" VPOS="2925" WIDTH="144" HEIGHT="18" CONTENT="Commissioner" WC="0.99" CC="707803586834"/>
							<SP ID="P4_SP01321" HPOS="2952" VPOS="2943" WIDTH="9"/>
							<String ID="P4_ST01605" HPOS="2961" VPOS="2927" WIDTH="19" HEIGHT="17" CONTENT="of" WC="0.21" CC="69"/>
							<SP ID="P4_SP01322" HPOS="2980" VPOS="2944" WIDTH="9"/>
							<String ID="P4_ST01606" HPOS="2989" VPOS="2927" WIDTH="31" HEIGHT="17" CONTENT="the" WC="0.95" CC="308"/>
							<SP ID="P4_SP01323" HPOS="3020" VPOS="2944" WIDTH="17"/>
							<String ID="P4_ST01607" HPOS="3037" VPOS="2927" WIDTH="90" HEIGHT="23" CONTENT=".Supreme" WC="0.97" CC="49799579"/>
							<SP ID="P4_SP01324" HPOS="3127" VPOS="2950" WIDTH="15"/>
							<String ID="P4_ST01608" HPOS="3142" VPOS="2927" WIDTH="58" HEIGHT="18" CONTENT="Court" WC="0.96" CC="63858"/>
							<SP ID="P4_SP01325" HPOS="3200" VPOS="2950" WIDTH="12"/>
							<String ID="P4_ST01609" HPOS="3212" VPOS="2927" WIDTH="18" HEIGHT="18" CONTENT="of" WC="0.35" CC="57"/>
						</TextLine>
						<TextLine ID="P4_TL00278" HPOS="2999" VPOS="2949" WIDTH="55" HEIGHT="25">
							<String ID="P4_ST01610" HPOS="2999" VPOS="2949" WIDTH="55" HEIGHT="25" CONTENT="Fiji.)" WC="0.97" CC="405449"/>
						</TextLine>
						<TextLine ID="P4_TL00279" HPOS="2808" VPOS="2971" WIDTH="427" HEIGHT="20">
							<String ID="P4_ST01611" HPOS="2808" VPOS="2971" WIDTH="87" HEIGHT="18" CONTENT="Solicitor" WC="0.98" CC="760476119"/>
							<SP ID="P4_SP01326" HPOS="2895" VPOS="2989" WIDTH="12"/>
							<String ID="P4_ST01612" HPOS="2907" VPOS="2973" WIDTH="19" HEIGHT="16" CONTENT="to" WC="0.14" CC="79"/>
							<SP ID="P4_SP01327" HPOS="2926" VPOS="2989" WIDTH="9"/>
							<String ID="P4_ST01613" HPOS="2935" VPOS="2972" WIDTH="31" HEIGHT="18" CONTENT="the" WC="0.92" CC="795"/>
							<SP ID="P4_SP01328" HPOS="2966" VPOS="2990" WIDTH="9"/>
							<String ID="P4_ST01614" HPOS="2975" VPOS="2973" WIDTH="24" HEIGHT="18" CONTENT="N." WC="0.68" CC="60"/>
							<SP ID="P4_SP01329" HPOS="2999" VPOS="2991" WIDTH="11"/>
							<String ID="P4_ST01615" HPOS="3010" VPOS="2973" WIDTH="19" HEIGHT="18" CONTENT="Z." WC="0.50" CC="90"/>
							<SP ID="P4_SP01330" HPOS="3029" VPOS="2991" WIDTH="12"/>
							<String ID="P4_ST01616" HPOS="3041" VPOS="2974" WIDTH="127" HEIGHT="17" CONTENT="Government" WC="0.98" CC="8047369382"/>
							<SP ID="P4_SP01331" HPOS="3168" VPOS="2991" WIDTH="14"/>
							<String ID="P4_ST01617" HPOS="3182" VPOS="2973" WIDTH="53" HEIGHT="18" CONTENT="under" WC="0.95" CC="78957"/>
						</TextLine>
						<TextLine ID="P4_TL00280" HPOS="2855" VPOS="2995" WIDTH="337" HEIGHT="20">
							<String ID="P4_ST01618" HPOS="2855" VPOS="2995" WIDTH="50" HEIGHT="17" CONTENT='"The' WC="0.95" CC="3675"/>
							<SP ID="P4_SP01332" HPOS="2905" VPOS="3012" WIDTH="9"/>
							<String ID="P4_ST01619" HPOS="2914" VPOS="2995" WIDTH="97" HEIGHT="19" CONTENT="Advances" WC="0.97" CC="99777679"/>
							<SP ID="P4_SP01333" HPOS="3011" VPOS="3014" WIDTH="9"/>
							<String ID="P4_ST01620" HPOS="3020" VPOS="2999" WIDTH="19" HEIGHT="15" CONTENT="to" WC="0.61" CC="70"/>
							<SP ID="P4_SP01334" HPOS="3039" VPOS="3014" WIDTH="9"/>
							<String ID="P4_ST01621" HPOS="3048" VPOS="2996" WIDTH="76" HEIGHT="18" CONTENT="Settlers" WC="0.97" CC="69765647"/>
							<SP ID="P4_SP01335" HPOS="3124" VPOS="3014" WIDTH="13"/>
							<String ID="P4_ST01622" HPOS="3137" VPOS="2997" WIDTH="55" HEIGHT="18" CONTENT='Act."' WC="0.97" CC="92424"/>
						</TextLine>
						<TextLine ID="P4_TL00281" HPOS="2807" VPOS="3030" WIDTH="428" HEIGHT="25">
							<String ID="P4_ST01623" HPOS="2807" VPOS="3030" WIDTH="97" HEIGHT="18" CONTENT="Victoria" WC="0.98" CC="57170868"/>
							<SP ID="P4_SP01336" HPOS="2904" VPOS="3048" WIDTH="8"/>
							<String ID="P4_ST01624" HPOS="2912" VPOS="3031" WIDTH="91" HEIGHT="24" CONTENT="Akcade," WC="0.49" CC="0609774"/>
							<SP ID="P4_SP01337" HPOS="3003" VPOS="3055" WIDTH="8"/>
							<String ID="P4_ST01625" HPOS="3011" VPOS="3032" WIDTH="115" HEIGHT="23" CONTENT="Queen-st.," WC="0.39" CC="9753866813"/>
							<SP ID="P4_SP01338" HPOS="3126" VPOS="3055" WIDTH="9"/>
							<String ID="P4_ST01626" HPOS="3135" VPOS="3032" WIDTH="100" HEIGHT="19" CONTENT="Auckland" WC="0.97" CC="97594667"/>
						</TextLine>
						<TextLine ID="P4_TL00282" HPOS="2829" VPOS="3066" WIDTH="405" HEIGHT="26">
							<String ID="P4_ST01627" HPOS="2829" VPOS="3066" WIDTH="71" HEIGHT="23" CONTENT="Money" WC="0.95" CC="77559"/>
							<SP ID="P4_SP01339" HPOS="2900" VPOS="3089" WIDTH="9"/>
							<String ID="P4_ST01628" HPOS="2909" VPOS="3069" WIDTH="18" HEIGHT="15" CONTENT="to" WC="0.75" CC="04"/>
							<SP ID="P4_SP01340" HPOS="2927" VPOS="3089" WIDTH="10"/>
							<String ID="P4_ST01629" HPOS="2937" VPOS="3067" WIDTH="10" HEIGHT="17" CONTENT="I" WC="0.46" CC="5"/>
							<SP ID="P4_SP01341" HPOS="2947" VPOS="3089" WIDTH="5"/>
							<String ID="P4_ST01630" HPOS="2952" VPOS="3068" WIDTH="35" HEIGHT="17" CONTENT="end" WC="0.91" CC="598"/>
							<SP ID="P4_SP01342" HPOS="2987" VPOS="3089" WIDTH="10"/>
							<String ID="P4_ST01631" HPOS="2997" VPOS="3073" WIDTH="24" HEIGHT="13" CONTENT="ou" WC="0.31" CC="58"/>
							<SP ID="P4_SP01343" HPOS="3021" VPOS="3089" WIDTH="9"/>
							<String ID="P4_ST01632" HPOS="3030" VPOS="3068" WIDTH="84" HEIGHT="18" CONTENT="freehold" WC="0.98" CC="09707749"/>
							<SP ID="P4_SP01344" HPOS="3114" VPOS="3089" WIDTH="12"/>
							<String ID="P4_ST01633" HPOS="3126" VPOS="3069" WIDTH="79" HEIGHT="23" CONTENT="security" WC="0.98" CC="84610049"/>
							<SP ID="P4_SP01345" HPOS="3205" VPOS="3092" WIDTH="12"/>
							<String ID="P4_ST01634" HPOS="3217" VPOS="3072" WIDTH="17" HEIGHT="15" CONTENT="at" WC="0.50" CC="81"/>
						</TextLine>
						<TextLine ID="P4_TL00283" HPOS="2806" VPOS="3090" WIDTH="428" HEIGHT="24">
							<String ID="P4_ST01635" HPOS="2806" VPOS="3090" WIDTH="37" HEIGHT="17" CONTENT="low" WC="0.94" CC="178"/>
							<SP ID="P4_SP01346" HPOS="2843" VPOS="3107" WIDTH="8"/>
							<String ID="P4_ST01636" HPOS="2851" VPOS="3092" WIDTH="49" HEIGHT="15" CONTENT="rates" WC="0.97" CC="15907"/>
							<SP ID="P4_SP01347" HPOS="2900" VPOS="3107" WIDTH="5"/>
							<String ID="P4_ST01637" HPOS="2905" VPOS="3090" WIDTH="19" HEIGHT="17" CONTENT="of" WC="0.53" CC="17"/>
							<SP ID="P4_SP01348" HPOS="2924" VPOS="3107" WIDTH="4"/>
							<String ID="P4_ST01638" HPOS="2928" VPOS="3093" WIDTH="82" HEIGHT="16" CONTENT="interest." WC="0.98" CC="541737710"/>
							<SP ID="P4_SP01349" HPOS="3010" VPOS="3109" WIDTH="27"/>
							<String ID="P4_ST01639" HPOS="3037" VPOS="3093" WIDTH="71" HEIGHT="21" CONTENT="Money" WC="0.95" CC="85849"/>
							<SP ID="P4_SP01350" HPOS="3108" VPOS="3114" WIDTH="9"/>
							<String ID="P4_ST01640" HPOS="3117" VPOS="3093" WIDTH="84" HEIGHT="17" CONTENT="invested" WC="0.98" CC="40074578"/>
							<SP ID="P4_SP01351" HPOS="3201" VPOS="3114" WIDTH="7"/>
							<String ID="P4_ST01641" HPOS="3208" VPOS="3092" WIDTH="26" HEIGHT="18" CONTENT="for" WC="0.93" CC="574"/>
						</TextLine>
						<TextLine ID="P4_TL00284" HPOS="2806" VPOS="3113" WIDTH="226" HEIGHT="24">
							<String ID="P4_ST01642" HPOS="2806" VPOS="3113" WIDTH="68" HEIGHT="18" CONTENT="clients" WC="0.98" CC="4502876"/>
							<SP ID="P4_SP01352" HPOS="2874" VPOS="3131" WIDTH="8"/>
							<String ID="P4_ST01643" HPOS="2882" VPOS="3113" WIDTH="38" HEIGHT="18" CONTENT="free" WC="0.94" CC="8477"/>
							<SP ID="P4_SP01353" HPOS="2920" VPOS="3131" WIDTH="9"/>
							<String ID="P4_ST01644" HPOS="2929" VPOS="3114" WIDTH="20" HEIGHT="18" CONTENT="of" WC="0.70" CC="50"/>
							<SP ID="P4_SP01354" HPOS="2949" VPOS="3132" WIDTH="9"/>
							<String ID="P4_ST01645" HPOS="2958" VPOS="3114" WIDTH="74" HEIGHT="23" CONTENT="charge." WC="0.96" CC="7976972"/>
						</TextLine>
						<TextLine ID="P4_TL00285" HPOS="2858" VPOS="3165" WIDTH="326" HEIGHT="35">
							<String ID="P4_ST01646" HPOS="2858" VPOS="3165" WIDTH="30" HEIGHT="28" CONTENT="J." WC="0.31" CC="94" STYLEREFS="TXT_27"/>
							<SP ID="P4_SP01355" HPOS="2888" VPOS="3193" WIDTH="14"/>
							<String ID="P4_ST01647" HPOS="2902" VPOS="3165" WIDTH="50" HEIGHT="33" CONTENT="W," WC="0.81" CC="30" STYLEREFS="TXT_27"/>
							<SP ID="P4_SP01356" HPOS="2952" VPOS="3198" WIDTH="16"/>
							<String ID="P4_ST01648" HPOS="2968" VPOS="3167" WIDTH="216" HEIGHT="33" CONTENT="WRIGLEY," WC="0.41" CC="48881744" STYLEREFS="TXT_27"/>
						</TextLine>
						<TextLine ID="P4_TL00286" HPOS="2808" VPOS="3206" WIDTH="426" HEIGHT="27">
							<String ID="P4_ST01649" HPOS="2808" VPOS="3206" WIDTH="426" HEIGHT="27" CONTENT="ARCHITECT," WC="0.98" CC="8858685876"/>
						</TextLine>
						<TextLine ID="P4_TL00287" HPOS="2948" VPOS="3243" WIDTH="146" HEIGHT="20">
							<String ID="P4_ST01650" HPOS="2948" VPOS="3243" WIDTH="146" HEIGHT="20" CONTENT="ROTORUA." WC="0.35" CC="98980590"/>
						</TextLine>
						<TextLine ID="P4_TL00288" HPOS="2832" VPOS="3274" WIDTH="403" HEIGHT="25">
							<String ID="P4_ST01651" HPOS="2832" VPOS="3275" WIDTH="68" HEIGHT="24" CONTENT="Agent" WC="0.96" CC="39076"/>
							<SP ID="P4_SP01357" HPOS="2900" VPOS="3299" WIDTH="7"/>
							<String ID="P4_ST01652" HPOS="2907" VPOS="3274" WIDTH="33" HEIGHT="20" CONTENT="for" WC="0.95" CC="506"/>
							<SP ID="P4_SP01358" HPOS="2940" VPOS="3299" WIDTH="10"/>
							<String ID="P4_ST01653" HPOS="2950" VPOS="3276" WIDTH="34" HEIGHT="19" CONTENT="the" WC="0.95" CC="074"/>
							<SP ID="P4_SP01359" HPOS="2984" VPOS="3299" WIDTH="11"/>
							<String ID="P4_ST01654" HPOS="2995" VPOS="3276" WIDTH="63" HEIGHT="19" CONTENT="South" WC="0.95" CC="77767"/>
							<SP ID="P4_SP01360" HPOS="3058" VPOS="3299" WIDTH="18"/>
							<String ID="P4_ST01655" HPOS="3076" VPOS="3276" WIDTH="76" HEIGHT="19" CONTENT="British" WC="0.98" CC="7640059"/>
							<SP ID="P4_SP01361" HPOS="3152" VPOS="3299" WIDTH="11"/>
							<String ID="P4_ST01656" HPOS="3163" VPOS="3276" WIDTH="45" HEIGHT="20" CONTENT="Fire" WC="0.97" CC="7340"/>
							<SP ID="P4_SP01362" HPOS="3208" VPOS="3299" WIDTH="12"/>
							<String ID="P4_ST01657" HPOS="3220" VPOS="3277" WIDTH="15" HEIGHT="18" CONTENT="&amp;" WC="1.00" CC="0" STYLEREFS="TXT_7"/>
						</TextLine>
						<TextLine ID="P4_TL00289" HPOS="2807" VPOS="3301" WIDTH="324" HEIGHT="27">
							<String ID="P4_ST01658" HPOS="2807" VPOS="3301" WIDTH="81" HEIGHT="20" CONTENT="Marine" WC="0.96" CC="891665"/>
							<SP ID="P4_SP01363" HPOS="2888" VPOS="3321" WIDTH="10"/>
							<String ID="P4_ST01659" HPOS="2898" VPOS="3301" WIDTH="112" HEIGHT="20" CONTENT="Insurance" WC="0.98" CC="077044752"/>
							<SP ID="P4_SP01364" HPOS="3010" VPOS="3321" WIDTH="11"/>
							<String ID="P4_ST01660" HPOS="3021" VPOS="3304" WIDTH="110" HEIGHT="24" CONTENT="Company." WC="0.98" CC="77600690"/>
						</TextLine>
						<TextLine ID="P4_TL00290" HPOS="2863" VPOS="3381" WIDTH="315" HEIGHT="24">
							<String ID="P4_ST01661" HPOS="2863" VPOS="3381" WIDTH="72" HEIGHT="21" CONTENT="When" WC="0.94" CC="8675" STYLEREFS="TXT_34"/>
							<SP ID="P4_SP01365" HPOS="2935" VPOS="3402" WIDTH="14"/>
							<String ID="P4_ST01662" HPOS="2949" VPOS="3383" WIDTH="22" HEIGHT="19" CONTENT="in" WC="0.61" CC="16" STYLEREFS="TXT_34"/>
							<SP ID="P4_SP01366" HPOS="2971" VPOS="3402" WIDTH="13"/>
							<String ID="P4_ST01663" HPOS="2984" VPOS="3382" WIDTH="125" HEIGHT="21" CONTENT="Auckland" WC="0.98" CC="55080672" STYLEREFS="TXT_34"/>
							<SP ID="P4_SP01367" HPOS="3109" VPOS="3403" WIDTH="10"/>
							<String ID="P4_ST01664" HPOS="3119" VPOS="3384" WIDTH="59" HEIGHT="21" CONTENT="Visit" WC="0.97" CC="45107" STYLEREFS="TXT_34"/>
						</TextLine>
						<TextLine ID="P4_TL00291" HPOS="2879" VPOS="3414" WIDTH="282" HEIGHT="29">
							<String ID="P4_ST01665" HPOS="2879" VPOS="3414" WIDTH="32" HEIGHT="28" CONTENT="E." WC="0.54" CC="62" STYLEREFS="TXT_59"/>
							<SP ID="P4_SP01368" HPOS="2911" VPOS="3442" WIDTH="20"/>
							<String ID="P4_ST01666" HPOS="2931" VPOS="3414" WIDTH="230" HEIGHT="29" CONTENT="SPENCER'S" WC="0.98" CC="476763931" STYLEREFS="TXT_59"/>
						</TextLine>
						<TextLine ID="P4_TL00292" HPOS="2844" VPOS="3452" WIDTH="349" HEIGHT="35">
							<String ID="P4_ST01667" HPOS="2844" VPOS="3452" WIDTH="141" HEIGHT="26" CONTENT="CURIO" WC="0.99" CC="50003" STYLEREFS="TXT_59"/>
							<SP ID="P4_SP01369" HPOS="2985" VPOS="3478" WIDTH="23"/>
							<String ID="P4_ST01668" HPOS="3008" VPOS="3454" WIDTH="185" HEIGHT="33" CONTENT="DEPOT," WC="0.98" CC="750034" STYLEREFS="TXT_59"/>
						</TextLine>
						<TextLine ID="P4_TL00293" HPOS="2891" VPOS="3483" WIDTH="256" HEIGHT="23">
							<String ID="P4_ST01669" HPOS="2891" VPOS="3483" WIDTH="35" HEIGHT="21" CONTENT="(On" WC="0.94" CC="707"/>
							<SP ID="P4_SP01370" HPOS="2926" VPOS="3504" WIDTH="11"/>
							<String ID="P4_ST01670" HPOS="2937" VPOS="3483" WIDTH="60" HEIGHT="19" CONTENT="Queen" WC="0.95" CC="95766"/>
							<SP ID="P4_SP01371" HPOS="2997" VPOS="3504" WIDTH="9"/>
							<String ID="P4_ST01671" HPOS="3006" VPOS="3487" WIDTH="56" HEIGHT="14" CONTENT="Street" WC="0.96" CC="865886"/>
							<SP ID="P4_SP01372" HPOS="3062" VPOS="3504" WIDTH="12"/>
							<String ID="P4_ST01672" HPOS="3074" VPOS="3484" WIDTH="73" HEIGHT="22" CONTENT="\Vhnrr.)" WC="0.26" CC="78982858"/>
						</TextLine>
						<TextLine ID="P4_TL00294" HPOS="2844" VPOS="3525" WIDTH="347" HEIGHT="23">
							<String ID="P4_ST01673" HPOS="2844" VPOS="3526" WIDTH="41" HEIGHT="20" CONTENT="For" WC="0.93" CC="765"/>
							<SP ID="P4_SP01373" HPOS="2885" VPOS="3546" WIDTH="9"/>
							<String ID="P4_ST01674" HPOS="2894" VPOS="3525" WIDTH="28" HEIGHT="21" CONTENT="all" WC="0.98" CC="004"/>
							<SP ID="P4_SP01374" HPOS="2922" VPOS="3546" WIDTH="8"/>
							<String ID="P4_ST01675" HPOS="2930" VPOS="3526" WIDTH="61" HEIGHT="20" CONTENT="kinds" WC="0.96" CC="90776"/>
							<SP ID="P4_SP01375" HPOS="2991" VPOS="3546" WIDTH="10"/>
							<String ID="P4_ST01676" HPOS="3001" VPOS="3528" WIDTH="22" HEIGHT="19" CONTENT="of" WC="0.64" CC="07"/>
							<SP ID="P4_SP01376" HPOS="3023" VPOS="3547" WIDTH="15"/>
							<String ID="P4_ST01677" HPOS="3038" VPOS="3527" WIDTH="52" HEIGHT="21" CONTENT="Now" WC="0.91" CC="779"/>
							<SP ID="P4_SP01377" HPOS="3090" VPOS="3548" WIDTH="11"/>
							<String ID="P4_ST01678" HPOS="3101" VPOS="3527" WIDTH="90" HEIGHT="21" CONTENT="Zealand" WC="0.97" CC="7630577"/>
						</TextLine>
						<TextLine ID="P4_TL00295" HPOS="2877" VPOS="3553" WIDTH="276" HEIGHT="21">
							<String ID="P4_ST01679" HPOS="2877" VPOS="3553" WIDTH="72" HEIGHT="20" CONTENT="Curios" WC="0.97" CC="364247"/>
							<SP ID="P4_SP01378" HPOS="2949" VPOS="3573" WIDTH="10"/>
							<String ID="P4_ST01680" HPOS="2959" VPOS="3553" WIDTH="40" HEIGHT="20" CONTENT="and" WC="0.90" CC="978"/>
							<SP ID="P4_SP01379" HPOS="2999" VPOS="3573" WIDTH="14"/>
							<String ID="P4_ST01681" HPOS="3013" VPOS="3554" WIDTH="140" HEIGHT="20" CONTENT="Greenstones." WC="0.98" CC="775378707360"/>
						</TextLine>
						<TextLine ID="P4_TL00296" HPOS="2826" VPOS="3632" WIDTH="385" HEIGHT="57">
							<String ID="P4_ST01682" HPOS="2826" VPOS="3632" WIDTH="71" HEIGHT="48" CONTENT="W." WC="0.64" CC="24" STYLEREFS="TXT_60"/>
							<SP ID="P4_SP01380" HPOS="2897" VPOS="3680" WIDTH="24"/>
							<String ID="P4_ST01683" HPOS="2921" VPOS="3635" WIDTH="290" HEIGHT="54" CONTENT="THOMAS," WC="0.99" CC="0000044" STYLEREFS="TXT_60"/>
						</TextLine>
						<TextLine ID="P4_TL00297" HPOS="2829" VPOS="3697" WIDTH="381" HEIGHT="23">
							<String ID="P4_ST01684" HPOS="2829" VPOS="3697" WIDTH="254" HEIGHT="23" CONTENT="MONUMENTAL" WC="0.98" CC="8887858675" STYLEREFS="TXT_28"/>
							<SP ID="P4_SP01381" HPOS="3083" VPOS="3720" WIDTH="10"/>
							<String ID="P4_ST01685" HPOS="3093" VPOS="3698" WIDTH="117" HEIGHT="21" CONTENT="MASON" WC="0.94" CC="99779" STYLEREFS="TXT_28"/>
						</TextLine>
						<TextLine ID="P4_TL00298" HPOS="2850" VPOS="3738" WIDTH="337" HEIGHT="27">
							<String ID="P4_ST01686" HPOS="2850" VPOS="3738" WIDTH="139" HEIGHT="22" CONTENT="VICTORIA" WC="0.98" CC="06096704"/>
							<SP ID="P4_SP01382" HPOS="2989" VPOS="3760" WIDTH="10"/>
							<String ID="P4_ST01687" HPOS="2999" VPOS="3739" WIDTH="105" HEIGHT="21" CONTENT="STREET" WC="0.97" CC="679550"/>
							<SP ID="P4_SP01383" HPOS="3104" VPOS="3760" WIDTH="9"/>
							<String ID="P4_ST01688" HPOS="3113" VPOS="3741" WIDTH="74" HEIGHT="24" CONTENT="EAST," WC="0.96" CC="69606"/>
						</TextLine>
						<TextLine ID="P4_TL00299" HPOS="2933" VPOS="3781" WIDTH="171" HEIGHT="21">
							<String ID="P4_ST01689" HPOS="2933" VPOS="3781" WIDTH="171" HEIGHT="21" CONTENT="AUCKLAND." WC="0.97" CC="976799982"/>
						</TextLine>
						<TextLine ID="P4_TL00300" HPOS="2837" VPOS="3833" WIDTH="397" HEIGHT="30">
							<String ID="P4_ST01690" HPOS="2837" VPOS="3833" WIDTH="92" HEIGHT="25" CONTENT="Orders" WC="0.97" CC="079065" STYLEREFS="TXT_15"/>
							<SP ID="P4_SP01384" HPOS="2929" VPOS="3858" WIDTH="20"/>
							<String ID="P4_ST01691" HPOS="2949" VPOS="3833" WIDTH="28" HEIGHT="25" CONTENT="in" WC="0.57" CC="08" STYLEREFS="TXT_15"/>
							<SP ID="P4_SP01385" HPOS="2977" VPOS="3858" WIDTH="22"/>
							<String ID="P4_ST01692" HPOS="2999" VPOS="3835" WIDTH="109" HEIGHT="28" CONTENT="Marble," WC="0.98" CC="8057162" STYLEREFS="TXT_15"/>
							<SP ID="P4_SP01386" HPOS="3108" VPOS="3863" WIDTH="20"/>
							<String ID="P4_ST01693" HPOS="3128" VPOS="3833" WIDTH="106" HEIGHT="25" CONTENT="Granite" WC="0.97" CC="8636596" STYLEREFS="TXT_15"/>
						</TextLine>
						<TextLine ID="P4_TL00301" HPOS="2803" VPOS="3866" WIDTH="430" HEIGHT="33">
							<String ID="P4_ST01694" HPOS="2803" VPOS="3866" WIDTH="49" HEIGHT="24" CONTENT="and" WC="0.93" CC="099" STYLEREFS="TXT_15"/>
							<SP ID="P4_SP01387" HPOS="2852" VPOS="3890" WIDTH="10"/>
							<String ID="P4_ST01695" HPOS="2862" VPOS="3866" WIDTH="85" HEIGHT="30" CONTENT="Stone," WC="0.98" CC="390024" STYLEREFS="TXT_15"/>
							<SP ID="P4_SP01388" HPOS="2947" VPOS="3896" WIDTH="10"/>
							<String ID="P4_ST01696" HPOS="2957" VPOS="3868" WIDTH="133" HEIGHT="31" CONTENT="promptly" WC="0.97" CC="96189557" STYLEREFS="TXT_15"/>
							<SP ID="P4_SP01389" HPOS="3090" VPOS="3899" WIDTH="9"/>
							<String ID="P4_ST01697" HPOS="3099" VPOS="3867" WIDTH="51" HEIGHT="25" CONTENT="and" WC="1.00" CC="000" STYLEREFS="TXT_15"/>
							<SP ID="P4_SP01390" HPOS="3150" VPOS="3899" WIDTH="6"/>
							<String ID="P4_ST01698" HPOS="3156" VPOS="3867" WIDTH="65" HEIGHT="25" CONTENT="faith" SUBS_TYPE="HypPart1" SUBS_CONTENT="faithfully" WC="0.98" CC="40027" STYLEREFS="TXT_15"/>
							<HYP HPOS="3221" VPOS="3867" WIDTH="12" CONTENT="-"/>
						</TextLine>
						<TextLine ID="P4_TL00302" HPOS="2804" VPOS="3899" WIDTH="210" HEIGHT="33">
							<String ID="P4_ST01699" HPOS="2804" VPOS="3899" WIDTH="66" HEIGHT="33" CONTENT="fully" SUBS_TYPE="HypPart2" SUBS_CONTENT="faithfully" WC="0.96" CC="48049" STYLEREFS="TXT_15"/>
							<SP ID="P4_SP01391" HPOS="2870" VPOS="3932" WIDTH="12"/>
							<String ID="P4_ST01700" HPOS="2882" VPOS="3901" WIDTH="132" HEIGHT="25" CONTENT="executed." WC="0.98" CC="090479402" STYLEREFS="TXT_15"/>
						</TextLine>
						<TextLine ID="P4_TL00303" HPOS="2830" VPOS="3958" WIDTH="377" HEIGHT="34">
							<String ID="P4_ST01701" HPOS="2830" VPOS="3958" WIDTH="111" HEIGHT="33" CONTENT="Designs" WC="0.98" CC="8025770" STYLEREFS="TXT_15"/>
							<SP ID="P4_SP01392" HPOS="2941" VPOS="3991" WIDTH="11"/>
							<String ID="P4_ST01702" HPOS="2952" VPOS="3960" WIDTH="51" HEIGHT="24" CONTENT="and" WC="0.97" CC="070" STYLEREFS="TXT_15"/>
							<SP ID="P4_SP01393" HPOS="3003" VPOS="3991" WIDTH="12"/>
							<String ID="P4_ST01703" HPOS="3015" VPOS="3960" WIDTH="83" HEIGHT="32" CONTENT="prices" WC="0.98" CC="060047" STYLEREFS="TXT_15"/>
							<SP ID="P4_SP01394" HPOS="3098" VPOS="3992" WIDTH="8"/>
							<String ID="P4_ST01704" HPOS="3106" VPOS="3960" WIDTH="55" HEIGHT="24" CONTENT="free" WC="0.96" CC="7570" STYLEREFS="TXT_15"/>
							<SP ID="P4_SP01395" HPOS="3161" VPOS="3992" WIDTH="12"/>
							<String ID="P4_ST01705" HPOS="3173" VPOS="3968" WIDTH="34" HEIGHT="16" CONTENT="on" WC="0.68" CC="06" STYLEREFS="TXT_15"/>
						</TextLine>
						<TextLine ID="P4_TL00304" HPOS="2934" VPOS="3993" WIDTH="166" HEIGHT="30">
							<String ID="P4_ST01706" HPOS="2934" VPOS="3993" WIDTH="166" HEIGHT="30" CONTENT="application." WC="0.99" CC="900730000063" STYLEREFS="TXT_15"/>
						</TextLine>
					</TextBlock>
				</ComposedBlock>
			</PrintSpace>
		</Page>
	</Layout>
</alto>
