4142 6013
1342 88 115 41 THE
1513 87 186 39 LYELL
1752 83 183 45 TIMES,
1991 77 308 49 SATURDAY,
2354 77 165 42 APRIL
2576 91 54 35 io,
2687 79 103 40 ISS6.

243 233 135 39 Mining
396 232 151 31 Notices.

71 315 75 29 TYR
178 316 71 28 CON
256 315 102 28 NELL
388 314 147 36 QUAItTZ
564 313 141 28 MINING

197 369 189 33 COMPANY,
406 366 173 29 LIMITED.

92 477 23 26 A
136 475 21 28 T
181 485 16 18 a
219 475 122 37 Meeting
362 475 29 28 of
411 475 136 28 Directors
569 472 63 29 held
653 472 55 28 this

178 527 62 37 day,
263 538 14 17 a
291 527 95 29 CALL
410 527 55 36 (the
489 527 72 34 18th)
585 526 29 27 of
632 525 75 28 ONE

78 580 128 29 PENNY
228 580 103 29 HALF
346 579 126 30 PENNY
493 588 47 28 per
553 577 77 29 share
653 585 55 21 was

77 632 102 34 struck,
194 633 54 29 and
260 633 81 28 made
352 632 113 37 payable
475 636 27 24 to
513 632 45 28 the
569 639 139 26 manager,

77 689 28 25 at
119 684 45 29 the
179 684 160 38 Registered
352 684 83 29 Office
450 684 27 28 of
491 683 45 30 the
556 683 152 36 Company,

75 738 64 27 Cliff
162 738 97 31 Street,
285 736 89 38 Lyell,
399 747 34 18 011
458 734 251 32 WEDNESDAY,

77 788 64 28 14th
155 788 124 33 APRIL,
294 787 75 30 1880.

359 849 121 30 JAMES
501 847 139 34 INGLIS,

536 900 139 35 Manager.

115 954 87 37 Lyell,
218 954 46 29 sth
277 954 85 38 April,
378 955 44 26 188
422 955 30 26 G.

79 1038 148 34 UNITED
253 1038 112 30 ITALY
392 1037 146 38 QUARTZ
568 1035 140 30 MINING

206 1091 189 33 COMPANY,
416 1089 174 28 LIMITED.

96 1195 67 27 AT
181 1204 17 19 a
219 1194 120 36 Meeting
360 1195 32 26 of
409 1194 136 27 Directors
570 1192 62 27 held
657 1191 55 28 this

176 1247 63 38 day,
261 1257 16 18 a
294 1246 98 29 CALL
412 1245 56 36 (the
489 1244 75 36 27th)
588 1243 30 30 of
635 1242 75 30 ONE

80 1300 246 29 HALF-PENNY
337 1308 46 28 per
393 1298 79 28 share
482 1307 54 18 was
549 1295 100 31 struck,
658 1295 52 28 aud

81 1354 81 28 made
186 1352 116 38 payable
327 1359 28 21 to
376 1351 47 29 the
448 1360 139 27 manager,
612 1354 28 23 at
665 1348 45 29 the

82 1404 158 36 Registered
261 1402 82 32 Office
364 1402 30 31 of
410 1402 46 31 the
475 1401 153 39 Company,
651 1399 63 35 Cliff

82 1459 96 30 Street,
201 1458 88 35 Lyell,
312 1467 34 17 on
371 1455 249 32 WEDNESDAY,
649 1455 62 27 14th

82 1508 125 35 APRIL,
219 1509 75 28 1886.

323 1569 122 30 JAMES
468 1568 140 34 INGLIS,

539 1621 139 35 Manager.

117 1674 89 36 Lyell,
220 1675 47 28 sth
280 1674 87 37 April,
381 1675 45 27 188
426 1675 30 27 G.

84 1757 149 30 UNITED
252 1756 140 31 ALPINE
406 1755 148 39 QUARTZ
569 1755 143 29 MINING

203 1810 187 33 COMPANY,
409 1810 175 27 LIMITED.

84 1916 108 29 milE
218 1916 196 28 ORDINARY
445 1913 267 30 HALF-YEARLY

108 1964 2 33 ■
174 1964 176 33 MEETING
388 1968 30 28 of
454 1966 195 30 Shareholders
686 1967 28 27 in

82 2020 47 29 the
143 2020 85 29 above
241 2021 140 37 Company
402 2019 56 29 will
481 2019 32 29 be
536 2018 63 30 held
619 2022 28 26 at
669 2018 46 30 the

83 2071 159 38 Registered
266 2072 82 29 Office
377 2071 30 29 of
435 2071 45 29 the
514 2071 151 37 Company,
687 2074 28 24 at

83 2124 88 39 Lyell,
197 2135 35 20 on
255 2123 152 36 FRIDAY,
442 2124 47 29 the
513 2123 64 30 30th
604 2123 53 38 day
687 2123 28 29 of

83 2180 124 31 APRIL,
222 2182 75 30 1886,
311 2184 28 24 at
350 2182 17 25 2
380 2178 111 33 o'clock,
501 2188 66 27 p.m.

324 2284 140 28 Business
474 2291 6 21 :

153 2337 39 29 To
223 2337 104 28 receive
359 2336 144 28 Directors'
537 2334 102 38 Report
663 2333 53 29 and

225 2390 116 28 Balance
356 2390 101 33 Sheet;
476 2387 55 30 and

154 2442 39 29 To
207 2441 69 30 elect
289 2441 139 30 Directors
441 2441 55 30 and
508 2440 138 30 Auditors.

335 2504 122 29 JAMES
477 2504 140 33 INGLIS,

546 2553 140 35 Manager.

122 2608 87 37 Lyell,
223 2607 64 29 20th
304 2607 105 34 March,
425 2608 75 28 1886.

87 2698 75 29 TYR
190 2697 176 31 CONNELL
397 2696 146 37 QUARTZ
578 2695 141 30 MINING

216 2750 189 32 COMPANY,
420 2749 173 28 LIMITED.

89 2856 108 29 mHE
226 2854 196 31 ORDINARY
453 2852 267 31 HALF-YEARLY

179 2909 175 28 MEETING
368 2907 30 29 of
417 2907 195 28 Shareholders
631 2907 28 26 in
672 2906 45 27 the

90 2959 85 30 above
206 2960 143 38 Company
378 2958 55 29 will
446 2956 3 42 -
464 2958 32 29 be
524 2958 63 28 held
617 2961 28 25 at
676 2956 46 30 the

90 3013 158 37 Registeied
279 3013 83 28 Office
392 3012 31 28 of
445 3012 46 29 the
517 3012 153 35 Company,
694 3015 28 23 at

89 3054 88 47 Lyeil,
204 3074 36 18 on
265 3062 217 33 THURSDAY,
506 3062 65 29 29th
595 3061 127 34 APRIL,

91 3125 30 21 At
132 3118 17 28 8
162 3116 111 35 o'clock,
287 3125 66 29 p.m.

324 3218 139 31 Business
475 3226 6 22 :

159 3273 41 27 To
230 3272 103 28 receive
364 3272 144 27 Directors'
536 3271 103 36 Report
668 3269 53 28 and

230 3326 119 28 Balance
365 3325 99 33 Sheet;
484 3324 54 29 and

162 3377 40 29 To
214 3377 68 29 elect
295 3376 110 29 Directo
420 3375 75 29 sand
508 3375 137 28 Auditors.

338 3439 122 29 JAMES
480 3438 141 31 INGLIS,

550 3489 141 37 Manager.

126 3544 88 37 Lyell,
230 3544 40 28 Ist
283 3544 84 37 April,
383 3544 75 28 1886.

161 3628 250 28 APPLICATION
434 3627 73 28 FOR
527 3627 131 27 LEASE.

226 3732 101 28 Nelson
342 3730 176 29 South-West
531 3729 160 28 Goldfields.

323 3769 64 29 30th
404 3768 105 34 March,
524 3770 75 26 1880.

131 3823 40 27 To
190 3831 56 19 the
265 3822 129 28 Warden
412 3829 34 19 at
466 3820 205 28 Murchison—

98 3874 37 61 I
155 3874 159 29 HEREBY
336 3873 82 38 apply
437 3873 40 29 for
498 3881 16 20 a
536 3870 190 36 Gold-Mininp

173 3914 85 27 Lease
283 3913 30 28 of
334 3913 46 28 the
399 3912 79 28 lands
499 3911 164 28 hereinafter
686 3911 27 28 de-

98 3950 114 35 scribed,
237 3951 28 28 in
290 3950 162 29 accordance
482 3949 66 28 with
574 3949 46 28 the
648 3949 78 28 Gold-

100 3990 108 35 Mining
221 3991 98 28 Leases
334 3989 177 36 Regulations
529 3989 30 28 of
580 3989 65 27 New
665 3988 47 28 Zea-

98 4028 76 33 land,
188 4028 54 27 and
257 4029 13 26 I
284 4038 88 26 agree,
392 4036 72 27 upon
485 4027 46 27 the
553 4027 130 35 approval
704 4028 23 25 ol

100 4066 55 29 this
168 4066 175 38 application,
359 4071 27 24 to
406 4068 109 26 execute
529 4075 16 19 a
560 4064 84 30 Lease
657 4074 71 28 upon

101 4106 46 27 the
160 4105 72 29 basis
254 4106 103 28 therein
372 4104 96 34 stated,
482 4105 22 27 if
522 4104 46 29 the
591 4104 137 28 Governor

101 4144 70 27 shall
185 4143 78 29 think
277 4144 31 27 fit
321 4146 27 25 to
361 4147 81 31 grant
456 4142 46 28 the
515 4151 84 19 game.

347 4193 121 31 JAMES
488 4193 141 34 INGLIS,

542 4233 156 37 Applicant.

891 226 137 39 Mining
1055 225 151 31 Notices.

735 309 147 28 UNITED
910 308 112 28 ITALY
1047 307 148 36 QUARTZ
1226 305 137 29 -MINING

854 361 191 31 COMPANY,
1066 359 188 36 LIMITED.;-

780 468 64 29 IHE
875 467 198 30 ORDINARY
1103 464 265 31 HALF-YEARLY

834 520 175 29 MEETING
1023 518 235 31 of.Shareholders
1279 519 28 27 in
1322 518 47 28 the

780 580 40 22 >ve
852 572 144 38 Company
1027 571 54 29 will
1112 571 31 28 be
1176 570 64 30 held
1265 574 27 25 at
1323 570 46 29 the

780 626 113 33 mistered
919 626 94 32 Office,
1027 625 30 29 of
1082 624 48 29 the
1158 624 153 37 Company,
1342 626 27 25 at

780 678 43 35 ell,
848 688 35 19 on
908 676 216 33 THURSDAY,
1150 676 65 29 29th
1246 675 123 34 APRIL,

780 734 33 31 iG,
828 736 28 23 at
869 734 16 26 G
898 730 113 34 o'clock,
1025 740 66 27 p.m.

974 836 141 29 Business
1129 843 5 20 :

807 889 40 27 To
877 889 103 27 receive
1005 888 146 28 Directors'
1185 886 101 36 Report
1317 884 54 28 find

875 940 120 28 Balance
1009 939 101 34 Sheet;
1129 938 54 28 and

806 994 39 27 To
859 994 66 28 elect
939 992 138 28 Directors
1089 991 54 28 and
1159 989 139 30 Auditors,

979 1043 122 31 JAMES
1127 1043 139 34 INGLIS,

1196 1096 139 33 Manager.

772 1149 87 36 Lyelt,
875 1150 40 26 Ist
929 1148 83 37 April,
1031 1149 45 26 188
1076 1149 30 26 G.

739 1232 76 30 THE
850 1230 154 31 CRCESUS
1040 1230 148 37 QUARTZ
1226 1229 145 29 MINING

858 1283 188 32 COMPANY,
1066 1282 176 28 LIMITED.

741 1390 107 27 ITIHE
873 1387 197 30 ORDINARY
1101 1385 273 30 HALF-YEARLY

832 1443 175 28 MEETING
1021 1443 30 27 of
1070 1439 195 31 Shareholders
1286 1440 29 28 in
1328 1439 46 30 the

740 1495 84 28 above
854 1496 143 35 Company
1021 1493 58 29 will
1112 1493 32 28 be
1175 1492 65 29 held
1270 1494 28 25 at
1329 1491 45 29 the

743 1547 155 37 Registered
929 1547 83 29 Office
1039 1546 30 29 of
1090 1545 46 30 the
1166 1544 154 38 Company,
1347 1548 29 24 at

741 1601 87 36 Lyell,
852 1610 35 19 on
911 1598 209 34 SATURDAY,
1142 1598 47 28 the
1212 1599 41 27 Ist
1273 1597 54 37 day
1348 1598 29 27 of

743 1652 89 34 MAY,
847 1654 75 31 188G,
936 1656 29 25 at
979 1653 32 28 10
1024 1650 113 36 o'clock,
1148 1660 66 20 a.m.

138 4326 89 30 Name
241 4325 53 30 and
308 4325 110 29 address
430 4324 28 29 in
476 4323 50 30 full
545 4323 29 29 of
589 4323 145 39 Applicant

172 4365 133 27 —James
319 4363 93 36 Jnglifi,
427 4363 86 35 Lyell.

139 4403 76 37 Style
236 4402 88 28 under
348 4400 89 29 which
463 4402 21 26 it
508 4400 23 28 is
553 4398 129 30 intended
706 4402 28 26 to

173 4442 116 29 conduct
309 4441 45 28 the
371 4439 243 29 business—Owen
633 4438 101 36 Quartz

176 4481 106 32 Mining
296 4480 152 36 Company.

139 4520 104 28 Extent
255 4520 29 27 of
300 4517 105 36 ground
423 4515 109 38 applied
550 4516 40 28 for
591 4515 143 29 —Sixteen

174 4558 53 29 and
242 4557 89 29 a-half
341 4565 84 20 acres.

141 4596 148 30 Minimum
303 4595 116 28 number
432 4593 31 28 of
472 4602 62 19 men
557 4592 131 37 proposed
709 4595 27 25 to

174 4634 33 29 be
220 4632 144 39 employed
376 4632 36 38 by
430 4631 47 29 the
495 4631 83 29 lessee
581 4631 88 28 —For
691 4630 45 29 the

175 4675 59 28 first
265 4673 75 29 three
371 4671 120 32 months,
522 4672 17 27 2
563 4678 82 25 men;
676 4670 45 28 sub-

175 4712 152 36 sequently,
357 4710 82 27 when
468 4710 29 26 in
527 4708 49 28 full
606 4707 84 34 work,
721 4709 17 26 6

175 4760 75 17 nieu.

142 4789 124 30 Amount
285 4786 30 31 of
332 4784 100 40 capital
453 4784 133 40 proposed
599 4786 27 28 to
644 4784 33 30 be
697 4784 26 29 in-

177 4827 92 29 vested
271 4826 161 31 —£12,000.

144 4863 136 39 Proposed
293 4863 80 29 mode
386 4863 30 27 of
434 4861 121 36 working
573 4861 46 28 the
639 4860 99 29 land-

178 4903 136 35 Ordinary
327 4901 80 29 mode
421 4901 25 28 of
459 4904 94 33 quartz
567 4899 115 35 mining.

145 4941 106 30 Precise
310 4939 109 37 locality
482 4939 84 28 Owen
625 4937 112 30 district.

178 4978 134 31 Bounded
351 4987 36 20 on
417 4977 46 30 the
496 4976 91 33 north,
626 4976 36 33 by
693 4976 46 29 the

179 5020 131 28 Bonanza
323 5017 71 29 lease
405 5025 7 26 ;
432 5026 34 19 on
480 5015 45 29 the
538 5015 90 32 south,
645 5014 35 38 by
693 5015 46 29 the

180 5057 148 29 Zealandia
352 5056 88 33 lease;
463 5055 62 31 and,
551 5064 35 18 on
612 5054 46 28 the
682 5058 58 24 east

180 5095 55 30 and
248 5098 75 29 west,
336 5094 36 37 by
385 5102 91 20 crown
490 5092 86 29 lands.

145 5137 83 28 Term
248 5136 41 28 for
300 5134 90 29 which
410 5134 70 28 lease
503 5132 23 29 is
547 5131 193 37 required—ls

180 5182 86 30 years.

146 5214 78 30 Time
235 5212 29 30 of
268 5210 190 37 commencing
463 5207 277 40 operations—When

179 5252 72 28 lease
265 5251 22 27 is
300 5249 123 35 granted.

979 1758 140 29 Business
1131 1764 6 22 :

809 1812 39 27 To
879 1812 104 28 receive
1013 1811 146 28 Directors'
1185 1811 104 35 Report
1322 1809 53 28 and

880 1862 122 31 Balance
1016 1861 100 34 Sheet;
1136 1860 55 30 and

809 1915 39 30 To
862 1915 70 31 elect
945 1915 139 30 Directors
1096 1913 55 30 and
1166 1913 139 30 Auditors.

990 1967 123 30 JAMES
1132 1967 141 33 INGLIS,

1200 2018 141 37 Manager.

775 2073 88 36 Lyell,
878 2073 42 28 Ist
932 2071 86 38 April,
1032 2072 76 29 1886.

743 2161 80 29 THE
844 2157 138 32 VICTOB
1010 2156 190 31 EMANUEL
1228 2156 147 36 QUARTZ

784 2211 145 28 MINING
949 2210 188 28 COMPANY,
1157 2208 176 28 LIMITED.
1351 2232 9 5 ..

745 2317 109 49 rpHE
882 2314 197 30 ORDINARY
1110 2311 267 32 HALF-YEARLY

835 2368 176 30 MEETING
1025 2367 31 29 of
1066 2365 196 31 Shareholders
1282 2365 29 29 in
1332 2364 46 30 the

746 2422 84 28 above
861 2422 144 36 Company
1034 2419 57 29 will
1121 2418 32 29 be
1184 2418 65 29 held
1273 2421 28 25 at
1331 2417 47 29 the

746 2475 157 39 Registered
934 2474 83 30 Office
1042 2473 31 31 of
1094 2473 47 30 the
1165 2472 153 38 Company,
1350 2474 28 26 at

746 2528 87 33 Lyell,
849 2537 35 17 on
897 2525 251 29 WEDNESDAY,
1170 2524 46 27 the
1238 2524 66 26 28th
1324 2523 55 34 day

746 2579 27 28 ot
785 2577 123 34 APRIL,
923 2577 75 34 1886,
1012 2579 28 26 at
1052 2576 16 29 7
1082 2573 113 37 o'clock,
1208 2583 67 29 p.m.

983 2681 139 30 Business
1136 2688 5 21 :

815 2736 40 27 To
886 2735 103 28 receive
1021 2734 147 28 Directors'
1197 2733 103 37 Report
1324 2731 55 30 and

885 2786 120 29 Balance
1020 2785 103 35 Sheet;
1143 2783 54 31 and

816 2841 39 29 To
868 2841 68 29 elect
950 2840 137 29 Directors
1101 2838 54 29 and
1169 2838 137 31 Auditors.

995 2902 123 29 JAMES
1137 2902 141 31 INGLIS,

1208 2952 139 38 Manager.

783 3007 87 35 Lyell,
885 3008 40 26 Ist
938 3006 86 36 April,
1040 3008 45 27 188
1085 3008 30 27 C.

149 5355 58 29 The
229 5355 84 30 above
334 5352 165 39 application
513 5349 53 30 and
585 5359 55 27 any
658 5349 71 35 objec-

115 5398 57 28 tion
186 5396 103 29 thereto
302 5394 56 28 will
372 5393 31 28 be
417 5390 82 31 heard
509 5395 28 24 at
547 5390 46 29 the
602 5388 144 30 Warden's

114 5435 84 29 Office
212 5438 28 24 at
255 5431 168 33 Murchiion,
436 5439 35 19 on
493 5428 184 33 TUESDAY,
696 5427 47 28 Cth

114 5473 105 34 JULY,
233 5473 75 28 188(3.

150 5524 62 38 Any
232 5531 98 30 person
351 5519 119 37 desiring
491 5522 28 26 to
541 5518 87 38 object
650 5520 28 26 to
699 5516 47 29 the

116 5565 72 27 issue
200 5563 30 28 of
239 5572 14 17 a
268 5562 106 33 Mining
393 5560 85 28 Lease
499 5568 74 26 upon
595 5557 46 29 the
663 5556 83 28 above

116 5598 163 37 application
306 5601 85 28 must,
414 5596 99 26 within
533 5596 34 26 30
586 5595 71 26 clear
679 5593 67 34 days

116 5638 70 29 from
199 5636 46 30 the
266 5635 62 29 date
349 5635 30 29 of
397 5633 67 29 such
484 5631 174 39 application,
672 5636 74 24 enter

116 5677 44 28 his
181 5676 134 37 objection
335 5678 28 24 at
383 5673 46 29 the
450 5672 145 29 Warden's
615 5671 82 28 Office
720 5674 26 23 at

118 5714 89 38 Lyell.

219 5765 151 28 ALFRED
389 5764 32 26 A.
442 5761 201 32 CORFIELD,

520 5800 52 29 Pro
586 5797 129 31 Warden.

222 5856 144 28 Warden's
383 5856 92 28 Office,

169 5896 85 35 Lyell,
269 5894 64 28 30th
349 5892 104 30 March,
469 5893 74 27 1880.

926 3084 118 31 Public
1063 3084 151 31 Notices.

784 3164 109 28 FEN
915 3163 207 29 NELL'S
1172 3161 175 29 HALL.

750 3242 198 34 TO-NIGHT,
968 3240 209 32 SATURDAY,
1196 3239 114 29 APRIL
1342 3240 41 27 10.

754 3321 109 57 Mil
900 3319 204 33 SEABORN,
1134 3319 48 28 the
1211 3317 174 29 well-known

864 3356 290 36 ELOQUTIONIST,
1167 3356 56 26 and
1241 3355 119 27 PHREN-

752 3395 171 34 OLOGIST,
942 3394 56 30 will
1017 3395 60 36 give
1096 3393 43 31 his
1153 3393 232 32 Entertainment,

753 3445 35 19 an
808 3438 17 13 44
838 3436 126 35 Evening
977 3434 67 29 with
1057 3434 47 29 the
1126 3434 81 28 Poets
1228 3432 55 30 and
1305 3431 80 29 Great

788 3552 36 27 At
837 3551 45 28 the
896 3551 70 27 close
979 3550 31 27 of
1019 3550 46 27 the
1080 3549 117 28 Recitals
1210 3558 16 19 a
1243 3546 119 31 PHREN-

755 3589 185 31 OLOGICAL
954 3587 230 32 EXHIBITION
1196 3587 56 31 will
1264 3585 33 32 be
1307 3585 78 40 given

755 3639 35 18 on
805 3630 45 27 the
861 3629 137 35 platform.

774 3705 158 27 Admission
944 3705 73 27 :—2s
1031 3704 55 28 and
1101 3705 37 27 Is.
1175 3702 140 30 Children,
1329 3700 43 30 6d.

894 3788 175 29 CENTRAL
1088 3786 156 30 BULLER

757 3837 246 60 Amateur
1031 3836 123 28 race
1184 3834 207 29 meeting

968 3876 39 29 To
1021 3874 31 30 be
1065 3873 66 31 held
1143 3876 28 26 at

802 3924 78 28 THE
899 3923 131 28 THREE
1051 3921 141 28 RIVERS
1211 3920 125 34 PLAIN,

938 3963 130 28 Central
1087 3961 126 32 Buller,

793 4003 41 27 On
855 4001 171 30 MONDAY,
1052 4000 64 29 12th
1137 4000 124 32 APRIL,
1282 4000 76 27 1880.

995 4078 152 29 Stewards
1157 4083 8 22 :

760 4120 101 27 Messrs
873 4119 26 27 J.
914 4118 77 35 Edge
1071 4114 4 39 I
1094 4116 99 28 Messrs
1207 4114 33 28 R.
1254 4114 115 28 Perkins

795 4178 17 13 „
871 4157 27 27 J.
913 4156 94 29 James
1127 4174 17 13 „
1203 4153 32 27 T.
1249 4152 144 29 O'Rourke

792 4216 20 13 „
871 4196 33 29 0.
920 4193 96 39 Lynch
1070 4182 5 47 |
1126 4213 17 13 „
1205 4191 38 29 M.
1257 4191 85 28 Dunn

978 4234 95 27 James
1086 4230 120 30 Lowick.

875 4273 113 28 JuDOfcj:
1011 4272 43 26 Mr
1067 4272 84 25 Owen
1166 4269 107 36 Lynch.

864 4312 130 29 Starter
1007 4318 6 21 :
1034 4309 44 28 Mr
1089 4309 32 28 T.
1136 4307 153 30 O'Rourke.

779 4351 96 28 Clerk
893 4358 32 19 of
944 4357 56 20 the
1019 4349 112 27 Course
1146 4355 6 20 :
1173 4347 44 27 Mr
1230 4348 26 27 J.
1270 4347 104 28 James.

773 4389 96 28 Clerk
887 4396 33 19 of
939 4394 54 20 the
1014 4387 104 27 Sgat.es
1133 4393 5 20 :
1164 4385 43 27 Mr
1219 4384 28 28 J.
1263 4384 118 28 Lowick.

830 4428 202 27 Handicapper
1043 4432 6 20 :
1071 4424 43 29 Mr
1127 4423 31 29 T.
1172 4422 152 31 O'Rourke,

779 4466 156 27 Honorary
954 4464 168 28 Treasurer
1131 4470 6 20 :
1167 4462 44 28 Mr
1223 4462 27 29 J.
1265 4461 112 29 Lowick

764 4543 130 28 Handicp
913 4541 84 29 Hack
1021 4539 77 29 Rack
1123 4538 30 30 of
1174 4539 16 27 5
1215 4548 71 19 kovr.
1323 4538 73 30 Once

797 4582 88 28 round
899 4580 45 30 the
957 4589 103 19 course.
1101 4578 62 27 Post
1175 4584 87 29 entry,
1277 4579 55 26 10s.
1377 4582 11 21 /

764 4620 94 28 Lyell
876 4627 55 19 and
951 4618 117 27 Buller
1087 4617 92 27 Plate
1200 4615 147 28 Handicap
1370 4616 27 27 of

799 4660 32 28 10
844 4668 29 20 so
877 4668 38 19 vs.
953 4658 28 29 H
998 4655 87 30 miles.
1124 4655 187 33 Nomination
1332 4655 65 34 10s;

798 4700 172 33 acceptance,
985 4697 55 26 10s.

765 4735 149 29 Handicap
933 4734 83 27 Hack
1035 4732 76 28 Race
1126 4731 30 28 of
1165 4733 14 26 5
1193 4738 70 21 sovs.
1300 4730 15 35 $
1334 4730 63 28 mile

799 4773 78 30 heats
918 4771 116 30 without
1076 4770 197 37 dismounting.
1334 4769 63 29 Post

799 4817 88 32 entry,
902 4813 55 28 10s.

765 4852 150 27 Handicap
941 4850 83 28 Hack
1054 4848 78 28 Race
1164 4847 29 28 of
1214 4848 16 29 5
1258 4856 71 18 sovs.
1367 4848 30 33 1J

800 4890 87 28 iniles.
925 4889 65 27 Post
1003 4891 88 32 entry,
1107 4888 55 26 10s.

767 4929 148 27 Handicap
928 4927 83 27 Hack
1025 4926 76 27 Race
1118 4925 29 28 of
1158 4926 16 26 5
1187 4933 71 19 sovs.
1296 4924 13 28 1
1324 4923 73 29 mile.

801 4967 63 28 Post
877 4970 89 31 entry,
981 4966 54 26 10s.

768 5006 192 28 Consolation
974 5003 150 29 Handicap
1132 5001 30 29 of
1169 5003 15 27 5
1198 5011 70 19 fovs.
1301 5002 12 27 1
1326 5000 71 30 mile.

801 5045 100 34 Entry,
916 5045 55 26 10s.
1008 5043 55 27 For
1075 5042 36 27 all
1124 5041 97 28 beaten
1235 5040 101 29 horses.

802 5120 42 29 No
858 5123 79 33 entry
950 5117 56 30 will
1017 5116 32 31 be
1062 5115 122 31 received
1197 5116 41 30 for
1253 5126 54 27 any
1320 5115 29 30 of
1355 5114 46 31 the

768 5168 74 19 races
855 5162 95 31 except
962 5167 35 17 on
1012 5157 55 27 this
1079 5156 156 27 condition:
1237 5155 107 26 —That
1365 5154 36 27 all

769 5197 129 38 disputes,
924 5194 104 36 claims,
1053 5193 54 31 and
1133 5193 148 38 objections
1302 5191 101 37 arising

769 5241 47 23 out
828 5237 30 27 of
868 5236 46 27 the
928 5236 90 31 racing
1032 5234 70 27 sliull
1116 5234 32 26 be
1168 5233 111 26 decided
1300 5233 35 34 by
1357 5231 46 29 the

771 5273 143 31 Stewards,
935 5271 88 30 whose
1046 5270 134 30 decisions
1201 5278 36 21 on
1257 5267 34 30 all
1314 5269 89 37 points

769 5312 149 30 connected
935 5311 67 28 with
1022 5310 46 28 the
1088 5309 125 35 carrying
1234 5311 49 25 out
1300 5307 31 29 of
1349 5307 55 28 this

770 5359 171 30 programme
954 5348 61 29 slial
1028 5347 30 29 be
1071 5347 74 28 final.

807 5391 35 27 In
862 5389 46 29 the
922 5391 80 26 event
1016 5387 30 29 of
1055 5396 55 26 any
1128 5395 99 28 person
1245 5384 126 37 entering
1389 5394 16 18 a

771 5432 104 34 protest
890 5427 46 29 the
949 5434 61 20 sum
1025 5427 26 27 ot
1070 5426 37 27 Ml
1122 5425 29 27 Is
1169 5427 74 24 must
1262 5423 32 27 be
1307 5422 97 35 lodged

772 5467 65 29 with
851 5467 46 28 the
911 5466 141 34 Secretary
1064 5462 91 30 before
1173 5461 67 29 such
1259 5464 104 34 protest
1382 5459 23 29 is

773 5503 167 31 considered.
976 5502 67 27 This
1062 5510 60 18 sum
1136 5504 28 24 to
1185 5500 33 27 be
1236 5499 123 28 forfeited
1377 5506 28 20 to

774 5544 45 30 the
832 5542 83 31 funds
937 5541 99 30 should
1057 5539 47 30 the
1127 5537 136 31 Stewards
1282 5536 123 31 consider

774 5584 44 24 the
848 5584 104 32 protest
976 5579 130 26 frivolous
1130 5586 31 17 or
1185 5577 158 30 vexatious;
1371 5575 34 26 all

774 5622 115 35 protests
911 5619 75 26 must
998 5615 33 28 be
1053 5613 97 35 lodged
1171 5612 97 29 within
1288 5611 102 29 half-an-

775 5659 69 28 hour
856 5657 69 29 from
938 5654 82 29 finish
1035 5653 30 30 of
1074 5662 70 20 race.

808 5696 87 28 Three
908 5695 94 28 horses
1013 5695 78 26 must
1103 5695 77 25 enter
1192 5690 40 28 for
1244 5688 68 30 each
1326 5691 79 27 event

775 5745 30 19 or
817 5735 46 28 the
878 5734 90 36 public
983 5741 99 26 money
1095 5730 55 28 will
1164 5733 47 25 not
1223 5729 33 29 be
1269 5729 90 34 given.

809 5772 46 27 All
867 5772 100 26 entries
980 5770 42 26 for
1034 5768 71 27 hack
1118 5777 75 18 races
1206 5770 28 24 to
1252 5767 33 26 be
1304 5766 101 36 subject

777 5814 26 26 to
818 5810 47 30 the
881 5807 130 38 approval
1024 5807 31 29 of
1064 5806 46 29 the
1126 5804 144 31 Stewards.

999 5846 151 29 ALFRED
1171 5843 131 33 SMITH,

1133 5884 73 27 Hon.
1222 5883 151 28 Secretary.

1563 219 131 35 Public,
1707 219 151 31 Notices.

1590 300 250 31 NOTICE.

1394 381 39 30 To
1446 382 47 28 the
1507 380 172 30 inhabitants
1687 381 28 26 ot
1727 377 80 38 Lyell
1818 375 55 30 and
1883 371 135 33 surround

1624 421 47 36 ing
1684 418 115 29 district.

1533 497 172 39 HENRY
1735 493 166 41 YOUNG

1397 558 174 60 BEGS-to
1585 557 125 28 intimate
1730 555 59 28 that
1810 553 34 28 he
1869 548 110 32 intends
2003 551 29 25 to

1492 601 69 25 start
1574 595 116 37 Baking,
1704 594 55 29 and
1772 593 36 37 by
1831 590 102 39 paying
1956 587 77 30 strict

1397 637 133 27 attention
1544 641 28 22 to
1585 636 44 26 his
1650 634 123 28 business
1794 637 28 22 to
1844 629 82 29 merit
1947 639 16 17 a
1982 627 54 27 fair

1397 675 80 28 share
1491 675 30 28 of
1531 677 122 35 support.
1690 672 59 28 The
1762 671 72 38 price
1847 668 56 30 will
1914 667 33 29 be

1496 747 23 35 4
1523 733 50 38 lb.
1596 731 145 38 LOAF
1803 752 13 5 -
1873 725 60 50 gd.

1432 825 38 29 11.
1490 824 130 29 YOUNG
1636 821 110 31 intends
1759 826 28 24 to
1801 818 99 39 supply
1914 816 47 31 the
1968 824 68 29 very

1397 865 59 28 best
1469 864 105 36 quality
1585 863 30 28 of
1625 861 91 29 bread.
1754 861 22 26 A
1785 860 74 33 large
1870 860 166 26 assortment

1398 903 30 28 of
1449 902 81 27 small
1554 901 85 33 goods
1668 898 82 29 made
1781 906 82 27 every
1886 893 149 35 Saturday.

1399 940 124 36 Nothing
1543 940 51 27 but
1614 939 46 28 the
1685 937 59 27 best
1768 934 170 36 ingredients
1958 930 78 33 used,

1399 980 55 28 and
1467 979 162 35 everything
1643 976 59 28 sold
1716 980 28 24 at
1756 975 142 35 Westport
1909 971 98 38 prices.

1400 1064 198 25 CHRISTENING,
1629 1062 143 26 WEDDING,
1803 1060 55 20 AND
1895 1056 141 22 BIRTHDAY

1485 1101 87 20 CAKES
1590 1101 76 19 MADE
1686 1100 34 19 ON
1740 1099 55 18 THE
1815 1096 139 20 SHORTEST

1590 1138 131 21 POSSIBLE
1740 1135 111 22 NOTICE.

1435 1209 71 28 Note
1521 1208 45 28 the
1580 1207 119 28 Address
1702 1222 32 4 —

1402 1260 112 54 ALL
1535 1258 242 54 NATIONS
1806 1253 231 57 BAKERY

1472 1328 140 38 (Opposite
1625 1326 26 29 J.
1669 1326 87 37 Ryan,
1771 1323 196 38 Storekeeper.)

1481 1410 49 39 6.
1580 1409 44 39 c.
1670 1405 292 48 BOWMAN,

1418 1491 277 32 AUCTIONEER,
1714 1486 324 66 gHAREBROKER,

1558 1588 112 28 Mining
1689 1595 55 20 and
1764 1586 119 29 Genral

1419 1641 338 34 COMMISSION
1824 1640 197 34 AGENT,

1540 1693 170 32 Broadway,
1756 1691 146 28 Reefton.

1423 1785 128 40 POST
1593 1783 194 40 OFFICE
1831 1780 190 45 HOTEL,

1610 1840 223 30 LIELL.

1455 1941 224 40 PETER
1710 1937 282 43 MANGOS

1406 2005 142 70 BEGS
1569 2009 27 24 to
1610 2004 102 29 inform
1731 2002 45 29 his
1794 2001 104 29 iriends
1918 1999 56 30 and
1996 1999 46 29 the

1509 2044 93 38 public
1623 2044 63 28 that
1710 2042 44 28 his
1773 2051 60 19 new
1854 2039 188 29 commodious

1577 2082 86 29 Hotel
1676 2082 23 28 is
1712 2089 62 21 now
1787 2088 82 28 open.

1404 2121 153 30 Travellers
1575 2121 55 29 and
1649 2121 110 28 visitors
1777 2123 29 25 to
1825 2117 56 31 this
1898 2115 132 31 establish

1438 2166 78 24 ment
1528 2161 56 28 will
1596 2161 59 28 find
1667 2160 73 29 their
1749 2158 118 30 comfort
1875 2157 55 28 and
1943 2166 48 19 con-

1473 2199 131 27 venience
1614 2197 168 35 thoroughly
1792 2195 131 29 attended
1935 2199 38 22 to.

1404 2236 59 31 The
1475 2236 149 31 bedrooms
1645 2246 46 19 are
1701 2235 79 37 lofty,
1794 2232 55 30 and
1862 2232 64 30 well
1938 2229 104 40 lighted

1606 2275 57 30 and
1683 2273 160 31 ventilated.

1439 2355 207 30 Comfortable
1676 2353 128 28 Parlors
1831 2357 56 23 and
1907 2349 86 30 First-

1624 2401 82 19 class
1724 2392 105 26 Table.

1423 2433 60 30 One
1505 2432 31 30 of
1555 2430 128 31 Alcock's
1697 2429 79 30 Prize
1789 2427 117 31 Billiard
1919 2425 108 31 Tables.

1406 2512 59 27 The
1478 2512 57 26 Bar
1546 2512 24 26 is
1583 2510 114 28 stocked
1706 2509 68 27 with
1788 2508 74 31 Ales,
1872 2507 106 31 Wines,
1992 2505 52 28 and

1458 2547 99 36 Spirits
1570 2549 30 24 of
1615 2545 170 37 guaranteed
1803 2543 102 28 brands
1917 2543 76 35 only.

1441 2587 24 29 A
1482 2585 145 30 first-class
1647 2581 184 32 sixteen-stall
1844 2580 88 31 stable
1945 2581 75 29 iscon-

1408 2625 97 30 nected
1519 2625 68 28 with
1601 2625 56 28 this
1671 2623 86 28 hotel.

1659 2660 126 30 PETER
1809 2658 168 34 MANGOS,

1844 2698 156 35 Proprieor.

1514 2782 176 34 JAMES
1728 2778 212 42 INGLIS,

1414 2887 311 62 gHAREBROKER
1756 2887 21 27 &
1807 2882 237 32 COMMISSION

1626 3018 207 33 AGENT,

1488 3154 116 28 Cliff
1641 3150 160 32 Street,
1837 3149 141 29 Lyell.

1539 3236 121 33 JOHN
1695 3232 226 39 PENNELL,

1416 3299 197 64 Q.ENER
1623 3297 56 33 AL
1735 3293 312 67 gTOREKEEPER.

1500 3386 85 31 Wine
1603 3393 56 22 and
1679 3384 96 31 Spirit
1797 3382 171 30 Merchant.

1451 3500 103 37 Money
1571 3499 106 36 always
1697 3497 30 29 in
1748 3495 77 31 hand
1844 3495 42 30 for
1903 3493 115 38 cashing

1671 3537 127 37 cheques.

1452 3652 110 30 Liberal
1574 3652 137 29 advances
1723 3649 81 29 made
1820 3657 36 19 on
1869 3647 108 39 parcels
1990 3647 31 28 of

1633 3689 118 32 retorted
1765 3687 73 39 gold.

1562 3784 81 40 Cliff
1660 3784 122 45 Street,
1805 3781 109 48 Lyell.

2235 206 119 33 Public
2377 206 152 32 Notices.

2069 289 160 40 FERN
2279 287 153 39 FL'AT
2479 287 217 46 HOTEL,

2225 350 126 29 UPPER
2382 348 163 30 DULLER.

2069 459 109 61 THE
2192 459 85 29 above
2290 457 176 30 well-known
2483 456 74 30 hotel
2576 456 23 29 is
2621 457 80 35 again

2159 498 87 29 under
2256 498 44 28 the
2312 501 194 32 management
2514 497 29 28 of
2554 496 43 29 Mr
2610 496 92 29 Alfred

2070 537 101 34 Smith,
2180 537 47 28 the
2241 537 101 28 former
2353 537 159 36 proprietor.

2104 643 92 36 Every
2209 641 237 31 accommodation
2455 640 55 30 and
2523 642 181 28 convenience

2071 680 39 30 for
2124 680 140 31 travellers
2276 678 119 32 between
2410 680 47 30 the
2469 680 77 30 West
2559 680 81 29 Coast
2650 678 54 31 and

2074 721 109 32 Nelson,
2204 720 151 36 Hampden
2378 718 172 33 Matakitaki,
2573 719 130 36 Glenroy,

2073 758 115 34 Maruia,
2202 758 54 28 and
2268 758 46 28 the
2328 759 83 27 Owen
2425 757 89 29 Reefs.

2074 873 159 28 Newman's
2246 872 90 36 Royal
2358 872 69 28 Mail
2447 871 70 28 Line
2537 871 30 28 of
2584 870 122 28 Coaches

2107 910 80 29 make
2212 911 55 28 this
2288 903 138 43 iiostelery
2445 910 48 27 the
2514 910 59 27 first
2594 908 77 36 day's

2141 953 75 33 stage
2229 950 70 28 from
2310 948 77 29 West
2395 948 82 29 Coast
2486 950 28 26 to
2525 946 111 30 Nelson.

2107 1063 125 29 Tourists
2244 1073 51 18 can
2308 1063 33 28 be
2354 1061 132 37 provided
2497 1061 67 28 with
2576 1069 82 25 every
2667 1069 26 18 re-

2074 1101 153 35 quirement
2239 1101 42 27 for
2292 1100 112 33 visiting
2417 1099 46 28 the
2476 1099 76 27 lakes
2564 1098 56 28 and
2632 1106 56 26 mag-

2075 1139 110 28 nificent
2198 1138 182 36 surrounding
2392 1141 125 33 country.

2109 1179 104 26 Horses
2226 1178 55 27 and
2298 1178 146 35 equipages
2458 1186 15 18 a
2487 1174 151 37 speciality.

2257 1237 189 40 ALFRED
2468 1235 164 47 SMITH,

2509 1280 165 37 Proprietor.

2077 1367 207 38 BROWN'S
2304 1367 119 37 BOOT
2450 1364 260 39 EMPORIUM

2327 1425 137 29 LYF.LL.

2076 1529 43 67 J
2156 1529 139 30 BROWN
2309 1530 30 28 in
2351 1528 137 36 thanking
2500 1528 44 29 bis
2562 1535 150 21 numerous

2125 1578 8 13 •
2173 1573 150 25 customers
2352 1568 42 29 for
2423 1571 64 34 past
2514 1566 121 35 favours,
2658 1565 54 29 and

2077 1608 105 36 hoping
2206 1608 43 27 for
2270 1617 16 18 a
2308 1608 182 27 continuance
2511 1606 31 28 of
2558 1605 48 28 the
2625 1613 86 24 same,

2077 1646 98 29 wishes
2188 1649 45 26 too
2246 1646 52 28 call
2311 1645 73 29 their
2402 1644 136 29 attention
2552 1646 29 26 to
2594 1642 45 29 his
2651 1651 61 20 new

2077 1684 77 29 stock
2175 1684 31 29 of
2228 1684 109 30 Ladies'
2361 1683 99 28 Maids'
2483 1682 56 29 and
2557 1681 156 29 Children's

2077 1723 86 30 Boots
2183 1724 30 28 in
2234 1728 78 34 great
2332 1722 116 39 variety.
2484 1721 76 33 Also,
2574 1720 44 30 his
2636 1719 76 39 large

2077 1764 56 29 and
2145 1763 97 30 varied
2255 1762 78 32 stock
2345 1762 31 30 of

2077 1816 120 30 Men.s.
2210 1815 142 31 Youths*
2365 1815 27 30 &
2406 1813 99 39 Boys'
2523 1813 107 30 Boots
2641 1812 71 30 and

2335 1849 118 33 Shoes.

2079 1954 86 29 Fresh
2179 1953 93 30 Goods
2284 1954 121 35 arriving
2424 1952 137 35 monthly,
2573 1950 92 30 which
2678 1951 34 29 he

2112 1992 23 28 is
2149 1992 116 35 offering
2277 1996 30 24 at
2319 1992 87 37 prices
2419 1994 29 25 to
2458 1991 54 27 suit
2525 1990 48 28 the
2586 1990 92 28 times.

2079 2031 45 29 All
2147 2030 139 38 imported
2320 2029 85 37 goods
2434 2029 117 29 marked
2580 2029 29 28 in
2637 2028 77 38 plain

2338 2068 113 37 figures.

2114 2147 69 30 N.B.
2187 2147 58 29 —A
2255 2145 102 39 supply
2370 2146 30 30 of
2420 2145 90 33 North
2523 2143 106 32 British
2643 2143 72 32 Gum

2079 2187 85 29 Boots
2190 2186 56 27 and
2271 2187 70 26 Own
2366 2185 84 28 Make
2469 2185 184 34 Watertiglits
2678 2185 24 26 al-

2079 2232 75 28 ways
2166 2232 37 19 on
2216 2222 84 29 hand.

2114 2262 117 37 Repairs
2243 2260 142 40 promptly
2396 2260 131 32 executed
2540 2259 56 31 and
2608 2259 108 31 elastics

2080 2300 132 29 iuserted.

2107 2379 71 29 Note
2192 2378 47 29 the
2250 2377 272 30 Address:—JOHN
2544 2377 149 33 BROWN,

2083 2426 88 32 Boot
2195 2425 27 33 &
2249 2424 211 34 Shoemaker
2481 2424 28 33 &
2537 2424 179 41 Importer,

2146 2472 141 37 (Opposite
2302 2471 80 29 Bank
2394 2471 30 29 of
2435 2472 67 28 New
2516 2471 141 35 Zealand.)

1654 3875 35 40 [A
1725 3872 104 39 Card.}

1420 3919 40 28 To
1472 3917 47 30 the
1533 3917 100 28 Ladies
1646 3917 29 27 of
1684 3914 89 36 Lyell.
1788 3911 126 34 Reefton,
1927 3909 55 30 and
1995 3918 42 21 sur-

1593 3953 137 36 rounding
1743 3950 137 30 districts:

1489 3994 188 36 TUPESSRS
1705 3993 33 27 E.
1765 3991 27 29 J.
1821 3988 164 29 WARNER

1490 4016 71 44 JML
1597 4031 56 29 and
1677 4031 66 30 CO.,
1768 4029 29 27 of
1825 4027 160 31 NELSON,

1490 4071 88 30 desire
1590 4075 28 26 to
1631 4068 126 31 intimate
1771 4067 62 29 that
1851 4064 66 31 with
1938 4064 47 30 the

1491 4110 125 37 splendid
1634 4108 126 29 facilities
1779 4106 67 35 they
1868 4113 117 28 possess,

1490 4149 67 35 they
1578 4157 50 19 can
1655 4149 28 25 at
1704 4155 16 17 a
1741 4144 50 28 few
1805 4144 84 27 hours
1901 4141 84 33 notic,

1491 4186 66 30 send
1571 4195 48 28 per
1632 4183 82 31 coach
1729 4187 27 25 to
1769 4191 55 28 any
1846 4180 111 29 address
1969 4189 18 19 a

1490 4226 135 37 complete
1644 4227 122 25 costume
1787 4220 80 29 made
1888 4219 29 29 in
1939 4219 48 29 the

1491 4274 66 26 very
1569 4265 81 26 latest
1660 4261 79 36 style,
1749 4259 66 28 with
1825 4259 47 27 hat
1882 4268 30 17 or
1919 4258 49 28 bon-

1491 4308 47 24 net
1547 4301 54 30 and
1613 4301 92 37 gloves
1714 4302 27 25 to
1752 4297 102 34 match,
1863 4296 124 36 together

1491 4342 67 29 with
1568 4350 81 26 every
1659 4339 128 36 requisite
1801 4338 27 26 in
1842 4336 73 29 hose,
1930 4344 42 19 cor-

1492 4384 64 28 sets,
1585 4376 220 35 underclothing,
1830 4375 55 31 &c.,
1916 4373 72 28 their

1492 4418 86 37 prices
1609 4416 81 34 being
1721 4417 72 25 most
1818 4411 168 29 reasonable.

1491 4457 83 28 Their
1596 4454 78 30 stock
1686 4451 149 38 comprises
1849 4460 81 27 every
1944 4459 28 19 ar-

1491 4496 62 28 ticle
1583 4495 30 27 in
1642 4491 119 31 General
1788 4491 133 34 Drapery,
1945 4489 27 28 in-

1491 4533 111 36 cluding
1614 4542 17 19 a
1643 4529 124 40 splendid
1786 4531 164 26 assortment
1961 4526 31 30 of

1494 4574 89 28 Men's
1607 4570 54 30 and
1688 4570 81 34 Hoys'
1799 4567 188 35 Ready-made

1493 4611 139 34 Clothing,
1657 4616 133 26 mercery,
1815 4606 56 31 &c.,
1895 4604 93 28 orders

1493 4651 41 28 for
1547 4648 90 29 which
1644 4646 54 29 will
1708 4646 103 28 receive
1825 4646 110 36 prompt
1948 4648 25 24 at-

1494 4689 115 28 tention.
1646 4687 125 26 Patterns
1780 4686 26 26 ot
1820 4689 100 21 newest
1931 4692 37 19 ma-

1493 4726 94 29 terials
1601 4729 60 23 sent
1679 4727 62 32 post
1762 4723 52 26 free
1838 4721 36 35 by
1895 4726 92 21 return

1494 4764 76 33 mail,
1577 4762 55 30 and
1642 4761 84 29 ladies
1733 4760 64 28 .-end
1811 4769 16 18 n
1839 4769 7 19 r
1855 4768 116 18 measure-

1494 4809 91 24 ments
1598 4803 27 28 of
1647 4800 105 30 dresses
1769 4809 51 19 can
1833 4798 107 36 depend
1954 4807 34 18 on

1496 4842 125 34 securing
1634 4850 15 18 a
1672 4838 129 38 perfectly
1821 4837 91 35 litting
1932 4846 42 17 cos-

1496 4885 85 24 tume.

2200 2550 187 40 JAMES
2427 2549 173 42 RYAN,

2084 2638 246 64 Q.ENERAL
2403 2637 314 35 QTOREKEEPER,

2233 2719 86 28 Cliff
2342 2718 120 33 Street,
2482 2717 86 28 Lyel.

2084 2874 91 30 Goods
2189 2874 133 37 carefully
2335 2872 105 38 packed
2454 2876 27 26 to
2495 2872 36 30 all
2545 2876 76 33 parts
2634 2872 29 30 of
2673 2870 44 31 the

2340 2912 116 29 district.

2100 3086 104 27 BANK
2225 3086 112 27 PRICE
2356 3084 120 29 GIVEN
2497 3084 73 28 FOE
2589 3082 112 30 GOLD.

2086 3178 215 42 WOLF
2368 3177 151 41 AND
2593 3176 124 48 CO.,

2215 3244 181 28 Wholesale
2409 3251 56 19 and
2480 3242 109 28 Retail

2086 3286 634 65 BUTCHERS.

2188 3382 115 31 Dealers
2316 3382 29 30 in
2358 3381 37 31 all
2409 3381 181 39 descriptions
2602 3380 32 30 of

2103 3432 106 31 FARM
2245 3432 79 29 AND
2360 3430 120 30 DAIRY
2516 3429 191 30 PRODUCE.

2087 3510 101 32 Hotels
2195 3509 56 31 and
2260 3508 135 31 Families
2402 3507 101 31 waited
2515 3516 37 21 on
2565 3506 42 30 for
2614 3505 110 31 Orders.

2122 3588 101 33 Orders
2242 3585 139 33 delivered
2399 3589 29 28 to
2449 3585 38 31 all
2508 3587 76 37 parts
2597 3594 16 21 o
2643 3583 48 32 the

2347 3626 125 27 District.

2260 3703 74 29 Note
2349 3702 48 29 the
2411 3700 126 30 Address

2107 3760 71 33 13*
2185 3759 78 30 W0
2282 3759 24 28 L
2325 3758 23 29 F
2420 3756 115 30 AND
2616 3755 94 34 CO.,

2140 3817 74 29 Next
2237 3817 49 29 the
2310 3816 192 28 Government
2520 3812 156 37 Buildiugs,

2235 3864 88 29 Cliff
2343 3862 120 32 Street,
2482 3861 106 29 Lyell.

2110 3955 113 41 NEW
2265 3952 139 42 CHUM
2439 3949 270 49 BUTCHERY,

2302 4017 64 32 LY
2386 4016 132 32 ELL.

2240 4271 340 35 BUTCHER.

2093 4386 99 30 Hotels
2204 4385 56 30 and
2272 4383 132 31 Families
2424 4381 101 29 waited
2546 4390 36 20 on
2596 4381 82 36 Daily
2691 4380 40 29 for

2357 4421 112 30 Orders.

2145 4521 77 30 Meat
2234 4518 146 32 Delivered
2399 4522 27 24 to
2440 4516 37 30 all
2497 4519 76 36 parts
2585 4516 27 30 of
2634 4515 46 30 the

2352 4557 126 31 District.

2095 4666 118 34 NEW
2258 4663 157 34 CHUM
2453 4658 278 41 BUTCHERY,

2162 4711 129 31 Opposite
2302 4706 154 30 Alhambra
2465 4706 95 30 Hotel,
2575 4704 89 37 Lyell.

1533 4957 93 28 Please
1639 4953 66 30 seod
1724 4953 82 33 along
1819 4960 67 24 your
1900 4951 92 28 orders

1497 5000 28 26 at
1533 5005 77 24 once,
1621 4998 28 25 to
1660 4992 78 29 avoid
1752 4991 90 31 delav,
1856 4990 53 27 and
1920 5000 57 18 care-

1497 5036 69 35 fully
1580 5038 64 24 note
1658 5032 45 29 the
1717 5030 128 29 address:

1429 5084 38 32 E.
1484 5083 29 32 J.
1531 5078 199 35 WARNER
1748 5077 27 30 &
1796 5075 78 35 CO.,
1933 5074 79 31 Hall
2029 5074 37 30 of

1800 5111 139 33 Nelson.

1448 5198 360 46 WELCOME
1880 5197 165 44 INN,

1692 5258 105 27 Lyell.

1542 5348 154 34 ELLEN
1725 5344 234 35 WILLIAMS

1446 5418 9 9 ■
1472 5403 24 28 xT
1521 5407 143 28 retaining
1683 5398 101 29 thanks
1802 5398 42 28 for
1865 5402 62 32 past
1948 5397 118 31 favours,

1434 5429 35 34 -L
1506 5441 65 36 begs
1589 5444 27 24 to
1636 5437 101 29 inform
1754 5437 50 28 her
1821 5435 103 28 friends
1944 5434 55 29 and
2020 5433 47 28 the

1434 5480 89 37 public
1543 5479 61 27 that
1625 5477 49 28 she
1698 5477 51 27 has
1770 5475 57 36 just
1848 5473 156 37 completed
2023 5482 29 17 ex-

1434 5517 102 30 tensive
1556 5515 138 30 additions
1717 5512 55 30 and
1790 5511 161 30 alterations
1972 5515 28 24 to
2019 5510 49 28 her

1434 5557 142 36 premises,
1594 5554 55 29 and
1669 5553 45 28 the
1737 5552 209 29 accomodation
1964 5550 23 28 is
2005 5558 62 19 now

1652 5588 192 36 unsurpassed.

1434 5670 74 35 Ales,
1533 5668 104 32 Wines,
1659 5666 55 29 and
1735 5665 100 38 Spirits
1859 5663 30 29 of
1911 5661 157 30 First-class

1609 5705 111 38 Quality
1733 5705 65 36 only
1811 5704 74 37 kept.

1505 5783 78 30 Good
1602 5781 126 35 Stabling
1745 5777 254 32 Accommodation.

1609 5834 126 31 ELLEN
1760 5831 207 33 WILLIAMS,

1818 5872 217 25 PROPKIETKF.SS.

2157 4797 218 39 FORSYTH
2396 4797 28 37 &
2446 4793 233 46 MASTERS,

2097 4861 293 65 WHOLESALE
2417 4862 21 27 &
2466 4859 142 29 RETAIL
2627 4859 84 30 IRON-

2319 4898 193 33 MONGERS,

2248 4955 170 33 Broadway,
2438 4952 144 33 Reefton,

2102 5008 77 30 Have
2193 5018 36 19 on
2242 5007 74 30 hand
2336 5004 136 38 imported
2491 5003 86 29 direct
2594 5002 70 30 from
2688 5002 47 30 the

2151 5048 92 27 Home
2257 5046 131 31 markets,
2401 5054 14 17 a
2430 5045 86 31 Large
2529 5042 56 28 and
2598 5041 67 29 Well-

2285 5082 121 30 jissorted
2427 5080 83 30 Stock
2523 5080 30 28 of

2101 5148 165 37 Builders'
2282 5145 220 46 Furnishing,
2516 5143 136 47 Mining
2666 5142 69 36 and

2207 5208 146 39 General
2375 5208 257 44 Ironmongery,

2102 5285 99 30 Which
2224 5285 65 36 they
2309 5293 45 20 are
2375 5280 133 40 prepared
2531 5284 28 25 to
2582 5279 49 29 sell
2652 5281 29 27 to
2693 5288 27 20 re-

2115 5324 102 28 sidents
2230 5324 28 28 of
2269 5322 78 37 Lyell
2360 5327 29 23 at
2398 5319 151 36 extremely
2561 5319 52 28 low
2627 5319 96 36 prices.

2104 5420 153 27 Bickford's
2271 5420 80 30 Fuse,
2365 5417 92 27 Hall's
2474 5415 125 33 Blasting
2612 5413 124 31 Powder,

2105 5458 121 34 Octagon
2240 5457 82 33 Steel,
2335 5456 92 28 Ames'
2450 5453 125 33 Shovels,
2596 5451 67 30 Pick
2681 5450 56 29 and

2105 5496 137 28 Hammer
2254 5494 134 30 Handles,
2402 5494 55 30 &c.,
2468 5495 96 32 agents
2575 5491 42 28 for
2627 5490 113 29 Nobel's

2340 5530 161 40 Dynamite.

2107 5593 157 32 Furniture,
2295 5591 135 32 Bedding.
2460 5590 115 31 Lamps,
2616 5587 122 34 Cutlery,

2107 5631 171 37 Carpenters'
2292 5628 91 34 Tools,
2401 5627 104 34 Paints,
2527 5625 66 34 Oils,
2615 5625 125 33 Colours,

2244 5670 93 35 Fancy
2350 5668 91 33 Ware,
2453 5668 63 32 &c.;
2535 5666 66 32 also,

2111 5721 22 29 A
2147 5721 86 35 Large
2246 5721 175 29 Assortment
2438 5717 29 31 of
2485 5715 167 32 Galvanised
2665 5716 75 33 Iron,

2210 5760 145 27 Bessemer
2366 5758 56 27 and
2441 5755 103 37 Plough
2565 5755 73 28 Steel

2297 5814 103 29 WIRE
2420 5812 129 30 ROPES.

2212 5868 59 26 SSS
2302 5866 175 28 OCTAGON
2506 5865 130 28 STEEL.

3233 202 118 32 Public
3381 202 151 31 Notices.

3203 283 452 69 UMMSB

3003 473 247 66 JOHN
3311 470 454 64 EENNELL

2739 572 61 30 Has
2813 571 84 30 much
2916 570 124 40 pleasure
3060 572 29 28 in
3110 570 177 36 announcing
3306 573 28 25 to
3354 568 46 29 the
3422 567 171 30 inhabitants
3615 567 29 28 of
3666 567 79 37 Lyell
3770 565 55 30 and
3850 565 184 37 surrounding

2966 611 119 28 districts
3108 610 46 28 the
3177 610 101 28 arrival
3302 610 30 27 of
3354 609 44 27 his
3422 608 79 27 NEW
3541 607 123 28 GOODS
3697 607 41 28 for
3762 607 47 27 the

2838 689 88 43 IS*
2953 685 287 43 CHRISTMAS
3280 685 101 40 AND
3424 682 115 42 NEW
3582 683 133 40 YEAR
3757 683 176 40 TRADE.

2742 831 85 40 The
2849 832 116 41 Stock
2984 833 31 38 is
3043 846 82 25 now
3144 832 190 50 complete
3354 831 36 38 in
3410 844 111 37 every
3540 829 128 46 detail,
3690 828 73 39 and
3797 828 64 38 the
3890 828 144 51 quality

2841 887 32 37 is
2892 886 40 38 of
2955 887 64 38 the
3047 886 84 37 best
3159 884 222 52 procurable
3406 884 93 38 from
3520 884 64 38 the
3606 884 126 36 Home
3753 882 183 38 Markets.

2912 1028 35 31 In
2960 1028 46 32 the
3021 1027 109 32 Ladles'
3146 1028 182 39 Department
3342 1028 47 31 the
3403 1028 140 39 following
3556 1028 94 31 Goods
3663 1039 46 20 are
3722 1028 96 31 shown

2744 1086 150 37 DRESS
2907 1085 289 46 MATERIALS,

2904 1147 284 47 MILLINERY,

3023 1207 240 49 MANTLES,

3142 1273 218 48 HOSIERY,

3403 1085 214 44 CORSETS,

3524 1146 191 43 GLOVES,

3644 1207 158 47 LACES,

3724 1270 236 42 FLOWERS,
3981 1272 58 36 &c.

2848 1438 36 29 In
2896 1437 48 30 the
2958 1437 188 30 Gentlemen's
3161 1438 184 36 Department
3358 1449 16 17 a
3387 1438 88 34 Large
3489 1437 82 29 Stock
3585 1438 51 27 lias
3648 1437 69 28 been
3730 1436 56 29 laid
3799 1438 39 32 in,
3850 1436 91 29 which

2748 1499 134 40 WILL
2908 1499 65 39 BE
3002 1498 129 41 SOLD
3157 1498 63 40 AT
3254 1496 178 42 PRICES
3471 1496 62 42 TO
3575 1496 114 42 SUIT
3726 1497 104 39 THE
3858 1496 181 40 iTIMES.

3385 1593 19 25 o

2823 1670 106 53 Boys'
2948 1670 73 40 and
3043 1671 140 39 Youths'
3204 1669 167 54 Clothing
3389 1669 40 52 of
3442 1668 53 39 the
3513 1668 83 39 Best
3613 1665 72 40 and
3705 1667 118 38 Latest
3841 1666 125 51 Styles.

2940 1844 95 29 Direct
3049 1843 199 38 Importations
3260 1842 71 29 from
3345 1841 46 29 the
3406 1838 239 40 llome_Markets,
3658 1838 152 36 consisting
3823 1837 31 28 of

2752 1912 137 47 Prints,
2912 1912 175 46 Sateens,
3105 1910 75 39 and
3196 1909 230 49 Twillettes;
3449 1909 148 40 French
3612 1909 181 45 Merinos,
3810 1907 233 47 Cretonnes;

2783 1966 162 40 Curtain
2968 1967 147 46 Laces;
3144 1965 133 39 White
3302 1966 175 46 Calicos;
3506 1965 128 38 Toilet
3653 1963 127 50 Quilts
3797 1962 212 51 Sheetings.

3201 2055 24 28 A
3239 2052 132 39 Splendid
3384 2053 175 28 Assortment
3573 2050 30 29 of

2754 2121 132 52 Black,
2924 2121 115 49 Ecru,
3077 2118 75 42 and
3187 2118 134 42 White
3370 2117 22 41 I
3407 2130 89 28 aces
3515 2131 9 35 ;
3571 2114 171 42 Ribbons
3763 2130 8 35 ;
3816 2114 118 42 Black
3968 2114 76 41 and

3045 2174 190 39 Coloured
3263 2174 82 38 Silk
3375 2173 106 44 Mits,
3502 2171 75 39 and
3597 2171 154 39 Gloves.

3190 2249 92 65 •*;%
3376 2272 46 26 :o:

2788 2349 246 66 JOHN
3073 2344 469 74 FENNELL,
3583 2343 153 62 Cliff
3770 2343 238 62 Street.

2757 2518 141 57 The
2933 2514 366 74 Hampden
3342 2511 468 73 Co-operative
3853 2511 194 55 Store

3051 2608 362 75 Company,
3451 2603 315 61 Limited.

2757 2805 109 62 THE
2881 2803 84 31 above
2976 2802 145 36 Company
3130 2801 23 30 is
3166 2810 61 21 now
3238 2798 150 40 supplying
3401 2798 46 29 the
3460 2797 141 37 following
3618 2796 85 36 goods
3712 2801 29 25 at
3753 2806 16 20 a
3782 2796 85 37 slight
3879 2795 123 29 advance
4017 2803 35 20 on

3228 2838 148 30 NELSON
3393 2838 187 29 PRICES:—

2961 3081 38 29 Of
3010 3080 60 29 first
3083 3080 69 28 class
3165 3077 115 39 quality.
3318 3078 22 26 A
3354 3076 89 37 Large
3457 3076 55 28 ami
3525 3074 101 30 Varied
3640 3076 175 28 Assortmeut
3827 3076 30 27 of

2759 3138 203 53 Crockery,
2999 3137 171 40 Earthen
3199 3134 77 41 and
3309 3134 228 45 Glassware,
3574 3132 282 52 Ironmongery,
3887 3133 81 44 &c.,
3989 3132 68 38 &c.

3375 3223 54 22 —o:

2761 3290 125 42 Men's
2921 3286 75 43 and
3032 3285 105 54 Boys
3140 3285 7 17 1
3187 3281 273 55 Kaipoi-made
3509 3280 206 55 Clothing;
3763 3280 114 48 Hats,
3916 3280 139 48 Shirts,

2861 3341 358 44 Under-Flannels;
3274 3340 175 35 Drawers
3485 3337 72 37 and
3593 3337 146 44 Moles;
3782 3336 175 44 Tweeds,

2958 3394 177 53 Hosiery,
3159 3391 209 49 Blankets;
3398 3389 163 47 Calicos,
3585 3388 140 49 Prints,
3748 3389 92 39 Flan-

3172 3448 92 46 nels,
3285 3448 80 45 &c.,
3387 3446 66 39 &c.
3506 3445 92 38 Also
3601 3467 49 5 —

2926 3529 155 44 Wheat,
3128 3527 109 45 Oats,
3284 3525 117 45 Bran,
3434 3521 119 41 Chaff
3575 3521 75 39 and
3683 3522 193 38 Potatoes.

2797 3680 100 30 Orders
2909 3674 196 41 accompanied
3123 3673 37 39 by
3173 3673 65 30 cash
3251 3671 175 31 remittances
3443 3669 163 40 punctually
3625 3668 131 31 attended
3770 3675 38 29 to,
3821 3669 55 30 and
3895 3669 86 38 goods
4000 3669 44 30 des-

2763 3719 118 37 patched
2895 3721 29 25 at
2935 3727 17 17 a
2964 3719 140 25 moments
3116 3714 99 27 notice.

2797 3756 86 30 Local
2900 3755 129 38 produce,
3047 3751 142 37 including
3208 3750 104 34 Hides,
3332 3749 95 33 Skins,
3452 3747 96 35 Wool,
3567 3747 126 32 Butter,
3708 3748 57 33 &c.,
3779 3748 55 33 &c.,
3852 3746 154 38 purchased
4019 3747 43 27 for

2764 3796 83 30 Cash.
3849 3824 15 4 _

3644 3825 34 28 R.
3699 3824 130 34 M'xsEE,
3849 3825 107 27 Lessee.

2800 3871 171 34 Murchison,
2985 3868 65 30 15th
3062 3866 85 36 June,
3163 3867 76 28 1885.

3344 4075 130 43 TRY

2885 4224 96 66 CI
3017 4221 193 67 IRK
3235 4218 273 67 PAT
3535 4218 133 65 PH
3696 4218 178 66 OK
3881 4219 17 30 3

3227 4547 49 69 I
3455 4561 95 55 m

3227 4592 43 32 i**
3452 4592 97 30 &jj&J
3597 4602 24 20 O

3037 4825 76 38 IT
3188 4823 72 39 IS
3337 4820 153 41 THE
3565 4820 202 39 BEST

2850 5058 186 39 GEORGE
3067 5058 42 36 E.
3133 5054 193 44 LEVIEN,

2772 5123 125 30 Member
2906 5123 29 27 of
2940 5121 47 29 the
2995 5116 235 33 Pharmaceutical
3237 5116 106 36 Society
3350 5113 55 31 and

2858 5158 237 32 Pharmaceutical
3113 5157 166 28 Conference
3291 5154 30 27 of

2979 5199 84 29 Great
3081 5195 116 34 Britain,

2776 5254 203 65 SURGEON
3017 5250 174 33 DENTIST,
3222 5247 181 35 CHEMIST,

2933 5292 80 30 AND
3033 5288 204 34 DRUGGIST,

2987 5336 206 35 (REGISTERED.)

2773 5429 55 28 For
2840 5428 36 28 20
2886 5435 79 29 years
2982 5423 149 39 practising
3153 5423 29 26 in
3201 5420 206 35 Marlborough,

2774 5467 55 29 and
2840 5467 55 27 late
2909 5464 32 29 of
2959 5464 103 28 Nelson
3081 5461 129 33 districts,
3223 5461 24 27 is
3267 5469 61 19 now
3347 5468 45 28 pre-

2872 5502 83 39 pared
2969 5506 27 24 to
3009 5500 95 29 attend
3118 5500 128 37 patients,
3259 5498 55 27 and

2810 5562 71 27 CAN
2914 5561 51 27 BE
2995 5555 225 32 CONSULTED
3255 5554 119 27 DAILY

2777 5677 99 28 Rooms
2899 5681 31 21 in
2954 5672 186 29 Commercial
3169 5668 112 33 Hotel,
3304 5667 104 28 Lyell.

2813 5768 94 28 Advice
2933 5767 93 28 Gratis
3044 5764 70 28 from
3134 5765 17 25 9
3170 5766 27 24 to
3219 5764 29 24 11
3267 5770 76 22 a.m.,
3357 5760 52 28 and

2779 5809 68 30 from
2909 5808 37 29 -5
2966 5815 16 28 p
2994 5814 38 19 in.

2993 5858 33 26 G.
3046 5856 33 28 E.
3100 5855 154 29 LEVIEN,
3276 5854 101 27 M.P.S.

3436 5056 319 38 BELFAST
3805 5053 259 47 HOTEL,

3626 5126 112 27 GIBI3F
3758 5125 120 28 TOWN.

3604 5176 187 30 Eight-Mile
3811 5176 88 30 Road.

3438 5253 108 54 PpilE
3554 5253 185 38 undersigned
3748 5254 104 37 having
3860 5253 129 29 removed
3997 5253 71 29 from

3528 5307 67 27 Zala
3606 5307 86 27 Town
3706 5307 55 29 and
3774 5307 108 28 erected
3899 5317 61 17 new
3979 5316 72 26 prem-

3437 5354 54 29 ises
3511 5364 30 19 as
3560 5354 96 35 above,
3675 5354 23 29 is
3722 5364 62 20 now
3803 5354 134 39 prepared
3956 5359 28 24 to
4004 5354 67 29 offer

3438 5403 135 28 excellent
3614 5404 239 27 accommodation
3883 5408 28 23 to
3951 5404 120 30 visitors,

3439 5449 137 35 boarders,
3591 5450 55 29 and
3659 5450 46 29 the
3718 5449 91 39 public
3822 5449 152 37 generally.

3441 5546 75 28 Ales
3535 5546 101 28 Wines
3655 5555 54 18 and
3730 5547 112 27 Spirits
3866 5555 33 18 of
3924 5555 57 18 the
4003 5554 68 19 best

3591 5593 153 34 Qualities
3757 5599 71 19 only
3843 5599 80 19 kept.

3565 5688 155 52 Charges
3748 5688 189 39 Moderate.

3619 5808 124 31 FETEII
3762 5806 243 31 ARMSTRONG.

3876 5856 165 30 l'lvyr-fetor.
