4142 6013
106 222 579 29 ARRIVAL

345 278 33 18 OF
397 277 55 19 THE

106 315 338 43 ENGLISH
492 315 193 43 MAIL

199 386 64 27 VIA
284 386 67 27 SAN
374 385 214 28 FRANCISCO.

384 471 125 34 London,
524 470 94 28 March
634 471 40 27 14.

117 520 24 28 It,
162 519 49 29 lias
231 519 66 28 been
318 518 127 36 officially
466 518 161 28 announced
651 518 55 28 thai

80 559 44 26 Sir
148 558 111 27 Charles
287 557 110 28 Warren
423 557 54 28 will
507 557 29 28 be
562 555 145 38 appointed

80 597 213 28 Commissioner
306 597 25 27 ot
346 595 97 30 Police.

116 645 57 26 The
204 647 116 23 steamer
352 643 135 32 Missouri,
517 642 90 28 which
639 649 67 19 went

81 682 96 28 ashore
190 687 28 23 at
232 680 156 38 ITollyhead
402 681 99 32 during
522 685 92 24 recent
627 680 80 34 gales,

80 731 56 17 was
161 720 74 28 lifted
261 722 68 26 from
355 720 46 28 the
426 720 115 37 position
567 719 52 27 and
645 719 62 28 then

81 759 130 38 plumped
237 759 104 34 against
366 759 47 28 the
443 757 86 29 rocks.
567 758 25 28 It
620 757 23 29 is
667 757 31 28 be

82 798 33 27 he
119 798 47 27 veil
181 798 47 27 she
241 798 53 27 will
308 797 33 28 he
354 807 15 18 a
384 797 66 28 total
464 796 96 28 wreck.

115 845 58 28 The
204 845 207 28 Conservatives
450 847 27 25 at
517 842 191 34 Birmingham

82 884 69 28 h.ive
181 883 110 29 decided
324 889 27 22 to
376 887 106 25 contest
512 887 28 24 at
570 882 46 29 the
647 886 61 24 next

80 922 115 28 election
222 922 35 26 all
282 931 80 17 seven
389 922 118 26 districts
530 922 30 25 of
578 921 44 27 the
647 920 62 35 city,

80 969 82 28 every
176 969 50 19 one
240 959 29 29 of
280 959 87 29 which
381 959 23 29 is
416 968 61 20 now
491 957 171 39 represented
676 957 33 38 by

83 999 130 26 Liberals.

119 1045 31 28 lii
166 1043 132 30 Bradford
312 1047 102 35 twenty
428 1053 110 29 persons
557 1044 69 29 have
644 1042 67 30 been

83 1084 86 29 bitteu
183 1084 35 35 by
231 1084 62 28 mad
308 1084 74 31 dogs,
402 1084 54 27 and
469 1084 92 28 others
580 1084 55 28 fear
649 1083 64 35 they

84 1131 64 27 may
162 1122 31 26 be
207 1121 124 28 attacked
345 1120 35 37 by
394 1121 46 27 the
450 1130 76 18 same
537 1122 111 26 disease.
688 1121 20 26 Ii

84 1171 22 18 is
120 1159 126 39 probable
260 1160 60 30 that
333 1164 54 25 two
399 1159 118 39 patients
530 1159 55 29 will
600 1159 111 38 proceed

85 1207 27 20 to
138 1200 45 27 I'd
190 1199 23 28 is
239 1205 26 23 to
286 1200 103 28 receive
412 1203 145 25 treatment
580 1200 69 27 from
674 1199 40 28 Dr

86 1238 120 28 Vastenr.

120 1278 19 27 A
164 1277 71 35 Hoys
255 1276 172 34 Ornhannge,
449 1279 28 26 at
498 1275 96 32 Balad,
616 1276 26 27 in
667 1275 45 28 the

84 1317 127 34 province
232 1319 26 23 ot
280 1315 142 32 Arniherg,
437 1325 55 17 was
513 1314 143 36 destroyed
679 1315 34 34 by

86 1355 53 27 lire,
164 1354 77 27 when
266 1354 51 28 five
330 1352 67 39 boys
411 1352 123 35 perished
553 1353 53 28 and
630 1352 84 38 thirty

85 1403 68 17 were
168 1393 113 35 injured.

119 1439 57 29 The
185 1441 210 27 stationinaster.
404 1438 91 30 whose
503 1438 106 37 neglect
617 1438 96 30 caused

86 1479 45 27 the
153 1479 93 27 Monte
270 1478 80 28 Carlo
372 1479 112 35 railway
508 1479 131 32 accident,
665 1479 49 26 has

84 1516 161 27 committed
259 1514 110 29 suicide.

122 1565 23 27 It
173 1565 21 26 is
218 1563 127 38 expected
371 1563 59 29 that
457 1563 45 29 the
529 1564 108 28 Powers
661 1564 53 28 will

86 1602 142 28 withdraw
253 1602 225 37 representatives
509 1603 69 27 from
609 1602 105 28 Athens

86 1642 91 27 unless
191 1642 99 28 Greece
304 1641 16 28 d
324 1641 4 29 :
333 1651 95 18 sarnis.

124 1691 71 28 Kinc
208 1689 92 37 Alpin,
313 1690 30 28 of
354 1689 104 33 Servia,
477 1689 52 28 and
550 1689 45 28 the
620 1690 94 27 Sultan

88 1728 29 26 of
136 1727 108 35 Turkey
266 1727 68 28 have
348 1728 106 27 ratified
477 1728 44 26 the
545 1727 154 28 Servia-Bul-

88 1765 94 33 garian
195 1765 109 33 Treaty.

124 1807 34 25 At
178 1815 14 17 a
215 1805 120 33 meeting
348 1805 30 28 of
392 1804 191 38 unemployed,
604 1804 64 29 held
691 1809 27 24 at

89 1843 145 38 Hackney,
248 1844 74 28 there
336 1853 68 20 were
417 1846 67 27 15000
497 1848 117 33 present.

125 1884 56 27 The
202 1884 99 34 upshot
323 1884 29 26 of
371 1882 82 30 strike
473 1893 35 19 on
531 1884 45 28 the
601 1888 117 23 steamer

91 1921 137 36 Mariposa
250 1930 55 19 was
317 1921 60 28 that
391 1921 47 28 she
457 1921 84 29 sailed
560 1921 66 29 with
641 1931 15 18 a
670 1921 47 28 full

89 1970 70 19 crew
173 1961 28 28 of
212 1959 159 30 non-Union
385 1969 72 20 men.

125 1999 58 27 The
197 1999 137 28 American
350 1998 66 28 wool
435 2008 117 28 growers
566 2008 44 19 are
624 1998 95 35 asking

91 2039 134 32 Congress
237 2038 39 28 for
289 2038 158 28 restoration
463 2039 29 27 of
503 2038 44 29 the
561 2038 74 29 tariff
649 2042 70 25 rates

92 2078 28 24 of
133 2078 74 29 18C.7,
228 2077 89 25 which
332 2076 64 33 they
415 2086 48 26 say
484 2086 66 24 gave
572 2077 74 26 them
669 2077 50 25 fair

91 2114 85 30 living
206 2114 102 37 profits.
352 2114 76 36 They
453 2123 61 19 now
540 2114 84 35 allege
654 2113 65 37 they

92 2157 100 22 cannot
216 2161 73 23 grow
315 2153 68 26 wool
405 2154 26 24 in
454 2153 175 35 competition
653 2152 64 27 with

91 2190 114 33 KnjJish
220 2199 116 24 growers
349 2199 34 19 on
398 2190 155 29 Australian
568 2190 86 29 hnds.

126 2230 113 28 London
262 2229 89 28 entitles
364 2234 68 23 state
446 2230 59 27 that
528 2230 45 27 the
596 2234 111 31 appoint

90 2274 76 21 ment
190 2268 29 27 of
243 2266 171 29 Gladstone's
438 2276 48 19 son
510 2270 26 25 to
558 2277 15 18 a
597 2267 122 28 valuable

90 2306 150 36 rectorship
263 2315 55 18 was
331 2315 14 18 a
359 2305 178 37 compliment
556 2305 62 36 paid
632 2309 28 24 to
674 2305 45 28 the

91 2345 71 28 Lord
177 2343 161 31 Chancellor
357 2344 114 29 without
493 2344 45 29 the
561 2344 158 36 knowledge

92 2385 28 28 of
142 2387 45 27 the
210 2384 90 29 Prime
323 2383 134 29 Minister.
494 2383 57 30 The
574 2384 80 29 latter
675 2383 29 29 ob-

90 2424 86 34 jected
189 2424 54 26 and
256 2423 45 27 the
315 2426 189 32 appointment
525 2432 55 18 was
593 2423 125 27 recalled,

90 2462 49 27 but
164 2465 47 24 not
236 2460 88 28 before
347 2460 47 28 the
417 2459 159 29 Parnellites
598 2459 80 29 made
700 2460 16 28 ii

90 2502 46 27 the
167 2500 71 28 basis
267 2502 30 27 ot'
325 2500 102 28 furious
462 2499 104 30 attacks
604 2508 35 20 on
675 2499 45 30 the

92 2540 127 29 Premier.

126 2580 57 26 The
197 2578 112 27 London
325 2577 52 28 and
399 2577 226 29 North-Western
649 2578 57 28 Rail-

91 2627 60 26 way
166 2617 69 29 have
246 2615 158 34 discharged
417 2617 66 27 1000
491 2615 120 33 navvies,
622 2617 99 36 mostly

93 2657 147 26 Irishmen.
276 2655 58 27 The
348 2655 103 27 officers
464 2655 29 27 of
512 2655 46 27 the
581 2657 142 34 Company

93 2693 143 37 explained
255 2693 59 27 that
328 2692 154 37 depression
496 2692 27 28 in
543 2693 75 28 trade
643 2693 79 28 made

93 2733 47 30 the
154 2733 87 30 action
253 2741 151 29 necessary.

130 2773 99 28 Louise
251 2773 80 31 Hart,
345 2782 16 17 a
381 2771 56 28 rich
458 2781 148 26 procuress,
629 2773 26 26 in
679 2773 44 26 the

185 2810 62 27 End
260 2810 30 26 of
301 2809 123 32 London,
446 2817 55 19 was
514 2809 159 28 committed
686 2810 40 26 for

97 2848 60 28 trial
166 2857 33 19 on
211 2846 93 29 march
314 2847 58 31 9th,
381 2846 116 34 charged
507 2846 64 29 with
584 2847 141 36 providing

97 2895 92 29 young
201 2885 64 33 girls
279 2885 40 29 for
331 2884 164 30 aristocrats.

131 2927 23 27 A
179 2924 128 37 despatch
339 2926 69 26 from
440 2934 35 18 an
506 2924 97 28 official
634 2933 92 21 source

98 2964 130 28 indicates
250 2963 59 28 that
331 2963 46 28 the
399 2963 92 35 Queen
512 2962 49 29 has
580 2963 66 28 been
669 2973 42 27 per-

97 3003 102 28 suaded
222 3007 28 23 to
272 3001 103 37 modify
398 3001 48 28 her
467 3001 210 30 determination
700 3008 27 23 to

98 3041 102 26 remain
215 3040 26 25 in
256 3040 111 34 private.
406 3038 54 26 She
483 3039 49 26 has
552 3039 135 34 promised
700 3045 28 21 to

97 3077 33 29 be
152 3080 109 36 present
283 3080 27 25 at
332 3076 46 30 the
400 3076 91 38 public
514 3077 165 30 ceremonies
702 3078 28 28 of

97 3118 93 34 laying
204 3118 46 26 the
262 3126 95 18 corner
370 3122 76 22 stone
457 3119 24 25 ot
492 3117 45 27 the
551 3126 59 18 new
620 3118 106 33 College

95 3155 31 25 of
137 3154 169 33 Physicians,
321 3153 45 26 the
380 3153 108 32 driving
505 3153 30 27 of
545 3153 45 27 the
603 3153 59 27 first
675 3154 52 34 pile

95 3192 29 28 of
135 3191 45 28 the
195 3199 58 20 new
268 3191 95 27 Lower
376 3190 108 32 Bridge,
504 3190 54 28 and
580 3191 45 27 the
645 3200 64 27 open-

95 3231 47 32 ing
166 3230 29 28 of
217 3229 45 29 the
293 3228 123 29 Colonial
443 3228 168 29 Exhibition.
662 3229 62 33 She,

94 3270 135 30 however,
243 3268 145 35 decisively
402 3267 123 29 declined
535 3272 27 24 to
576 3268 64 28 hold
651 3273 74 23 court

94 3312 27 22 at
144 3306 191 34 Buckingham
359 3305 98 28 Palace
470 3315 68 18 even
561 3305 41 29 for
615 3316 15 17 a
652 3306 74 27 short

95 3345 89 37 perod
199 3345 27 27 in
241 3344 45 28 the
298 3344 108 33 Spring.

129 3384 118 33 Advices
258 3383 70 30 from
343 3382 133 30 Zanzibar
488 3385 89 36 report
594 3382 62 31 that
674 3385 52 28 two

95 3434 74 23 men,
194 3424 61 28 who
276 3423 127 29 returned
425 3426 27 26 to
474 3423 60 28 that
555 3423 76 36 place
655 3424 70 28 from

95 3462 141 35 Nzegand,
261 3465 91 32 report
375 3460 61 28 that
460 3460 65 35 they
547 3470 54 18 saw
621 3461 105 36 Bishop

95 3499 183 39 Hannington
308 3498 65 31 with
404 3499 34 30 50
467 3508 65 22 men
559 3498 30 31 of
611 3499 42 31 his
682 3509 29 22 ex-

97 3542 118 35 pedition
230 3540 82 28 taken
326 3545 47 22 out
386 3549 40 18 lor
438 3540 150 27 execution.

133 3579 42 28 Sir
197 3578 113 28 Charles
323 3577 80 28 Dilke
416 3577 49 28 has
485 3577 111 28 decided
619 3581 27 25 to
669 3587 43 28 per-

98 3628 91 18 severe
211 3617 27 29 in
252 3617 43 28 his
312 3616 91 38 policy
417 3617 29 28 of
465 3616 98 29 silence
584 3617 27 29 in
632 3617 96 34 regard

100 3663 26 21 to
140 3657 45 27 the
199 3655 103 29 serious
321 3655 160 28 disclosures
502 3654 81 29 made
602 3655 98 35 during
712 3665 16 19 a

98 3699 92 24 recent
214 3695 107 28 divorce
347 3704 70 20 case.
453 3694 45 28 He
516 3693 57 30 will
591 3694 80 29 make
693 3704 36 19 no

98 3733 174 36 explanation
286 3733 28 27 of
325 3733 43 27 his
380 3732 116 28 conduct
510 3737 27 23 to
551 3733 46 27 the
617 3733 113 28 Chelsea

98 3772 122 29 electors.
257 3771 44 29 lie
324 3770 51 30 has
396 3779 68 26 gone
478 3775 27 24 to
525 3771 45 29 the
593 3771 86 29 South
704 3771 29 29 of

100 3812 29 27 of
153 3811 111 31 France,
296 3810 90 28 where
411 3810 34 27 he
476 3809 54 28 will
556 3819 106 19 remain
692 3810 38 28 six

101 3848 121 29 months.
260 3847 57 29 Mrs
339 3847 138 29 Crawford
490 3847 50 29 has
558 3857 69 26 gone
641 3848 28 28 in
691 3857 26 20 se-

101 3887 102 29 clusion
217 3888 27 26 in
259 3886 82 36 Italy.

137 3925 184 33 Labouchere,
342 3924 98 36 during
458 3923 46 29 the
524 3923 141 30 afternoon
688 3924 29 29 de-

102 3964 61 28 bate
171 3973 34 18 on
213 3963 45 28 the
268 3964 189 27 Government
463 3962 159 34 Estimates,
632 3963 98 28 moved

102 4007 29 23 to
144 4002 96 28 reduce
253 4002 45 28 the
312 4005 80 32 grant
413 4001 41 28 for
476 4001 45 28 the
543 4002 190 27 maintenance

102 4040 32 28 of
152 4040 75 35 royal
251 4040 82 36 parks
345 4038 145 36 belonging
503 4043 28 24 to
552 4048 31 19 or
603 4040 66 27 used
691 4049 28 18 ex-

102 4078 131 35 clusively
247 4078 41 27 for
299 4077 117 36 royalty.
452 4076 57 28 The
523 4077 104 28 motion
636 4078 97 28 caused

104 4127 16 19 a
142 4117 80 36 lively
244 4120 185 31 controversy,
450 4115 48 29 but
519 4116 22 29 it
563 4125 55 19 was
640 4116 93 37 finally

103 4155 102 29 carried
227 4156 106 37 against
355 4155 46 29 the
424 4156 188 28 Government
631 4154 34 37 by
686 4156 47 28 131

103 4199 28 22 to
146 4195 57 26 114.

219 4270 181 29 GENERAL
425 4269 196 30 SUMMARY.

159 4320 95 30 (Dates
266 4319 70 27 from
351 4319 10 26 1
377 4327 82 26 mope
473 4321 28 25 to
515 4318 93 28 March
626 4320 51 33 12.)

141 4365 84 29 Karlv
235 4365 26 27 in
273 4363 94 29 March
376 4363 174 29 tremendous
560 4369 176 24 snowstorms

105 4403 136 38 prevailed
264 4405 26 26 in
306 4403 46 28 the
371 4404 78 27 north
471 4405 25 26 of
519 4403 138 35 England,
679 4415 42 17 sus-

106 4443 119 35 pending
238 4445 28 24 tr:
280 4442 42 27 flic
335 4451 34 17 on
384 4450 83 25 ninny
486 4441 135 35 railways.
658 4443 75 35 They

106 4479 94 30 ceased
215 4490 34 17 on
263 4480 45 28 the
322 4479 57 29 4th.
416 4480 57 28 The
494 4480 127 35 suffering
633 4490 102 25 among

106 4519 46 27 the
183 4527 159 28 passengers
373 4528 34 17 on
438 4519 46 27 the
512 4519 108 27 various
651 4523 85 25 trains

106 4556 90 30 which
221 4556 68 30 have
311 4556 67 30 been
403 4556 166 30 snowbound
593 4567 56 20 was
672 4567 64 28 very

106 4602 84 28 great.
228 4596 81 28 Some
339 4597 30 27 of
396 4596 45 28 the
469 4596 86 28 trains
580 4605 68 20 were
679 4607 36 19 em-

108 4633 103 29 bedded
237 4635 26 27 in
291 4633 44 29 the
364 4643 73 19 snow
468 4634 78 28 drifts
576 4635 157 36 forty-eight

106 4673 93 29 hours.
235 4672 57 29 The
305 4672 54 29 loss
372 4673 29 28 of
411 4673 80 29 cattle
510 4673 26 28 in
559 4674 99 29 transit
682 4685 54 18 was

105 4720 155 20 enormous.

141 4749 24 28 A
178 4748 63 29 mob
254 4749 30 28 of
294 4750 51 27 800
357 4748 149 38 attempted
520 4752 26 25 to
566 4759 50 18 run
635 4749 53 30 riot
707 4750 27 29 in

108 4788 45 30 the
168 4792 95 25 streets
276 4788 30 29 of
316 4787 190 36 Birmingham
531 4788 149 38 (February
694 4791 40 35 15)

107 4828 54 28 and
176 4828 96 36 pilliige
285 4828 46 28 the
345 4828 91 35 shops,
450 4828 47 28 but
510 4828 45 27 the
569 4829 85 35 police
667 4838 69 19 were

107 4864 131 39 prepared
268 4865 54 29 aud
352 4865 139 38 promptly
521 4866 138 37 repressed
689 4866 47 30 the

107 4911 126 30 attempt.

142 4943 57 27 The
214 4941 182 36 unemployed
410 4941 121 34 working
544 4951 63 18 men
626 4942 30 27 of
670 4943 50 27 Yar-

107 4980 97 30 mouth
218 4979 80 30 nuu'.e
312 4989 15 20 a
340 4980 102 29 riotous
466 4979 214 31 demonstration
703 4991 35 19 on

107 5020 47 29 the
169 5020 61 28 15th
245 5019 148 37 February.

143 5059 92 33 Queen
249 5057 120 28 Victoria
382 5057 55 28 will
451 5067 33 22 go
495 5063 26 22 to
532 5057 45 28 the
589 5058 109 28 Riviera
708 5058 28 27 in

107 5096 74 38 April
196 5096 65 27 with
277 5096 122 27 Princess
409 5096 149 28 Christina.

143 5136 73 29 John
228 5136 32 28 B.
270 5135 108 35 Gough,
395 5135 46 28 the
452 5136 105 28 famous
569 5139 169 33 temperance

109 5175 124 31 lecturer,
247 5174 59 28 died
321 5183 34 19 on
370 5174 138 36 February
531 5176 31 26 18
585 5178 28 24 at
634 5175 85 27 Frank-

109 5214 60 31 fort,
201 5212 47 28 Pa.
294 5212 43 28 He
362 5220 55 20 was
440 5212 68 28 born
533 5215 27 25 at
592 5212 146 35 Sandgate,

111 5252 82 33 Kent,
206 5250 138 38 England,
357 5250 28 30 in
400 5252 75 28 1817.
512 5251 52 29 His
576 5251 90 29 father
682 5261 56 19 was

110 5301 14 16 a
139 5290 104 35 private
257 5290 98 27 soldier
368 5290 28 26 in
410 5290 45 27 the
468 5289 105 28 British
586 5299 86 25 army,
682 5290 54 27 and

110 5326 94 31 served
225 5326 87 31 under
334 5326 165 39 Wellington
520 5325 29 32 in
571 5326 46 31 the
640 5327 82 30 Penin-

109 5367 68 28 sula.

144 5405 58 27 The
232 5405 134 32 marriage
390 5404 33 27 of
446 5404 66 27 Earl
536 5404 95 28 Cairns
658 5404 81 36 (Lord

111 5443 157 36 Garmoyle)
284 5445 26 26 to
325 5442 160 29 MissEdele
497 5442 96 31 Grant,
604 5442 133 37 daughter

110 5483 30 25 of
152 5482 55 26 Mrs
230 5481 89 27 Beach
341 5482 96 29 Grant,
451 5481 29 27 of
490 5480 67 28 New
578 5480 84 33 York,
684 5482 56 28 will

111 5518 62 30 take
186 5518 75 38 place
275 5520 27 27 in
317 5518 114 29 London
444 5519 28 27 in
486 5518 74 36 July.

146 5558 70 28 Cora
236 5558 87 32 Pearl,
343 5558 46 27 the
414 5557 173 28 well-known
611 5557 129 29 Farasian

111 5595 195 34 demi-monde,
319 5596 94 28 claims
426 5600 27 24 to
466 5595 32 28 be
512 5595 46 29 the
571 5595 134 34 daughter
714 5598 25 26 of

113 5635 138 26 Professor
273 5634 128 27 Nicholas
414 5633 103 31 Couch,
531 5634 46 27 the
595 5633 99 28 author
713 5635 30 26 of

112 5670 134 29 Kathleen
261 5670 194 29 Mavourneen.

147 5710 120 28 Howard
289 5711 126 29 Vincent,
440 5710 79 30 M.P.,
542 5710 41 27 for
602 5709 137 34 Sheffield,

112 5748 48 30 has
174 5748 67 30 been
254 5748 100 30 offered
368 5748 46 29 the
427 5748 76 29 office
516 5749 29 28 of
560 5748 81 29 Chief
651 5748 89 30 Police

112 5795 10 20 l
134 5789 190 27 onunisMoner
354 5791 25 24 ot
410 5789 45 27 the
480 5791 55 32 city
559 5798 16 18 o
616 5788 122 27 London.

113 5826 116 29 Vincent
251 5836 65 19 once
338 5826 61 28 held
415 5826 44 28 the
479 5826 76 30 office
569 5827 26 28 ot
618 5826 122 29 Director

112 5869 26 23 ot
152 5866 130 28 Ciiminal
299 5866 204 31 Investigation.

797 217 356 36 MISCELLANEOUS
1177 216 124 33 ITEMS.

775 324 62 33 The
872 325 65 32 wife
971 325 31 31 of
1037 325 117 40 George
1192 323 110 37 Foster,
1338 323 28 30 of

740 378 139 41 Llanel'y,
890 389 15 19 a
919 378 130 35 working
1062 388 62 19 man
1150 375 131 42 recently
1299 375 65 31 died

736 431 28 30 in
781 435 79 32 great
874 440 93 30 agony
983 430 125 35 through
1117 429 84 31 blood
1211 428 153 40 poisoning

738 483 89 32 which
845 482 127 33 resulted
990 483 73 31 from
1081 482 48 32 the
1154 480 113 33 scratch
1295 482 28 30 ot
1352 492 14 20 a

736 541 56 26 cat.
841 536 60 30 The
928 547 71 27 poor
1026 546 109 20 woman
1162 535 129 30 received
1319 534 48 30 the

737 579 112 32 scratch
866 579 27 31 in
910 579 50 32 t'ie
976 580 74 41 pa'm
1071 579 32 32 of
1126 579 50 32 the
1199 578 87 39 hand,
1312 579 54 31 and

737 623 49 29 the
802 623 103 31 wound
923 624 116 30 became
1055 623 76 31 filled
1150 623 66 29 with
1234 622 130 35 washing

739 665 66 31 blue
821 665 81 32 while
919 666 181 42 perforiniug
1126 666 52 31 her
1204 665 161 32 household

737 711 104 29 duties.

776 762 61 31 The
856 762 146 36 following
1018 762 24 31 is
1058 774 16 20 a
1089 762 94 32 literal
1198 772 74 30 copy
1288 760 33 32 of
1332 771 34 21 an

738 813 234 24 announcement
996 807 34 39 by
1057 817 16 20 a
1100 806 134 41 publican
1262 806 28 29 in
1317 804 50 31 the

739 856 76 24 town
864 850 33 30 of
943 849 141 37 Douulan,
1128 849 240 34 Massachusetts,

740 893 109 33 United
867 894 97 30 States
978 907 6 17 :
1058 894 41 30 To
1110 893 37 31 all
1162 893 91 30 whom
1267 899 22 23 it
1304 903 63 24 may

739 945 124 22 concern
877 936 50 30 1
938 946 57 27 am,
1003 936 33 38 by
1048 940 137 38 payment
1192 937 28 28 of
1228 936 56 30 225
1306 934 63 36 ols.,

741 992 45 27 pel
795 981 100 30 mitted
910 986 29 24 to
952 980 83 31 retail
1048 981 109 39 liquors
1169 984 30 25 at
1212 991 46 28 my
1269 980 97 29 saloon

740 1024 28 30 in
782 1022 56 30 thi*
854 1027 89 26 town.
987 1021 54 32 Let
1056 1022 51 31 the
1123 1021 64 32 wife
1203 1021 63 31 who
1282 1021 49 32 has
1353 1031 14 20 a

739 1066 149 32 drunkard
902 1067 45 31 for
959 1078 16 19 a
988 1065 131 32 husband
1131 1066 66 38 give
1208 1077 44 19 me
1264 1065 105 33 notice,

740 1111 54 29 and
811 1110 35 30 he
862 1110 53 29 will
931 1110 34 30 be
976 1109 141 31 excluded
1131 1110 72 28 from
1219 1119 44 28 my
1279 1108 81 39 place

744 1153 53 33 Let
839 1152 118 39 fathers,
1001 1152 136 38 mothers,
1176 1152 103 32 sisters
1313 1152 55 31 arid

743 1197 133 32 biothers
891 1198 37 30 do
945 1197 136 35 likewise,
1096 1197 54 30 and
1170 1196 9 30 1
1197 1196 54 31 will
1266 1199 102 33 regard

741 1240 77 33 their
833 1246 131 33 requests
1016 1240 14 32 1
1049 1251 54 29 pay
1119 1251 17 19 a
1153 1242 89 38 heavy
1260 1244 47 26 tax
1323 1239 45 30 for

743 1287 47 30 the
808 1285 139 42 privilege
961 1284 34 32 of
1006 1284 104 40 selling
1127 1284 108 41 liquors
1249 1298 7 24 ;
1279 1284 50 31 but
1356 1282 14 32 I

743 1336 73 24 want
841 1329 24 31 it
881 1336 30 22 to
928 1329 33 30 be
982 1329 177 31 understood
1186 1327 63 30 that
1267 1326 12 31 1
1298 1326 71 31 have

743 1386 37 19 no
813 1373 95 32 desiie
938 1380 31 23 to
997 1372 51 32 sell
1079 1377 29 25 to
1138 1370 167 32 drunkards
1338 1381 35 20 or

744 1418 120 36 minors,
875 1427 33 20 or
922 1421 30 26 to
969 1416 51 31 the
1035 1425 71 31 poor
1121 1425 32 21 or
1168 1415 144 30 destitute

785 1464 19 29 A
824 1463 54 38 boy
896 1467 107 26 cannot
1020 1461 90 30 frame
1125 1470 32 19 or
1173 1469 65 27 map
1253 1463 53 25 out
1328 1458 45 31 for

743 1505 111 30 himself
872 1515 16 19 a
903 1514 117 28 caieer;
1042 1504 53 29 but
1111 1502 32 30 he
1160 1512 52 20 can
1230 1501 53 31 feel
1309 1501 60 30 that

743 1547 165 34 something
924 1548 23 30 is
963 1552 31 26 to
1009 1548 35 31 be
1057 1545 74 33 tried
1152 1547 42 29 for
1205 1544 57 30 and

759 1593 68 39 hing
839 1602 72 28 won,
921 1591 56 31 and
992 1592 35 31 he
1038 1601 52 20 can
1103 1589 125 40 imagine
1241 1587 45 31 for
1299 1588 56 31 him

744 1637 51 30 self
813 1646 80 21 some
907 1637 29 28 of
953 1635 50 32 the
1019 1634 128 40 glorious
1161 1631 168 32 sensations
1342 1632 33 31 of

745 1681 118 38 victory.
919 1679 38 31 So
985 1679 96 31 writes
1111 1677 115 31 Walter
1256 1675 105 32 Besant

748 1723 44 30 lie
808 1722 70 31 adds
891 1735 7 18 :
903 1722 165 36 Behide*,
1084 1719 51 31 the
1157 1720 54 39 boy
1239 1719 63 29 who
1327 1731 31 19 ac-

743 1769 131 29 customs
890 1764 117 33 himself
1020 1769 31 27 to
1065 1762 84 33 think
1166 1768 28 26 ot
1212 1761 49 33 the
1284 1763 87 31 world

745 1822 29 19 as
790 1810 164 40 something
971 1814 30 27 to
1018 1809 35 32 be
1067 1808 175 40 conquered,
1265 1806 56 31 and
1347 1808 28 30 ot

745 1853 114 34 hmself
875 1866 31 21 as
921 1865 17 21 a
952 1853 106 33 soldier
1072 1853 33 31 of
1117 1851 51 32 the
1189 1850 111 39 future,
1323 1850 50 34 has

745 1899 116 41 already
877 1909 63 20 won
956 1898 64 31 hrJf
1034 1897 48 31 the
1099 1896 99 31 battle.
1242 1895 58 31 For
1317 1895 56 31 him

746 1948 6 20 t
761 1942 67 33 here
839 1942 55 32 will
909 1942 34 33 be
956 1952 39 21 no
1006 1940 73 33 false
1093 1938 83 34 mode
1194 1942 39 38 ty.
1281 1938 94 32 When

746 1987 49 31 the
811 1986 70 32 time
896 1996 104 26 comes,
1016 1985 35 31 he
1070 1985 56 30 will
1152 1989 65 33 step
1241 1982 62 31 into
1328 1983 49 30 the

746 2030 75 32 front
842 2030 71 32 rank
929 2041 31 21 as
975 2040 55 22 ore
1046 2028 95 33 whose
1158 2027 80 40 place
1249 2027 24 31 is
1287 2026 91 39 there,

745 2076 55 28 and
818 2075 65 28 that
898 2074 35 40 by
951 2074 96 29 divine
1063 2072 77 38 right
1155 2072 86 29 it^eif.

786 2126 62 31 The
865 2125 204 32 Government
1084 2124 29 31 of
1123 2122 187 42 Queensland
1327 2122 51 32 has

746 2169 129 32 received
893 2169 72 30 from
980 2173 50 26 the
1051 2164 246 43 Ageui-Genaral
1328 2166 50 30 the

747 2213 148 38 following
910 2223 74 30 copy
997 2213 32 29 of
1041 2223 14 18 a
1072 2212 89 30 letter
1175 2213 72 27 from
1265 2210 113 31 Messrs

750 2255 128 34 Peacock
893 2255 57 33 and
969 2255 63 38 Co,
1048 2253 142 38 Madeira,
1206 2253 172 38 containing

745 2312 17 20 a
792 2298 135 43 proposal
958 2299 44 31 for
1030 2297 192 39 establishing
1256 2296 121 32 assisted

746 2344 173 41 emigration
933 2343 73 32 from
1018 2342 64 32 that
1095 2342 93 31 island
1202 2347 30 26 to
1244 2341 115 41 Queens-

748 2390 75 32 land.
865 2388 60 32 The
941 2389 89 31 letter
1045 2390 93 28 states
1154 2386 63 32 that
1269 2389 44 29 tor
1330 2387 50 31 the

750 2435 54 28 last
820 2432 66 31 four
901 2441 84 28 years
1000 2430 84 30 there
1102 2430 49 29 has
1165 2430 70 30 been
1249 2440 16 19 a
1277 2429 61 31 ti'e
1350 2432 29 26 ot

747 2475 174 42 emigration
938 2474 72 32 from
1029 2472 133 33 Madeira
1179 2476 31 28 to
1225 2472 49 33 the
1290 2473 71 32 Sand-

748 2523 71 31 wich
836 2519 127 40 Islands,
978 2519 99 41 nearly
1094 2519 77 31 5000
1183 2519 80 31 souls
1276 2516 106 42 having

749 2566 87 31 sailed
855 2563 112 31 thither
982 2564 93 31 under
1090 2566 135 28 contract
1241 2561 68 31 with
1333 2563 49 30 the

752 2606 149 35 Hawaiian
932 2606 210 32 Government.
1197 2606 31 31 It
1249 2605 26 32 is
1303 2616 58 21 com-

751 2653 89 40 puted
857 2651 65 31 that
938 2651 49 31 the
1005 2650 170 38 population
1187 2651 29 28 of
1228 2650 49 29 the
1289 2650 93 29 island

751 2706 59 31 maj
830 2699 51 34 yet
904 2695 35 30 be
964 2693 127 31 reduced
1117 2693 35 41 by
1178 2695 38 29 30
1229 2694 57 30 000
1314 2691 67 32 with

752 2740 109 34 beneGt
896 2744 31 27 fo
959 2737 50 34 the
1042 2738 191 42 community.
1289 2737 94 33 These

752 2785 104 39 people
870 2794 49 19 are
934 2783 183 30 inHustrioua
1131 2782 58 30 aud
1205 2782 105 34 frugal,
1326 2782 55 29 and

752 2838 49 20 are
820 2825 99 42 highly
935 2824 111 41 spoken
1059 2825 32 29 of
1103 2834 32 21 as
1160 2824 141 31 colonists
1324 2824 56 30 aud

752 2871 160 36 labourers,
928 2869 55 31 and
994 2868 70 41 they
1077 2867 37 31 all
1127 2867 71 33 have
1210 2879 16 21 a
1240 2867 144 42 primitive

755 2914 171 38 knowledge
941 2914 28 30 of
986 2912 50 32 the
1052 2916 159 28 treatment
1231 2912 32 30 of
1286 2913 99 35 cattle,

754 2959 88 37 vines,
857 2959 55 30 and
928 2967 89 29 sugar
1031 2966 79 21 cane.
1156 2956 57 33 We
1227 2956 72 31 have
1312 2957 72 31 been

754 3003 62 31 told
833 3001 65 31 thas
914 3002 82 30 these
1011 3011 50 20 are
1077 2999 49 30 the
1152 3001 66 30 kind
1245 3001 31 28 of
1296 3000 78 30 immi

754 3049 102 32 grants
881 3044 133 41 required
1039 3043 29 29 in
1098 3042 198 41 Queensland,
1319 3041 66 37 and,

755 3088 88 42 being
861 3086 181 40 Europeans,
1058 3085 84 34 there
1164 3086 85 34 could
1277 3090 51 29 not
1354 3085 31 33 be

755 3133 50 29 the
820 3131 147 38 objection
984 3130 92 29 which
1092 3131 90 28 exists
1197 3130 67 29 with
1282 3131 102 36 regard

754 3179 31 26 to
811 3172 116 33 coolies.
981 3170 58 33 We
1065 3172 68 31 take
1156 3172 51 31 the
1229 3171 104 42 liberty
1360 3175 26 28 of

754 3217 106 40 calling
873 3226 76 31 your
964 3215 148 32 attention
1135 3220 31 27 to
1190 3216 83 31 these
1301 3219 76 29 state

755 3265 105 35 ments,
875 3259 55 33 ahd
947 3262 49 30 ask
1015 3259 21 31 if
1056 3271 57 29 you
1140 3260 85 32 think
1251 3260 65 31 that
1340 3261 47 32 the

755 3304 204 31 Government
975 3304 29 29 of
1020 3302 189 41 Queensland
1224 3304 94 30 would
1332 3305 55 29 feel

754 3346 135 43 disposed
903 3354 32 24 to
946 3350 133 28 contract
1091 3346 46 31 for
1149 3347 151 32 labourers
1312 3347 73 32 from

755 3391 58 34 this
827 3391 94 33 island
936 3401 37 23 on
996 3389 111 34 similar
1131 3394 92 30 terms
1248 3394 32 30 to
1305 3392 82 33 those

753 3437 107 30 offered
898 3436 37 40 by
970 3434 51 33 the
1062 3434 154 33 Hawaiian
1261 3436 118 31 Govern

755 3489 25 22 m
799 3488 35 24 n-
855 3477 8 15 1

795 3534 135 31 Bronpon
947 3533 128 32 Howard
1094 3533 67 32 tells
1176 3545 16 20 a
1209 3535 74 38 good
1311 3537 81 39 story

754 3578 32 31 of
799 3577 45 32 his
859 3577 120 43 sojourn
991 3577 29 31 in
1034 3578 51 30 the
1098 3577 81 32 wilds
1189 3579 31 29 of
1232 3577 160 39 Michigan,

757 3623 95 31 where
880 3621 37 32 he
946 3632 58 21 was
1032 3621 57 32 tins
1119 3632 129 21 summer
1275 3622 117 40 writing

784 3666 65 31 Ore
861 3665 32 32 of
901 3675 55 21 our
969 3664 82 33 Girls
1101 3664 45 32 for
1159 3665 75 32 Miss
1241 3665 140 42 Dauvray

759 3709 47 32 He
828 3720 57 21 was
910 3709 152 32 domiciled
1089 3709 30 31 in
1148 3721 15 19 a
1192 3710 73 30 farm
1295 3709 98 37 house,

758 3753 81 31 miles
858 3761 81 34 away
964 3753 74 30 from
1066 3751 149 40 railroads,
1242 3753 93 39 mails,
1361 3763 33 21 or

758 3798 152 40 telegraph
933 3796 134 33 stations.
1118 3796 60 32 The
1203 3798 108 31 farmer
1335 3797 55 31 and

759 3840 43 32 his
818 3840 65 33 wife
898 3840 55 31 had
978 3840 52 31 but
1056 3839 51 34 the
1132 3840 136 32 dimmest
1291 3840 101 31 notion

759 3886 29 30 of
804 3885 83 41 plays
902 3895 33 20 or
952 3883 123 40 players.
1122 3882 81 42 They
1225 3883 54 31 had
1305 3894 89 21 never

760 3939 67 22 teea
842 3939 56 21 one
922 3938 34 21 or
978 3928 49 30 the
1051 3926 85 33 other
1158 3926 31 32 in
1214 3926 76 33 their
1314 3928 80 40 lives,

760 3972 56 32 and
831 3972 69 41 only
921 3970 67 33 read
1014 3972 32 29 of
1068 3971 80 32 them
1173 3980 31 22 as
1227 3970 167 40 something

761 4015 176 41 mysterious
978 4015 56 31 and
1074 4014 45 31 far
1150 4024 89 31 away.
1300 4014 94 32 There

762 4069 154 21 reverence
931 4057 45 31 for
993 4057 49 31 Mr
1057 4056 128 32 Howard
1213 4057 82 31 when
1321 4057 69 41 ihey

761 4101 167 33 discovered
948 4100 35 34 be
1008 4111 58 22 was
1092 4111 17 23 a
1136 4100 176 43 playwright
1336 4113 56 21 was

763 4146 189 33 unbounded.
1007 4145 67 32 One
1098 4146 54 37 day
1181 4146 51 31 the
1260 4147 132 30 farmer's

763 4190 65 31 wife
844 4200 57 21 was
924 4188 115 40 talking
1065 4194 29 26 to
1121 4189 64 30 Mrs
1213 4189 127 31 Howard
1364 4193 26 26 of

764 4232 50 32 the
829 4233 234 32 wonderfulto
1087 4232 246 41 hermysteries
1364 4236 27 28 of

765 4276 48 33 the
827 4280 107 29 drama.
975 4276 62 32 The
1051 4280 205 29 conversation
1281 4276 108 35 drifted

763 4321 110 31 around
890 4325 31 26 to
935 4320 50 31 the
997 4321 99 38 length
1112 4321 32 30 of
1153 4321 70 30 time
1235 4321 84 39 plays
1331 4332 51 20 ran

763 4364 17 16 u
795 4363 64 32 And
875 4367 32 27 to
1060 4363 60 31 said
1145 4361 52 33 the
1225 4363 77 32 rural
1318 4364 74 39 lady,

763 4412 18 15 11
794 4408 60 31 tha'
880 4408 52 31 Mr
960 4408 126 32 Howard
1114 4412 79 34 ptays
1218 4407 69 33 here
1312 4408 80 32 three

765 4452 115 31 months
897 4456 30 27 to
945 4451 80 30 write
1053 4461 17 21 a
1096 4450 66 40 play
1190 4450 91 31 which
1306 4451 24 32 is
1354 4452 36 30 all

764 4507 67 20 over
858 4495 29 31 in
916 4506 55 21 one
1173 4495 17 16 u
1208 4495 84 40 Why,

764 4540 146 32 answred
929 4538 65 32 Mrs
1013 4537 134 33 Howard.
1199 4549 47 32 my
1259 4538 130 34 husband

763 4589 120 35 expects
900 4584 45 31 his
961 4595 62 20 new
1041 4584 80 38 piece
1144 4589 31 25 to
1201 4594 57 21 run
1281 4596 17 19 a
1324 4595 68 28 very

764 4628 68 41 long
860 4626 83 33 while
1003 4626 71 33 You
1100 4628 83 31 know
1200 4626 44 32 his
1264 4629 8 14 '
1284 4627 109 39 Young

764 4671 67 31 Mrs
875 4669 180 42 Winth'Op'
1107 4682 57 20 was
1199 4671 103 40 played
1339 4683 54 19 one

766 4715 131 31 hundred
921 4716 57 30 and
1004 4715 64 40 fifty
1093 4714 100 40 nights
1307 4714 85 32 Good

943 4770 57 19 was
1015 4757 50 32 the
1089 4758 162 32 astounded
1273 4769 120 26 answer,

764 4815 30 20 as
811 4803 49 32 the
874 4802 129 40 knitting
1021 4801 49 32 fell
1100 4806 31 28 to
1157 4801 49 34 the
1230 4802 83 39 floor,
1337 4802 54 32 and

765 4847 49 29 the
829 4845 211 33 steel-rimmed
1064 4846 108 40 glasses
1187 4846 130 40 dropped
1333 4845 61 31 info

765 4890 49 32 the
830 4890 77 32 rural
927 4890 91 36 lady's
1044 4890 56 40 lap,
1234 4890 83 31 don't
1342 4890 48 31 tell

766 4943 45 20 me
827 4944 31 19 so
870 4934 14 30 ?
926 4933 15 30 I
963 4933 104 30 should
1095 4933 73 37 haye
1189 4933 130 39 thought
1345 4933 50 30 the

765 4980 96 29 actors
878 4976 96 33 would
990 4976 73 33 have
1079 4976 58 33 lost
1162 4975 50 34 the
1236 4975 104 34 thread
1366 4979 27 29 ot

766 5021 50 31 the
830 5025 90 36 story.

805 5075 26 29 A
863 5071 75 33 New
967 5072 93 32 South
1090 5072 101 32 Wales
1218 5082 177 31 newspaper,

767 5116 84 34 while
864 5115 144 43 referring
1020 5121 31 29 to
1061 5116 50 34 the
1118 5116 93 33 South
1223 5115 169 34 Australian

767 5162 190 31 Commercial
974 5161 83 32 Bank
1082 5162 105 37 affairs,
1211 5161 185 41 says:The

767 5205 83 32 Bank
879 5216 57 21 was
967 5204 111 42 largely
1106 5204 169 43 patronised
1308 5205 37 41 by
1380 5216 15 20 a

766 5249 125 34 number
905 5249 31 32 of
957 5249 145 32 investors
1117 5249 57 32 and
1195 5247 201 34 shareholders

766 5304 38 19 on
820 5296 127 28 account
964 5292 28 30 of
1013 5292 50 31 the
1075 5292 160 40 eminently
1257 5292 138 40 religious

767 5336 150 34 character
952 5336 33 33 of
1018 5334 50 35 the
1107 5335 189 34 Directorate
1339 5335 55 33 and

767 5385 225 35 management;
1012 5380 29 30 in
1058 5379 68 38 fact,
1148 5381 25 29 it
1199 5391 56 19 was
1279 5380 50 31 the
1354 5391 27 20 re-

769 5423 102 41 ligious
882 5423 78 33 bank
972 5423 32 33 of
1011 5422 143 34 Adelaide
1166 5432 50 32 par
1223 5423 165 33 excellence

766 5467 61 30 The
842 5467 157 31 Chairman
1014 5468 30 29 of
1058 5467 153 31 Directors
1226 5467 67 41 (Mr
1308 5468 34 29 K.
1359 5469 35 28 A.

767 5510 131 38 Tarlton,
927 5510 33 32 M
961 5532 8 12 t
981 5511 93 38 LO),
1098 5510 25 32 is
1157 5522 37 20 an
1228 5510 167 41 ex-Baptist

767 5554 142 32 minister.
952 5554 51 31 Mr
1014 5554 136 32 Maurice
1161 5555 107 38 Saloni,
1280 5554 32 31 M
1326 5555 69 31 L.C.

766 5598 125 32 another
907 5598 148 39 Director,
1077 5608 58 22 was
1158 5609 105 29 among
1289 5609 55 21 one
1369 5600 26 28 of

770 5640 50 30 the
836 5644 150 36 strongest
999 5645 146 35 oponents
1169 5642 32 28 of
1223 5642 50 29 the
1298 5641 85 30 Aboli

769 5685 61 30 tion
847 5684 32 31 of
893 5684 94 32 Maths
1002 5683 56 32 Bill
1075 5683 56 32 last
1147 5683 119 38 sessiou,
1281 5684 55 31 and
1361 5684 35 31 all

769 5726 49 32 the
830 5727 83 31 other
929 5728 143 31 members
1087 5727 32 31 of
1139 5727 49 31 the
1214 5728 185 31 Directorate

767 5783 44 19 ar*
825 5772 115 33 regular
950 5771 202 40 churchgoers.
1185 5771 48 31 Mr
1244 5774 25 29 A
1288 5772 111 31 Crooks

769 5826 21 18 is
806 5826 15 18 a
839 5816 163 38 prominent
1020 5814 168 41 Wesieyan,
1204 5816 162 41 occupying
1384 5826 13 19 a

769 5859 65 38 high
852 5859 124 38 position
1001 5859 27 31 in
1057 5859 41 30 his
1124 5858 117 33 church.

1317 77 115 40 THE
1488 77 184 41 LYELL
1726 78 183 46 TIMES,
1966 82 302 45 SATURDAY,
2325 84 165 39 APRIL
2547 96 56 31 n.
2663 85 89 38 1886

3417 5743 113 30 Printed
3543 5745 55 28 ;ml
3613 5746 146 34 pnUi-lieu
3779 5747 36 36 l>y
3831 5747 47 29 tlie
3893 5747 163 36 proprietor,

3570 5785 95 30 Atkin,
3679 5792 27 20 at
3723 5787 45 26 the
3786 5787 105 31 Uetji.-U
3901 5788 45 26 rt'il
3971 5789 84 25 Office

3451 5822 79 28 ottlie
3544 5828 6 9 4
3555 5822 4 38 *
3571 5823 77 37 Lyeil
3665 5825 6 26 l
3681 5825 169 28 inies."'Chil
3859 5829 60 24 btrf
3925 5832 32 22 .*t.
3967 5825 88 35 Lyeli,

3451 5864 111 25 Comity
3577 5866 29 24 ul'
3617 5864 104 27 Uuiler,
3731 5865 107 26 Colour
3853 5869 26 22 oi
3893 5865 66 26 N.Z.

1470 206 173 40 Westport
1661 206 302 36 Advertisements.

1397 285 333 55 GILMER'S
1785 285 240 67 HOTEL,

1636 388 156 26 WESTPOIIT,

1422 458 144 40 Corner
1593 456 42 40 of
1663 456 238 40 Palmcrston
1927 460 75 39 and

1513 512 212 40 Wakefield
1753 514 158 45 Streets,

1400 606 277 59 CONVENIENT
1699 610 28 24 to
1746 606 45 28 the
1806 606 153 36 Telegraph
1973 607 52 27 and

1487 645 63 27 Post
1565 644 108 33 Offices,
1686 644 55 27 and
1754 644 95 35 nearly
1863 644 123 36 opposite
1999 648 27 25 to

1398 684 31 28 he
1445 683 75 28 11.M.
1534 684 87 27 Court
1635 682 56 29 and
1711 682 37 28 11.
1753 682 40 29 M.
1807 682 139 29 Customs.

1398 793 179 39 Gilmer's
1599 792 175 38 Masonic
1799 791 128 46 Hotel,

1913 853 113 22 NELSON.

1399 886 178 40 Gilmer's
1604 884 129 47 Hotel,

1847 945 180 21 GREYMOUTII.

1399 980 177 38 Gilmer's
1597 978 121 50 Royal
1738 977 85 39 Oak
1844 978 130 44 Hotel,

1835 1037 191 21 WELLINGTON.

1433 1147 77 29 Good
1531 1145 236 31 accommodation
1786 1145 42 28 for
1849 1144 178 30 Commercial

1398 1187 159 31 Travellers,
1571 1187 66 28 with
1651 1186 105 36 sample
1769 1195 91 18 rooms
1873 1185 138 37 provided.

1431 1226 25 27 A
1481 1225 87 37 Night
1591 1225 96 28 Porter
1711 1223 103 38 always
1838 1232 35 19 on
1899 1223 47 28 the
1971 1232 43 28 pre-

1398 1265 91 28 mises.

1433 1302 126 33 Booking
1578 1302 85 27 Office
1682 1302 41 27 for
1735 1301 46 28 the
1795 1301 169 32 Charleston,
1977 1302 34 26 Ad-

1399 1340 112 35 dison's,
1525 1340 115 29 Ileefton
1653 1339 55 29 and
1727 1339 79 37 Lyell
1819 1338 131 30 Coaches.

1435 1380 76 28 Good
1525 1380 126 31 stabling,
1667 1378 67 28 with
1748 1378 75 35 eight
1843 1378 79 28 horse
1945 1378 84 33 stalls,

1400 1418 128 29 attached
1540 1421 28 25 to
1581 1417 47 29 the
1641 1417 140 37 premises.

1607 1475 120 31 JOHN
1748 1474 189 38 GILMER,

1834 1517 165 36 Proprietor.

1401 1603 90 60 YJ
1591 1602 142 63 gTE
1750 1602 81 40 uT
1850 1602 181 40 HERS

1546 1700 88 29 HAS
1651 1700 63 29 ON
1735 1699 151 30 SALE

1453 1773 236 52 Ccrrugated
1711 1773 99 47 Iron,

1454 1837 201 52 Crockery,

1456 1901 322 51 Paperhangings,

1455 1965 132 38 White
1608 1964 120 47 Lead,

1456 2029 93 46 Oils,

1455 2090 222 46 Varnishes,

1457 2154 124 38 Doors
1595 2154 75 38 and
1691 2153 153 47 Sashes,

1458 2218 168 50 Cutlery,

1458 2279 438 52 Cutlery-Electroplate
1914 2294 7 34 ;
1950 2279 74 40 and

1458 2344 241 41 Brushware.

1449 2474 319 38 PALMERSTON
1813 2474 192 48 STREET,

1623 2538 213 29 WESTPORT.

1447 2620 290 60 Thomas
1765 2620 244 71 James,

1543 2733 265 48 SADDLER,
1837 2732 80 49 &c.,

1413 2819 219 50 pirOTEll
1652 2827 55 19 AND
1734 2818 312 29 MANUFACTURER

1714 2879 34 21 OF

1416 2931 59 37 All
1507 2929 254 51 descriptions
1780 2928 40 39 of
1849 2928 195 52 Saddlery,

1467 2993 182 46 Harness,
1670 2994 110 48 Long
1791 2992 75 38 and
1886 2992 114 40 Short

1516 3053 202 55 Leggings,
1790 3053 159 55 Plough,

1564 3121 31 35 &
1616 3120 106 35 Back
1748 3120 153 44 Chains,

1613 3178 158 49 Traces,
1789 3180 65 38 &c.

1421 3309 112 36 Repairs
1546 3309 101 36 Neatly
1661 3309 55 28 anil
1736 3309 145 36 Promptly
1902 3307 148 29 Executed.

1421 3423 175 37 Up-country
1609 3423 92 29 orders
1719 3423 141 36 promptly
1872 3422 134 31 attendee!
2016 3425 36 26 to.

1421 3538 49 28 ON
1491 3538 205 28 SALESteel
1727 3537 136 33 Polished,
1894 3537 55 27 and
1980 3538 73 27 Solid

1491 3576 89 28 Silver
1606 3576 71 33 Bits,
1709 3576 132 36 Stirrups,
1872 3575 56 28 and
1959 3576 94 37 Spurs,

1490 3615 103 36 Riding
1615 3615 125 33 Saddles,
1761 3615 73 28 Pack
1856 3615 124 33 Saddles,
2001 3615 52 28 and

1491 3653 98 37 Whips
1602 3653 29 28 of
1645 3654 37 27 all
1694 3652 188 38 descriptions.

1633 3993 209 35 IMPORTER,

1764 4085 127 42 WINE,
1919 4085 110 33 SPIRI

1520 4249 197 39 Provision
1738 4248 216 40 Merchant.

1460 4449 318 39 PALMERSTON
1821 4449 193 48 STREET,

1631 4545 215 27 WESTPORT.

2133 213 144 32 Reefton
2305 214 294 31 Advertisements

2171 294 54 37 W.
2267 293 304 47 HINDMARSH,

2058 415 320 32 QMAREBROKER,
2406 414 179 32 MINING,
2610 413 78 27 AND

2145 493 166 39 General
2338 492 260 39 Commission

2305 585 138 52 Agent,

2088 715 289 49 BROADWAY,
2408 716 244 48 REEFTON,

2177 825 140 36 (Opposite
2336 824 35 29 So
2385 824 88 29 ithern
2488 825 80 28 Cross

2320 882 103 35 Hotel.)

2056 965 340 58 Dawson's
2462 966 222 70 Hotel,

2152 1070 223 32 BROADWAY,
2406 1070 183 28 REEFTON.

2058 1184 88 58 The
2166 1183 237 28 accommodation
2426 1185 124 35 supplied
2572 1185 36 35 hy
2634 1185 56 28 this

2147 1222 84 28 house
2246 1228 101 22 cannot
2361 1222 31 29 be
2405 1223 145 35 surpassed
2573 1223 27 28 in
2623 1223 66 28 New

2057 1260 128 29 Zealand.

2060 1364 174 51 Booking
2269 1368 120 39 Office
2425 1367 56 38 for
2517 1367 173 39 Mitchell

2107 1419 76 40 and
2228 1421 232 53 Campbell's
2519 1422 122 52 Royal

2159 1476 94 39 Mail
2285 1479 96 36 Line
2403 1477 42 37 of
2472 1477 97 50 Grey-

2212 1531 131 40 mouth
2361 1530 188 40 Coaches.

2095 1665 66 26 This
2175 1664 84 28 Hotel
2274 1664 22 27 is
2320 1663 60 28 well
2402 1663 100 28 known
2526 1661 167 34 throughout

2063 1704 65 25 New
2144 1702 118 27 Zealand
2276 1703 42 25 for
2337 1702 34 26 its
2391 1700 235 28 accommodation
2641 1701 52 25 and

2062 1740 180 28 convenience
2256 1739 41 29 for
2315 1739 112 28 tourists
2446 1738 54 28 and
2521 1737 172 29 commercial

2063 1778 148 30 travellers.

2260 1825 123 39 JOHN
2406 1824 211 48 DAWSON,

2498 1881 163 32 Proprietor.

2225 1964 308 32 STEVENSON'S

2069 2026 366 60 M'Gaffin's
2472 2026 225 71 Hotel,

2170 2130 224 33 BROADWAY,
2414 2130 187 27 REEFTON.

2070 2262 120 60 THIS
2206 2261 179 34 Magnificent
2399 2261 83 29 Hotel
2495 2260 55 29 will
2573 2260 32 29 be
2618 2260 82 28 found

2159 2300 101 37 replete
2274 2300 67 29 with

2164 2376 92 21 EVERY
2274 2376 127 20 COMFORT
2419 2377 56 19 AND
2494 2377 116 19 MODERN

2284 2415 206 18 CONVENIENCE.

2103 2522 133 34 Tourists,
2261 2522 176 30 commercial
2467 2521 151 34 travellers,
2650 2522 54 28 and

2070 2562 92 28 others
2173 2562 54 28 will
2243 2562 61 27 here
2319 2562 55 26 find
2389 2571 83 24 every
2485 2561 137 28 attention
2632 2570 54 18 com-

2069 2599 83 29 bined
2165 2599 66 29 with
2247 2599 82 29 home
2342 2600 139 28 comforts.

2071 2712 157 41 Booking
2247 2712 105 34 Office
2364 2712 54 32 for
2429 2712 171 32 Newman
2611 2710 96 34 Bros'

2098 2760 109 37 Royal
2220 2761 87 28 Mail
2319 2760 85 29 Line
2420 2759 38 29 of
2466 2759 132 29 Nelson
2612 2759 69 29 and

2215 2802 174 39 Westport
2402 2802 163 31 Coaches.

2133 2893 162 42 JAMES
2339 2893 306 49 STEVENSON,

2299 2957 182 20 PROPRIETOR.

2076 3030 252 64 Oit.3r
2352 3029 358 52 Hotel

2107 3112 289 45 BROADWAY,
2428 3112 248 38 REEFTON.

2079 3240 284 61 COMMERCIAL
2382 3239 164 33 Travellers,
2571 3240 140 33 Families,

2168 3280 54 27 and
2243 3280 46 27 the
2310 3279 91 35 public
2418 3279 141 35 generally
2580 3279 56 27 will
2656 3279 54 26 find

2078 3316 55 29 this
2145 3316 175 29 well-known
2340 3316 85 28 Hotel
2444 3316 77 28 fitted
2542 3315 66 28 with
2630 3324 82 28 eyery

2077 3355 115 30 modern
2205 3364 69 20 conv
2292 3356 96 27 nience
2398 3354 55 29 and
2465 3354 195 38 requirement.

2129 3469 86 41 The
2248 3468 256 55 Proprietress
2534 3469 32 40 is
2590 3468 102 42 deter-

2081 3526 127 38 mined
2236 3533 39 31 to
2295 3539 109 37 spare
2423 3538 49 25 no
2491 3539 165 37 expense
2675 3526 37 38 in

2081 3580 155 52 making
2253 3579 77 41 this
2352 3579 115 39 Hotel
2488 3578 225 55 thoroughly

2081 3635 111 52 equal
2211 3641 39 33 to
2270 3635 48 38 all
2337 3635 288 51 requirements.

2081 3763 92 36 Local,
2192 3763 125 31 Colonial
2342 3764 54 30 and
2423 3764 99 30 Home'
2537 3773 98 28 papers
2659 3764 54 30 and

2201 3804 163 35 periodicals
2377 3804 136 35 regularly
2526 3804 73 28 filed.

2248 3858 151 41 ALICE
2425 3860 238 47 NEVILLE,

2521 3923 192 35 Proprietress.

1540 4780 156 38 PETER
1724 4779 213 47 MULVAY,

1450 4868 219 37 SLUMBER,
1699 4867 238 35 TINSMITH,
1967 4867 87 31 AND

1450 4918 6 16 i
1595 4906 221 35 GASFITTER,
1830 4907 55 28 and

1502 4989 473 48 COPPERWORKER,

1455 5105 214 38 Palmerston
1696 5103 122 49 Street,
1837 5105 187 48 Westport,

1540 5210 141 38 (Opposite
1695 5210 128 29 Gilmer's
1835 5211 105 36 Hotel.)

1429 5364 90 29 Everv
1536 5362 179 31 description
1732 5362 32 30 of
1790 5362 175 32 Hollowarp,
1980 5363 55 30 Tin

1464 5406 115 31 smiths'
1596 5406 113 38 Goods,
1724 5406 56 31 and
1801 5405 214 41 Jroumougery

1622 5450 71 38 kept
1715 5451 30 29 in
1766 5449 94 31 stoek.

1554 5585 24 29 A
1592 5585 87 36 Large
1693 5584 200 37 Consignment
1905 5583 31 30 of

1469 5649 187 41 STOVES
1683 5649 101 40 AND
1818 5648 199 42 RANGES

1634 5738 61 20 NOW
1713 5738 33 19 TO
1766 5738 85 20 HAND.

1615 5863 38 27 All
1675 5862 84 28 Work
1773 5862 182 30 Guaranteed.

2887 213 118 31 Public
3024 214 150 31 Notices

2850 293 128 39 JOHN
3026 293 187 47 MUNKO,

2718 423 234 66 Q.ENERAL
2985 425 246 26 MERCHANT
3262 423 91 28 AND

2932 502 207 33 IMPORTER,

2817 618 242 38 Palmcrston
3113 621 139 42 Street,

2930 740 32 26 W
2968 740 178 27 ESTPORT.

2766 839 244 31 JOHNSTON
3038 840 28 31 &
3092 838 215 32 WATKINS

2935 915 108 27 CIVIL
3062 915 78 27 AND

2806 992 71 26 INI
2891 992 21 26 N
2924 992 23 26 G
3093 992 154 26 NGINE
3260 991 56 25 EK
3328 992 28 27 S,

2907 1077 180 19 AUTHORISED
3109 1078 56 18 AND

2725 1120 276 41 LICENSED
3027 1119 327 42 SURVEYORS

2727 1215 125 29 'Vorkini*
2878 1215 81 27 Plans
2982 1215 54 27 and
3062 1214 108 28 Details
3194 1215 30 26 of
3249 1213 108 33 Mining

2754 1254 163 36 Machinery
2930 1253 132 38 prepared
3073 1254 55 28 and
3137 1254 46 28 the
3192 1253 131 28 Erection

2807 1294 107 34 Mining
2930 1294 158 35 Machinery
3102 1292 168 37 supervised.

2721 1373 118 32 Surveys
2853 1371 42 26 for
2905 1370 110 33 Mining
3024 1370 167 36 Companies
3200 1368 157 29 contracted

2722 1409 38 28 for
2774 1409 33 36 by
2822 1408 46 29 the
2881 1418 73 27 year.
2992 1410 120 34 Surveys
3123 1411 80 26 made
3214 1408 88 28 under
3313 1406 44 29 the

2895 1448 78 27 Land
2987 1449 129 26 Transfer
3125 1450 61 25 Act.

2972 1524 135 28 Address:

2725 1563 165 33 Broadway,
2911 1563 134 28 Reefton
3057 1572 6 22 ;
3092 1571 55 20 and
3173 1563 188 28 Commercial

2927 1602 109 32 IIoTKL,
3057 1602 91 28 LYKLL

2758 1679 292 28 N.R.lnstructions
3064 1681 47 26 left
3125 1686 28 21 at
3166 1680 92 26 Times
3267 1679 94 29 Ollice,

2725 1724 13 20 I
2748 1717 64 33 yell,
2826 1717 55 27 will
2895 1718 104 27 receive
3008 1717 159 28 immediate
3180 1716 147 29 attention.

2855 1799 66 61 N
2928 1799 310 63 ewman's

2728 1917 58 61 R
2800 1916 133 29 oyAL
2979 1917 75 60 M
3068 1916 85 29 AIL
3198 1916 59 61 L
3273 1915 78 29 INI

2928 2009 49 29 OF
2996 2009 177 29 COACHES

2763 2104 252 29 Thrice-Weekly
3041 2105 124 28 Service
3188 2104 142 28 Between

2817 2152 105 33 Lyell,
2937 2151 132 28 Ueefton
3084 2159 55 19 and
3154 2151 126 27 Nelson.

2734 2247 88 27 Leave
2845 2245 81 37 Lyell
2945 2246 42 28 for
3005 2246 104 28 Nelson
3127 2255 84 27 every
3233 2245 136 36 Tuesday,

2732 2294 146 36 Thursday
2887 2294 55 28 and
2953 2293 149 37 Saturday,
3113 2300 29 21 at
3152 2295 66 27 2.80
3226 2303 77 27 p.m.,
3315 2293 54 28 and

2734 2343 78 37 Lyell
2825 2343 42 29 for
2883 2343 136 37 Westport
3032 2342 54 29 and
3102 2342 127 33 Ueetton,
3250 2352 35 19 on
3300 2342 51 28 Sun-

2732 2392 64 35 day,
2812 2391 173 36 Wednesday
3000 2391 54 28 and
3071 2391 112 35 Friday,
3191 2397 29 21 at
3232 2392 65 26 9.00
3305 2399 64 19 a.m.

2735 2478 165 36 Passengers
2926 2476 101 30 hookeJ
3062 2478 42 27 for
3134 2476 151 37 Hampden
3317 2478 52 27 and

2855 2525 80 29 other
2947 2526 193 28 intermediate
3155 2524 100 38 places.

2907 2603 132 29 Rooking
3060 2604 121 27 Offices
3192 2611 6 21 :

2737 2661 137 36 Westport
3139 2660 133 28 Gilmer's
3286 2659 85 28 Hotel

2735 2709 67 29 Reef
2806 2712 47 26 ton
3098 2708 178 29 Stevenson's
3289 2707 84 30 Hotel

2738 2759 102 28 Nelson
3150 2759 126 26 Masonic
3289 2758 83 27 Hotel

2771 2851 45 28 All
2828 2851 107 37 parcels
2949 2856 75 23 must
3037 2851 32 28 be
3084 2850 124 38 prepaid,
3228 2850 147 28 otherwise

2870 2900 68 37 they
2951 2899 55 29 will
3020 2899 33 29 be
3065 2898 49 29 left
3127 2898 113 29 behind.

3063 2956 37 27 11.
3121 2954 184 33 NEWMAN,

3171 2994 159 32 Proprietor

2802 3084 149 30 LADIES'
2971 3084 49 28 OR
3039 3083 273 29 GENTLEMEN'S

2743 3135 145 61 gAD
2907 3135 85 37 DL
3009 3134 32 38 E
3109 3134 106 58 UA
3215 3134 54 58 c
3283 3133 88 44 KS,

2874 3225 92 37 (Quiet
2978 3224 56 30 and
3048 3224 196 30 Well-broken)

2740 3288 73 28 FOR
2827 3288 97 27 HIRE
2938 3287 49 27 BY
3000 3286 79 27 THE
3094 3285 281 29 UNDERSIGNED

2860 3338 42 28 At
2921 3337 167 29 Inanoaiiua
3105 3337 151 29 Junction.

2775 3441 114 27 Horse's
2902 3443 60 24 sent
2973 3442 38 32 Jto
3025 3439 78 34 Lyell
3116 3442 29 23 at
3164 3448 16 17 a
3194 3440 148 25 moment's

3006 3476 103 31 notice.

2742 3566 197 49 Courtney's
2948 3565 302 40 Accommodation
3258 3565 119 39 House

2742 3626 113 34 Having
2879 3625 85 36 lately
2985 3626 69 27 been
3076 3624 192 35 considerably
3289 3624 88 28 added

2742 3668 27 25 to
2790 3664 54 28 and
2864 3664 153 37 improved,
3032 3664 22 28 is
3074 3673 62 19 now
3149 3673 52 18 one
3213 3663 32 28 of
3260 3662 46 29 the
3319 3662 58 29 best

2742 3703 147 36 appointed
2902 3704 54 26 and
2971 3707 72 23 most
3055 3702 178 28 comfortable
3253 3702 124 28 roadside

2852 3741 110 29 house's
2975 3751 36 18 011
3024 3741 47 27 the
3085 3740 78 28 West
3175 3740 92 28 Coast.

2757 3855 242 35 FR|A;NCIS
3050 3855 312 38 COURTNEY,

2968 3923 191 27 Proprietor.

2414 4043 118 54 THE

2081 4180 327 39 PRINTING
2457 4179 126 40 AND
2634 4177 423 42 PUBLISHING
3110 4177 242 40 OFFICE

2495 4299 148 29 CLIFF
2678 4299 71 33 ST.,
2786 4299 179 29 LYELL.

2081 4500 245 54 Tli
2481 4497 356 66 Lyell
2910 4497 446 57 Times'

2148 4632 37 39 Is
2204 4645 72 27 one
2296 4631 41 40 of
2351 4631 64 40 the
2434 4631 85 40 best
2538 4632 96 39 local
2655 4632 189 41 mediums
2863 4633 56 40 for
2937 4634 247 41 distributing
3203 4650 116 30 news,

3160 4674 23 14 o
3311 4672 7 11 1

2326 4723 339 48 Advertisements,
2688 4724 76 39 and
2784 4724 169 52 subjects
2972 4724 42 40 of
3029 4725 96 40 local

2522 4814 170 45 interest,
2715 4814 233 51 throughout

2313 4905 64 38 the
2415 4905 130 38 Buller
2580 4906 75 38 and
2693 4906 224 50 Inangahua
2953 4908 196 36 Counties.

2133 5121 169 53 Charges
2321 5120 55 40 for
2394 5120 179 52 standing
2592 5120 329 47 advertisements,
2942 5134 90 38 very
3047 5121 236 40 reasonable.

2135 5213 80 50 job,
2263 5212 120 49 Plain,
2422 5210 74 41 and
2541 5211 49 40 all
2625 5210 111 41 kinds
2775 5210 42 41 of
2847 5212 178 52 printing,
3064 5210 184 41 executed
3292 5209 76 42 witl

2084 5282 184 52 despatch
2288 5288 40 31 at
2347 5282 64 36 the
2431 5281 130 36 lowest
2580 5280 137 51 prices.

2133 5370 332 39 Communication
2486 5370 49 50 by
2554 5376 85 43 post
2655 5383 41 24 or
2714 5370 87 37 wire
2820 5370 192 50 promptly
3031 5369 184 38 attended
3234 5375 52 31 to.

2606 5609 254 39 ADDRESS:

2622 5827 224 41 LYELL.

3551 211 118 30 Public
3695 211 150 31 Notices.

3507 507 192 37 SANDER
3720 509 26 35 &
3770 508 124 37 SONS'

3387 597 367 74 Eucalypti

3712 706 304 63 Extract.

3559 1334 85 62 ZJ)

3426 4332 150 28 SAND
3596 4332 23 26 E
3641 4330 24 28 R
3708 4330 114 28 AND
3865 4330 148 27 SONS

3570 4389 165 31 Sandhurst,
3749 4388 130 28 Victoria.

3454 4502 242 28 DUNCAN
3753 4501 241 31 M'LEAN,

3580 4565 99 35 Agent,
3690 4565 73 35 Grey
3765 4564 108 29 mouth.

3476 5094 192 30 HINTING
3707 5096 52 28 OF
3796 5096 131 31 EVERY
3964 5098 63 30 DES-

3641 5136 180 29 CRIPTION

3712 5221 35 21 AT

3415 5289 99 71 lj
3533 5290 141 65 Imll
3693 5291 163 64 (Suites
3884 5293 163 71 (Difict,

3535 5414 148 42 CLIFF
3720 5416 206 41 STREET.
