4240 5920
88 209 26 26 A
134 209 64 27 FIN
218 209 50 28 DE
287 209 120 28 CYCLE
426 209 190 28 INCIDENT.

109 301 45 30 [By
169 302 71 24 Edna
254 303 25 24 C.
429 310 26 17 in
471 301 122 26 •Outing'

281 340 46 17 foe
341 334 85 28 June.]

98 373 64 31 They
193 374 46 24 had
270 374 58 25 been
357 375 100 31 engaged
485 375 49 29 just
556 374 78 23 eleven

71 404 101 24 minutes
181 404 31 31 by
222 406 40 23 the
271 406 74 28 clock,
356 405 46 25 and
419 413 59 16 were
487 407 24 21 in
522 405 39 23 the
570 407 65 27 stage

71 434 31 27 ot
119 434 92 32 trying.
221 438 26 21 to
269 436 94 30 explain
386 436 52 23 how
461 436 21 24 it
506 435 125 29 happened.

71 464 84 31 People
170 466 65 23 often
250 467 39 29 try
306 466 40 25 the
365 473 61 16 same
445 465 66 29 thing
521 468 39 20 ten
569 471 66 22 years

70 490 69 34 after,
149 494 44 25 bat
203 496 40 24 the
252 495 52 25 first
317 496 83 23 debate
410 503 59 23 upon
480 495 40 23 the
529 494 105 30 question

71 524 20 24 is
100 526 90 30 usually
201 529 60 21 moat
275 526 153 29 satisfactory.

88 561 99 32 /'Why
203 562 30 25 do
243 562 12 25 I
272 562 51 25 love
332 569 54 25 yon,
402 561 90 31 darling
499 561 23 25 V
531 561 40 24 the
580 560 40 25 Pro-

69 592 72 24 fessor
150 600 48 17 was
207 594 82 29 saying
295 594 24 23 in
329 593 81 30 limpid
419 595 72 21 tones.
535 592 100 23 Because

69 630 48 22 you
139 629 38 17 are
202 630 39 23 ray
264 623 61 23 ideal
348 630 104 16 woman:
475 629 26 16 so
520 628 64 24 pure,
609 628 26 16 so

69 652 99 29 modest,
191 660 26 15 so
236 652 140 23 flowerlike!
414 653 107 26 Because,
542 651 92 30 looking

69 682 50 23 into
128 689 59 23 your
196 682 112 23 beautiful
317 689 63 23 eyes,
389 681 13 24 I
411 689 42 16 can
463 689 37 16 see
509 681 40 24 the
563 684 72 20 sweet

69 712 51 24 soul
130 712 106 25 reflected

81 742 3 32 ,
97 743 80 25 Takes
187 744 107 29 literally,
309 744 48 24 this
367 751 46 17 was
422 743 128 31 egotistical
560 743 24 23 in
595 742 39 24 the

70 773 133 29 Professor;
218 774 142 30 considering
369 774 53 24 that
435 773 31 24 all
483 773 29 24 he
526 780 47 17 saw
588 779 46 17 was

69 804 39 23 his
128 811 53 17 own
203 804 74 31 image
322 804 123 29 scholarly,
465 804 78 24 rather
562 806 60 21 stern-

69 834 74 29 faced,
160 835 57 24 with
233 835 132 30 spectacles.
403 834 22 24 If
442 835 29 23 he
490 834 45 24 bad
552 833 81 24 looked

69 864 85 31 deeper
171 866 50 23 into
240 862 66 28 those
326 865 54 24 blue
398 866 94 22 mirrors
511 865 28 23 he
558 863 75 24 would

70 895 58 23 have
137 900 54 19 seen
200 902 14 17 a
223 895 79 25 flicker
311 896 24 23 of
348 895 61 31 guilt
423 895 111 30 sneaking
549 893 84 24 behind

70 925 48 23 this
125 928 118 21 sweetnes.

123 955 62 25 Dear
194 956 89 24 Horace
327 956 72 23 Renie
408 955 132 28 exclaimed,
558 961 26 16 as
593 954 40 23 she

70 988 44 28 pat
130 994 45 15 one
198 987 65 23 null
287 986 61 23 hand
372 985 92 30 timidly
487 985 91 30 against
598 984 35 23 his

69 1015 79 28 cheek,
160 1016 43 23 but
210 1016 96 29 quickly
315 1016 63 23 drew
387 1016 20 22 it
421 1022 65 22 away
502 1022 25 15 as
536 1015 41 22 she
586 1021 47 15 saw

69 1045 32 30 by
109 1045 96 30 freight
214 1044 127 25 cloudiness
356 1044 71 24 above
436 1044 40 23 the
485 1044 85 30 glasses
580 1043 52 23 that

68 1081 58 17 even
135 1075 49 24 this
191 1075 131 30 expression
331 1075 24 22 of
365 1074 131 23 tenderness
512 1073 121 23 conflicted

68 1105 57 23 with
130 1105 39 23 his
176 1106 78 22 rather
264 1104 112 24 fossilised
384 1104 92 22 notions
483 1103 23 23 of
516 1102 115 29 maidenly

69 1140 94 17 reserve.
185 1132 4 25 '
201 1133 33 21 W

240 1163 83 24 sniffed
332 1163 40 24 the
412 1165 70 21 sweet
577 1164 54 21 sotlo

71 1201 54 17 voce.
327 1193 68 23 know
410 1193 63 23 what
490 1200 15 15 a
523 1192 66 23 heart
607 1192 24 23 of

69 1224 53 29 gold
132 1224 29 23 he
366 1223 91 24 notions
473 1223 24 23 of
513 1223 118 29 propriety

69 1253 75 23 wonld
153 1253 68 23 make
231 1260 35 16 me
276 1253 59 23 tired

123 1283 63 23 Your
204 1289 57 23 very
279 1282 74 24 words
372 1289 39 16 are
430 1281 140 28 flower-like,
591 1287 38 22 my

70 1312 62 24 little
261 1305 69 31 coJfa
349 1312 41 24 the
408 1310 129 25 infatuated
558 1310 69 23 lover.

167 1343 59 23 have
242 1350 60 16 none
319 1342 25 24 of
362 1342 40 24 the
426 1342 53 23 bold
503 1348 63 23 ways
584 1340 46 23 and

70 1374 111 32 language
197 1374 24 25 of
236 1374 40 24 the
290 1372 106 25 so-called
410 1373 36 30 Jin
456 1372 27 25 &t
499 1371 61 25 siecle
570 1371 60 32 girl;

69 1413 31 16 no
109 1405 105 24 msnnfch
223 1406 80 30 posing
309 1413 25 14 as
341 1412 29 15 an

98 1436 73 23 Renie
184 1435 94 23 moaned
295 1435 117 29 mentally.
468 1434 82 24 Saint!
565 1433 66 23 Must

71 1465 97 32 Ispend
175 1472 40 24 my
224 1465 40 24 life
272 1473 30 15 on
311 1472 16 16 a
335 1464 104 31 pedestal
445 1466 9 22 ?
482 1463 12 24 I
504 1463 126 24 can't—it's

71 1500 41 20 ton
120 1495 127 24 condensed
255 1496 6 23 1
289 1495 13 24 I
311 1497 62 22 most
379 1496 40 27 get
424 1495 65 23 those
495 1493 135 31 antiquated

70 1526 64 24 ideM
160 1526 26 24 of
208 1526 35 24 his
264 1524 136 25 remodelled
424 1528 26 20 to
472 1524 41 24 the
537 1526 94 28 present

71 1553 127 35 century!'
210 1557 12 24 I
238 1556 56 24 wish
313 1556 13 24 I
341 1562 59 18 wen
418 1557 42 22 not
475 1562 24 16 so
516 1554 74 24 afraid
607 1553 24 25 of

71 1588 55 23 himi
128 1587 14 13 w
146 1596 14 14 K

99 1618 48 24 But
163 1618 42 24 she
224 1618 139 24 wfca—there
381 1624 48 17 was
442 1624 29 16 no
487 1617 101 29 denying
602 1617 26 22 it.

71 1648 102 31 Perhaps
181 1650 21 22 it
211 1656 47 16 was
268 1649 40 23 her
315 1648 50 24 love
372 1648 53 24 that
435 1647 66 23 made
511 1647 40 23 her
561 1646 70 23 dread

71 1679 36 23 hn
125 1681 64 21 stern
208 1679 151 30 disapproval.
391 1678 44 24 She
454 1677 43 23 felt
516 1677 84 23 herself
618 1684 14 15 a

71 1709 85 30 pocket
174 1709 87 24 edition
279 1709 23 23 of
321 1708 79 30 Jekyll
418 1707 46 24 and
483 1707 85 31 Hyde;
592 1707 40 23 she

71 1742 78 22 meant
158 1742 25 22 to
193 1739 87 25 confess
297 1742 25 21 to
339 1739 40 24 the
394 1738 69 31 Hyde
473 1737 66 29 later,
551 1745 26 16 or
586 1737 46 24 else

71 1773 40 28 try
121 1773 25 21 to
154 1770 46 24 live
210 1777 32 24 up
247 1773 25 21 to
280 1770 40 24 the
328 1769 86 31 Jekyll.
445 1769 47 23 But

159 1813 66 21 What
231 1820 12 14 a
251 1811 84 27 tangled
343 1812 44 22 web
395 1818 31 15 we
435 1818 68 15 weave

160 1837 68 21 When
236 1837 46 21 first
290 1843 30 15 we
327 1837 88 23 practise
423 1837 22 20 to
452 1836 81 21 deceive
544 1836 4 24 !

70 1872 138 24 Meanwhile
217 1872 40 24 she
266 1871 118 32 neglected
400 1871 47 24 this
461 1870 80 31 golden
552 1877 65 23 oppor-

71 1903 78 30 tunity
161 1907 23 19 to
191 1902 87 24 confeu
287 1902 84 24 herself
380 1909 14 16 a
403 1902 37 29 fin
450 1902 26 22 de
486 1900 60 24 siteh
556 1901 75 23 sinner

71 1933 51 24 who
139 1933 66 24 loved
224 1933 117 31 yachting,
358 1931 75 25 rowed
449 1939 13 17 a
478 1931 58 25 shell
557 1931 46 23 like
617 1938 14 16 a

71 1964 118 27 mermaid,-
198 1963 94 30 jumped
302 1966 65 27 gates
375 1970 30 15 on
422 1963 40 22 her
472 1964 76 27 trusty
558 1961 71 28 steed,

70 1992 46 24 and
130 1997 64 20 went
208 1994 24 22 in
248 1994 37 23 for
299 1992 115 28 athletics,
424 1999 26 16 as
466 1992 39 23 she
520 1992 62 23 often
598 1997 22 17 re-

69 2024 103 27 marked,
219 2023 36 25 for
273 2023 31 24 all
323 2023 40 24 she
382 2030 46 16 was
569 2022 62 23 Thus

69 2055 41 23 she
120 2054 86 24 drifted
219 2054 83 30 deeper
311 2053 45 24 and
367 2054 82 30 deeper
457 2053 50 24 into
517 2052 46 24 this
572 2052 58 31 good

69 2085 72 23 man's
149 2084 129 24 confidence
287 2084 45 23 and
342 2091 65 23 away
416 2084 59 23 from
485 2084 40 22 her
534 2090 57 16 own.

175 2122 47 23 yon
358 2114 50 24 said
431 2114 40 24 the
490 2114 61 23 little
570 2113 61 23 saint

69 2145 58 24 with
137 2152 14 16 a
160 2145 70 29 swift,
242 2145 94 30 upward
346 2145 72 28 smile,
455 2144 12 24 I
478 2143 98 31 thought
585 2150 44 24 you

69 2182 73 26 —you
151 2175 68 26 cared
228 2176 36 24 for
273 2175 48 25 Bill

121 2208 59 23 Miss
195 2207 142 24 Richmond!
365 2206 13 24 I
397 2209 62 21 must
473 2206 87 24 confess
578 2206 53 23 that

67 2244 28 16 on
106 2244 14 16 a
129 2237 72 29 slight
214 2237 164 28 acquaintance
395 2236 12 22 I
424 2243 45 15 was
489 2236 97 22 inclined
605 2238 25 19 to

66 2266 87 24 admire
172 2266 42 24 her
220 2274 7 21 ;
252 2266 167 24 Dut—heavens
430 2265 74 25 !—she
527 2272 64 24 poses
605 2272 25 16 as

66 2304 29 15 an
114 2297 95 27 athlete,
225 2297 88 22 dresses
332 2297 23 22 in
374 2297 128 30 gymnastic
520 2298 108 25 costume,

66 2326 84 31 swings
165 2325 83 24 Indian
262 2326 65 23 elubs
338 2328 5 21 !
372 2326 60 23 How
449 2325 66 24 could
532 2332 42 16 one
591 2324 26 24 ad-

66 2356 57 23 mire
132 2356 56 23 such
198 2364 13 15 a
221 2361 88 18 woman

203 2386 98 24 faltered
318 2387 41 23 the
374 2386 66 24 small
455 2385 98 29 coward,

66 2416 65 24 there
140 2419 42 21 not
191 2417 113 23 occasions
321 2416 66 23 when
405 2416 64 23 these
484 2415 132 31 accomplish-

66 2449 74 22 ments
149 2446 75 31 might
233 2446 28 25 be
270 2447 24 23 of
304 2453 40 17 use
354 2449 24 22 to
388 2454 14 16 a
411 2453 89 17 woman

175 2480 26 20 to
210 2484 14 16 a
235 2477 112 30 womanly
485 2476 87 31 replied
588 2476 41 23 her

66 2508 64 23 lover
144 2507 57 24 with
217 2508 106 30 soathing
339 2509 124 28 contempt.
546 2509 83 21 cannot

66 2538 97 30 imagine
179 2538 56 23 such
251 2545 14 16 a
280 2544 170 22 woman—you,
468 2537 35 23 for
518 2537 109 27 instance,

64 2575 39 24 my
116 2568 213 31 darling—patting
337 2567 85 25 herself
431 2568 24 23 in
465 2575 14 16 a
493 2566 99 32 position
604 2569 24 21 to

66 2599 57 23 need
147 2599 56 23 such
226 2598 156 31 questionable
407 2598 219 31 accomplishments.

64 2629 48 24 Bat
121 2629 13 24 I
143 2632 62 21 mast
294 2629 38 24 He
347 2636 64 17 arose
428 2629 57 23 with
501 2628 67 23 much
588 2627 40 24 the

64 2665 63 18 sane
141 2660 56 23 kind
213 2660 25 23 of
254 2660 101 23 cheerful
371 2660 98 29 alacrity
485 2659 53 23 that
555 2658 73 23 Adam

65 2690 75 31 might
158 2690 57 23 have
234 2689 118 23 exhibited
370 2688 67 24 when
456 2688 90 24 evicted
570 2688 58 23 from

64 2719 115 25 Paradise.
269 2719 113 32 promised
402 2721 25 22 to
442 2722 60 20 meet
519 2719 109 30 Manager

64 2751 113 27 Stevens;
198 2751 40 22 the
254 2751 96 22 strikers
368 2757 39 16 are
425 2750 77 28 acting
525 2751 103 27 outrage-

172 2818 45 23 you
236 2811 69 23 think
325 2810 56 31 they
399 2818 39 16 are
456 2810 128 30 altogether
603 2812 25 20 to

63 2841 74 24 blame
186 2841 71 24 asked
268 2841 79 28 Renie,
358 2841 94 30 putting
468 2841 24 23 in
507 2841 47 23 this
563 2839 64 24 weak

62 2878 51 23 way
123 2879 14 16 a
146 2872 104 28 question
266 2878 29 16 on
310 2871 75 24 which
402 2871 40 23 she
459 2870 45 23 had
521 2877 55 22 very
589 2870 25 23 de-

62 2901 66 23 cided
138 2900 69 24 ideas.

115 2932 118 30 Certainly
285 2932 28 23 he
328 2930 94 31 replied,
434 2930 24 24 in
468 2930 103 31 haughty
578 2937 36 16 sur-

62 2961 60 31 prise
132 2970 7 19 ;
181 2965 23 20 to
214 2962 64 23 what
287 2962 20 22 is
316 2961 40 24 the
366 2961 71 23 world
455 2961 90 33 coming
559 2960 65 24 when

62 2991 39 22 the
116 2991 105 28 working
235 2991 81 21 classes
334 2996 103 22 presume
457 2992 25 19 to
498 2989 88 22 dictate
600 2991 28 21 tc<

61 3020 62 24 their
137 3019 127 33 employers
270 3020 10 24 ?
316 3018 56 31 But,
389 3018 73 30 there,
480 3017 62 26 little
566 3024 43 17 one
620 3019 5 22 !

62 3051 73 24 What
153 3059 39 16 are
210 3059 45 22 you
279 3050 114 31 supposed
413 3053 25 21 to
462 3050 68 23 know
555 3051 71 21 about

62 3081 40 23 the
117 3083 66 27 great
196 3081 116 28 problems
328 3081 24 21 of
366 3080 85 28 capital
468 3079 45 22 and
529 3079 64 22 labor

62 3110 37 22 He
107 3109 57 23 took
174 3109 41 23 her
224 3110 24 22 in
257 3109 37 23 his
304 3116 60 15 arms
374 3108 45 23 and
429 3108 53 22 held
492 3108 41 22 her
542 3108 67 22 close.

116 3138 65 25 Good
191 3138 75 33 night,
277 3138 87 29 Rcnie;
379 3144 38 25 my
424 3137 72 32 pearl,
504 3144 38 24 my
549 3137 75 31 angel,

62 3176 39 25 my

117 3203 8 12 *
135 3202 66 22 Pearl
214 3203 7 21 !
258 3201 37 24 An
298 3200 67 31 jcl!'
424 3200 71 22 Renie
527 3199 62 23 drew
613 3206 13 14 a

64 3232 52 29 long
134 3231 82 23 breath
235 3238 26 15 as
275 3232 41 21 the
332 3230 57 23 door
407 3229 75 23 closed
501 3236 62 19 upon
587 3228 41 22 her

63 3260 83 23 ardent
164 3260 69 24 lover.
274 3260 45 23 She
342 3258 92 31 clasped
457 3259 41 22 her
516 3257 73 23 hands
603 3258 23 21 in

64 3293 64 21 urate
150 3292 90 29 protest
263 3297 25 17 as
317 3289 41 24 she
381 3288 137 24 continued:
571 3287 55 24 This

64 3321 103 55 rtdeetal
177 3321 20 24 is
210 3321 103 30 growing
322 3327 114 17 narrower
445 3319 45 24 and
499 3320 128 22 narrower!

87 3351 59 24 shall
155 3351 113 30 certainly
278 3350 94 29 tumble,
383 3350 46 24 and
445 3350 64 23 what
523 3356 14 16 a
551 3349 75 24 smash

65 3382 90 23 there'll
163 3381 44 23 be!
235 3381 59 25 lam
303 3383 42 21 not
353 3380 71 30 ready
433 3382 26 21 to
468 3380 28 23 be
506 3386 29 16 an
545 3379 82 29 angel;

65 3411 72 25 wines
147 3411 75 25 would
239 3410 29 25 be
277 3410 103 24 horribly
389 3410 25 24 in
430 3410 40 24 the
480 3417 57 24 way.
569 3408 31 24 Or
614 3415 14 17 a

66 3443 79 32 pearl!
182 3443 61 24 Shut
252 3450 33 24 up
292 3443 25 23 in
327 3450 14 15 a
350 3441 58 25 shell
417 3441 58 25 with
484 3448 29 17 an
523 3442 105 29 oyster—

177 3473 22 23 A
208 3474 77 22 shiver
294 3473 24 22 of
327 3472 108 23 rebellion
445 3474 61 20 went
515 3478 54 15 over
579 3471 46 22 her.

66 3503 45 24 She
128 3503 85 23 dashed
229 3509 31 23 up
277 3502 40 23 the
325 3502 70 23 stairs
409 3500 46 24 and
471 3500 63 30 flung
549 3508 14 15 a
573 3500 55 23 door

67 3532 60 25 wide
136 3540 65 23 open.

177 3564 5 23 !
211 3562 43 29 Oh,
265 3561 96 31 Jimmy,
371 3561 96 30 Jimmy,
478 3560 85 24 Jimmv

245 3592 89 30 quietly
358 3591 117 24 remarked
506 3598 13 15 a
548 3589 80 30 boyish

66 3623 63 24 voice
144 3625 28 21 at
185 3622 42 24 her
243 3622 80 29 elbow,
428 3621 40 24 the
482 3620 64 28 roof;
561 3626 68 17 never

66 3653 63 25 mind
141 3653 41 24 the
191 3655 117 24 remnants
323 3652 25 24 of
361 3658 58 25 your
435 3652 73 30 lungs.
540 3650 89 25 What's

68 3685 40 23 the

120 3712 68 25 Hush
198 3716 5 21 !
211 3713 14 13 n
253 3713 62 24 cried
348 3712 80 27 Renie,
462 3711 166 29 dramatically,

144 3744 71 30 dying
229 3744 37 22 for
274 3742 100 24 exercise
383 3744 6 21 !
417 3742 43 23 I'm
469 3741 116 31 perishing
595 3741 34 22 for

66 3773 179 55 g^rmnasticaJ;'
270 3772 43 24 I'm
341 3773 110 30 yearning
483 3772 36 22 for
548 3770 81 24 Indian

95 3834 92 32 Suiting
211 3834 39 26 the
269 3833 77 26 action
370 3835 24 23 to
419 3832 39 25 the
482 3831 81 29 words,
589 3831 40 24 she

67 3866 75 24 seized
158 3865 164 30 4prsMii&irbm
346 3864 40 23 the
411 3864 58 23 wall.
509 3863 49 23 Her
577 3869 52 22 eyes

281 3893 58 23 flnsh
349 3900 63 16 came
422 3893 49 22 into
481 3893 41 21 her
531 3890 82 24 cheeks
623 3899 6 18 ;

125 3925 49 23 lace
189 3924 86 23 sleevee
292 3923 39 23 fell
341 3923 57 23 back
409 3922 58 24 from
478 3921 38 24 the
527 3920 102 24 rounded

68 3963 68 21 arms,
147 3954 46 26 and
210 3955 40 24 the
264 3954 85 32 supple'
361 3954 58 24 form
431 3953 92 31 swayed
542 3954 24 22 to
585 3951 44 24 and

68 3986 35 24 fro
118 3994 26 16 as
160 3984 40 25 she
209 3993 81 22 swung
305 3985 40 23 the
364 3984 64 23 clubs
444 3984 57 22 with
516 3982 114 31 lightning

68 4016 78 31 speed,
181 4015 73 24 round
287 4014 46 24 and
363 4013 81 29 round,
479 4013 70 24 above
588 4012 40 24 her

68 4046 113 30 rumpled,
198 4046 64 29 curly
280 4045 66 28 head,
364 4045 87 29 tossing
466 4043 45 24 and
524 4043 105 29 catching

68 4076 64 24 them
148 4075 82 31 deftly.
261 4074 144 31 Altogether,
422 4074 21 23 it
459 4080 45 16 was
521 4080 14 16 a
551 4074 78 28 pretty

68 4106 98 32 picture,
192 4105 46 25 and
257 4104 50 26 told
330 4104 23 24 of
382 4104 54 31 long
466 4102 46 25 and
539 4103 91 30 patient

188 4173 55 23 very
273 4166 59 28 well,
489 4163 140 24 commented

68 4198 40 25 her
124 4204 77 24 young
219 4196 102 29 brother,
341 4195 106 31 glancing
465 4194 112 30 critically
598 4201 31 23 up

67 4229 59 23 from
145 4227 36 24 his
200 4227 53 23 task
276 4227 24 23 of
326 4226 110 30 pumping
459 4226 35 22 air
516 4225 50 23 into
591 4224 38 23 the

68 4257 130 33 pneumatic
217 4260 51 28 tyre
288 4257 23 24 of
332 4255 37 26 his
391 4254 94 33 bicycle,
509 4262 25 17 as
558 4253 71 26 Renie

68 4289 74 25 ended
158 4289 31 29 by
208 4288 113 35 swinging
340 4287 40 24 the
399 4286 63 25 clubs
479 4285 150 31 dangerously

68 4325 55 19 near
131 4319 37 25 his
177 4318 67 28 head,
252 4318 79 30 giving
337 4325 14 15 a
358 4316 181 30 blood-curdling
548 4315 81 30 whoop

67 4357 47 18 ana
123 4348 87 32 tossing
218 4348 63 24 them
290 4347 50 25 into
349 4347 41 24 the
406 4346 99 24 farthest
515 4353 78 17 corner
607 4345 23 27 qf

69 4380 41 26 the
255 4378 44 24 but
322 4377 63 24 what
413 4377 76 24 would
513 4377 115 28 Attorney

69 4410 89 25 Horace
166 4410 26 23 P.
205 4408 98 24 Waldon
313 4408 56 23 alias
384 4407 40 24 the
442 4405 145 29 '.Professor,'
602 4406 28 23 he

68 4440 24 26 of
101 4440 40 24 the
157 4438 173 32 straight-laced
347 4437 63 25 ideas
429 4436 46 25 and
490 4436 127 30 irreproach-

68 4471 52 24 able
129 4470 61 24 walk
207 4469 46 25 and
269 4469 166 26 conversation,
444 4474 42 23 say
503 4467 19 23 if
539 4469 28 21 he
583 4474 48 16 saw

68 4508 46 24 you
124 4500 69 30 doing
203 4499 40 24 the
246 4499 127 24 Comanche
379 4501 38 20 act
426 4498 24 23 in
457 4497 46 24 wis
509 4496 72 31 giddy
584 4495 47 24 and

69 4529 167 29 reprehensible
246 4528 60 32 style

79 4557 4 27 '
97 4560 91 24 Renie's
212 4559 49 25 face
287 4558 82 24 flamed
388 4558 83 24 scarlet
489 4565 26 16 as
534 4557 40 23 she
598 4563 22 16 re-

68 4590 95 27 marked
182 4590 58 27 with
259 4589 92 26 studied
369 4588 160 26 indifference:
602 4586 29 25 do

68 4624 42 23 not
119 4622 68 24 know
197 4621 53 24 that
259 4621 38 24 Mr
302 4619 100 25 Waldon
410 4620 21 24 is
440 4620 41 23 the
489 4619 62 24 ruler
560 4619 23 24 of
592 4625 39 23 my

98 4683 67 24 "I'm
180 4682 54 32 glad
249 4682 25 24 of
288 4682 34 28 it)
337 4681 43 25 bat
395 4681 19 24 if
430 4681 12 24 I
458 4680 39 25 did
513 4682 41 22 not
564 4680 66 24 know

69 4714 53 24 that
140 4721 45 22 you
202 4720 39 16 are
250 4720 13 15 a
273 4713 44 30 girl
331 4713 54 23 that
398 4719 70 16 never

68 4742 108 25 returned
192 4742 56 28 Jim,
258 4742 137 30 guilelessly,
466 4740 75 24 Would
557 4735 73 28 doubt

68 4774 53 24 that
129 4774 131 23 statement.
291 4771 13 24 I
314 4771 71 30 really
395 4770 100 30 thought
509 4770 28 23 he
554 4772 76 20 meant

69 4806 6 13 '
83 4805 51 24 biz'
147 4804 32 29 by
190 4803 39 23 the
246 4802 70 24 token
333 4802 22 23 of
370 4801 31 23 all
416 4801 63 23 these
489 4798 87 24 flowers
587 4798 44 23 and

69 4835 72 23 visits.
173 4833 42 23 I'm
225 4832 53 30 glad
288 4832 29 22 he
327 4831 80 26 don't;
421 4831 44 26 for,
477 4829 87 30 though
574 4829 28 23 he
612 4829 19 22 is

69 4871 29 18 no
108 4862 45 25 end
167 4862 25 24 of
207 4869 14 16 a
235 4861 59 31 good
314 4861 82 27 fellow,
413 4859 50 24 he'd
482 4859 27 22 be
519 4866 14 15 a
543 4858 89 30 mighty

70 4892 179 26 uncomfortable
266 4893 49 22 sort
324 4890 24 24 of
357 4897 14 16 a
380 4888 186 26 brother-in-law.
598 4887 35 24 Do

70 4932 45 22 you
131 4923 88 25 believe
234 4922 24 24 in
275 4921 40 24 the
330 4920 186 30 transmigration
526 4919 23 22 of
563 4918 69 28 souls,

493 4978 8 8 ,
533 4978 7 8 ,
600 4977 7 9 ,

144 4985 65 23 don't
331 4981 40 23 she
387 4979 116 24 answered
519 4979 113 28 absently,

70 5021 25 17 as
104 5015 41 23 she
154 5015 38 21 sat
200 5012 79 24 curled
294 5018 32 22 up
341 5017 30 16 on
386 5009 39 24 the
439 5015 43 22 rug
491 5007 77 24 beside
577 5007 55 27 him,

71 5043 116 31 watching
218 5042 40 24 the
289 5047 89 25 process
400 5038 23 24 of
453 5037 117 31 adjusting
594 5036 40 23 the

71 5074 80 27 saddle
177 5072 57 25 with
258 5072 89 24 intense
371 5069 103 25 interest.
521 5066 114 26 "What's

71 5106 54 24 that
134 5108 25 21 to
169 5104 30 24 do
208 5103 58 25 with
276 5102 40 25 the
326 5101 90 31 subject
423 5099 72 25 under
500 5099 133 27 discussion,

72 5141 97 24 anyway
176 5136 11 21 ?

197 5163 63 27 this;
280 5161 81 24 vou've
377 5160 53 24 read
448 5159 23 23 of
488 5158 64 24 those
570 5156 65 25 toads

72 5194 54 26 that
141 5197 64 31 Wrap
221 5200 14 17 a
252 5186 58 29 solid
328 5190 53 25 rock
397 5189 87 25 around
499 5186 136 26 themselves

72 5226 46 25 and
134 5224 94 31 indulge
244 5224 24 23 in
284 5221 63 26 little
363 5224 95 28 catnaps
474 5219 24 24 of
513 5218 44 25 five
567 5217 52 25 thou-

72 5257 58 25 sand
140 5262 66 24 years
215 5262 27 16 or
251 5255 40 22 so?
312 5251 13 25 I
334 5252 97 35 imagine
441 5251 53 24 that
503 5257 61 17 some
571 5249 63 27 time,

73 5295 52 23 way
143 5285 58 25 back
218 5285 24 24 in
260 5284 96 29 history,
368 5283 40 23 the
427 5280 116 26 Professor
562 5279 74 30 might

72 5319 64 23 have-
147 5316 57 25 been
221 5322 42 17 one
273 5313 23 25 of
314 5313 64 25 those
394 5311 73 30 toads,
478 5310 45 25 and
537 5309 62 25 since
608 5309 29 23 he

73 5349 42 24 has
124 5348 74 24 arisen
208 5348 25 22 to
250 5346 39 23 the
306 5344 100 31 glorious
422 5344 73 22 estate
505 5341 24 24 of
545 5348 52 16 man
607 5339 28 24 he

73 5379 49 24 still
131 5378 73 31 clings
218 5379 25 22 to
258 5375 36 24 his
310 5374 94 31 antique
415 5372 53 24 toad
484 5369 151 31 ideas—why,

74 5409 81 25 what's
276 5407 4 31 ,
298 5407 3 31 '
321 5407 2 31 .

101 5438 49 26 The
169 5436 151 26 mischievous
338 5441 60 25 eyes,
415 5441 24 17 so
459 5436 46 21 like
522 5436 40 19 her
576 5437 59 22 own,

74 5469 116 30 watching
199 5468 41 23 her
249 5466 119 30 furtively,
380 5472 46 16 saw
435 5471 39 23 my
484 5462 73 30 lady's
567 5461 70 24 white

74 5502 63 25 brow
147 5501 104 22 contract
260 5497 24 25 in
293 5504 15 17 a
317 5494 110 26 wrathful
437 5494 78 24 frown.

103 5531 17 14 14
127 5530 78 25 James
220 5529 73 24 Raine
304 5530 5 21 !
330 5528 52 22 how
392 5526 54 23 dare
460 5532 46 22 you
517 5522 49 24 talk
575 5530 25 16 so
615 5522 23 23 of

75 5560 39 26 the
124 5559 59 30 best,
194 5558 98 29 noblest,
303 5556 101 28 kindest,
415 5555 107 24 manliest

128 5590 81 25 Whew
220 5591 6 22 !
254 5588 114 31 anything
390 5593 63 17 more
458 5587 9 22 ?
510 5584 38 24 All
573 5582 64 25 those

72 5621 127 31 adjectives
215 5619 36 24 for
261 5626 13 16 a
284 5625 61 16 mere
361 5616 92 31 passing
466 5614 168 30 acquaintance.

73 5652 64 26 Then
167 5657 46 24 you
242 5648 42 26 did
315 5646 31 25 fib
375 5645 83 24 awhile
486 5651 49 24 ago,
561 5649 76 25 young

564 5700 11 15 s

100 5715 56 25 Two
175 5713 62 31 pairs
254 5711 23 23 of
296 5716 76 28 merry
388 5714 53 24 eyes
460 5708 55 27 met,
530 5705 45 24 and
591 5706 46 21 two

72 5746 62 30 pairs
143 5744 25 24 of
176 5743 64 24 fresh
249 5741 44 32 lips
303 5739 98 31 laughed
411 5734 181 31 mischievously.

80 5788 7 8 <
126 5775 79 28 Renie,
217 5774 29 23 he
253 5772 20 25 is
282 5780 14 15 a
305 5771 67 31 good,
383 5769 39 24 old
437 5768 58 30 chap
514 5767 59 24 after
590 5765 46 27 all;

72 5816 24 20 lo
115 5814 40 19 are
173 5812 62 28 you»
273 5802 68 28 Come
361 5800 74 31 along*
456 5805 51 19 now
550 5797 30 24 nd
601 5797 10 23 1
629 5797 7 23 I

664 211 66 21 teach
739 216 45 23 you
795 212 24 19 to
829 208 49 23 ride
888 209 39 21 the
937 207 53 22 bike
999 215 6 18 ;
1020 207 12 22 I
1042 207 57 21 have
1107 206 116 22 borrowed

663 246 13 16 a
687 239 77 23 ladies'
774 238 72 23 wheel

717 270 43 30 Oh,
771 268 55 30 Jim,
838 268 47 25 will
902 275 44 24 you
991 266 40 25 she
1047 265 69 30 cried,
1134 266 76 30 raptur-

663 301 73 30 ously,
741 301 116 30 springing
861 302 24 20 to
889 300 40 22 her
932 300 54 26 feet,
991 299 63 27 then,
1059 298 56 22 with
1120 296 103 23 asudden

664 331 106 30 thought,
781 330 91 29 sinking
881 329 58 23 back
950 329 72 29 again.
1079 327 144 23 But—but—

663 360 13 25 I
685 368 67 23 guess
761 360 35 23 Fd
806 360 76 23 better

692 392 71 23 What
782 389 75 25 would
873 389 40 24 the
923 388 115 25 Profe?sor
1052 395 40 23 say
1103 387 17 24 if
1135 387 28 23 he
1178 392 45 17 saw

664 422 35 23 his
709 421 59 24 ideal
785 420 101 24 floweret
899 420 76 29 riding
984 427 14 15 a
1007 418 62 28 wild,
1080 418 64 29 dizzy
1155 416 52 23 bike
1215 418 8 21 ?

664 452 26 23 In
701 452 36 23 his
746 458 53 23 eyes
816 451 19 23 it
851 457 46 17 was
915 450 38 22 the
969 456 42 23 cap
1020 448 64 23 sheaf
1100 447 23 23 of
1138 447 31 23 all
1183 453 26 16 un-

664 482 111 29 womanly
785 480 121 30 offending.

717 512 71 22 Renie
808 511 72 22 Raine
892 507 4 29 !
926 509 51 23 You
997 508 45 23 had
1061 507 92 29 already
1173 514 37 22 pro-

663 541 71 25 mised
753 549 35 17 me
805 543 25 22 to
939 538 125 25 exclaimed
1079 538 39 24 the
1133 536 88 31 boyish,

663 573 120 31 indignant
790 573 69 23 voice.

691 603 71 23 Renie
772 602 82 24 looked
864 609 32 23 up
904 601 124 31 delighted.

716 633 11 23 1
737 633 87 23 believe
833 632 12 22 I
856 632 47 27 did,
914 632 55 22 Jim.
1007 630 24 23 It
1040 628 110 25 wouldn't
1159 628 29 23 do
1198 629 24 21 to

663 662 69 24 break
742 670 14 15 a
765 662 105 29 promise,
881 660 76 24 would
966 660 20 23 it

715 692 13 24 I
737 692 82 23 should
835 691 68 24 think
918 692 57 22 not!
1003 689 68 24 Come
1088 688 82 30 along;
1184 687 38 23 it's

663 723 53 30 late,
733 723 46 24 and
795 722 90 31 nobody
904 721 46 25 will
967 721 27 24 be
1009 720 91 32 passing
1115 727 29 16 on
1162 717 59 24 Park

662 757 77 20 street.

690 785 21 22 A
730 785 88 23 minute
842 783 60 23 later
925 785 46 21 two
990 788 76 23 young
1081 781 69 23 forms
1164 787 57 15 were

663 815 108 30 hovering
786 815 23 22 in
826 813 98 28 excited,
936 813 42 22 but
995 812 85 23 solemn
1097 810 124 24 discussion

662 853 54 15 over
725 845 40 23 the
782 844 72 24 wheel
869 852 28 15 on
909 844 39 22 the
964 843 72 29 quiet,
1048 840 173 32 asphalt-paved

662 878 72 19 street
743 877 25 20 at
777 875 40 22 the
827 874 57 23 back
894 874 24 22 of
927 873 40 23 the
977 874 75 21 house.

715 905 61 24 Here
786 907 5 21 !
825 904 46 31 Try
892 904 52 23 that
964 902 78 24 saddle
1053 903 5 21 !
1096 901 24 23 Is
1140 901 20 23 it
1178 900 44 23 low

661 936 88 30 enough
757 938 8 21 ?
793 935 66 27 Now,
871 935 51 22 first
934 934 61 23 learn
1013 935 24 21 to
1052 936 86 19 mount.
1170 931 53 23 Left

663 966 86 24 treadle
767 973 45 22 up;
831 965 50 23 foot
895 972 28 15 on
940 964 67 27 that;
1028 963 51 31 give
1094 962 101 30 yourself
1209 968 14 15 a

661 996 58 29 push
730 996 56 22 with
797 996 39 22 the
846 995 66 23 other
922 995 64 26 foot;
1002 993 129 29 pushdown
1141 1000 29 15 on
1180 992 43 22 left

662 1025 86 23 treadle
778 1025 45 22 and
855 1025 66 22 catch
951 1023 83 23 t'other
1057 1030 25 14 as
1106 1023 19 21 it
1149 1028 73 15 comes

660 1054 94 28 around,
766 1062 36 15 see

758 1091 79 16 course
852 1083 12 24 I
880 1091 37 15 see
927 1091 5 19 ;
948 1082 70 23 that's
1029 1089 53 21 easy
1093 1089 5 19 ;
1113 1081 73 29 g'way

660 1114 44 22 and
715 1114 72 22 Renie
797 1113 138 29 confidently
945 1112 79 30 placed
1035 1119 42 15 one
1085 1111 48 22 foot
1143 1118 28 15 on
1183 1110 38 22 the

660 1143 74 24 raised
744 1143 87 23 treadle
841 1143 44 23 and
896 1150 62 15 came
967 1142 66 23 down
1045 1142 22 22 in
1082 1149 29 14 an
1128 1140 78 30 ignomi-

659 1174 66 23 nious
735 1174 76 29 tangle
821 1173 57 23 with
889 1173 39 23 the
939 1172 78 28 wheel,
1029 1172 74 22 where
1119 1171 39 22 she
1174 1170 45 29 lay,

659 1204 109 30 laughing
787 1204 24 23 in
830 1203 40 23 the
894 1206 59 19 most
977 1201 170 30 reprehensibly
1164 1202 43 21 tom-

660 1234 79 29 boyish
750 1241 93 15 manner
853 1233 59 22 until
922 1231 134 24 extricated.

713 1263 78 22 That's
805 1263 49 28 just
863 1262 47 22 like
920 1269 13 14 a
1030 1261 47 22 Jim
1087 1259 132 25 exclaimed,

659 1292 23 23 in
701 1291 59 30 lofty
780 1293 123 27 contempt.
1079 1289 64 23 don't
1166 1288 54 22 take

658 1329 58 23 your
725 1322 66 23 other
807 1321 50 23 foot
866 1320 31 24 off
908 1320 39 23 the
963 1319 121 24 kerbstone
1101 1318 60 24 until
1175 1325 45 23 you

659 1355 39 34 get
707 1352 69 31 ready
787 1356 25 20 to
821 1353 74 23 Btart!
924 1350 36 25 I'll
978 1350 53 23 hold
1046 1357 45 23 you
1101 1349 60 24 until
1175 1356 45 23 you

659 1384 61 24 learn
731 1387 24 21 to
765 1385 66 23 steer.
965 1382 59 24 after
1033 1389 14 15 a
1061 1381 44 24 few
1115 1380 104 24 minutes'

659 1415 61 28 drill,
757 1418 38 26 try
805 1415 21 22 it

688 1444 67 24 "It's
777 1444 33 25 all
830 1444 39 23 the
892 1444 60 23 fault
970 1443 25 23 of
1019 1443 63 23 these
1101 1441 118 24 miserable

779 1474 101 25 stormed
904 1474 79 27 Renie,
1005 1473 78 30 giving
1107 1472 39 23 the
1165 1479 55 22 poor

658 1505 54 23 bike
722 1510 14 18 a
751 1505 66 23 small
831 1504 54 24 kick
902 1504 57 22 with
978 1503 41 23 her
1034 1502 112 31 slippered
1163 1502 55 22 foot.

715 1535 66 24 don't
798 1542 37 17 see
854 1535 61 23 what
934 1534 71 23 skirts
1021 1541 57 15 were
1095 1532 64 24 made
1176 1532 43 28 for,

659 1566 97 31 anyhow
767 1568 5 21 !
801 1566 64 30 They
875 1573 38 16 are
923 1565 85 29 always
1017 1564 23 24 in
1051 1564 40 23 the

713 1597 12 24 I
736 1597 64 24 don't
809 1597 68 23 know
887 1596 62 23 what
958 1603 46 22 you
1018 1603 38 15 are
1071 1595 67 30 going
1154 1597 24 21 to
1192 1594 29 23 do

661 1627 70 24 about
821 1626 118 25 remarked
963 1626 56 28 Jim,
1040 1625 57 23 with
1121 1624 99 24 cheerful

660 1661 196 27 encouragement,
893 1657 75 23 unless
979 1657 11 22 I
1000 1656 52 23 lend
1063 1663 45 21 you
1118 1663 13 15 a
1141 1655 47 22 suit
1197 1655 24 22 of

661 1696 37 22 my

714 1718 12 24 I
736 1719 57 23 wish
809 1725 45 23 you
988 1716 78 31 sighed
1083 1716 79 27 Renie,
1173 1722 35 16 sur-

661 1750 83 30 veying
763 1749 46 23 him
829 1749 56 23 with
906 1747 113 24 mournful
1038 1754 58 23 envy
1107 1755 6 19 ;
1138 1746 54 24 then
1207 1754 14 14 a

661 1780 97 23 reckless
768 1779 51 24 idea
836 1779 54 24 took
901 1778 125 31 possession
1042 1778 24 22 of
1082 1778 46 22 her.
1160 1777 59 22 Once

661 1819 27 15 on
699 1811 40 23 the
749 1810 129 24 downward
889 1810 56 30 path
957 1810 38 23 the
1005 1808 115 24 wretched
1130 1808 43 30 girl
1183 1807 25 24 de-

660 1841 97 23 scended
767 1841 57 23 with
835 1841 113 28 lightning
958 1839 75 29 speed.

803 1870 39 23 she
862 1869 96 23 lowered
983 1869 40 22 her
1046 1868 62 23 voice
1132 1874 25 16 as
1181 1867 39 23 she

661 1900 125 31 whispered
808 1900 38 23 ohe
865 1899 69 24 awful
954 1899 131 27 resolution,
1103 1897 59 23 "I'll
1181 1900 39 27 get

687 1962 47 23 Jim
745 1961 62 30 flung
821 1961 90 22 himself
925 1967 73 15 across
1015 1960 39 22 the
1064 1959 71 23 wheel
1152 1959 23 22 in
1191 1965 28 15 an

661 1999 73 23 agony
744 1991 23 24 of
781 1990 134 32 suppressed
925 1990 101 30 hilarity.

713 2022 42 29 Oh,
767 2022 19 23 if
800 2029 37 22 my
848 2021 48 23 lord
916 2021 111 30 professor
1037 2019 80 24 should
1128 2027 36 16 see
1174 2025 45 24 you

659 2053 23 23 in
692 2053 54 23 that
755 2052 107 30 rig—and
873 2051 74 30 riding
966 2052 39 22 the
1016 2051 125 29 bike—you
1152 2050 53 22 aban-

659 2083 73 23 doned
759 2085 103 21 creature
873 2082 71 28 !—oh,
964 2089 43 20 me,
1028 2081 37 28 oh,
1086 2088 38 22 my
1184 2080 35 22 his

659 2114 62 22 voice
736 2112 93 31 tapered
846 2112 32 23 off
891 2115 24 21 to
932 2120 12 15 a
961 2112 77 30 squeal
1055 2111 23 23 of
1092 2113 93 27 rapture
1195 2117 24 16 as

659 2144 27 23 he
696 2143 109 30 mentally
814 2142 104 31 pictured
929 2143 38 23 the
977 2142 73 23 effect.

816 2174 74 29 (there
906 2180 59 17 were
983 2175 59 22 tears
1108 2171 40 25 the
1167 2171 52 32 long

660 2206 73 24 lashes
750 2206 45 23 and
812 2213 13 16 a
840 2206 123 28 suspicious
980 2205 79 29 quiver
1077 2203 86 24 around
1181 2203 38 23 the

660 2236 40 22 red
716 2236 52 29 lips)
817 2235 13 22 I
847 2236 43 21 feel
906 2234 45 23 like
969 2241 13 15 a
999 2234 78 22 villain
1089 2233 4 32 !
1123 2233 34 22 Do
1174 2240 45 21 you

659 2265 73 31 really
751 2264 67 25 think
842 2265 28 23 he
894 2263 75 25 would
993 2271 51 16 care

659 2296 73 22 added
939 2295 12 22 1
971 2302 59 15 wear
1050 2302 13 14 a
1087 2293 60 23 skirt
1165 2300 54 15 over

685 2356 49 24 Jim
753 2356 110 28 manfully
873 2354 87 24 choked
980 2354 66 24 down
1063 2354 40 23 the
1123 2353 94 29 hilarity

659 2387 52 23 that
724 2386 133 23 threatened
868 2388 24 20 to
908 2385 65 23 burst
983 2385 62 23 forth
1056 2385 22 22 in
1094 2384 65 29 yells,
1172 2383 45 23 and

659 2415 103 25 declared
772 2415 57 24 with
839 2415 30 24 all
880 2415 38 24 the
926 2415 112 30 emphasis
1049 2415 22 22 of
1081 2413 64 24 truth
1157 2422 5 15 :

710 2453 71 23 Care!
810 2452 117 29 Certainly
937 2453 55 21 not!
1021 2451 38 23 All
1070 2451 40 23 the
1120 2450 54 30 girls
1181 2457 37 15 are

659 2483 98 30 wearing
767 2483 48 22 'em.
847 2482 29 23 Of
885 2489 85 21 course,
982 2488 34 16 we
1030 2481 69 23 won't
1109 2480 70 23 break
1190 2487 28 15 on

658 2514 36 22 his
704 2512 137 31 enraptured
851 2513 62 29 sight
918 2512 32 23 all
960 2515 24 20 at
1101 2511 43 22 His
1155 2511 62 22 voice

657 2551 58 22 gave
724 2551 14 15 a
753 2543 97 23 tell-tale
868 2542 102 28 tremble,
986 2542 43 22 but
1045 2542 27 22 he
1089 2540 125 24 recovered.

754 2573 58 23 we'll
826 2577 49 19 sort
898 2573 20 23 o'
943 2573 32 23 let
995 2572 39 24 the
1053 2575 46 20 two
1118 2571 58 23 facts
1196 2570 23 24 of

657 2604 111 23 bloomers
784 2604 46 23 and
849 2604 53 22 bike
922 2610 52 16 ooze
991 2603 98 29 through
1104 2603 35 22 his
1155 2603 64 21 inner

657 2635 167 23 consciousness
833 2641 25 16 so
868 2633 118 31 gradually
1004 2633 52 24 that
1073 2634 28 21 he
1117 2632 47 23 will
1181 2634 38 28 get

657 2665 55 23 used
724 2669 23 18 to
758 2665 62 23 them
830 2664 76 23 before
916 2664 28 22 he
955 2664 78 22 knows
1042 2664 26 22 it.
1099 2663 35 23 Oh
1146 2664 5 21 !
1166 2662 52 23 he'll

657 2694 28 24 be
704 2693 73 32 proud
786 2694 24 24 of
829 2701 53 23 you,
894 2693 79 29 Renie,
985 2693 65 23 when
1068 2693 28 23 he
1111 2699 47 17 sees
1172 2698 45 23 you

657 2724 71 31 flying
737 2725 67 29 along
814 2725 47 22 like
871 2732 28 15 an
910 2726 96 28 expert;
1020 2723 89 28 indeed,
1122 2723 28 22 he
1160 2722 54 23 will,

657 2755 57 22 lake
724 2762 25 15 as
758 2758 41 19 not

684 2785 50 24 Oh!
748 2785 85 29 James,
846 2784 62 24 what
918 2792 14 16 a
942 2783 51 25 load
1004 2784 23 23 of
1043 2784 118 30 whoppers
1178 2789 38 17 are

656 2824 45 22 you
711 2816 72 30 piling
793 2824 28 15 on
831 2823 58 23 your
899 2815 169 23 overburdened
1075 2815 127 22 conscience
1212 2815 5 21 !

709 2846 56 23 Like
776 2854 24 15 as
809 2849 41 20 not
860 2846 29 22 he
899 2846 46 22 will
955 2847 40 27 get
1009 2853 14 14 a
1040 2845 71 22 wheel
1127 2844 91 24 himself

656 2876 45 23 and
711 2884 28 22 go
748 2876 57 23 with

708 2907 35 22 Do
752 2913 45 22 you
808 2905 67 23 think
885 2912 32 21 so,
929 2905 55 28 Jim,
997 2905 69 29 really
1106 2904 61 22 cried
1178 2904 39 22 the

656 2936 91 30 culprit,
760 2935 99 30 happily.
917 2935 11 23 I
939 2934 110 24 wouldn't
1063 2935 91 23 deceive
1170 2934 46 23 him

654 2966 35 23 for
708 2966 40 22 the
767 2966 78 26 world,
864 2965 42 23 but
923 2965 12 22 I
955 2965 29 22 do
1001 2967 62 20 want
1080 2967 23 19 to
1118 2965 49 21 ride
1177 2964 40 22 the

681 3024 49 26 The
753 3026 56 23 next
831 3024 67 32 night
922 3022 70 26 found
1017 3023 39 24 the
1080 3025 46 23 two
1150 3022 66 32 again

655 3057 128 29 struggling
791 3064 54 15 over
855 3057 40 21 the
911 3055 102 30 problem
1023 3055 24 22 of
1064 3055 50 21 how
1125 3058 24 18 to
1159 3055 58 28 keep

656 3086 38 21 the
713 3088 78 19 centre
810 3086 23 21 of
852 3085 91 27 gravity
958 3092 29 14 on
1003 3092 13 13 a
1034 3083 70 29 flying
1114 3084 103 21 machine

656 3114 52 23 that
716 3121 72 16 seems
795 3114 61 22 built
865 3114 35 22 for
915 3113 39 22 the
970 3112 97 30 especial
1082 3119 97 23 purpose
1194 3112 23 22 of

656 3144 85 32 setting
751 3144 31 24 all
792 3144 60 24 rules
862 3143 23 24 of
895 3143 39 24 the
951 3143 105 24 scientist
1073 3146 25 20 at
1108 3142 105 24 defiance.

657 3176 46 23 But
712 3176 48 23 alas
770 3176 35 23 for
815 3175 71 23 Renie
896 3177 5 20 !
930 3174 73 24 What
1018 3174 85 29 saintly
1113 3173 103 30 pedestal

656 3213 46 16 was
721 3213 53 15 ever
793 3205 81 29 graced
890 3205 30 28 by
938 3212 13 14 a
962 3205 35 29 rig
1011 3204 46 23 like
1075 3205 61 21 this?
1165 3203 52 23 Full

656 3236 100 23 Turkish
766 3237 67 27 pants
843 3235 23 22 of
876 3234 60 28 blue,
947 3234 85 28 blouse,
1044 3234 45 22 and
1099 3240 68 22 saucy
1176 3241 41 21 cap

656 3265 96 23 crushed
762 3271 54 16 over
826 3264 81 29 boyish
917 3264 60 22 curls
989 3264 4 29 !

685 3295 102 24 "That's
812 3295 129 30 something
1075 3293 141 23 commented

656 3326 55 28 Jim,
722 3325 158 31 approvingly,
892 3325 68 23 while
974 3325 36 22 his
1026 3325 64 29 pupil
1108 3324 108 23 mounted

657 3356 39 23 the
706 3356 56 23 steel
772 3355 64 24 steed
847 3355 56 24 with
913 3355 31 23 all
951 3355 39 23 the
1000 3355 82 29 jaunty
1089 3354 127 23 confidence

656 3386 24 24 of
689 3386 40 23 the
738 3385 226 30 skirt-emancipated
974 3392 94 15 woman.

711 3422 52 25 You
783 3424 62 22 must
861 3421 58 31 keep
939 3427 56 25 your
1012 3421 49 24 feet
1179 3428 25 17 ex-

657 3454 91 30 plained
758 3453 40 23 the
807 3453 106 27 teacher;
952 3460 45 22 you
1012 3453 60 23 can't
1087 3453 34 28 tip
1136 3460 53 15 over
1200 3453 17 22 if

657 3491 45 27 you
712 3483 58 30 keep
780 3483 110 29 treading.
922 3482 22 23 If
960 3483 19 22 it
993 3483 54 28 tips,
1065 3482 64 23 don't
1144 3485 38 26 try
1193 3484 23 20 to

658 3513 65 24 brace
742 3520 32 23 up
793 3513 39 23 the
851 3513 66 22 other
933 3520 58 21 way,
1013 3513 42 22 but
1071 3519 28 22 go
1115 3512 56 23 with
1188 3512 25 23 it.

657 3543 46 31 Try
720 3544 66 29 again
796 3551 7 19 ;
817 3542 71 24 that's
904 3542 79 30 right!
1012 3540 85 32 Bbeady
1108 3544 5 21 !
1142 3541 73 24 Tread

657 3577 72 20 water
739 3572 4 29 !
778 3574 35 22 Go
828 3573 57 23 with
902 3573 20 22 it
930 3575 6 20 1
964 3573 34 23 Go
1014 3572 56 24 with
1086 3573 36 23 it!
1155 3572 61 29 Why

657 3603 75 23 didn't
741 3610 45 23 you
796 3610 28 23 go
834 3603 56 23 with
901 3603 40 22 the
950 3602 53 23 bike

687 3638 103 24 "Didn't
805 3638 12 24 I
835 3646 28 23 go
881 3638 57 23 with
1024 3638 94 23 moaned
1137 3638 78 27 Renie,

657 3670 59 24 from
732 3669 40 24 her
787 3669 98 30 position
903 3676 69 23 prone
987 3676 29 16 on
1032 3669 41 23 her
1087 3669 43 23 left
1140 3676 38 16 ear
1187 3676 29 15 on

661 3701 39 23 the
709 3700 57 23 hard
777 3702 126 27 pavement.
936 3700 87 22 "Ain't
1033 3699 12 23 I
1056 3700 55 22 with
1122 3700 21 22 it
1151 3702 66 19 now?

660 3730 72 23 Leave
748 3737 35 16 me
799 3730 72 27 alone,
887 3730 78 23 James
983 3730 86 21 Raine!
1097 3729 13 22 I
1120 3730 57 21 have
1187 3737 29 14 no

658 3760 80 23 breath
749 3761 24 22 to
783 3759 56 24 talk.
870 3759 12 23 I
892 3761 63 21 want
965 3761 23 21 to
999 3759 67 23 think

715 3794 85 24 'There
810 3802 38 16 are
858 3794 111 31 thoughts
983 3794 23 23 of
1021 3794 74 23 which
1112 3801 34 16 we
1165 3801 51 22 may

658 3829 41 21 not
712 3825 86 32 speak,'
812 3824 85 32 quoted
912 3825 55 29 Jim,
979 3824 97 32 dancing
1085 3824 86 24 around
1182 3824 35 24 his

658 3857 64 29 pupil
732 3858 23 22 in
765 3857 115 35 unfeeling
889 3857 48 29 glee
948 3864 5 19 ;
969 3856 62 28 then,
1040 3857 57 22 with
1107 3864 13 14 a
1130 3856 86 22 sudden

658 3887 61 26 rush,
736 3887 28 21 he
780 3885 97 30 grasped
893 3887 39 20 her
948 3892 54 15 arm.
1059 3886 59 26 Run,
1137 3885 78 27 Renie,

658 3923 41 16 run
711 3918 5 20 !
745 3915 60 23 Here
816 3922 73 15 comes
903 3914 44 23 His
962 3914 65 30 Nibs,
1039 3914 39 23 the
1093 3914 122 28 Professor,

657 3946 87 24 around
755 3946 38 24 the
803 3954 78 16 corner

791 3977 126 28 whispered
932 3977 40 22 the

683 4006 63 25 what
755 4006 57 24 shall
823 4006 50 25 lao
882 4009 8 21 ?
918 4006 12 24 I
950 4007 59 23 can't
1029 4003 39 34 get
1072 4003 4 34 *
1087 4009 52 28 past
1154 4006 46 23 him
1212 4003 4 34 !

658 4038 42 23 I'm
710 4038 130 22 discovered
852 4039 5 20 !
885 4038 42 22 I'm
1021 4050 5 4 •

770 4072 125 23 macintosh
906 4074 5 21 !
939 4072 74 23 There
1031 4080 27 15 on
1079 4073 39 22 the
1137 4073 63 22 fence
1211 4073 5 22 !

657 4102 65 24 Bless
731 4103 39 23 the
781 4102 75 29 Fates,
874 4102 46 24 he's
937 4102 162 31 near-sighted,
1115 4102 44 24 and
1171 4102 46 24 this

658 4133 90 25 street's
758 4133 65 24 dark.
854 4133 63 24 Good
928 4134 103 28 evening,
1048 4133 37 24 Mr

793 4164 102 29 evening.
926 4163 53 23 I—l
998 4163 99 30 thought
1116 4163 12 23 I
1148 4163 68 23 heard

659 4194 56 23 Miss
831 4193 117 23 remarked
967 4193 39 23 the
1021 4193 122 28 Professor,
1155 4200 49 24 peer-

658 4225 39 29 ing
706 4223 86 24 around
802 4223 185 30 near-sightedly.

712 4253 44 25 She
763 4261 46 17 was
819 4254 53 24 here
879 4262 13 16 a
901 4253 86 25 minute
997 4254 106 31 ago—oh,
1116 4253 70 25 Renie

936 4284 49 23 said
1004 4293 13 14 a
1037 4285 52 28 soft,
1111 4285 106 23 innocent

659 4316 63 23 voice
737 4322 54 16 near
807 4314 38 31 by,
863 4314 44 24 and
924 4322 13 15 a
953 4314 64 23 small
1035 4314 70 30 figure
1120 4314 97 24 hovered

658 4346 49 29 just
725 4345 23 24 in
768 4345 40 23 the
826 4345 92 23 shadow
938 4345 24 23 of
984 4352 14 15 a
1017 4345 124 31 sheltering
1160 4347 54 21 tree.

658 4376 48 24 Jim
713 4376 93 30 jumped
814 4384 29 15 on
847 4376 40 23 the
892 4375 72 24 wheel
972 4375 45 23 and
1023 4375 77 31 basely
1104 4376 112 28 deserted,

660 4407 65 22 much
736 4410 24 19 to
770 4407 40 22 the
820 4406 134 23 Professor's
962 4406 151 22 satisfaction.

713 4436 41 30 My
893 4435 29 24 he
930 4435 136 31 jnurmured
1084 4435 87 30 fondly,
1207 4435 10 22 I

659 4474 61 16 came
731 4467 46 23 this
788 4474 50 22 way
853 4467 58 22 from
930 4466 40 23 the
988 4466 117 23 directors'
1121 4467 98 28 meeting

659 4497 54 30 only
723 4499 24 21 to
757 4504 52 23 pass
818 4504 57 22 your
890 4496 75 22 house.
1002 4495 12 23 I
1031 4495 40 23 did
1087 4499 40 19 not
1142 4496 77 22 dream

659 4527 23 23 of
697 4527 46 23 this
753 4526 60 23 luck.
844 4526 72 23 Little
924 4525 85 24 violet!
1024 4525 51 23 how
1085 4525 46 23 like
1141 4533 45 21 you
1196 4525 23 23 in

659 4558 52 23 that
721 4556 66 27 dark,
798 4556 107 30 graceful,
917 4555 103 24 nun-like

687 4588 72 24 Renie
775 4586 98 32 laughed
882 4594 14 17 a
905 4586 52 30 low,
968 4586 180 31 half-hysterical
1158 4586 62 24 little

659 4619 57 29 peal.

743 4648 205 32 boy'tmacintosh,
959 4655 14 17 a
983 4647 54 25 mile
1054 4649 37 24 too
1109 4647 45 31 big,
1166 4654 53 17 over

802 4678 40 25 she
852 4687 46 16 was
908 4680 80 30 saying
1000 4679 118 30 inwardly.
1176 4678 42 28 Oh,

659 4718 51 20 me;
849 4711 21 21 A
880 4717 47 16 nun
936 4711 23 22 in
970 4709 47 24 this

680 4740 82 23 •Aloud
769 4740 43 22 Bhe
821 4739 57 26 said,
885 4742 118 25 .not,very
1014 4737 204 28 enthusiastically,

659 4770 57 26 with
727 4767 40 26 her
777 4768 59 23 hand
847 4775 30 16 on
887 4768 39 23 the
935 4770 53 27 gate
998 4776 6 15 :

711 4798 58 27 Wifl
777 4789 118 42 foiftdme
1057 4815 5 6 •
1114 4789 3 42 •

713 4829 11 23 I
735 4825 197 32 cannot/darling.
972 4828 12 26 J
1002 4828 57 22 have
1076 4835 67 21 many
1153 4827 68 22 hours

703 4858 62 24 work
785 4860 40 28 yet
844 4857 109 30 to-night.
995 4857 66 23 Until
1079 4856 63 24 these
1159 4856 63 22 labor

661 4888 101 23 troubles
770 4895 39 16 are
818 4895 53 16 over
881 4887 13 23 I
903 4887 47 23 will
960 4887 57 22 have
1035 4887 42 22 but
1092 4886 61 23 little
1167 4887 55 22 time

662 4925 56 16 even
728 4918 35 23 for
773 4924 53 23 you,
837 4925 39 21 my

716 4946 12 24 I
833 4948 40 21 she
890 4946 49 23 said
953 4946 98 29 timidly,
1088 4953 44 22 you
1148 4945 74 23 would

663 4980 42 20 not
715 4977 53 23 take
778 4977 55 22 such
843 4984 29 14 an
882 4976 74 22 active
963 4979 60 26 part,
1033 4975 94 23 Horace.
1151 4975 72 22 There

663 5008 19 21 is
701 5014 24 15 so
744 5006 67 22 much
831 5005 131 27 bitterness,
982 5005 119 22 and—and
1120 5005 64 22 there
1202 5005 19 21 is

663 5036 63 31 right
735 5043 28 16 on
774 5035 56 24 both
840 5035 66 28 sides,
918 5035 19 23 is
945 5034 64 24 there
1019 5037 40 21 not

796 5066 29 24 he
842 5065 93 31 replied,
946 5065 80 31 slowly
1041 5065 44 24 and
1096 5064 125 32 judicially,

690 5098 62 30 right
769 5097 44 23 and
830 5104 84 28 wrong.
1030 5097 27 23 he
1066 5096 80 24 smiled
1157 5096 66 24 down

663 5136 29 15 on
711 5129 41 21 her
770 5127 67 22 much
852 5134 25 15 as
894 5127 18 22 if
927 5127 40 22 she
984 5134 58 15 were
1056 5134 13 15 a
1080 5128 57 27 tiny,
1153 5127 70 22 white

664 5158 84 26 kitten,
790 5156 29 23 do
835 5158 42 21 not
892 5156 89 23 trouble
994 5163 56 23 your
1067 5158 78 28 pretty
1165 5155 58 23 head

664 5188 71 23 about
744 5186 54 24 such
816 5186 57 37 deep
889 5186 108 30 subjects,
1015 5188 46 28 pet.
1092 5186 12 23 I
1115 5193 35 16 am
1160 5186 24 23 in
1194 5193 29 16 no

807 5216 36 24 He
861 5217 76 23 kissed
957 5216 40 24 her
1012 5216 62 24 brow
1090 5217 57 23 with
1166 5216 58 31 deep

664 5256 120 17 reverence
800 5247 45 24 and
862 5247 136 24 tenderness.
1158 5247 65 24 make

664 5287 36 16 me
710 5278 90 31 worthy
810 5278 24 24 of
843 5285 53 24 you,
908 5285 38 16 mv

826 5308 114 24 muttered
958 5309 77 28 Renie,
1051 5309 123 30 surveying
1183 5309 40 23 her

665 5339 105 25 dreadful
791 5339 152 24 combination
961 5339 35 36 rig
1015 5339 23 23 of
1057 5342 99 21 trousers
1178 5339 45 23 and

665 5370 126 23 macintosh
808 5369 57 24 with
882 5369 57 29 deep
961 5369 175 30 self-contempt.

666 5402 19 22 is
694 5408 29 16 an
733 5403 94 28 outrage
837 5402 24 21 to
871 5400 91 23 deceive
972 5399 47 23 him
1028 5407 24 15 so
1091 5400 40 23 she
1141 5400 48 23 said
1200 5403 24 20 to

666 5431 82 24 herself
758 5438 24 16 as
792 5430 28 24 he
830 5430 88 24 walked
929 5436 71 23 away.

696 5460 94 24 "Don't
805 5468 45 23 you
870 5461 76 29 laugh,
971 5460 78 23 James
1068 5461 71 22 Raine
1184 5460 40 22 she

665 5491 130 29 continued,
813 5490 89 32 coming
918 5497 61 23 upon
997 5490 51 24 that
1057 5497 75 24 young
1143 5497 80 23 person

666 5523 81 29 sitting
756 5530 28 15 on
795 5522 40 23 the
843 5521 57 30 edge
906 5520 24 24 of
939 5521 40 23 the
988 5522 69 28 porch
1068 5521 22 22 in
1101 5521 39 22 the
1150 5529 60 14 moon-

666 5552 59 31 light
734 5560 7 21 ;
822 5559 35 15 am
877 5551 67 30 goiDg
963 5553 25 20 to
1007 5550 27 23 be
1044 5558 13 15 a
1066 5550 66 30 good,
1152 5551 71 26 quiet,

666 5583 111 28 womanly
796 5589 94 16 woman.
930 5581 51 23 You
1001 5580 53 24 hear
1073 5582 51 22 me?
1158 5579 12 24 I
1189 5588 35 15 am

665 5620 57 23 pure
730 5612 80 30 Jekyll

842 5640 100 24 drawled
952 5640 55 28 Jim,
1019 5639 145 30 reflectively,
1176 5639 39 24 fall-

666 5674 39 30 ing
727 5673 80 31 gently
831 5671 120 25 backward
983 5670 45 24 and
1053 5670 109 31 studying
1186 5670 38 23 the

665 5704 98 30 dancing
772 5704 52 22 vine
834 5703 103 22 shadows
944 5701 98 30 through
1051 5700 34 24 his
1094 5700 131 24 half-closed

665 5734 50 24 lids.
861 5741 13 14 a
890 5732 49 23 nice
956 5732 50 30 pair
1021 5731 23 22 of
1060 5731 104 29 antiques
1180 5737 45 23 you

661 5765 52 24 will
730 5764 42 24 be!
790 5764 37 24 Mr
842 5762 45 24 and
904 5762 49 24 Mrs
970 5761 121 24 Professor.
1122 5761 42 28 Oh,
1177 5769 47 22 say,

770 5795 23 24 in
803 5802 14 17 a
826 5793 89 26 brisker
925 5798 60 24 tone,
1022 5792 23 25 in
1056 5792 51 25 that
1121 5798 50 18 case
1181 5798 44 26 you

1254 205 47 21 will
1316 207 41 19 not
1372 207 63 18 want
1452 204 39 21 the
1508 210 50 15 new
1575 202 53 22 bike
1645 202 75 21 father
1738 201 44 22 and
1802 200 12 21 I

1253 233 98 22 selected
1362 233 34 22 for
1405 240 46 23 you
1461 232 79 29 to-day

1282 263 78 30 Renie,
1372 263 51 24 who
1433 263 44 24 had
1492 261 79 33 passed
1588 261 49 25 into
1652 261 40 24 the
1702 260 54 30 hall,
1768 267 46 17 was

1253 295 58 22 back
1321 295 22 22 in
1354 303 13 14 a
1378 294 62 23 flash.
1497 294 55 28 Jim,
1564 301 45 22 you
1617 293 63 23 don't
1687 300 63 15 mean

1253 325 39 22 she
1311 324 121 29 explained
1451 324 152 32 rapturously.
1666 322 72 23 What
1756 322 19 22 is
1795 322 19 22 it

1253 354 46 24 like
1307 356 9 21 ?
1345 354 49 23 Tell
1404 361 35 16 me

1339 384 19 23 is
1367 392 42 15 one
1419 384 23 23 of
1452 385 65 23 those
1527 383 90 31 earthly
1628 383 96 23 vanities
1739 381 74 24 which

1253 422 45 23 you
1331 415 57 22 have
1420 414 35 24 for
1485 422 53 15 ever
1569 413 135 28 renounced,
1738 419 75 23 young

1391 444 86 31 replied
1492 445 85 27 James,
1595 444 89 28 grimly.
1718 442 66 23 "It's
1800 449 14 15 a

1252 475 59 29 pity,
1406 475 28 22 he
1451 474 87 29 sighed*
1667 480 13 15 a
1691 473 83 28 beauty
1789 479 24 15 as

1253 506 20 21 it
1282 505 33 26 is;
1331 504 29 23 all
1369 504 170 28 nickel-nmted,
1550 502 174 32 light-running,
1732 501 81 31 geared

1253 542 31 24 up
1294 536 24 22 to
1329 535 61 29 2.40,
1398 534 46 25 arid
1449 533 45 26 wife
1503 534 82 23 'cutest
1600 533 61 24 little
1677 533 62 30 plate
1756 532 57 23 with

1252 574 58 22 your
1329 574 64 15 name
1410 574 28 15 on
1456 566 25 23 it.
1520 565 44 23 We
1581 568 76 20 meant
1674 564 20 23 it
1708 571 24 16 as
1742 571 13 16 a
1766 571 36 15 sur-

1253 597 67 28 prise,
1331 595 50 30 but,
1393 597 23 22 of
1431 603 84 21 course,
1533 595 60 23 since
1610 602 45 23 you
1671 594 64 23 don't
1752 596 62 20 want

1252 627 20 21 it

1404 655 111 24 Jefferson
1539 654 88 23 Raine!
1651 653 51 23 who
1727 653 49 22 said
1800 651 12 24 I

1252 685 75 24 didn't
1336 688 62 20 want
1408 682 34 28 it!
1472 685 12 23 I
1494 684 56 24 wish
1561 685 19 23 it
1590 691 45 16 was
1650 684 53 23 here
1720 690 49 16 now
1779 690 6 20 ;
1801 682 11 23 I

1252 719 62 21 want
1325 719 23 21 to
1358 719 39 28 try
1412 716 35 24 it!
1477 715 56 25 Will
1550 723 44 23 you
1611 723 27 23 go
1654 714 56 24 with
1726 722 36 16 me
1779 717 22 20 to-

1253 755 95 15 morrow
1355 750 9 20 ?
1392 748 43 27 Oh,
1452 755 45 21 you
1513 747 54 22 dear
1585 747 44 28 boy
1695 745 43 23 His
1755 745 57 22 neck

1252 785 46 16 was
1308 777 89 30 clasped
1409 778 22 22 in
1442 785 12 15 a
1465 777 139 29 smothering
1613 776 109 28 embrace,
1734 774 44 23 and
1789 775 22 22 in

1252 808 40 23 her
1301 808 111 23 bloomers
1423 808 39 22 she
1472 807 108 23 executed
1592 815 13 15 a
1615 806 53 23 wild
1679 813 92 15 can-can
1790 806 21 22 in

1245 839 51 22 .the
1303 838 125 30 moonlight
1438 838 52 23 that
1500 837 74 23 would
1586 837 56 23 have
1660 835 81 25 caused
1759 835 39 23 Pro-

1252 869 70 23 fessor
1332 868 89 24 Horace
1431 868 25 23 P.
1469 867 98 24 Waldon
1577 869 25 22 to
1611 867 57 29 drop
1678 866 58 23 dead
1746 865 66 24 could

1252 900 28 21 he
1291 900 57 21 have
1358 906 52 15 seen
1421 898 46 23 her.

1280 929 47 24 The
1345 929 71 23 result
1433 929 23 23 of
1472 928 38 24 the
1528 930 83 21 matter
1628 935 46 15 was
1689 927 52 23 that
1755 926 57 23 with

1253 960 39 23 the
1311 959 130 23 downward
1461 959 93 29 celerity
1574 959 23 23 of
1618 958 38 23 the
1685 957 127 23 backslider

1253 990 71 23 Renie
1343 989 99 30 plunged
1466 990 49 22 into
1539 997 14 14 a
1576 996 78 15 course
1679 988 22 21 of
1726 987 85 29 bicycle

1252 1020 82 28 riding,
1347 1020 44 21 and
1402 1018 89 23 became
1502 1026 28 14 an
1541 1021 80 26 expert
1637 1018 23 21 in
1672 1018 52 21 that
1740 1016 71 29 giddy

1252 1051 139 21 amusement
1406 1048 23 22 in
1446 1056 13 14 a
1470 1047 149 29 wonderfully
1636 1046 58 23 brief
1708 1053 66 22 space
1789 1046 23 22 of

1252 1079 61 23 time.
1344 1078 48 27 Bpt
1401 1078 18 23 if
1430 1078 38 23 the
1485 1080 120 20 sweetness
1620 1076 24 23 of
1660 1075 73 24 stolen
1743 1075 69 23 fruits

1252 1116 45 14 was
1308 1109 58 26 hers,
1378 1115 24 15 so
1412 1102 53 27 Vas
1482 1108 40 21 the
1532 1107 71 22 bitter
1612 1113 57 15 core.
1701 1105 44 23 She
1755 1112 56 15 even

1251 1138 55 23 shed
1317 1140 60 21 tears
1387 1138 23 22 in
1418 1137 106 30 sleepless
1534 1136 77 30 nights
1621 1136 23 23 of
1654 1142 97 17 remorse
1758 1142 53 15 over

1252 1169 39 22 her
1301 1168 166 29 reprehensible
1478 1168 81 22 double
1570 1167 45 22 life.
1647 1166 91 23 Several
1745 1166 66 23 times

1251 1199 39 22 she
1306 1198 94 29 bravely
1419 1197 110 27 resolved,
1545 1197 60 23 since
1624 1197 40 22 she
1684 1196 66 23 could
1771 1198 41 20 not

1251 1228 78 23 decide
1343 1228 102 22 between
1465 1228 40 21 her
1523 1227 63 22 lover
1605 1227 44 22 and
1669 1226 40 23 her
1731 1225 78 28 wheel,

1251 1258 52 21 that
1319 1258 39 21 she
1379 1258 75 21 woukl
1475 1257 77 27 boldly
1572 1257 55 25 ride,
1640 1256 110 21 bloomers
1766 1256 44 20 and

1250 1287 85 27 blouse,
1346 1286 87 23 around
1443 1286 30 28 by
1484 1286 35 21 his
1529 1286 63 21 office
1607 1293 25 14 or
1643 1285 34 22 his
1687 1284 59 27 club,
1766 1283 44 23 and

1251 1316 73 23 reveal
1336 1319 24 20 to
1370 1314 46 24 him
1431 1315 40 23 her
1488 1314 114 29 offending
1618 1314 22 23 in
1660 1314 31 22 all
1701 1314 31 22 its
1747 1321 50 15 enor-

1251 1347 57 30 mity
1319 1355 5 19 ;
1339 1346 42 23 but
1392 1346 39 23 the
1445 1348 56 21 next
1517 1345 44 30 day
1571 1345 40 23 she
1622 1344 74 24 would
1708 1343 101 30 weaken,

1250 1378 53 24 seek
1315 1378 40 23 the
1364 1380 83 21 streets
1458 1377 57 24 least
1529 1376 135 30 frequented
1674 1375 30 31 by
1715 1375 54 29 him,
1786 1383 25 15 or

1251 1409 30 30 fly
1292 1409 63 23 miles
1371 1409 48 22 into
1430 1408 38 22 the
1478 1411 97 26 country
1585 1407 45 23 and
1642 1409 37 27 try
1689 1409 24 20 to
1724 1406 86 23 deaden

1251 1439 38 23 the
1299 1439 73 30 stings
1382 1439 23 23 of
1415 1439 128 22 conscience
1552 1437 55 23 with
1617 1437 38 23 the
1663 1437 148 23 excitements

1250 1470 23 23 of
1283 1469 148 30 exploration.

1278 1499 24 24 It
1319 1507 45 15 was
1375 1507 13 15 a
1405 1498 47 24 cool
1471 1498 102 30 morning
1589 1498 22 23 in
1622 1497 46 24 late
1679 1496 55 30 July
1745 1496 65 23 when

1251 1530 88 23 Horace
1349 1529 96 30 stopped
1456 1531 24 21 at
1494 1528 90 24 Renie's
1595 1528 54 24 door
1660 1530 24 21 to
1693 1528 39 22 bid
1743 1526 41 24 her
1798 1535 13 14 a

1251 1561 52 31 long
1313 1561 107 28 farewell,
1432 1560 59 23 after
1500 1560 39 23 the
1550 1566 92 16 manner
1649 1558 24 24 of
1680 1558 73 24 lovers
1760 1557 51 23 who

1251 1599 38 16 are
1299 1595 25 20 to
1329 1592 28 23 be
1367 1591 92 24 severed
1470 1591 29 29 by
1510 1590 61 24 cruel
1588 1590 48 23 fate
1646 1589 34 24 for
1691 1597 13 15 a
1713 1588 98 31 possible

1251 1630 65 23 space
1336 1622 22 23 of
1378 1622 118 29 thirty-six
1513 1621 77 29 hours,
1611 1628 32 21 or,
1665 1627 70 16 worse
1754 1618 55 29 still,

1251 1653 79 29 maybe
1341 1652 141 30 forty-eight.

1325 1686 61 19 must
1395 1690 28 22 go
1433 1685 24 20 to
1468 1681 97 29 Bulkley
1583 1688 28 16 on
1783 1680 28 22 he

1250 1712 128 31 explained,
1461 1712 38 23 the
1517 1711 97 24 railroad
1625 1712 19 22 is
1654 1711 23 22 in
1694 1710 85 30 danger
1788 1710 24 22 of

1251 1744 66 30 being
1336 1743 95 23 blocked
1451 1742 76 24 before
1547 1742 12 24 I
1578 1745 40 28 get
1637 1740 63 24 back.
1732 1741 47 23 But
1798 1749 13 14 a

1251 1777 87 27 twenty
1349 1774 51 22 mile
1411 1773 48 23 ride
1469 1774 18 23 is
1498 1775 40 21 not
1553 1773 72 23 much.
1657 1772 12 23 I
1686 1771 47 23 will
1750 1778 62 16 come

1250 1805 57 24 back
1327 1805 46 23 late
1393 1808 137 24 to-morrow,
1551 1804 52 30 long
1619 1803 60 24 after
1692 1810 58 23 your
1759 1802 52 24 blue

1250 1843 52 21 eyes
1317 1843 38 15 are
1371 1836 83 26 closed,
1595 1834 36 23 He
1647 1834 98 28 thought
1760 1833 51 22 how

1250 1865 43 23 fair
1303 1864 45 23 and
1358 1867 69 21 sweet
1437 1865 40 22 she
1487 1863 81 24 looked
1578 1864 23 23 in
1612 1863 40 23 her
1669 1863 70 23 white
1755 1862 44 23 lace-

1250 1894 105 24 trimmed
1365 1902 110 23 wrapper.

1374 1925 81 24 should
1468 1925 57 23 have
1541 1932 14 15 a
1691 1922 120 32 suggested

1251 1956 78 28 Renie,
1350 1956 57 22 with
1426 1963 28 15 an
1472 1954 228 31 Eugene-Aram-like
1720 1954 91 29 longing

1250 1989 23 20 to
1285 1985 68 24 touch
1363 1993 29 15 on
1402 1985 39 24 the
1451 1989 72 20 secret
1529 1985 24 23 of
1562 1985 40 23 her
1609 1991 104 17 remorse.
1770 1983 41 24 See

1278 2046 47 24 Rill
1343 2046 126 24 Richmond
1484 2046 85 24 flashed
1579 2048 52 28 past
1641 2053 29 16 on
1680 2046 40 22 her
1730 2044 79 29 wheel,

1250 2077 82 30 jaunty
1343 2078 43 22 and
1398 2077 115 30 charming
1524 2078 22 22 in
1557 2077 110 23 bloomers
1677 2076 45 22 and
1732 2083 48 22 cap.

1345 2116 33 15 we
1398 2108 55 23 both
1473 2107 54 24 rode
1546 2107 121 23 like—like
1687 2106 59 28 that,
1771 2105 39 24 she

1250 2138 105 28 faltered,
1441 2138 74 30 might
1545 2145 27 23 go
1604 2137 57 24 with
1685 2139 125 27 you—part

1278 2201 41 29 My
1330 2201 51 23 lord
1391 2200 115 24 Professor
1521 2202 43 28 put
1580 2208 29 15 on
1626 2200 35 22 his
1679 2199 131 30 haughtiest

1249 2231 78 21 frown.

1303 2260 62 23 Even
1376 2260 35 24 for
1421 2260 52 23 that
1482 2263 65 26 great
1557 2259 109 31 pleasure,
1781 2257 28 24 he

1249 2291 56 27 said,
1317 2291 131 29 freezingly,
1507 2291 74 21 would
1590 2290 67 22 think
1668 2289 11 22 I
1695 2289 44 22 had
1757 2288 52 29 paid

1249 2328 13 15 a
1271 2323 65 27 great
1346 2321 61 26 price
1417 2321 34 22 for
1461 2328 57 22 your
1524 2326 110 24 company
1645 2319 23 23 in
1679 2319 39 22 the
1732 2319 44 22 loss
1786 2317 23 23 of

1249 2359 38 21 my
1297 2347 75 27 ideal!
1401 2350 48 23 But
1465 2351 64 22 there
1578 2349 80 30 taking
1674 2349 40 23 her
1731 2349 24 22 in
1774 2348 35 23 his

1249 2389 59 15 arms
1318 2389 24 15 as
1353 2381 38 23 the
1402 2381 68 29 quick
1482 2384 60 19 tears
1552 2387 83 23 sprang
1645 2383 23 19 to
1686 2379 40 22 her
1741 2386 52 22 eyes
1802 2387 6 18 ;

1274 2411 64 23 don't
1345 2418 39 23 cry
1395 2418 53 16 over
1458 2410 55 24 such
1524 2417 28 16 an
1562 2408 108 31 absurdly
1681 2408 128 31 impossible

1249 2442 72 29 thing,
1333 2449 37 21 my
1381 2444 45 27 pet.
1458 2441 24 23 It
1492 2441 96 30 angered
1598 2447 35 16 me
1641 2447 56 15 even
1707 2442 24 20 to
1742 2438 66 24 think

1248 2472 23 23 of
1281 2479 57 23 your
1347 2479 65 16 name
1422 2471 67 31 being
1499 2471 54 23 used
1564 2472 22 21 in
1597 2471 113 22 reference
1720 2472 24 21 to
1754 2469 54 23 such

1249 2511 29 14 an
1289 2502 142 29 unwomanly

1301 2538 59 23 That
1370 2538 79 23 settles
1531 2537 104 23 declared
1653 2537 78 27 Renie,
1750 2536 59 22 after

1249 2569 40 23 the
1299 2568 54 23 door
1364 2568 73 24 closed
1449 2576 59 22 upon
1520 2568 52 23 him.
1630 2567 54 24 This
1694 2568 61 21 must
1765 2565 44 24 end

1248 2599 62 30 right
1328 2606 51 16 now
1390 2601 5 21 !
1433 2599 12 23 I
1465 2601 83 21 cannot
1565 2599 52 29 give
1641 2598 47 24 him
1712 2604 96 23 up—my

1249 2630 89 29 darling
1398 2630 21 22 A
1437 2629 72 30 tragic
1526 2629 40 22 sob
1583 2636 56 22 gave
1656 2627 113 30 emphasis
1785 2629 24 21 to

1249 2660 46 23 this
1305 2660 59 23 last:
1404 2660 12 22 I
1426 2660 47 22 will
1481 2660 51 28 give
1543 2666 30 22 up
1580 2666 38 21 my
1625 2658 66 23 bike!
1719 2658 88 30 James!

1248 2690 87 29 To-day
1345 2689 55 23 ends
1410 2696 38 22 my
1458 2696 76 16 career
1550 2696 24 15 as
1585 2696 13 15 a
1611 2688 111 30 bicyclist.
1753 2686 56 24 This

1248 2721 117 23 afternoon
1381 2719 12 23 I
1409 2719 47 23 will
1473 2719 54 23 take
1545 2726 13 16 a
1574 2718 99 24 farewell
1689 2718 63 26 ride;
1774 2719 22 21 to-

1248 2757 96 16 morrow
1360 2757 45 22 you
1425 2752 61 19 must
1503 2749 54 22 take
1574 2749 38 22 the
1628 2748 71 22 wheel
1715 2754 93 23 away—

1247 2780 202 30 anywhere—only
1459 2781 41 22 out
1510 2779 23 24 of
1543 2785 38 24 my

1301 2817 79 22 Whew
1434 2816 105 23 whistled
1564 2815 55 28 Jim,
1644 2815 106 29 bringing
1769 2814 39 22 the

1247 2847 62 22 front
1327 2847 47 29 legs
1391 2846 23 23 of
1434 2846 34 23 his
1485 2845 148 30 tipped-back
1650 2845 63 22 chair
1728 2847 24 20 to
1769 2845 38 22 the

1247 2876 55 23 floor
1313 2876 56 23 with
1379 2884 13 14 a
1403 2876 66 28 thud,
1513 2876 11 22 I
1542 2875 86 23 believe
1645 2882 45 22 you
1708 2882 64 15 mean
1788 2874 19 23 it

1247 2907 45 22 this
1304 2907 61 26 time,

1299 2937 12 22 I
1396 2937 39 22 she
1452 2935 58 28 said,
1528 2935 74 30 firmly
1613 2944 5 18 ;
1660 2935 54 22 then
1732 2934 12 23 I
1760 2934 47 22 will

1247 2967 39 21 tell
1310 2967 47 21 him
1387 2966 151 22 all—and—if
1560 2966 29 21 he
1612 2968 84 19 cannot
1719 2965 87 27 forgive

1246 3003 34 13 me

1276 3025 100 25 "You'll
1393 3024 47 26 still
1461 3024 57 25 have
1534 3032 57 23 your
1606 3024 60 29 bike,

1246 3057 72 22 called
1334 3057 47 22 Jim
1392 3057 59 22 after
1461 3057 40 22 her
1517 3057 57 21 with
1590 3055 100 23 cheerful
1706 3055 87 22 consola-

1247 3086 55 26 tion,
1314 3086 43 21 but
1365 3086 40 21 she
1416 3086 43 21 had
1477 3092 57 22 gone
1550 3087 24 19 to
1592 3085 40 21 her
1649 3092 71 19 room,
1731 3085 75 20 where

1246 3114 39 23 she
1296 3114 122 23 succeeded
1428 3114 23 23 in
1463 3114 92 29 making
1565 3114 40 22 her
1614 3121 52 22 eyes
1677 3120 24 15 so
1711 3112 40 23 red
1761 3111 45 24 and

1247 3145 92 24 swollen
1357 3145 51 24 that
1424 3144 40 24 she
1481 3144 123 24 concluded
1622 3147 24 21 to
1663 3146 43 29 put
1721 3143 32 24 off
1767 3143 40 23 her

1247 3177 99 22 farewell
1365 3184 140 21 appearance
1525 3176 59 22 until
1604 3175 39 23 the
1662 3177 56 21 next
1737 3175 56 23 after-

1247 3214 65 14 noon.

1275 3236 71 23 Renie
1353 3236 42 23 felt
1405 3236 46 22 like
1461 3243 28 15 an
1500 3236 89 29 ingrate
1599 3234 67 24 while
1677 3235 39 22 she
1726 3233 81 30 patted

1247 3266 40 22 her
1306 3266 85 30 willing
1411 3265 63 23 Bteed
1494 3265 143 30 caressingly.
1678 3264 23 23 It
1718 3263 88 23 seemed

1248 3296 46 24 like
1304 3304 13 15 a
1328 3296 65 30 thing
1413 3296 23 23 of
1452 3296 40 23 life
1512 3296 122 30 skimming
1652 3295 84 30 lightly
1753 3302 54 16 over

1247 3327 113 29 gravelled
1371 3326 53 30 pike
1434 3326 44 23 and
1489 3334 78 22 grassy
1576 3327 75 29 paths.

1300 3363 58 23 Poor
1377 3363 36 23 old
1435 3362 85 23 wheel!
1556 3362 12 23 I
1592 3363 81 21 almost
1697 3361 57 23 wish
1773 3368 34 16 we

1246 3393 66 23 could
1323 3395 60 21 meet
1391 3393 47 22 him
1455 3393 88 29 coming
1560 3393 65 22 home
1640 3391 45 24 and
1703 3392 53 23 take
1766 3398 41 15 our

1246 3424 95 24 chances
1351 3433 5 19 ;
1372 3423 49 30 but,
1433 3423 45 32 ugh
1565 3423 99 32 thought
1673 3423 23 24 of
1712 3422 34 24 his
1756 3430 38 17 con-

1247 3459 130 25 temptuous
1387 3455 78 29 glance
1475 3459 26 19 at
1510 3455 47 22 Rill
1573 3454 126 23 Richmond
1711 3461 61 15 came
1783 3457 24 19 to

1247 3485 45 22 her.
1370 3485 64 22 don't
1444 3484 59 23 dare.
1535 3483 11 23 I
1564 3487 62 20 must
1640 3484 52 29 give
1706 3490 46 22 you
1767 3490 38 22 up,

1245 3514 44 24 Old
1452 3514 33 23 As
1495 3514 39 23 she
1544 3513 70 31 spoke
1624 3514 40 22 she
1673 3521 47 15 was
1729 3513 65 29 speed-

1246 3546 38 29 ing
1294 3545 64 30 right
1366 3552 31 18 on
1405 3551 53 16 over
1476 3544 39 23 the
1532 3544 55 23 road
1605 3544 74 23 which
1689 3544 40 23 she
1740 3544 66 23 knew

1246 3575 27 23 he
1284 3577 60 21 must
1355 3582 67 16 come.
1454 3574 47 23 The
1518 3575 53 29 long
1587 3581 98 16 summer
1705 3574 102 29 twilight

1246 3605 71 29 began
1328 3607 24 20 to
1362 3605 93 29 deepen,
1466 3604 44 23 and
1520 3612 14 15 a
1543 3605 84 28 silvery
1634 3606 102 20 crescent
1746 3604 61 29 hung

1246 3636 23 22 in
1280 3636 39 22 the
1329 3635 43 30 sky
1383 3635 75 23 before
1475 3635 40 22 she
1532 3634 96 23 realised
1645 3634 53 23 that
1707 3633 41 24 her
1762 3634 45 23 last

1246 3673 139 22 appearance
1403 3673 24 15 as
1447 3673 13 15 a
1478 3665 61 23 rider
1558 3667 62 22 must
1639 3664 121 31 positively
1781 3664 26 23 be

1246 3696 78 23 drawn
1335 3699 23 20 to
1369 3704 13 15 a
1391 3696 65 23 close.

1301 3726 89 28 Almost
1414 3726 66 28 night
1503 3725 45 22 and
1572 3725 13 22 I
1608 3732 37 15 am
1665 3724 64 23 miles
1748 3725 58 22 from

1358 3755 40 24 she
1421 3755 57 28 said,
1499 3755 94 30 slightly
1614 3754 124 30 dismayed.

1246 3794 41 15 can
1299 3785 65 23 make
1380 3786 20 22 it
1414 3785 94 30 quicker
1525 3785 30 30 by
1565 3785 81 30 taking
1663 3785 40 23 the
1713 3792 93 22 waggon

1247 3816 64 24 track
1336 3816 98 30 through
1458 3816 40 23 the
1522 3815 82 24 woods.
1645 3815 24 24 It
1688 3815 18 24 is
1729 3815 78 23 rather

1373 3847 45 23 She
1427 3847 57 28 eyed
1495 3847 39 22 the
1543 3847 58 29 deep
1611 3846 104 23 shadows
1725 3846 68 23 doubt-

1247 3878 63 28 fully.
1377 3878 47 22 But
1438 3877 12 22 I
1468 3885 41 14 can
1527 3877 65 22 make
1610 3877 39 23 the
1666 3876 53 22 mile
1729 3876 24 21 in
1763 3876 44 22 five

1247 3907 97 21 minutes
1354 3909 25 19 at

1273 3935 25 26 It
1308 3944 45 17 was
1363 3936 107 31 shadowy
1481 3935 72 26 under
1571 3935 38 26 the
1623 3938 67 27 trees,
1708 3935 45 24 and
1767 3935 39 24 the

1247 3971 78 27 carpet
1334 3969 23 22 of
1367 3968 68 23 moist
1442 3968 74 23 leaves
1525 3968 67 22 made
1601 3975 13 14 a
1624 3968 46 22 soft
1680 3967 45 23 and
1735 3967 60 22 noise-

1247 3998 42 24 less
1299 3998 65 24 track
1374 3998 35 23 for
1419 3998 40 23 the
1468 3998 78 22 wheel.
1578 3997 60 24 That
1648 3998 19 22 is
1677 3997 60 29 why,
1748 3996 58 24 from

1247 4029 38 23 the
1296 4029 65 23 other
1371 4029 48 23 side
1434 4029 24 23 of
1474 4036 13 15 a
1504 4028 64 24 thick
1583 4028 89 30 growth
1682 4028 23 22 of
1716 4027 88 28 bushes,

1247 4059 39 22 the
1296 4059 73 22 voices
1379 4059 23 22 of
1412 4061 47 20 two
1475 4065 50 15 men
1541 4059 51 21 who
1607 4059 38 27 lay
1661 4058 64 22 there
1739 4057 67 28 lazily

1246 4088 104 30 smoking
1360 4088 158 30 vile-smelling
1532 4088 63 30 pipes
1611 4087 94 24 reached
1717 4086 89 24 Renie's

1246 4127 45 15 ear.
1331 4119 132 23 111-favored
1473 4121 124 21 customers
1607 4119 54 29 they
1672 4125 66 21 were,
1750 4117 56 23 with

1247 4150 57 22 hobo
1315 4151 92 21 written
1418 4150 30 22 all
1457 4157 54 15 over
1519 4149 60 23 their
1586 4149 112 28 unkempt
1705 4155 99 22 persons,

1247 4179 42 24 but
1299 4179 55 23 with
1364 4187 14 14 a
1388 4179 86 23 certain
1484 4178 156 24 cold-blooded
1651 4180 121 21 smartness
1783 4177 22 23 in

1247 4210 59 23 their
1317 4210 48 23 talk
1377 4209 51 23 that
1438 4208 82 23 chilled
1531 4208 39 23 the
1580 4209 99 22 listener.

1299 4239 52 24 And
1362 4241 47 22 wot
1418 4239 18 24 if
1446 4246 34 16 we
1489 4238 29 24 do
1529 4238 57 24 have
1597 4241 23 21 to
1630 4238 59 31 chug
1703 4238 47 23 him
1764 4244 42 16 one

1247 4279 24 15 so
1281 4271 35 23 his
1326 4271 60 22 skull
1397 4271 69 22 won't
1481 4269 53 23 hold
1550 4272 71 21 water
1627 4272 9 20 ?
1665 4269 47 23 It'll
1723 4269 27 23 be
1760 4268 46 23 laid

1247 4304 24 21 to
1292 4302 38 22 the
1347 4300 95 23 strikers
1453 4309 5 17 ;
1480 4300 144 29 everyt'ing's
1641 4299 46 23 laid
1705 4302 24 20 to
1744 4299 62 22 them

1247 4330 127 30 nowadays.
1416 4330 92 30 Mighty
1525 4330 58 30 good
1600 4330 65 29 thing
1684 4329 34 23 fer
1738 4329 68 29 chaps

1247 4362 47 23 like
1313 4368 63 16 wese.
1418 4360 73 23 Wot's
1511 4361 51 22 that
1581 4360 38 25 old
1638 4367 61 15 saw:
1725 4360 6 12 '
1741 4358 65 23 W'cn

1248 4393 81 21 honest
1361 4398 51 15 men
1445 4391 39 21 fall
1514 4393 41 20 out
1585 4397 80 22 rogues
1689 4390 34 28 git
1746 4389 61 22 their

1249 4420 118 30 innings?'
1396 4420 78 22 That's
1484 4427 54 14 near
1552 4419 95 29 enough,

1302 4456 41 24 It's
1353 4464 13 15 a
1377 4455 75 31 gaudy
1459 4457 76 21 streak
1546 4455 24 23 of
1579 4455 53 23 luck
1642 4454 42 24 dat
1693 4462 33 15 we
1737 4454 69 23 found

1249 4489 40 20 out
1299 4487 46 22 he's
1355 4485 96 30 carryin'
1462 4485 40 23 dat
1518 4492 61 22 swag
1594 4487 35 20 ter
1644 4485 35 22 his
1694 4484 59 23 folks
1763 4487 33 20 ter-

1249 4516 80 30 night;
1344 4516 45 23 lots
1409 4523 24 16 er
1452 4514 122 28 thousan's,
1596 4517 69 21 count
1683 4514 20 23 it
1722 4514 85 24 later—

1249 4546 63 24 don't
1322 4553 71 22 savvy
1404 4546 44 29 jest
1458 4546 50 22 how
1518 4545 74 28 much,
1601 4545 42 23 but
1652 4544 48 23 'nuf
1710 4547 35 20 ter
1755 4552 52 15 save

1249 4585 24 16 cr
1288 4577 79 30 couple
1377 4584 24 16 er
1411 4583 54 24 pore
1482 4575 93 25 heathin
1591 4575 60 24 frum
1666 4575 107 32 perishin'
1783 4582 24 17 er

1251 4609 69 23 thirst
1336 4608 35 23 fer
1390 4614 66 29 many
1471 4614 24 15 er
1588 4608 42 28 put
1645 4607 23 22 in
1687 4607 38 22 the
1742 4607 65 22 other

1250 4638 56 24 with
1317 4638 91 30 pensive
1418 4636 197 32 self-gratulation.

1303 4667 36 25 He
1355 4668 68 24 needs
1439 4668 73 23 killin'
1527 4675 28 16 on
1571 4668 84 30 gen'ral

1249 4700 73 23 added
1361 4699 95 22 number
1493 4706 49 19 one,
1583 4698 222 29 philanthropically.

1251 4729 77 21 "He's
1344 4737 13 12 a
1375 4728 53 27 high
1446 4728 36 20 an'
1499 4728 88 26 mighty
1602 4727 65 27 chap,
1685 4726 37 22 Mr
1739 4726 28 21 H.
1781 4726 25 21 P.

1251 4757 112 23 Waldon!
1402 4755 78 23 That's
1499 4755 35 22 his
1554 4761 71 16 name.
1668 4754 72 23 Wot's
1764 4761 44 23 any

1251 4787 64 24 feller
1325 4788 62 22 want
1397 4786 57 23 with
1464 4793 13 15 a
1487 4785 38 30 job
1535 4785 33 23 lot
1579 4785 19 23 o'
1607 4785 52 23 tails
1670 4788 35 20 ter
1715 4785 35 23 his
1760 4784 48 24 kite

1251 4819 46 22 like
1308 4818 52 22 that
1367 4819 9 20 ?
1404 4817 48 22 The
1467 4817 45 21 last
1527 4823 65 15 name
1609 4815 12 23 I
1639 4815 44 23 had
1701 4823 48 15 wuz
1764 4815 42 23 No.

1252 4848 48 27 763,
1311 4847 35 22 an'
1357 4847 20 22 it
1387 4852 48 16 wuz
1447 4847 5 10 1
1461 4849 53 19 neat
1524 4845 35 23 an'
1569 4845 153 28 serviceable,'
1736 4852 23 16 as
1771 4845 37 23 the

1252 4877 89 29 cloding
1351 4876 86 23 dealers
1446 4883 47 22 say.
1524 4875 47 23 But
1584 4875 52 22 he'll
1646 4875 70 30 likely
1725 4876 36 29 git
1771 4875 37 23 the

1252 4907 73 23 killin'
1335 4907 46 21 fast
1390 4906 95 29 enough.
1516 4905 59 23 Jake
1585 4905 35 23 an'
1631 4904 63 24 Bill's
1704 4906 104 22 watchin'

1252 4937 28 23 de
1295 4935 51 24 Mill
1357 4935 62 28 road,
1431 4935 35 23 an'
1476 4935 53 23 dere
1539 4935 56 23 ain't
1604 4942 29 16 no
1651 4935 71 23 udder
1732 4935 27 23 he
1770 4935 38 23 kin

1305 4996 49 23 Den
1364 4995 33 23 fer
1407 5003 24 15 er
1441 4995 70 29 divvy
1528 4994 35 23 an'
1579 5002 24 15 er
1619 4994 52 30 skip
1716 4994 94 30 grinned

1253 5026 39 23 the
1308 5025 81 28 other;
1434 5025 35 23 an'
1490 5024 30 24 all
1539 5024 46 24 laid
1605 5028 35 20 ter
1659 5024 28 23 de
1707 5024 101 24 strikers.

1253 5057 42 28 Oh,
1307 5056 35 24 dis
1352 5057 19 22 is
1381 5055 43 32 pie,
1436 5054 55 32 pard
1504 5054 4 33 !
1538 5055 73 24 Wot's
1621 5055 40 24 dat

1281 5089 21 22 A
1312 5088 45 22 soft
1367 5086 71 24 rustle
1448 5087 23 22 of
1481 5087 80 28 leaves,
1579 5094 13 15 a
1602 5087 53 23 rush
1666 5094 24 15 as
1705 5087 106 24 noiseless

1253 5118 44 23 and
1307 5118 63 22 swift
1378 5125 25 14 as
1413 5125 13 14 a
1436 5117 116 22 swallow's
1567 5116 73 30 flight,
1658 5117 45 22 and
1713 5118 98 29 straight

1253 5150 52 27 past
1315 5148 39 22 the
1370 5149 45 20 two
1431 5146 97 22 startled
1545 5146 82 22 hoboes
1646 5144 49 24 flew
1715 5154 13 14 a
1747 5147 64 22 small

1253 5178 57 23 form
1321 5184 28 16 on
1359 5184 14 15 a
1382 5175 78 24 wheel.
1490 5175 81 24 Before
1586 5176 39 23 the
1643 5179 86 26 tramps
1745 5176 66 24 could

1253 5210 59 22 Btart
1322 5210 24 21 to
1356 5207 60 24 their
1425 5207 47 23 feet
1482 5206 39 24 she
1531 5214 46 17 was
1587 5208 40 22 out
1637 5207 23 23 of
1670 5207 67 31 sight.

1281 5238 63 31 They
1364 5238 80 24 looked
1464 5240 25 21 at
1512 5245 41 16 one
1576 5238 102 29 another,
1703 5238 45 24 and
1772 5239 39 23 the

1254 5270 95 31 rougher
1359 5269 24 23 of
1393 5269 39 23 the
1441 5271 46 21 two
1497 5268 104 30 laughed.

1306 5300 52 24 Jest
1368 5307 24 16 er
1401 5299 37 30 gal
1448 5306 29 16 on
1486 5306 25 16 er
1520 5298 53 25 bike
1583 5306 6 21 ;
1604 5299 42 24 but
1656 5299 39 23 she
1711 5300 50 30 give
1777 5307 34 16 me

1253 5339 24 16 er
1287 5330 44 24 bad

1352 5360 63 24 don't
1424 5360 71 31 s'pose
1505 5360 40 23 she
1555 5360 67 24 heerd
1670 5360 91 31 queried
1773 5360 39 24 the

1253 5392 66 23 other
1329 5390 136 30 doubtfully.

1438 5421 109 24 Nothin'!
1586 5421 44 24 She
1658 5429 49 16 wuz
1730 5421 82 24 cuttin'

1254 5454 67 22 'crost
1330 5453 59 23 frum
1400 5452 39 23 the
1449 5452 54 23 road
1520 5452 46 23 like
1577 5452 38 24 the
1624 5452 68 29 wind,
1704 5453 35 23 an'
1751 5452 61 24 them

1254 5483 59 23 dam'
1323 5483 74 23 leaves
1407 5481 115 24 deadened
1537 5482 40 24 the
1592 5482 71 24 sound
1674 5490 5 21 ;
1695 5482 39 24 she
1744 5490 69 16 never

1255 5513 90 30 drempt
1363 5520 34 16 we
1415 5519 48 17 wuz
1478 5520 29 16 on
1521 5513 72 23 earth.
1624 5513 47 24 But
1686 5513 57 24 we'd
1764 5515 49 21 best

1255 5544 54 22 shut
1318 5550 41 16 our
1369 5546 63 26 traps
1449 5549 24 16 cr
1490 5549 102 17 someone
1608 5543 74 31 might
1698 5543 65 24 catch
1784 5550 28 16 on

1255 5573 35 23 an'
1306 5573 55 23 then
1459 5572 36 24 He
1511 5573 60 23 drew
1588 5573 126 31 imaginary
1730 5574 82 29 stripes

1255 5603 85 22 around
1351 5603 34 22 his
1395 5603 68 29 body,
1479 5603 44 23 and
1535 5604 40 22 the
1584 5606 45 20 two
1640 5603 102 23 resumed
1753 5603 60 23 their

1255 5633 109 29 reclining
1373 5635 91 27 posture
1474 5632 45 23 and
1530 5633 77 23 talked
1622 5633 49 23 low.

1283 5667 27 25 In
1330 5676 28 15 an
1378 5668 125 31 incredibly
1519 5669 65 24 short
1604 5669 54 24 time
1679 5668 70 25 Renie
1768 5668 45 24 had

1255 5699 80 30 passed
1345 5699 98 28 through
1454 5699 39 22 the
1503 5700 75 22 woods
1593 5700 45 22 and
1650 5699 101 30 alighted
1762 5708 29 14 on
1801 5707 13 15 a

1255 5729 88 22 smooth
1367 5730 96 27 country
1487 5729 54 23 road
1560 5729 82 29 which,
1663 5737 13 15 a
1695 5730 43 22 few
1763 5729 51 23 rods

1255 5759 88 24 farther
1358 5767 36 19 on,
1413 5758 88 23 crossed
1519 5759 39 24 the
1573 5760 105 23 railroad.
1709 5759 24 24 It
1745 5767 46 15 was
1800 5768 14 14 a

1256 5797 54 23 very
1328 5789 76 30 white,
1423 5788 96 25 resolute
1539 5790 48 25 face
1607 5790 52 24 that
1672 5790 40 24 she
1732 5790 81 26 turned

1844 197 87 24 toward
1947 196 39 22 tbe
2004 193 56 29 path
2076 199 54 15 over
2239 192 40 22 &Ke
2294 191 46 21 had
2355 191 48 27 just

1843 234 68 16 come.
2038 228 37 16 are
2089 221 108 30 plantftog
2215 223 23 22 to
2255 220 91 22 murder
2366 226 36 15 mv

1843 258 89 24 Horace
1942 257 5 22 !
1975 252 47 26 But
2028 258 45 25 you
2080 258 68 16 never
2155 249 95 25 shall'clo
2258 250 34 23 it!
2320 248 12 25 I
2340 247 63 25 don't

1844 290 66 23 know
1920 285 88 30 exactly
2015 284 62 22 what
2087 285 24 20 to
2121 282 46 24 doj
2181 282 43 23 but
2233 282 37 24 I'll
2280 281 58 29 spoil
2346 287 57 22 your

1843 320 72 27 plans,
1927 315 109 25 somehow
2099 310 50 24 The
2165 312 167 22 consciousness
2350 310 52 22 that

1843 335 72 43 upon'
1927 347 40 23 her
1989 345 63 22 alone
2078 341 74 23 rested
2182 341 40 22 her
2252 340 82 22 lover's
2363 339 38 22 life

1843 377 101 26 steadied
1954 376 39 23 her
2003 372 116 30 thoughts,
2138 371 44 22 and
2200 378 13 15 a
2230 371 53 29 plan
2299 368 102 24 outlined

1843 409 61 24 itself
1914 405 117 28 distinctly
2041 411 24 15 as
2075 403 39 22 she
2124 402 76 29 spoke.
2290 400 19 22 is
2320 399 81 24 twelve

1843 440 63 23 miles
1921 440 24 20 to
1961 436 38 22 the
2015 433 63 23 forks
2088 432 23 22 of
2123 432 47 23 th»
2180 430 44 26 and
2235 430 102 38 theJMill
2347 429 53 22 road

1843 470 73 22 whers
1933 466 63 23 those
2012 462 76 24 others
2099 468 37 16 are
2273 458 29 24 T!
2311 459 12 23 I
2332 466 29 23 go
2371 459 30 29 by

1843 499 38 23 the
1896 497 54 24 road
1960 496 12 23 I
1982 501 51 22 may
2042 495 42 20 not
2094 492 27 22 be
2130 491 97 28 iirtime,
2238 498 57 15 even
2306 489 19 24 if
2339 489 12 23 I
2361 492 40 27 get

1843 531 50 29 past
1913 527 63 25 those
1995 531 65 20 men;
2085 521 43 24 five
2148 521 64 24 miles
2236 520 47 25 this
2306 519 48 24 side
2378 519 23 24 of

1843 559 96 29 Bulkley
1959 556 44 25 this
2022 553 98 25 railroad
2139 560 85 17 crosses
2243 552 40 24 the
2302 551 99 30 Bulkley

1843 591 104 29 highway
1957 596 6 18 ;
1977 586 11 23 I
2004 587 61 22 must
2074 585 66 22 catch
2151 585 45 22 him
2208 584 75 27 there,;
2297 583 12 23 I
2320 590 41 16 can
2371 583 29 22 do

1842 621 19 23 it
1878 620 29 29 by
1925 617 112 28 following
2055 615 39 23 the
2110 614 97 23 railroad
2217 622 7 20 ;
2239 614 22 23 it
2268 614 19 23 is
2298 614 39 23 the
2347 612 53 30 only

2161 649 4 30 '

1949 676 45 24 told
2010 682 35 16 me
2062 675 28 22 he
2106 674 75 24 would
2198 675 61 22 meet
2278 673 39 23 the
2337 673 63 30 eight

1842 709 83 26 o'clock
1946 707 58 26 train
2027 705 79 28 there;
2139 708 40 28 get
2207 713 60 16 some
2295 704 105 25 valuable

1842 749 80 23 papers
1923 741 47 21 —it
1993 745 45 15 was
2062 737 53 22 that
2139 736 103 23 dreadful
2267 744 80 22 money
2372 736 27 22 he

1842 768 146 27 meant—and
1998 769 60 22 start
2064 767 154 30 immediately
2335 766 63 23 With

1843 802 120 28 trembling
1978 799 81 29 fingers
2074 798 40 23 she
2131 797 54 24 took
2194 800 49 21 out
2259 798 40 23 her
2315 797 83 28 watch,

1841 833 45 23 and
1896 829 123 27 calculated
2030 829 51 23 that
2090 828 40 23 she
2140 828 44 24 had
2194 828 49 30 just
2250 828 54 23 time
2311 827 88 31 enough

1842 866 24 20 to
1882 860 133 31 accomplish
2031 860 39 22 her
2080 866 102 24 purpose.
2271 858 12 24 I
2294 866 40 16 can
2345 858 53 29 only

1841 894 66 23 reach
1925 893 45 22 him
1986 890 23 23 in
2026 890 71 22 time'!
2126 889 42 29 Oh,
2187 889 18 23 if
2220 889 52 24 that
2281 889 61 23 train
2353 889 45 23 will

1841 924 52 29 only
1914 923 26 23 be
1960 922 43 23 late
2064 920 64 23 With
2148 928 13 15 a
2180 920 68 30 quick
2264 920 85 23 motion
2360 919 38 23 she

1841 953 105 24 loosened
1956 953 37 22 the
2003 950 160 31 encumbering
2172 952 60 22 skirt
2238 951 44 23 and
2294 950 74 24 tossed
2379 950 21 23 it

1841 992 65 21 away
1916 992 6 19 ;
1938 983 51 23 then
2001 981 89 29 rapidly
2100 981 106 30 glancing
2213 989 53 15 over
2276 982 41 22 her
2327 981 71 23 wheel

1842 1018 24 19 to
1884 1021 36 15 see
1940 1014 51 21 that
2009 1018 69 21 every
2097 1016 52 23 part
2166 1019 46 15 was
2231 1013 23 21 in
2274 1011 74 27 order,
2359 1011 39 21 she

1841 1051 84 22 sprang
1935 1049 58 26 upon
2003 1041 26 27 it,
2040 1040 44 23 and
2095 1041 21 24 in
2127 1049 28 15 an
2166 1041 88 23 instant
2262 1040 44 24 had
2316 1040 82 31 gained

1841 1074 39 22 the
1890 1073 65 23 track
1967 1071 42 24 and
2026 1071 82 23 turned
2125 1074 23 20 to
2159 1079 50 15 race
2226 1072 90 29 against
2334 1071 60 23 time.

1841 1103 24 22 It
1874 1110 46 15 was
1939 1105 40 20 not
1991 1101 90 29 exactly
2091 1101 39 23 the
2146 1101 61 23 ideal
2222 1101 86 30 bicycle
2323 1101 72 23 track.

1841 1133 80 24 Stones
1937 1132 43 23 and
1996 1132 42 22 ties
2052 1131 97 30 bumped
2166 1131 40 23 her
2222 1139 31 22 np
2270 1131 44 24 and
2331 1131 66 23 down

1841 1163 171 29 unmercifully;
2027 1162 42 23 but
2079 1162 39 23 she
2128 1162 53 30 only
2192 1162 55 23 bent
2266 1162 75 28 lower,
2353 1162 44 23 and

1840 1194 57 23 with
1907 1197 35 19 set
1952 1192 131 30 lips.passed
2098 1200 53 15 over
2167 1192 71 29 rough
2249 1192 45 22 and
2309 1192 87 22 smooth

1841 1224 56 23 with
1907 1223 150 33 indifferfepce.
2088 1223 21 21 A
2125 1223 98 21 mixture
2234 1223 22 21 of
2272 1222 126 29 moonlight

1841 1254 44 21 and
1898 1253 107 29 starlight
2020 1253 82 28 faintly
2113 1252 90 22 showed
2219 1252 40 22 her
2276 1252 38 22 the
2330 1259 67 21 way;

1840 1283 128 22 sometimes
1978 1290 13 14 a
2000 1282 53 29 long
2062 1282 85 23 stretch
2158 1282 23 22 of
2195 1282 88 22 smooth
2294 1282 56 27 path
2367 1282 31 28 by

1841 1312 39 22 the
1890 1312 65 22 track
1965 1319 55 22 gave
2031 1312 40 23 her
2089 1320 13 14 a
2121 1312 51 29 gain
2193 1312 22 23 in
2235 1312 63 28 time,
2310 1312 86 29 though

1841 1343 39 23 the
1890 1342 88 24 instant
1996 1342 119 24 consumed
2134 1343 24 23 in
2172 1341 78 32 lifting
2269 1342 40 24 the
2326 1342 71 24 wheel

1840 1381 54 16 over
1913 1373 39 24 the
1970 1373 40 24 rail
2036 1374 44 23 and
2104 1374 143 30 remounting
2273 1374 65 23 made
2358 1374 40 23 her

1840 1405 99 27 frantic;
1969 1404 60 28 then,
2046 1412 24 15 as
2094 1405 39 22 the
2158 1406 57 28 path
2239 1404 156 31 disappeared,

1841 1434 57 23 back
1932 1435 64 29 aguin
2032 1438 23 20 to
2090 1435 39 23 the
2163 1435 122 23 well-filled
2320 1437 77 21 centre

1840 1465 24 23 of
1899 1465 40 22 the
1975 1465 70 22 track.
2090 1465 131 23 Sometimes
2257 1467 63 28 steep
2353 1472 29 16 em-

1841 1495 135 22 bankments
2004 1495 98 22 towered
2139 1502 53 15 over
2227 1495 47 27 her,
2306 1495 90 29 making

1841 1525 40 23 the
1895 1533 50 21 way
1961 1524 56 23 dark
2032 1525 44 23 and
2092 1526 116 22 uncertain
2219 1533 6 19 ;
2248 1526 54 22 then
2322 1525 74 22 would

1840 1564 62 15 come
1921 1563 13 15 a
1953 1555 57 30 strip
2029 1556 23 23 of
2072 1555 140 31 moonlight;
2227 1556 66 30 again
2313 1563 14 15 a
2346 1555 51 23 dive

1841 1587 49 23 into
1900 1587 39 22 the
1949 1586 90 23 shadow
2050 1587 22 22 of
2091 1587 152 29 overhanging
2261 1589 67 24 trees,
2341 1586 56 22 from

1841 1618 73 23 which
1932 1616 39 24 the
1981 1623 38 23 cry
2034 1617 23 23 of
2073 1616 137 31 night-birds
2226 1616 101 23 sounded
2337 1616 48 23 lone-

1840 1648 92 29 somely.

1894 1677 22 23 If
1933 1677 11 23 I
1955 1684 39 15 can
2005 1677 52 30 only
2067 1680 40 27 get
2117 1677 64 23 there
2191 1677 24 22 in
2226 1677 62 26 time,
2305 1676 53 29 only
2374 1676 22 22 in

1841 1709 54 22 time
1939 1707 40 23 she
1988 1708 125 30 whispered
2124 1711 23 20 to
2163 1707 83 23 herself
2261 1706 56 24 with
2327 1707 70 22 white

1841 1739 50 30 lips.

1868 1770 55 23 Just
1938 1769 53 23 then
2007 1769 56 23 with
2079 1777 13 15 a
2108 1769 64 23 crash
2188 1768 44 22 and
2248 1776 13 14 a
2278 1768 69 30 bump
2357 1768 39 24 she

1841 1801 46 28 fell,
1908 1800 97 30 striking
2025 1801 105 29 squarely
2149 1808 28 15 on
2198 1800 40 23 her
2259 1807 55 22 poor
2338 1799 57 23 back

1840 1839 74 14 across
1930 1839 13 14 a
1958 1830 67 30 sharp
2035 1832 39 26 tie,
2087 1831 43 22 and
2147 1830 47 30 the.
2203 1830 52 22 bike
2270 1837 60 21 upon
2348 1830 45 21 her.

1841 1860 44 24 She
1894 1860 45 23 had
1949 1867 14 15 a
1972 1867 41 15 run
2023 1860 48 23 into
2081 1868 14 14 a
2105 1859 70 24 cattle
2184 1858 78 31 guard.
2294 1858 102 24 Stunned

1841 1891 44 23 and
2077 1891 37 29 lay
2123 1890 71 22 there'
2203 1896 14 15 a
2227 1891 107 26 moment,
2342 1889 54 23 then

1840 1921 89 30 weakly
1939 1921 117 30 staggered
2073 1923 25 21 to
2116 1921 38 22 her
2171 1919 54 29 feet,
2237 1919 70 23 fourid
2318 1922 23 20 to
2356 1919 40 23 her

1840 1953 38 28 joy
1886 1952 52 22 that
1948 1952 38 21 the
1993 1952 71 21 wheel
2074 1959 46 14 was
2129 1951 31 22 all
2166 1950 115 29 right,and
2288 1950 108 21 mounted

1842 1982 55 23 with
1907 1982 39 22 the
1957 1981 85 30 painful
2052 1981 166 23 consciousness
2227 1980 51 23 that
2288 1980 40 22 her
2339 1978 56 23 back

1840 2012 116 31 protested
1967 2012 87 29 against
2063 2019 69 22 every
2141 2017 70 17 move.
2243 2009 48 23 The
2301 2010 40 22 fall
2352 2009 44 23 had

1841 2044 54 22 hurt
1905 2043 40 22 her
1962 2043 74 29 badly,
2048 2050 56 22 poor
2114 2041 68 28 child,
2194 2040 53 29 and,
2259 2040 102 30 struggle
2372 2047 24 15 as

1840 2074 40 22 she
1890 2073 82 27 would,
1983 2081 13 14 a
2006 2073 93 29 deathly
2107 2072 99 23 sickness
2215 2071 58 23 stole
2283 2077 54 16 over
2347 2070 46 23 her.

1897 2103 11 24 I
1933 2103 68 24 won't
2116 2103 38 23 she
2179 2101 122 28 muttered,
2317 2108 25 16 as
2356 2100 40 23 she

1840 2135 53 29 sped
1911 2142 29 15 on
1957 2133 161 30 unfalteringly
2128 2133 44 23 and
2183 2132 47 23 half
2240 2131 153 30 hysterically.

1866 2164 71 25 What
1955 2164 18 25 is
1993 2164 19 25 it
2031 2164 39 25 the
2089 2171 48 17 new
2157 2163 75 24 school
2251 2162 23 24 of
2298 2162 99 30 thought

1840 2197 89 23 teaches
1937 2199 8 21 ?
1970 2196 37 23 All
2018 2197 76 28 things
2104 2203 37 15 are
2151 2195 125 29 imaginary
2285 2196 8 21 ?
2316 2194 12 23 I
2339 2194 57 22 have

1839 2234 28 14 no
1886 2227 58 21 back
1954 2228 6 20 !
1987 2225 13 22 I
2019 2226 57 21 have
2095 2232 28 14 no
2143 2225 57 21 back
2211 2226 5 20 !
2245 2223 36 23 No
2295 2224 61 28 pain,
2367 2230 29 14 no

1839 2256 65 28 back,
1925 2263 29 16 no
1972 2255 51 30 pain
2043 2263 30 15 no
2119 2254 80 23 what's
2218 2253 52 24 that
2279 2255 8 21 ?
2325 2253 71 23 Great

1840 2288 80 21 Scott!
1934 2294 13 14 a
1958 2286 51 29 long
2019 2286 79 23 trestle

1867 2316 56 23 Like
1942 2323 13 15 a
1971 2315 56 23 flash
2042 2316 39 22 she
2092 2322 45 16 was
2154 2314 32 23 off
2200 2314 39 23 her
2254 2313 78 29 wheel,
2342 2312 52 29 and,

1839 2347 98 23 without
1956 2346 97 30 thought
2071 2346 23 22 of
2111 2345 39 23 the
2165 2345 85 30 danger
2267 2344 17 23 if
2303 2351 13 15 a
2335 2344 61 23 train

1838 2377 80 22 should
1934 2384 67 20 come,
2020 2376 80 28 warily
2116 2374 39 24 she
2170 2375 87 29 pushed
2274 2375 40 22 the
2325 2374 71 23 wheel

1838 2406 76 24 before
1932 2406 46 23 her.
2009 2406 45 23 She
2073 2405 78 24 thinks
2160 2405 54 29 only
2231 2404 23 23 of
2270 2404 40 23 the
2320 2404 73 30 delay.

1839 2437 23 23 It
1878 2444 71 16 seems
1965 2444 28 16 an
2004 2437 63 28 hour,
2080 2436 85 30 though
2176 2436 54 29 only
2240 2436 46 22 ttoo
2296 2442 25 15 or
2332 2435 63 23 three

1838 2468 98 22 minutes
1953 2467 51 23 that
2017 2467 40 23 she
2067 2467 19 23 is
2096 2466 109 29 crawling
2212 2464 103 24 ofaFthe
2325 2465 70 30 giddy

1838 2498 85 30 height.
1955 2498 43 23 She
2017 2498 63 29 gains
2100 2497 38 22 the
2155 2497 66 22 other
2236 2496 48 23 side
2300 2501 25 17 at
2342 2496 50 23 last.

1838 2528 80 23 Thank
1936 2528 84 22 heaven
2030 2526 4 29 !
2056 2528 39 22 the
2112 2529 46 20 rest
2167 2526 24 23 of
2207 2526 38 23 the
2255 2533 51 22 way
2316 2533 50 15 now
2376 2526 19 22 is

1838 2558 175 31 comparatively
2042 2558 88 22 smooth
2154 2556 44 24 and
2222 2556 52 24 well
2298 2556 94 30 lighted.

1838 2589 44 23 She
1912 2589 77 22 knows
2028 2589 71 22 where
2126 2588 40 22 she
2189 2588 19 22 is
2233 2594 50 16 now
2330 2587 64 22 three

1839 2620 63 23 miles
1926 2619 56 23 from
2008 2619 74 23 where
2108 2618 39 23 the
2171 2617 98 29 Bulkley
2288 2617 106 30 highway

1838 2657 83 16 crosses
1941 2650 38 22 the
1995 2649 104 23 railroad.
2130 2649 47 23 Can
2193 2648 39 23 she
2249 2648 66 22 make
2331 2648 27 27 it,
2370 2655 24 15 or

1838 2681 40 22 has
1888 2680 28 22 he
1926 2679 90 29 already
2026 2679 81 30 passed
2117 2686 29 15 on
2156 2681 24 20 to
2190 2678 34 23 his
2235 2678 69 22 death
2313 2679 8 21 ?
2350 2677 44 23 She

1837 2712 46 21 sets
1894 2711 39 22 her
1944 2710 62 22 teeth
2016 2709 44 23 and
2071 2709 69 22 bends
2149 2711 24 20 to
2183 2709 41 22 her
2233 2708 69 23 work.
2335 2707 59 23 How

1838 2741 39 22 the
1890 2740 70 23 wheel
1976 2738 64 23 flies?
2067 2740 60 21 Over
2143 2739 71 29 rough
2231 2738 44 23 and
2295 2738 97 27 smooth,

1838 2770 42 23 but
1888 2770 40 22 she
1939 2770 39 22 has
1988 2769 114 30 forgotten
2118 2768 38 24 the
2171 2768 59 31 pain.
2262 2768 59 30 Only
2332 2768 35 23 for
2381 2775 13 16 a

1837 2801 61 23 little
1908 2801 54 22 time
1973 2803 5 20 !
1994 2808 13 14 a
2020 2800 69 27 little,
2101 2800 60 22 little
2177 2800 54 22 time
2242 2801 5 21 !
2276 2799 48 23 One
2342 2799 52 23 mile

1838 2832 47 22 —it
1895 2834 60 20 must
1964 2831 102 22 be—two
2075 2832 5 21 !
2109 2830 24 22 It
2149 2830 19 22 is
2185 2830 102 29 growing
2303 2830 54 27 late,
2370 2837 23 15 so

1837 2862 46 23 late
1892 2863 5 21 !
1927 2861 50 23 Can'
1984 2861 28 22 he
2028 2860 57 23 have
2102 2860 80 29 passed
2200 2860 29 29 by
2236 2862 9 20 ?
2273 2858 50 30 Fly,
2335 2859 58 29 good

1838 2892 77 26 wheel,
1928 2890 30 30 fly
1969 2892 5 22 !

1864 2921 116 29 Suddenly
2004 2920 75 23 before
2103 2919 39 23 her
2172 2919 103 30 yawned,
2301 2918 93 31 densely

1836 2951 73 28 black,
1921 2951 40 23 thfc
1972 2951 84 22 tr.nnel.
2088 2949 44 23 She
2146 2949 44 23 had
2201 2950 114 28 forgotten
2333 2949 58 22 that.

1836 2980 51 22 And
1899 2980 61 21 what
1979 2980 19 20 is
2015 2979 52 21 that
2085 2979 108 27 far-away
2213 2979 117 27 humming
2349 2979 44 20 and

1836 3008 113 33 rumbling
1958 3008 23 24 of
2001 3008 39 24 the
2059 3008 53 24 rails
2123 3007 82 25 behind
2221 3008 40 23 her
2268 3010 8 21 ?
2305 3007 56 24 Half
2381 3015 12 16 a

1836 3042 52 23 mile
1898 3041 98 29 straight
2007 3040 97 29 through
2116 3041 38 22 the
2169 3040 79 23 tunnel
2264 3040 19 22 is
2294 3040 38 22 the
2342 3040 51 29 goal

1836 3072 39 21 she
1885 3071 70 22 seeks.
1987 3070 44 22 She
2050 3076 40 16 can
2111 3070 53 22 take
2184 3070 38 22 the
2240 3070 54 23 road
2314 3072 25 19 to
2353 3069 40 22 her

1836 3100 130 29 right—the
1975 3099 48 22 dirt
2041 3099 55 22 road
2107 3099 40 26 ;it
2166 3099 62 22 leads
2247 3098 87 22 around
2353 3098 40 22 the

1837 3130 41 24 hill
1895 3138 12 16 a
1918 3130 51 23 mile
1979 3128 44 24 and
2040 3128 77 24 a-half.
2148 3128 24 24 It
2191 3129 19 23 is
2227 3128 47 24 safe
2289 3128 36 24 for
2344 3128 47 28 her,

1836 3162 42 23 but
1897 3168 68 23 every
1987 3161 85 23 minute
2094 3167 51 23 may
2252 3159 40 24 her
2313 3159 80 24 lover's

1836 3193 45 21 life.
1913 3192 48 22 The
1977 3192 136 21 alternative
2132 3192 19 21 is
2170 3191 40 22 the
2229 3191 87 22 tunnel.
2348 3191 45 22 She

1836 3222 78 22 knows
1925 3222 38 21 the
1973 3222 103 28 meaning
2093 3221 23 22 of
2131 3221 51 22 that
2192 3220 113 29 rumbling
2315 3220 24 22 of
2353 3220 39 22 the

1836 3252 59 22 rails.
1928 3252 21 21 A
1964 3253 63 20 stone
2047 3251 22 22 in
2086 3251 39 22 the
2141 3250 151 23 darkness—a
2306 3250 86 21 broken

1836 3282 32 23 tie
1874 3289 36 15 —a
1918 3281 68 23 break
1994 3281 23 23 in
2027 3281 39 23 the
2077 3281 123 23 wheel—in
2215 3281 52 23 that
2277 3288 76 15 means
2363 3288 29 15 no

1836 3320 84 22 escape.
1954 3311 53 24 Will
2015 3312 39 23 she
2064 3311 47 24 risk
2123 3312 18 23 it
2149 3314 8 20 ?

1864 3342 49 24 Not
1927 3349 54 16 once
1996 3342 52 23 does
2064 3342 40 23 the
2119 3342 68 23 brave
2205 3342 71 23 wheel
2286 3340 106 28 slacken;

1836 3375 41 21 not
1895 3380 55 15 once
1969 3372 52 23 docs
2036 3373 31 22 its
2087 3372 60 23 rider
2167 3373 88 22 waver!
2285 3371 53 23 Into
2353 3372 40 22 the

1836 3403 66 24 black
1913 3409 80 17 cavern
2003 3402 38 24 she
2052 3402 79 32 speeds
2141 3402 45 24 and
2196 3403 19 23 is
2226 3401 127 25 swallowed
2362 3409 30 24 up

1836 3436 23 23 in
1878 3434 115 24 darkness.
2032 3434 44 25 She
2100 3434 70 24 bends
2193 3434 68 23 lower
2280 3441 54 16 over
2354 3434 39 23 the

1836 3466 109 26 machine,
1957 3465 22 22 of
1989 3465 72 22 which
2071 3465 40 22 she
2120 3472 71 15 seems
2201 3467 24 20 to
2235 3467 57 20 have
2302 3464 91 23 become

1836 3502 13 15 a
1864 3497 59 27 part.
1964 3494 98 30 Perhaps
2078 3495 39 22 the
2136 3494 76 30 angels
2236 3500 38 16 are
2294 3493 98 30 clearing

1837 3525 38 22 the
1895 3524 132 30 way—they
2047 3525 57 22 have
2128 3525 55 22 been
2209 3524 102 23 credited
2335 3524 57 22 with

1836 3555 54 23 such
1901 3554 76 30 things
1987 3554 23 23 in
2026 3563 28 14 an
2068 3562 131 22 emergency
2209 3554 46 23 like
2266 3554 47 23 this
2322 3562 71 15 one—

1836 3585 97 29 perhaps
1942 3585 40 22 she
1996 3585 54 22 calls
2066 3593 29 14 on
2111 3586 62 21 them
2183 3585 77 28 softly.
2292 3583 22 24 If
2328 3584 64 23 there

1836 3615 27 23 be
1873 3615 151 23 obstructions
2040 3615 39 23 Bhe
2097 3617 82 21 cannot
2196 3622 36 16 see
2242 3614 69 23 them.
2343 3614 48 23 The

1837 3645 63 24 track
1912 3645 18 24 is
1940 3645 98 30 straight
2048 3653 24 16 as
2082 3653 13 16 a
2104 3645 45 29 die,
2160 3645 45 24 and
2215 3645 19 23 if
2240 3645 40 23 she
2295 3645 57 29 keep
2367 3647 24 20 to

1836 3677 39 23 the
1885 3676 89 23 smooth
1984 3678 75 21 centre
2068 3676 63 23 there
2142 3677 19 22 is
2178 3684 13 15 a
2206 3676 83 23 chance
2299 3675 34 23 for
2344 3676 45 22 her.

1836 3707 44 23 She
1890 3707 19 21 is
1924 3706 81 29 hardly
2014 3707 114 22 conscious
2138 3714 6 20 ;
2159 3707 30 21 all
2200 3707 39 21 life
2249 3713 71 15 seems
2330 3708 24 20 to
2364 3706 27 22 be

1836 3736 91 30 merged
1937 3737 23 21 in
1966 3735 46 23 feet
2018 3736 44 23 and
2069 3737 103 22 close-set
2179 3736 49 30 lips.
2260 3735 44 23 She
2314 3735 77 30 begins

1836 3768 24 21 to
1871 3774 36 15 see
1917 3774 13 15 a
1940 3766 46 22 dim
1996 3767 96 29 opening
2108 3767 76 22 before
2197 3767 40 22 her
2246 3774 6 20 ;
2269 3767 49 21 how
2333 3766 59 22 faint

1836 3798 19 22 it
1866 3797 18 22 is
1893 3799 5 20 !
1928 3795 92 29 Nearer,
2037 3804 79 15 nearer
2127 3799 5 20 !
2160 3797 22 22 A
2191 3803 85 16 scream
2292 3796 52 23 that
2358 3803 22 15 re-

1837 3826 128 25 verberates
1984 3826 142 32 deafeningly
2145 3828 89 30 against
2258 3826 39 24 the
2321 3827 70 29 rocky

1836 3859 63 21 walls
1909 3857 78 23 makes
1996 3857 39 23 her
2048 3858 66 22 heart
2130 3858 51 29 leap
2197 3858 44 22 and
2257 3857 66 23 stand
2334 3857 54 23 still.

1840 3888 43 21 The
1893 3888 61 21 train
1964 3887 39 21 has
2013 3888 84 22 entered
2112 3887 33 23 the
2160 3887 74 22 tunnel
2241 3888 9 21 I
2278 3886 24 23 It
2312 3887 19 21 is
2341 3893 50 15 now

1836 3925 24 15 or
1871 3923 67 17 never
1949 3923 12 16 a
1972 3923 48 16 race
2030 3916 34 24 for
2074 3916 46 25 life.
2151 3916 47 25 The
2204 3916 65 24 earth
2276 3915 113 25 trembles.

1836 3948 85 24 Nearer
1932 3948 39 23 the
1980 3949 96 30 opening
2092 3956 80 21 o»mes,
2184 3956 78 15 nearer
2279 3948 39 23 the
2328 3947 51 23 rush-

1836 3980 38 27 ing
1884 3980 105 21 monster.
2019 3979 47 22 One
2076 3979 44 22 last
2130 3979 66 22 effort
2206 3979 23 22 of
2243 3978 103 30 strength
2358 3979 5 21 !

1864 4008 116 24 Professor
2006 4008 87 24 Horace
2126 4009 25 24 P.
2179 4008 105 29 Waldon,
2316 4008 75 30 riding

1836 4040 101 28 serenely
1947 4038 65 29 along
2020 4040 86 22 toward
2116 4040 40 22 the
2166 4040 106 28 crossing,
2285 4039 107 27 thinking

1836 4069 56 23 with
1903 4067 86 23 hushed
2006 4075 117 18 reverence
2132 4069 23 23 of
2170 4069 35 22 his
2219 4069 44 22 fair
2273 4068 54 29 lady
2341 4068 50 22 love

1836 4099 74 29 asleep
1921 4098 22 24 in
1954 4098 40 23 her
2010 4098 40 30 lily
2066 4099 81 28 bower,
2164 4099 65 23 hears
2246 4099 39 23 the
2302 4097 89 25 screech

1836 4130 23 23 of
1873 4137 12 15 a
1905 4129 140 28 locomotive,
2066 4130 59 23 reins
2144 4130 23 23 in
2187 4130 35 23 his
2241 4130 74 28 horse,
2337 4129 54 23 then

1835 4159 93 23 beholds
1942 4160 58 21 issue
2016 4159 57 23 from
2092 4160 39 22 the
2150 4160 117 22 blackness
2287 4167 13 14 a
2319 4160 72 21 vision

1836 4190 52 22 that
1897 4189 77 23 makes
1984 4189 45 22 him
2042 4189 77 30 spring
2136 4192 24 21 to
2177 4190 39 23 the
2233 4189 87 30 ground
2335 4189 56 23 with

1836 4221 38 21 the
1893 4219 130 30 impression
2041 4220 51 22 that
2109 4221 28 22 he
2153 4221 40 22 has
2208 4227 57 23 gone
2280 4219 111 30 suddenly

1835 4250 72 28 stark,
1918 4250 88 30 staring
2015 4249 57 24 mad.

1863 4281 61 22 That
1933 4288 60 14 same
2003 4280 40 30 lily
2052 4281 70 28 maid,
2139 4282 55 22 with
2205 4282 54 22 bare
2275 4282 57 22 head
2347 4280 44 23 and

1836 4311 70 29 flying
1916 4311 49 22 hair
1980 4310 51 23 that
2046 4311 80 23 looked
2142 4319 24 15 as
2185 4312 18 22 if
2221 4313 20 22 it
2261 4311 43 23 had
2324 4318 68 16 never

1836 4341 68 22 heard
1924 4341 23 22 of
1967 4341 87 29 hairpin
2073 4348 25 16 or
2117 4342 64 23 comb
2193 4350 5 19 ;
2224 4342 48 23 face
2291 4342 102 30 showing

1836 4372 69 23 white
1922 4371 88 30 against
2025 4371 84 29 smoke,
2123 4372 129 30 deadlight,
2272 4372 44 23 and
2336 4376 44 19 star-

1836 4402 57 28 light
1903 4409 5 19 ;
1923 4402 24 21 in
1957 4401 109 23 bloomers
2075 4409 28 15 on
2114 4409 13 15 a
2144 4402 52 22 bike
2213 4403 52 22 that
2280 4405 66 20 turns
2363 4402 30 22 off

1836 4431 47 30 just
1893 4431 71 23 ahead
1974 4430 24 24 of
2008 4430 37 24 the
2058 4431 88 31 Engine,
2165 4431 42 25 but
2222 4435 41 21 not
2272 4439 25 17 so
2306 4432 35 24 far
2351 4432 42 24 but

1836 4462 59 28 that,
1907 4469 23 14 as
1940 4462 40 21 she
1990 4464 99 27 staggers
2099 4463 87 22 toward
2204 4463 46 22 him
2269 4463 58 22 with
2343 4466 37 19 out-

1836 4491 115 23 stretched
1961 4498 66 21 arms,
2046 4492 39 22 the
2095 4497 54 25 poor
2160 4493 69 22 wheel
2240 4493 18 21 is
2269 4492 84 29 caught
2363 4499 30 22 up

1836 4522 30 29 by
1885 4522 38 22 the
1939 4521 128 29 slackening
2085 4523 66 26 train,
2173 4522 75 22 tossed
2266 4522 61 29 high,
2349 4522 44 22 and

1836 4552 51 23 falls
1897 4551 76 23 beside
1984 4551 38 23 the
2033 4551 63 23 track
2111 4560 13 14 a
2133 4551 95 23 fiuished
2239 4551 68 30 cycle.

1865 4583 58 23 How
1952 4581 142 31 indignantly
2118 4582 39 23 the
2181 4583 114 22 workmen
2324 4581 69 24 heard

1838 4614 38 22 the
1886 4613 49 29 plot
1944 4612 74 23 which
2027 4619 46 16 was
2090 4615 24 20 to
2130 4619 66 16 cover
2212 4612 62 23 them
2289 4612 57 23 with
2361 4612 22 22 in-

1837 4643 69 30 famy,
1922 4642 45 24 ami
1982 4642 49 23 how
2048 4642 54 29 they
2125 4642 107 29 captured
2253 4642 38 22 the
2311 4641 83 23 hoboes

1838 4674 44 23 and
1897 4673 83 24 turned
1997 4673 60 23 them
2076 4679 58 16 over;
2149 4675 23 20 to
2191 4671 40 25 the
2250 4672 142 28 authorities,

1838 4705 53 20 does
1901 4706 41 19 not
1952 4703 79 27 belong
2042 4705 23 19 to
2076 4702 45 25 this
2130 4704 71 27 story.

1866 4733 46 21 But
1932 4732 39 22 the
1987 4732 47 21 fact
2050 4732 52 22 that
2116 4731 66 24 Jim's
2198 4732 115 30 prophecy
2333 4739 61 15 came

1839 4763 49 21 true
1914 4762 18 22 is
1956 4761 39 22 the
2015 4761 67 23 moral
2102 4762 94 24 thereof.
2229 4762 36 24 Mr
2281 4762 45 24 and
2346 4762 49 24 Mrs

1838 4792 30 24 H.
1886 4792 24 24 P.
1929 4791 97 24 Waldon
2036 4792 47 27 (the
2094 4793 51 28 title
2325 4802 70 15 seems

1839 4828 23 17 to
1878 4823 57 22 have
1954 4823 99 28 dropped
2073 4823 56 23 from
2145 4825 46 22 him
2208 4825 23 22 of
2250 4825 55 27 late)
2325 4825 70 29 Bpend

1838 4856 60 20 most
1917 4850 122 32 delightful
2059 4852 66 25 hours
2144 4855 105 29 together
2278 4855 103 30 perambu-

1838 4883 73 30 lating
1921 4883 40 23 the
1972 4884 95 27 country
2077 4890 39 22 per
2126 4885 68 30 cycle.
2234 4885 48 23 The
2294 4885 101 24 wrecked

1838 4921 42 15 one
1887 4913 80 23 stands
1976 4920 24 16 as
2010 4920 13 15 a
2032 4914 100 27 precious
2139 4915 53 23 relic
2202 4916 24 22 in
2236 4916 38 22 Mr
2281 4916 116 23 Waldon's

1838 4944 92 29 library.
1961 4943 52 22 And
2029 4942 70 24 Renie
2114 4951 70 16 wears
2200 4946 117 23 bloomers.
2349 4946 48 24 Her

1839 4974 103 23 husband
1956 4980 52 22 says
2024 4972 39 22 she
2080 4976 120 21 converted
2211 4976 46 22 him
2272 4979 24 19 to
2306 4984 14 14 a
2329 4977 68 22 belief

1839 5004 23 22 in
1873 5004 60 22 their
1942 5003 79 28 utility
2029 5001 30 29 by
2069 5002 38 22 the
2116 5004 51 22 first
2181 5005 74 22 words
2264 5005 40 22 she
2313 5007 85 28 gaßped

1840 5041 24 16 as
1873 5033 40 23 she
1923 5031 118 32 staggered
2051 5031 48 24 into
2113 5031 38 25 hid
2158 5042 59 15 arms
2227 5035 53 24 that
2288 5036 80 30 night:

1891 5063 53 25 I—l
1958 5070 69 17 never
2043 5063 65 24 could
2121 5064 57 25 have
2194 5066 65 23 made
2276 5066 20 24 it
2311 5067 56 24 with
2384 5075 14 16 a

1840 5096 60 23 skirt

2520 186 245 28 AUSTRALIAN
2782 186 124 26 NOTES.

2461 247 100 24 Premier
2581 246 58 24 Reid
2658 253 84 24 sprang
2761 245 96 25 another
2876 245 117 25 Financial

2433 278 129 24 Statement
2581 286 29 15 on
2635 278 39 23 the
2698 278 93 29 Sydney
2810 277 120 30 Assembly
2949 277 45 24 last

2433 309 69 22 week.
2548 308 36 23 He
2608 308 114 30 produced
2747 308 39 23 the
2810 310 79 27 report
2907 308 23 22 of
2955 308 38 22 the

2432 338 206 23 Auditor-General
2662 340 24 20 to
2710 338 62 22 show
2793 338 52 22 that
2868 337 28 23 he
2915 337 45 23 had
2981 345 12 15 a

2432 369 97 30 surplus,
2556 368 44 23 and
2624 367 77 24 stated
2725 368 59 29 that,
2810 367 116 31 following
2954 367 39 24 the

2431 399 103 29 example
2544 401 35 20 set
2589 399 30 29 by
2629 399 39 22 Mr
2677 399 99 27 Garvan,
2788 399 122 22 Treasurer
2920 399 23 22 in
2954 398 39 23 the

2431 428 71 23 Dibbs
2514 428 117 30 Ministry,
2642 435 60 16 some
2718 428 45 23 few
2772 435 66 22 years
2847 435 50 23 ago,
2909 428 28 22 he
2948 428 44 21 had

2431 458 99 23 fortified
2541 458 90 23 himself
2647 458 23 22 in
2685 458 80 29 regard
2781 461 24 20 to
2822 458 35 22 his
2868 458 92 22 method
2970 457 23 23 of

2431 488 97 30 keeping
2552 489 40 22 the
2615 492 107 19 accounts
2753 488 31 29 by
2807 488 119 29 obtaining
2955 487 38 23 the

2430 519 91 30 opinion
2539 518 23 24 of
2579 519 64 23 three
2660 518 61 24 bank
2739 526 123 23 managers.
2894 517 48 24 The
2956 517 37 24 No

2431 550 109 30 Liability
2551 550 89 30 Mining
2657 548 189 32 Companies-Bill
2861 548 41 24 has
2911 548 81 31 passed

2430 582 39 23 the
2485 581 130 23 committee
2630 583 71 28 stage.
2732 580 49 23 The
2797 587 102 16 measure
2914 581 20 22 is
2950 587 42 16 one

2429 611 105 30 required
2549 611 35 22 for
2594 618 13 15 a
2624 611 54 29 long
2694 611 62 22 time.
2788 609 117 29 Hitherto,
2923 610 68 23 while

2429 642 80 30 people
2519 642 23 22 in
2553 642 38 21 the
2602 640 66 23 other
2678 640 97 23 colonies
2784 640 67 23 could
2866 640 57 23 form
2934 647 43 16 com-

2429 672 77 30 panies
2526 674 24 20 to
2566 671 94 30 exploit,
2677 670 58 23 New
2752 670 72 23 South
2841 669 76 24 Wales
2934 677 43 16 com-

2429 703 77 31 panies
2523 702 66 24 could
2607 704 40 22 not
2664 701 26 24 be
2701 700 123 31 registered
2841 700 60 26 here.

2429 737 56 20 unto
2504 742 41 15 our
2563 733 121 29 neighbors
2704 740 24 15 as
2748 733 55 29 they
2820 732 29 23 do
2868 734 57 21 unto

2429 764 54 24 This
2502 765 19 22 is
2546 764 38 23 the
2604 763 146 30 irregularity
2769 762 114 24 remedied
2902 762 30 30 by
2952 763 39 23 the

2428 798 92 27 present
2538 794 51 24 Bill.
2628 793 48 24 The
2695 793 114 24 Electoral
2828 793 47 24 Act
2892 793 80 23 Amend-

2428 828 63 21 ment
2501 825 45 24 Bill
2556 825 40 23 has
2606 824 80 31 passed
2697 825 39 23 the
2746 824 84 23 House.
2857 824 24 24 It
2890 832 101 15 removes

2428 856 85 24 certain
2524 856 135 23 disabilities
2669 854 44 25 and
2730 855 102 30 enlarges
2843 854 39 24 the
2892 861 66 24 scope
2967 854 24 24 of

2428 887 39 23 the
2478 887 60 23 main
2548 886 52 24 Bill.
2631 886 93 23 Instead
2735 886 23 23 of
2775 886 64 23 three
2855 886 98 27 months,
2965 893 23 15 as

2428 920 24 20 at
2471 920 99 28 present,
2591 924 42 16 one
2652 916 98 24 month's
2767 916 115 24 residence
2899 916 20 24 is
2939 923 38 16 con-

2428 948 88 23 sidered
2536 956 13 15 a
2568 948 113 23 sufficient
2704 947 154 30 qualification
2883 950 25 20 to
2927 949 60 21 vote.

2482 979 107 28 Wanted,
2601 987 13 14 a
2760 978 60 25 Such
2837 978 19 22 is
2871 978 40 22 the
2921 978 70 22 latest

2428 1009 159 29 requirement,
2605 1016 23 15 so
2646 1011 77 27 report
2738 1015 60 22 says,
2809 1008 24 22 of
2849 1008 40 22 the
2899 1007 77 23 Protec-

2428 1039 80 23 tionist
2525 1041 74 27 party.
2636 1038 39 23 Mr
2684 1037 63 31 Lyne
2764 1039 20 22 is
2800 1039 42 22 not
2857 1037 132 24 considered

2429 1072 25 21 to
2483 1075 87 24 possess
2601 1069 39 23 the
2673 1076 118 22 necessary
2814 1068 173 30 qualifications,

2428 1099 109 30 although
2556 1107 14 15 a
2588 1099 96 23 staunch
2704 1098 170 29 Protectionist,
2894 1100 25 21 to
2938 1098 51 23 lead

2428 1130 38 24 the
2482 1133 69 28 party
2568 1132 24 21 to
2609 1129 95 31 victory.
2745 1128 25 24 It
2786 1129 19 23 is
2821 1129 100 23 asserted
2937 1128 52 24 that

2427 1163 117 21 overtures
2554 1167 58 16 were
2622 1160 65 23 made
2702 1162 25 21 to
2741 1160 38 23 Mr
2789 1159 26 24 E.
2828 1160 93 27 Barton,
2933 1159 53 28 Q.C.

2428 1191 20 22 A
2458 1191 49 22 bait
2516 1192 24 21 in
2551 1191 38 22 the
2600 1190 69 29 shape
2679 1190 23 23 of
2716 1198 14 15 a
2739 1190 75 30 salary
2821 1190 26 23 tof
2857 1190 83 27 £3,000
2949 1197 40 23 per

2427 1227 84 15 annum
2526 1221 19 21 is
2562 1220 87 30 alleged
2666 1222 24 20 to
2708 1220 57 22 have
2781 1220 56 22 been
2851 1220 53 22 held
2914 1223 41 20 out
2965 1222 24 21 to

2428 1251 52 23 him.
2519 1250 55 24 This
2590 1249 75 25 would
2680 1249 28 24 be
2718 1250 130 23 subscribed
2858 1250 31 31 by
2899 1250 90 30 leading

2427 1281 128 29 politicians
2586 1281 45 22 and
2662 1280 110 30 moneyed
2801 1288 51 15 men
2876 1281 51 22 who
2949 1288 39 15 are

2427 1310 98 31 opposed
2543 1314 24 20 to
2584 1313 40 21 the
2638 1309 54 25 land
2702 1310 44 24 and
2757 1310 86 24 income
2854 1312 46 22 tax.
2940 1309 48 25 The

2428 1340 161 26 Protectionist
2605 1348 68 24 organ
2694 1341 144 32 indignantly
2857 1340 77 25 denies
2948 1341 40 24 the

2426 1375 71 27 story,
2509 1373 44 23 and
2564 1373 38 23 Mr
2611 1373 86 24 Barton
2714 1373 161 24 characterises
2884 1373 20 24 it
2913 1380 24 16 as
2948 1373 40 23 the

2428 1404 123 23 wickedest
2560 1404 22 23 of
2593 1403 48 29 lies,
2652 1404 45 23 and
2708 1411 52 22 says
2775 1404 28 23 he
2819 1404 40 23 has
2875 1411 29 16 no
2914 1404 60 23 inten-

2427 1434 48 22 tion
2495 1434 22 22 of
2536 1434 114 29 resuming
2666 1434 97 29 activity
2779 1434 23 22 in
2819 1437 68 26 party
2896 1434 91 29 politics

2426 1464 35 22 for
2471 1472 13 14 a
2494 1464 53 29 long
2556 1464 62 27 time,
2630 1464 18 22 if
2657 1466 25 20 at
2692 1463 37 23 all.

2454 1494 67 22 After
2541 1494 90 22 months
2650 1494 24 22 of
2692 1494 94 22 anxious
2802 1493 62 24 work
2882 1493 45 23 and
2943 1493 33 23 dis-

2427 1524 132 30 heartening
2569 1524 204 30 disappointments
2783 1524 39 23 the
2839 1523 55 24 bulk
2910 1524 24 23 of
2948 1524 39 23 the

2427 1553 156 24 Catterthun's
2602 1554 52 30 gold
2674 1554 19 23 is
2713 1554 69 31 ready
2801 1554 35 23 for
2854 1554 133 24 circulation

2426 1592 54 15 once
2499 1592 68 16 more.
2607 1585 48 23 The
2675 1585 160 23 underwriters
2859 1584 80 24 intend
2963 1587 25 20 to

2426 1614 41 23 sell
2486 1615 64 28 5,000
2569 1615 128 29 sovereigns
2716 1619 25 19 at
2757 1622 13 15 a
2786 1614 111 30 premium
2907 1614 23 23 of
2940 1614 48 23 half

2426 1653 14 15 a
2456 1653 83 20 crown,
2555 1646 40 22 the
2611 1645 107 30 proceeds
2734 1647 24 21 to
2775 1652 28 22 go
2822 1648 25 19 to
2866 1645 39 22 the
2922 1644 52 29 Ship-

2427 1675 73 23 wreok
2511 1675 75 23 Relief
2596 1675 98 29 Society.
2724 1675 34 22 As
2767 1675 40 22 the
2815 1674 75 22 divers
2901 1674 86 22 receive

2428 1706 26 23 15
2463 1712 40 23 per
2513 1708 58 20 cent,
2591 1705 23 23 of
2629 1705 39 23 the
2685 1705 53 30 gold
2753 1704 55 30 they
2818 1710 98 22 recover,
2927 1703 61 23 their

2426 1737 65 22 share
2508 1736 24 23 of
2549 1736 39 23 the
2605 1738 101 21 treasure
2729 1735 92 29 already
2838 1734 99 30 brought
2956 1741 31 23 up

2426 1767 47 22 will
2490 1768 93 21 amount
2600 1768 24 21 to
2640 1766 70 22 about
2727 1766 59 22 £SOO
2805 1764 82 30 apiece.
2928 1764 24 23 It
2969 1766 19 21 is

2426 1797 120 24 estimated
2558 1797 38 23 the
2611 1800 49 20 cost
2674 1796 23 23 of
2712 1796 39 22 the
2766 1796 130 29 recovering
2910 1795 24 23 of
2948 1794 40 24 the

2426 1828 52 28 gold
2495 1835 46 14 was
2559 1835 13 13 a
2588 1827 61 22 little
2666 1832 54 16 over
2739 1826 28 22 40
2784 1832 42 21 per
2842 1828 58 19 cent,
2920 1825 23 21 of
2958 1825 30 22 its

2426 1857 72 22 value.
2537 1856 48 23 The
2601 1862 79 16 reason
2697 1854 53 30 why
2767 1855 38 22 the
2822 1853 128 25 remainder
2964 1854 24 24 of

2426 1887 39 23 the
2481 1886 53 29 gold
2551 1886 46 23 had
2613 1889 23 19 to
2647 1884 28 23 be
2687 1884 133 23 abandoned
2831 1884 19 23 is
2860 1884 53 23 that
2922 1884 66 23 when

2427 1917 38 23 the
2482 1915 68 25 boxes
2561 1923 58 17 were
2629 1914 120 31 originally
2760 1914 79 31 placed
2849 1914 24 24 in
2883 1914 40 24 the
2932 1914 56 24 tank

2426 1956 12 13 a
2455 1947 80 22 liberal
2549 1954 40 14 use
2598 1953 46 15 was
2654 1946 66 22 made
2730 1945 23 22 of
2768 1952 70 23 paper
2848 1945 106 30 wadding
2964 1948 24 19 to

2425 1979 96 27 prevent
2531 1976 82 30 rolling
2623 1975 71 24 about
2704 1975 56 23 with
2771 1975 39 23 the
2817 1975 87 23 motion
2914 1975 23 23 of
2948 1975 38 23 the

2425 2010 103 20 steamer.
2567 2006 48 24 The
2632 2013 70 23 paper
2718 2013 51 16 now
2786 2006 70 23 forms
2869 2013 14 16 a
2892 2006 64 30 layer
2965 2006 23 23 of

2426 2038 55 29 pulp
2491 2046 13 15 a
2514 2037 79 30 couple
2603 2037 24 23 of
2643 2037 48 23 feet
2708 2036 56 30 deep
2774 2038 26 22 at
2817 2039 39 21 the
2865 2036 88 24 bottom
2964 2036 24 24 of

2426 2069 39 22 the
2485 2068 64 28 tank,
2571 2067 45 24 and
2635 2067 66 23 when
2720 2067 119 23 disturbed
2859 2067 40 23 the
2916 2069 72 21 water

2425 2099 101 23 becomes
2543 2105 25 17 so
2585 2097 82 31 cloudy
2683 2097 52 24 that
2752 2097 20 24 it
2788 2097 19 24 is
2822 2097 130 31 impossible
2962 2100 25 21 to

2425 2128 138 30 distinguish
2581 2128 112 30 anything
2708 2135 56 15 even
2782 2128 56 23 with
2855 2131 40 20 the
2911 2128 38 23 aid
2963 2128 25 23 of

2426 2160 39 23 the
2475 2159 91 24 electric
2576 2159 66 31 light.
2673 2158 114 32 Speaking
2796 2158 24 25 of
2830 2158 60 25 their
2900 2159 72 31 experi-

2426 2199 64 16 ences
2507 2191 68 23 while
2592 2191 79 27 below,
2683 2191 40 22 the
2739 2190 75 23 divers
2831 2198 40 22 say
2881 2190 21 23 it
2918 2197 45 16 was
2973 2198 14 15 a

2426 2224 59 19 most
2495 2220 178 23 uncomfortable
2681 2221 122 26 sensation,
2814 2227 25 15 as
2849 2221 40 21 the
2898 2221 88 21 intense

2425 2251 120 23 loneliness
2570 2258 45 16 was
2640 2249 109 25 rendered
2777 2252 90 28 greater
2891 2249 31 31 by
2946 2249 39 24 the

2426 2281 121 23 weirdnesß
2563 2281 23 23 of
2603 2281 40 23 the
2659 2281 60 29 light
2734 2281 24 22 in
2772 2280 75 23 which
2861 2280 55 29 they
2927 2288 59 15 were

2426 2311 108 30 working.
2566 2310 64 30 They
2640 2317 69 16 never
2718 2309 45 24 had
2777 2310 40 23 the
2826 2310 91 23 electric
2927 2310 59 30 light

2425 2350 29 14 on
2464 2344 82 27 except
2555 2341 66 23 when
2631 2341 40 23 the
2681 2340 61 30 lamp
2750 2348 46 16 was
2805 2340 23 24 in
2839 2340 39 24 the
2889 2340 64 29 tank,
2961 2349 23 15 as

2426 2372 54 29 they
2490 2371 72 24 found
2571 2372 20 22 it
2601 2374 38 20 too
2649 2371 110 30 powerful
2774 2378 28 16 an
2812 2371 124 23 attraction
2951 2371 35 23 for

2424 2402 51 29 fish,
2487 2401 74 24 which
2571 2404 25 21 at
2607 2402 66 23 times
2682 2401 109 29 gathered
2805 2401 73 23 round
2889 2401 61 23 them
2961 2401 23 23 in

2424 2433 108 24 immense
2541 2432 113 24 numbers.
2685 2432 48 23 The
2743 2431 62 31 finny
2816 2432 85 23 friends
2907 2439 29 16 on
2946 2432 39 23 the

2424 2464 139 23 Catterthun
2572 2470 38 16 are
2620 2462 136 31 principally
2767 2462 106 30 kingfish,
2887 2462 84 24 leather-

2424 2494 96 29 jackets,
2545 2493 45 23 and
2618 2500 76 23 young
2727 2492 88 29 sharks,
2845 2493 73 23 which
2947 2498 25 25 ap-

2424 2524 112 30 proached
2551 2524 99 22 without
2660 2523 39 23 the
2715 2523 57 22 least
2786 2523 54 22 fear.
2871 2523 48 22 The
2935 2530 49 15 men

2424 2555 47 22 also
2487 2556 78 28 report
2582 2554 52 23 that
2648 2561 14 16 a
2677 2553 62 31 large
2756 2552 68 25 shark
2840 2552 54 24 took
2909 2561 32 23 np
2955 2554 30 23 its

2424 2589 103 26 quarters
2544 2593 29 15 on
2591 2585 39 23 the
2647 2584 57 23 deck
2720 2591 54 15 near
2789 2584 39 22 the
2838 2584 66 23 chart
2913 2592 70 20 room,

2424 2615 44 24 and
2485 2617 66 22 when
2568 2615 104 30 entering
2688 2615 40 23 the
2744 2622 62 16 room
2817 2614 55 30 they
2882 2614 45 24 had
2942 2614 32 24 fre-

2422 2646 96 30 quently
2528 2650 25 19 to
2570 2646 70 23 brush
2654 2645 82 23 almost
2750 2647 53 28 past
2813 2644 34 23 his
2858 2644 48 24 tail.
2937 2644 47 24 The

2423 2678 107 26 monster,
2552 2676 112 28 however,
2686 2674 55 24 took
2762 2677 41 21 not
2825 2675 39 23 the
2878 2674 107 31 slightest

2424 2707 81 23 notice.

2451 2736 47 23 The
2508 2736 119 24 Victorian
2643 2736 103 29 Railway
2756 2735 112 30 Standing
2878 2735 91 24 Commit-

2423 2769 43 26 tee,
2478 2766 51 24 who
2539 2767 61 23 since
2614 2766 116 30 February
2741 2766 57 23 have
2808 2766 46 23 had
2871 2766 39 23 the
2920 2773 52 23 ques-

2423 2798 48 22 tion
2488 2798 23 22 of
2531 2805 170 22 narrow-gauge
2720 2797 106 29 railways
2845 2796 73 23 under
2934 2804 37 16 con-

2422 2828 131 28 sideration,
2559 2827 107 30 reported
2672 2835 29 15 on
2708 2827 60 23 their
2772 2827 107 23 selection
2885 2827 36 23 for
2925 2834 59 16 some

2422 2858 110 23 localities
2542 2865 28 16 on
2582 2862 38 19 the
2631 2857 59 23 basis
2700 2857 24 23 of
2738 2857 39 23 the
2792 2857 35 22 2ft
2836 2864 71 22 gauge
2918 2857 69 30 being

2422 2888 106 29 adopted.
2559 2888 47 22 The
2617 2887 111 30 proposed
2742 2887 105 29 railways
2857 2887 47 23 will
2921 2894 64 16 serve

2422 2926 24 14 as
2457 2918 125 29 important
2597 2917 87 24 feeders
2701 2919 24 21 to
2742 2917 40 23 the
2798 2917 99 30 existing
2912 2917 73 30 larger

2422 2948 64 26 lines,
2500 2948 45 21 and
2565 2955 57 21 open
2641 2954 31 22 up
2692 2947 61 29 large
2772 2954 64 15 areas
2852 2947 23 22 of
2890 2948 83 28 agricul-

2423 2976 67 26 tural,
2512 2976 112 28 dairying,
2645 2976 93 28 mining,
2756 2976 44 21 and
2820 2976 82 21 timber
2920 2976 64 22 lands

2421 3013 52 17 now
2490 3005 97 25 without
2603 3004 94 33 railway
2711 3005 112 25 facilities.
2860 3004 47 25 The
2923 3006 49 31 eogi-

2421 3038 157 22 neer-in-chief
2592 3038 116 22 estimates
2723 3037 52 23 that
2793 3037 38 23 the
2841 3039 56 25 cost,
2909 3039 61 21 exclu-

2422 3068 47 21 sive
2488 3068 23 21 of
2529 3068 39 21 the
2588 3067 81 28 rolling
2688 3067 73 26 stock,
2782 3074 80 21 ranges
2881 3067 101 21 between

2422 3097 82 26 £1,600
2514 3096 44 22 and
2569 3096 83 27 £9,500
2660 3102 40 22 per
2710 3095 60 27 mile,
2780 3095 119 29 according
2909 3097 24 20 to
2944 3095 38 22 the

2422 3126 115 24 character
2547 3126 23 23 of
2585 3125 39 25 the
2634 3128 103 28 country,
2749 3124 40 25 the
2798 3128 90 28 greater
2897 3128 53 26 part
2960 3125 22 24 of

2421 3157 81 29 which,
2514 3157 111 28 however,
2638 3157 18 23 is
2671 3164 60 21 easy,
2743 3157 67 23 while
2826 3156 88 24 outside
2929 3157 43 23 esti-

2421 3190 72 20 mates
2502 3196 26 14 or
2537 3188 66 22 offers
2613 3190 24 20 to
2654 3189 116 21 construct
2787 3187 39 22 the
2843 3187 56 22 lines
2914 3194 67 22 range

2421 3218 57 22 from
2489 3218 59 23 £BOO
2558 3220 24 20 to
2592 3218 88 27 £4,000.
2721 3216 47 23 The
2785 3216 135 23 Committee
2934 3217 47 22 also

2421 3247 141 23 recommend
2582 3247 38 22 the
2638 3247 138 22 betterment
2794 3248 84 26 system
2893 3246 35 23 for
2943 3246 39 23 the

2421 3278 52 23 land
2484 3277 79 25 served
2579 3277 30 30 by
2620 3277 39 23 the
2669 3284 50 16 new
2729 3276 111 31 railways.

2448 3308 91 29 Virtue,
2551 3309 23 22 in
2589 3308 40 23 the
2638 3315 81 23 person
2725 3307 24 23 of
2758 3307 38 23 Mr
2807 3308 99 27 Lormer,
2916 3307 23 24 J.
2944 3307 35 28 P.,

2421 3339 41 24 has
2472 3338 44 24 had
2526 3339 31 24 its
2568 3338 93 24 reward.
2692 3337 33 24 At
2739 3345 14 16 a
2767 3337 61 31 large
2845 3337 98 30 meeting
2959 3338 23 23 of

2421 3370 36 22 his
2476 3369 85 23 friends
2579 3368 44 24 and
2640 3368 109 23 admirers
2766 3368 38 22 Mr
2823 3368 92 22 Lormer
2934 3375 47 15 was

2421 3399 120 32 presented
2558 3399 57 25 with
2625 3406 14 16 a
2646 3399 87 30 cheque
2750 3397 35 25 for
2802 3398 66 29 £133,
2880 3397 101 32 publicly

2420 3430 138 30 subscribed,
2579 3430 45 24 and
2643 3430 35 23 his
2697 3430 98 30 portrait
2814 3429 23 24 in
2854 3429 48 24 oils.
2934 3429 48 24 The

2421 3462 114 22 chairman
2550 3462 23 22 of
2591 3462 38 21 the
2644 3460 146 23 Testimonial
2805 3459 141 28 Committee,
2958 3460 23 22 in

2422 3491 91 29 making
2523 3491 39 23 the
2572 3490 162 30 presentation,
2745 3489 49 22 said
2805 3489 39 22 the
2850 3489 75 29 object
2935 3496 46 15 was

2421 3524 24 20 to
2455 3528 90 23 express
2556 3520 121 30 sympathy
2688 3519 56 23 with
2753 3519 36 23 Mr
2796 3519 91 23 Lormer
2897 3519 35 23 for
2942 3519 39 23 the

2420 3559 82 23 worry,
2517 3551 100 29 anxiety,
2633 3550 44 22 and
2691 3549 88 23 trouble
2794 3549 148 29 experienced
2958 3550 24 22 in

2421 3582 131 22 connection
2563 3580 57 23 with
2630 3580 39 23 the
2678 3578 98 24 difficult
2786 3578 52 24 task
2855 3579 23 22 of
2895 3579 73 29 purify-

2420 3612 39 29 ing
2483 3611 38 23 the
2541 3610 183 24 administration
2744 3609 23 23 of
2786 3609 89 30 justice,
2896 3609 44 23 and
2956 3611 25 21 to

2420 3643 62 22 show
2492 3641 135 24 admiration
2638 3641 35 23 for
2682 3640 40 23 the
2737 3639 71 24 moral
2825 3646 95 24 courage
2937 3639 33 25 dis-

2420 3672 82 31 played
2519 3672 24 23 in
2560 3671 97 31 fighting
2671 3670 56 24 such
2736 3678 14 15 a
2760 3670 66 23 noble
2840 3677 72 17 cause.
2944 3670 37 25 Mr

2420 3704 99 26 Lormer,
2538 3703 23 21 in
2579 3702 110 29 replying,
2706 3701 49 22 said
2775 3700 36 23 his
2829 3708 108 22 expenses
2957 3702 24 21 in

2420 3733 133 23 connection
2577 3731 57 23 with
2656 3731 39 22 the
2720 3730 90 30 inquiry
2829 3737 59 16 were
2911 3731 71 23 about

2420 3764 52 27 £OO,
2493 3763 74 22 which
2586 3762 28 22 he
2634 3760 74 24 would
2725 3760 78 30 gladly
2817 3763 85 27 accept.
2934 3761 47 23 The

2420 3794 91 21 balance
2528 3792 23 23 of
2569 3792 38 23 the
2622 3792 85 28 cheque
2725 3791 28 22 he
2768 3791 75 23 would
2859 3793 83 21 aevote
2957 3793 24 22 to

2419 3831 60 17 some
2490 3830 54 23 very
2555 3822 72 30 needy
2638 3821 113 24 charities.

2447 3855 48 22 The
2510 3853 63 23 work
2589 3853 23 23 of
2629 3853 38 22 the
2678 3851 118 24 Victorian
2807 3852 119 29 Assembly
2936 3853 46 22 last

2420 3884 63 22 week
2493 3883 92 22 centred
2603 3882 96 28 entirely
2710 3881 72 23 round
2800 3881 39 23 the
2849 3882 130 22 Estimates.

2420 3913 47 24 The
2477 3912 82 32 village
2568 3911 143 24 settlements
2720 3913 53 21 vote
2783 3910 36 24 led
2834 3913 25 22 to
2868 3918 13 16 a
2891 3911 91 31 general

2420 3945 120 23 admission
2551 3944 23 22 of
2588 3943 39 23 the
2637 3942 116 24 beneficial
2770 3942 82 23 results
2861 3942 120 31 attending

2420 3975 39 23 the
2469 3975 54 22 land
2532 3973 81 30 policy.
2639 3973 47 23 The
2697 3972 105 23 Minister
2812 3972 23 23 of
2845 3972 75 23 Lands
2928 3973 42 23 inti-

2420 4005 76 23 mated
2507 4005 52 22 that
2565 4005 39 22 the
2612 4003 111 23 advances
2730 4005 23 21 to
2761 4002 91 24 settlers
2859 4003 122 23 amounted

2420 4039 24 19 to
2455 4036 101 26 £57,000.
2588 4034 83 28 Strong
2686 4033 136 29 complaints
2841 4040 58 15 were
2916 4032 66 23 made

2420 4065 69 23 about
2500 4064 38 24 the
2548 4064 199 29 mismanagement
2757 4062 24 23 of
2797 4062 39 23 the
2847 4062 132 30 aborigines.

2420 4095 72 24 These
2502 4094 166 28 unfortunates,
2680 4093 20 24 it
2710 4093 18 23 is
2743 4092 95 31 alleged,
2850 4100 38 16 are
2897 4093 74 23 insuffi-

2420 4126 85 30 ciently
2524 4125 44 24 fed.
2609 4125 48 23 The
2680 4123 134 30 Aborigines
2838 4123 75 24 Board
2937 4123 33 24 dis-

2420 4156 85 30 proved
2525 4156 23 21 of
2572 4155 39 22 the
2637 4154 130 30 allegation,
2787 4154 43 22 but
2854 4153 38 23 the
2916 4154 66 23 Chief

2420 4187 119 28 Secretary
2558 4184 113 31 promised
2687 4185 104 29 personal
2810 4184 168 29 investigation.

2420 4218 21 21 A
2452 4217 44 22 Bill
2514 4217 39 21 has
2571 4216 54 22 been
2642 4214 133 23 introduced
2785 4214 142 30 authorising
2942 4214 40 23 the

2420 4248 153 23 Government
2582 4248 24 21 to
2617 4245 88 24 borrow
2714 4245 117 29 £375,000.

2448 4279 21 21 A
2486 4278 83 22 human
2584 4276 85 24 ostrich
2686 4276 40 23 has
2742 4276 49 29 just
2808 4274 110 31 departed
2935 4276 46 22 this

2420 4309 39 23 life
2468 4308 32 30 (at
2516 4307 140 23 Waedouree
2666 4306 102 30 Asylum.
2799 4305 21 23 A
2892 4309 90 19 mortem

2420 4337 131 26 discovered
2561 4337 39 24 the
2610 4337 47 24 fact
2666 4336 53 24 that
2735 4335 39 24 the
2790 4342 51 17 man
2856 4334 45 25 had
2915 4338 67 21 eaten

2420 4368 134 31 ninety-five
2563 4368 75 31 pieces
2653 4367 23 24 of
2692 4366 102 29 blanket,
2805 4366 122 30 averaging
2944 4367 37 24 6in

2421 4401 30 28 by
2462 4400 44 27 3in,
2516 4399 47 23 also
2573 4398 65 23 made
2647 4398 70 22 meals
2726 4397 32 23 off
2765 4396 92 30 pebbles
2862 4396 45 24 and
2915 4396 67 23 other

2422 4429 56 25 hard
2495 4429 138 28 substances,
2645 4428 42 24 but
2702 4427 40 24 the
2758 4426 104 24 blankets
2873 4433 58 17 were
2946 4426 35 24 his

2422 4460 107 29 undoing,
2539 4460 92 29 causing
2641 4457 163 24 inflammation
2809 4457 24 23 of
2843 4457 38 23 the
2889 4457 91 28 bowels,

2422 4491 57 22 from
2490 4490 73 23 which
2579 4490 27 22 he
2617 4488 141 23 succumbed.

2450 4520 27 22 In
2488 4520 40 22 the
2538 4520 73 22 South
2621 4518 133 23 Australian
2764 4517 127 29 Assembly,
2903 4525 29 14 on
2942 4517 40 23 the

2423 4550 119 29 Licensing
2551 4549 53 28 Bill,
2616 4549 39 23 the
2666 4547 75 24 leader
2750 4547 23 23 of
2783 4547 40 23 the
2833 4546 73 24 Labor
2913 4549 69 29 party

2423 4580 90 23 wanted
2538 4580 39 23 the
2596 4579 115 30 questions
2730 4579 23 23 of
2774 4577 141 24 Prohibition
2935 4584 47 25 sna

2422 4610 93 29 Sunday
2525 4610 85 28 closing
2626 4609 99 22 referred
2742 4612 25 19 to
2781 4609 39 22 the
2831 4605 150 31 referendum,

2423 4640 66 23 while
2500 4640 39 22 the
2549 4639 132 30 Opposition
2693 4637 102 31 objected
2807 4641 24 21 to
2840 4637 142 24 Prohibition

2423 4678 24 15 as
2471 4670 149 23 inconsistent
2648 4669 58 23 with
2730 4669 40 23 the
2793 4667 78 25 efforts
2895 4668 24 24 of
2942 4668 40 24 the

2423 4700 154 23 Government
2592 4701 24 22 to
2632 4700 102 28 promote
2751 4699 39 22 the
2801 4699 58 22 wine
2867 4698 114 30 industry.

2423 4730 36 30 By
2468 4730 27 23 26
2507 4732 23 21 to
2540 4730 26 22 21
2578 4729 39 23 the
2633 4728 77 24 House
2720 4728 95 23 decided
2825 4730 25 21 to
2860 4728 74 23 excise
2944 4728 40 23 the

2424 4759 141 25 Prohibition
2590 4759 82 30 clause,
2697 4758 45 24 and
2761 4758 48 25 the-
2824 4758 58 25 local
2905 4758 79 32 option

2424 4793 74 22 clause
2509 4800 45 15 was
2565 4791 87 24 carried
2669 4791 30 30 by
2709 4792 28 23 33
2747 4793 24 22 to
2780 4791 21 24 5.
2832 4790 48 24 The
2890 4790 95 24 number

2424 4824 22 22 of
2464 4823 73 23 hotels
2551 4823 24 23 in
2592 4829 67 23 many
2676 4822 103 23 districts
2789 4828 51 23 may
2850 4821 28 23 be
2888 4821 97 24 reduced

2424 4861 31 22 up
2464 4855 23 21 to
2497 4853 99 23 one-naif
2606 4853 18 23 if
2639 4852 39 24 the
2688 4852 57 24 local
2754 4852 79 30 option
2843 4853 52 22 vote
2909 4851 77 25 favors

2425 4884 60 23 their
2495 4883 66 31 being
2572 4883 80 24 closed.
2790 4883 4 31 .
2813 4883 4 31 .
2837 4891 8 13 v
2859 4890 11 12 •*

2453 4914 68 23 After
2530 4921 14 16 a
2554 4916 86 26 stormy
2651 4920 93 24 passage
2754 4913 24 24 in
2788 4911 39 26 the
2843 4913 142 28 Queensland

2426 4944 127 30 Assembly,
2563 4945 39 23 the
2612 4944 95 23 Federal
2718 4944 113 29 Enabling
2838 4943 45 24 Bill
2889 4943 95 24 reached

2426 4975 39 22 the
2488 4975 84 22 calmer
2594 4977 83 21 waters
2706 4975 23 22 of
2753 4974 40 23 the
2816 4974 101 22 Council.
2957 4973 30 23 In

2426 5004 90 29 moving
2540 5004 39 22 the
2603 5003 82 23 second
2709 5003 101 31 reading,
2836 5003 135 23 Postmaster-

2419 5032 1 32 :
2426 5033 96 24 General
2541 5033 96 31 Thynne
2655 5033 50 24 said
2725 5034 52 24 that
2793 5040 61 17 some
2871 5032 113 30 objection

2419 5057 1 43 |
2426 5065 73 30 might
2506 5065 28 23 be
2542 5064 69 24 taken
2622 5064 52 24 that
2681 5064 40 24 the
2730 5064 95 31 popular
2832 5066 52 22 vote
2894 5061 45 26 had
2946 5065 41 22 not

2426 5095 56 24 been
2492 5095 108 30 appealed
2607 5098 24 21 to
2640 5096 24 23 in
2675 5095 39 24 the
2720 5095 95 23 election
2826 5095 22 23 of
2858 5094 128 29 delegates;

2426 5126 43 22 but
2485 5126 55 22 such
2550 5133 14 15 a
2579 5128 53 20 vote
2642 5124 75 24 would
2734 5125 28 22 be
2776 5132 53 21 very
2841 5124 113 22 defective
2961 5123 25 22 in

2426 5155 150 27 Queensland,
2582 5155 45 22 and
2633 5155 20 23 it
2657 5161 45 16 was
2709 5154 109 30 provided
2824 5153 19 24 if
2849 5152 88 24 theßill
2940 5158 46 17 was

2427 5185 113 30 approved
2551 5185 20 23 it
2580 5184 80 24 should
2671 5184 28 24 be
2709 5184 99 24 referred
2819 5187 23 20 to
2852 5183 39 24 the
2897 5182 85 31 people.

2426 5217 22 23 If
2458 5224 44 23 any
2513 5216 65 24 other
2587 5216 80 30 colony
2678 5215 90 25 showed
2785 5222 13 16 a
2812 5214 134 30 disposition
2961 5214 25 22 to

2426 5247 111 23 dictation
2547 5248 20 22 it
2577 5247 75 22 would
2664 5247 28 22 be
2707 5255 14 14 a
2736 5246 44 23 bad
2796 5245 50 28 sign
2860 5243 80 23 indeed
2951 5243 35 23 for

2427 5278 105 30 bringing
2548 5277 71 23 about
2636 5284 45 22 any
2700 5278 85 28 system
2804 5275 23 22 of
2850 5273 132 24 federation.

2427 5307 36 24 No
2473 5308 80 30 colony
2563 5307 67 23 could
2647 5306 124 29 honorably
2780 5304 86 24 submit
2875 5305 24 22 to
2909 5302 76 24 undue

2427 5336 109 24 influence
2555 5339 24 21 in
2603 5338 30 22 its
2657 5336 108 24 domestic
2780 5335 75 23 affairs
2871 5334 30 29 by
2921 5333 65 23 those

2426 5368 95 23 outside.
2554 5368 67 23 After
2636 5366 85 24 several
2739 5364 109 24 members
2859 5362 44 24 had
2913 5362 71 30 urged

2427 5398 124 30 objections
2561 5400 25 21 to
2596 5398 39 23 the
2650 5395 92 24 method
2758 5395 24 22 of
2798 5393 97 29 electing
2911 5399 61 23 repre-

2427 5428 124 24 sentatives
2561 5428 44 23 and
2622 5429 24 21 to
2664 5427 39 23 the
2718 5422 234 32 non-representation
2961 5422 24 23 of

2427 5458 39 23 the
2476 5459 93 23 Council
2586 5460 26 20 at
2627 5457 39 23 the
2681 5455 148 26 Convention,
2848 5453 39 23 the
2902 5452 82 23 second

2427 5488 92 30 reading
2530 5495 45 16 was
2586 5486 92 25 carried.
2709 5485 28 23 In
2756 5485 40 23 the
2810 5482 120 29 Assembly
2945 5482 39 23 the

2426 5519 105 22 Customs
2555 5517 81 23 Duties
2659 5516 53 26 Bill,
2733 5515 92 27 making
2844 5513 140 28 exemptions

2426 5548 66 28 equal
2502 5551 24 19 to
2537 5547 96 28 £50,000
2641 5554 14 15 a
2664 5552 61 23 year,
2745 5551 45 16 was
2805 5542 54 23 read
2875 5549 14 16 a
2903 5541 81 24 second

2427 5579 55 23 time
2501 5586 29 14 on
2550 5578 39 22 the
2608 5576 80 26 voices,
2707 5574 42 23 but
2764 5574 64 22 there
2845 5572 19 23 is
2878 5572 106 23 evidence

2427 5609 51 22 that
2488 5610 78 25 strong
2575 5606 77 22 efforts
2662 5604 46 22 will
2718 5604 28 22 be
2754 5603 63 22 made
2825 5603 23 21 in
2856 5602 128 22 committee

2427 5640 24 21 to
2461 5637 78 24 obtain
2549 5635 89 24 further
2645 5633 139 31 exemptions
2801 5631 45 24 and
2861 5631 73 23 retain
2945 5630 39 24 the

2419 5668 82 24 ,duties
2521 5668 23 22 in
2562 5673 60 16 some
2638 5671 67 17 cases.
2745 5662 63 24 Good
2826 5669 101 23 progress
2944 5661 40 22 has

2426 5699 55 21 been
2492 5697 65 22 made
2566 5696 57 22 with
2634 5696 39 21 the
2685 5694 127 22 Estimates.
2843 5692 38 22 Mr
2890 5692 94 28 Glassey

2427 5729 40 21 has
2476 5726 97 30 signally
2582 5725 69 22 failed
2667 5725 23 21 in
2707 5723 35 22 his
2759 5722 105 29 repeated
2874 5724 110 27 attempts

2427 5760 24 21 to
2466 5756 77 23 obtain
2553 5763 13 14 a
2576 5753 125 37 graduated
2720 5755 132 28 percentage
2869 5752 23 23 of
2907 5751 63 24 reduc-

2427 5788 59 23 tions
2497 5786 56 24 from
2564 5785 39 24 the
2613 5782 184 32 higher-salaried
2807 5781 59 27 Civil
2873 5783 108 24 servants.

3150 183 75 26 THE
3244 181 210 28 ESTIMATES.

3023 257 64 24 Fkom
3096 262 46 18 the
3151 255 78 25 Stab's
3239 256 195 22 Parliamentary
3448 255 132 23 Repobteb.

3173 310 219 29 WELLINGTON,
3406 310 98 25 August
3517 311 39 23 26.

3049 341 48 24 The
3114 342 124 23 Estimates
3255 348 59 16 were
3328 341 67 30 again
3410 341 72 23 under
3498 341 84 24 review

3021 372 129 30 yesterday,
3162 371 56 24 both
3233 374 25 21 at
3275 371 40 24 the
3329 372 119 23 afternoon
3456 371 46 24 and
3516 379 53 17 even-

3021 404 40 28 ing
3075 403 100 29 sitting?.
3207 402 75 23 When
3296 409 103 23 progress
3414 409 46 16 was
3476 402 107 30 reported

3021 440 14 14 a
3044 432 64 23 week
3117 439 43 23 ago
3169 432 40 22 the
3218 432 90 23 Justice
3316 432 150 30 Department
3473 435 53 21 vote
3535 439 47 17 was

3021 462 72 24 under
3110 461 242 25 consideration.—Mr
3370 462 88 26 Tanner
3477 470 52 16 now
3547 470 22 17 re-

3021 492 78 23 sumed
3110 492 40 23 the
3166 492 83 23 debate
3267 499 30 16 on
3314 492 39 23 the
3367 492 114 24 Hokitika
3495 494 83 30 prison.

3021 522 37 25 He
3067 522 50 24 said
3128 522 52 25 that
3190 530 30 16 no
3236 522 110 32 language
3361 531 29 16 on
3407 523 36 25 his
3451 528 54 27 part
3514 524 66 24 could

3020 554 137 31 adequately
3176 555 128 30 stigmatise
3323 556 39 22 the
3381 557 61 22 state
3460 555 24 24 of
3502 555 78 31 things

3020 585 99 30 existing
3138 586 24 21 in
3182 585 46 22 this
3244 585 83 29 prison.
3364 585 47 24 The
3430 586 150 30 expenditure

3021 614 64 24 there
3099 621 46 18 was
3164 614 83 30 simply
3266 617 225 28 extravagant.—Mr
3510 616 27 23 G.
3553 616 23 24 J.

3020 644 76 24 Smith
3114 644 81 23 moved
3215 646 24 21 to
3258 644 82 24 reduce
3359 646 39 22 the
3413 645 74 30 salary
3502 645 77 29 (£300)

3020 675 24 23 of
3067 675 40 23 the
3129 674 77 32 gaoler
3234 673 31 32 by
3289 675 152 26 £loo.—This
3463 676 119 31 provoked,

3014 706 63 25 .from
3095 705 39 25 the
3153 705 100 26 Premier
3272 705 40 26 the
3330 706 89 25 remark
3436 707 52 26 that
3504 707 19 26 if
3538 708 40 27 the

3020 738 92 22 district
3121 737 20 23 is
3150 738 74 22 which
3234 737 47 23 this
3290 738 52 29 gaol
3357 745 46 16 was
3417 738 100 24 situated
3533 737 45 26 had

3019 767 58 25 been
3083 767 144 31 represented
3236 767 31 31 by
3277 775 87 23 anyone
3373 768 46 24 but.
3424 769 90 24 himself
3523 769 55 35 they

3019 798 76 23 would
3105 799 57 22 have
3173 797 69 24 heard
3252 806 56 23 very
3321 799 62 24 little
3399 799 71 26 about
3484 800 26 23 it.
3542 800 35 23 He

3018 828 113 31 promised
3142 828 52 25 that
3202 828 19 24 if
3230 828 40 26 the
3279 832 84 21 matter
3377 838 59 16 were
3452 829 43 25 left
3504 833 24 21 to
3538 831 39 23 the

3018 860 155 23 Government
3191 863 168 26 arrangements
3378 861 75 24 would
3469 861 27 24 be
3512 861 65 24 made

3018 890 31 30 by
3058 889 75 24 which
3142 889 43 25 full
3195 897 39 18 use
3244 890 73 24 would
3328 890 28 25 be
3365 891 65 24 made
3436 891 24 26 of
3469 891 39 25 the
3516 892 57 31 gaoL

3018 920 37 25 He
3063 920 111 25 ventured
3183 922 25 23 to
3223 928 40 23 say
3280 921 52 24 that
3347 921 66 25 when
3429 922 46 25 this
3493 925 83 22 matter

3018 959 62 17 came
3108 958 32 24 up
3162 953 56 22 next
3241 952 84 24 session
3349 952 64 25 there
3443 949 76 29 would
3548 953 28 25 be

3017 990 29 16 no
3070 981 88 32 ground
3181 982 35 24 for
3239 983 129 30 complaint.
3411 983 48 24 The
3488 983 85 26 Leader

3017 1013 24 22 of
3074 1013 39 22 the
3145 1012 134 30 Opposition
3316 1013 125 24 contended
3479 1014 52 23 that
3562 1021 14 16 a

3017 1041 80 32 saving
3129 1042 24 23 of
3190 1043 70 28 £6OQ,
3289 1050 14 16 a
3339 1051 55 22 year
3436 1044 74 24 would
3547 1044 28 24 be

3018 1072 94 24 effected
3129 1072 31 30 by
3176 1072 98 31 striking
3289 1075 41 23 out
3346 1074 46 24 this
3402 1076 61 26 vote,
3478 1074 98 24 without

3018 1103 108 29 injustice
3150 1102 25 24 to
3195 1102 39 24 the
3252 1102 86 25 officers
3357 1110 25 17 or
3401 1104 76 31 injury
3496 1107 25 20 to
3536 1105 40 24 the

3017 1133 197 24 district.—After
3223 1133 67 24 much
3307 1133 88 30 debate,
3407 1134 39 25 the
3455 1134 86 25 motion
3552 1138 23 21 to

3018 1164 81 24 reduce
3110 1164 40 24 the
3159 1164 76 30 salary
3249 1164 23 23 of
3282 1164 40 24 the
3331 1165 76 30 gaoler
3416 1165 30 30 by
3456 1164 60 26 £IOO
3529 1173 46 16 was

3017 1194 86 24 carried
3122 1194 30 31 by
3162 1195 28 23 25
3200 1197 23 21 to
3233 1193 103 25 24.—Mr
3345 1195 28 23 G.
3389 1195 23 23 J.
3430 1194 74 25 Smith
3520 1195 55 24 then

3017 1224 81 24 moved
3115 1226 25 22 to
3155 1224 72 24 strike
3242 1227 42 21 out
3300 1224 40 24 the
3356 1225 56 24 item
3421 1232 30 17 on
3461 1226 39 23 the
3514 1232 61 17 same

3016 1258 61 26 vote,
3122 1254 108 31 Surgeon,
3329 1254 42 29 (Dr
3384 1255 159 29 Macandjrew).

3016 1285 48 23 The
3082 1285 100 23 Premier
3195 1284 120 31 explained
3325 1285 52 23 that
3387 1285 39 23 the
3436 1279 78 39 doctor
3528 1293 47 16 was

3016 1315 73 24 under
3107 1317 148 29 engagement
3271 1316 25 22 to
3305 1315 81 24 attend
3403 1317 25 22 to
3437 1314 40 25 the
3486 1316 88 30 asylum

3016 1346 46 25 and
3072 1346 52 32 gaol
3134 1347 35 24 for
3179 1346 60 25 £2OO
3254 1354 13 15 a
3276 1354 61 23 year.
3368 1345 23 26 If
3400 1346 46 25 this
3455 1347 47 24 £SO
3515 1354 58 17 were

3015 1379 80 22 struck
3112 1380 49 26 out,
3179 1378 20 23 it
3215 1380 77 21 meant
3307 1377 54 31 only
3378 1378 52 23 that
3445 1378 39 24 the
3494 1378 80 26 doctor

3016 1408 74 24 would
3114 1411 39 26 get
3176 1408 60 24 £2OO
3258 1416 14 15 a
3295 1415 55 23 year
3373 1408 35 24 for
3427 1408 35 24 his
3486 1408 87 31 asylum

3017 1438 139 23 work.—Mr
3173 1438 125 24 Earnshaw
3314 1437 94 31 pointed
3423 1441 41 20 out
3474 1438 52 24 that
3535 1439 40 22 the

3015 1471 49 20 rate
3074 1468 24 23 of
3111 1475 44 23 pay
3166 1475 45 16 was
3228 1463 46 28 £lO
3289 1475 41 23 per
3349 1468 58 23 head
3425 1468 36 23 for
3479 1468 95 24 medical

3015 1497 107 25 comforts
3131 1498 35 23 for
3176 1498 54 23 each
3245 1498 108 30 prisoner.
3384 1498 37 23 He
3436 1498 72 30 urged
3523 1498 50 24 that

3015 1529 40 23 the
3074 1536 80 23 money
3173 1528 74 24 which
3267 1535 46 16 was
3330 1527 67 32 being
3421 1528 98 30 lavishly
3537 1535 24 17 ex-

3015 1559 88 30 pended
3114 1566 29 16 on
3154 1559 46 23 this
3214 1556 51 32 gaol
3274 1557 82 25 should
3372 1557 28 25 be
3409 1561 68 28 spent
3492 1566 29 16 on
3535 1559 40 23 the

3015 1589 121 29 esplanade
3150 1593 25 18 at
3192 1588 33 23 St.
3238 1588 147 23 Clair.—The
3404 1588 56 23 item
3479 1596 46 16 was
3541 1596 23 16 re-

3016 1618 76 24 tained
3102 1618 31 30 by
3143 1620 28 22 32
3181 1620 23 21 to
3216 1618 97 24 19.—At
3327 1619 39 22 the
3383 1619 96 29 evening
3494 1619 82 30 sitting

3016 1649 40 22 the
3066 1648 82 24 debate
3162 1656 29 15 on
3208 1648 40 23 the
3263 1648 115 24 Hokitika
3393 1648 51 29 gaol
3460 1650 53 21 vote
3529 1655 47 17 was

3016 1677 129 24 continued.
3176 1677 84 30 Strong
3270 1677 128 30 opposition
3408 1684 46 16 was
3463 1677 78 24 shown
3552 1680 24 25 to

3016 1708 39 23 the
3065 1710 94 21 amount
3167 1707 111 31 proposed
3289 1710 23 21 to
3322 1707 28 24 be
3359 1707 119 31 expended
3491 1715 30 16 on
3536 1708 40 23 the

3016 1738 157 24 maintenance
3192 1739 24 22 of
3235 1738 47 23 this
3301 1738 138 23 institution.
3484 1738 92 24 Several

3016 1768 155 24 amendments
3186 1771 24 21 to
3226 1768 82 24 reduce
3324 1768 40 24 the
3379 1770 53 22 vote
3447 1775 59 17 were
3526 1776 38 23 pro-

3016 1799 77 30 posed,
3103 1799 44 24 but
3156 1801 24 22 in
3187 1806 68 22 every
3263 1806 50 16 case
3321 1799 54 30 they
3382 1807 59 15 were
3446 1799 128 31 negatived.

3018 1830 136 28 Ultimately
3175 1830 39 21 the
3233 1829 100 22 Premier
3352 1829 81 24 moved
3452 1831 24 20 to
3495 1829 81 23 reduce

3016 1858 41 23 the
3080 1860 53 21 vote
3163 1858 35 23 for
3228 1858 39 23 the
3298 1858 111 30 principal
3438 1858 88 24 warder
3554 1858 24 24 of

3016 1889 40 23 the
3084 1888 51 31 gaol
3171 1888 76 28 (£150)
3283 1887 31 31 by
3343 1889 53 28 £SO,
3429 1888 74 24 which
3531 1895 46 17 was

3016 1918 79 31 finally
3111 1918 82 31 agreed
3210 1918 84 24 to.—A
3310 1919 86 23 motion
3411 1917 31 32 by
3452 1918 38 25 Mr
3507 1919 56 24 Earn-

3017 1950 62 23 shaw
3089 1952 25 20 to
3125 1949 81 23 reduce
3216 1949 40 22 the
3272 1949 54 22 item
3337 1950 100 27 (£1,500)
3447 1950 117 30 contingen-

3016 1980 45 23 cies
3070 1979 36 24 for
3122 1979 40 24 the
3172 1978 80 25 Prison
3262 1978 151 32 Department
3429 1979 29 30 by
3469 1980 29 23 £1
3509 1987 25 16 as
3548 1987 28 16 an

3016 2010 126 24 indication
3152 2010 24 24 of
3186 2010 40 23 the
3236 2009 139 32 displeasure
3385 2010 23 23 of
3418 2010 40 24 the
3468 2010 77 24 House
3552 2013 26 21 at

3016 2041 39 23 the
3064 2041 74 30 laxity
3148 2041 24 23 in
3187 2041 184 23 administration
3388 2040 23 23 of
3430 2040 39 24 the
3488 2040 88 25 Justice

3016 2072 151 30 Department
3173 2079 47 16 was
3230 2070 131 31 negatived,
3373 2071 60 23 after
3440 2078 13 16 a
3462 2078 56 24 very
3524 2072 53 30 long

3016 2101 134 30 discussion,
3161 2102 31 29 by
3203 2102 28 23 34
3241 2103 25 22 to
3277 2101 112 24 19.—The
3399 2101 73 23 whole
3482 2104 53 21 vote
3542 2101 34 24 for

3015 2133 40 23 the
3065 2131 91 25 Prisons
3167 2132 152 31 Department
3328 2137 47 18 Was
3385 2132 55 23 then
3451 2131 81 31 agreed
3542 2134 33 27 to,

3015 2163 90 32 subject
3115 2166 25 22 to
3150 2163 40 25 the
3200 2163 131 25 reductions
3341 2162 88 26 carried
3439 2163 23 24 in
3473 2162 39 26 the
3523 2165 52 24 vote

3014 2195 35 23 for
3060 2195 39 23 the
3109 2195 114 23 Hokitika
3233 2195 57 29 gaol.

3042 2230 48 23 The
3100 2232 53 21 vote
3162 2229 36 24 for
3208 2231 40 22 the
3265 2229 63 24 office
3344 2229 23 24 of
3531 2229 45 24 and

3013 2260 129 25 Commerce
3152 2260 78 28 (£925)
3239 2260 115 30 provoked
3369 2260 96 24 another
3481 2260 95 31 lengthy

3015 2290 201 24 discussion.—Mr
3226 2290 27 23 G.
3275 2290 23 24 J.
3310 2290 75 24 Smith
3396 2290 49 24 said
3456 2291 28 22 he
3494 2290 68 24 under-

3013 2321 66 23 stood
3090 2321 52 23 that
3154 2321 38 23 the
3202 2321 129 29 operations
3341 2320 23 24 ci
3374 2321 47 23 this
3430 2320 146 31 department

3014 2352 45 23 had
3078 2351 56 24 been
3144 2358 55 23 very
3209 2351 73 28 small,
3294 2350 45 24 and
3356 2351 29 23 he
3394 2350 40 25 did
3449 2354 42 21 not
3507 2350 68 25 think

3015 2382 52 22 that
3086 2382 39 22 the
3144 2381 80 30 colony
3248 2381 45 23 had
3316 2383 39 28 got
3378 2382 89 29 enough
3491 2382 35 22 for
3545 2381 31 23 its

3014 2411 166 31 money.—The
3187 2411 59 24 Hon.
3256 2410 26 25 T.
3295 2410 136 32 Thompson,
3439 2411 51 25 who
3498 2419 46 17 was
3551 2412 24 24 in

3013 2443 89 29 charge,
3111 2442 49 23 said
3167 2442 52 23 that
3229 2442 39 23 the
3278 2442 72 23 whole
3357 2443 24 22 of
3390 2442 47 23 this
3443 2443 133 30 contingent

3013 2476 53 21 vote
3076 2472 44 25 had
3130 2472 57 25 been
3197 2474 67 29 spent
3273 2472 24 24 in
3314 2473 121 31 exporting
3451 2472 84 25 timber
3551 2476 24 21 to

3014 2503 93 23 London
3117 2505 25 21 to
3152 2505 46 22 test
3208 2503 40 23 the
3257 2503 90 23 market
3362 2503 136 24 there.—Dr
3508 2503 51 25 New-

3013 2541 52 16 man
3074 2533 49 24 said
3133 2533 30 23 he
3171 2533 138 24 understood
3324 2533 54 25 that
3387 2533 40 25 the
3436 2533 83 25 timber
3529 2540 46 18 was

3013 2564 68 31 badly
3091 2564 82 23 chosen
3190 2562 45 25 and
3251 2571 84 23 green;
3349 2563 82 25 indeed
3447 2564 39 24 the
3502 2564 72 25 whole

3013 2595 66 30 thing
3088 2602 47 16 was
3144 2602 13 16 a
3169 2590 110 28 discredit
3295 2598 24 20 to
3336 2594 40 24 the
3392 2594 182 31 department.—:

3015 2625 45 23 The
3068 2625 108 24 Minister
3185 2625 50 23 said
3244 2625 31 23 all
3286 2625 40 24 the
3335 2625 83 24 timber
3434 2628 52 22 sent
3500 2625 75 25 Home

3013 2663 45 15 was
3075 2655 80 30 passed
3175 2655 31 30 by
3225 2658 97 27 experts.
3326 2653 120 26 —Several
3465 2656 109 22 members

3013 2678 70 38 urged
3093 2693 29 16 on
3140 2685 38 24 the
3195 2685 154 24 Government
3366 2685 40 24 the
3421 2686 114 30 necessity
3550 2685 25 24 of

3013 2716 68 30 doing
3088 2723 62 16 more
3157 2718 25 21 to
3191 2723 125 22 encourage
3326 2716 39 23 the
3375 2716 83 23 timber
3467 2716 106 29 industry

3013 2745 56 24 than
3084 2745 46 24 had
3148 2745 103 24 hitherto
3265 2745 57 25 been
3341 2745 65 25 done.
3455 2745 48 25 The
3520 2749 54 21 vote

3012 2776 81 32 passed
3102 2784 25 16 as
3137 2776 98 31 printed.

3040 2813 34 23 At
3084 2814 63 23 12.30
3157 2820 52 17 a.m.
3227 2813 40 24 the
3284 2813 78 24 Postal
3371 2813 45 24 and
3427 2813 147 31 Telegraphic

3013 2844 123 23 Estimates
3147 2851 58 16 were
3215 2843 99 29 tackled,
3329 2844 45 23 and
3384 2844 110 23 members
3509 2844 64 23 made

3013 2874 156 30 preparations
3179 2874 36 23 for
3230 2881 14 16 a
3261 2874 46 23 late
3323 2874 168 28 sitting.—The
3509 2873 52 24 Post-

3013 2904 191 23 master-General
3220 2904 92 23 assured
3328 2904 40 23 the
3387 2904 86 24 Leader
3491 2904 23 24 ot
3534 2904 39 24 the

3013 2934 134 31 Opposition
3162 2934 61 28 that,
3241 2934 88 30 despite
3339 2937 77 21 recent
3425 2935 146 28 concessions,

3013 2965 64 20 there
3088 2971 44 14 was
3142 2972 13 13 a
3165 2964 137 21 substantial
3309 2965 99 20 increase
3418 2965 23 20 in
3452 2965 39 21 the
3500 2965 72 27 year's

3013 2992 137 31 telegraphic
3164 2991 265 32 revenue.—Complaint
3445 2999 45 17 was
3507 2992 65 26 made

3011 3023 30 30 by
3051 3023 97 30 Captain
3159 3022 89 25 Russell
3258 3023 44 24 and
3312 3022 38 26 Mr
3360 3023 86 25 Duthie
3463 3024 53 24 that
3532 3024 39 24 the

3011 3054 166 29 departmental
3192 3056 77 27 report
3285 3053 44 23 had
3346 3059 41 17 not
3403 3053 57 23 been
3478 3054 47 22 laid
3542 3062 28 14 on

3011 3083 39 21 the
3058 3082 68 22 table.
3147 3082 38 22 Mr
3193 3083 85 22 Duthie
3288 3082 49 22 said
3345 3083 52 22 that
3404 3083 39 22 the
3454 3083 116 29 telegraph

3010 3112 85 23 service
3119 3118 45 17 was
3188 3118 55 24 very
3267 3111 123 24 unreliable
3420 3114 24 22 at
3468 3116 98 26 present.

3011 3142 66 25 Some
3093 3143 119 30 telegrams
3232 3150 61 17 came
3313 3142 97 32 through
3430 3142 56 25 with
3502 3143 68 32 fairly

3009 3173 58 30 good
3086 3173 116 30 despatch,
3223 3173 43 23 but
3284 3173 76 23 others
3380 3173 54 23 took
3458 3174 68 23 hours
3544 3177 25 21 to

3009 3211 62 15 come
3081 3203 174 30 through.—Mr
3265 3203 66 23 Allen
3338 3203 70 23 asked
3418 3204 51 22 how
3479 3204 19 23 it
3507 3211 62 15 came

3009 3233 70 22 about
3089 3233 59 27 that,
3160 3233 78 22 whilst
3248 3233 39 22 the
3303 3240 97 15 revenue
3409 3233 115 23 increased
3539 3233 30 29 by

3010 3262 96 29 £70,000
3115 3262 24 24 in
3150 3263 61 27 1891,
3223 3262 19 24 it
3251 3262 102 31 dropped
3362 3262 67 25 down
3439 3265 24 21 to
3474 3264 96 28 £30,000

3009 3294 24 23 in
3044 3293 139 24 1895.—The
3200 3293 245 25 Postmaster-General
3455 3293 49 25 said
3514 3294 56 31 they

3009 3324 66 23 could
3085 3326 41 21 not
3136 3324 56 23 have
3207 3324 60 23 their
3282 3323 55 24 cake
3354 3324 45 23 and
3408 3326 39 22 eat
3456 3325 26 23 it.
3512 3324 42 25 Con-

3009 3355 99 22 cessions
3124 3354 66 23 could
3206 3356 40 21 not
3267 3354 27 23 be
3314 3354 65 23 made
3395 3357 25 20 to
3438 3355 40 22 the
3493 3355 77 29 public

3009 3384 45 23 and
3074 3384 40 23 the
3132 3391 97 16 revenue
3250 3384 139 24 maintained
3409 3391 25 17 as
3452 3384 117 24 well.—ln

3009 3415 65 37 reply
3084 3417 24 22 to
3119 3414 37 25 Mr
3166 3414 88 26 M'Nab
3269 3415 40 26 the
3324 3415 245 25 Postmaster-General

3009 3447 49 22 said
3068 3447 31 21 all
3110 3448 39 21 the
3159 3447 157 29 departments
3329 3447 82 22 should
3422 3447 27 22 be
3458 3447 111 22 classified

3009 3483 26 16 or
3053 3482 64 16 none.
3155 3475 48 23 The
3227 3475 104 30 Railway
3350 3475 151 30 Department
3523 3483 47 16 was

3010 3506 121 29 preparing
3140 3513 16 16 a
3168 3505 159 23 classification
3341 3506 88 23 scheme
3439 3506 74 23 which
3524 3512 45 17 was

3009 3539 41 20 not
3059 3537 41 29 yet
3108 3535 197 30 complete.—The
3321 3538 53 22 vote
3389 3536 80 30 passed
3486 3543 29 17 on
3530 3536 39 24 the

3009 3567 80 22 voices.

3037 3602 125 31 Telegraph
3195 3602 63 24 cable
3293 3602 117 29 subsidies,
3446 3601 120 31 £3,909.

3009 3633 100 24 Carried.

3037 3669 146 30 Conveyance
3203 3670 24 23 of
3243 3668 64 25 mails
3326 3669 31 30 by
3373 3676 46 22 sea,
3436 3668 132 30 £38,292.

3011 3700 37 22 Mr
3057 3700 81 23 Buddo
3155 3700 70 22 aaked
3242 3700 103 22 whether
3362 3700 39 22 the
3418 3699 148 24 Postmaster-

3009 3730 97 23 General
3113 3729 131 23 considered
3254 3729 40 24 the
3304 3730 45 23 San
3358 3727 119 25 Francisco
3483 3730 85 23 service

3009 3768 14 15 a
3032 3759 136 24 serviceable
3184 3762 72 21 route.
3288 3759 36 24 He
3341 3759 98 31 thought
3455 3767 14 15 a
3477 3760 90 30 portion

3009 3790 23 23 of
3043 3790 39 23 the
3093 3797 80 23 money
3190 3790 80 23 should
3286 3789 28 23 be
3330 3790 66 29 given
3414 3791 25 21 to
3456 3790 39 23 the
3505 3789 47 23 Van-

3009 3828 82 17 couver
3100 3821 93 29 service,
3204 3828 25 16 as
3238 3828 30 16 no
3277 3820 66 24 trade
3352 3820 100 24 resulted
3462 3819 57 25 from
3528 3820 39 24 the

3010 3852 44 23 San
3065 3851 118 23 Francisco
3199 3850 141 24 route.—Mr
3357 3850 114 23 Meredith
3488 3850 54 23 took
3553 3858 13 15 a

3009 3881 87 22 similar
3114 3881 65 22 view.
3209 3880 23 23 If
3248 3888 13 15 a
3275 3880 74 23 direct
3366 3880 45 23 line
3427 3880 23 23 of
3460 3882 108 20 steamers

3009 3917 59 17 were
3079 3917 42 17 run
3131 3910 101 24 between
3241 3909 57 25 New
3308 3909 98 25 Zealand
3415 3908 45 25 and
3466 3909 99 30 Canada,

3009 3950 14 14 a
3032 3942 61 29 large
3102 3941 64 24 trade
3174 3941 75 23 would
3256 3941 146 24 result.—Mr
3409 3941 158 30 Montgomery

3009 3972 73 22 called
3102 3972 114 22 attention
3235 3974 24 20 to
3276 3972 40 22 the
3331 3974 77 27 report
3423 3971 54 23 that
3492 3971 24 22 in
3526 3971 39 23 the

3009 4004 69 20 event
3088 4002 22 22 of
3120 4009 48 15 war
3183 4002 39 23 the
3239 4004 108 20 steamers
3364 4001 52 23 that
3429 4001 87 23 carried
3526 4008 42 16 our

3010 4032 64 22 mails
3093 4032 76 22 would
3187 4031 29 23 be
3234 4031 79 30 placed
3332 4034 25 20 at
3376 4031 40 23 the
3432 4031 98 30 disposal
3543 4032 25 22 of

3009 4061 111 24 America.
3152 4060 36 24 He
3198 4061 74 30 hoped
3283 4061 52 23 that
3344 4068 46 16 was
3399 4063 42 21 not
3451 4063 59 26 true,
3521 4061 45 23 and

3009 4091 49 24 Baid
3068 4091 21 24 it
3098 4098 45 16 was
3153 4094 41 21 not
3203 4091 111 24 desirable
3322 4099 34 16 we
3365 4091 81 24 should
3453 4098 45 24 pay
3505 4091 63 31 large

3009 4122 110 24 subsidies
3129 4125 25 20 to
3163 4122 79 30 people
3258 4122 51 23 who
3326 4129 58 16 were
3399 4122 82 23 hostile
3498 4124 24 21 to
3531 4129 34 16 us.

3009 4152 76 23 —The
3095 4152 247 22 Postmaster-General
3351 4151 50 23 said
3417 4152 40 22 the
3467 4152 85 23 Govern-

3009 4183 63 22 ment
3091 4181 75 24 would
3182 4181 118 24 introduce
3314 4189 14 15 a
3348 4181 145 31 Reciprocity
3512 4182 54 29 Bill,

3009 4212 45 23 and
3063 4219 30 16 on
3103 4212 52 23 that
3162 4211 47 24 Bill
3219 4212 74 23 would
3308 4212 89 30 depend
3406 4214 40 21 the
3455 4219 79 17 course
3543 4215 25 20 to

3009 4242 28 25 be
3046 4242 70 24 taken
3126 4242 30 31 by
3173 4242 40 24 the
3222 4242 153 24 Government
3392 4243 127 31 respecting
3529 4243 39 24 the

3009 4273 134 24 Vancouver
3158 4274 92 22 service.
3288 4273 44 23 His
3345 4280 52 17 own
3415 4274 92 30 opinion
3522 4281 46 17 was

3009 4303 53 24 that
3071 4303 39 24 the
3125 4303 83 30 colony
3222 4303 82 24 should
3321 4303 66 29 have,
3398 4311 25 16 as
3432 4304 37 23 far
3477 4311 25 16 as
3516 4311 38 23 pos-

3009 4333 64 29 sible,
3090 4333 55 24 both
3164 4333 102 25 services.
3303 4333 67 24 With
3387 4336 89 29 respect
3489 4337 25 21 to
3529 4335 39 23 the

3009 4364 101 24 remarks
3127 4364 129 24 attributed
3274 4366 25 22 to
3319 4364 38 24 Mr
3375 4364 125 31 Spreckels,
3516 4365 53 24 that

3009 4394 129 30 gentleman
3156 4394 82 24 denied
3259 4395 84 30 having
3361 4395 56 23 used
3436 4395 41 23 the
3495 4395 74 23 words

3009 4424 99 24 referred
3126 4426 24 22 to
3166 4424 31 32 by
3212 4424 38 24 Mr
3267 4424 165 32 Montgomery.
3439 4425 129 31 —Captain

3010 4454 90 25 Russell
3109 4455 71 23 aaked
3189 4456 63 22 what
3260 4455 75 24 would
3345 4456 28 22 be
3380 4456 39 23 the
3429 4456 58 29 good
3496 4456 23 23 of
3529 4456 40 23 the

3010 4485 134 23 Vancouver
3153 4485 91 23 service.
3275 4485 49 23 The
3337 4485 55 29 only
3407 4485 65 23 trade
3488 4485 69 23 result-

3010 4515 39 30 ing
3058 4515 58 23 from
3133 4515 20 23 it
3169 4515 75 23 would
3260 4514 27 24 be
3302 4515 90 29 pickled
3409 4515 92 23 salmon.
3532 4515 36 23 He

3011 4545 98 31 thought
3119 4545 60 23 their
3188 4545 59 23 chief
3260 4544 76 30 object
3351 4545 81 22 should
3448 4545 27 22 be
3493 4546 23 22 to
3530 4547 39 27 get

3011 4576 39 24 the
3063 4575 105 30 quickest
3183 4575 86 24 service
3284 4578 25 21 to
3326 4575 111 30 England,
3454 4575 44 23 and
3517 4576 18 22 if
3549 4576 19 22 it

3011 4606 66 23 could
3086 4606 28 22 be
3127 4606 77 22 shown
3220 4606 40 22 the
3275 4604 133 24 Vancouver
3423 4606 85 22 service
3522 4612 46 15 was

3010 4635 94 31 quicker
3114 4635 55 24 than
3184 4635 39 24 the
3235 4635 45 24 San
3289 4634 119 24 Francisco
3425 4634 52 24 that
3493 4634 75 24 would

3011 4667 28 23 be
3048 4674 15 16 a
3071 4672 65 25 great
3152 4666 65 31 point
3233 4666 24 24 in
3273 4666 31 23 its
3322 4665 140 24 favor.—Mr
3480 4665 27 24 G.
3530 4665 36 24 W.

3012 4697 90 23 Russell
3111 4696 71 23 asked
3196 4697 52 22 how
3263 4696 54 30 long
3333 4696 40 23 the
3391 4696 45 23 San
3451 4695 119 24 Francisco

3012 4727 84 22 service
3120 4726 46 23 had
3189 4728 25 20 to
3237 4733 49 15 run.
3336 4725 57 28 (The
3418 4725 149 23 Postmaster-

3013 4756 96 25 General
3118 4766 6 15 :
3163 4755 45 26 Till
3217 4755 136 30 November,
3478 4755 36 24 He
3524 4755 47 30 (Mr

3013 4788 99 30 Russell)
3116 4788 100 31 thought
3220 4788 40 25 the
3266 4787 51 25 best
3323 4795 78 18 course
3406 4787 36 25 for
3448 4787 40 24 the
3491 4787 80 31 colony

3013 4822 24 21 to
3051 4826 84 23 pursue
3148 4819 75 24 would
3244 4818 29 24 be
3286 4820 24 22 to
3326 4820 39 28 get
3380 4825 14 16 a
3411 4818 96 28 cheaper
3526 4825 45 16 ana

3013 4850 75 23 better
3096 4849 84 24 service
3190 4849 35 24 for
3231 4849 40 24 the
3278 4856 98 23 purpose
3385 4848 23 24 of
3417 4849 105 30 carrying
3531 4855 42 17 our

3013 4880 99 32 produce
3121 4882 25 22 to
3155 4880 40 24 the
3207 4879 91 24 Mother
3307 4879 110 31 Country,
3428 4878 45 25 and
3483 4879 29 23 he
3526 4886 46 16 was

3013 4912 24 22 of
3060 4911 92 29 opinion
3175 4910 53 24 that
3251 4910 40 23 the
3316 4910 153 23 Government
3491 4909 81 24 should

3014 4941 72 24 affora
3100 4941 40 24 the
3149 4940 78 25 House
3236 4948 29 16 an
3275 4940 148 31 opportunity
3434 4940 46 24 this
3489 4940 84 23 session

3013 4972 24 22 of
3046 4972 125 27 discussing
3181 4971 40 22 the
3230 4971 72 22 whole
3312 4971 104 28 question
3425 4971 24 21 of
3465 4971 40 22 the
3519 4969 54 23 mail

3014 5001 84 22 service
3108 5003 25 20 to
3150 5000 110 30 England.
3291 4999 25 23 It
3331 4999 76 24 would
3426 4999 28 23 be
3470 5002 39 20 too
3527 4999 46 23 late

3014 5032 55 21 next
3092 5037 61 23 year,
3183 5037 25 16 as
3234 5030 40 23 the
3302 5032 103 22 contract
3433 5029 93 31 expired
3549 5030 24 23 in

3014 5060 135 29 November,
3171 5060 60 26 1897.
3241 5060 74 24 —Mr
3333 5060 118 25 Crowther
3475 5060 98 31 thought

3015 5092 38 23 the
3063 5091 140 29 expressions
3213 5091 23 23 of
3251 5091 92 29 opinion
3360 5099 29 15 on
3406 5091 47 24 this
3469 5092 104 29 question

3013 5121 81 22 should
3102 5120 27 22 be
3139 5120 99 29 straight
3247 5120 58 22 from
3313 5120 39 22 the
3362 5121 211 23 constituencies.—

3014 5150 37 23 Mr
3070 5150 27 23 G.
3118 5149 23 24 J.
3163 5149 74 24 Smith
3262 5148 69 31 urged
3356 5150 52 23 that
3427 5157 61 16 more
3507 5157 52 29 expe-

3013 5180 74 23 dition
3119 5179 82 23 should
3230 5178 27 24 be
3286 5179 54 23 used
3369 5180 24 23 in
3425 5180 148 31 despatching

3014 5210 39 24 the
3087 5209 44 25 San
3163 5209 119 24 Francisco
3317 5210 54 24 mail
3407 5210 73 25 South
3515 5212 58 23 from

3013 5241 196 23 Auckland.—Mr
3227 5240 82 23 Buddo
3328 5241 99 31 thought
3449 5242 53 23 that
3516 5242 57 23 New

3013 5270 97 24 Zealand
3129 5270 66 23 could
3214 5270 78 23 obtain
3309 5279 25 15 as
3350 5271 58 30 good
3423 5279 14 15 a
3453 5273 85 22 service
3548 5280 25 15 as

3013 5301 39 23 the
3062 5300 45 24 San
3121 5300 120 24 Francisco
3257 5303 25 21 at
3298 5308 14 16 a
3329 5301 44 23 less
3388 5303 49 21 cost
3452 5301 31 30 by
3493 5301 80 31 taking

3013 5331 40 23 the
3062 5333 66 21 route
3136 5331 38 23 via
3183 5331 118 23 Australia
3310 5331 46 23 and
3366 5331 40 23 the
3422 5331 57 24 Suez
3493 5332 77 23 Canal.

3013 5361 75 23 —The
3097 5361 245 23 Postmaster-General
3352 5361 99 29 thought
3465 5362 54 23 that
3532 5362 40 23 the

3013 5391 79 29 colony
3115 5390 82 24 should
3220 5397 123 23 encourage
3368 5390 65 24 trade
3456 5392 57 22 with
3532 5392 39 23 the

3013 5420 89 24 Islands
3112 5427 24 17 as
3145 5420 68 24 much
3222 5427 25 17 as
3256 5420 106 31 possible,
3373 5421 45 23 and
3429 5421 29 23 he
3469 5421 102 24 believed

3013 5451 59 27 that,
3092 5451 57 22 with
3168 5458 14 14 a
3200 5450 62 23 little
3280 5451 101 30 nursing,
3399 5459 14 15 a
3429 5452 60 29 large
3505 5452 66 23 trade

3012 5480 66 24 could
3094 5479 27 24 be
3138 5479 123 31 developed
3278 5481 24 22 in
3319 5481 52 23 that
3386 5481 117 24 direction.
3535 5481 36 24 He

3013 5510 81 30 agreed
3104 5510 53 23 that
3166 5510 64 23 there
3237 5517 47 16 was
3293 5519 62 14 room
3361 5512 36 22 for
3406 5512 165 34 improvement

3013 5541 23 23 in
3047 5540 39 23 the
3096 5540 58 23 class
3163 5540 24 23 of
3195 5543 109 20 steamers
3313 5540 119 30 employed
3442 5548 23 16 in
3476 5541 39 23 the
3525 5541 46 24 San

3012 5569 119 25 Francisco
3140 5570 92 24 service.
3263 5570 47 24 The
3327 5571 154 24 Government
3495 5572 76 23 would

3013 5601 65 22 make
3096 5608 69 22 every
3185 5600 90 29 inquiry
3295 5608 29 15 on
3345 5601 40 22 the
3409 5601 96 29 subject,
3526 5602 45 23 and

3012 5630 63 29 early
3089 5632 56 21 next
3161 5630 85 23 session
3260 5629 76 24 would
3350 5629 66 32 bring
3435 5630 67 25 down
3520 5639 38 27 pro-

3013 5660 73 30 posals
3110 5662 24 21 to
3160 5660 39 24 the
3223 5660 77 24 House
3319 5661 106 30 covering
3444 5662 40 23 the
3498 5661 73 25 whole

3012 5691 104 29 question
3135 5691 24 22 of
3178 5691 54 23 mail
3250 5691 182 23 services.—The
3449 5692 56 23 item
3525 5700 46 16 was

3013 5720 80 30 agreed
3105 5724 30 23 to,
3147 5721 45 22 and
3202 5721 40 22 the
3251 5721 58 23 total
3320 5722 52 21 vote
3386 5721 36 23 for
3431 5721 39 24 the
3481 5722 77 30 depart-

3013 5752 62 22 ment
3084 5749 80 31 passed
3175 5750 98 25 without
3282 5751 128 24 alteration.

3039 5780 34 25 On
3098 5780 38 25 the
3161 5780 55 26 item
3239 5781 23 27 of
3286 5781 104 27 Customs
3413 5782 43 24 and
3486 5783 85 26 .darine

3612 180 161 26 Departments
3782 182 38 22 Mr
3832 178 87 26 Diithie
3929 183 49 22 said
3987 183 52 22 that
4048 183 64 22 there
4123 182 44 22 had

3612 209 55 23 been
3677 210 86 22 several
3771 211 138 29 complaint*
3916 211 24 22 of
3952 211 50 23 late
4018 212 23 22 of
4055 211 112 24 excessive

3611 239 110 31 vigilance
3730 247 29 17 on
3768 240 41 24 the
3818 242 52 30 part
3879 240 24 25 of
3912 240 40 25 the
3961 240 103 26 Customs
4074 241 92 24 officer*

3611 270 37 24 He
3667 271 45 23 had
3731 271 70 24 heard
3824 279 41 16 one
3885 273 83 23 tonrist
3991 280 40 27 say
4053 272 53 24 that
4130 272 38 24 the

3610 301 106 24 Customs
3730 301 85 24 officers
3832 301 23 24 in
3872 301 58 24 New
3944 301 97 24 Zealand
4055 309 59 16 were
4128 302 40 23 the

3610 334 60 21 Most
3680 332 105 30 exacting
3794 332 24 23 of
3831 339 47 23 any
3886 332 24 24 in
3921 332 40 24 the
3969 331 72 25 world
4055 332 59 24 with
4127 332 39 23 the

3611 362 119 31 exception
3752 362 24 24 of
3798 356 72 31 those*
3886 362 24 25 of
3933 362 59 26 New
4019 362 149 24 York*—The

3610 393 244 25 Postmaster-General
3879 393 50 25 said
3952 393 28 25 he
4004 393 75 25 would
4102 393 72 24 make.

3610 423 108 30 inquiries
3727 424 24 23 in
3765 425 41 22 the
3815 426 90 22 matter.
3935 423 27 25 It
3968 430 49 17 was
4025 424 40 23 the
4079 423 52 24 first
4140 424 33 22 hri<

3610 453 45 24 had
3665 453 69 24 heard
3743 454 25 23 of
3782 454 47 24 this
3837 454 131 31 complaint,
3979 454 46 24 and
4034 454 97 31 perhaps
4147 454 17 23 it-

3610 490 45 16 was
3678 485 156 30 exaggerated.
3877 484 37 24 He
3938 484 81 24 looked
4042 491 61 24 upon
4127 484 41 22 the

3609 513 105 26 Customs
3722 515 84 25 service
3815 522 28 18 as
3849 522 15 18 a
3872 515 74 26 credit
3959 517 27 24 to
4000 515 39 25 the
4048 515 122 31 colony.—'

3608 545 48 25 The
3665 546 73 25 whole
3746 550 54 22 vote
3814 555 48 16 was
3876 546 80 32 passed
3972 546 99 26 without
4081 546 83 25 altera-
4168 545 2 33 ■

3832 577 38 23 srfJ
3964 578 53 23 .?*♦!.«
4029 578 95 23 .'.'Mi*-"'.'
4135 574 38 26 s3®

3635 607 49 24 The
3697 610 53 22 vote
3766 607 80 32 Stamp
3864 608 45 24 and
3926 608 74 24 Deeds
4015 608 154 30 Department'

3608 644 45 16 was
3662 637 47 24 also
3717 638 83 30 agreed
3810 642 24 20 to
3843 638 99 25 without
3950 639 128 23 alteration.
4165 637 4 31 >

3634 667 112 32 Progress,
3759 675 47 18 was
3822 668 55 25 then
3900 668 114 32 reported)
4029 668 40 26 the
4086 668 79 25 House

3607 697 212 34 risjlgat&&«LW.
3996 706 53 16 I*VM
4115 698 54 23 7*Hl

3606 777 141 30 MINING
3764 778 51 29 ON
3832 776 75 33 THE
3919 774 101 35 WEST
4041 774 128 35 COAST.

3605 863 72 29 [Frqm
3687 870 44 20 the
3741 865 77 23 Stab's
3827 866 191 23 PabliAmentAby
4026 864 138 30 Reporter.]
4165 863 2 31 1

3932 893 3 17 :
3940 893 14 17 '''
3959 893 23 17 '•«>
4024 893 3 17 l
4033 893 18 17 lf
4067 893 27 16 »*'
4102 893 38 16 IK

3722 929 7 12 u
3750 920 30 25 W
3785 920 185 30 ELLINGTON,
3986 921 97 24 Auotot
4096 919 35 27 27.

3632 950 38 25 Mr
3686 950 30 26 H.
3733 952 28 24 A.
3778 950 100 31 Gordon,
3895 952 47 24 late
3960 952 128 30 inspecting
4097 948 52 34 engi-

3604 988 61 21 neer,
3683 982 45 24 and
3745 981 38 25 Mr
3799 983 28 23 A.
3847 983 96 29 M'Kay,
3954 983 41 23 the
4006 983 162 23 Government'

3605 1012 87 29 mining
3709 1012 116 30 geologist,
3843 1012 58 23 have
3914 1011 120 31 presented
4043 1019 14 16 a
4067 1011 95 30 lengthy

3604 1044 79 28 report
3690 1044 25 21 to
3724 1041 139 24 Parliament
3870 1047 30 19 on
3914 1042 40 24 the
3963 1042 87 30 irtiniOg
4059 1046 107 19 reserves

3604 1072 81 22 within
3705 1072 39 23 the
3762 1072 108 24 northern
3887 1072 103 23 districts
4003 1072 24 23 of
4042 1070 120 24 WeStlatfd

3603 1101 45 23 and
3664 1101 46 24 the
3719 1101 78 24 Boiler
3813 1101 45 24 and
3865 1100 73 32 -Grey
3952 1101 102 30 VaHeys,
4066 1100 92 24 Nelson.

3604 1131 28 24 In
3647 1131 39 24 the
3703 1138 77 17 coarse
3796 1129 24 26 of
3836 1131 61 24 their
3912 1134 79 28 report
4004 1132 64 23 these
4077 1131 73 30 gentle-

3604 1169 51 16 men
3670 1162 67 29 point
3752 1164 42 22 out
3811 1162 54 24 that
3881 1162 56 30 they
3952 1161 83 24 Visited
4050 1161 45 23 and
4111 1167 38 17 exa-

3604 1191 75 24 mined
3702 1192 56 23 each
3788 1199 88 19 reserve
3905 1191 59 24 With
3987 1198 17 16 a
4033 1191 60 23 view
4120 1193 44 21 not

3603 1221 53 31 only
3684 1221 24 25 of
3731 1221 152 31 determining
3905 1221 40 25 the
3968 1223 81 23 extent
4075 1221 24 24 of
4123 1221 41 24 the

3603 1254 92 27 present
3724 1252 53 30 gold
3811 1252 115 30 workings
3956 1251 45 24 and
4029 1250 41 25 the
4097 1257 64 17 num*

3603 1281 40 24 ber
3670 1282 24 23 of
3726 1289 92 23 persons
3846 1279 100 33 engaged
3977 1281 24 24 in

3603 1312 55 24 with
3669 1312 86 30 mining
3771 1320 28 15 on
3815 1312 64 24 these
3895 1317 108 23 reserves,
4020 1307 44 27 but
4079 1311 48 23 also
4137 1313 24 21 to

3602 1342 111 26 ascertain
3736 1343 41 24 the
3803 1341 108 33 probable
3934 1343 81 24 extent
4037 1341 24 25 of
4083 1341 81 26 future

3603 1375 120 28 workings.
3827 1381 54 23 may
3898 1373 28 24 be
3949 1374 50 23 said
4022 1373 142 30 generally,'*

3604 1404 55 30 they
3674 1410 29 23 go
3720 1410 29 17 on
3766 1405 24 22 to
3806 1410 49 24 say,
3891 1404 53 24 that
3956 1403 41 24 the
4006 1403 73 24 whole
4086 1403 26 24 of
4121 1403 46 24 thtf

3602 1433 88 31 ground
3700 1441 29 15 on
3738 1433 40 23 the
3788 1432 66 25 West
3862 1433 69 24 Coast
3940 1434 57 23 from
4007 1432 154 31 ColHngwood

3603 1468 25 19 to
3643 1463 101 24 Jackson
3759 1462 49 31 Bay
3821 1463 20 23 is
3857 1463 132 29 auriferous,
4006 1463 52 29 and,
4074 1464 87 29 mining

3603 1494 67 30 being
3680 1493 39 23 the
3729 1495 135 28 paramount
3872 1493 105 36 industry
3983 1492 27 25 la
4020 1493 48 24 this
4076 1496 52 23 part
4137 1494 28 23 of

3604 1524 39 23 the
3653 1523 88 31 colony,
3752 1522 40 24 the
3808 1523 122 24 alienation
3945 1523 25 24 of
3985 1527 46 27 any
4039 1523 54 24 laria
4100 1523 60 24 frtmi

3603 1554 40 24 the
3659 1554 82 24 Crown
3757 1552 42 24 has
3817 1561 14 15 a
3849 1553 112 31 tendency
3977 1556 25 22 to
4020 1554 82 24 Curtail
4121 1554 39 23 the

3603 1584 123 31 expansion
3736 1583 24 23 of
3776 1583 87 30 mining
3877 1583 46 23 and
3932 1585 24 22 of
3970 1582 40 25 the
4024 1586 142 28 consequent'

3604 1613 159 31 development
3777 1613 25 24 of
3816 1613 94 24 mineral
3926 1613 91 24 Wealth.
4053 1612 45 25 We
4109 1618 57 26 may

3604 1644 47 23 also
3661 1644 89 23 remark
3760 1644 52 23 that
3821 1644 18 23 if
3856 1641 40 26 the
3905 1643 72 24 Whole
3986 1644 23 23 of
4018 1643 40 24 the
4068 1642 91 31 750,000

3604 1681 62 15 acres
3684 1673 129 30 prescribed
3831 1674 25 22 in
3874 1673 41 23 the
3937 1672 104 24 Midland
4060 1673 102 30 Railway

3604 1703 135 31 Company's
3756 1705 103 22 contract
3873 1707 59 20 Were
3951 1703 69 25 taken
4037 1707 24 19 as
4075 1700 89 34 inuring

3605 1742 107 20 reserves,
3738 1733 47 24 this
3808 1733 48 24 Will
3881 1736 42 21 hot
3947 1734 28 23 be
4003 1733 111 25 sufficient
4138 1737 23 20 to

3605 1769 67 19 cover
3695 1764 40 24 the
3757 1771 53 17 area
3833 1764 159 31 required'for
4008 1764 87 32 Mining
4114 1764 48 25 and

3606 1795 94 24 mineral
3728 1801 115 24 purposes.
3882 1795 34 24 As
3945 1797 71 22 water
4047 1801 62 18 races
4138 1796 28 23 htf

3607 1827 40 21 the
3656 1827 53 28 past
3718 1825 45 22 had
3781 1829 23 19 to
3823 1825 28 23 be
3867 1825 144 23 constructed
4027 1832 54 16 over
4095 1832 67 23 many

3606 1854 64 24 miles
3678 1855 25 23 of
3712 1856 104 28 country,
3827 1855 63 29 large
3897 1862 64 16 areas
3975 1855 24 24 of
4012 1854 54 24 land
4083 1855 25 23 in
4121 1855 40 23 the

3606 1884 77 24 future
3698 1884 47 24 will
3759 1884 28 24 be
3799 1884 106 32 required
3919 1888 24 21 to
3957 1886 116 23 construct
4086 1888 63 21 exten-

3606 1916 48 23 sive
3673 1917 71 23 water
3764 1922 63 18 raoes
3845 1915 45 25 and
3911 1916 128 28 reservoirs,
4061 1923 25 16 as
4104 1916 22 24 it
4140 1916 26 24 is'

3605 1946 54 30 only
3673 1945 31 30 by
3719 1945 83 31 having
3813 1953 16 15 a
3843 1946 61 30 large
3917 1946 84 30 supply
4014 1946 24 23 of
4051 1947 72 22 water
4130 1952 38 17 en'

3606 1975 118 31 goldfields
3743 1975 53 24 that
3815 1975 125 26 anriferous
3961 1975 87 32 ground
4068 1982 42 19 cut
4134 1975 29 24 be

3608 2006 92 24 worked
3709 2006 165 31 economically.
3902 2007 36 24 At
3952 2006 40 24 the
4004 2007 159 30 present-tine

3605 2036 135 31 forty-three
3750 2044 99 17 reserves
3863 2037 58 24 have
3935 2037 56 25 been
4006 2037 66 25 made
4084 2037 25 24 in
4121 2037 46 25 the'

3605 2067 85 24 Nelson
3710 2068 125 30 provincial
3853 2068 99 28 district,
3975 2068 136 30 comprising
4131 2074 30 17 an

3605 2100 120 28 aggregate
3739 2105 52 17 area
3804 2098 25 24 of
3842 2099 115 28 8,380,520
3971 2105 70 22 acres,
4055 2097 45 25 and
4116 2098 52 23 six-'

3604 2130 52 22 teen
3684 2135 99 17 reserves
3807 2128 23 24 in
3854 2129 41 23 the
3918 2128 119 24 Westlind
4060 2128 99 28 district,

3604 2158 136 33 comprising
3762 2166 30 18 an
3815 2161 120 31 aggregate
3961 2166 54 18 area
4036 2159 24 26 of
4083 2159 79 30 83,973

3604 2198 70 20 acres,
3697 2190 92 30 making
3811 2191 39 23 the
3870 2191 58 24 total
3948 2197 52 17 area
4018 2190 26 24 of
4062 2197 100 17 reserves

3604 2221 117 27 3,464,493
3734 2227 68 16 aores.
3832 2220 48 23 But
3888 2220 64 23 these
3966 2226 99 17 reserves
4078 2219 30 24 do
4121 2221 48 22 not*

3604 2252 117 28 represent
3729 2250 111 31 anything
3849 2250 47 24 like
3905 2250 40 24 the
3954 2257 52 17 area
4016 2249 104 32 required
4127 2250 34 24 for

3630 2356 215 30 CURIOUSLY
3864 2355 113 30 SPENT
4004 2355 165 31 HONEY.

3813 2394 130 30 MOONS.

3631 2477 34 27 At
3684 2479 158 33 Washington*
3863 2488 24 17 in
3910 2481 46 26 the.
3969 2479 86 27 United
4076 2481 83 30 States*

3604 2511 65 23 there
3692 2511 20 24 is
3731 2511 63 24 what
3811 2512 21 23 is
3850 2511 82 24 known
3951 2519 25 16 as
3991 2519 14 16 a
4021 2512 139 35 honeymoon

3604 2540 68 25 hotel.
3703 2540 25 26 It
3746 2541 20 24 is
3784 2540 67 26 fitted
3871 2542 56 24 with
3945 2541 88 25 several
4049 2545 79 25 suites,
4137 2540 24 31 of

3603 2574 149 27 apartments,
3762 2571 110 27 intended
3881 2574 25 23 to
3922 2572 29 24 be
3959 2573 24 24 in
3999 2573 97 30 keeping
4104 2572 57 24 with

3604 2604 39 22 the
3653 2601 103 35 physical
3765 2603 123 25 attributes
3897 2603 24 24 of
3937 2610 45 24 any
3991 2602 57 25 class
4057 2603 24 25 of
4097 2600 64 28 bride

3603 2632 51 25 who
3664 2640 53 24 may
3728 2633 55 25 visit
3792 2633 27 24 it.
3850 2631 85 30 Should
3945 2634 40 23 she
3991 2631 31 26 he
4032 2641 13 16 a
4054 2633 114 31 brunette;

3602 2663 41 25 she
3652 2670 42 16 can
3711 2663 58 23 have
3778 2670 74 20 rooms
3868 2663 67 25 fitted
3945 2663 44 28 and
4006 2663 115 27 furpisbed
4135 2665 26 21 to

3603 2693 83 24 match.
3742 2693 22 26 A
3773 2693 61 24 duck
3895 2701 14 18 a
3917 2692 82 27 blonde
4008 2701 52 24 may
4067 2693 47 25 find-

3603 2724 50 22 love
3682 2723 24 24 of
3720 2731 13 15 a
3742 2731 64 16 room
3815 2723 75 26 which
3899 2724 48 23 will
3963 2723 105 29 enhance,
4084 2724 77 27 rather

3603 2752 55 25 than
3683 2752 97 31 detract,
3804 2753 42 24 her
3864 2753 104 29 charms;
3990 2752 46 28 and
4053 2761 15 17 a

3716 2784 85 31 beauty
3820 2789 52 24 may
3887 2784 58 25 have
3963 2782 158 28 environment
4135 2784 29 24 in

3603 2815 87 30 perfect
3705 2814 97 32 keeping
3811 2815 58 24 with
3886 2814 40 25 her
3935 2815 103 31 personal
4053 2815 115 28 features..,

3602 2844 54 24 Two
3666 2845 104 24 hundred
3779 2845 61 30 pairs
3849 2845 25 24 of
3889 2845 88 24 blissful
3987 2845 72 35 honey
4060 2853 101 16 mooners

3602 2874 83 25 visited
3695 2875 21 24 it
3724 2875 24 24 in
3758 2875 39 24 the
3806 2874 51 26 first
3865 2874 36 25 six
3910 2875 91 25 months
4010 2875 26 24 of
4050 2876 31 24 its
4090 2874 78 26 exist-»

3601 2912 61 17 ence.

3630 2941 58 24 Now
3706 2941 44 24 and
3770 2941 66 30 again
3854 2942 110 23 eocentric
3984 2942 73 28 honey
4058 2949 101 16 mooners

3601 2971 57 21 have
3667 2973 68 26 spent
3744 2971 39 23 the
3799 2971 51 22 first
3866 2971 44 22 few
3920 2971 68 22 hours
4001 2971 24 22 of
4040 2971 114 23 oonnubial-

3601 2999 52 25 bliss
3663 2999 25 25 in
3697 3007 15 18 a
3721 2999 97 32 balloon,
3828 3007 26 19 or
3864 2999 58 27 have
3939 2999 57 27 been
4005 3000 98 26 married
4112 3000 46 26 and

3600 3032 55 23 then
3665 3032 141 23 undertaken
3816 3039 14 16 a
3847 3034 52 21 tour
3907 3039 30 16 on
3947 3032 131 28 horseback*
4089 3039 25 16 or
4128 3039 26 16 on-

3625 3069 14 14 a
3648 3061 85 28 bicycle
3744 3061 65 23 made
3818 3062 35 21 for
3863 3061 69 23 two.''
3969 3062 49 23 But
4027 3062 63 22 what
4098 3062 58 22 shall
4159 3066 7 17 I

3598 3090 28 22 be
3635 3089 50 23 said
3693 3090 24 22 of
3726 3096 14 16 a
3749 3090 139 30 honeymoon
3904 3092 68 28 spent
3981 3097 29 16 on
4025 3090 40 24 the
4074 3090 45 23 box
4131 3090 35 23 of•

3598 3126 29 18 an
3637 3119 119 26 omnibus?
3893 3119 2 26 :
4016 3124 43 21 »',>}«
4079 3132 27 13 ,y,
4118 3132 6 13 t
4132 3123 6 22 !

3625 3158 66 23 Some
3700 3165 66 23 years
3774 3165 42 23 ago
3825 3165 14 17 a
3855 3166 76 22 young
3945 3165 59 22 man,
4023 3158 39 24 the
4078 3164 41 18 Mm
4132 3158 25 24 of

3598 3188 100 29 wealthy
3716 3188 45 23 and
3779 3188 140 24 fashionable
3937 3191 99 27 parents,
4058 3196 45 16 was
4122 3195 22 17 re-

3597 3217 73 23 duced
3684 3221 25 20 to
3719 3218 40 23 the
3768 3219 111 30 necessity
3889 3219 24 22 of
3926 3219 91 30 driving
4031 3225 14 16 a
4062 3217 94 25 London

3597 3247 103 23 omnibus
3719 3248 23 23 in
3757 3247 67 24 order
3842 3250 25 21 to
3884 3254 96 24 procure
3996 3254 14 18 a
4022 3247 130 24 livelihood.

3598 3278 118 23 Educated
3724 3280 26 22 at
3759 3285 15 16 a
3782 3277 76 32 public
3874 3278 84 30 school,
3970 3278 55 24 then
4034 3281 26 21 at
4069 3278 87 25 Oxford

3599 3308 141 31 University,
3751 3308 29 24 he
3789 3308 133 24 afterwards
3938 3309 53 30 paid
4008 3309 39 23 the

3598 3339 24 23 of
3635 3338 135 30 indulgence
3778 3339 25 23 in
3812 3339 86 24 vicious
3914 3346 97 21 courses*
4022 3339 49 24 and
4083 3337 81 25 found'

3599 3368 89 23 himself
3714 3368 128 37 absolutely
3858 3369 108 24 stranded
3972 3375 63 17 —an
4057 3370 106 27 outcast/

3598 3398 99 26 without
3702 3406 81 24 money
3790 3400 46 24 and
3843 3399 97 25 without
3949 3399 92 25 friends,.
4057 3398 105 33 Finally.:

3597 3431 75 30 owing
3682 3433 25 21 to
3716 3431 36 23 his
3766 3430 54 24 skill
3838 3438 26 16 as
3879 3438 14 16 a
3909 3431 84 28 driver,
4004 3431 29 23 he
4049 3431 107 23 obtained

3598 3461 154 29 employment
3761 3461 58 22 from
3829 3468 28 15 an
3867 3461 104 22 omnibus
3979 3466 118 24 oompany,
4108 3460 56 30 and;

3599 3489 91 24 worked
3709 3490 53 30 long;
3780 3490 45 23 and
3851 3490 115 30 zealously
3981 3490 23 23 in
4029 3490 46 24 this
4098 3497 44 16 com-

3597 3520 129 30 paratively
3749 3520 91 23 humble
3863 3520 86 29 sphere.
3979 3520 48 24 But
4044 3520 40 24 the
4102 3519 55 31 lady

3598 3554 25 18 to
3640 3550 74 23 whom
3745 3550 29 23 he
3800 3550 44 23 had
3873 3550 56 24 been
3951 3551 101 30 engaged
4074 3550 87 31 during

3597 3580 36 22 his
3663 3587 61 15 more
3761 3579 117 24 fortunate
3910 3580 58 30 days
3995 3587 46 16 was
4076 3581 88 22 almost'

3597 3609 190 24 broken-hearted
3817 3612 26 21 at
3880 3610 35 24 his
3944 3610 59 29 ruin,
4039 3610 45 24 and
4112 3615 52 18 em-'

3597 3640 124 31 phatically
3731 3640 91 24 refused
3831 3642 25 22 to
3865 3647 112 17 renounce
3986 3641 54 23 him.
4071 3640 37 25 He
4117 3648 25 16 ex-

3596 3671 130 30 postulated
3743 3670 57 25 with
3816 3671 47 28 her,
3881 3671 45 23 and
3945 3671 94 30 pointed
4056 3673 41 22 out
4116 3671 39 24 the

3596 3703 97 27 poverty
3711 3701 45 22 and
3772 3701 119 29 hardships
3906 3701 41 22 she
3962 3701 76 23 would
4053 3701 58 25 have
4129 3706 34 18 to'

3596 3730 84 23 endure
3690 3737 25 17 as
3722 3730 35 25 bis
3766 3730 61 28 wife,
3838 3730 43 23 but
3890 3730 23 23 in
3923 3730 59 25 vain.
4013 3730 50 25 Her
4069 3730 87 25 resolve

3596 3768 47 16 was
3652 3760 77 29 taken,
3740 3760 54 28 and,
3806 3760 111 30 although
3926 3762 50 22 cast
3984 3760 33 23 off
4033 3760 31 31 by
4074 3762 40 22 her
4123 3767 34 17 re-
4159 3758 5 17 f

3596 3791 89 28 latives,
3697 3791 40 23 she
3746 3790 114 24 remained
3870 3790 58 29 firm,
3940 3790 45 24 and
4002 3791 39 23 the
4058 3791 99 23 luckless

3596 3821 50 31 pair
3670 3829 58 16 were
3751 3821 98 24 married
3872 3823 26 22 at
3921 3828 14 17 a
3957 3821 75 24 North
4061 3821 103 32 London;

3596 3852 90 22 church.
3717 3852 33 22 As
3759 3859 15 15 a
3782 3852 78 22 driver
3874 3852 39 22 the
3927 3851 77 30 happv
4014 3851 150 30 bridegroom'

3596 3881 66 23 could
3671 3882 42 21 not
3721 3880 73 23 afford
3803 3882 25 21 to
3837 3880 47 23 lose
3897 3886 62 17 more
3975 3881 56 22 than
4041 3887 42 16 one
4092 3880 66 30 day's

3596 3910 73 31 work,
3679 3917 26 18 so
3714 3910 40 25 the
3764 3910 65 25 short
3844 3910 140 32 honeymoon
3994 3917 47 17 was
4050 3913 68 29 spent
4126 3917 30 17 on

3596 3943 40 22 the
3645 3942 52 29 box,
3709 3942 28 23 he
3747 3942 91 30 driving
3845 3949 27 16 as
3881 3942 73 29 usual,
3961 3941 47 24 and
4017 3943 36 22 his
4062 3942 94 23 faithful

3596 3972 64 23 bride
3670 3972 78 23 seated
3763 3974 26 21 at
3797 3972 36 23 his
3842 3972 55 23 side.

3622 4003 22 23 A
3664 4002 140 31 honeymoon
3822 4002 24 24 in
3865 4010 14 16 a
3897 4002 48 24 coal
3963 4002 60 24 mine
4042 4002 20 24 is
4079 4002 83 31 surely

3596 4033 135 35 sufficiently
3741 4032 103 31 striking
3850 4035 25 21 to
3884 4032 118 24 chronicle.
4025 4033 23 22 A
4055 4032 107 36 Durham'

3596 4062 80 29 miner,
3695 4061 80 31 taking
3789 4062 127 31 advantage
3930 4062 24 23 of
3970 4062 36 23 his
4015 4062 54 31 only
4078 4062 46 31 day
4132 4062 25 23 of

3596 4092 90 30 leisure,
3702 4094 40 29 got
3758 4092 97 25 married
3871 4098 60 19 on-*
3945 4092 99 37 Sunday.
4075 4093 22 24 A
4105 4099 51 25 pro*

3596 4123 88 24 tracted
3698 4123 73 24 strike
3785 4124 83 30 having
3877 4123 89 31 greatly
3975 4123 139 24 diminished
4121 4124 36 22 his

3596 4160 121 21 resources,
3734 4153 40 24 the
3790 4155 61 22 state
3865 4155 24 22 of
3905 4153 35 24 his
3956 4153 126 31 exchequer
4095 4153 61 24 cried

3596 4184 41 23 out
3651 4183 79 31 loudly
3746 4183 90 30 against
3855 4188 45 26 any
3921 4183 101 24 needless
4043 4186 71 21 waste
4133 4183 23 24 of

3597 4214 55 23 time
3662 4221 56 16 over
3723 4212 56 26 such
3789 4221 30 16 an
3828 4218 69 20 event
3912 4221 25 17 as
3952 4214 39 24 the
4006 4214 148 31 honeymoon.

3597 4244 44 25 His
3655 4244 71 29 bride,
3742 4244 113 30 however;
3871 4245 90 24 refuted
3977 4247 24 22 to
4017 4245 70 31 spend
4104 4245 54 23 that

3597 4277 110 22 romantic
3716 4275 80 31 period
3804 4276 73 28 alone,
3886 4276 45 23 and
3938 4276 65 23 there
4009 4282 46 17 was
4060 4275 97 37 nothing

3597 4306 35 23 for
3648 4306 20 23 it
3683 4305 43 24 but
3742 4308 26 21 to
3781 4312 136 26 accompany
3931 4305 42 24 her
3985 4305 170 31 newly-electea

3596 4336 50 24 lord
3663 4338 25 22 to
3703 4336 35 24 his
3754 4336 71 24 work.
3856 4332 134 27 Permission
4004 4343 46 17 was
4059 4335 95 30 granted

3597 4367 32 35 by
3637 4367 40 23 the
3686 4374 107 23 manager
3802 4367 35 23 for
3847 4367 39 23 the
3896 4367 50 30 pair
3963 4368 24 22 to
4003 4365 95 24 descend
4116 4361 46 27 the'

3597 4398 37 28 pit
3651 4397 24 22 in
3690 4403 119 23 company,
3826 4395 45 24 and
3887 4396 36 23 for
3941 4404 14 15 a
3973 4396 42 22 full
4034 4395 63 23 week
4116 4395 46 23 the'

3597 4433 76 30 young
3689 4426 52 25 wife
3760 4428 62 23 went
3840 4425 113 32 regularly
3971 4425 58 25 with
4047 4422 40 27 her
4103 4424 59 25 has-'

3597 4456 59 24 band
3673 4459 25 20 to
3714 4457 71 28 work,
3801 4457 45 22 and
3863 4456 114 24 remained
3995 4456 23 23 in
4037 4456 39 23 the
4095 4455 60 24 mine

3597 4486 59 23 until
3667 4486 35 23 his
3712 4486 63 23 labor
3783 4493 47 16 was
3839 4486 65 23 done.

3626 4515 88 30 Daring
3723 4523 13 16 a
3751 4516 55 23 time
3823 4516 65 23 when
3905 4516 40 23 the
3960 4515 159 31 depredations
4133 4515 26 22 of

3597 4546 86 22 certain
3698 4546 71 22 tribes
3784 4552 59 16 were
3859 4546 102 30 creating
3970 4547 64 29 great
4044 4547 78 21 nnrest
4131 4545 23 23 in

3597 4575 67 24 India
3680 4584 13 14 a
3710 4575 54 30 lady
3778 4578 62 20 went
3856 4576 57 22 from
3933 4575 104 29 England
4056 4578 24 20 to
4104 4582 38 16 con-

3597 4607 110 21 summate
3726 4605 40 22 her
3787 4607 146 27 engagement
3954 4605 57 22 with
4032 4612 28 15 an
4079 4605 76 22 officer

3597 4634 114 25 stationed
3724 4634 72 28 there,
3814 4640 45 18 ana
3875 4634 83 28 daring
3976 4641 29 16 an
4020 4634 97 24 interval
4131 4633 24 24 of

3598 4673 67 20 peace
3684 4665 61 24 their
3771 4665 109 30 marriage
3906 4664 55 24 took
3989 4664 69 30 place.
4098 4664 55 24 Two

3599 4697 56 29 days
3664 4695 141 28 afterwards,
3816 4695 111 28 however,
3938 4694 145 29 skinmshing
4089 4695 66 29 again

3599 4726 80 30 began,
3696 4725 46 23 and
3758 4725 39 23 the
3811 4724 84 23 soldier
3908 4723 112 29 husband,
4031 4724 78 30 giving
4124 4730 32 23 up

3600 4756 35 24 his
3643 4755 114 32 furlough,
3768 4754 81 34 placed
3865 4754 90 25 himself
3970 4756 26 23 at
4012 4754 40 25 the
4061 4753 57 25 head
4133 4754 24 24 of

3600 4788 35 24 his
3650 4787 116 32 regiment.
3803 4786 47 25 But
3863 4786 41 24 the
3919 4793 76 24 young
4004 4786 60 29 wife,
4075 4786 81 24 unable

3600 4819 77 29 longer
3695 4820 25 21 to
3729 4817 54 24 bear
3799 4817 40 24 the
3853 4817 99 30 anxiety,
3968 4816 44 24 and
4027 4816 80 24 fearful
4122 4816 35 23 for

3601 4848 36 24 Ids
3650 4848 81 31 safety,
3752 4847 43 24 left
3813 4847 40 24 the
3877 4847 68 24 house
3964 4847 23 23 of
4006 4846 40 23 her
4071 4846 85 24 friends

3601 4878 45 24 and
3659 4878 124 28 proceeded
3792 4880 25 22 to
3832 4878 40 23 the
3879 4878 69 23 front.
3979 4876 177 30 Unfortunately

3602 4909 39 25 the
3667 4909 138 30 oridegroom
3826 4914 46 18 was
3895 4907 52 24 shot
3968 4907 23 23 in
4011 4912 42 18 one
4072 4907 24 23 of
4117 4906 40 24 the

3601 4946 120 17 numerous
3730 4940 165 29 engagements,
3906 4937 52 29 and,
3970 4937 66 30 being
4045 4936 110 29 disabled,

3602 4977 46 16 was
3671 4969 87 24 carried
3777 4971 24 21 to
3820 4976 13 15 a
3851 4968 64 30 place
3933 4968 24 22 of
3979 4968 76 29 refuge
4074 4967 23 22 in
4116 4967 41 22 the

3603 4999 134 24 mountains.
3777 4998 60 23 Here
3854 4997 37 23 his
3909 4996 92 24 faithful
4020 4996 52 23 wife
4086 4995 70 23 found

3603 5030 53 29 him,
3681 5029 54 30 and,
3759 5028 56 25 with
3843 5027 88 25 infinite
3954 5026 129 24 tenderness
4110 5025 46 24 and

3602 5061 115 29 devotion,
3737 5059 83 25 nursed
3838 5059 47 24 him
3904 5057 57 26 back
3980 5062 24 20 to
4019 5057 77 24 health
4110 5056 46 24 and

3602 5091 208 30 strength—surely
3819 5098 29 15 an
3862 5088 118 31 anxiously
3989 5088 45 24 and
4043 5087 113 30 curiously

3603 5124 66 27 spent
3679 5122 146 29 honeymoon.

3630 5151 22 24 A
3661 5151 110 30 marriage
3785 5149 56 25 took
3855 5150 64 31 place
3932 5149 24 24 in
3966 5148 117 31 Liverpool
4097 5150 60 22 tome

3602 5188 66 24 years
3688 5189 50 23 ago,
3763 5181 99 24 wherein
3883 5180 42 25 the
3947 5179 141 32 bridegroom
4110 5184 46 19 was

3602 5212 101 24 arrested
3719 5212 31 32 by
3765 5214 46 22 two
3824 5212 125 24 detectives
3963 5210 151 31 immediately
4128 5217 29 16 on

3602 5243 90 30 leaving
3702 5243 39 23 the
3750 5243 91 24 church.
3871 5242 48 24 The
3933 5242 82 31 obarge
4024 5248 45 18 was
4083 5248 41 16 one
4133 5240 25 24 of

3602 5273 98 31 forgery,
3721 5273 132 24 committed
3874 5280 59 16 some
3952 5273 55 23 time
4020 5271 136 32 previously.

3602 5302 48 24 The
3664 5304 165 36 newly-united
3843 5304 50 30 pair
3907 5309 60 18 were
3982 5310 25 17 ac
4024 5309 55 17 once
4095 5308 49 24 sepa-

3601 5334 74 28 rated,
3690 5341 45 15 ana
3752 5334 131 29 eventually
3901 5334 40 23 the
3959 5333 138 30 bridegroom
4111 5339 48 16 was

3601 5363 121 24 sentenced
3741 5365 25 23 to
3782 5370 68 18 seven
3864 5363 73 31 years'
3951 5362 66 32 penal
4032 5361 122 25 servitude.

3601 5393 64 23 Good
3684 5394 99 24 conduct
3796 5394 78 24 whilst
3891 5395 24 22 in
3929 5392 50 32 gaol
3993 5391 98 26 resulted
4105 5392 24 23 in
4142 5398 16 16 a

3602 5423 178 26 ticket-of-leave
3789 5424 68 32 being
3863 5424 96 31 granted
3968 5422 59 25 after
4035 5422 69 25 about
4113 5421 44 24 five

3600 5454 72 29 years'
3682 5455 123 28 servitude,
3813 5461 46 17 ana
3866 5457 41 21 not
3916 5453 59 25 until
3982 5454 40 23 the
4031 5452 125 31 expiration

3600 5483 24 24 of
3643 5483 53 25 that
3714 5485 80 30 period
3811 5491 47 18 wu
3877 5485 39 24 the
3935 5483 63 25 bride
4017 5482 93 25 allowed
4131 5484 25 22 to

3600 5514 103 23 embrace
3722 5515 40 22 her
3785 5515 103 23 husband
3911 5522 26 15 or
3959 5515 40 22 the
4018 5515 139 28 honeymoon

3601 5544 92 30 capable
3702 5544 24 24 of
3736 5544 67 32 being
3811 5544 124 31 proceeded
3944 5544 63 23 with.

3628 5574 22 22 A
3665 5575 139 30 honeymoon
3821 5575 84 29 lasting
3924 5581 54 17 over
3997 5573 43 24 five
4058 5580 65 23 years
4137 5579 20 15 n

3600 5604 112 29 certainly
3726 5612 30 15 an
3770 5605 153 28 eccentricity.
3960 5603 22 23 A
3997 5610 76 22 young
4081 5602 62 23 noble-

3600 5640 52 17 man
3668 5634 45 23 had
3729 5635 55 23 such
3801 5642 14 16 a
3831 5633 82 24 dislike
3922 5635 25 22 to
3956 5633 106 30 ordinary
4071 5631 85 29 society

3600 5663 53 25 that
3662 5671 29 17 on
3699 5664 35 24 his
3740 5665 110 29 marriage
3860 5664 29 24 he
3898 5664 54 24 took
3963 5663 34 24 his
4004 5663 52 24 wife
4063 5661 90 28 abroad,

3600 5694 45 23 and
3656 5695 110 23 travelled
3781 5695 70 23 about
3867 5695 57 22 from
3938 5694 63 29 place
4011 5695 24 21 to
4044 5692 63 30 place
4119 5691 37 22 for

3600 5731 60 16 some
3670 5724 44 24 five
3723 5731 73 24 years,
3807 5724 100 31 refusing
3916 5726 25 21 to
3950 5722 70 31 spend
4029 5728 60 17 more
4098 5720 56 24 than

3600 5762 14 15 a
3623 5755 63 22 week
3696 5762 25 15 or
3736 5758 46 19 two
3799 5756 25 21 at
3839 5762 42 16 one
3895 5755 69 33 place.
3994 5753 21 27 A
4025 5750 128 33 protracted

3600 5784 147 32 honeymoon,
3758 5784 69 32 truly.

1746 96 231 52 MOUNT
1996 94 151 55 JEN
2165 94 127 47 GER
2338 91 182 56 MAIL,

229 127 180 30 SATURDAY,
424 127 187 26 SEPTEMBER
625 130 22 27 5,
665 129 54 24 1896.

1868 5155 33 22 At
1913 5154 38 23 the
1966 5152 120 24 Acadcmie
2103 5153 27 23 de
2148 5155 115 23 Mcdecine
2283 5155 32 24 M.
2336 5156 61 29 Levy

1840 5184 86 23 related
1936 5192 14 15 a
1959 5182 139 25 remarkable
2106 5191 49 16 case
2162 5185 23 23 of
2192 5193 14 14 a
2214 5186 183 30 well-developed

1839 5216 69 23 fwtus
1917 5214 71 25 found
1998 5214 23 23 in
2032 5213 38 23 the
2080 5213 108 26 abdomen
2199 5216 22 24 of
2231 5224 13 15 a
2254 5223 75 24 young
2337 5225 58 16 man.

1840 5247 47 23 The
1906 5253 52 15 man
1978 5244 45 24 had
2038 5244 103 29 suffered,
2162 5247 19 22 it
2200 5254 78 21 seems,
2297 5248 36 22 for
2352 5251 45 20 two

1840 5284 65 22 years
1928 5277 58 22 from
2009 5282 30 16 an
2061 5274 128 25 abdominal
2213 5279 82 25 tumor,
2323 5279 74 22 which

1840 5306 119 31 gradually
1973 5304 102 24 attained
2090 5312 13 15 a
2120 5306 152 25 considerable
2288 5308 51 23 size.
2370 5307 28 24 In

1840 5338 39 23 the
1889 5344 78 16 course
1977 5335 23 24 of
2010 5335 39 23 the
2058 5334 141 32 laparotomy
2209 5338 126 29 performed
2352 5339 46 23 this

1840 5370 75 21 tumor
1926 5373 45 17 was
1981 5364 68 24 found
2061 5367 24 21 to
2094 5365 28 23 be
2131 5367 101 23 situated
2246 5367 102 25 between
2359 5369 39 23 the

1840 5397 133 24 mesenteric
1981 5395 65 24 folds.
2077 5394 24 24 It
2115 5397 120 23 contained
2250 5406 13 14 a
2280 5399 117 29 yellowish

1840 5428 126 32 gelatinous
1975 5424 72 31 liquid
2056 5425 45 22 and
2111 5433 13 15 a
2136 5427 184 30 well-developed
2329 5429 69 23 ftutus

1840 5460 23 22 of
1882 5459 70 22 about
1975 5456 43 23 five
2037 5456 96 22 months.
2173 5458 48 22 The
2240 5459 90 28 patient
2349 5466 36 16 suc-

1840 5487 95 26 cumbed
1950 5485 147 30 twenty-four
2113 5486 68 24 hoars
2197 5488 60 23 after
2275 5489 40 23 the
2334 5496 51 23 oper-

1840 5520 70 22 ation.
1950 5517 47 23 The
2021 5515 94 29 speaker
2138 5519 130 22 considered
2287 5519 53 22 that
2358 5521 40 21 the

1840 5552 51 27 cyst
1906 5545 120 26 should-be
2041 5545 85 23 classed
2142 5553 81 25 among
2242 5548 65 23 those
2326 5550 71 23 called

2007 5577 40 22 not
2063 5575 153 33 infrequently
2232 5581 47 21 met
2298 5580 57 23 with
2372 5580 25 22 in

1841 5616 75 23 young
1926 5606 99 31 girls.—'
2034 5605 98 23 Medical
2141 5606 80 25 Press.'

1869 5639 22 23 A
1900 5637 60 24 little
1971 5635 174 29 three-year-old
2152 5640 61 21 went
2221 5640 24 21 to
2254 5646 14 15 a
2278 5638 120 25 children's

1841 5672 74 28 party.
1956 5667 34 24 On
2014 5665 39 23 her
2077 5668 77 21 return
2178 5668 40 23 she
2241 5669 50 24 said
2310 5671 24 22 to
2357 5670 41 23 her

1842 5702 91 27 parents
1943 5707 5 14 :
2031 5695 51 24 that
2091 5700 68 26 party
2168 5706 13 14 a
2191 5699 61 23 little
2261 5700 44 29 girl
2314 5700 40 22 fell
2367 5700 31 22 of!

1842 5731 40 22 her
1891 5729 69 23 chair.
1991 5726 39 22 All
2047 5725 38 23 the
2095 5727 65 23 other
2169 5729 54 28 girls
2240 5729 105 30 laughed,
2357 5729 41 23 but

1842 5760 12 23 I
1865 5758 96 25 didn't."
2017 5755 66 28 Well,
2095 5756 52 30 why
2157 5758 74 23 didn't
2246 5767 45 22 you
2301 5760 68 30 laugh

1868 5790 77 25 'Cause
1957 5788 12 25 I
1978 5794 45 17 was
2034 5785 38 24 the
2082 5792 42 18 one
2134 5787 51 25 that
2195 5788 39 25 fell
