4240 5920
195 190 79 32 THE
287 189 100 29 LOAN
405 188 92 30 BILL.

68 274 73 29 [Float
149 277 46 18 the
201 272 61 22 Stab
268 276 14 17 a
289 272 192 20 Parliamentary
490 268 120 21 Reporter
618 267 9 26 ]

180 341 8 11 .•
203 332 9 26 J
221 327 219 28 WELLINGTON,
451 328 99 23 Atrocsr
562 327 35 25 27.

80 357 3 33 -
93 361 220 29 JlrltaftsaNGßY
323 359 49 25 Mid
382 359 53 24 that
444 358 29 24 he
483 357 45 25 had
537 360 41 21 not
588 359 47 28 yet;

69 396 56 24 In—
135 394 52 24 aHn
195 397 24 21 ti
233 392 102 24 dkoover
351 390 63 24 what
430 390 47 23 this
493 389 75 30 potocy
584 387 44 26 Bill

246 422 76 24 There
327 427 46 17 wm
382 423 42 19 not
433 420 40 22 the
479 420 107 29 slightest
595 419 22 22 in-

71 455 99 26 diMliai
179 451 133 28 hMfrt'Bil
327 451 63 24 what
405 450 40 24 the
461 449 127 25 intentions
605 448 23 24 of

70 486 211 27 tfce4fr«waßWt.
287 482 146 31 aattarTO.
465 481 66 31 They
544 481 85 29 merely
632 481 3 32 f

72 518 51 30 ■pet
130 525 10 15 ii
150 522 48 25 qaix
207 512 4 36 i
219 515 44 30 ifllj
274 514 22 23 nf
515 520 14 21 j
539 512 34 23 for
583 519 45 15 eer-

74 548 46 24 Isiii
131 550 111 26 iwrpnti
255 543 100 25 without
362 543 79 30 giving
456 542 136 30 particulars
606 540 27 24 of

71 576 142 26 tINJMnaM
221 576 26 23 hs
255 574 74 23 which
338 574 27 22 it?
369 580 47 16 wm
422 576 32 19 to
465 572 29 23 be
502 571 129 31 expended.:

72 606 37 26 He
119 606 97 31 thought
226 605 52 23 that
286 604 76 24 before
372 603 40 23 the
428 602 156 24 Government
591 601 26 24 de-

75 637 151 27 iiMtwlihw*'
236 635 42 25 Hit
289 634 191 29 non-borrowing,
496 633 42 24 seU
548 633 82 24 reliant

73 670 74 29 policy
156 664 225 30 tewfcMfthtyfcad
384 663 101 32 fledged
492 663 142 24 themselvea

73 701 29 21 at
113 699 40 23 the
169 696 94 29 Ocetgal
271 693 2 32 i
414 700 43 17 nnn
478 700 60 23 nptm
556 693 75 23 which

73 728 55 31 they
138 728 45 24 had
191 727 57 24 been
257 725 94 29 elected,
362 725 55 30 they
431 723 84 26 ehoold
527 724 66 30 again
602 730 29 24 go

73 762 26 21 to
108 759 40 24 the
156 758 85 31 people.
271 757 37 25 ff«
318 755 43 30 hsri
372 755 56 25 hnan
437 754 88 25 nlw.tfd
534 753 96 31 pledged

74 793 26 23 to
108 788 189 32 non-Dorrowing,
300 807 9 13 f
312 786 45 27 and
364 793 67 18 .even
531 785 104 24 Govern-,

75 823 62 21 ment
145 820 38 22 did
193 820 83 29 depart
285 819 56 22 from
351 816 61 24 their
419 816 93 30 pledgee
518 816 31 22 he
556 814 75 24 would

75 846 140 39 not'depart
228 849 64 23 from
309 848 35 22 his
353 856 16 16 »
381 846 124 24 Thatwas
522 846 35 22 his
572 845 60 23 chief

75 888 78 19 reaion
158 871 129 38 lor.voting
292 877 92 31 againat
394 876 40 24 the
442 876 53 26 Bill.

103 915 38 25 Mr
149 915 28 24 G.
188 914 140 24 Hutchison
337 912 51 24 said
404 912 24 23 of
442 919 78 16 course
537 911 40 24 the
587 910 45 25 Bill

76 946 76 30 wM&
238 950 28 22 hr
396 942 175 26 FtfbttiTWorks
588 949 33 17 ser-

76 980 51 23 vioe
135 978 74 25 would
219 977 27 24 be
255 975 130 32 paralysed,
392 975 46 24 and
447 975 49 24 this
501 975 24 24 in
536 974 40 24 the
584 974 49 23 face

76 1009 78 27 oitfce
169 1006 172 29 GoveramesVe
357 1005 105 27 boast/of
476 1005 61 25 their
554 1007 80 29 strong

78 1041 91 24 finance.
198 1039 26 27 It
240 1046 47 20 wm
386 1040 154 27 ootjimentory
549 1044 30 16 on
595 1036 43 24 the

77 1071 74 29 policy
168 1070 23 22 of
205 1070 42 25 the
260 1070 163 25 Government,
440 1067 45 22 and
502 1074 42 15 one
560 1066 74 22 which

78 1099 81 27 would
179 1105 29 18 no
234 1098 74 25 doubt
330 1096 28 25 ha
376 1096 73 31 rdoly.
464 1095 69 26 noted
552 1095 87 30 during

78 1131 57 25 the-,
146 1133 64 26 aftxt>-
226 1129 43 24 few
279 1133 11 18 /
298 1128 97 24 months.
449 1126 48 25 The
526 1126 108 30 Ministry

79 1161 46 26 had
158 1160 107 31 eseapeis
282 1167 68 22 many
382 1158 70 31 perils
480 1158 53 24 that
560 1156 75 26 would

79 1192 59 25 have
148 1190 101 26 wrecked
260 1190 75 24 better
342 1194 61 19 men.
428 1188 34 24 Of
472 1189 39 23 the
521 1194 80 23 money
612 1189 24 22 to

78 1221 111 27 baeaisad
365 1220 35 25 for
403 1218 128 32 goldfields,
539 1218 45 24 and
590 1218 46 23 this

79 1259 46 17 was
134 1251 115 31 ptepooe&
259 1251 31 30 fay
304 1251 42 26 the
356 1255 98 21 mea»er
465 1250 41 23 for
517 1248 119 24 We3ttond

78 1282 45 23 and
134 1282 39 22 the
182 1281 54 30 paid
246 1285 67 25 agent
323 1281 23 22 of
356 1288 13 15 a
377 1280 88 29 foreign
480 1279 53 30 gold
551 1279 86 28 mining

79 1310 122 30 syndifljtfli
235 1310 36 23 He
290 1310 108 28 thought'
407 1310 53 21 that
477 1315 102 15 common
598 1308 25 22 de-

78 1346 72 24 oency
155 1337 88 33 .should
262 1340 58 23 have
335 1337 122 31 prevented
478 1337 48 22 the-
536 1337 102 23 Premier

78 1371 56 21 from
146 1370 104 29 bringing
259 1368 66 26 down
335 1368 55 22 such
407 1375 15 15 a
437 1366 112 31 proposal.
581 1366 55 24 This

77 1403 53 22 vote
133 1396 3 31 ,
146 1403 110 22 we#-not.
264 1398 35 26 for
309 1397 39 26 the
358 1402 108 25 purposes
475 1397 25 22 of
508 1396 126 29 advancing

76 1429 132 25 settlement
226 1436 24 15 or
269 1427 40 24 the
329 1428 105 23 interests
449 1427 22 23 of
492 1427 39 24 the
543 1425 89 32 colony,

76 1460 44 24 bat
149 1460 42 24 ier
227 1460 40 23 the
308 1458 84 25 benefit
429 1458 25 23 of
494 1457 141 29 speculating

245 1488 49 26 The
317 1488 78 23 House
418 1493 62 17 was-
493 1483 48 28 alio
563 1486 70 23 asked

76 1523 26 20 to
137 1521 54 23 vol#
227 1518 112 27 £250,000
374 1517 35 22 for
446 1516 105 29 railways
588 1515 44 23 and

252 1540 74 31 rbsids-
336 1546 46 23 and
398 1545 98 30 bridges,
508 1545 45 23 but
559 1552 30 16 no
599 1545 21 22 in-

75 1578 100 28 d*eat|e»
184 1584 47 21 WW
238 1577 68 31 given
314 1583 27 21 af
347 1578 27 22 to
378 1575 43 27 the
427 1574 124 32 particular
556 1574 76 24 works

76 1613 25 21 to
123 1608 148 30 beeatfjedr
284 1615 36 17 en.
364 1606 25 25 It
412 1613 47 17 was
482 1613 15 16 a
521 1605 111 30 complete

75 1642 135 28 *JMtery«to
221 1639 45 26 bi»J*
281 1638 52 24 that
349 1638 40 22 the
399 1637 98 22 Premier
514 1636 44 22 had
576 1636 55 22 been

74 1662 58 36 afak
147 1672 26 24 to
273 1667 42 30 N:
331 1667 98 30 portion
447 1672 26 18 so
492 1665 59 31 long.
592 1665 38 24 Mr

75 1697 151 33 .Seddon,,h%d
243 1698 99 30 dragged
357 1697 67 27 down
441 1696 91 31 policies
539 1704 25 16 in
575 1695 56 25 New

180 1732 26 23 ta
215 1737 14 15 a
238 1729 70 29 depth
319 1735 67 16 never
403 1727 78 27 before
496 1726 97 26 touched
608 1726 23 23 in

74 1767 44 23 any
137 1759 86 24 British
243 1759 86 28 colony,
356 1758 38 22 the
424 1761 88 19 nearest
534 1756 97 29 analogy

73 1789 195 33 bewg;America,
292 1789 75 22 where
391 1787 139 37 respectable
548 1786 80 31 people

75 1821 43 27 had
128 1820 79 26 deMßid
217 1823 25 20 to
252 1820 54 23 take
316 1822 52 27 part
379 1819 22 22 in
410 1818 98 30 politics.

99 1857 98 30 Gaptiin
214 1857 108 22 Russell
336 1855 99 24 referred
452 1857 24 21 to
496 1854 39 23 the
554 1853 77 30 injury

75 1887 83 24 oagfeei
166 1890 24 19 Id
198 1887 40 22 the
247 1887 80 27 colony
337 1885 32 29 by
377 1885 117 22 continual
502 1885 129 27 borrowing

75 1918 34 23 for
125 1923 67 24 yeaca
198 1918 59 28 pakt.
287 1912 25 35 If
325 1912 12 35 3
350 1912 37 35 had
402 1914 56 23 been
475 1913 114 24 reminded
600 1912 30 32 by

75 1947 38 25 Mr
122 1946 142 26 'Mtbaohlan
273 1946 29 23 ef-
313 1952 17 16 a
339 1945 81 30 speech
431 1944 28 23 he
468 1944 65 23 mode
540 1945 90 27 twenty

74 1985 67 22 yearn
144 1984 45 23 age
199 1976 134 29 advocating
341 1976 56 22 that
405 1977 91 26 twenty
502 1974 98 22 millions
605 1973 26 23 of

75 2015 81 23 Money
165 2007 27 24 be
196 2005 121 26 .borrowed
325 2008 29 21 to
361 2005 68 24 assist
434 2004 97 24 settlers.
558 2003 72 24 There

75 2043 69 19 waaa
149 2041 70 27 great
222 2037 121 23 difference
353 2036 102 23 between
464 2042 14 15 a
489 2041 76 24 young
575 2034 44 30 poli-

76 2069 68 23 tacian
162 2067 135 30 advocating
314 2066 47 23 this
371 2065 25 23 in
412 2072 16 16 a
437 2065 66 23 small
511 2064 64 30 place
584 2064 46 22 and

74 2099 73 29 doing
149 2097 202 26 sfrintheHouse.
377 2095 42 23 He
434 2095 53 23 held
501 2096 68 22 there
584 2101 46 16 was

74 2136 30 16 no
109 2127 150 25 occasionfor
274 2129 106 23 constant
393 2125 129 30 borrowing
535 2125 36 22 for
590 2126 40 22 the

74 2158 108 31 purchase
197 2157 24 23 of
236 2156 85 24 Native
337 2156 72 28 lands,
421 2163 25 16 its
461 2154 126 25 thousands
607 2154 23 23 of

74 2191 63 23 acrM
142 2187 94 31 already
245 2187 175 31 aoqutrad.i»ere
427 2186 129 29 absolutely
566 2185 64 30 lying

75 2220 53 24 idle.
156 2220 33 23 As
198 2219 35 24 for
241 2219 48 24 this
297 2218 52 28 Bill,
357 2218 28 23 be
395 2217 75 24 would
480 2219 54 21 vote
541 2217 92 34 against

75 2251 55 25 ital
132 2250 110 31 together.
271 2249 50 25 The
332 2249 97 30 position
447 2255 50 17 now
515 2255 48 17 was
579 2248 52 23 that

75 2281 123 25 imieaadn
207 2281 154 23 Government
367 2279 165 30 gotautbority
542 2279 88 22 toiaise

76 2311 46 24 this
138 2317 79 23 money
228 2311 54 29 they
299 2309 74 23 would
389 2309 28 23 be
433 2308 80 23 unable
530 2308 24 23 to
571 2310 60 20 meet

76 2342 39 22 the
125 2346 158 25 engagements
292 2340 55 30 they
358 2339 145 23 bad-entered
517 2339 55 26 into,
584 2338 46 23 and

75 2372 29 22 he
114 2371 72 29 hoped
196 2371 40 25 the
240 2370 16 24 J
257 2372 7 11 }
264 2370 80 24 reinier
345 2368 4 32 r
350 2369 78 28 wpuld
438 2369 45 23 tell
499 2369 39 25 the
553 2368 77 23 House

75 2400 102 24 whether
191 2408 26 15 or
233 2396 41 27 hot
290 2400 28 22 he
332 2399 66 23 could
414 2406 65 22 carry
489 2406 28 15 on
533 2398 99 23 without

75 2431 47 23 this
128 2430 52 24 Bill.
196 2430 65 30 They
266 2429 45 24 had
317 2429 160 24 been-ftteadilv
482 2427 102 31 working
591 2431 40 21 toa

75 2461 77 24 deficit
160 2461 31 23 all
201 2462 39 22 the
250 2461 54 22 time
314 2460 200 27 thejGovernment
524 2459 43 23 had
576 2459 55 23 been

75 2492 23 23 in
108 2492 70 29 offipe,
193 2499 33 17 as.
230 2488 40 26 the
280 2490 71 24 whole
368 2490 23 23 of
409 2490 59 23 their
485 2489 85 24 finance
587 2489 44 24 had

75 2521 87 24 broken
170 2521 73 28 down,
255 2521 39 23 the
308 2518 87 26 Public.
405 2518 84 26 Works
504 2520 66 23 Fund
588 2519 44 24 had

75 2550 154 38 disappeared,
241 2551 44 24 and
294 2551 56 30 they
367 2557 59 16 were
442 2557 50 17 now
509 2549 123 31 compelled

76 2586 25 20 to
115 2589 58 17 raise
191 2574 56 32 this,
256 2582 52 23 loan
327 2584 25 21 to
370 2586 66 25 carry
454 2588 29 17 on
502 2581 63 23 with.
596 2580 37 23 He

76 2612 109 32 regarded
193 2612 49 22 this
255 2612 46 22 Bill
316 2619 25 15 as
357 2614 60 20 most
431 2610 165 30 objectionable
610 2610 23 23 in

77 2648 69 25 every
162 2648 57 26 way.
248 2640 28 27 It
287 2640 83 26 shonld
386 2637 29 29 be
430 2640 76 30 styled
522 2640 41 24 the
577 2639 57 25 New

77 2673 98 27 Zealand
185 2673 62 24 Lb&n
257 2671 52 30 Act,
326 2671 46 25 and
381 2672 28 23 he
419 2671 68 24 failed
497 2674 25 21 to
531 2679 36 16 see
581 2670 53 32 why

77 2705 21 22 it
104 2703 84 28 should
200 2700 30 26 be
244 2702 89 24 treated
349 2699 130 33 differently
494 2701 59 24 from
570 2702 65 23 other

78 2732 127 31 borrowing
221 2731 64 25 Bills.
320 2732 56 23 This
391 2732 46 22 Bill
454 2738 45 16 was
519 2732 39 22 the
576 2734 65 20 most,

78 2762 98 34 flagratjt
182 2765 102 28 attempt
294 2764 24 22 to
327 2759 64 27 bribe
407 2759 40 26 the
462 2761 174 24 constituencies

79 2794 52 24 that
141 2793 28 24 he
179 2793 45 24 had
233 2797 56 20 ever
295 2789 69 30 heard
375 2792 30 29 of,
422 2798 26 17 as
457 2792 20 24 it*
492 2787 95 30 allowed
596 2791 40 24 the

80 2824 101 24 Premier
189 2826 29 24 to.
221 2823 74 31 spend
302 2829 80 23 money
389 2822 115 24 wherever
510 2822 33 23 he
546 2822 90 30 pleased

80 2854 45 23 and
135 2854 51 22 how
200 2855 29 21 Ire
245 2850 97 34 pleased.
374 2852 35 22 He
425 2852 70 23 asked
514 2849 53 32 why
582 2852 54 29 they

80 2883 80 27 should
170 2883 91 26 'borrow
270 2882 117 32 .£200,000
400 2881 36 25 for
452 2881 125 33 goldfields,
593 2881 43 24 and

80 2914 52 25 held
141 2914 54 25 that
210 2914 94 31 English
320 2913 83 31 capital
419 2920 46 17 was
478 2913 98 31 pouring
589 2913 49 23 into

80 2946 40 24 the
141 2946 86 30 colony.
264 2944 73 24 There
359 2951 46 16 was
424 2951 29 16 no
473 2944 111 30 necessity
603 2943 35 24 for

80 2976 79 29 taxing
168 2976 40 24 the
222 2975 73 23 whole
305 2975 24 23 of
339 2975 40 23 the
388 2974 79 31 people
475 2974 25 24 of
509 2974 39 23 the
558 2974 80 29 coloßy

78 3006 36 23 for
130 3006 49 22 this
191 3004 118 31 goldfields
328 3004 155 29 expenditure.
515 3003 36 23 He
570 3004 66 29 again

78 3034 77 26 stated
162 3036 23 23 it
194 3038 25 21 to
228 3035 29 24 be
271 3041 16 18 a
301 3038 59 20 most
370 3035 114 30 improper
492 3034 99 30 position
602 3033 36 24 for

79 3068 40 23 the
142 3066 100 25 Premier
264 3069 26 21 to
313 3066 28 24 be
359 3068 70 31 agent
445 3066 24 23 of
493 3065 40 23 the
553 3065 83 36 Anglo-

78 3096 98 24 Genaan
194 3097 129 28 Syndicate,
344 3103 45 15 ana
407 3095 50 23 said
477 3096 36 22 his
533 3098 90 27 appoint-

78 3128 66 21 ment
155 3132 50 16 was
219 3126 44 22 due
274 3128 33 20 .to
321 3126 36 23 his
372 3125 68 29 being
449 3125 100 22 Premier
558 3125 25 21 of
596 3125 40 21 the

78 3156 87 32 colony,
185 3155 45 26 and
249 3158 41 22 not
309 3155 94 24 because
427 3155 28 24 he
475 3162 46 17 was
535 3154 100 25 Richard

78 3188 96 24 Seddon.
204 3187 26 25 It
238 3195 53 17 .waa
307 3187 122 30 positively
445 3186 92 28 absurd,
557 3188 24 21 in
601 3186 35 23 bis

77 3217 100 30 opinion,
187 3217 55 25 that
254 3217 112 27 £200,000
383 3216 81 23 should
483 3216 28 22 be
525 3220 66 25 spent
606 3223 29 15 on

77 3246 192 32 gel4BeUU<whee
279 3247 54 37 only
342 3247 98 28 £30,000
449 3254 62 16 more
519 3253 46 16 was
574 3247 24 23 to
607 3245 29 24 be

77 3278 98 25 devoted
181 3280 27 22 to
215 3278 41 24 the
263 3277 76 25 whole
351 3277 54 24 oft
406 3278 29 23 he
447 3277 106 29 railways
562 3276 74 24 inthe

78 3308 86 30 oolony.
195 3308 37 23 He
245 3307 99 30 changed
360 3308 42 22 the
416 3308 156 22 Government
578 3307 58 22 with

77 3339 86 30 hatogg
177 3338 127 24 exhausted
323 3344 73 23 every
411 3337 98 30 possible
532 3337 59 23 form
612 3337 24 23 of

77 3369 128 29 booowiag
222 3369 26 24 in
266 3369 40 23 the
324 3370 61 27 past,
396 3367 45 24 and
459 3368 56 29 they
525 3367 45 23 had
584 3374 51 15 now

78 3402 28 23 to
140 3399 88 23 borrow
264 3398 84 30 openly
381 3398 54 29 only
468 3400 26 20 to
521 3400 117 20 construct

78 3429 78 30 pafatie
178 3428 94 25 tworka,
297 3431 26 19 at
357 3427 41 24 the
432 3435 64 15 same
529 3429 49 21 rate
613 3435 25 14 as

79 3457 55 32 they
148 3458 47 25 had
214 3458 60 24 been
297 3457 150 30 progressing.
491 3456 70 24 Their
583 3457 54 29 only

78 3489 84 27 chance
176 3491 25 22 te
221 3489 103 28 improve
336 3487 46 24 this
402 3487 46 24 BUI
466 3494 47 16 waa
528 3490 25 20 to
566 3487 73 29 reject

78 3519 24 23 it
115 3518 137 30 altogether,
273 3518 43 22 and
341 3517 41 25 the
392 3517 157 24 Government
562 3517 74 29 might

78 3549 67 30 bring
154 3549 67 23 down
231 3548 96 24 another
334 3547 49 26 Bill
391 3547 106 30 properly
506 3546 130 29 scheduled,

80 3587 24 16 so
127 3579 53 26 that
202 3579 42 24 the
262 3578 82 30 colony
363 3577 77 31 might
459 3585 39 17 sea
516 3578 64 24 what
598 3578 40 23 the

80 3610 155 23 Government
253 3616 62 16 were
334 3609 66 29 going
422 3611 24 20 to
466 3608 30 23 do
510 3609 45 22 and
577 3615 61 22 upon

80 3640 62 25 what
156 3639 110 31 principle
278 3639 58 29 they
349 3638 75 25 actecL
454 3638 25 23 It
492 3645 47 16 was
554 3638 84 23 useless

80 3674 25 18 to
116 3669 175 30 sappos*they
304 3669 67 24 oould
391 3668 82 24 amend
485 3668 50 23 this
553 3668 47 24 Bill
614 3669 24 21 in

80 3699 163 25 oommiWeeas
249 3699 26 25 it
279 3706 31 18 »o
311 3704 21 20 w
339 3698 75 27 stood.
440 3697 24 25 It
470 3705 46 16 was
522 3698 50 23 said
582 3698 56 29 they

80 3732 62 23 must
155 3737 28 23 go
196 3736 30 18 ob
241 3729 134 31 borrowing,
390 3728 43 25 bat
447 3728 28 25 he
489 3727 94 33 pointed
596 3732 42 20 out

79 3761 53 25 that
141 3760 44 26 tto
193 3760 82 30 oniony
287 3760 47 24 had
342 3759 117 25 borrowed
472 3760 62 23 since
546 3760 54 24 1870
609 3767 29 16 no

78 3792 44 24 less
135 3791 58 25 than
380 3790 36 24 for
430 3790 74 24 which
516 3797 122 15 .mormons

78 3821 97 24 interest
182 3827 47 18 was
237 3820 66 30 paid*
308 3821 132 28 amounting
448 3822 24 20 to
482 3820 155 27 £.34,535,000,

78 3850 82 32 during
170 3850 39 25 the
219 3850 56 25 time
284 3850 39 24 the
333 3850 76 31 public
419 3849 75 24 works
508 3849 75 31 policy
593 3856 46 17 was

78 3883 23 23 in
111 3883 120 25 existence.
262 3881 64 31 They
343 3889 59 16 were
419 3881 89 30 leaving
525 3880 114 31 posterity

77 3919 159 18 anenoiMoaa
242 3911 66 28 debt,
318 3912 75 23 which
403 3918 47 16 was
464 3911 131 28 constantly
605 3912 22 21 in-

78 3943 109 29 creasing,
195 3941 49 24 and
250 3941 55 30 they
316 3948 59 17 were
384 3941 111 30 plunging
504 3940 49 24 into
569 3948 14 16 a
589 3947 38 23 sys-

78 3976 46 22 tem
133 3973 23 25 of
164 3966 130 38 Wowing
302 3972 75 25 which
387 3979 48 20 was
442 3970 128 31 absolutely
577 3970 62 25 reck,

72 4003 55 24 less.
158 4004 23 22 If
189 4004 40 22 the
243 4004 110 22 Premier,
360 4002 46 24 had
415 4010 15 15 a
443 4002 108 28 majority
560 4002 25 22 in
600 4002 40 22 the

77 4036 57 21 next,
141 4032 140 24 Parliament
290 4032 84 27 (which
389 4031 94 23 Heaven
499 4031 92 27 forbid),
610 4031 29 22 he

77 4061 112 26 wonldbe
198 4061 54 26 able
259 4064 26 21 to
292 4061 63 25 hand
370 4068 56 17 over
442 4060 40 24 the
497 4068 81 22 money
588 4068 38 22 pro-

77 4092 71 32 posed
155 4095 26 22 to
189 4092 30 25 be
227 4091 118 26 borrowed
354 4092 23 23 in
384 4098 48 23 any
442 4098 50 23 way
503 4091 29 24 be
541 4090 97 31 pleased,

78 4124 44 23 and
132 4124 40 24 the
182 4123 77 25 Hoase
269 4123 80 23 should
360 4125 40 21 not
415 4122 65 30 place
493 4122 48 23 him
549 4122 25 22 in
586 4122 55 22 that

78 4155 106 28 position.

105 4183 142 24 MeFnA&tft
257 4190 46 16 was
318 4183 112 29 perfectly
441 4182 51 23 well
501 4189 73 16 aware
588 4181 52 23 that

79 4212 76 31 pablie
165 4212 76 25 works
254 4212 68 25 could
336 4214 41 22 not
393 4211 28 25 be
436 4211 88 25 carried
534 4219 29 16 on
573 4212 52 23 with-

77 4246 43 24 ost
285 4242 47 25 He-
341 4250 48 18 waa
405 4242 49 24 also
475 4242 110 31 prepared
610 4245 25 21 to

77 4274 73 26 admit
158 4278 37 21 are
201 4273 70 25 could
287 4276 42 22 not
343 4276 52 26 stop
411 4280 43 17 oht
467 4273 78 29 public
554 4273 82 28 works,

76 4304 47 30 a*|
142 4304 112 25 therefore
273 4304 64 25 there
355 4311 48 17 was
413 4311 20 16 a
448 4304 112 29 necessity
570 4303 35 24 for
621 4311 14 16 a

77 4334 210 26 Btiletthia&nd.
328 4334 39 24 Ho
374 4334 90 28 should,
476 4334 110 28 however,
598 4337 41 20 not

78 4369 97 28 support
193 4365 43 25 tii*
256 4365 54 28 Bill,
334 4367 42 22 not
399 4365 94 25 beeapse
516 4365 23 23 it
559 4369 47 19 was
624 4372 14 16 a

76 4396 131 29 borrowing
221 4403 111 19 measure,
343 4395 52 27 .bat.
407 4396 23 21 in
449 4402 151 22 consequence
614 4395 24 22 of

76 4426 40 23 tin
123 4418 111 32 sojfeednlef
246 4427 25 22 to
286 4424 40 24 the
338 4423 54 29 Bill,
403 4424 75 24 which
487 4424 31 23 he
524 4424 111 30 regarded

75 4464 27 16 aa
108 4457 80 30 giving
198 4456 40 26 the
247 4456 154 26 Government
411 4463 14 15 a
436 4454 67 24 blank
518 4455 85 30 cheque
612 4457 25 21 to

76 4487 34 23 fill
132 4487 24 23 in
174 4493 29 18 aft
223 4487 55 28 they
297 4485 98 30 pleased,
400 4485 3 30 i
440 4485 37 24 He
500 4485 136 23 condemned

76 4516 90 31 placing
200 4516 39 24 the
275 4515 104 25 Midland
391 4518 5 22 (
409 4515 104 31 Railway
541 4515 24 24 in
598 4515 39 24 the

76 4548 114 26 SbhediUe,
207 4547 46 25 and
269 4546 50 24 said
335 4547 25 23 ifc
373 4553 46 17 was
428 4553 69 16 never
506 4546 130 23 authorised

76 4577 30 30 hy
118 4577 38 24 the
165 4577 89 27 House,
267 4576 45 24 and
326 4584 31 16 no
373 4576 56 24 lines
448 4581 42 17 not
506 4576 131 23 authorised

75 4607 198 24 forthe-lastfew
281 4612 67 25 years
361 4606 80 25 should
457 4606 28 24 be
502 4608 42 28 put
558 4606 24 23 in
596 4606 40 23 the

76 4637 115 25 sehedaleu

228 4666 218 27 WELLINGTON,
462 4667 98 23 Acauwr
569 4668 35 22 28.

102 4697 49 24 The
161 4697 121 23 Minister
291 4703 29 16 o*'
330 4696 80 23 Lands
421 4696 105 28 inquired
532 4697 103 21 whether

76 4727 22 24 it
104 4734 48 18 was
161 4727 97 30 possible
268 4727 35 23 for
314 4726 39 24 the
363 4726 78 29 colony
454 4728 24 21 to
492 4733 29 22 go
530 4732 30 16 on
569 4725 53 24 with-

75 4760 41 23 out
125 4765 16 19 a
148 4758 60 25 loan.
238 4757 39 23 He
284 4757 53 23 held
346 4757 19 22 it
374 4764 45 15 was
427 4758 49 26 not,
488 4756 43 23 but
535 4755 101 24 asserted

76 4788 53 24 that
133 4786 407 31 theGovernmenthadenoughfunds
544 4788 24 21 to
571 4793 65 23 carry

76 4827 30 15 on
125 4819 40 23 the
183 4819 161 30 engagements
361 4817 56 30 they
431 4816 45 24 had
490 4816 94 24 entered
598 4824 36 16 on.

76 4849 38 23 He
115 4847 2 29 1
122 4849 83 23 denied
214 4849 55 22 that
281 4848 54 28 they
347 4847 44 23 had
400 4847 110 28 departed
525 4847 57 22 from
589 4847 3 29 ,
596 4847 41 22 the

76 4878 75 30 policy
172 4878 24 23 of
217 4877 40 24 Mr
279 4877 115 27 BaUance,
417 4876 45 23 and
487 4875 91 24 warned
598 4876 38 22 the

75 4910 35 31 Of
111 4916 50 23 post
161 4908 53 26 Won
219 4908 53 26 that
281 4910 56 28 they
347 4910 63 22 must
417 4906 52 25 feed
483 4906 39 24 Mr
531 4905 106 27 M'Guire

76 4940 51 25 wall
137 4939 57 25 with
203 4939 122 25 raadftand
334 4938 98 30 bridges,
446 4938 121 24 otherwise
581 4938 55 29 they

75 4970 70 25 cdoldf
160 4972 43 23 net
217 4970 82 25 retain,
304 4969 39 24 bis
357 4971 103 28 support.
490 4967 24 24 If
532 4968 39 22 Mr
584 4967 39 23 Bal-

76 5001 63 24 lance
149 5008 59 16 were
224 5002 104 28 amongst
344 4999 61 24 them
424 4998 79 30 to-day
517 4998 29 24 he
560 4997 75 25 would

74 5032 60 24 have
140 5033 27 22 to
174 5030 57 26 take
241 5031 76 29 things
334 5037 27 17 aa
374 5030 32 23 he
421 5029 69 23 found
507 5029 70 27 them,
588 5028 46 23 and

74 5061 75 25 would
158 5061 59 25 have
226 5063 62 26 toga
299 5061 23 23 in
329 5060 45 25 for
377 5059 47 25 this
434 5059 58 24 loan.
519 5058 37 24 He
562 5058 72 25 asked

73 5089 114 31 wfcsfchfitf.
200 5092 39 23 the
257 5092 79 24 House
355 5098 46 15 was
421 5089 112 31 prepared
550 5091 25 22 to
593 5096 41 23 say

74 5124 56 24 that
135 5123 65 25 there
208 5122 82 24 should
308 5122 27 24 be
351 5129 30 16 no
391 5128 63 17 wore
461 5120 71 25 loans.
565 5119 51 24 Mem-

47 5174 12 6 ..
74 5153 51 23 bers
130 5153 66 23 could
204 5155 41 21 not
251 5160 41 22 say
299 5153 54 29 they
361 5159 60 15 were
428 5150 111 31 prepared
545 5152 25 21 to
575 5157 59 22 open

74 5191 33 27 ujp
118 5183 46 24 Ahe
174 5186 96 26 country
280 5183 30 29 by
320 5183 105 24 taxation
437 5181 77 28 alone,
520 5180 48 24 and
579 5181 54 29 they

64 5211 4 32 •
76 5213 73 23 would
160 5213 27 23 be
197 5213 122 30 compelled
337 5216 23 21 to
375 5212 115 31 negotiate
504 5211 36 24 for
547 5218 16 16 a
572 5211 58 23 loan.

74 5243 49 26 Ike
133 5244 78 30 people
221 5244 45 24 had
282 5252 13 15 a
309 5244 67 31 right
387 5245 25 23 to
421 5242 59 24 have
489 5249 61 17 some
558 5249 41 23 say
609 5242 24 23 ia

74 5277 40 21 the
120 5277 95 25 matter,
225 5275 46 24 and
279 5275 29 24 he
318 5274 75 25 weald
402 5273 48 25 like
464 5276 25 21 to
504 5269 68 27 know
581 5273 51 23 how

74 5310 68 24 many
159 5304 111 25 members
285 5304 81 24 weald
381 5303 89 24 declare
494 5303 54 24 that
568 5303 65 22 there

73 5334 81 31 pbMtf
464 5333 55 25 This
525 5333 108 31 question

73 5365 80 25 w**of
158 5365 107 25 ao>muob
268 5365 144 30 important*
421 5365 54 23 that
480 5364 42 23 the
530 5364 87 22 Govern-

74 5397 64 24 ment
154 5395 75 26 wouJ4
245 5397 42 22 not
304 5395 56 25 take
378 5393 51 28 the.
436 5394 108 25 deoision.
551 5393 24 25 of
588 5393 50 24 the.

73 5425 151 27 Hoxeeifleifc
255 5426 64 31 They
328 5433 60 17 were
393 5425 114 31 prepared
523 5428 24 20 to
564 5432 30 24 go
607 5426 24 22 to

74 5456 129 31 thftipeeplft
210 5456 47 26 and
271 5459 40 27 get
324 5456 171 28 theirverdict.
527 5455 22 24 If
563 5463 51 16 mem-

76 5486 52 24 ben
141 5487 101 29 jwjected
253 5487 53 24 thia
318 5487 47 23 Bill
381 5486 55 31 they
445 5487 75 23 would
537 5487 58 23 have
606 5489 25 21 to

75 5516 188 29 faoejhajnnsie.
299 5516 24 25 If
339 5517 39 23 the
384 5517 138 29 Opposition
530 5524 65 16 came
602 5524 29 15 on

74 5546 75 25 tetbft
158 5546 111 31 Treasury
279 5546 96 25 benches
386 5547 45 24 .the
440 5546 50 25 first
499 5546 66 31 thing
575 5547 56 29 tbey

74 5576 76 24 would
159 5574 58 26 have
232 5580 31 21 te,
270 5584 96 23 propose
374 5577 76 26 woold
459 5577 51 25 be*
519 5577 60 24 loan.
609 5577 22 24 If

76 5606 131 31 thfroektiy
213 5607 45 25 had
266 5610 27 23 to
301 5610 63 22 traat
378 5611 26 21 to
414 5608 57 24 local
481 5609 77 23 bodies
568 5610 24 22 to
602 5608 29 24 do

75 5638 42 25 the
125 5637 63 24 werk
197 5638 24 23 of
229 5639 132 23 settlement
372 5639 53 22 that
433 5639 64 22 work
506 5639 76 23 would
591 5640 40 21 not

75 5666 31 25 be
120 5666 68 30 done,
203 5666 95 27 because
312 5668 60 25 local
387 5668 78 24 bodies
480 5668 45 24 had
542 5670 41 22 not
593 5668 40 23 the

76 5705 77 17 means
177 5701 24 20 to
222 5698 31 24 do
274 5699 28 23 it.
348 5699 35 23 He
406 5699 71 23 asked
496 5699 40 22 the
556 5698 77 23 Bouse

75 5727 25 23 if•
116 5726 60 29 they
180 5726 2 31 ,
196 5734 59 16 were
278 5727 110 30 prepared
417 5730 26 20 to
475 5734 29 22 go
536 5729 25 20 to
593 5727 41 23 the

76 5757 96 28 oonntry
188 5755 46 25 and
246 5756 114 25 advocate
375 5757 53 23 that
443 5757 66 24 roads
526 5757 27 23 be
568 5757 67 23 made

77 5785 30 36 by
118 5786 42 27 the
167 5786 56 28 local
232 5786 85 28 bodies.
347 5786 47 29 Bub
403 5787 56 33 tbey
467 5795 58 18 were
535 5788 41 26 not
585 5794 36 26 pre-

655 187 69 31 pared
736 190 24 21 to
770 188 55 27 takp
835 188 52 24 that
896 197 85 16 course.
997 187 3 32 .
1022 189 63 30 They
1096 197 58 16 were
1170 189 48 24 told

656 219 55 29 they
734 218 82 24 should
840 221 42 21 not
910 217 111 32 purchase
1047 227 62 16 more
1133 220 85 24 Native

655 249 72 26 lands,
739 249 43 22 but
791 249 18 22 if
826 249 56 28 they
892 249 39 22 dtd
947 252 43 20 not
999 250 29 22 do
1038 256 25 16 so
1073 250 55 27 they
1143 249 75 22 would

656 278 59 23 have
721 281 27 20 to
757 277 77 32 repeal
844 278 40 23 the
901 278 44 23 Uw
960 279 73 22 which
1044 278 111 31 provided
1165 278 53 23 that

656 309 96 25 Natives
762 308 66 25 could
844 308 53 32 only
915 309 41 24 sell
970 312 25 21 to
1006 310 39 23 the
1055 310 160 23 Government.

656 341 48 23 The
721 340 79 23 House
812 340 49 22 had
873 334 44 28 /oil
934 340 88 22 control
1038 340 25 22 of
1078 340 39 22 the
1127 340 78 29 expedi-

657 375 58 26 tnre,
734 370 90 32 despite
843 370 65 25 What
923 371 37 24 Sir
978 370 28 24 R.
1026 369 70 25 Stout
1104 369 48 25 said
1155 384 7 15 *
1172 369 46 25 and

657 406 90 19 rttorns
761 408 60 16 were
830 402 117 22 furnished
957 401 31 29 by
1005 402 40 22 the
1054 402 162 26 Government,

657 432 44 24 and
715 432 40 23 the
771 431 76 23 Lands
861 431 152 29 Department
1021 430 118 23 furnished
1149 437 69 22 every

657 463 71 25 detail
749 461 24 25 of
795 468 69 25 every
883 460 56 26 road
962 460 146 25 constructed
1128 460 31 31 by
1179 460 40 24 the

657 495 159 24 Government
863 492 24 25 It
915 500 47 16 was
990 500 30 15 no
1043 498 41 17 use
1108 491 110 24 members

657 525 87 30 stating
761 524 53 23 that
829 524 55 29 they
894 528 59 18 were
969 523 88 29 against
1068 529 14 16 a
1091 522 128 30 borrowing

658 555 74 32 policy
752 554 78 24 whilst
853 554 55 29 they
927 552 110 31 expected
1056 552 68 24 roads
1147 554 25 22 to
1191 552 28 23 be

658 585 85 31 opened
754 592 32 22 up
795 585 35 22 for
839 585 139 22 settlement.

687 619 38 27 Mr
743 620 127 26 Saunders
890 619 92 25 twitted
1002 619 39 25 the
1066 618 107 25 Minister
1196 618 24 24 of

659 653 75 25 Lands
753 653 57 24 with
830 659 51 16 now
899 652 137 36 supporting
1059 649 128 30 absolutely
1206 657 13 15 a

659 679 106 28 different
774 682 75 32 policy
858 681 59 24 from
934 684 52 20 tnat
1001 681 126 23 advocated
1141 681 31 29 by
1183 679 37 23 Mr

659 714 111 23 Balfance.
802 710 37 25 Be
848 711 131 24 considered
988 711 52 23 that
1047 718 29 15 no
1085 717 79 17 reason
1174 709 47 23 had

659 744 56 24 been
732 745 77 21 shown
826 740 37 26 for
878 739 47 29 this
941 742 93 29 change.
1071 740 37 24 He
1118 740 40 24 did
1169 743 49 25 not,

660 775 111 27 however,
783 773 67 24 think
861 771 38 26 Mr
916 772 121 24 M'Kenzie
1047 771 67 24 could
1128 771 28 23 be
1166 766 53 28 held

660 804 117 32 primarily
788 801 138 33 responsible
941 803 35 24 for
993 802 47 25 this
1051 805 64 28 great
1124 802 95 30 change,

660 835 81 24 which'
758 833 46 26 had
825 834 59 24 been
908 834 99 30 brought
1033 832 71 24 about
1126 832 31 31 by
1181 832 40 23 the

660 865 100 25 Premier
786 864 44 25 and
854 865 40 23 the
917 864 48 24 late
988 862 137 25 Treasurer.'
1157 862 64 30 They

661 903 58 18 were
728 893 52 25 how
797 891 69 27 asked
884 897 23 20 to
924 894 93 23 commit
1033 894 40 23 the
1090 893 80 35 colony
1180 894 41 21 not

661 929 24 22 to
696 934 13 16 a
722 926 87 24 million
826 925 23 24 of
863 932 81 25 money
954 923 44 25 but
1014 926 24 22 to
1054 924 43 23 five
1113 922 106 29 millions,

661 958 44 24 and
730 958 28 24 he
783 957 47 30 (Mr
853 956 122 29 Saunders)
997 954 135 26 considered
1157 955 64 23 there

662 989 44 25 had
725 996 69 16 never
810 988 59 23 been
885 987 56 24 such
960 994 14 15 a
992 987 111 30 complete
1123 985 99 24 reversal

661 1018 24 26 of
703 1019 74 32 policy
797 1027 25 16 as
841 1027 46 16 was
906 1025 51 18 now
976 1016 125 29 advocated
1125 1016 31 32 by
1176 1015 46 25 this

662 1050 51 27 Bill,
744 1046 48 28 'the
807 1049 46 24 Bill
868 1052 76 20 meant
953 1056 28 16 an
992 1049 102 23 absolute
1109 1048 99 22 abandon-

663 1083 62 20 ment
741 1080 31 30 by
790 1080 39 22 the
844 1077 77 27 House
937 1079 25 22 of
980 1078 31 22 all
1029 1078 31 22 its
1074 1084 93 23 powers.
1198 1076 25 23 It

663 1117 56 26 gave
729 1110 40 24 the
779 1109 100 25 Premier
893 1116 76 24 power
983 1110 24 22 to
1016 1107 59 25 raise
1085 1106 47 25 this
1141 1113 82 24 money

663 1141 127 31 absolutely
807 1148 24 16 as
849 1140 28 24 he
893 1137 97 33 pleased.
1030 1136 45 27 He.
1085 1136 138 27 condemned

664 1173 39 23 the
713 1171 104 32 proposal
833 1172 36 22 for
884 1171 110 30 spending
1011 1170 110 29 £200,000
1137 1176 29 16 on
1183 1168 40 24 the

664 1201 125 35 goldfields,
801 1201 45 24 and
856 1202 48 23 Baia
922 1201 52 25 that
990 1201 61 25 since
1068 1208 13 16 a
1096 1199 128 31 borrowing

665 1234 74 30 policy
758 1233 45 25 had
823 1233 56 23 been
903 1231 122 25 instituted
1051 1239 29 15 no
1104 1231 44 23 les3
1167 1230 56 24 than

665 1264 111 28 £900,000
784 1263 45 23 had
839 1262 56 24 been
905 1265 67 27 spent
988 1270 29 14 on
1026 1263 71 21 water
1108 1269 61 17 races
1179 1260 44 23 and

664 1295 66 21 other
747 1295 94 21 matters
858 1300 28 15 on
902 1291 118 31 goldfields
1037 1291 73 23 which
1127 1291 39 23 did
1183 1293 41 19 not

664 1330 45 22 pay
718 1330 14 15 a
741 1323 72 28 single
828 1329 76 21 penny
917 1322 23 22 in
957 1324 77 19 return
1052 1321 35 22 for
1103 1321 47 21 this
1160 1326 50 16 enor-

664 1359 63 16 mous
737 1351 155 31 expenditure.
923 1350 48 24 The
987 1350 79 30 colony
1077 1349 74 24 would
1165 1349 58 23 have

663 1382 55 22 been
729 1382 76 22 better
814 1382 32 22 off
859 1380 18 24 if
893 1382 20 22 it
927 1380 44 23 had
991 1384 41 19 not
1047 1379 115 24 borrowed
1178 1386 45 22 any

663 1418 80 21 money
762 1413 25 21 at
806 1411 37 28 all,
865 1410 45 22 and
930 1410 84 29 having
1034 1412 23 20 to
1080 1417 44 22 pay
1140 1409 83 28 £4,500

662 1444 28 21 a'
709 1442 46 30 day
790 1441 34 23 for
868 1441 95 23 interest
1001 1446 66 18 was:,
1085 1448 12 14 a
1140 1437 82 25 fearful

663 1472 64 23 drain
742 1479 28 15 on
786 1472 38 22 the
845 1471 85 29 people.
967 1470 64 28 They
1047 1470 45 21 had
1115 1469 57 22 done
1187 1469 36 22 far

662 1509 70 15 worse
746 1500 56 23 with
817 1501 40 22 the
871 1507 81 22 money
969 1500 55 28 they
1044 1499 44 22 had
1106 1498 115 23 borrowed

662 1530 54 23 than
734 1530 18 24 if
769 1530 55 27 they
833 1530 45 22 had
889 1528 116 28 expended
1016 1528 20 23 it
1051 1536 27 15 on
1089 1535 53 15 war.
1174 1527 47 23 The

660 1559 80 31 colony
751 1559 73 23 would
836 1566 68 16 never
913 1561 39 27 get
962 1558 35 23 rid
1007 1558 24 22 of
1045 1557 39 23 the
1094 1557 56 23 debt
1159 1556 62 30 piled

660 1598 29 17 on
708 1590 31 32 by
758 1589 124 25 successive
901 1589 171 24 Governments.
1113 1586 48 25 The
1175 1586 46 25 Bill

660 1621 81 23 should
758 1621 28 22 be
803 1620 87 23 termed
907 1628 13 14 a
936 1620 45 23 Bill
998 1622 25 24 to
1033 1626 80 16 ensure
1123 1618 98 23 reckless

660 1650 149 31 expenditure
819 1651 30 30 by
856 1650 40 23 the
905 1650 155 23 Government
1070 1648 98 23 without
1176 1655 45 23 any

660 1682 87 23 control
757 1682 30 30 by
798 1681 39 24 the
846 1680 189 31 representatives
1045 1679 24 24 of
1083 1679 39 23 the
1132 1679 86 30 people.

660 1714 33 21 As
710 1713 35 22 for
760 1712 35 23 his
801 1709 2 32 .
811 1719 50 15 own
877 1711 104 30 position,
994 1711 28 22 he
1032 1709 81 24 should
1124 1709 57 23 have
1191 1717 30 14 no

660 1742 112 29 difficulty
791 1742 24 22 in
832 1741 100 29 meeting
950 1740 35 23 his
1004 1740 152 23 constituents
1176 1738 44 23 and

660 1772 81 31 telling
750 1773 62 22 them
822 1771 28 23 he
867 1770 44 24 had
922 1769 123 32 supported
1057 1769 40 23 the
1106 1769 76 30 policy
1193 1769 27 22 he

660 1806 45 21 wis
724 1802 86 25 elected
830 1805 24 20 to
873 1803 103 29 support,
997 1801 43 23 but
1054 1799 28 25 he
1097 1799 81 24 should
1193 1799 28 24 be

659 1833 106 24 ashamed
784 1835 25 22 to
828 1832 76 24 follow
923 1832 39 23 the
982 1832 154 23 Government
1155 1830 64 23 when

661 1864 54 29 they
732 1862 115 25 borrowed
864 1863 22 23 in
905 1862 38 23 the
960 1864 151 28 extravagant
1129 1868 93 16 manner

660 1893 46 23 laid
717 1893 67 23 down
794 1893 31 30 by
836 1892 46 24 this
892 1892 52 23 Bill.

687 1929 49 24 The
751 1928 59 25 Hon.
828 1928 22 24 J.
870 1928 27 24 G.
918 1927 80 24 Ward
1014 1926 95 32 pointed
1118 1929 41 21 out
1170 1926 52 24 that

658 1959 144 30 Canterbury
821 1958 44 24 had
886 1962 41 20 not
945 1959 64 23 fared
1033 1958 70 28 badly
1126 1958 31 29 by
1182 1958 39 22 the

658 1990 154 25 Government
830 1989 82 30 policy.
943 1987 37 24 He
999 1987 81 24 denied
1101 1987 52 23 that
1172 1987 37 22 bor-

658 2020 86 30 rowing
762 2020 46 23 this
824 2019 87 27 million
927 2020 77 22 meant
1013 2026 14 15 a
1037 2018 81 30 charge
1129 2017 24 24 of
1162 2017 60 24 £IOO

658 2059 14 14 a
687 2050 45 31 day
751 2050 35 24 for
803 2050 101 23 interest.
936 2049 48 23 The
1001 2056 61 16 more
1077 2048 79 30 people
1171 2048 51 23 who

658 2079 90 25 arrived
758 2080 23 24 in
791 2080 40 25 the
840 2079 81 30 colony
932 2078 38 24 the
981 2078 43 24 less
1035 2079 39 23 the
1091 2079 94 22 amount
1199 2077 23 23 of

658 2111 96 24 interest
773 2109 74 26 would
866 2109 35 24 be.
942 2109 36 24 He
997 2108 71 24 asked
1087 2107 65 25 those
1171 2108 52 24 who

658 2141 99 31 opposed
777 2140 46 25 this
842 2140 46 25 Bill
907 2139 103 24 whether
1026 2139 54 29 they
1098 2146 59 16 were
1172 2145 37 23 pre-

659 2172 70 31 pared
746 2173 24 22 to
787 2173 52 29 stop
856 2170 40 24 the
913 2170 94 31 roading
1017 2170 23 23 of
1050 2169 73 29 lands,
1136 2169 38 23 the
1184 2176 25 15 ex-

660 2203 87 23 tension
758 2203 23 22 of
798 2201 126 31 important
941 2201 113 30 railways,
1071 2201 40 23 the
1126 2199 84 32 acquisi-

659 2234 49 25 tion
718 2234 23 23 of
751 2232 85 26 Native
846 2232 65 24 lands
922 2231 45 25 and
982 2231 24 24 of
1023 2232 89 27 private
1128 2232 91 22 estates.

660 2266 36 22 He
720 2264 99 30 thought
842 2267 56 24 not;
922 2266 40 27 yet
985 2264 20 22 it
1028 2271 46 14 was
1094 2262 129 30 impossible

660 2297 25 21 to
722 2293 135 28 accomplish
896 2293 65 22 those
999 2292 87 30 objects
1124 2292 99 22 without

660 2332 87 22 money.
793 2323 75 30 Every
897 2323 155 23 Government
1080 2321 75 24 would
1184 2321 25 23 ab-

659 2355 59 27 staip
748 2354 57 24 from
834 2353 128 31 borrowing
990 2361 24 15 as
1043 2353 53 29 long
1120 2359 24 16 as
1168 2352 55 29 they

660 2385 74 28 could,
755 2385 42 22 but
816 2384 65 23 when
901 2384 18 22 it
939 2390 46 16 was
1006 2382 76 24 forced
1108 2390 28 15 on
1161 2382 62 23 them

661 2415 54 30 they
729 2417 62 21 must
808 2414 57 31 keep
875 2421 55 24 pace
940 2413 56 23 with
1011 2413 40 23 the
1061 2413 163 30 requirements

660 2446 24 23 of
703 2446 43 23 the'
762 2445 87 30 cfolony.
880 2444 37 24 He
936 2443 112 24 defended
1066 2443 38 24 the
1120 2443 91 30 appoint-

661 2479 63 20 ment
740 2476 23 23 of
779 2476 40 23 the
828 2482 50 16 new
889 2474 214 27 Auditor-General,
1114 2474 46 22 and
1174 2473 49 23 said

661 2507 52 23 that
723 2506 39 23 the
772 2506 75 29 salary
856 2506 24 22 of
894 2505 83 28 £I,OOO
991 2513 14 14 a
1014 2512 55 21 year
1079 2511 46 16 was
1135 2506 41 21 not
1185 2506 39 20 too

661 2537 66 23 much
743 2539 34 20 for
787 2544 14 14 a
810 2544 53 14 man
872 2536 52 22 who
933 2534 125 24 controlled
1069 2535 39 22 the
1118 2533 93 30 expendi-

662 2570 51 21 ture
729 2567 24 23 Of
772 2567 51 24 four
837 2566 99 25 millions
949 2573 13 16 a
977 2573 61 23 year.
1070 2563 22 25 If
1111 2565 56 30 they
1187 2563 25 24 de-

662 2598 90 22 creased
777 2597 40 23 the
841 2597 93 25 earning
951 2603 76 22 power
1051 2596 23 22 of
1100 2596 40 22 the
1164 2594 60 24 Civil

662 2629 103 22 servants
785 2627 55 28 they
855 2624 76 25 would
948 2626 104 22 decrease
1073 2625 40 23 the
1132 2624 94 30 earning

663 2665 75 24 power
748 2657 23 24 of
781 2657 64 24 those
855 2657 51 24 who
917 2663 57 17 were
990 2660 40 20 not
1044 2655 59 25 Civil
1113 2658 111 27 servants,

663 2689 45 23 and
725 2689 52 22 that
797 2695 45 16 was
857 2696 13 15 a
888 2690 59 21 most
964 2687 143 24 undesirable
1122 2687 66 29 thing
1202 2688 24 21 to

664 2719 35 23 do.
730 2719 48 23 The
786 2719 47 23 real
843 2719 59 21 issue
910 2725 45 15 was
966 2717 102 23 whether
1079 2717 39 22 the
1129 2720 97 25 country

664 2756 46 15 was
727 2751 24 20 to
767 2749 28 23 be
811 2747 141 30 progressive
961 2754 26 17 or
996 2747 168 29 retrogressive,
1181 2746 45 22 and

664 2779 19 22 if
697 2779 39 22 the
745 2778 133 30 Opposition
894 2785 61 15 came
965 2777 49 23 into
1024 2777 63 23 office
1095 2776 55 31 they
1160 2775 66 24 could

664 2813 42 20 not
715 2809 99 30 possibly
824 2816 65 21 carry
899 2817 28 14 on
939 2808 98 23 without
1049 2816 13 14 a
1071 2807 94 24 loan—a
1175 2807 51 23 loan

666 2839 55 23 such
730 2847 26 15 as
766 2847 46 14 was
821 2838 109 29 proposed
941 2838 31 29 by
983 2838 45 23 this
1038 2838 52 22 Bill.

696 2879 37 25 Mr
743 2880 88 24 Piram
847 2887 46 16 was
910 2878 99 32 opposed
1026 2880 50 22 root
1088 2878 44 24 and
1143 2878 83 24 branch

667 2914 24 21 to
711 2912 39 23 the
769 2911 50 24 loan
839 2911 121 31 proposals.
992 2909 48 25 The
1057 2910 47 24 fact
1121 2909 52 25 that
1188 2909 38 24 the

667 2942 86 23 finance
769 2942 24 23 of
810 2941 40 24 the
866 2942 155 23 Government
1037 2940 44 23 had
1095 2944 40 26 got
1144 2941 47 22 into
1203 2948 23 15 so

667 2973 102 26 hopeless
784 2981 14 15 a
815 2972 98 29 position
929 2979 25 15 as
968 2970 114 24 indicated
1093 2971 30 29 by
1134 2971 38 23 the
1183 2970 43 23 Bill

666 3002 44 23 and
726 3003 39 21 the
779 3002 105 29 speeches
903 3001 23 23 of
945 3001 118 23 Ministers
1081 3007 53 19 was,
1151 3000 23 22 in
1193 3000 33 23 bis

666 3032 98 32 opinion,
776 3031 64 31 quite
849 3031 112 24 sufficient
971 3037 78 17 reason
1060 3029 34 25 for
1110 3029 116 24 Ministers

666 3064 68 30 going
744 3066 24 22 to
778 3064 39 23 the
828 3065 97 27 country
935 3062 76 23 before
1022 3062 84 30 raising
1117 3061 39 24 the
1165 3061 59 23 loan.

664 3094 23 22 If
704 3095 63 21 these
784 3094 127 28 borrowing
928 3092 116 29 proposals
1058 3099 59 15 were
1127 3091 99 24 referred

664 3126 25 19 to
699 3123 39 22 the
748 3127 97 24 country
862 3123 28 21 he
906 3121 44 23 had
966 3129 29 15 no
1005 3122 48 22 fear
1063 3121 23 22 of
1096 3121 39 22 the
1146 3121 77 22 result.

664 3153 48 29 The
730 3153 79 31 people
827 3151 74 25 would
918 3151 88 25 declare
1023 3151 90 31 against
1127 3150 39 25 the
1176 3158 38 24 pro-

666 3184 68 30 posed
745 3184 104 24 addition
859 3188 24 19 to
901 3184 39 23 the
957 3182 76 32 public
1044 3182 55 25 debt
1108 3182 45 24 and
1164 3186 49 20 taxa-

654 3215 1 27 |
665 3215 47 22 tion
722 3215 24 21 of
755 3215 40 21 the
805 3217 103 25 country.

692 3256 38 24 Mr
738 3255 24 25 J.
775 3255 37 24 W.
824 3255 84 24 Kelly
918 3254 173 31 congratulated
1110 3254 38 24 Mr
1165 3254 45 24 Mor-

664 3287 60 22 rison
735 3294 29 15 on
774 3287 35 22 hia
819 3287 89 28 speech,
920 3286 43 23 but
972 3285 100 30 thought
1082 3286 28 22 he
1119 3285 45 23 had
1181 3286 34 22 for-

664 3319 80 28 gotten
755 3316 38 24 the
803 3316 81 29 speech
896 3316 28 23 he
933 3315 44 25 had
984 3315 116 24 delivered
1110 3318 26 19 at
1144 3314 69 24 Caver-

665 3348 64 23 sham
743 3347 25 26 in
781 3346 73 25 which
870 3346 28 23 he
917 3346 82 26 stated,
1008 3346 53 24 that
1074 3353 14 16 a
1108 3345 59 24 blow
1182 3345 44 24 had

665 3377 56 25 been
731 3377 79 24 struck
820 3379 25 21 at
854 3376 134 30 borrowing.
1019 3376 37 23 He
1064 3375 44 24 had
1117 3375 47 24 also
1171 3375 55 23 been

666 3407 102 29 strongly
779 3407 98 29 opposed
888 3410 24 19 to
930 3406 37 23 Mr
983 3406 90 23 Ward's
1090 3405 134 30 borrowing.

666 3437 48 23 The
723 3437 107 23 Minister
838 3436 25 23 of
873 3436 75 23 Lands
958 3436 45 22 had
1014 3436 92 23 twitted
1117 3435 110 23 members

666 3467 56 23 with
742 3466 67 31 being
837 3466 97 30 opposed
959 3468 24 21 to
1011 3466 133 30 borrowing.
1190 3465 37 24 He

666 3497 132 29 challenged
817 3497 40 23 the
875 3497 155 22 Government
1049 3499 24 20 to
1092 3504 28 21 go
1139 3499 25 19 to
1188 3496 39 23 the

667 3530 96 26 country
779 3534 29 15 on
823 3527 47 23 this
887 3526 82 30 policy.
1010 3525 44 24 His
1071 3526 92 30 opinion
1181 3533 46 16 was

667 3558 52 23 that
736 3558 22 23 it
770 3565 67 21 many
854 3564 61 16 more
930 3556 99 25 millions
1039 3563 57 17 were
1113 3556 74 23 added
1202 3558 25 21 to

666 3588 40 24 the
716 3588 55 23 debt
781 3588 23 22 of
814 3588 39 22 the
870 3588 80 29 colony
967 3588 20 22 it
1000 3587 83 29 simply
1101 3589 77 21 meant
1193 3594 22 16 re-

666 3618 126 30 pudiation.
823 3617 36 23 He
870 3617 40 23 did
920 3619 40 21 not
976 3617 73 23 think,
1058 3617 20 23 it
1094 3617 99 29 possible
1202 3619 24 21 to

666 3649 57 22 raise
734 3656 13 15 a
757 3649 61 29 large
825 3655 50 15 sum
882 3647 24 23 of
916 3655 80 21 money
1004 3647 80 23 within
1092 3647 38 23 the
1138 3647 87 29 colony,

666 3679 46 22 and
722 3678 76 23 would
807 3685 83 22 oppose
901 3678 39 22 the
950 3677 81 23 second
1047 3678 92 28 reading
1150 3678 23 22 of
1188 3678 39 22 the

666 3708 52 23 Bill.

695 3751 37 23 Mr
743 3750 90 24 M'Nab
842 3750 48 24 said
901 3750 28 23 he
945 3752 63 22 must
1019 3752 52 22 vote
1088 3750 90 30 against
1187 3750 39 24 the

666 3782 46 22 Bill
732 3782 23 23 in
774 3781 122 22 fulfilment
915 3781 22 22 of
949 3781 42 22 'his
1011 3781 95 22 election
1126 3781 97 28 pledges.

667 3812 48 22 The
732 3814 98 25 country
849 3810 80 23 should
954 3810 57 23 have
1035 3810 55 23 been
1110 3810 116 23 consulted

666 3841 77 23 before
762 3840 47 23 this
828 3840 86 24 serious
932 3840 85 30 change
1037 3840 22 24 in
1085 3840 74 30 policy
1181 3847 45 17 was

667 3870 93 26 entered
770 3878 67 24 upon.

695 3909 48 22 The
758 3908 112 23 Pkbmier
886 3916 48 14 rose
952 3911 24 19 to
991 3908 64 29 reply
1064 3911 26 19 at
1106 3909 14 22 3
1129 3909 28 22 30
1170 3916 52 14 a.m.

668 3938 36 24 He
713 3937 49 24 said
773 3938 52 23 that
835 3938 38 23 the
882 3937 83 24 debate
974 3938 45 23 had
1036 3938 55 23 been
1101 3945 42 15 one
1153 3938 23 23 of
1186 3938 39 23 the

668 3968 118 25 hollowesb
793 3969 77 24 shams
876 3968 29 25 he
913 3968 43 25 had
964 3976 53 17 ever
1026 3968 89 25 known.
1146 3968 25 25 It
1179 3976 47 17 was

667 4000 83 29 simply
760 4000 95 22 another
869 4000 79 22 device
963 4000 24 22 of
1001 4001 40 22 the
1052 4000 133 29 Opposition
1200 4003 24 20 to

667 4029 95 22 address
776 4029 40 22 the
832 4029 180 22 constituencies.
1048 4029 72 22 There
1135 4036 46 15 was
1195 4036 29 16 no

668 4066 78 16 reason
763 4058 35 24 for
815 4058 40 24 the
870 4058 130 30 protracted
1020 4057 88 30 debate,
1124 4059 45 23 and
1185 4059 39 23 the

668 4089 104 30 speochee
791 4096 58 16 were
863 4089 84 29 simply
963 4089 132 30 repetitions
1115 4090 22 22 of
1159 4089 64 24 those

668 4120 66 30 given
744 4127 29 15 on
783 4119 50 25 the'
833 4119 115 25 Financial
957 4120 129 24 Statement
1094 4120 45 23 and
1151 4120 22 23 in
1184 4120 40 23 the

668 4150 165 23 no-con6denoe
851 4150 88 23 debate.
979 4150 24 24 It
1021 4158 47 16 was
1086 4158 14 15 a
1118 4151 105 29 question

668 4188 50 15 now
727 4180 101 23 whether
845 4181 55 28 they
911 4187 57 16 were
986 4182 23 21 to
1025 4181 57 22 have
1092 4188 12 14 a
1122 4188 89 22 progres-

667 4210 48 24 sive
729 4210 74 30 policy
813 4217 25 17 or
847 4217 14 16 a
876 4210 78 30 period
969 4210 24 24 of
1006 4210 138 31 stagnation.
1176 4210 48 23 The

667 4241 153 24 Government
838 4241 65 23 could
922 4243 42 21 not
982 4249 29 22 go
1030 4249 27 15 on
1077 4241 35 23 for
1127 4242 97 22 another

666 4279 55 22 year
753 4272 98 23 without
882 4272 124 24 assistance
1038 4275 25 20 to
1096 4279 66 22 carry
1195 4279 28 15 on

667 4302 75 30 public
765 4302 80 23 works.
890 4302 38 23 He
950 4302 40 24 did
1014 4306 41 19 not
1073 4304 63 21 want
1160 4302 64 23 those

667 4333 147 23 weak-kneed
835 4336 141 27 supporters,
1002 4333 51 23 who
1077 4333 44 22 had
1146 4332 77 23 shown

667 4363 59 24 tbeir
751 4366 51 20 true
832 4363 72 24 oolors
931 4363 24 23 in
983 4363 48 24 this
1059 4363 90 28 debate,
1179 4362 45 23 and

667 4394 28 22 he
710 4394 85 22 wished
812 4395 55 22 that
885 4395 52 28 they
960 4394 73 22 would
1047 4393 90 23 declaro
1153 4393 56 22 them-

666 4423 72 22 selves
746 4424 23 21 in
786 4423 133 29 Opposition
936 4423 45 22 and
998 4423 63 22 leave
1077 4423 40 21 the
1134 4422 90 22 Liberal

666 4457 73 26 party.
770 4453 49 23 The
825 4453 102 24 attitude
937 4454 54 29 they
1002 4452 45 24 had
1057 4452 69 24 taken
1137 4459 31 23 up
1178 4459 46 16 was

666 4487 40 19 not
723 4485 49 28 just
789 4492 27 15 or
833 4484 45 23 fair
896 4487 24 19 to
937 4484 40 22 the
993 4483 162 27 Government,
1173 4483 51 22 who

666 4521 57 16 were
732 4514 69 29 doing
817 4514 61 24 their
891 4513 58 29 duty
965 4516 26 21 to
1008 4513 41 24 the
1057 4513 87 30 colony.
1176 4511 48 25 Nor

667 4552 46 15 was
729 4545 19 23 it
766 4545 44 22 fair
827 4547 24 20 to
868 4545 40 22 the
923 4544 136 30 Opposition
1074 4546 76 27 party.
1186 4543 38 22 He

666 4575 92 28 pointed
777 4577 41 20 out
835 4575 52 22 that
905 4574 86 23 several
1010 4574 24 22 of
1054 4574 38 21 the
1114 4573 110 22 members

666 4604 50 24 who
735 4612 58 15 were
812 4604 103 30 strongly
930 4604 110 31 opposing
1057 4603 46 23 this
1117 4602 46 24 Bill
1177 4602 46 23 had

665 4635 67 24 voted
743 4635 35 23 for
791 4635 87 22 similar
892 4642 112 15 measures
1017 4635 24 21 in
1051 4635 53 28 past
1118 4633 103 28 sessions,

664 4673 81 21 among
757 4665 39 23 the
803 4664 95 23 number
905 4664 67 28 being
978 4664 39 23 the
1028 4664 62 23 Land
1099 4664 35 23 for
1141 4663 71 24 Settle-

664 4697 75 20 ments
746 4695 52 25 Biil,
809 4697 40 19 the
858 4694 93 22 Consols
959 4694 53 26 Bill,
1024 4694 39 21 the
1070 4694 118 21 Advances
1200 4696 23 19 to

665 4724 97 23 Settlers
780 4724 53 27 Bill,
854 4723 44 23 and
916 4723 39 22 the
973 4722 62 23 L<uid
1056 4722 168 30 Improvement

665 4754 52 23 Bill.
748 4754 55 23 This
819 4753 90 23 allowed
930 4760 68 23 grave
1014 4753 165 30 inconsistency
1195 4760 28 16 on

666 4784 38 23 the
723 4788 53 26 part
795 4783 22 24 of
837 4784 63 23 these
917 4783 117 28 members,
1053 4783 44 23 and
1118 4783 73 22 raised
1210 4790 14 15 a

665 4816 105 29 question
780 4814 103 24 whether
900 4814 55 29 they
965 4814 45 23 bad
1028 4814 84 30 always
1129 4814 55 23 been
1198 4821 26 16 so

665 4846 95 21 anxious
774 4848 24 19 to
815 4851 105 15 conserve
936 4844 59 22 their
1012 4844 95 22 election
1122 4844 98 29 pledges.

665 4874 48 22 The
727 4875 156 22 Government
896 4873 43 22 had
955 4875 64 27 great
1031 4880 66 15 cause
1116 4873 35 22 for
1165 4880 44 16 com-

665 4904 77 30 plaint
758 4911 27 17 on
805 4905 98 22 account
920 4903 23 23 of
961 4903 39 24 the
1017 4903 87 24 actions
1120 4903 24 23 of
1159 4903 64 24 these

664 4936 116 23 members.
812 4935 36 24 He
863 4934 126 24 contended
1007 4934 52 24 that
1075 4934 40 24 the
1123 4935 86 23 Govern-

664 4969 64 21 ment
751 4966 66 23 could
841 4968 41 20 not
903 4967 52 28 stop
979 4965 39 23 the
1049 4965 76 30 public
1147 4965 75 23 works

664 4996 54 24 that
725 5003 59 17 were
795 5003 50 16 now
855 4996 67 30 going
931 5003 37 21 on,
979 4995 36 24 for
1024 4995 22 24 it
1054 4998 76 21 meant
1139 4995 83 24 throw*

664 5027 38 29 ing
708 5026 64 30 large
781 5026 105 23 numbers
896 5026 23 23 of
929 5033 50 16 men
988 5028 43 20 out
1040 5026 23 23 of
1070 5026 154 30 employment

662 5057 47 23 in<a
719 5056 44 24 bad
773 5063 77 17 season
861 5064 7 20 ;
883 5056 45 24 and
945 5056 28 23 he
988 5063 47 16 was
1049 5063 52 17 sure
1116 5056 53 24 that
1183 5056 40 23 the

662 5090 97 27 country
779 5087 75 23 would
872 5089 41 21 not
932 5089 152 21 countenance
1102 5087 52 23 this.
1186 5086 36 24 No

662 5117 74 24 doubt
753 5118 56 23 SHch
828 5125 14 16 a
860 5117 135 31 proceeding
1014 5117 75 23 would
1113 5117 49 24 suit
1182 5118 40 23 the

662 5148 134 30 Opposition
819 5148 118 28 members,
958 5148 36 23 for
1012 5148 40 23 the
1072 5148 149 30 unemployed

662 5179 75 23 would
753 5179 58 24 then
821 5179 28 23 be
865 5178 112 24 available
995 5181 25 21 to
1031 5178 33 23 do
1080 5179 61 23 their
1155 5178 66 24 bush*

662 5209 79 31 felling
755 5209 46 24 and
814 5209 69 23 other
899 5208 74 24 works
988 5211 26 21 at
1030 5216 13 16 a
1057 5209 73 29 cheap
1140 5211 48 21 rate
1198 5209 24 23 of

662 5247 79 24 wagee.
766 5239 48 25 The
821 5240 98 31 position
927 5240 22 24 of
960 5239 39 26 the
1005 5239 82 32 colony
1094 5239 127 24 warranted

662 5272 39 22 the
713 5272 155 23 Government
883 5272 25 22 in
923 5270 80 29 asking
1019 5271 47 23 this
1082 5278 88 22 money,
1186 5271 35 23 for

661 5308 41 16 our
720 5303 71 21 assets
807 5308 61 16 were
885 5307 56 22 very
955 5301 87 29 largely
1060 5301 24 21 in
1103 5307 76 16 excess
1198 5301 23 22 of

661 5338 41 18 oar
711 5331 123 24 liabilities.
866 5331 38 23 Mr
922 5331 87 30 George
1029 5330 129 25 Hutchison
1176 5331 43 24 had

659 5362 71 23 asked
740 5362 53 30 why
799 5362 41 23 the
849 5362 90 23 Liberal
945 5364 69 27 party
1019 5362 46 23 and
1073 5362 40 22 the
1120 5362 101 23 Premier

660 5392 46 24 had
722 5392 55 24 been
794 5391 96 25 allowed
908 5393 24 22 to
947 5392 65 29 reign
1027 5399 25 15 so
1062 5391 53 31 long
1129 5392 23 22 in
1160 5391 61 24 New

660 5423 105 28 Zealand,
782 5423 51 28 but,
849 5423 23 23 in
889 5422 73 31 reply,
976 5423 29 23 he
1022 5421 75 25 would
1112 5422 44 24 ask
1167 5423 52 29 why

661 5454 38 25 the
715 5453 95 25 Creator
826 5453 45 24 had
880 5452 96 25 allowed
990 5452 90 30 snakes,
1091 5453 73 29 toads,
1175 5453 46 24 and

659 5484 130 30 centipedes
813 5487 25 20 to
860 5484 120 23 encumber
1003 5484 40 22 the
1065 5484 74 23 earth.
1183 5484 38 22 He

659 5514 112 25 defended
791 5514 38 24 the
853 5514 47 23 late
922 5514 38 23 Mr
978 5513 105 24 Ballance
1103 5514 57 23 from
1180 5513 41 24 tha

659 5545 126 30 aspersions
795 5546 49 23 cast
852 5550 30 17 on
892 5545 35 22 his
937 5544 75 30 policy
1021 5544 45 23 and
1076 5544 130 23 administra-

660 5576 56 28 tion,
727 5575 54 29 and,
792 5575 24 24 in
826 5575 136 29 conclusion,
972 5574 50 24 said
1029 5574 53 23 that
1092 5574 40 23 the
1141 5574 80 30 people

660 5606 76 24 would
753 5607 113 29 recognise
882 5606 40 24 the
937 5606 97 23 services
1043 5605 24 23 of
1081 5605 39 23 the
1131 5604 90 24 Liberal

661 5637 154 23 Government
828 5637 45 22 and
890 5639 79 20 return
986 5636 63 22 them
1066 5638 24 20 to
1106 5642 77 23 power
1196 5639 25 19 at

661 5666 40 24 the
709 5666 154 31 approaching
872 5666 97 23 General
979 5665 110 24 Election.

688 5703 35 23 On
742 5710 14 14 a
775 5702 98 22 division
893 5703 40 21 the
952 5702 83 22 second
1058 5701 93 30 reading
1175 5709 46 15 was

661 5731 87 22 carried
765 5731 30 29 by
812 5732 28 21 32
855 5734 24 19 to
896 5732 33 26 19,
948 5731 44 22 and
1010 5731 39 22 the
1064 5731 125 22 committal
1199 5731 24 22 of

663 5760 38 24 the
711 5760 46 24 Bill
767 5762 35 21 set
812 5760 65 23 down
888 5760 35 23 for
933 5762 56 21 next
998 5760 87 30 sitting.
1123 5760 48 25 The
1181 5760 30 24 fol-

662 5791 84 32 lowing
755 5798 46 21 ww
811 5791 39 26 the
859 5791 98 28 division
972 5790 40 27 list

1324 190 59 20 Ayes
1401 190 31 23 32)
1559 190 60 21 Noes
1630 190 43 24 (19).

1247 214 75 21 Messrs
1330 213 72 21 Buddo
1486 213 74 22 Messrs
1569 213 61 22 Allen

1329 239 66 19 Buick
1527 249 11 4 --
1567 239 45 19 Bell

1329 261 92 20 Cadman
1568 262 80 19 Button

1329 283 83 33 Cornell
1541 301 10 7 ~
1569 284 106 24 Crowther

1329 309 78 22 Carroll
1568 310 111 21 Karnshaw
1686 309 3 29 ;

1329 334 78 20 Collins
1569 335 73 20 Fraser

1244 357 1 30 j
1266 357 3 30 :
1329 357 97 23 Flatinan
1568 359 67 21 Green

1329 383 90 23 Graham
1570 384 60 21 Heke

1329 408 102 20 Guinness
1569 409 57 23 Lang

1330 430 49 21 Hall
1571 432 75 19 Maslin

1329 454 120 23 Hall-Jones
1569 455 81 25 Massey

1330 480 73 21 Harris
1568 481 93 20 M'Guire

1330 505 59 24 Hogg
1569 505 78 20 M'Nab

1329 529 63 23 Joyce
1572 528 124 23 Mitchelson

1331 553 73 24 Lawry
1569 552 142 26 Montgomery

1331 577 107 20 M'Gowan
1571 578 87 23 Russell,
1667 580 33 17 W.
1711 578 24 19 R.

1331 601 113 24 M'Kenzie,
1454 601 20 21 J.
1571 601 76 24 Smith,
1656 601 24 21 G.
1689 601 19 21 J.

1244 624 1 27 !
1274 624 4 27 •
1317 624 4 27 .
1331 625 114 26 M'Kenzie,
1454 626 24 21 li.
1570 625 81 22 Tanner

1329 649 122 27 M'Jtfchlpn
1541 649 3 27 •
1568 651 85 22 Wilson.

1331 674 71 21 Millar

1311 701 5 11 ••
1331 698 56 21 Mills

1285 722 2 21 .
1301 722 14 21 •'
1332 722 100 21 Morrison

1244 744 2 32 ]
1259 744 4 32 ■
1303 744 4 32 r
1332 747 94 24 O'Regan

1292 769 4 24 .
1331 769 50 23 Peie

1331 796 115 22 Pinkerton

1332 821 87 23 Russell,
1428 822 24 19 G.
1461 821 33 20 W.

1332 844 81 21 Seddon

1277 865 4 28 >
1332 869 75 24 Smith,
1418 869 22 21 E.
1451 869 27 20 M.

1332 893 93 21 Steward

1332 917 122 25 Thompson,
1464 917 22 21 T.

1332 942 65 22 Ward

1244 968 3 26 i
1263 968 3 26 .
1332 968 75 21 Willis.

1498 993 71 21 Pairs.

1274 1017 163 23 Ayes.—Messrs
1453 1017 81 26 Parata,
1551 1017 138 27 Mackintosh,
1710 1017 100 27 Houston,

1251 1044 93 23 Duncan,
1355 1042 98 25 Larhach,
1468 1043 24 20 R.
1506 1043 123 25 Thompson,
1644 1044 92 24 Stevens,
1752 1044 44 20 Cam-

1251 1074 60 15 cross,
1320 1064 32 22 W.
1363 1067 123 23 Hutchison,
1496 1067 33 20 W.
1541 1067 68 23 Kelly.

1273 1090 165 20 Noes.—Messrs
1458 1090 27 20 Te
1504 1091 38 23 Ao,
1564 1090 108 23 Meredith,
1693 1090 117 24 Buchanan,

1252 1114 72 25 Lewis,
1344 1114 68 26 Stout,
1432 1114 109 26 Saunders,
1562 1114 23 21 Pi
1587 1115 51 25 rani,
1658 1115 19 20 J.
1694 1114 33 22 W.
1745 1114 65 26 Kelly,

1251 1139 85 27 Duthie,
1344 1139 23 22 G.
1375 1137 124 24 Hutchison.

1435 1173 200 29 WELLINGTON,
1651 1177 90 22 August
1754 1176 31 23 29.

1278 1205 33 22 No
1320 1212 73 15 sooner
1405 1204 39 23 did
1458 1204 38 25 the
1510 1204 42 23 Aid
1566 1206 23 21 to
1602 1204 75 23 Public
1686 1205 76 22 Works
1769 1204 44 23 and

1252 1233 60 22 Land
1320 1233 130 22 Settlement
1456 1232 45 23 Bill
1510 1233 61 22 reach
1580 1233 38 22 the
1626 1233 122 23 committee
1754 1234 60 25 stage

1252 1261 23 20 in
1284 1260 37 21 the
1329 1260 73 21 House
1411 1260 112 27 yesterday
1529 1260 111 22 afternoon
1649 1260 50 21 than
1706 1267 28 14 an
1741 1260 72 21 attack

1253 1287 27 27 by
1290 1288 28 21 its
1327 1288 116 26 opponents
1454 1294 40 15 was
1510 1287 99 22 initiated
1624 1287 27 26 by
1668 1288 33 20 Mr
1717 1284 84 24 Mitchel-

1252 1321 44 18 son,
1313 1315 46 19 who
1374 1314 74 21 moved
1463 1316 22 18 to
1499 1314 76 21 amend
1591 1314 28 20 its
1637 1314 49 20 title
1703 1314 24 20 to

1252 1340 51 23 New
1320 1340 91 21 Zealand
1422 1341 56 20 Loan
1488 1340 48 26 Act,
1628 1340 75 25 which,
1719 1340 26 21 he
1759 1340 52 24 said,

1251 1375 57 14 more
1329 1368 61 26 aptly
1412 1367 108 22 described
1542 1368 28 21 its
1595 1373 107 21 purpose..
1728 1366 85 21 Several

1252 1395 60 20 other
1334 1395 130 25 suggestions
1486 1401 53 14 were
1561 1394 86 25 offered,
1670 1394 42 21 and
1735 1394 20 20 it
1771 1400 42 14 was

1252 1422 99 21 manifest
1360 1422 49 21 that
1417 1427 13 16 a
1439 1420 56 28 large
1504 1420 89 23 number
1602 1420 22 23 of
1633 1420 103 22 members
1745 1427 57 21 recog-

1251 1450 59 21 nised
1319 1450 55 24 that,
1390 1450 106 20 whatever
1512 1449 37 21 the
1564 1449 50 21 title
1628 1449 69 25 might
1713 1448 32 26 be,
1760 1455 54 21 open

1251 1477 115 25 borrowing
1379 1478 23 19 to
1417 1476 37 21 the
1472 1477 74 20 extent
1564 1476 22 21 of
1603 1483 13 14 a
1633 1476 82 21 million
1728 1483 43 14 was
1783 1477 20 20 in-

1251 1503 84 21 tended.
1372 1503 105 25 Replying
1499 1504 23 19 to
1545 1502 37 21 the
1605 1502 109 21 Premier's
1731 1503 83 20 remark

1251 1523 47 28 that
1308 1530 36 21 the
1354 1530 144 21 Government
1511 1535 54 15 were
1580 1530 38 21 not
1633 1529 111 27 departing
1759 1529 55 22 from

1249 1563 14 14 a
1271 1556 167 26 non-borrowing
1447 1556 77 27 policy,
1536 1555 38 22 but
1584 1556 49 26 only
1644 1556 77 27 raising
1737 1563 74 20 money

1250 1584 33 22 for
1292 1584 82 28 specific
1383 1590 106 21 purposes,
1506 1583 42 22 and
1558 1583 48 22 that
1615 1584 34 22 aid
1660 1591 42 15 was
1718 1584 96 28 required

1250 1613 33 21 for
1292 1613 37 20 the
1338 1610 146 29 development
1494 1611 22 22 of
1525 1611 37 22 the
1571 1612 109 26 neglected
1696 1613 80 26 mining
1785 1614 20 20 in-

1249 1640 83 26 dustry,

1275 1666 151 28 Stonewalling
1446 1666 75 22 tactics
1536 1673 54 15 were
1611 1665 158 30 undisguisedly
1783 1674 20 15 re-

1250 1695 70 22 sorted
1330 1697 23 19 to
1361 1695 28 27 by
1399 1695 37 21 the
1451 1697 118 25 opponents
1583 1695 23 21 of
1618 1695 38 21 the
1672 1695 49 26 Bill,
1732 1695 42 22 and
1787 1702 28 15 no

1250 1729 94 20 progress
1353 1723 42 20 had
1409 1722 52 21 been
1475 1723 62 21 made
1550 1723 61 20 when
1620 1723 34 20 Mr
1661 1723 105 21 Guinness
1774 1723 41 21 left

1250 1750 40 21 the
1296 1750 57 20 chair
1367 1749 34 21 for
1414 1749 37 21 the
1463 1749 76 22 dinner
1553 1750 156 25 adjournment.
1736 1750 35 21 On
1784 1756 20 14 re-

1250 1777 82 26 suming
1341 1778 23 20 at
1373 1777 104 26 half-past
1485 1784 63 15 seven
1556 1783 13 15 a
1578 1777 88 21 division
1677 1784 42 15 was
1731 1778 24 21 at
1764 1784 50 14 once

1251 1805 69 26 taken,
1332 1805 37 22 the
1378 1804 137 23 amendment
1527 1804 62 28 being
1600 1805 112 27 negatived
1720 1804 27 28 by
1758 1805 25 22 28
1792 1806 23 21 to

1250 1833 32 22 24.
1309 1832 46 23 The
1364 1832 135 23 division-list
1509 1839 41 16 was
1559 1839 23 16 as
1592 1832 81 23 follows

1273 1865 58 21 Ayes
1338 1865 144 24 (24).—Messrs
1494 1865 67 24 Allen,
1574 1866 113 24 Carncro3s,
1701 1865 112 24 Crowther,

1251 1890 84 23 Dutliie,
1357 1890 117 23 Karnshaw,
1496 1890 77 22 Fraser,
1598 1890 72 23 Green,
1691 1890 65 22 Heke,
1780 1890 34 19 W.

1251 1913 123 22 Hutchison,
1392 1912 19 21 J.
1429 1912 33 20 W.
1481 1912 66 25 Kelly,
1565 1913 62 24 Lang,
1646 1913 71 24 Lewis,
1731 1913 82 24 Maslin,

1251 1937 86 24 Massey,
1348 1937 97 23 M'Guire,
1460 1937 130 24 Mitchelson,
1599 1937 147 25 Montgomery,
1757 1937 43 21 New-

1251 1968 54 17 man,
1326 1962 76 23 Pirani,
1421 1962 33 20 W.
1471 1962 24 20 R.
1513 1962 87 23 Russell,
1621 1963 108 22 Saunders,
1750 1963 23 19 G.
1794 1963 19 19 J.

1251 1986 75 24 Smith,
1336 1987 68 22 Stout,
1414 1985 85 21 Wilson.

1274 2010 59 21 Noes
1351 2008 143 25 (28).—Messrs
1515 2009 78 25 Buddo,
1611 2010 83 24 Collins,
1711 2009 102 25 Flatman,

1251 2034 96 23 Graham,
1358 2034 124 23 Hall-Jones,
1493 2034 77 24 Harris,
1577 2031 64 28 Hogg,
1649 2034 31 21 W.
1691 2034 122 24 Hutchison,

1251 2059 67 23 Joyce,
1332 2054 32 24 W.
1375 2058 66 23 Kelly,
1460 2059 78 23 Lawry,
1548 2058 112 25 M'Gowan,
1670 2059 19 20 J.
1699 2059 114 22 M'Kenzie,

1252 2083 24 20 R.
1286 2082 114 23 M'Kenzie,
1414 2082 127 24 M'Lachlan,
1556 2082 83 23 M'Nab,
1653 2078 76 29 Millar,
1743 2082 60 20 Morri-

1251 2113 42 17 son,
1303 2107 101 24 O'Regan,
1413 2106 120 24 Pinkerton,
1546 2107 23 19 G.
1579 2106 33 21 W.
1625 2106 87 24 Russell,
1726 2107 87 24 Seddou,

1251 2131 22 20 E.
1282 2131 28 20 M.
1317 2130 76 24 Smith,
1400 2131 92 23 Stevens,
1501 2131 23 20 It.
1534 2130 122 24 Thompson,
1663 2131 22 20 T.
1691 2126 122 29 Thompson,

1253 2154 69 25 Ward,
1331 2154 74 21 Willis.

1273 2179 160 24 Pairs.—Ayes:
1451 2179 28 22 Te
1498 2179 36 25 Ao,
1552 2179 118 26 Buchanan,
1686 2179 87 25 Tanner,
1790 2179 21 21 T.

1252 2205 124 23 Mackenzie,
1385 2205 50 23 Bell,
1442 2205 86 20 Button;
1553 2205 65 21 Noes:
1630 2205 81 24 Parata,
1720 2205 93 24 Lhincan,

1252 2229 87 23 Carncll.
1356 2229 98 24 Cadman,
1463 2229 73 25 Buick,
1550 2229 83 21 Carroll.

1277 2262 30 21 At
1325 2261 70 22 clause
1412 2260 13 22 2
1442 2260 148 28 (empowering
1608 2261 36 22 the
1661 2262 113 21 Treasurer
1792 2262 22 21 to

1252 2288 53 21 raise
1321 2288 140 26 £1,000,000),
1478 2288 91 26 Captain
1583 2289 101 20 Russell
1702 2289 74 20 moved
1792 2290 23 19 to

1252 2316 39 26 put
1301 2315 37 22 the
1352 2314 67 23 words
1622 2315 145 27 immediately
1781 2314 22 23 be-

1245 2337 52 29 fore
1306 2343 37 22 the
1361 2342 56 22 word
1541 2350 23 14 so
1577 2349 24 16 as
1616 2344 23 20 to
1654 2343 60 22 make
1730 2343 17 21 it
1759 2344 56 21 clear

1252 2371 49 21 that
1319 2370 36 21 the
1373 2370 96 27 proposal
1487 2375 42 16 w<ffl
1546 2377 40 14 one
1602 2372 22 19 to
1642 2370 171 26 borrow.—This,

1252 2398 56 21 after
1317 2405 12 14 a
1338 2398 54 21 brief
1400 2397 82 26 debate,
1493 2404 43 15 was
1546 2398 112 26 negatived
1666 2397 27 27 by
1703 2398 26 21 32
1738 2399 22 20 to
1769 2397 31 22 25.

1278 2426 34 21 Mr
1327 2426 26 21 G.
1364 2425 21 22 J.
1396 2425 74 22 Smith
1484 2426 52 20 next
1553 2425 75 21 moved
1646 2426 22 20 to
1686 2425 74 22 reduce
1778 2424 37 22 the

1252 2455 89 20 amount
1349 2453 23 21 of
1381 2453 37 21 the
1433 2453 101 27 proposed
1548 2453 49 22 loan
1612 2454 23 20 to
1649 2453 46 22 half
1703 2460 14 15 a
1726 2453 88 22 million.

1254 2482 34 20 He
1297 2481 93 26 thought
1398 2481 44 21 this
1450 2482 89 20 amount
1553 2481 105 21 sufficient
1666 2481 33 21 for
1708 2487 40 15 one
1757 2487 57 20 year,

1254 2509 111 26 especially
1374 2515 28 15 on
1411 2508 37 21 the
1457 2515 37 15 eve
1503 2508 22 21 of
1534 2514 12 15 a
1555 2509 84 26 general
1646 2508 169 22 election.—The

1254 2537 103 20 Premier
1374 2535 44 22 said
1435 2535 49 21 that
1498 2535 37 22 the
1548 2537 89 20 amount
1650 2535 65 22 asked
1731 2536 33 21 for
1773 2543 42 14 was

1254 2570 109 21 necessary
1373 2563 17 22 if
1399 2563 38 23 the
1445 2563 144 23 Government
1598 2570 54 16 were
1666 2565 23 21 to
1702 2563 28 23 do
1738 2563 77 28 justice

1254 2593 23 20 to
1287 2591 37 22 the
1333 2591 73 27 people
1414 2591 43 23 and
1469 2591 37 21 the
1515 2593 96 25 country.

1280 2624 19 22 A
1318 2624 88 27 lengthy
1428 2624 122 26 discussion,
1574 2624 113 27 extending
1708 2631 50 15 over
1779 2624 36 22 the

1254 2659 77 21 supper
1348 2652 155 28 adjournment,
1523 2651 104 23 followed.
1663 2652 31 22 At
1711 2652 104 28 midnight

1255 2681 37 21 the
1309 2680 89 22 division
1416 2687 42 14 was
1475 2680 71 26 taken,
1567 2680 42 22 and
1626 2680 37 22 the
1680 2680 135 24 amendment

1255 2707 110 27 negatived
1374 2707 28 27 by
1412 2707 25 21 31
1446 2709 23 19 to
1477 2707 32 21 23.
1536 2707 45 21 The
1590 2707 135 22 division-list
1739 2715 42 14 was
1793 2714 22 15 as

1255 2735 121 20 follows:

1278 2767 46 20 For
1335 2771 43 16 the
1386 2766 137 21 Amendment
1531 2766 141 24 (23).—Messrs
1685 2766 67 25 Allen,
1765 2766 51 25 Bell,

1257 2791 77 25 Buddo,
1355 2790 84 25 Duthie,
1459 2790 118 24 Earnshaw,
1602 2791 77 25 Fraser,
1698 2792 64 23 Heke,
1783 2790 32 22 W.

1256 2816 123 23 Hutchison,
1393 2816 21 20 J.
1431 2811 33 24 W.
1482 2816 66 24 Kelly,
1566 2816 62 24 Lang,
1646 2816 71 24 Lewis,
1734 2816 81 23 Maslin,

1256 2841 86 23 Massey,
1359 2840 84 22 M'Nab,
1459 2839 130 24 Mitchelson,
1602 2840 141 24 Montgomery
1760 2841 43 19 New-

1256 2870 55 18 man,
1327 2863 76 25 I'irani,
1418 2863 32 20 W.
1466 2863 24 21 11.
1506 2863 86 25 Russell,
1601 2864 24 20 G.
1634 2863 20 21 J.
1663 2864 75 24 Smith,
1748 2865 68 23 Stout,

1256 2888 85 25 Tanner,
1351 2886 86 22 Wilson.

1279 2914 92 20 Against
1386 2918 43 15 the
1445 2912 137 22 Amendment
1589 2913 142 23 (31).—Messrs
1744 2912 72 24 Buick,

1257 2938 97 24 Cadman,
1379 2938 113 23 Carncross,
1518 2938 86 23 Carnell,
1630 2938 83 24 Carroll,
1734 2938 83 23 Collins,

1257 2962 110 23 Crowther,
1386 2962 47 21 Hat
1435 2968 54 17 man,
1511 2962 55 23 Hall,
1595 2962 124 23 Hall-Jones,
1739 2962 77 23 Harris,

1255 2987 66 28 Hogg.
1350 2987 68 22 Joyce,
1444 2985 33 20 W.
1505 2985 67 23 Kelly,
1597 2985 78 24 Lawry.
1704 2985 113 23 M'Gowan,

1256 3010 19 19 J.
1293 3009 22 19 M
1324 3009 82 23 Kenzie,
1428 3009 24 19 R.
1470 3008 22 20 M
1501 3009 83 23 Kenzie,
1599 3008 126 24 M'Lacnlan,
1743 3008 74 24 Millar,

1257 3033 61 25 Mills,
1341 3033 106 24 Morrison,
1468 3032 100 26 o'Regan,
1588 3032 119 24 Pinkerton,
1730 3031 86 26 Seddon,

1257 3059 22 21 K.
1305 3053 28 26 M.
1354 3058 76 24 Smith,
1455 3058 93 24 Stevens,
1572 3058 99 24 Steward,
1695 3057 121 25 Thompson,

1255 3084 70 19 Ward.

1277 3107 135 20 Pairs.—For
1428 3107 35 19 the
1478 3106 145 21 amendment:
1644 3107 75 19 Messrs
1734 3107 28 20 Te
1777 3107 37 22 Ao,

1256 3130 118 24 Buchanan,
1400 3130 85 24 Button,
1511 3130 98 23 M'Guire,
1642 3130 21 21 T.
1692 3130 123 24 Mackenzie,

1255 3155 72 25 Green,
1336 3154 23 21 G.
1370 3153 122 22 Hutchison.
1522 3153 89 26 Against
1622 3153 36 22 the
1670 3153 144 27 amendment:

1255 3181 74 21 Messrs
1337 3180 80 24 Parata,
1428 3180 93 24 Duncan,
1530 3180 24 21 G.
1568 3179 33 21 W.
1616 3180 85 24 Russell,
1717 3179 98 25 Larnach,

1255 3206 101 20 Houston,
1366 3205 95 21 Graham,
1471 3205 75 19 Willis.

1280 3234 33 22 Mr
1329 3234 139 22 M'Lachlan
1485 3234 53 22 then
1556 3234 74 21 moved
1647 3235 24 20 to
1687 3233 76 22 reduce
1780 3233 37 22 the

1254 3264 89 21 amount
1351 3262 23 21 of
1383 3262 37 22 the
1429 3262 48 21 loan
1487 3263 23 20 to
1525 3261 111 27 £750,000.
1663 3262 52 22 This
1724 3269 42 15 was
1775 3262 43 21 lost

1256 3290 26 26 by
1292 3290 26 21 30
1327 3292 23 19 to
1359 3290 31 21 21.

1281 3317 33 22 Mr
1323 3317 158 22 Montgomery
1497 3316 75 23 moved
1581 3318 23 21 to
1612 3316 42 23 add
1664 3317 22 22 to
1695 3316 37 23 the
1748 3316 70 23 clause

1255 3345 37 22 the
1310 3344 107 28 following
1660 3344 38 23 the
1715 3345 52 22 time
1784 3345 34 22 for

1255 3373 51 21 Buch
1324 3373 124 27 repayment
1465 3372 55 21 shall
1538 3373 36 20 not
1592 3372 76 22 exceed
1686 3373 131 27 twenty-five

1255 3407 61 19 years
1325 3400 54 21 from
1388 3400 38 20 the
1435 3400 49 20 date
1492 3400 23 20 of
1524 3400 55 21 issue
1588 3400 23 21 of
1626 3400 51 21 such
1691 3400 125 22 debentures

1256 3434 22 14 or
1466 3427 115 21 discussion
1594 3427 43 21 this
1649 3434 42 15 was
1700 3427 79 22 carried
1788 3427 28 27 by

1255 3454 26 22 30
1289 3455 23 21 to
1321 3454 28 22 2>

1278 3488 46 20 For
1335 3492 42 16 the
1390 3488 136 20 Amendment
1536 3488 143 24 (30).—Messrs
1688 3488 67 25 Allen,
1765 3488 50 24 Bell,

1256 3512 78 23 Buddo,
1358 3512 71 23 Buick,
1456 3513 113 23 Carncross,
1595 3513 82 22 Collins,
1704 3513 110 23 Crowther,

1256 3536 83 24 Duthie,
1357 3532 117 29 Earnshiw,
1490 3536 77 24 Fraser,
1584 3537 65 23 Heke,
1663 3537 19 19 J.
1699 3536 33 21 W.
1749 3537 67 24 Kelly,

1257 3560 61 24 Lao?,
1343 3560 73 25 Lewis,
1435 3560 22 21 T.
1479 3560 124 25 Mackenzie,
1624 3561 82 24 Maslin,
1731 3561 85 25 Massey,

1256 3584 83 25 M'Nab,
1369 3584 129 24 Mitchelson,
1529 3585 148 25 Montgomery,
1710 3586 106 24 Newman,

1255 3609 75 24 Pirani,
1339 3610 24 19 G.
1372 3609 33 20 W.
1416 3609 86 24 Russell,
1511 3609 33 20 W.
1555 3610 23 19 R.
1590 3610 85 23 Russell,
1685 3610 23 19 G.
1714 3610 19 19 J.
1740 3610 75 23 Smith,

1256 3633 92 21 Steward
1364 3633 66 24 Stout,
1440 3633 86 24 Tanner,
1536 3634 24 20 R.
1569 3633 122 24 Thompson,
1701 3634 85 20 Wilson.

1277 3658 93 20 Against
1388 3662 43 16 tiie
1450 3657 137 22 Amendment
1605 3659 66 23 (26).
1673 3659 75 20 Messrs
1767 3657 38 22 Cad-

1256 3688 54 17 iuan,
1320 3682 86 24 Caruell,
1416 3682 83 22 Carroll,
1510 3682 101 24 Flatman,
1625 3678 55 28 Hall,
1691 3682 125 24 Hall-Jones,

1256 3702 77 25 Harris,
1343 3705 64 25 Hogg,
1416 3705 68 24 Joyce,
1493 3706 32 21 W.
1536 3706 67 24 Kelly,
1613 3706 79 24 Lawry,
1701 3704 114 26 M'Gowan,

1255 3730 18 21 J.
1296 3730 113 30 M'Kenae,
1430 3730 24 21 R.
1467 3730 114 26 M'Kenzie,
1598 3730 128 26 M'Lachlan,
1739 3730 75 25 Millar,

1256 3755 61 25 Mills,
1346 3756 106 24 Morrison,
1482 3756 100 25 O'Regan,
1612 3756 55 24 l'ere,
1697 3756 119 25 Pinkerton,

1255 3780 86 24 Seddon,
1362 3781 23 19 K.
1404 3781 27 19 M.
1450 3780 75 24 Smith,
1543 3781 92 23 Stevens,
1653 3781 22 19 T.
1694 3781 122 24 Thompson,

1255 3803 70 21 Ward.

1277 3828 134 20 Pairs.—For
1419 3828 35 20 the
1463 3828 146 20 amendment:
1619 3828 28 20 Te
1653 3828 37 24 Ao,
1697 3828 118 24 Buchanan,

1255 3852 98 25 M'Guire,
1363 3852 85 24 Button,
1457 3853 72 23 Green,
1544 3852 24 21 G.
1583 3852 121 21 Hutchison.
1730 3852 87 26 Against

1255 3877 35 22 the
1317 3877 142 22 amendment:
1492 3877 79 26 Parata,
1596 3876 93 26 Duncan,
1714 3877 101 25 Houston,

1255 3902 98 25 Larnach,
1363 3902 95 23 Graham,
1468 3902 73 21 Willis.

1280 3933 33 21 Mr
1322 3933 59 20 Bell
1390 3933 52 21 then
1451 3933 74 21 moved
1534 3939 12 15 a
1555 3933 84 22 further
1648 3933 136 22 amendment
1793 3934 23 19 to

1255 3960 60 24 make
1324 3960 17 23 it
1351 3960 89 29 possible
1449 3962 24 21 to
1481 3960 75 24 reduoe
1565 3961 37 23 the
1611 3960 127 24 debentures
1746 3962 24 21 at
1779 3960 37 22 the

1254 3989 40 22 end
1303 3989 24 22 of
1341 3989 75 22 fifteen
1428 3996 95 19 years.—
1524 3989 1 26 I
1525 3990 44 21 Tho
1586 3990 104 21 Premier
1708 3989 107 26 protested

1253 4017 83 25 against
1345 4017 50 19 this.
1424 4017 21 19 It
1461 4023 41 13 was
1518 4017 107 23 intended,
1637 4017 26 19 he
1675 4017 53 23 said,
1739 4018 23 18 to
1772 4022 33 20 pre-

1254 4043 50 20 vent
1313 4042 37 21 the
1360 4043 142 21 Government
1517 4042 54 21 from
1586 4042 85 27 floating
1687 4042 38 21 the
1734 4042 82 21 loan.—

1254 4070 33 21 Mr
1301 4069 59 22 Bkll
1374 4069 134 27 indignantly
1518 4069 75 22 denied
1611 4069 49 22 that
1674 4069 26 22 he
1717 4069 41 22 had
1772 4076 42 19 any

1253 4097 51 22 such
1320 4097 184 23 intention.—The
1518 4097 136 23 amendment
1670 4104 42 16 was
1730 4097 41 21 lost
1787 4097 27 28 by

1253 4125 24 21 31
1287 4127 23 19 to
1318 4126 32 20 18.

1278 4153 34 21 On
1322 4153 36 21 the
1367 4153 103 21 Premier
1480 4153 121 26 intimating
1611 4153 48 21 that
1673 4154 26 20 he
1715 4152 99 22 intended

1254 4181 22 20 to
1291 4182 36 23 get
1344 4180 37 20 the
1397 4181 43 20 Bill
1454 4180 91 25 through
1560 4181 122 20 committee
1697 4179 71 22 before
1778 4180 37 20 the

1254 4207 72 22 House
1339 4213 52 18 rose,
1407 4206 33 22 Mr
1454 4207 84 21 Pibani
1554 4207 74 21 moved
1640 4208 26 20 to
1681 4208 71 26 report
1769 4213 34 20 pro-

1252 4242 63 20 gress,
1327 4235 68 22 which
1405 4241 42 18 was
1456 4234 42 22 lost
1504 4234 28 27 by
1542 4234 25 24 29
1576 4236 24 20 to
1609 4235 30 21 18.

1278 4263 77 21 Clause
1364 4262 12 21 2
1384 4269 23 14 as
1416 4262 103 22 amended
1529 4269 42 14 was
1578 4262 52 21 then
1640 4262 80 27 passed.

1278 4290 45 21 The
1329 4290 122 25 machinery
1461 4289 83 24 clauses
1551 4287 108 28 following
1673 4297 53 14 were
1741 4289 74 27 passed

1254 4317 89 22 without
1353 4317 118 27 opposition
1480 4316 56 24 until
1548 4316 70 23 clause
1628 4315 25 24 16
1666 4324 42 16 was
1718 4316 94 23 reached.

1252 4345 52 21 This
1321 4345 70 21 clause
1408 4343 118 28 (providing
1541 4344 49 22 that
1604 4345 38 21 the
1657 4345 42 21 Act
1717 4344 54 22 shall
1788 4344 26 21 be

1254 4372 49 22 read
1315 4372 52 21 with
1381 4372 37 21 the
1432 4367 69 26 Lands
1511 4372 155 27 Improvement
1679 4372 42 21 and
1735 4372 77 21 Native

1254 4400 69 20 Lands
1332 4399 131 25 Acquisition
1471 4400 49 21 Act,
1532 4399 58 24 1894)
1600 4406 42 13 was
1654 4399 122 25 challenged
1786 4399 26 25 by

1254 4426 33 21 Mr
1296 4426 67 23 Heke,
1374 4425 39 22 but
1422 4431 42 15 was
1473 4424 94 22 retained
1578 4424 26 24 by
1613 4424 25 22 24
1648 4426 23 19 to
1680 4425 31 21 11.

1278 4459 32 21 Dr
1319 4459 104 22 Newman
1433 4459 73 21 moved
1516 4457 37 23 the
1564 4458 107 28 following
1680 4466 45 14 new
1731 4457 81 29 clause:

1362 4486 176 22 Governor-shall
1554 4487 88 25 appoint
1656 4493 14 14 a
1685 4487 58 26 royal
1759 4494 40 14 com-

1253 4514 85 22 mission
1347 4513 23 22 of
1379 4515 83 27 experts
1477 4515 24 20 to
1515 4513 94 22 consider
1623 4513 38 22 the
1678 4513 134 28 advisability

1252 4543 23 20 of
1284 4543 113 26 extending
1405 4549 25 14 as
1438 4541 54 28 light
1501 4542 99 26 railways
1607 4542 31 21 all
1646 4548 24 14 or
1684 4548 43 19 any
1739 4542 23 21 of
1776 4542 37 21 the

1253 4570 97 23 railways
1359 4569 121 21 mentioned
1488 4571 23 19 in
1524 4569 36 21 the
1576 4569 105 24 schedule,
1691 4569 42 21 and
1742 4571 71 24 report

1253 4598 22 19 to
1284 4597 130 21 Parliament
1423 4597 51 20 next
1609 4596 34 21 Ho
1658 4596 64 27 spoke
1736 4596 22 21 of
1776 4596 37 21 the

1252 4624 134 27 advisability
1400 4624 23 21 of
1440 4624 144 26 constructing
1600 4623 56 27 light
1672 4624 98 27 railways
1792 4624 21 21 in

1252 4652 119 26 preference
1387 4652 22 21 to
1424 4651 106 28 incurring
1542 4651 68 28 heavy
1625 4650 138 29 expenditure
1781 4652 32 22 for

1252 4680 37 20 the
1297 4680 143 21 construction
1449 4680 22 20 of
1480 4679 98 26 ordinary
1587 4679 104 26 railways.

1277 4706 34 21 Mr
1328 4706 157 21 Montgomery
1501 4706 74 20 moved
1590 4712 13 13 a
1618 4713 45 13 new
1680 4706 70 22 clause
1768 4713 33 19 pro-

1252 4732 72 27 viding
1332 4732 49 23 that
1390 4732 37 22 the
1435 4732 97 23 Ministsr
1546 4732 62 27 shall,
1619 4732 75 23 within
1708 4734 36 22 ten
1758 4733 53 28 days

1252 4761 23 21 of
1289 4760 36 22 the
1335 4760 88 27 opening
1438 4760 23 22 of
1476 4760 50 22 each
1541 4760 84 26 session,
1637 4761 34 27 lay
1682 4760 70 24 before
1762 4762 37 22 Par-

1252 4788 87 22 liament
1349 4788 107 22 estimates
1464 4788 23 21 of
1503 4788 36 22 the
1548 4789 45 21 cost
1601 4788 23 23 of
1637 4788 38 23 the
1689 4789 66 23 works
1764 4796 36 16 con-

1252 4816 95 22 structed
1355 4817 39 21 out
1402 4816 23 22 of
1435 4816 36 22 the
1481 4816 48 22 loan
1538 4824 83 20 money.

1277 4850 45 20 The
1339 4850 103 20 Premibb
1458 4850 46 21 said
1513 4851 48 20 that
1574 4850 30 20 all
1618 4851 37 20 the
1668 4857 75 20 money
1755 4853 22 19 to
1788 4852 23 20 be

1252 4876 107 25 expended
1377 4876 68 21 would
1463 4876 26 21 be
1506 4877 111 21 contained
1640 4878 22 20 in
1678 4878 39 21 the
1738 4878 74 21 Public

1252 4903 76 22 Works
1337 4903 193 23 Estimates.—The
1539 4903 70 24 clause
1625 4911 41 16 was
1682 4905 91 27 rejected
1782 4905 27 27 by

1251 4931 26 24 25
1285 4933 23 22 to
1318 4932 30 23 14.

1276 4961 34 20 Mr
1318 4960 159 21 Montgomery
1491 4961 74 21 moved
1580 4962 90 21 another
1682 4969 45 14 new
1739 4962 71 22 clause

1252 4988 23 21 to
1292 4987 85 27 provide
1392 4988 48 21 that
1455 4988 37 21 the
1506 4988 98 27 proceeds
1621 4988 23 22 of
1660 4989 38 22 the
1715 4990 54 21 sales
1785 4990 24 22 of

1250 5015 79 22 Native
1350 5015 60 24 lands
1431 5015 77 23 should
1529 5016 24 21 be
1571 5016 49 26 paid
1642 5018 23 19 to
1686 5018 37 20 the
1745 5018 67 21 credit

1251 5042 23 25 of
1283 5043 37 21 the
1328 5042 78 24 Native
1415 5041 61 22 lands
1485 5043 101 25 purchase
1593 5044 89 21 account
1689 5044 43 22 and
1741 5046 38 20 not
1788 5046 23 20 to

1250 5069 39 23 the
1310 5069 149 23 Consolidated
1481 5070 140 23 Fund.—Tho
1643 5071 103 22 Premier
1765 5071 46 23 sakl

1250 5098 49 21 that
1308 5097 43 21 this
1360 5097 96 28 proposal
1465 5097 69 22 would
1550 5098 47 22 lead
1612 5099 23 21 to
1644 5099 164 28 complications,

1250 5125 42 22 and
1301 5125 18 22 it
1329 5125 69 24 would
1412 5125 25 22 be
1451 5125 77 22 almost
1544 5126 119 27 impossible
1678 5129 24 19 to
1717 5134 59 19 carry
1793 5127 18 21 it

1250 5154 47 20 into
1305 5154 68 20 effect.
1402 5153 93 22 Interest
1503 5153 41 22 had
1559 5155 24 19 to
1591 5153 26 22 be
1631 5155 49 26 paid
1691 5156 37 20 out
1736 5155 24 21 of
1773 5155 38 21 the

1251 5180 149 22 Consolidated
1417 5180 68 24 Fund,
1496 5181 42 22 and
1553 5181 18 21 it
1584 5188 42 15 was
1635 5183 39 20 not
1691 5182 41 22 fair
1740 5184 24 20 to
1772 5190 37 18 say

1250 5209 49 21 that
1316 5208 38 22 the
1367 5214 90 16 revenue
1470 5208 75 22 should
1563 5210 38 20 not
1618 5216 26 20 go
1658 5209 61 22 there
1731 5209 79 22 also.—

1250 5237 63 22 After
1322 5243 12 15 a
1343 5235 88 29 leugthy
1441 5236 116 23 discussion
1570 5237 37 22 the
1618 5237 70 22 clause
1697 5244 42 15 was
1748 5244 49 21 nega-

1250 5265 58 22 tived
1317 5265 28 25 by
1355 5264 26 23 23
1391 5265 24 21 to
1424 5264 30 22 17.

1275 5292 45 21 The
1336 5292 110 21 schedules
1465 5299 54 14 were
1539 5292 52 21 then
1607 5292 129 21 considered.
1745 5292 65 20 —Mr

1249 5319 98 22 Collins
1356 5317 75 24 moved
1440 5319 23 22 to
1471 5318 75 23 reduce
1555 5319 38 22 the
1605 5320 49 21 vote
1670 5319 22 22 of
1707 5318 104 26 £200,000

1249 5347 33 22 for
1291 5347 38 22 the
1337 5346 146 28 development
1496 5346 22 23 of
1532 5346 110 28 goldfields
1656 5346 28 28 by
1699 5346 110 26 £IOO,OOO.

1249 5374 51 23 This
1309 5381 42 15 was
1360 5374 111 27 negatived
1479 5374 27 27 by
1515 5374 26 22 25
1550 5375 23 21 to
1582 5374 25 22 17

1271 5408 47 20 For
1334 5411 44 17 the
1390 5407 242 21 Amendment.—Messrs
1647 5407 67 24 Allen,
1732 5406 77 24 Buddo,

1249 5432 83 24 Collins,
1350 5432 117 23 Karnshaw,
1485 5431 65 23 Heke,
1566 5432 19 20 J.
1603 5432 32 20 W.
1654 5432 66 23 Kelly,
1738 5431 71 23 Lewis,

1249 5457 81 24 Maslin,
1341 5457 85 23 Massey,
1441 5456 83 24 M'Nab,
1541 5456 146 24 Montgomery,
1701 5456 107 23 Newman,

1249 5482 76 23 Pirani,
1339 5482 24 20 G.
1374 5481 31 21 W.
1422 5481 86 24 Russell,
1523 5480 24 21 G.
1560 5480 19 21 J.
1595 5480 75 24 Smith,
1682 5482 87 20 Tanner,
1783 5479 24 20 R.

1249 5506 120 24 Thompson.
1529 5506 3 24 <

1271 5530 93 20 Against
1376 5534 42 15 the
1426 5528 242 21 Amendment.—Messrs
1680 5527 73 23 Buick,
1761 5527 37 19 Cad-

1248 5560 55 19 man,
1313 5553 113 23 Carncross,
1437 5553 87 24 Carnell,
1536 5550 85 26 Carroll,
1635 5551 111 23 C'rowther,
1756 5550 44 20 Flat-

1250 5584 54 18 man,
1321 5578 77 24 Fraser,
1416 5577 123 23 Hall-Jones,
1555 5576 78 24 Harris,
1647 5576 68 23 Joyce,
1729 5575 80 24 Lawry,

1250 5603 114 24 M'Gowan,
1372 5604 19 19 J.
1401 5602 114 24 M'Kenz'e,
1525 5602 24 20 R.
1560 5601 21 20 M
1590 5600 83 25 Kenxie,
1682 5599 127 24 M'Lachlan,

1250 5628 63 23 Mills,
1318 5627 106 22 Morrison,
1431 5626 100 27 O'Regan,
1536 5626 55 24 Pore,
1598 5625 120 23 Pinkerton,
1722 5623 87 24 Seddou,

1250 5652 23 20 E.
1283 5651 28 21 M.
1320 5651 75 24 Smith,
1405 5650 98 24 Steward,
1513 5651 21 19 T.
1543 5649 122 25 Thompson.

1273 5675 134 21 Pairs.—For
1414 5675 37 21 the
1464 5674 141 22 amendment:
1621 5672 86 26 Captain
1722 5671 87 23 Russell,

1251 5700 74 20 Messrs
1334 5700 84 22 Duthie,
1435 5700 27 19 Te
1471 5700 36 22 Ao,
1524 5699 98 23 M'Guire,
1637 5698 85 21 Button,
1738 5697 71 22 Green,

1251 5724 122 22 Hutchison,
1381 5724 34 18 Sir
1424 5723 23 19 R.
1457 5723 68 23 Stout,
1534 5722 85 23 Wilson,
1633 5722 62 22 Lang,
1710 5720 50 20 Bell,
1769 5719 41 19 and

1251 5747 76 20 Pirani.
1350 5746 88 21 Against
1449 5746 36 20 the
1497 5745 141 21 amendment:
1653 5745 74 20 Messrs
1739 5742 71 23 Ward,

1251 5770 99 23 Steward,
1367 5771 80 23 I'arata,
1470 5769 101 24 Houston,
1593 5768 99 24 Larnach,
1713 5766 96 25 Graham,

1251 5795 75 26 Willis,
1335 5794 34 24 W.
1379 5794 60 26 Kelly
1455 5793 55 28 Hull,
1520 5793 64 28 Hogg,
1591 5793 76 28 Mil'ar,
1677 5792 40 24 and
1725 5790 72 26 Buick,

1864 191 34 22 Mr
1906 191 25 21 R.
1942 191 125 23 Thompson
2076 194 51 22 then
2136 195 73 22 moved
2215 197 22 19 to
2244 194 64 22 strike
2315 193 37 22 out
2359 191 36 22 the

1838 219 49 21 vote
1896 219 48 22 vote
1953 218 23 22 of
1986 218 91 28 £50,000
2085 222 33 22 for
2127 222 37 23 the
2172 223 146 26 development
2327 220 22 22 of
2358 219 37 22 the

1839 246 91 20 thermal
1952 247 81 24 springs
2050 248 42 21 and
2110 251 83 20 natural
2211 256 85 19 scenery
2305 248 31 21 J>i
2359 247 37 20 the

1839 271 74 26 colony
1921 271 52 21 with
1982 272 38 21 the
2035 273 70 27 object
2113 276 23 20 of
2144 276 138 27 substituting
2296 272 97 27 £25,000,

1840 298 67 24 which
1915 298 26 23 he
1948 298 92 30 thought
2045 302 59 27 quite
2110 303 287 24 sufficient.—ThePßßMiEß

1840 327 45 21 said
1894 328 49 21 that
1951 328 44 21 thiß
2004 331 48 19 vote
2061 337 43 15 was
2111 338 40 15 one
2166 333 22 20 of
2204 333 36 20 the
2258 333 55 20 most
2328 335 58 16 neces-

1840 360 47 22 sary
1905 354 42 22 and
1962 356 109 26 profitable
2089 358 21 22 in
2127 361 38 21 the
2183 359 66 23 whole
2266 357 131 24 schedule.—

1839 383 45 21 The
1892 383 136 23 amendment
2038 392 42 16 was
2089 388 109 26 negatived
2208 388 27 27 by
2245 387 25 23 23
2278 389 23 20 to
2310 385 31 24 19.

1866 411 33 19 On
1915 411 37 20 the
1967 413 49 19 vote
2032 413 23 19 of
2071 413 103 27 £250,000
2189 415 33 21 for
2237 415 97 25 railways
2350 418 36 15 con-

1840 436 103 22 siderable
1960 437 114 23 discussion
2091 442 50 23 took
2156 442 58 27 place
2228 448 28 15 on
2270 441 36 22 the
2315 439 82 22 various

1840 463 129 29 allocations,
1980 464 38 27 but
2028 473 27 16 no
2063 469 146 23 amendments
2218 477 52 14 were
2279 470 65 21 taken
2353 468 23 21 to
2385 472 12 16 a

1840 491 96 28 division,
1955 494 42 22 and
2012 494 37 22 the
2066 496 68 23 whole
2151 500 48 20 vote
2218 505 41 14 was
2276 494 121 27 eventually

1840 520 76 25 agreed
1925 521 23 20 to
1961 527 27 15 on
1997 522 36 20 the
2042 523 74 22 voices.
2143 524 45 22 The
2204 525 43 21 Bill
2256 531 41 15 was
2306 524 51 21 then
2367 528 20 14 re-

1842 547 73 26 ported
1925 547 51 22 with
1985 549 152 28 amendments,
2147 552 69 21 which
2230 559 52 14 were
2296 552 32 20 set
2337 550 60 21 down

1841 574 34 21 for
1882 575 154 22 consideration
2051 584 27 14 on
2087 578 103 25 Tuesday,
2207 580 37 21 the
2254 580 71 21 House
2334 577 63 25 rising

1841 603 23 20 at
1873 601 47 22 7.15
1928 608 50 15 a.m.

1876 665 75 27 THE
1974 665 182 27 MATABELE
2179 665 182 27 TROUBLE.

1879 738 85 24 OVER
1978 740 41 23 500
2035 740 106 25 WHITE
2155 742 69 24 MEN
2240 739 122 27 KILLED.

1870 775 48 23 The
1938 782 60 18 news
2018 778 99 23 received
2138 778 29 30 by
2192 779 62 24 cable
2272 778 70 23 about
2360 775 40 23 the

1842 806 75 23 revolt
1924 806 22 23 in
1954 806 113 24 Rhodesia
2075 809 85 27 (writes
2190 808 118 26 Uitlander
2360 805 40 24 the

1844 836 147 24 'Melbourne
2007 837 86 30 Argus'
2113 839 22 23 of
2154 840 91 29 August
2263 841 21 26 8)
2302 843 98 22 conveys

1842 866 43 23 but
1904 873 13 15 a
1936 866 71 30 slight
2024 867 51 23 idea
2093 869 23 22 of
2136 869 38 23 the
2196 870 83 23 serious
2298 869 60 21 state
2378 865 22 23 of

1842 897 77 22 affairs
1929 897 22 22 in
1965 897 157 24 Charterland.
2153 899 48 24 The
2216 900 71 22 entire
2305 898 95 27 country

1842 927 58 24 from
1910 926 53 26 Tati
1974 931 24 20 to
2014 927 57 25 Fort
2088 929 116 32 Salisbury
2221 930 39 24 has
2276 928 63 28 been,
2355 925 45 25 and

1842 959 49 23 still
1910 959 27 27 is,
1958 959 23 23 in
2001 967 13 15 a
2037 963 61 20 state
2117 961 22 23 of
2158 969 57 22 open
2235 959 90 28 revolt;
2346 957 53 28 and,

1842 989 120 29 according
1977 991 24 21 to
2021 990 39 22 the
2077 991 72 23 South
2165 992 92 22 African
2272 996 81 24 papers
2367 996 22 15 re-

1843 1020 77 24 ceived
1938 1020 130 31 yesterday,
2085 1029 53 16 over
2154 1024 42 22 500
2206 1023 67 23 white
2283 1029 49 15 men
2344 1020 57 23 have

1844 1052 44 23 lost
1898 1051 60 23 their
1967 1051 64 24 lives.
2061 1051 45 23 For
2122 1053 39 22 the
2178 1057 52 24 past
2246 1053 41 22 few
2301 1051 99 27 months,

1842 1081 36 23 far
1887 1081 58 23 from
1956 1081 39 22 the
2004 1080 111 24 outbreak
2126 1082 83 29 having
2219 1084 65 27 spent
2293 1081 31 22 its
2331 1080 69 27 force,

1843 1111 20 24 it
1872 1111 41 26 h»a
1922 1110 59 24 from
1990 1110 45 31 day
2045 1112 25 23 to
2080 1110 44 31 day
2139 1111 89 25 become
2238 1118 60 17 more
2306 1110 94 28 serious,

1843 1142 44 24 and
1899 1142 64 24 there
1972 1142 19 24 is
2001 1149 29 16 no
2040 1141 73 25 doubt
2124 1142 52 26 that
2192 1143 20 23 it
2226 1144 19 22 is
2261 1142 44 23 due
2320 1144 25 21 to
2362 1140 39 24 the

1844 1173 114 25 Matabele
1969 1173 52 23 that
2030 1173 19 23 it
2059 1173 40 23 has
2109 1173 81 30 spread
2198 1176 23 20 to
2230 1171 169 27 Maßhonaland.

1844 1203 91 24 Fearful
1953 1206 49 21 acts
2021 1203 23 23 of
2068 1204 87 28 cruelty
2175 1204 56 23 have
2251 1203 53 22 been
2324 1208 64 23 perpe-

1844 1234 76 23 trated
1930 1234 30 29 by
1971 1234 40 23 the
2020 1234 67 29 impis
2096 1234 107 28 formerly
2211 1228 71 30 umier
2292 1232 38 22 the
2339 1239 63 21 sway

1844 1265 22 21 of
1875 1264 136 29 Lobengula,
2021 1264 44 22 and
2073 1264 114 22 wherever
2197 1261 112 24 scattered
2317 1261 85 31 parties

1843 1294 23 22 of
1877 1294 69 22 white
1956 1300 50 15 men
2016 1293 66 22 could
2093 1293 27 21 be
2136 1292 69 22 found
2222 1292 58 23 their
2296 1292 46 22 fate
2356 1298 46 16 was

1844 1322 128 23 inevitable.
2004 1321 23 23 It
2038 1326 60 17 must
2108 1322 26 20 be
2145 1321 118 28 explained
2273 1323 51 21 that
2341 1322 61 28 prior

1845 1356 23 19 to
1878 1352 40 23 the
1927 1351 111 23 outbreak
2054 1351 38 22 the
2103 1351 106 29 majority
2219 1351 23 23 of
2252 1352 37 23 the
2301 1352 99 27 settlers,

1844 1382 102 23 whether
1956 1380 99 30 engaged
2073 1381 23 22 in
2113 1382 85 29 mining
2216 1389 24 16 or
2256 1382 146 30 agricultural

1844 1412 108 29 pursuits,
1978 1411 45 21 had
2047 1410 136 24 established
2204 1412 57 23 their
2280 1413 77 22 homes
2378 1414 25 21 at

1843 1446 65 26 great
1922 1441 113 24 distances
2045 1441 56 24 from
2118 1448 42 17 one
2171 1443 99 28 another,
2289 1443 44 23 and
2351 1443 52 24 that

1844 1474 20 21 it
1873 1480 46 15 was
1937 1472 82 22 almost
2034 1472 128 28 impossible
2179 1477 24 18 to
2222 1474 57 29 rally
2299 1474 104 28 together

1844 1502 35 23 for
1889 1501 89 23 mutual
1987 1502 81 28 safety.

1871 1532 35 22 On
1916 1531 60 24 June
1986 1532 28 22 26
2025 1532 38 24 the
2073 1532 98 28 position
2181 1535 24 20 at
2215 1532 54 24 Fort
2285 1532 117 28 Salisbury

1844 1568 46 16 was
1910 1563 59 21 most
1988 1561 136 30 preoarious,
2149 1561 44 23 and
2217 1563 83 29 adding
2324 1565 24 20 to
2372 1562 31 22 its

1844 1592 85 30 danger
1944 1599 46 17 was
2008 1591 39 25 the
2064 1592 47 24 fact
2128 1592 51 24 that
2202 1600 117 17 numerous
2338 1592 64 24 small

1844 1624 77 22 bodies
1940 1624 24 22 of
1983 1624 91 22 settlers
2094 1624 23 22 in
2137 1624 39 22 the
2192 1624 109 23 outskirts
2317 1623 86 23 needed

1844 1654 130 22 assistance.
2005 1653 21 23 A
2037 1653 74 30 patrol
2122 1653 91 23 rescued
2220 1655 102 29 eighteen
2333 1653 70 23 white

1844 1691 50 16 men
1905 1685 57 22 from
1973 1684 39 23 the
2022 1684 93 23 Jesuits'
2126 1684 65 28 farm,
2203 1684 41 23 but
2253 1693 28 15 on
2298 1685 39 23 the
2353 1691 50 22 way

1844 1714 57 23 back
1922 1722 58 15 were
1998 1714 108 23 attacked
2124 1714 29 29 by
2169 1722 13 14 a
2201 1714 60 30 large
2280 1716 62 28 impi,
2359 1714 44 22 and

1844 1745 86 21 several
1947 1744 56 22 lives
2020 1752 58 14 were
2094 1744 51 22 lost.
2176 1744 34 22 On
2228 1746 37 20 the
2282 1752 60 15 same
2359 1744 44 28 day

1844 1782 13 15 a
1876 1776 65 28 great
1960 1773 58 31 fight
2037 1773 55 24 took
2108 1774 63 27 place
2186 1777 25 20 at
2230 1774 108 27 Victoria,
2359 1773 44 23 and

1844 1805 59 23 after
1918 1805 133 29 destroying
2068 1804 43 23 five
2127 1804 75 24 kraals
2218 1805 45 24 and
2275 1806 65 28 5,000
2350 1805 53 29 bags

1844 1836 23 23 of
1876 1836 65 29 grain
1951 1836 39 23 the
2001 1836 81 23 whites
2092 1843 58 15 were
2164 1835 88 29 obliged
2269 1839 23 21 to
2309 1839 92 21 retreat.

1844 1866 33 23 At
1897 1865 152 25 Marandellas
2068 1866 79 27 20,000
2165 1866 84 23 rounds
2267 1867 22 23 of
2308 1865 95 24 Martini

1844 1895 125 29 cartridges
1985 1902 59 16 were
2060 1895 140 27 abandoned,
2217 1896 44 22 and
2278 1903 13 15 a
2310 1902 93 22 waggon

1844 1925 130 30 containing
1991 1925 44 23 five
2052 1932 51 15 men
2120 1925 44 23 and
2179 1932 41 16 one
2230 1926 51 30 lady
2291 1925 54 31 only
2355 1932 36 15 suc-

1844 1956 83 23 ceeded
1942 1956 23 22 in
1983 1956 106 29 reaching
2106 1955 116 30 Salisbury
2239 1957 58 22 after
2313 1964 14 14 a
2344 1963 44 15 won-

1844 1986 74 22 derful
1938 1993 85 22 escape.
2054 1986 36 22 On
2114 1986 39 21 the
2177 1993 50 22 way
2247 1987 52 28 they
2323 1985 80 30 passed

1844 2015 87 25 several
1940 2015 77 23 bodies
2027 2015 23 24 of
2060 2015 70 24 white
2147 2023 50 16 men
2212 2024 28 15 on
2251 2017 38 23 the
2299 2015 63 29 road,
2373 2015 30 24 all

1844 2046 128 23 mutilated.

1873 2077 49 23 The
1939 2076 56 24 staff
2008 2076 75 24 officer
2099 2078 25 21 at
2134 2076 114 31 Salisbury
2260 2076 144 31 telegraphed

1845 2109 23 21 to
1878 2107 163 29 headquarters
2051 2114 28 16 on
2096 2107 61 23 June
2171 2108 27 22 26
2214 2115 13 15 a
2243 2108 38 23 list
2295 2108 23 22 of
2333 2107 69 23 white

1844 2137 120 24 casualties
1981 2137 23 22 in
2020 2137 53 23 that
2087 2137 98 27 district,
2197 2138 44 22 and
2256 2138 19 23 it
2291 2138 69 22 forms
2375 2144 29 15 an

1844 2168 116 31 appalling
1984 2167 120 29 chronicle,
2130 2167 133 31 numbering
2285 2175 54 15 over
2364 2168 40 22 100

1844 2207 59 20 men,
1915 2206 94 21 women,
2027 2198 45 23 and
2088 2198 108 23 children.
2228 2198 47 23 The
2289 2198 115 29 following

1844 2230 19 23 is
1873 2237 13 16 a
1896 2229 115 24 narrative
2028 2229 23 23 of
2068 2236 42 16 one
2125 2229 63 30 day's
2204 2229 115 30 Salisbury
2334 2236 68 21 news,

1844 2261 45 23 and
1904 2269 68 21 every
1988 2260 45 30 day
2047 2260 86 23 similar
2148 2268 141 15 occurrences
2304 2268 59 17 seem
2378 2263 25 20 to

1845 2291 56 22 have
1906 2291 69 22 taken
2110 2291 20 21 A
2136 2290 80 23 Basuti
2223 2298 85 14 woman
2315 2290 89 22 arrived

1844 2325 26 18 at)
1893 2320 118 29 Salisbury
2030 2327 28 16 on
2076 2319 41 24 Bth
2135 2319 64 31 July,
2221 2321 114 29 reporting
2350 2319 52 24 that

1845 2351 35 24 Sir
1904 2351 61 24 John
1984 2350 166 30 Willoughby's
2166 2350 184 29 representative,
2367 2350 37 23 Mr

1845 2382 87 26 White,
1944 2381 67 29 being
2020 2380 69 30 badly
2099 2380 119 28 Wounded,
2230 2388 45 15 was
2290 2380 69 23 taken
2374 2380 30 30 by

1845 2418 12 16 a
1873 2412 77 22 native
1967 2411 133 29 missionary
2111 2414 24 19 to
2150 2410 38 23 the
2206 2411 90 22 mission
2310 2410 92 23 station.

1845 2442 25 23 It
1879 2450 46 15 was
1934 2441 108 30 occupied
2050 2441 30 29 by
2091 2441 39 23 the
2141 2440 120 29 Matabele,
2274 2441 49 23 who
2334 2440 70 23 killed

1846 2473 39 22 the
1904 2472 141 29 missionary,
2066 2471 39 22 Mr
2120 2471 85 27 White,
2223 2472 93 21 another
2335 2472 70 22 white

1845 2511 59 19 man,
1921 2502 44 23 and
1983 2502 64 22 three
2058 2501 107 23 children.
2197 2502 35 22 On
2242 2501 38 23 the
2290 2509 60 15 same
2360 2501 44 29 day

1845 2533 51 23 four
1915 2532 70 23 white
2007 2539 50 15 men
2082 2539 57 15 were
2163 2531 71 23 killed
2258 2531 148 29 twenty-four

1845 2563 65 24 miles
1929 2563 57 23 from
2003 2561 124 30 Salisbury,
2146 2561 45 24 and
2207 2561 23 24 in
2247 2561 30 24 all
2292 2561 21 24 it
2326 2562 20 23 is
2356 2561 49 23 said

1846 2594 52 23 that
1907 2595 25 21 at
1941 2593 58 23 least
2009 2594 41 22 500
2059 2592 56 23 lives
2126 2592 57 23 have
2192 2592 55 22 been
2258 2592 50 23 lost.
2338 2592 68 23 From

1845 2624 31 22 all
1886 2626 89 27 reports
1986 2623 39 22 the
2042 2622 104 23 cruelties
2164 2622 144 29 perpetrated
2325 2622 30 29 by
2367 2622 39 22 the

1847 2653 114 25 Matabele
1971 2653 57 24 have
2040 2653 54 23 been
2105 2655 36 21 too
2150 2652 92 24 terrible
2252 2655 24 21 to
2286 2651 52 25 bear
2346 2660 45 15 men-

1847 2686 56 27 tion,
1915 2685 44 23 and
1970 2684 95 24 Charter
2066 2684 54 23 land
2128 2684 53 27 will,
2192 2684 19 22 it
2221 2683 18 22 is
2249 2686 24 20 to
2284 2683 26 23 be
2320 2683 84 28 feared,

1846 2716 27 22 be
1884 2718 40 26 yet
1934 2716 39 21 the
1983 2722 65 15 scene
2058 2714 22 22 of
2091 2714 68 22 awful

1876 2745 73 23 When
1967 2744 131 23 Enkeldorn
2120 2750 46 15 was
2188 2743 97 22 relieved
2302 2743 62 28 early
2382 2743 23 22 in

1846 2775 57 30 July
1920 2775 30 29 by
1960 2773 92 25 Colonel
2071 2773 61 28 Beal,
2151 2773 42 23 200
2209 2773 75 23 Dutch
2301 2773 101 28 farmers,

1847 2806 56 23 with
1920 2805 60 24 their
1995 2805 69 23 wives
2071 2803 47 24 >and
2134 2803 108 29 children,
2261 2803 44 24 had
2315 2804 56 23 been
2382 2804 22 23 in

1847 2837 75 28 laager
1932 2836 65 22 there
2012 2836 34 22 for
2057 2838 45 20 two
2117 2834 98 28 months,
2226 2834 45 23 and
2288 2834 116 29 subjected

1847 2869 24 19 to
1882 2865 155 23 intermittent
2050 2864 97 28 attacks,
2159 2864 39 22 the
2216 2864 157 22 commandant
2382 2864 24 22 of

1847 2897 39 24 the
1897 2896 74 30 laager
1981 2895 68 31 being
2063 2902 80 23 among
2158 2895 39 23 the
2213 2894 126 27 wounded..
2361 2894 45 24 For

1847 2928 34 23 six
1892 2927 75 23 weeks
1978 2927 54 29 they
2042 2933 59 16 were
2116 2926 98 23 without
2230 2933 43 21 any
2285 2926 105 23 communi-

1847 2958 75 22 cation
1932 2957 58 22 from
2001 2957 38 21 the
2049 2956 89 22 outside
2148 2955 77 23 world.

1875 2986 48 23 The
1933 2985 115 23 Matabele
2058 2993 38 15 are
2106 2985 115 28 acquiring
2229 2985 100 28 military
2338 2985 57 22 train-

1847 3016 39 29 ing
1895 3016 23 22 in
1930 3015 39 23 the
1984 3015 130 30 protracted
2130 3014 99 23 troubles
2245 3015 22 22 in
2284 3014 119 24 Rhodesia.

1847 3046 64 31 They
1921 3053 29 17 no
1960 3046 78 31 longer
2048 3045 53 25 rush
2112 3045 56 24 with
2179 3044 53 25 wild
2242 3052 94 24 courage
2346 3052 60 24 upon

1848 3078 39 23 the
1899 3078 104 27 Maxims,
2014 3077 43 23 but
2066 3076 52 24 seek
2129 3076 84 24 shelter
2226 3076 83 23 behind
2320 3077 52 23 hills
2381 3084 25 16 or

1847 3109 24 21 in
1887 3108 54 28 long
1957 3114 78 22 grass;
2051 3107 44 22 and
2111 3107 54 28 they
2183 3107 57 21 have
2256 3107 91 21 learned
2367 3107 39 22 the

1847 3137 139 29 importance
1995 3137 24 22 of
2028 3136 108 23 mounted
2146 3135 92 31 patrols.

1875 3168 57 24 Like
1943 3168 39 24 the
1991 3166 154 31 irrepressible
2155 3166 82 25 Osman
2247 3166 73 32 Digna
2331 3167 22 24 in
2364 3166 40 25 the

1847 3199 99 27 Soudan,
1958 3199 39 22 the
2012 3199 99 21 M'Limo
2127 3205 25 15 or
2170 3198 105 27 Uinlimo,
2294 3198 23 22 of
2332 3199 59 21 Mata-

1847 3228 111 28 beleland,
1977 3228 51 23 who
2047 3234 45 16 was
2113 3227 104 30 reported
2237 3229 23 21 to
2277 3227 57 23 have
2350 3227 56 23 been

1847 3259 52 24 shot
1919 3259 29 29 by
1967 3267 29 14 an
2014 3259 118 22 American
2150 3260 71 26 scout,
2242 3258 40 23 has
2301 3266 61 15 come
2382 3260 24 21 to

1847 3290 39 23 life
1903 3290 74 29 again,
1995 3289 43 23 and
2049 3290 20 21 is
2084 3288 74 23 stated
2175 3291 23 19 to
2213 3288 27 22 be
2255 3291 24 20 at
2294 3288 39 23 the
2348 3288 58 23 head

1847 3319 23 24 of
1894 3327 27 15 an
1942 3319 55 30 impi
2021 3318 44 24 and
2085 3319 23 23 in
2132 3318 117 23 command
2273 3318 23 24 of
2319 3318 87 24 several

1848 3357 112 23 waggons.

1982 3380 96 28 Hewitt,
2094 3380 23 23 of
2131 3379 105 24 Gilford's
2246 3379 79 28 Horse,
2338 3379 44 24 had
2393 3387 13 15 a

1847 3419 88 15 narrow
1950 3418 78 22 escape
2045 3411 58 22 from
2117 3417 14 16 a
2146 3410 87 29 painful
2247 3410 68 23 death
2330 3410 23 23 in
2364 3417 42 16 one

1847 3442 23 22 of
1889 3441 40 23 the
1948 3440 167 30 recent,.fights.
2148 3440 75 22 While
2239 3440 125 29 advancing
2381 3443 24 19 to

1848 3473 40 22 the
1911 3471 73 24 rebels
2005 3479 13 14 a
2039 3469 184 30 Martini-Henry
2240 3470 72 23 bullet
2326 3470 80 23 struck

1847 3503 47 22 him
1914 3510 29 15 on
1962 3502 39 22 the
2021 3501 73 29 pouch
2113 3500 86 23 carried
2219 3500 29 30 by
2267 3500 46 23 him
2328 3508 28 15 on
2371 3500 35 23 his

1847 3532 99 29 bayonet
1970 3531 53 23 belt.
2068 3530 48 24 The
2142 3530 79 30 pouch,
2242 3530 93 30 luckily,
2360 3538 46 15 was

1848 3563 85 30 tightly
1957 3561 87 31 packed
2068 3561 56 23 with
2148 3561 102 23 revolver
2272 3561 132 30 cartridges.

1847 3593 47 24 The
1904 3593 74 23 bullet
1987 3596 62 19 went
2059 3592 98 29 through
2168 3591 39 24 the
2223 3594 88 27 greater
2320 3596 53 25 part
2383 3592 23 22 of

1847 3624 71 27 these,
1936 3622 44 24 and
1997 3622 54 24 then
2070 3629 45 16 was
2131 3620 109 25 deflected
2256 3622 148 28 downwards,

1848 3654 88 29 tearing
1955 3655 40 21 out
2013 3654 39 22 the
2071 3652 87 23 bottom
2176 3652 22 22 of
2218 3652 38 23 the
2272 3653 73 29 pouch
2361 3652 44 24 and

1847 3684 98 29 burying
1973 3683 62 23 itself
2059 3683 23 22 in
2111 3683 40 21 the
2169 3683 92 28 ground.
2302 3683 104 23 Another

1847 3721 78 23 escape
1936 3721 45 15 was
1997 3713 51 23 that
2063 3713 22 22 of
2104 3711 126 31 Niemayer.
2259 3712 28 23 In
2305 3713 34 22 his
2356 3720 50 15 case

1847 3745 40 23 the
1903 3744 72 24 bullet
1990 3743 79 24 struck
2084 3743 39 24 the
2143 3742 68 25 metal
2230 3742 71 32 badge
2320 3751 29 16 on
2367 3743 39 24 the

1847 3775 49 23 side
1906 3775 23 23 of
1939 3775 35 23 his
1984 3775 49 27 hat,
2052 3774 51 27 and,
2122 3773 71 30 flying
2209 3774 36 28 off,
2263 3774 114 29 ploughed
2393 3782 13 15 a

1847 3806 84 22 furrow
1941 3805 97 28 through
2051 3804 39 22 the
2100 3803 54 23 flesh
2164 3803 23 23 of
2198 3803 39 23 the
2245 3804 61 29 scalp
2317 3806 5 20 !

1875 3834 66 24 From
1970 3834 126 28 Buluwayo
2118 3833 21 22 it
2169 3833 19 22 is
2218 3833 104 30 reported
2354 3834 52 23 that

1847 3864 143 32 Nyamanda,
2002 3871 39 17 son
2056 3863 22 24 of
2090 3864 38 24 the
2139 3863 46 24 late
2195 3862 60 33 King
2265 3864 137 31 Lobeogula,

1847 3897 40 23 has
1897 3897 56 23 been
1970 3895 136 32 proclaimed
2122 3895 61 30 lung
2200 3895 29 30 by
2239 3896 40 24 the
2288 3896 118 30 insurgent

1847 3927 121 21 Matabele.
1981 3927 3 21 ~
2012 3927 3 21 .
2060 3927 3 21 '
2262 3946 63 2 ...

1874 3956 92 25 Colonel
1976 3956 91 24 I'lumer
2076 3954 81 33 fougfct
2172 3954 44 31 agd
2227 3963 49 17 won
2289 3963 14 18 a
2318 3956 86 32 gallant

1847 3989 75 22 action
1946 3988 90 30 against
2066 3987 39 23 the
2136 3987 113 23 Matabele
2278 3990 26 20 at
2327 3989 77 22 Thaba

1846 4018 101 21 Imamba
1964 4025 29 14 on
2010 4016 100 28 Sunday,
2120 4017 42 21 Bth
2176 4017 62 30 July.
2268 4018 48 21 The
2333 4018 60 21 insur-

1845 4049 66 25 gents
1922 4046 44 23 had
1984 4046 70 23 taken
2069 4052 31 22 up
2115 4053 14 14 a
2145 4046 97 28 position
2259 4046 74 23 which
2350 4047 54 28 they

1847 4076 102 24 believed
1969 4078 24 20 to
2013 4076 27 22 be
2059 4075 160 30 impregnable,
2239 4076 44 23 and
2303 4084 59 15 were
2381 4077 23 23 in

1845 4107 153 24 considerable
2014 4105 111 25 numbers.
2166 4105 36 25 Sir
2216 4106 120 24 Frederick
2351 4107 39 24 Car-

1846 4139 90 29 rington
1953 4136 94 25 decided
2066 4136 51 24 that
2134 4136 54 30 they
2205 4140 60 21 must
2282 4138 26 23 be
2323 4138 81 25 driven

1845 4171 41 21 out
1895 4171 26 19 at
1930 4175 49 19 one,
1990 4167 44 22 and
2052 4167 137 29 despatched
2206 4168 90 22 Colonel
2313 4168 91 22 Plumer

1846 4198 56 22 with
1912 4205 13 14 a
1936 4198 60 22 force
2005 4197 24 22 of
2043 4197 42 24 750
2095 4203 58 21 men,
2164 4197 106 23 mounted
2285 4197 45 23 and
2344 4198 56 22 foot.

1845 4228 48 23 The
1908 4228 127 30 insurgents
2055 4226 65 23 made
2139 4234 12 15 a
2166 4227 66 24 stand
2246 4235 81 25 among
2341 4236 61 15 some

1845 4260 89 28 granite
1959 4258 86 29 kopjes,
2069 4258 75 22 where
2172 4258 60 29 they,
2248 4266 55 22 verj
2312 4258 4 31 -
2324 4260 78 29 nearly

1845 4288 122 24 succeeded
1984 4288 23 23 in
2024 4287 111 31 inflicting
2144 4295 14 15 a
2167 4289 83 22 serious
2268 4297 89 15 reverse
2372 4297 28 15 on

1845 4319 39 23 the
1908 4318 119 31 attacking
2050 4318 68 28 force,
2137 4318 44 27 and
2196 4319 91 24 Colonel
2311 4319 92 24 Plumer

1845 4350 45 23 had
1896 4349 76 24 fifteen
1980 4356 49 16 men
2036 4349 68 23 killed
2111 4349 44 22 and
2159 4352 118 21 seventeen
2282 4350 118 28 wounded,

1845 4380 39 23 the
1894 4380 98 29 enemy's
2007 4380 44 23 loss
2067 4380 132 30 amounting
2214 4384 22 20 to
2252 4382 47 22 100.
2331 4380 71 30 Many

1845 4417 85 15 women
1940 4410 45 22 and
1995 4410 109 26 children,
2115 4410 44 21 and
2177 4410 66 28 sheep
2259 4410 45 22 and
2319 4411 81 26 cattle,

1845 4446 57 16 were
1919 4438 116 31 captured.
2071 4438 25 24 It
2115 4446 47 16 was
2178 4446 14 16 a
2212 4439 101 30 (splendid
2329 4439 36 25 bit
2378 4440 24 24 of

1844 4469 102 31 flghting.
1978 4469 35 24 Its
2023 4469 116 23 character
2149 4469 18 23 is
2183 4470 76 23 shown
2273 4471 24 22 in
2308 4467 92 30 Colonel

1843 4500 110 23 Plumer's
1962 4499 97 23 decision
2071 4502 24 20 to
2104 4500 46 21 fall
2160 4499 57 23 back
2231 4508 28 14 on
2275 4500 125 30 Buluwayo

1844 4530 23 23 in
1877 4538 151 21 consequence
2036 4530 25 23 of
2075 4530 39 23 the
2123 4529 94 30 damage
2231 4530 35 23 his
2280 4530 61 24 force
2355 4530 45 24 had

1843 4561 123 22 sustained*
1998 4560 27 22 In
2042 4568 14 17 a
2072 4567 58 20 way,
2148 4560 77 22 Thaba
2239 4560 102 22 Imamba
2356 4568 45 15 was

1844 4590 39 23 the
1913 4589 89 24 Ferkeh
2033 4590 23 23 of
2090 4589 120 28 Rhodesia,
2235 4589 44 23 and
2308 4589 92 23 Colonel

1843 4620 109 24 Plumer's
1962 4627 86 17 success
2058 4627 46 16 was
2113 4619 54 30 only
2177 4619 43 23 less
2236 4620 91 23 notable
2343 4620 55 23 than

1843 4651 37 25 Sir
1888 4651 102 25 Herbert
2000 4650 141 25 Kitchener's
2151 4657 28 15 on
2191 4650 38 22 the
2238 4649 59 23 Nile.

1934 4727 76 28 THE
2029 4727 101 27 A.M.P.
2150 4727 159 28 SOCIETY.

2074 4807 135 29 SYDNEY,
2224 4807 96 23 August
2334 4807 34 22 29.

1870 4841 32 21 At
1920 4848 14 14 a
1951 4839 84 29 special
2054 4839 99 28 meeting
2171 4839 24 22 of
2211 4838 37 23 the
2267 4838 131 21 Australian

1842 4869 91 23 Mutual
1953 4868 123 22 Provident
2096 4868 91 29 Society
2202 4871 23 19 to
2239 4866 102 22 consider
2360 4867 38 21 the

1842 4899 110 32 reporbof
1967 4899 39 23 the
2025 4898 135 24 Committee
2180 4895 121 33 appointed
2318 4899 25 20 at
2360 4895 38 23 the

1842 4932 45 23 last
1896 4930 83 25 annual
1990 4929 99 29 meeting
2099 4931 24 22 to
2133 4928 65 24 make
2208 4927 85 25 certain
2308 4926 75 23 amend-

1842 4965 73 20 ments
1926 4964 23 20 to
1960 4961 39 23 the
2014 4960 101 29 by-laws,
2136 4960 38 21 the
2193 4959 112 23 chairman
2322 4957 76 22 stated

1841 4993 53 23 that
1904 4992 39 23 the
1953 4990 155 24 amendments
2117 4988 123 24 submitted
2251 4989 24 21 to
2283 4987 39 22 the
2330 4989 54 20 meet-

1841 5024 39 28 ing
1899 5029 58 16 were
1976 5021 158 27 unanimously
2153 5019 81 30 agreed
2260 5021 22 19 to
2308 5017 30 28 by
2359 5017 39 21 the

1840 5052 143 27 Committee,
2000 5051 60 23 after
2068 5049 129 30 consulting
2206 5047 55 24 with
2276 5047 39 22 the
2325 5054 60 20 repre-

1841 5083 125 23 sentatives
1976 5081 23 24 of
2017 5081 55 22 each
2092 5080 56 22 local
2167 5078 75 24 Board
2259 5073 139 31 throughout

1842 5113 38 24 the
1890 5112 103 24 colonies.
2025 5109 108 25 Included
2151 5110 22 22 in
2190 5109 38 23 the
2244 5106 154 24 amendments

1841 5152 24 15 as
1875 5144 50 23 first
1934 5142 124 24 submitted
2077 5141 29 29 by
2121 5141 40 22 the
2178 5138 132 25 Committee
2324 5144 47 15 was
2385 5144 13 14 a

1841 5174 104 29 proposal
1955 5175 24 21 to
1990 5172 78 23 enable
2086 5171 39 23 the
2144 5171 85 27 society
2249 5170 24 21 to
2289 5166 108 23 establish

1840 5204 46 23 and
1900 5203 110 23 maintain
2025 5202 102 23 business
2136 5201 24 23 in
2171 5200 99 26 London,
2282 5197 41 22 but
2340 5203 24 16 as
2379 5196 19 22 it

1840 5242 47 15 was
1903 5236 43 21 not
1959 5232 89 25 arrived
2067 5235 26 20 at
2109 5229 156 28 unanimously
2275 5228 39 22 the
2323 5226 74 23 Board

1841 5265 99 28 thought
1964 5265 19 22 it
2006 5264 76 23 better
2105 5266 41 19 not
2176 5264 24 21 to
2223 5259 85 24 submit
2331 5257 19 23 it
2374 5259 24 21 to

1841 5293 116 23 members.
2002 5294 37 21 He
2063 5293 73 27 might
2159 5292 41 21 tell
2230 5290 40 22 the
2300 5287 98 28 meeting

1840 5332 29 15 on
1879 5323 76 23 behalf
1966 5322 22 23 of
2007 5322 40 23 the
2056 5320 75 24 Board
2146 5320 52 24 that
2213 5318 18 24 if
2247 5324 52 17 ever
2315 5315 54 24 such
2385 5323 13 14 a

1840 5354 106 30 proposal
1955 5360 47 15 was
2011 5351 125 24 submitted
2156 5352 20 22 it
2186 5349 74 25 would
2269 5348 27 23 be
2307 5348 22 22 in
2342 5346 56 23 such

1841 5392 13 15 a
1864 5391 51 21 way
1925 5383 53 23 that
1986 5382 96 28 nothing
2093 5381 73 22 would
2177 5380 105 23 interfere
2292 5376 56 24 with
2359 5376 38 22 the

1841 5414 110 24 members
1960 5413 23 23 in
1993 5412 78 30 giving
2077 5418 14 16 a
2097 5411 60 24 clear
2164 5413 52 21 vote
2222 5409 55 24 with
2286 5406 78 31 regard
2373 5408 24 21 to

1841 5445 51 23 that
1903 5445 83 22 matter
1995 5442 72 24 alone.
2097 5441 48 24 The
2159 5436 238 28 amendments—with

1841 5477 46 21 two
1905 5474 138 28 exceptions,
2068 5472 75 23 where
2157 5480 14 14 a
2185 5471 105 30 majority
2305 5475 45 15 was
2373 5468 24 22 in

1840 5505 65 22 favor
1917 5504 24 22 of
1957 5504 62 21 them
2036 5502 42 23 but
2087 5509 14 16 a
2110 5502 72 23 ballot
2191 5508 45 17 was
2246 5497 151 26 demanded—

1840 5541 58 16 were
1908 5532 87 24 carried
2006 5532 164 29 unanimously.

2459 190 114 28 CALLS
2592 190 50 28 ON
2665 189 106 27 BANK
2795 187 150 28 SHARES.

2614 272 181 28 AUCKLAND,
2812 272 97 21 August
2923 271 34 22 27.

2454 306 33 23 At
2504 305 39 24 the
2561 303 154 32 Magistrate's
2731 302 71 25 Court
2812 301 79 31 to-day
2901 299 86 25 several

2426 344 61 15 cases
2498 336 35 22 for
2543 338 162 26 non-payment
2722 335 23 21 of
2760 342 14 14 a
2785 333 42 23 call
2838 333 23 22 in
2872 333 39 22 the
2920 331 67 23 Bank

2426 367 23 23 of
2460 366 57 24 New
2527 365 98 24 Zealand
2635 372 62 17 came
2707 362 76 25 before
2795 362 37 25 Mr
2841 361 144 29 Northcroft,

2428 398 57 24 S.M.
2517 397 47 23 The
2574 396 51 23 first
2640 395 70 23 heard
2721 403 46 15 was
2778 394 51 23 that
2839 394 22 22 of
2872 394 39 22 the
2922 393 65 23 Bank

2427 427 23 23 of
2456 426 57 23 New
2520 425 99 25 Zealand
2628 432 20 15 v.
2657 425 100 22 William
2765 424 93 22 Barrett
2867 423 118 23 Williams.

2428 456 129 25 Defendant
2567 455 84 24 resides
2661 457 25 22 at
2696 453 61 25 Lake
2771 453 131 31 Takapuna.
2934 452 54 24 This

2428 496 45 16 was
2492 495 13 15 a
2525 486 66 24 claim
2613 489 24 21 to
2659 493 91 17 recover
2765 486 42 23 £sl
2824 484 44 24 and
2884 485 103 28 interest,

2428 519 67 29 being
2519 518 39 22 the
2581 517 64 23 third
2674 516 133 22 instalment
2830 516 24 22 of
2882 516 40 22 the
2946 516 43 22 call

2428 550 22 22 in
2475 549 89 28 respect
2588 549 24 21 to
2635 545 117 31 forty-five
2776 545 77 23 shares
2882 545 51 23 held
2958 545 31 30 by

2428 578 124 23 defendant
2570 578 23 21 in
2614 577 39 22 the
2672 576 66 23 Bank
2762 576 23 22 of
2806 575 57 24 New
2882 575 105 22 Zealand.

2429 607 136 29 Defendant,
2584 606 51 24 who
2654 605 113 32 appeared
2787 606 22 23 in
2827 611 88 25 person,
2931 604 57 29 said,

2429 641 24 22 in
2468 646 87 17 answer
2571 641 24 21 to
2612 637 43 26 His
2674 637 114 30 Worship,
2807 636 53 25 that
2874 636 27 24 he
2917 636 45 24 had
2976 643 14 16 a

2428 669 113 31 paralytic
2548 668 78 23 stroke
2634 668 45 23 and
2687 667 66 23 could
2760 669 42 21 not
2809 667 70 23 work.
2901 666 36 23 He
2945 667 45 23 had

2429 696 53 34 paid
2493 703 46 19 two
2550 698 61 28 calls,
2623 697 32 24 all
2672 697 52 24 that
2740 697 29 23 he
2786 697 72 23 could.
2891 696 36 23 He
2944 696 46 23 had

2429 737 29 16 no
2468 737 85 20 means,
2564 728 44 23 and
2619 735 46 16 was
2673 728 156 29 seventy-four
2835 734 65 22 years
2908 726 23 23 of
2941 733 47 23 age.

2430 760 36 24 He
2476 759 45 24 had
2532 759 68 23 saved
2616 766 31 23 up
2658 758 44 23 and
2718 757 103 24 invested
2840 758 23 22 in
2880 757 76 23 shares
2967 760 23 20 to

2430 790 66 24 make
2506 789 114 31 provision
2630 789 36 23 for
2675 789 35 22 his
2720 788 38 23 old
2768 796 48 23 age.
2854 787 37 24 Mr
2908 787 82 24 Hanna

2430 822 49 22 said
2498 822 52 22 that
2570 820 39 23 the
2624 820 109 23 directors
2739 815 6 7 *
2753 826 58 15 were
2826 818 123 30 compelled
2967 822 24 19 to

2431 851 53 24 take
2494 850 146 31 proceedings
2648 850 89 29 against
2746 849 32 23 all
2784 849 127 29 defaulting
2917 848 61 22 share-

2431 881 89 24 holders
2531 881 22 23 in
2564 880 83 28 justice
2657 882 25 21 to
2699 880 65 23 those
2774 879 50 23 who
2834 877 45 25 fiad
2889 877 54 31 paid
2960 886 30 22 up

2431 912 39 23 the
2480 911 50 24 call.
2562 911 23 23 It
2597 917 44 16 was
2651 913 40 20 not
2701 917 13 16 a
2731 917 50 16 case
2798 909 23 23 of
2839 909 149 30 persecution.

2431 942 37 25 Mr
2479 941 135 26 Northcroft
2624 940 49 26 said
2688 940 52 25 that
2755 944 25 20 at
2794 947 42 17 one
2846 940 55 24 time
2911 940 20 24 it
2945 946 46 17 was

2430 974 82 23 looked
2524 981 58 22 upon
2593 980 25 16 as
2634 974 116 22 fortunate
2760 975 25 20 to
2802 971 58 23 have
2877 971 76 23 shares
2968 971 23 23 in

2431 1005 39 24 the
2480 1004 65 25 Bank
2556 1004 23 24 of
2590 1003 56 25 New
2653 1002 109 29 Zealand;
2773 1009 50 16 now
2831 1001 20 25 it
2857 1008 46 17 was
2910 1001 81 24 looked

2432 1044 59 23 upon
2501 1044 25 15 as
2536 1036 153 23 unfortunate.
2721 1034 36 23 He
2767 1031 45 26 had
2820 1041 29 16 no
2857 1033 134 23 alternative

2431 1067 42 21 but
2482 1069 24 19 to
2517 1067 50 28 give
2578 1066 120 28 judgment
2713 1064 34 22 for
2760 1065 48 21 £53
2827 1065 36 21 lis
2880 1064 37 26 4d,
2936 1064 55 20 with

2431 1098 60 20 costs
2501 1096 40 26 (£5
2551 1096 41 27 8s).
2623 1096 28 20 In
2661 1102 13 14 a
2684 1093 82 25 second
2776 1093 109 28 cawg<tb«
2895 1092 65 23 Bank
2969 1092 22 22 of

2430 1126 58 24 New
2498 1124 98 25 Zealand
2612 1132 20 16 v.
2647 1123 47 24 Mrs
2712 1123 114 24 Madeline
2841 1123 110 29 Gilmour,
2970 1121 21 24 of

2431 1156 98 29 Parnell,
2541 1156 124 23 defendant
2675 1155 39 23 did
2725 1158 40 20 not
2773 1162 90 22 appear,
2873 1153 44 24 and
2925 1152 52 32 judg-

2432 1189 62 21 ment
2505 1194 45 16 was
2559 1187 66 30 given
2637 1185 35 24 for
2686 1186 45 23 £35
2748 1186 24 24 7s
2789 1185 49 28 10d,
2859 1184 57 24 with
2933 1188 58 19 costs

2432 1218 40 27 (£3
2491 1218 38 27 Is).
2572 1217 27 22 In
2610 1217 39 22 the
2665 1217 66 22 other
2748 1223 60 16 cases
2818 1215 120 30 judgment
2947 1222 44 16 was

2432 1247 121 23 confessed.

2484 1313 27 26 A
2529 1311 211 28 NOTORIOUS
2759 1311 178 28 BRIGAND.

2499 1391 143 26 GAME'{TO
2657 1392 63 23 THE
2736 1391 86 23 VERY
2839 1390 82 23 LAST.

2461 1427 20 24 A
2486 1427 131 32 .dangeroiis
2627 1427 95 32 brigand
2733 1427 79 24 named
2823 1426 71 24 Franz
2905 1425 89 25 Csonka

2433 1467 45 14 was
2498 1461 154 20 execute<rat
2672 1459 90 29 Essegg,
2785 1459 22 22 in
2827 1458 118 28 Hungary,
2965 1465 28 14 on

2432 1489 60 23 June
2510 1490 32 21 12.
2583 1488 95 29 Though
2694 1488 155 28 seventy-four
2865 1494 65 22 years
2946 1487 45 27 old,

2433 1519 27 21 he
2471 1518 68 22 was'a
2550 1518 110 28 powerful
2677 1523 59 21 man,
2748 1517 44 21 and
2809 1516 88 22 walked
2914 1518 24 20 to
2954 1516 40 21 the

2433 1547 92 29 gallows
2541 1547 56 21 with
2614 1554 12 14 a
2643 1546 82 29 jaunty
2735 1547 41 26 air,
2795 1546 104 28 smoking
2909 1552 13 14 a
2932 1546 58 27 pipe.

2433 1577 36 23 He
2489 1576 84 30 tapped
2594 1576 39 22 the
2653 1577 111 29 hangman
2781 1583 28 15 on
2829 1575 39 23 the
2888 1574 106 23 shoulder

2433 1608 44 23 and
2487 1608 49 22 said
2547 1607 53 22 loud
2611 1607 86 29 enough
2709 1607 35 22 for
2753 1605 130 30 everybody
2894 1610 24 19 to
2928 1605 65 23 hear:

2458 1638 35 21 Do
2510 1644 57 22 your
2578 1637 62 22 work
2651 1637 59 27 well,
2722 1636 44 22 and
2777 1636 63 22 don't
2851 1636 65 21 make
2926 1643 14 14 a
2949 1635 45 22 fool

2433 1667 23 24 of
2636 1666 55 24 This
2708 1665 90 25 Csonka
2816 1673 45 15 was
2877 1666 39 22 the
2936 1667 59 21 most

2433 1699 92 22 fearless
2535 1697 24 24 of
2569 1697 38 24 the
2623 1697 145 30 accomplices
2784 1697 23 22 of
2823 1696 39 23 the
2879 1697 116 22 notorious

2433 1729 72 22 Rossa
2524 1728 95 26 Sandor,
2640 1728 58 21 with
2717 1728 73 21 whom
2811 1727 28 21 he
2863 1726 132 22 committed

2433 1765 119 15 numerous
2576 1757 113 23 robberies
2713 1757 45 22 and
2783 1756 101 23 murders
2908 1756 23 22 in
2956 1756 39 21 the

2433 1788 137 29 Bankonyer
2588 1787 98 23 Forests.
2727 1786 64 30 They
2807 1793 58 16 were
2886 1785 109 31 captured

2434 1819 56 23 with
2507 1819 39 22 the
2566 1820 100 28 greatest
2682 1817 112 29 diihculty
2812 1817 70 23 about
2898 1819 84 26 twenty-

2433 1850 44 23 five
2501 1857 65 21 years
2590 1856 49 22 ago,
2661 1848 44 23 and
2725 1847 89 24 Csonka
2839 1846 104 23 declared
2967 1846 28 23 he

2433 1880 75 22 would
2519 1879 87 22 confess
2616 1883 23 17 to
2650 1879 39 21 the
2700 1878 102 22 murders
2812 1878 60 28 only,
2884 1885 24 14 as
2919 1883 64 22 every-

2433 1909 66 30 thing
2515 1908 45 23 else
2579 1916 46 14 was
2646 1915 59 15 mere
2724 1907 80 23 child's
2823 1906 59 30 play.
2924 1906 71 22 Rossa

2433 1937 88 26 Sandor
2531 1946 45 15 was
2591 1937 121 24 sentenced
2729 1940 24 21 to
2769 1937 92 30 lifelong
2878 1937 104 29 imprison-

2433 1972 70 26 ment,
2516 1968 44 23 and
2571 1968 52 23 died
2635 1968 70 23 about
2715 1972 38 19 ten
2764 1974 65 23 years
2839 1974 48 22 ago.
2906 1967 89 22 Csonka

2433 2003 40 27 got
2487 2001 88 27 twenty
2586 2006 73 22 years,
2678 1998 44 22 and
2738 2005 46 15 was
2802 1996 99 24 released
2918 1996 31 30 by
2967 2003 28 16 an

2433 2033 104 25 amnesty
2553 2037 13 15 a
2581 2036 55 23 year
2653 2036 48 22 ago.
2740 2028 36 23 He
2793 2027 107 23 returned
2919 2031 23 19 to
2960 2027 35 22 his

2433 2060 37 22 old
2491 2060 83 27 habits,
2596 2059 44 22 and
2660 2066 54 15 soon
2734 2066 46 14 was
2800 2057 119 23 convicted
2940 2057 23 22 of
2982 2064 13 14 a

2433 2089 91 24 murder
2542 2089 23 23 of
2582 2088 142 30 exceptional
2740 2088 106 29 atrocity.
2887 2087 44 23 For
2949 2087 46 22 this

2433 2120 68 22 crime
2513 2120 27 22 he
2550 2120 41 22 has
2601 2127 50 15 now
2661 2118 98 23 suffered
2770 2118 76 23 death.

2461 2150 28 23 In
2505 2149 111 31 Hungary
2634 2149 71 23 Rossa
2722 2149 88 23 Sandor
2826 2148 44 23 and
2886 2148 35 23 his
2936 2147 60 23 band

2434 2182 57 22 have
2521 2188 69 16 never
2619 2180 56 23 besn
2706 2179 109 31 regarded
2847 2187 24 16 as
2894 2185 101 17 common

2433 2212 122 28 criminals,
2571 2211 42 23 but
2632 2218 58 16 were
2710 2210 108 31 regarded
2839 2218 24 15 as
2880 2210 78 22 heroes
2973 2210 24 22 of

2434 2251 110 21 romance,
2566 2242 44 24 and
2630 2250 120 16 numerous
2767 2241 87 24 ballads
2868 2241 45 23 and
2926 2241 70 30 cheap

2433 2275 78 22 novels
2527 2274 101 23 describe
2646 2274 60 22 their
2723 2273 75 22 deeds.
2829 2272 25 23 It
2868 2272 12 25 i
2892 2272 11 25 3
2915 2272 80 25 averred

2435 2305 51 21 that
2505 2303 80 30 judges
2602 2303 45 22 and
2665 2303 144 29 magistrates
2826 2309 58 15 were
2899 2302 63 21 often
2973 2302 22 21 in

2435 2334 59 23 their
2511 2341 45 23 pay
2573 2333 45 23 and
2633 2333 66 23 acted
2709 2331 151 31 accordingly.
2891 2331 48 24 The
2949 2331 48 23 fear

2434 2364 23 23 of
2473 2364 39 23 the
2529 2363 109 23 vendetta
2652 2363 124 30 prevented
2794 2362 129 29 everybody
2939 2362 57 22 from

2435 2394 104 30 accusing
2555 2394 70 22 them.
2663 2393 48 23 The
2727 2392 106 23 different
2849 2392 71 23 bands
2939 2399 57 16 were

2434 2424 136 29 excellently
2587 2422 126 31 Organised,
2725 2423 45 23 and
2787 2430 69 16 never
2872 2422 124 23 interfered

2435 2455 56 23 with
2508 2455 54 22 each
2579 2453 85 24 other's
2679 2453 109 24 business.
2821 2453 71 23 Rossa
2910 2452 87 24 Sandor

2435 2492 61 16 came
2516 2485 23 22 of
2558 2492 13 15 a
2590 2484 79 28 family
2684 2484 23 23 of
2721 2484 114 30 brigands.
2868 2483 43 22 His
2920 2483 77 23 father

2435 2523 45 15 was
2498 2515 52 23 shot
2565 2515 30 30 by
2606 2522 27 15 an
2646 2514 147 30 Englishman
2804 2514 28 23 he
2842 2514 59 23 tried
2913 2516 23 21 to
2947 2513 47 24 rob.

2435 2546 21 22 A
2480 2545 44 23 fine
2548 2552 51 15 man
2624 2545 44 22 and
2693 2545 40 22 the
2757 2545 51 22 best
2831 2544 117 22 horseman
2973 2544 23 22 in

2435 2576 119 30 Hungary,
2566 2576 71 22 Rossa
2648 2575 88 23 Sandor
2745 2582 47 15 was
2802 2583 13 14 a
2825 2577 64 27 great
2899 2575 98 22 favorite

2435 2607 56 21 with
2502 2613 92 15 women.
2626 2606 103 22 Kossuth
2749 2605 122 29 appointed
2892 2605 46 22 him
2958 2605 39 22 the

2435 2636 76 23 leader
2521 2636 23 22 of
2554 2643 13 15 a
2577 2643 65 22 corps
2653 2635 23 23 of
2686 2635 137 28 volunteers,
2835 2634 44 23 and
2889 2637 51 20 sent
2950 2634 47 23 him

2436 2667 48 24 into
2500 2667 39 23 the
2556 2666 94 24 fortress
2660 2667 23 23 of
2698 2666 100 24 Komorn
2809 2668 24 22 to
2844 2667 38 29 get
2892 2665 92 24 informa-

2436 2698 55 22 tion.
2522 2697 28 23 In
2567 2698 54 23 1856
2638 2698 28 21 he
2679 2704 45 15 was
2735 2697 63 29 lying
2808 2697 23 22 in
2842 2704 13 15 a
2865 2697 69 22 maize
2945 2696 51 23 field

2435 2728 57 22 with
2512 2728 35 21 his
2567 2728 77 21 cousin
2663 2726 69 28 Kuss,
2749 2727 51 22 who
2814 2726 109 30 betrayed
2941 2726 53 23 him.

2437 2758 73 23 When
2522 2758 28 21 he
2559 2764 46 15 saw
2616 2757 89 22 himself
2715 2756 140 23 surrounded
2866 2756 30 29 by
2904 2756 93 22 soldiers

2438 2788 27 22 he
2482 2787 93 31 jumped
2590 2794 38 23 up,
2647 2787 44 23 and
2701 2788 80 29 crying
2816 2786 90 24 Traitor
2945 2787 52 23 shot

2436 2818 61 23 Kuss
2507 2818 65 23 dead.

2454 2895 320 29 PHOTOGRAPHING
2790 2895 186 28 THOUGHT.

2464 2981 115 23 Professor
2608 2981 105 28 Rontgen
2738 2984 61 19 must
2830 2981 52 21 look
2913 2983 23 19 to
2961 2980 34 22 hia

2437 3011 87 22 laurels.
2557 3009 32 24 To
2611 3018 36 14 see
2671 3011 99 28 through
2790 3018 12 14 a
2822 3009 64 23 brick
2906 3010 51 22 wall
2978 3009 18 22 is

2436 3040 135 32 something,
2591 3040 43 25 but
2654 3045 23 19 to
2696 3040 28 24 be
2741 3040 50 24 able
2811 3042 24 22 to
2854 3040 142 30 photograph

2437 3072 98 31 thought
2545 3074 19 21 is
2574 3072 127 31 something
2715 3074 90 28 greater
2814 3071 55 23 still.
2901 3071 47 23 Yet
2958 3071 39 23 the

2436 3103 67 21 claim
2522 3103 40 21 has
2577 3103 57 21 been
2650 3102 65 22 made
2730 3102 30 29 by
2776 3110 13 14 a
2804 3101 87 23 French
2910 3101 84 22 doctor.

2437 3131 32 23 Dr
2485 3131 104 23 Baraduc
2605 3131 40 22 has
2662 3131 65 23 made
2744 3138 13 15 a
2772 3131 187 21 communication
2974 3133 23 19 to

2436 3162 39 24 the
2490 3162 64 24 Paris
2571 3161 121 25 Academie
2708 3161 28 24 de
2753 3161 116 24 Mcdecine
2884 3161 22 24 in
2924 3161 73 23 which

2436 3194 28 22 he
2480 3194 84 22 affirms
2580 3194 52 21 that
2649 3194 28 21 he
2694 3194 39 21 has
2750 3192 123 23 succeeded
2884 3193 22 21 in
2917 3193 67 28 photo-

2436 3223 110 30 graphing
2557 3223 106 29 thought,
2675 3222 44 22 and
2736 3222 27 22 he
2778 3223 40 21 has
2833 3222 78 22 shown
2921 3228 61 15 nume-

2436 3261 52 15 rous
2503 3252 153 31 photographs
2671 3253 23 22 in
2712 3252 65 30 proof
2790 3253 23 22 of
2828 3251 35 24 his
2879 3252 116 23 assertion.

2436 3284 43 23 His
2489 3283 64 23 usual
2564 3283 92 23 method
2674 3283 23 23 of
2713 3282 136 30 proceeding
2859 3283 18 22 is
2888 3283 60 29 (says
2958 3282 39 23 the

2437 3314 7 12 '
2452 3313 147 25 Standard's'
2615 3313 183 30 correspondent)
2810 3312 80 31 simple
2900 3313 95 30 enough.

2436 3344 48 24 The
2499 3351 78 23 person
2595 3343 76 24 whose
2685 3343 98 31 thought
2798 3343 19 23 is
2833 3346 25 20 to
2875 3343 28 23 be
2918 3343 66 30 photo-

2435 3374 101 31 graphed
2546 3376 77 21 enters
2633 3381 14 16 a
2656 3374 57 23 dark
2724 3381 70 20 room,
2807 3374 74 29 places
2891 3374 35 23 his
2936 3374 61 22 hand

2435 3413 29 15 on
2475 3413 13 15 a
2498 3405 165 30 photographic
2673 3405 69 29 plate,
2754 3404 44 23 and
2809 3404 80 23 thinks
2898 3405 99 29 intently

2436 3435 23 23 of
2470 3435 39 23 the
2518 3435 77 29 object
2612 3435 39 23 the
2666 3435 73 29 image
2755 3435 23 22 of
2795 3435 73 21 which
2880 3435 27 21 he
2917 3435 80 21 wishes

2437 3468 23 21 to
2475 3473 36 15 see
2520 3464 121 31 produced.
2673 3465 24 23 It
2706 3465 19 23 is
2734 3465 77 23 stated
2825 3464 31 30 by
2871 3465 64 23 those
2948 3465 49 23 who

2436 3496 57 23 have
2515 3495 118 23 examined
2651 3495 33 23 Dr
2703 3495 122 23 Baraduc's
2844 3495 153 29 photographs

2437 3526 52 23 that
2497 3528 60 20 most
2567 3526 23 22 of
2605 3526 63 22 them
2678 3533 38 15 are
2726 3533 56 21 very
2791 3525 91 30 cloudy,
2892 3525 44 23 but
2945 3526 52 22 that

2436 3564 13 16 a
2459 3557 43 23 few
2513 3564 37 16 are
2560 3555 178 31 comparatively
2753 3556 103 23 distinct,
2872 3558 113 27 represent-

2437 3588 37 29 ing
2490 3587 39 23 the
2539 3587 100 23 features
2649 3587 24 22 of
2687 3594 94 22 persons
2790 3587 44 22 and
2846 3587 39 22 the
2899 3587 98 22 outlines

2436 3618 23 23 of
2478 3618 83 30 things.
2593 3617 33 23 Dr
2645 3617 104 23 Baraduc
2768 3624 52 23 goes
2839 3617 97 28 further,
2953 3617 44 22 and

2436 3648 100 23 declares
2555 3648 52 22 that
2625 3648 20 22 it
2664 3648 19 22 is
2702 3648 98 29 possible
2819 3649 25 22 to
2862 3648 99 29 produce
2985 3655 12 15 a

2435 3679 165 28 photographic
2609 3679 73 28 image
2692 3681 26 19 at
2727 3685 13 15 a
2750 3681 64 26 great
2824 3679 108 21 distance.

2463 3708 27 22 In
2502 3709 34 22 his
2546 3709 189 22 communication
2751 3712 24 19 to
2785 3708 40 22 the
2839 3708 121 22 Academie
2970 3707 27 23 de

2437 3738 123 30 Mcdecine,
2572 3739 28 23 he
2611 3739 81 23 relates
2711 3739 51 23 that
2779 3738 33 24 Dr
2822 3738 92 30 latrate,
2932 3739 65 23 when

2437 3770 27 22 he
2474 3778 46 15 was
2529 3770 68 29 going
2608 3772 23 21 to
2642 3769 121 30 Campana,
2771 3769 104 23 declared
2887 3770 27 22 he
2923 3769 74 23 would

2436 3807 83 22 appear
2529 3807 28 15 on
2567 3808 14 14 a
2591 3800 164 29 photographic
2769 3800 62 29 plate
2841 3800 24 22 of
2879 3800 35 22 his
2924 3800 73 22 friend

2436 3830 32 22 M.
2487 3830 101 26 Hasden,
2606 3833 25 19 at
2647 3830 132 23 Bucharest.
2811 3829 33 22 On
2865 3829 40 22 the
2919 3830 41 22 4th
2975 3830 22 22 of

2435 3860 99 31 August,
2556 3861 61 28 1893,
2644 3860 31 24 M.
2698 3859 93 24 Hasden
2811 3861 33 27 (at
2863 3859 134 29 Bucharest)

2436 3895 61 20 went
2513 3894 25 21 to
2554 3891 43 24 bed
2613 3892 57 23 with
2687 3899 14 16 a
2717 3891 164 30 photographic
2896 3891 62 30 plate
2972 3894 25 21 at

2436 3922 35 21 his
2480 3923 46 21 feet
2537 3923 44 20 and
2591 3923 96 21 another
2698 3925 24 18 at
2732 3923 35 20 his
2777 3922 64 21 head.
2873 3921 33 22 Dr
2913 3921 84 22 Istrate

2437 3954 59 21 went
2506 3954 25 21 to
2541 3952 61 31 sleep
2611 3954 26 21 at
2646 3950 122 32 Campana,
2787 3953 25 22 at
2829 3958 13 16 a
2858 3951 102 24 distance
2974 3951 23 23 of

2435 3983 70 23 about
2522 3985 41 22 300
2580 3983 130 23 kilometres
2725 3983 57 23 from
2802 3983 132 28 Bucharest,
2955 3983 42 23 but

2435 4013 76 23 before
2521 4015 86 26 closing
2616 4014 36 21 his
2661 4020 53 21 eyes
2725 4014 27 20 he
2762 4014 76 21 willed
2849 4014 56 21 with
2915 4013 31 21 all
2962 4013 35 21 his

2437 4043 74 29 might
2520 4043 53 22 that
2583 4042 34 23 his
2627 4043 72 29 image
2716 4038 81 26 should
2817 4049 82 22 appear
2914 4049 29 14 on
2958 4041 39 22 the

2435 4072 165 31 photographic
2618 4072 63 30 plate
2697 4072 23 23 of
2737 4072 35 23 his
2786 4072 80 23 friend.
2899 4072 83 23 Accord-

2434 4103 39 30 ing
2483 4105 24 22 to
2518 4103 32 23 Dr
2560 4103 103 24 Baraduc
2678 4103 52 23 that
2747 4103 84 23 marvel
2849 4109 46 17 was
2912 4110 70 16 accom-

2433 4134 96 28 plished.
2568 4134 140 23 Journalists
2727 4134 51 23 who
2798 4134 56 22 have
2878 4133 117 23 examined

2435 4164 38 22 the
2492 4164 143 30 photograph
2655 4165 23 22 in
2697 4164 104 30 question
2825 4166 60 20 state
2905 4164 52 22 that
2976 4164 19 21 it

2433 4194 96 22 consists
2538 4194 24 23 of
2571 4201 13 15 a
2602 4194 55 22 kind
2675 4194 23 22 of
2713 4194 112 22 luminous
2842 4196 52 26 spot
2911 4201 28 14 on
2956 4194 39 21 the

2433 4224 164 31 photographic
2607 4224 70 30 plate,
2696 4224 23 23 in
2736 4224 38 23 the
2794 4223 71 23 midst
2882 4223 24 23 of
2920 4223 73 23 which

2433 4263 41 14 can
2484 4255 27 22 be
2522 4255 77 24 traced
2611 4255 39 23 the
2660 4255 79 29 profile
2748 4255 24 22 of
2781 4262 14 15 a
2804 4262 59 15 man.

2433 4321 223 33 ILLITERATE
2687 4321 299 28 EDUCATIONISTS.

2459 4396 65 22 Some
2544 4397 55 21 time
2618 4396 58 22 back
2696 4396 37 22 Mr
2752 4396 25 23 T.
2796 4396 23 22 J.
2839 4396 151 26 Macnamara,

2432 4425 98 22 member
2544 4425 23 22 of
2583 4425 39 23 the
2639 4425 93 23 London
2750 4424 80 26 School
2847 4425 82 27 Board,
2941 4425 49 22 who

2432 4454 39 23 has
2482 4463 28 14 an
2521 4455 104 23 intimate
2635 4455 132 30 knowledge
2775 4453 23 25 of
2809 4455 38 23 the
2858 4455 102 30 working
2969 4455 21 22 of

2431 4485 63 22 small
2515 4486 75 22 school
2612 4486 89 27 boards,
2723 4485 103 24 declared
2846 4486 52 23 that
2913 4486 19 22 it
2946 4493 44 15 was

2431 4514 95 31 nothing
2536 4515 64 23 short
2610 4515 24 23 of
2643 4523 28 15 an
2706 4516 153 22 abomination
2891 4516 52 22 that
2953 4515 37 23 the

2431 4545 131 28 prejudiced
2766 4546 50 22 who
2833 4546 58 22 form
2906 4554 12 13 a
2933 4545 57 30 good

2431 4575 127 28 sprinkling
2567 4575 24 21 of
2607 4575 63 22 these
2681 4576 64 21 small
2762 4575 80 22 boards
2856 4575 81 21 should
2953 4575 25 22 ad-

2431 4604 102 23 minister
2543 4611 41 16 our
2590 4604 146 25 .educational
2745 4604 135 28 machinery.
2972 4604 18 22 is

2430 4641 29 15 no
2470 4641 131 16 uncommon
2715 4634 28 23 he
2755 4638 76 22 wrote,
2872 4634 35 22 for
2922 4641 50 15 mem-

2430 4663 50 22 bers
2490 4664 23 22 of
2529 4664 54 22 such
2598 4664 80 22 boards
2692 4664 81 27 openly
2785 4665 22 21 to
2819 4664 87 21 declare
2917 4664 56 21 them-

2430 4692 71 21 selves
2511 4693 98 26 actively
2619 4692 82 21 hostile
2717 4695 23 19 to
2757 4700 14 13 a
2786 4699 108 20 generous
2908 4691 66 21 educa-

2430 4721 48 23 tion
2498 4721 36 23 for
2553 4720 38 24 the
2612 4720 83 25 toilers.
2728 4721 69 23 'Oive
2816 4719 80 24 a-doue
2911 4720 77 23 wi'out

2430 4748 176 34 eddycashion,*'
2617 4751 49 24 said
2685 4759 14 16 a
2718 4751 114 24 chairman
2847 4750 23 24 of
2884 4758 14 15 a
2912 4750 76 24 school

2430 4782 69 23 board
2523 4782 108 31 recently,
2658 4782 48 23 'an'
2731 4784 47 21 wat
2801 4789 28 16 on
2853 4782 60 22 airth
2933 4781 55 22 does

2429 4813 88 30 'Odge's
2546 4812 103 24 childurn
2675 4815 61 21 want
2760 4813 35 23 wi'
2819 4812 152 24 buke-larnin'
2979 4814 8 20 ?

2429 4844 47 22 'Ull
2487 4845 19 21 it
2515 4844 49 21 lam
2575 4844 44 21 'um
2631 4846 23 19 to
2664 4843 32 22 'oe
2713 4846 99 19 turmuts
2828 4850 44 21 any
2883 4843 74 21 better
2965 4842 21 22 ?'

2431 4874 5 11 '
2445 4872 82 23 Which
2546 4872 20 23 o'
2586 4873 61 22 them
2666 4872 162 23 book-learnin'
2850 4871 66 27 men,'
2938 4871 48 22 said

2429 4902 95 24 another
2557 4902 113 24 chairman
2702 4902 23 24 of
2755 4909 13 16 a
2798 4901 75 24 school
2907 4900 78 29 board,

2429 4934 74 23 whose
2518 4933 61 30 daily
2590 4936 62 21 wont
2668 4934 19 23 it
2704 4941 46 15 was
2767 4935 23 21 to
2805 4933 32 23 sit
2851 4932 57 23 from
2928 4940 58 16 noon

2428 4964 36 21 till
2493 4965 25 20 10
2543 4971 53 22 p.m.
2623 4964 22 21 in
2671 4964 38 21 the
2733 4963 40 22 bar
2798 4963 73 28 parlor
2895 4962 23 22 of
2946 4963 40 21 the

2428 4993 82 30 village
2536 4994 5 11 '
2548 4993 118 30 public'—
2669 4994 6 11 1
2684 4993 73 23 which
2785 4992 20 23 o'
2833 4992 62 23 them
2919 4991 66 24 could

2428 5023 53 22 take
2508 5024 62 28 forty
2591 5024 186 28 two-penn'orths
2800 5022 47 22 like
2877 5029 41 21 me,
2941 5023 44 21 and

2428 5054 37 27 get
2494 5053 71 28 safely
2587 5052 96 23 'ome?'"
2725 5052 38 22 Mr
2783 5052 144 22 Macnamara
2948 5052 24 23 de-

2427 5082 75 22 clared
2534 5083 50 22 that
2616 5083 62 22 these
2707 5083 131 28 specimens,
2864 5082 35 22 far
2926 5082 58 22 from

2427 5112 67 29 being
2504 5112 176 30 exaggerations,
2701 5112 129 30 accurately
2840 5112 145 30 represented

2428 5142 38 23 the
2477 5142 135 29 high-water
2622 5142 64 23 mark
2703 5142 24 23 of
2742 5142 39 23 the
2800 5142 143 30 intelligence
2962 5143 23 23 of

2426 5179 30 16 an
2475 5172 141 29 appreciable
2635 5172 86 24 section
2739 5173 25 22 of
2782 5172 39 23 the
2840 5172 110 24 directors
2960 5173 23 23 of

2428 5202 216 27 locally-controlled
2654 5202 119 24 education
2785 5203 23 22 in
2818 5203 111 30 England.
2960 5203 24 24 It

2428 5232 19 23 is
2466 5232 23 23 of
2503 5239 14 15 a
2528 5232 77 23 Welsh
2626 5232 80 25 School
2725 5232 75 23 Board
2812 5233 51 23 that
2879 5233 39 23 the
2941 5233 32 24 fol-

2426 5263 82 29 lowing
2536 5265 64 27 story
2609 5262 38 30 |is
2870 5264 110 24 members

2426 5293 128 27 quarrelled
2565 5300 23 14 so
2604 5293 67 21 much
2690 5300 41 14 one
2746 5293 57 21 with
2819 5293 94 22 another
2929 5295 51 21 that

2427 5329 28 15 an
2475 5321 113 31 inspector
2607 5321 23 23 of
2653 5321 86 24 schools
2764 5330 45 15 was
2833 5325 51 21 sent
2903 5323 76 28 down,'

2427 5352 74 23 whose
2516 5353 90 22 mission
2617 5353 20 22 it
2645 5353 80 22 should
2736 5353 28 22 be
2780 5356 24 19 to
2821 5353 73 23 throw
2910 5354 38 28 oil,
2965 5354 18 23 if

2427 5381 104 30 possible,
2543 5389 28 16 on
2582 5382 38 23 the
2631 5382 103 23 troubled
2751 5384 87 22 waters.
2870 5383 75 23 When
2955 5384 28 22 he

2426 5412 92 23 entered
2543 5412 38 23 the
2605 5419 70 21 room,
2701 5413 56 23 with
2788 5415 50 21 true
2869 5414 114 29 parochial

2426 5443 94 23 instinct
2534 5443 31 23 all
2575 5443 39 23 the
2624 5443 110 23 members
2749 5443 44 24 and
2813 5444 39 23 the
2862 5444 62 24 elerk
2934 5452 49 16 rose

2426 5473 56 22 with
2501 5480 42 15 one
2563 5473 86 29 accord,
2670 5473 45 24 and
2734 5474 71 30 began
2826 5474 110 31 violently
2958 5478 25 20 to

2426 5503 83 22 clamor
2518 5503 63 23 forth
2590 5503 54 23 each
2655 5504 34 23 his
2706 5511 50 16 own
2776 5504 69 23 views
2864 5512 59 22 upon
2943 5505 40 23 the

2426 5535 89 21 matter.
2547 5533 87 30 During
2653 5540 13 16 a
2685 5533 41 23 lull
2745 5533 40 24 the
2804 5534 113 30 inspector
2931 5542 39 16 ven-

2427 5562 65 24 tured
2503 5565 24 21 to
2537 5566 91 27 suggest
2639 5563 51 24 that
2699 5564 20 23 it
2729 5564 75 23 would
2821 5564 27 23 be
2858 5572 61 17 more
2932 5573 37 16 con-

2426 5594 92 23 venient
2527 5594 18 23 if
2555 5593 39 24 the
2604 5594 109 24 members
2732 5594 70 31 spoke
2811 5603 42 16 one
2861 5598 24 21 at
2895 5604 13 15 a
2918 5596 63 29 time,

2426 5624 44 23 and
2481 5625 51 23 that
2542 5624 28 24 he
2579 5624 75 24 would
2670 5625 54 23 hear
2740 5625 39 23 the
2794 5626 114 24 chairman
2924 5626 56 24 first.

2426 5654 47 24 The
2483 5655 114 23 chairman
2607 5654 125 31 thereupon
2742 5654 71 32 began
2824 5665 5 14 :
2846 5657 6 12 4
2862 5656 67 28 Well,
2938 5664 45 23 you

2425 5693 44 21 see,
2480 5686 39 28 sir,
2531 5685 69 24 we've
2609 5685 68 24 a-had
2687 5694 24 15 so
2721 5685 67 24 much
2798 5687 89 24 trouble
2896 5687 36 24 wi'
2942 5695 41 15 our

2425 5716 62 22 clerk
2497 5717 53 22 here
2560 5716 52 22 that
2621 5716 12 23 I
2644 5723 41 22 ups
2703 5716 44 23 and
2764 5716 12 23 I
2792 5718 76 21 writes
2885 5720 23 19 to
2927 5718 41 21 Lon-

2425 5744 44 23 don
2527 5746 5 10 '
2548 5746 7 12 *
2564 5744 82 24 You're
2656 5753 14 15 a
2679 5746 59 28 liar,'
2751 5746 96 24 shouted
2859 5746 39 24 the
2911 5746 70 29 clerk,

2427 5776 6 15 •
2442 5775 36 28 for
2486 5784 45 26 you
2541 5775 60 28 can't
2611 5775 108 28 write!'"

3138 187 315 28 MISCELLANEOUS.

3046 261 48 22 The
3104 261 62 28 royal
3176 261 73 22 maids
3258 262 24 21 of
3298 262 70 21 honor
3383 262 56 21 have
3450 269 13 14 a
3472 262 76 28 salary
3558 262 23 21 of

3018 290 101 24 between
3140 291 59 24 £3OO
3222 290 45 25 and
3287 291 60 25 £4OO
3365 298 41 25 per
3424 298 92 23 annum,
3534 290 45 26 and

3018 322 83 29 during
3117 323 40 22 the
3175 323 54 22 time
3245 323 55 29 they
3311 330 38 15 are
3365 324 24 22 in
3406 324 102 29 waiting,
3525 323 55 23 each

3018 352 70 23 about
3098 354 46 21 two
3154 352 91 24 months
3255 352 23 23 in
3287 353 39 23 the
3336 359 61 24 year,
3409 354 56 29 they
3474 353 73 23 reside
3557 353 23 23 in

3018 383 40 24 the
3067 383 85 31 palace,
3164 383 45 24 and
3226 384 90 30 usually
3326 383 54 25 take
3395 384 62 24 their
3472 384 70 24 meals
3556 387 26 21 at

3018 414 40 22 the
3067 415 64 28 royal
3141 415 68 21 table.

3046 444 33 22 At
3095 444 41 22 the
3152 443 94 23 Pimlico
3262 450 64 24 army
3337 444 101 32 clothing
3453 444 89 31 factory
3552 451 28 16 an

3018 474 117 31 ingenious
3161 475 102 23 machine
3286 476 187 31 simultaneously
3497 476 85 31 weighs

3018 506 46 22 and
3083 513 112 15 measures
3219 506 55 22 each
3293 507 63 28 piece
3375 507 24 22 of
3422 507 70 27 clobh,
3513 507 67 22 while

3018 536 96 23 another
3126 535 102 23 machine
3238 538 57 21 tests
3306 536 39 23 the
3355 536 109 30 breaking
3474 537 106 30 strength

3018 566 23 23 of
3051 566 65 23 small
3126 566 103 30 samples.
3261 566 81 30 Scraps
3350 567 23 23 of
3383 567 82 23 scarlet
3473 566 62 24 cloth
3541 574 39 16 are

3018 596 75 23 boiled
3104 598 24 21 to
3138 603 37 15 see
3184 596 18 23 if
3210 596 39 23 the
3259 596 45 29 dye
3312 597 20 22 is
3342 599 139 28 permanent.

3046 627 48 24 The
3113 627 130 31 expression
3329 635 62 23 grass
3542 627 39 24 has

3018 658 86 23 several
3123 658 95 23 fanciful
3235 658 164 30 explanations;
3425 659 44 23 bat
3488 660 19 21 is
3522 662 60 20 most

3018 688 111 29 probably
3138 695 14 15 a
3161 689 131 28 corruption
3307 688 24 23 of
3345 688 40 23 the
3395 688 88 24 French
3492 696 76 22 expres-

3018 719 56 28 sion,
3098 724 61 18 veuve
3175 718 26 24 de
3217 725 71 22 grace,
3305 725 14 16 a
3335 719 82 23 widow
3432 719 31 32 by
3476 726 66 23 grace
3556 725 26 17 or

3019 749 186 29 courtesy—that
3220 750 26 27 is,
3258 756 13 15 a
3282 757 86 15 woman
3378 749 52 24 who
3439 750 41 22 has
3490 750 43 23 left
3542 750 40 23 her

3020 780 102 22 husband
3132 787 25 15 or
3167 779 40 24 has
3213 779 56 24 been
3280 779 104 24 deserted
3394 780 30 30 by
3435 780 53 23 him.

3220 810 79 23 recalls
3309 811 40 22 the
3359 810 57 30 days
3426 811 66 23 when
3502 817 65 23 every-

3020 841 60 29 body
3091 840 51 24 who
3152 847 48 16 was
3213 841 23 22 in
3253 848 12 15 a
3283 841 71 30 hurry
3363 839 45 25 and
3426 841 66 23 could
3508 840 72 24 afford

3020 871 39 22 the
3075 878 96 22 expense
3189 871 111 22 travelled
3325 870 133 31 post—that
3481 871 26 27 is,
3523 871 57 23 with

3020 901 74 29 relays
3104 901 23 22 of
3142 900 76 24 horses
3228 904 24 19 at
3268 902 39 22 the
3324 902 43 22 end
3378 902 23 22 of
3415 908 69 23 every
3498 900 44 24 five
3556 908 25 16 or

3020 934 39 22 ten
3143 931 24 24 of
3182 931 38 25 the
3237 931 101 32 journey,
3356 931 39 25 the
3409 932 61 24 fresh
3486 931 95 25 animals

3021 964 53 23 thus
3083 963 106 31 enabling
3203 966 90 27 greater
3301 964 68 30 speed
3380 966 24 21 to
3414 964 27 23 be
3451 963 72 24 made.

3048 993 73 24 There
3139 1001 39 16 are
3201 994 86 23 several
3307 994 84 23 vessels
3409 998 81 27 among
3505 994 63 23 Liver-

3020 1025 71 30 pool's
3109 1025 71 23 cattle
3200 1024 53 25 fleet
3275 1025 52 24 that
3340 1032 66 24 carry
3422 1025 56 24 with
3493 1025 88 30 perfect

3020 1056 96 22 comfort
3126 1056 44 22 and
3180 1056 74 29 safety
3266 1057 63 26 1,000
3339 1057 57 21 head
3407 1057 23 21 of
3446 1057 78 26 cattle,
3535 1056 45 22 and

3022 1085 38 22 the
3071 1090 94 24 average
3182 1085 44 22 loss
3242 1086 30 21 all
3289 1086 39 21 the
3343 1092 55 23 year
3417 1085 72 22 round
3504 1086 21 21 is
3538 1085 42 22 but

3021 1114 100 24 one-half
3130 1115 24 23 of
3165 1116 10 22 1
3193 1122 41 23 per
3250 1118 69 27 cent.,
3330 1123 33 19 or,
3375 1115 23 23 in
3415 1115 66 24 other
3497 1114 82 30 words,

3020 1153 43 17 one
3082 1145 64 25 beast
3162 1149 44 21 out
3220 1146 23 24 of
3266 1154 68 23 every
3348 1147 43 24 *2OO
3411 1144 48 26 dies
3476 1154 29 16 on
3519 1146 48 31 ship-

3022 1177 76 22 board.

3050 1207 24 23 It.
3083 1208 19 22 is
3111 1207 42 23 900
3163 1214 65 22 years
3238 1215 49 23 ago,
3298 1215 52 23 says
3361 1208 38 23 the
3411 1209 7 12 '
3429 1208 80 30 Lady-,'
3519 1208 61 23 since

3022 1238 39 22 the
3080 1238 51 21 fork
3151 1238 64 22 made
3235 1239 30 21 its
3284 1246 138 21 appearance
3436 1239 23 22 in
3481 1239 96 29 Europe.

3022 1267 56 23 Like
3093 1274 59 21 man,
3164 1267 20 23 it
3193 1274 45 17 was
3254 1268 55 23 born
3327 1276 13 15 a
3357 1268 131 24 fdatherless
3502 1267 75 31 biped,

3022 1298 43 22 and
3076 1298 54 22 each
3142 1299 39 21 has
3192 1299 91 22 worked
3293 1302 41 19 out
3344 1299 35 22 his
3389 1305 50 16 own
3455 1298 123 27 evolution,

3022 1329 39 21 the
3081 1335 51 15 man
3152 1328 48 22 into
3220 1328 66 30 being
3308 1336 29 15 on
3352 1331 46 20 two
3411 1328 47 30 legs
3474 1328 45 23 and
3533 1330 47 21 two

3022 1358 89 28 wheels,
3123 1358 67 23 while
3206 1358 39 24 the
3260 1358 51 24 fork
3326 1359 40 23 has
3380 1358 125 31 developed
3514 1359 66 22 extra

3022 1396 89 22 prongs.

3075 1419 34 30 By
3121 1419 38 23 the
3178 1419 53 30 holy
3242 1419 70 30 poker
3347 1419 19 24 is
3376 1426 13 16 a
3398 1419 95 31 popular
3503 1418 64 24 abbre-

3022 1450 86 23 viation
3125 1450 23 23 of
3163 1457 28 16 an
3206 1451 54 22 oath
3277 1450 74 23 which
3370 1450 90 23 became
3479 1457 101 16 common

3022 1481 82 28 during
3135 1480 40 21 the
3205 1480 118 22 Crusades.
3457 1480 38 22 the
3526 1480 54 28 holy

3185 1516 46 14 was
3260 1509 23 21 in
3312 1509 39 22 the
3380 1509 90 21 mouths
3498 1509 24 22 of
3550 1509 31 21 all

3022 1538 146 28 Englishmen
3184 1538 82 28 during
3281 1538 39 22 the
3335 1541 45 19 two
3405 1539 111 21 centuries
3530 1538 52 23 that

3022 1568 40 23 the
3072 1567 112 23 Crusades
3193 1570 61 19 went
3267 1575 35 15 on.

3051 1599 21 22 A
3082 1597 95 24 medical
3187 1598 141 24 commission
3338 1597 117 24 examined
3476 1600 39 21 not
3530 1598 52 30 long

3023 1636 42 21 ago
3075 1630 49 21 into
3135 1629 39 22 the
3183 1636 66 15 cause
3264 1629 24 22 of
3302 1629 40 22 the
3358 1630 110 27 alarming
3485 1629 98 22 increase

3024 1659 23 23 of
3070 1658 100 30 insanity
3190 1659 23 22 in
3233 1657 99 30 Ireland,
3353 1658 45 23 and
3419 1664 61 16 came
3499 1661 25 21 to
3544 1658 39 23 the

3024 1689 100 30 singular
3134 1690 127 22 conclusion
3272 1690 52 23 that
3341 1689 155 29 tea-drinking
3510 1696 46 15 was
3571 1696 13 15 a

3024 1722 59 19 most
3093 1722 81 26 potent
3183 1720 72 21 factor
3266 1720 22 21 in
3300 1720 107 28 inducing
3417 1720 39 21 the
3466 1719 118 29 prevalent

3025 1751 54 27 type
3089 1749 24 22 of
3122 1749 154 22 melancholia.

3130 1779 53 22 haul
3202 1785 54 17 over
3280 1779 39 23 the
3443 1779 79 23 recalls
3546 1778 39 23 the

3024 1810 83 23 former
3117 1809 58 27 legal
3188 1812 87 21 custom
3285 1809 23 24 of
3323 1809 53 24 trial
3394 1809 29 31 by
3434 1809 48 28 fire,
3494 1809 39 24 the
3547 1816 25 16 ac-

3024 1840 68 23 cused
3103 1839 99 31 walking
3212 1840 103 23 barefoot
3324 1847 53 16 over
3393 1847 13 16 a
3422 1840 43 23 bed
3475 1839 24 24 of
3517 1840 54 30 glow-

3025 1871 38 28 ing
3073 1870 67 28 coals,
3152 1871 44 21 and
3217 1870 34 23 his
3271 1871 120 22 innocence
3408 1877 26 15 or
3449 1870 59 29 guilt
3517 1870 68 29 being

3025 1900 102 22 deduced
3137 1899 58 23 from
3205 1900 166 22 the'condition
3383 1900 24 22 of
3423 1899 36 23 his
3468 1900 47 22 feet
3525 1899 59 23 after

3024 1938 14 15 a
3048 1930 86 23 certain
3144 1930 95 23 number
3249 1930 23 23 of
3282 1929 56 31 days
3349 1929 97 31 elapsed.

3052 1961 85 29 Bishop
3151 1960 82 23 Wallis
3250 1961 19 22 is
3285 1967 29 16 an
3330 1960 164 29 accomplished
3512 1960 73 22 Maori

3025 1990 146 30 linguist—in
3191 1990 54 28 fact,
3265 1991 27 21 he
3309 1990 78 22 rather
3404 1990 76 29 prides
3497 1990 88 22 himself

3025 2029 60 22 upon
3096 2021 35 22 his
3141 2020 53 23 skill
3209 2021 24 22 in
3243 2021 47 23 this
3304 2023 96 28 respect.
3431 2021 34 23 On
3483 2019 100 30 Sunday,

3025 2054 25 19 at
3074 2051 33 23 St.
3128 2051 96 22 James's
3244 2051 98 27 Church,
3363 2051 79 22 Lower
3466 2051 70 26 Hutt,
3557 2051 28 22 he

3025 2080 111 30 preached
3146 2081 23 22 in
3181 2081 39 23 the
3231 2081 73 23 Maori
3320 2084 90 27 tongue.
3414 2081 36 17 —'
3459 2080 56 24 New
3532 2080 39 23 Zea-

3025 2111 53 23 land
3088 2111 91 23 Times.'

3053 2142 21 22 A
3084 2141 91 23 notable
3191 2141 73 23 Maori
3281 2148 94 21 woman,
3388 2141 82 23 known
3487 2141 29 23 all
3532 2146 54 18 over

3026 2172 38 23 the
3074 2172 114 23 Taranaki
3198 2174 63 21 coast
3275 2179 24 16 as
3339 2171 43 24 Old
3494 2171 53 24 died
3562 2174 24 21 at

3026 2204 104 22 Waitara
3139 2204 45 22 last
3196 2203 72 28 week,
3280 2204 40 22 her
3329 2211 41 22 age
3387 2203 67 30 being
3469 2202 77 24 stated
3560 2205 26 21 at

3025 2242 53 16 over
3097 2235 39 23 103
3153 2242 71 23 years.
3256 2234 45 24 She
3310 2235 20 23 is
3344 2234 120 31 popularly
3474 2233 111 32 supposed

3026 2270 23 19 to
3060 2266 57 22 have
3127 2265 55 23 been
3195 2266 38 22 the
3250 2273 66 15 cause
3325 2266 24 21 of
3366 2266 40 22 the
3415 2265 114 23 Taranaki
3539 2272 47 16 war

3025 2296 23 22 of
3059 2297 61 25 1860,
3132 2296 99 28 through
3242 2296 143 28 obstructing
3394 2303 13 14 a
3417 2302 89 22 survey.

3054 2326 36 22 An
3106 2325 86 30 elderly
3204 2333 59 22 man,
3275 2326 51 22 who
3344 2332 45 16 was
3405 2325 89 23 refused
3509 2324 63 24 assist-

3026 2364 54 15 ance
3090 2356 30 30 by
3130 2356 40 23 the
3180 2356 139 22 Benevolent
3328 2355 107 23 Trustees
3445 2358 25 21 at
3476 2355 95 30 Welling-

3026 2390 47 24 ton,
3090 2386 77 23 stated
3185 2386 51 23 that
3254 2386 27 23 he
3296 2385 76 24 would
3389 2385 34 24 let
3439 2386 39 23 the
3495 2386 90 27 general

3026 2417 75 30 public
3126 2416 67 23 know
3220 2416 51 23 how
3295 2416 28 23 he
3347 2423 47 16 was
3418 2416 97 28 treated,
3540 2415 45 24 and

3025 2447 96 24 finished
3139 2447 29 30 by
3179 2447 88 30 stating
3283 2447 52 23 that
3351 2447 28 23 he
3395 2446 45 24 had
3457 2447 128 23 swallowed

3025 2480 120 21 seventeen
3154 2478 152 27 dictionaries,
3316 2477 45 22 and
3367 2484 46 15 was
3421 2477 63 30 quite
3492 2477 92 30 capable

3026 2509 22 23 of
3059 2508 68 30 doing
3137 2508 63 23 what
3209 2508 29 22 he
3248 2507 115 23 intended.

3054 2539 47 22 The
3111 2538 120 23 Auckland
3241 2538 54 29 City
3306 2538 93 23 Council
3409 2538 57 22 have
3476 2538 80 29 passed
3572 2545 14 15 a

3026 2570 85 23 motion
3122 2571 24 21 to
3156 2569 71 23 frame
3237 2576 13 16 a
3267 2568 84 30 by-law
3361 2568 56 24 with
3428 2569 39 23 the
3477 2568 76 30 object
3562 2567 24 24 of

3026 2600 145 29 suppressing
3178 2599 150 29 assemblages
3333 2599 23 22 of
3366 2606 49 15 men
3424 2599 24 22 in
3456 2599 39 22 the
3503 2601 82 20 streets

3026 2630 35 23 for
3080 2630 40 23 the
3138 2636 108 24 purposes
3265 2628 23 24 of
3307 2628 97 31 betting,
3421 2628 47 24 this
3486 2628 99 31 practice

3026 2661 83 31 having
3120 2660 89 24 become
3219 2667 13 17 a
3241 2661 64 30 great
3315 2660 113 23 nuisance.

3054 2698 47 23 The
3116 2697 205 23 Auditor-General
3338 2696 41 23 has
3395 2697 92 23 written
3506 2698 24 21 to
3546 2696 39 24 the

3026 2727 121 23 Auckland
3170 2727 55 29 City
3245 2727 94 23 Council
3363 2727 87 29 stating
3474 2727 53 22 that
3545 2727 40 23 the

3026 2758 93 23 Council
3135 2758 57 22 have
3202 2764 29 16 no
3248 2764 75 22 power
3334 2759 23 20 to
3375 2757 65 22 make
3455 2763 14 16 a
3485 2762 85 25 compas-

3026 2789 87 22 sionate
3123 2788 120 23 allowance
3254 2787 23 23 of
3286 2787 46 25 £75
3341 2789 24 20 to
3374 2787 37 22 Mr
3421 2787 82 29 Smith,
3513 2787 22 23 of
3546 2787 38 23 the

3026 2817 54 32 City
3103 2819 58 23 Club
3185 2818 78 28 Hotel,
3288 2818 75 22 whose
3393 2818 106 29 premises
3527 2825 58 15 were

3026 2848 109 30 damaged
3146 2849 29 28 by
3186 2849 39 21 the
3235 2848 106 29 bursting
3349 2847 23 22 of
3387 2856 13 13 a
3410 2850 72 20 water
3492 2848 66 22 main.

3054 2879 47 23 The
3111 2878 115 30 following
3241 2878 75 29 letter,
3328 2877 68 26 dated
3414 2877 167 31 Mangawhare,

3026 2909 116 25 Northern
3154 2909 92 28 Wairio,
3257 2909 91 30 August
3357 2909 34 28 23,
3405 2909 61 27 1896,
3476 2915 46 17 was
3529 2908 41 31 pub-

3026 2941 71 23 lished
3108 2941 23 22 in
3142 2940 39 23 the
3192 2940 119 23 Auckland
3328 2946 126 23 papers:—
3456 2940 15 12 M
3482 2939 48 28 We,
3532 2939 2 30 1
3543 2939 39 23 the

3025 2971 157 29 undersigned,
3195 2977 46 15 saw
3251 2970 78 29 to-day
3339 2977 28 15 on
3386 2969 38 23 the
3443 2973 56 19 west
3508 2972 69 25 coast,

3025 3004 25 19 at
3074 3001 38 22 the
3136 3000 57 21 back
3217 3000 23 21 of
3266 2999 167 29 Mangawhare,
3459 3002 25 19 at
3513 2999 70 22 about

3026 3030 81 24 twelve
3120 3029 92 29 o'clock,
3224 3037 13 14 a
3254 3035 55 24 very
3322 3031 91 27 strange
3429 3035 38 16 sea
3483 3030 99 21 monster

3026 3061 70 24 about
3111 3061 47 23 half
3168 3068 13 16 a
3195 3060 53 24 mile
3264 3060 90 23 outside
3370 3061 23 22 of
3409 3060 40 23 the
3467 3059 112 24 breakers.

3026 3093 24 22 It
3069 3091 112 30 appeared
3200 3094 24 20 to
3240 3091 28 22 be
3283 3091 39 22 the
3335 3091 68 28 shape
3414 3091 22 21 of
3447 3098 28 14 an
3484 3091 42 27 eel,
3538 3090 43 23 and

3026 3122 78 22 reared
3114 3121 100 28 straight
3222 3122 41 20 out
3273 3120 24 21 of
3306 3120 39 22 the
3354 3122 72 19 water
3441 3121 24 20 to
3482 3127 13 14 a
3504 3120 81 28 height

3026 3151 24 24 of
3059 3151 71 24 about
3138 3150 49 25 20ft
3196 3149 45 25 and
3252 3149 54 24 then
3323 3148 40 25 fell
3373 3148 46 25 like
3429 3156 14 17 a
3453 3151 56 26 tree,
3518 3148 52 25 send-

3027 3184 38 29 ing
3074 3190 32 23 up
3115 3190 69 22 spray
3199 3184 24 22 to
3240 3190 14 14 a
3270 3181 80 30 height
3366 3181 23 23 of
3405 3181 70 23 about
3493 3180 49 25 40ft
3558 3188 26 16 or

3027 3214 54 21 50ft.
3113 3213 43 21 We
3166 3219 46 15 saw
3222 3213 19 21 it
3252 3212 43 22 rise
3305 3211 70 22 about
3391 3218 12 14 a
3421 3211 69 22 dozen
3508 3212 74 26 times,

3027 3242 44 25 and
3090 3242 40 24 the
3149 3242 45 23 last
3213 3242 55 23 time
3286 3241 20 24 it
3322 3248 48 16 rose
3385 3240 20 24 it
3421 3240 81 24 turned
3518 3240 66 24 back*

3027 3274 81 28 wards,
3120 3273 101 30 showing
3227 3280 13 15 a
3250 3272 144 23 tremendous
3404 3279 57 22 open
3472 3271 78 24 mouth
3560 3279 24 16 as

3026 3304 21 23 it
3055 3303 46 23 fell.
3132 3303 24 23 It
3167 3310 45 15 was
3222 3302 66 22 black
3298 3309 29 15 on
3337 3302 39 22 the
3393 3302 57 22 back
3461 3302 44 22 and
3515 3302 69 22 white

3027 3333 147 24 underneath.
3206 3333 23 22 It
3248 3332 112 31 appeared
3377 3335 23 20 to
3420 3331 27 24 be
3464 3332 70 23 about
3549 3332 36 23 4ft

3027 3365 23 22 of
3068 3364 38 24 sft
3118 3364 71 23 thick.
3221 3363 43 23 We
3281 3362 103 24 watched
3400 3363 36 22 for
3452 3370 61 15 some
3529 3363 55 22 time

3027 3395 66 28 after,
3105 3395 42 22 but
3156 3401 47 15 saw
3212 3401 29 15 no
3251 3401 62 15 more
3322 3393 24 23 of
3362 3394 26 22 it.
3419 3392 79 24 About
3508 3401 13 14 a
3531 3393 52 23 mile

3027 3426 89 22 further
3130 3427 41 21 out
3184 3432 34 15 we
3232 3431 46 16 saw
3293 3432 13 14 a
3321 3424 63 29 large
3392 3423 72 23 whale
3478 3423 107 30 sponting

3026 3460 26 19 at
3074 3456 40 23 the
3133 3462 60 16 same
3213 3453 136 24 time.—We
3368 3461 46 21 are,
3432 3456 53 24 etc.,
3506 3454 78 23 Jambs

3027 3486 89 26 Evans,
3125 3485 110 24 Charles
3243 3484 118 29 Flavbll,
3370 3484 100 25 Thomas
3476 3484 109 24 Bryan.'?

3054 3522 48 23 The
3120 3528 108 22 currency
3247 3522 104 29 question
3375 3528 25 16 as
3421 3521 87 24 viewed
3527 3521 31 31 by
3571 3528 15 17 a

3026 3553 97 23 rational
3141 3552 57 24 New
3219 3550 94 30 Yorker,
3335 3552 58 29 who,
3409 3552 93 31 writing
3526 3554 25 22 to
3572 3559 14 17 a

3027 3583 105 23 Dunedin
3143 3583 99 23 resident
3252 3590 28 15 on
3290 3583 96 23 election
3393 3587 116 26 prospects
3519 3583 22 23 in
3550 3582 36 25 his

3027 3614 72 28 State,
3229 3613 167 29 The'currency
3406 3614 104 29 question
3522 3613 19 23 is
3550 3613 34 23 the

3026 3652 42 15 one
3084 3644 23 23 of
3122 3644 41 23 the
3177 3644 63 23 hour.
3272 3643 48 24 The
3336 3644 69 23 silver
3420 3651 50 16 men
3488 3643 96 24 demand

3027 3676 52 21 that
3088 3675 31 22 all
3128 3674 74 27 debts,
3214 3674 102 22 whether
3331 3674 109 22 domestic
3454 3682 26 14 or
3489 3674 94 29 foreign,

3026 3705 58 23 shall
3094 3705 27 22 be
3132 3704 53 30 paid
3196 3704 22 22 in
3229 3703 68 23 silver
3306 3711 24 15 as
3341 3704 51 23 well
3396 3711 30 16 as
3434 3704 23 23 in
3467 3704 62 29 gold,
3539 3703 45 24 and

3026 3736 24 23 in
3059 3736 55 23 such
3125 3743 13 16 a
3148 3735 59 24 ratio
3217 3735 52 24 that
3279 3735 40 24 the
3328 3734 93 25 debtors
3430 3735 47 24 will
3489 3735 56 24 have
3555 3742 29 17 an

3026 3774 118 16 enormous
3159 3766 133 30 advantage.
3333 3766 48 23 The
3397 3773 81 23 papers
3494 3773 41 22 say
3551 3773 35 16 we

3026 3797 58 23 shall
3100 3797 55 23 then
3172 3797 28 22 be
3216 3796 51 24 able
3283 3799 23 20 to
3322 3796 118 29 discharge
3458 3804 15 16 a
3491 3797 58 23 debt
3562 3797 22 23 of

3027 3827 51 23 Idol
3094 3827 29 29 by
3135 3827 39 22 the
3183 3828 109 28 payment
3307 3826 23 23 of
3349 3827 47 23 55c.
3427 3826 55 24 This
3497 3826 46 23 will
3558 3826 28 24 be

3026 3865 13 15 a
3058 3856 44 25 fine
3121 3856 67 32 thing
3203 3856 34 24 for
3257 3856 39 24 the
3315 3863 87 18 owners
3419 3856 23 25 of
3462 3856 39 25 the
3517 3856 69 27 silver

3026 3889 77 23 mines.
3134 3888 48 25 The
3201 3888 105 30 question
3325 3888 24 24 of
3373 3888 40 24 the
3431 3888 106 31 injustice
3562 3888 22 24 in

3025 3920 84 27 paying
3128 3919 112 24 creditors
3259 3921 25 20 at
3303 3919 52 22 that
3374 3922 49 19 rate
3443 3920 19 20 is
3486 3919 99 28 scarcely

3026 3948 90 23 alluded
3137 3952 24 19 to
3181 3948 22 23 in
3223 3947 40 24 the
3282 3954 53 24 rage
3359 3948 35 23 for
3418 3948 65 24 relief
3506 3951 25 21 to
3546 3948 40 24 the

3026 3980 115 30 oppressed
3144 3979 102 30 farmers
3263 3978 107 32 suffering
3381 3979 71 25 under
3469 3982 115 29 mortgage

3026 4010 119 28 obligation
3145 4010 48 28 B.it
3205 4010 73 22 There
3290 4011 31 21 ■is
3344 4011 23 21 in
3384 4011 45 23 this
3449 4011 104 28 question
3572 4018 13 14 a

3024 4039 85 23 serious
3119 4039 111 28 cleavage,
3240 4039 102 23 between
3359 4039 39 23 the
3409 4039 61 23 -East
3486 4039 44 23 and
3547 4039 39 23 the

3026 4069 73 28 West,
3110 4069 74 23 which
3204 4065 63 27 looks
3284 4069 78 23 rather
3377 4069 103 30 otqinous
3494 4069 36 26 for
3544 4069 38 23 the

3024 4100 84 23 future.
3125 4099 61 31 j/Thje
3197 4098 152 32 Republicans
3360 4099 46 24 will
3416 4107 27 23 go
3454 4100 35 24 for
3504 4100 80 31 higher

3024 4131 126 29 protective
3160 4130 75 24 dutifcs
3245 4130 43 24 and
3301 4131 7 12 '
3316 4131 72 23 sound
3398 4130 116 31 money.'"

3052 4159 75 27 When
3143 4161 39 26 the
3200 4161 46 28 poll
3262 4161 35 22 for
3311 4161 137 30 Wellington
3459 4168 45 16 was
3515 4161 67 23 taken

3024 4193 24 19 at
3068 4191 39 22 the
3121 4190 54 30 jasb
3194 4191 96 22 General
3314 4191 103 22 Election
3442 4191 64 22 there
3525 4198 58 15 were

3025 4220 76 28 16,497
3118 4228 77 15 names
3212 4228 27 15 on
3258 4220 39 24 the
3315 4220 48 29 roll,
3375 4220 49 29 but,
3436 4228 26 16 as
3471 4220 110 31 provided

3022 4251 30 26 by
3064 4252 38 22 the
3113 4251 52 28 Act,
3177 4251 31 23 all
3218 4251 65 23 those
3292 4254 41 20 not
3343 4251 79 30 voting
3432 4259 58 16 were
3500 4251 79 25 struck

3023 4282 38 28 oil',
3072 4282 44 23 and
3137 4282 38 23 the
3195 4281 95 24 number
3306 4289 45 15 was
3370 4282 90 30 greatly
3476 4281 103 24 reduced.

3021 4312 33 24 At
3064 4315 92 28 present
3165 4312 64 24 there
3247 4320 37 16 are
3301 4312 106 32 upwards
3421 4312 24 23 of
3461 4313 76 28 15,000
3551 4320 28 17 on

3022 4344 39 22 the
3071 4343 49 28 roll,
3132 4342 45 24 and
3188 4343 16 23 tl
3214 4351 12 15 e
3236 4343 94 23 number
3341 4343 95 28 is.daily
3447 4344 132 29 increasing.

3057 4380 113 30 Sundays:
3185 4380 44 23 and
3254 4380 59 23 fixed
3337 4380 103 29 holidays
3452 4380 2 30 .
3463 4380 118 30 excepted,

3021 4412 96 26 £20,000
3128 4411 73 21 worth
3211 4410 23 22 of
3244 4408 90 24 fiabaYe
3344 4410 62 27 daily
3423 4410 101 28 dragged
3541 4412 40 20 out

3021 4440 22 24 of
3054 4441 40 23 the
3102 4447 38 17 sea
3150 4439 30 30 by
3191 4439 39 24 the
3240 4439 119 41 fish6|fnees
3368 4439 24 23 of
3402 4438 71 24 Great
3482 4439 96 23 Britain.

3048 4476 27 23 In
3093 4476 143 29 Italy.there
3378 4475 100 23 theatres
3493 4476 23 22 in
3530 4483 38 22 pro-

3020 4507 89 29 portion
3130 4509 23 20 to
3172 4505 132 30 population
3325 4505 55 22 than
3400 4505 23 23 in
3446 4512 45 23 any
3515 4505 66 23 other

3019 4539 103 27 country.

3047 4567 38 21 Mr
3095 4567 54 27 May
3207 4566 70 21 What
3291 4566 116 21 character
3424 4565 46 22 will
3486 4573 44 20 you
3546 4573 24 14 as

3019 4603 61 14 sume
3088 4598 25 19 at
3123 4603 40 14 our
3173 4594 146 30 masquerade
3329 4594 45 23 ball
3382 4597 9 20 ?
3434 4594 49 26 lyirs
3493 4594 70 23 Maud

3043 4625 12 23 I
3066 4625 66 23 think
3144 4624 10 23 I
3165 4624 58 23 shall
3240 4624 149 29 impersonate
3407 4631 37 22 my
3460 4624 67 22 maid.
3565 4624 12 22 I

3018 4655 74 21 would
3111 4662 24 14 so
3155 4654 45 22 like
3220 4656 24 19 to
3260 4655 56 20 have
3336 4660 38 21 my
3391 4653 102 23 husband
3510 4653 66 29 enjoy

3017 4684 96 25 himself,
3125 4690 43 21 you

3046 4712 83 21 Uncle:
3148 4711 63 20 "I'm
3227 4711 48 25 just
3292 4711 92 27 reading
3400 4711 50 21 that
3462 4711 114 21 l'rofcssor

3017 4741 19 23 R
3103 4740 41 23 has
3153 4739 129 24 discovered
3291 4739 108 22 microbes
3405 4746 28 15 on
3440 4746 14 14 a
3462 4739 98 22 hundred-

3015 4772 73 22 dollar
3212 4769 101 29 Nephew
3332 4768 104 28 (medical
3455 4768 118 29 student):

3040 4802 62 24 Lend
3113 4809 34 16 me
3162 4808 47 16 one.
3241 4799 11 25 I
3264 4799 73 25 would
3348 4798 45 27 like
3404 4801 24 22 to
3438 4799 136 32 investigate

3016 4833 39 23 the
3065 4841 50 14 case

3069 4868 71 23 What
3150 4867 76 23 makes
3237 4867 51 22 that
3298 4866 42 22 hen
3351 4866 23 22 in
3384 4872 56 21 your
3451 4865 57 23 back
3516 4866 56 28 yard

3015 4897 76 24 cackle
3101 4906 24 15 so
3135 4897 53 24 loud
3280 4895 41 29 Oh,
3334 4895 89 30 they've
3433 4896 49 29 just
3498 4894 46 24 laid
3559 4903 13 15 a

3014 4932 152 21 corner-stone
3185 4935 73 17 across
3283 4926 38 23 the
3344 4928 79 26 street,
3444 4925 44 24 and
3513 4924 57 26 she's

3015 4961 77 28 trying
3102 4963 23 19 to
3141 4959 66 23 make
3217 4958 38 23 the
3266 4957 118 30 neighbors
3400 4956 66 23 think
3477 4957 39 22 she
3531 4957 40 22 did

3042 5021 72 22 Uncle
3124 5020 70 23 Josh:
3235 5018 12 23 I
3256 5026 37 14 see
3303 5018 73 21 where
3393 5024 60 15 some
3470 5017 23 22 of
3510 5017 61 24 them

3013 5050 75 23 fellers
3108 5051 51 23 that
3175 5048 77 24 makes
3277 5048 82 23 wheels
3380 5054 41 22 say
3441 5046 55 29 they
3515 5047 56 23 have

3013 5088 13 15 a
3049 5080 87 30 bicycle
3159 5081 65 29 plant
3242 5079 51 23 that
3390 5077 64 23 Aunt
3477 5077 94 30 Fanny:

3023 5111 7 12 '
3039 5110 64 25 Land
3119 5110 80 24 sakes!
3238 5109 50 23 You
3312 5108 63 24 don't
3398 5115 63 17 mean
3486 5109 24 22 to
3531 5114 40 17 sav

3013 5142 90 30 they've
3113 5143 40 28 got
3162 5143 24 21 to
3200 5140 93 30 growin'
3302 5139 42 24 'em

3152 5177 48 22 said
3211 5175 39 24 the
3259 5175 35 24 fat
3303 5183 51 15 man
3365 5175 56 24 with
3432 5175 38 23 the
3480 5173 40 25 red
3530 5174 39 29 tie,

3039 5207 51 23 that
3100 5206 55 24 ain't
3165 5214 13 16 a
3194 5205 45 24 bad
3254 5206 51 23 idea
3320 5205 23 23 of
3359 5205 84 24 Edison
3444 5212 42 15 —a
3501 5204 70 30 yacht

3012 5238 57 23 with
3086 5237 92 30 gas-bag
3193 5236 61 28 sails,
3270 5236 19 23 is
3305 5236 18 24 it
3329 5237 9 22 ?
3366 5234 12 25 I
3396 5234 90 24 wonder
3496 5234 74 24 where

3013 5269 27 22 he
3048 5271 39 26 got
3094 5269 20 22 it
3349 5266 49 22 said
3409 5266 38 22 the
3458 5266 50 22 lean
3518 5273 51 16 man

3013 5299 55 21 with
3087 5298 39 21 the
3140 5297 80 28 yellow
3236 5299 57 24 vest,
3360 5302 45 15 was
3414 5294 120 30 suggested
3545 5297 23 19 to

3012 5327 46 23 him
3068 5326 31 31 by

3042 5358 114 22 Mamma:
3256 5364 45 21 you
3319 5356 56 22 have
3390 5363 13 14 a
3418 5355 49 22 nice
3477 5355 55 24 time
3547 5355 22 24 in

3012 5387 39 23 the
3061 5387 56 30 park
3161 5386 48 30 Boy
3220 5384 4 33 :
3348 5385 98 23 Mamma
3456 5393 5 15 :
3498 5384 71 24 What

3011 5417 40 23 did
3068 5425 44 22 you
3222 5416 64 30 Boy:
3386 5415 44 23 lots
3445 5414 23 24 of
3484 5415 83 30 things.

3012 5448 52 23 Run
3084 5455 29 16 on
3133 5447 33 24 th'
3185 5447 79 27 walks,
3282 5446 35 23 an'
3337 5445 65 24 made
3421 5445 59 24 faces
3497 5448 25 21 at
3536 5445 33 24 th'

3011 5478 134 30 pleeceman,
3164 5477 36 23 an'
3214 5476 88 30 dodged
3320 5476 39 23 the
3369 5476 82 28 horses,
3468 5476 35 24 an'
3513 5476 56 24 fired

3011 5510 75 21 stones
3103 5509 24 21 at
3146 5507 34 23 th'
3197 5508 5 11 1
3210 5506 224 31 keep'off-th'-grass'
3448 5506 69 30 signs,
3533 5507 36 23 an'

3039 5568 21 23 A
3070 5568 75 30 prince
3155 5569 61 21 went
3234 5569 22 21 to
3272 5567 87 30 inspect
3369 5574 13 16 a
3392 5574 49 16 rare
3451 5567 118 25 collection

3007 5598 27 24 ■of
3044 5598 69 23 books
3123 5598 22 22 in
3156 5605 13 15 a
3179 5597 60 23 little
3250 5600 67 21 town.
3340 5597 47 24 The
3397 5605 78 22 mayor
3484 5606 70 17 accom-

3012 5629 80 30 panied
3112 5629 52 22 him.
3196 5627 32 24 To
3247 5628 37 23 his
3298 5631 64 27 great
3376 5631 139 22 amazement
3530 5630 39 24 the

3010 5659 76 30 prince
3105 5658 130 24 discovered
3254 5658 53 24 that
3325 5658 30 24 all
3370 5658 39 24 the
3426 5658 72 25 books
3510 5667 60 19 were

3010 5689 79 30 placed
3099 5697 28 16 on
3138 5690 38 23 the
3192 5688 88 25 shelves
3295 5689 39 25 the
3344 5697 77 23 wrong
3430 5698 51 22 way
3491 5690 76 27 about.

3036 5719 70 22 What
3129 5720 66 22 made
3218 5727 45 22 you
3282 5727 94 22 arrange
3395 5720 63 22 them
3477 5721 23 23 in
3517 5721 52 25 that

3010 5748 88 24 fashion
3181 5748 12 24 I
3203 5749 65 24 could
3279 5751 40 22 not
3326 5749 83 31 permit
3420 5749 38 26 the
3469 5751 100 26 volumes

3011 5781 24 25 to
3046 5781 52 26 turn
3109 5779 60 28 their
3179 5779 68 28 backs
3257 5788 29 18 on
3300 5788 57 26 your

3651 189 118 28 STATE
3793 189 165 28 FORESTS
3982 189 47 28 IN
4053 189 71 28 THE

3796 228 184 32 COLONIES.

3782 305 124 30 [Dunedin
3917 305 81 31 Star.]

3638 364 38 24 Mr
3685 364 26 24 G.
3723 362 26 27 ftt
3759 360 87 32 Perrin,
3863 363 90 31 RLS.,
3971 361 122 33 F.R.G.S.,
4108 364 43 25 Con-

3610 398 102 21 servator
3721 396 24 22 of
3752 394 68 25 State
3834 395 99 30 Forests,
3952 394 109 28 Victoria,
4079 396 21 23 is
4114 400 59 20 now'

3610 425 23 23 in
3652 425 80 30 Otago.
3770 424 36 24 He
3825 424 110 24 attended
3954 425 39 23 the
4008 425 90 23 Timber
4111 426 42 22 Con-

3610 455 87 24 ference
3711 455 24 24 in
3746 455 140 32 Wellington
3904 462 24 17 as
3945 455 155 31 representing
4115 455 39 25 Vic-

3610 487 58 24 toria
3678 487 44 25 and
3733 487 126 29 Tasmania,
3870 486 45 24 abd
3932 486 162 32 subsequently
4102 486 66 25 made

3609 525 13 15 a
3633 520 52 20 tour
3701 518 24 22 of
3741 519 103 28 portions
3852 516 1 31 :
3860 517 25 23 of
3903 516 150 31 Canterbury,
4074 517 92 29 Nelson,

3609 547 45 24 and
3663 547 171 31 Marlborough,
3844 548 85 30 having
3938 547 66 24 been».
4008 547 119 31 requested
4137 547 30 31 by

3610 578 38 23 Mr
3666 578 98 23 Seddon.
3777 582 22 19 to
3820 579 57 22 have
3895 586 23 15 a.
3932 578 54 24 look
4004 577 97 30 through
4120 578 47 23 this

3610 608 86 31 colony,
3699 608 45 24 and
3752 608 90 24 furnish
3852 615 29 16 an
3888 607 94 31 opinion
3992 615 27 16 as
4027 611 24 20 to
4060 606 43 26 the
4110 607 57 25 lines

3609 647 61 23 upon
3680 639 74 24 which
3763 638 73 26 forest
3843 638 157 26 conservation
4014 638 72 31 ought
4099 640 26 23 to
4139 638 28 26 be

3609 669 87 24 carried
3711 677 35 16 on.
3777 669 32 24 In'
3822 676 126 23 pursuance
3960 667 27 25 el
4003 669 47 24 this
4063 676 91 24 arrange-

3610 702 61 21 ment
3679 699 37 24 Mr
3721 699 80 24 Perrin
3808 699 88 24 started
3906 698 58 24 from
3973 698 107 25 Dunedin
4088 698 87 32 to-day'

3609 730 36 23 for
3663 730 40 24 the
3720 729 72 25 Lakes
3808 729 45 25 and
3870 729 40 24 the
3925 728 128 26 Southland
4067 728 99 30 district,

3609 760 48 24 and
3670 760 28 24 he
3708 760 48 24 will
3763 759 140 25 afterwards,
3912 759 76 25 travel
3998 761 32 23 to>
4039 759 40 25 tin
4092 759 75 25 North

3609 791 85 29 Island,
3714 791 96 30 visiting
3827 790 113 24 Taranaki
3959 790 45 25 and
4022 789 87 32 Napier
4122 790 45 25 and

3610 822 55 22 then
3674 829 28 22 go
3712 821 46 23 and
3771 828 37 16 see
3822 821 40 23 the
3879 821 65 23 kauri
3959 821 84 27 forest*
4056 821 29 23 o£
4092 821 60 23 Auck-

3609 851 60 23 land.
3708 851 107 23 Without
3829 851 151 30 anticipating
3989 850 37 24 bis
4033 853 85 28 report*
4128 851 39 23 Mr

3609 881 80 24 Perrin
3703 881 20 26 is
3735 881 54 24 able
3802 884 26 21 to
3845 888 40 23 say
3899 881 115 30 generally
4035 881 54 23 that
4100 881 30 23 he
4147 881 21 23 is

3609 911 67 24 much
3686 911 90 31 pleased
3786 911 56 24 with
3853 911 63 24 what
3925 911 28 24 he
3963 911 111 29 has.seen,
4088 911 48 24 and
4142 918 25 17 as

3609 945 25 23 to
3650 942 40 26 the
3706 942 105 32 planting
3826 942 129 32 operations
3972 942 54 25 that
4031 941 66 26 Jlaro
4110 940 56 26 been

3609 974 87 24 carried
3712 975 68 23 on-in
3796 975 82 23 Canter
3881 974 58 30 bary
3953 973 31 24 he
3998 977 92 21 oaanob>
4097 973 70 30 speak

3608 1007 39 22 too
3665 1004 86 32 highly.
3781 1003 105 33 He;say*
3900 1003 110 26 that!the
4027 1003 147 26 work.done'

3609 1037 64 23 there
3694 1036 41 24 has
3753 1036 139 31 practical?
3906 1036 80 24 solved
3992 1031 53 29 Abe
4066 1035 100 31 problem

3608 1067 24 22 of
3642 1067 83 22 timber
3732 1067 91 28 supply,
3834 1066 45 22 and
3893 1067 54 21 that
3960 1068 66 27 equal
4034 1066 118 29 opportuni-

3608 1096 44 22 ties
3661 1103 39 16 are
3713 1102 62 24 open
3786 1098 24 21 to
3824 1095 83 31 Obag&
3924 1095 61 25 .The
3994 1097 141 28 great-point
4138 1102 34 16 W

3607 1123 105 34 planting
3742 1125 53 25 bare
3823 1125 105 25 district*
3958 1125 27 30 is,
4019 1125 24 24 of
4079 1132 86 23 ooone,

3608 1162 24 18 to
3669 1157 80 26 choose
3777 1158 39 22 the
3848 1163 85 24 peeper,
3958 1157 148 30 descriptions
4142 1156 24 24 of

3608 1191 146 20 trees—trees
3773 1188 52 23 that
3843 1187 48 23 will
3909 1187 57 24 have
4025 1187 141 24 commercial

3608 1218 138 23 value—and
3767 1218 46 23 the.
3828 1211 137 36 experiSffeff
3977 1217 28 23 wt
4024 1217 142 29 Canterbury

3608 1248 46 23 will
3664 1248 28 23 be
3702 1248 73 23 useful
3784 1250 25 21 to
3823 1247 149 30 othgrplacee
3980 1247 25 23 in
4015 1246 153 30 determining

3608 1278 39 24 the
3675 1278 107 24 selection
3812 1277 50 24 best
3892 1277 98 36 adjusted
4019 1277 36 23 for
4077 1277 88 29 shingle

3607 1311 103 26 country.
3740 1308 30 23 In
3783 1308 36 23 his
3828 1309 78 28 report
3915 1304 127 26 BRPerrin
4051 1306 48 24 will
4107 1306 47 24 indi-

3608 1340 50 21 cate
3677 1339 35 22 his
3730 1335 92 32 opinion
3841 1344 26 16 as
3885 1336 81 24 te»the
3982 1338 61 25 tfees
4060 1336 54 23 that
4126 1342 41 17 are

3608 1368 70 29 likely
3688 1368 82 23 toiuifc
3779 1368 40 23 the
3833 1367 78 29 higher
3921 1366 111 24 altitudes
4045 1366 116 31 of.-Otago*

3608 1398 37 22 He
3664 1406 19 14 is
3702 1398 105 29 disposed
3822 1399 24 21 to
3864 1396 144 25 recommend
4026 1396 139 30 Eucalyptus

3609 1428 128 25 Sieberiana
3747 1427 45 25 and
3806 1427 140 31 Eucalyptus
3961 1426 112 31 Urnigera
4080 1433 27 17 as
4114 1426 51 24 well

3608 1459 99 29 adapted
3722 1459 36 23 for
3767 1459 46 24 this
3831 1465 102 23 purpose.
3963 1457 49 24 The
4026 1457 139 24 first-named

3609 1496 73 22 grows
3692 1489 24 22 in
3725 1488 104 23 Victoria
3845 1495 31 22 up
3892 1490 24 20 to
3928 1494 32 16 an
3970 1487 111 23 elevation
4091 1486 24 23 of
4129 1486 24 23 be-

3610 1522 72 18 tween
3702 1517 61 28 3,000
3763 1517 25 28 ft
3805 1517 47 22 and
3869 1516 59 28 4,000
3928 1516 36 28 ft,
3978 1516 47 23 and
4045 1516 40 23 the
4102 1516 65 23 other

3610 1547 118 23 flourishes
3769 1554 29 15 on
3843 1546 40 23 the
3925 1553 73 22 upper
4034 1545 74 30 slapea
4142 1546 25 22 of

3611 1577 82 23 Mount
3728 1576 139 30 Wellington
3903 1575 145 29 (Tasmania),
4084 1575 83 25 wh«M»

3610 1608 48 23 fore
3683 1608 28 23 he
3734 1607 97 23 believes
3855 1606 56 30 they
3932 1605 76 25 would
4029 1605 93 26 suOoeed
4142 1609 25 21 at

3612 1638 53 28 high
3690 1638 70 22 levels
3782 1638 29 22 in.
3830 1636 57 23 New
3911 1636 97 23 Zealand
4036 1636 31 28 by
4090 1643 78 18 reason

3612 1667 22 24 of
3645 1667 59 23 their
3714 1666 173 31 frost-resisting
3895 1666 110 31 Capacity.
4034 1666 65 24 Then
4105 1666 64 24 there

3612 1705 38 16 are
3669 1698 40 23 the
3728 1697 137 30 Himalayan
3884 1704 25 17 or
3925 1696 104 25 hemlock
4046 1704 80 23 spruce
4146 1697 26 25 ot

3613 1728 77 27 India,
3699 1727 45 24 and
3761 1728 38 22 the
3810 1727 85 23 Cedrus
3910 1727 105 28 deodara,
4026 1727 55 24 both
4097 1728 57 23 avail-

3613 1757 50 23 able
3682 1758 35 22 for
3741 1757 54 30 high
3820 1756 115 24 altitudes.
3980 1757 47 22 The
4050 1756 120 31 European

3613 1787 71 28 larch,
3703 1787 109 28 likewise,
3822 1786 82 24 should
3919 1786 47 28 suib
3975 1786 80 31 Otago.
4084 1786 24 25 It
4122 1787 18 25 is
4154 1795 14 16 a

3613 1818 105 23 valuable
3728 1820 56 27 tree,
3795 1825 50 17 now
3862 1817 66 31 being
3944 1817 92 31 planted
4046 1818 77 24 rather
4132 1826 24 16 ex-

3616 1848 112 30 tensively
3747 1848 23 23 in
3794 1848 149 30 Canterbury.
3989 1848 35 23 He
4048 1848 79 29 thinks
4149 1849 22 24 it

3613 1878 73 24 would
3699 1878 27 22 be
3736 1878 115 25 advisable
3868 1881 24 19 to
3902 1878 58 29 keep
3969 1878 39 24 the
4022 1878 65 29 larch
4095 1887 25 15 to
4129 1879 39 25 the

3614 1908 54 30 high
3678 1906 65 26 lands
3752 1915 25 17 as
3786 1907 67 24 much
3862 1914 28 18 as
3897 1907 104 30 possible.
4045 1920 7 14 :
4102 1906 71 32 {V'

3642 1944 159 24 Considerable
3815 1943 100 24 advanoe
3923 1943 42 25 has
3974 1944 56 24 been
4038 1943 65 26 made
4115 1945 55 24 with

3615 1974 39 24 the
3664 1974 99 24 creation
3773 1974 23 23 of
3805 1974 66 24 State
3887 1974 82 25 forests
3984 1975 24 23 in
4024 1982 61 16 some
4099 1975 23 23 of
4132 1975 41 25 the

3615 2005 101 23 colonic?.
3749 2004 72 26 South
3838 2005 116 23 Australia
3966 2011 52 21 ,was
4024 2004 4 28 ■
4033 2005 40 24 the
4087 2005 50 25 first
4146 2007 24 23 to

3614 2035 109 30 seriously
3734 2035 47 23 face
3791 2035 40 24 the
3840 2035 117 30 question..
3977 2035 73 24 There
4057 2044 14 15 a
4081 2036 76 29 depart-

3614 2068 63 20 ment
3687 2066 40 23 has
3741 2065 56 24 been
3809 2065 92 28 formed,
3913 2066 122 30 consisting
4051 2066 23 23 of
4090 2073 13 16 a
4120 2074 37 18 con-

3614 2098 109 25 servator,
3735 2103 14 15 a
3760 2095 69 23 dozen
3838 2096 114 29 foresters,
3962 2096 87 28 several
4068 2103 89 23 nursery-

3615 2134 57 19 men,
3683 2125 46 24 and
3744 2125 107 27 laborers.
3881 2126 46 23 The
3944 2126 145 30 department
4104 2127 39 22 has
4157 2135 13 14 a

3615 2156 94 23 number
3719 2155 23 24 of
3756 2156 82 24 foresta
3846 2156 98 30 entirely
3953 2156 73 25 under
4032 2156 35 23 de
4074 2157 95 28 control,

3614 2195 60 16 some
3684 2186 23 25 of
3717 2187 62 25 them
3793 2186 23 25 of
3824 2194 30 17 an
3864 2194 52 17 area
3927 2186 24 25 of
3964 2187 79 29 30,000
4057 2195 25 16 or
4091 2188 78 28 4ft(MX)

3614 2225 69 17 acres.
3713 2217 48 27 The
3770 2218 145 30 department
3920 2218 28 29 is,
3958 2226 25 16 as
3993 2218 35 24 far
4034 2218 134 31 as,possible,

3614 2249 49 24 free
3670 2249 58 26 from
3738 2249 102 31 political
3849 2248 116 27 influence,
3996 2249 23 24 It
4029 2256 45 17 was
4084 2249 86 26 started

3614 2280 88 26 sixteen
3711 2287 26 16 or
3746 2282 121 23 seventeen
3882 2287 66 23 years
3960 2287 52 23 ago,
4019 2279 48 27 and
4076 2287 60 18 some
4146 2281 22 22 of

3615 2310 39 23 the
3664 2310 92 28 timber*
3762 2310 20 23 is
3798 2317 51 17 now
3868 2310 38 23 old
3924 2309 89 30 enough
4030 2312 24 20 to
4064 2310 105 23 use—the

3614 2340 120 23 American
3753 2340 48 29 ash,
3817 2339 37 24 for
3870 2340 111 31 example,
3990 2339 45 25 and
4052 2341 83 22 certain
4146 2341 23 22 of

3616 2371 38 22 the
3673 2371 73 29 pines,
3768 2370 85 30 though
3873 2371 55 29 they
3947 2377 39 18 are
4003 2372 42 25 not
4063 2369 59 29 used,
4132 2377 24 16 ex-

3614 2400 118 30 tensively.
3772 2400 38 23 Mr
3828 2400 78 25 Perrin
3931 2407 46 17 was
3995 2400 46 30 for>
4048 2400 36 24 six
4107 2407 63 21 years

3614 2431 23 23 in
3661 2430 52 24 that
3732 2430 151 31 department.
3922 2430 58 26 New
3999 2430 71 24 South
4096 2430 74 26 Wales

3614 2461 45 24 had
3682 2469 30 16 a.,
3727 2461 84 24 branch
3842 2461 24 26 of
3898 2461 98 32 forestry
4027 2461 76 27 under-
4111 2477 6 4 ,
4130 2461 39 24 the

3614 2491 74 24 Mines
3699 2491 157 30 Department,
3867 2491 45 25 and
3922 2491 40 25 the
3978 2492 46 23 late
4038 2491 39 25 Mr
4090 2490 79 31 Henry

3614 2522 106 28 Kendall,
3732 2522 40 23 the
3786 2524 61 28 poet,
3859 2529 47 17 was
3920 2521 125 31 appointed
4057 2521 113 31 inapectpr

3613 2552 23 24 of
3651 2552 88 24 forests.
3770 2552 35 24 On
3822 2552 35 26 his
3873 2551 71 27 death
3960 2552 212 31 the>maueg»peu)b

3614 2591 45 16 was
3677 2583 78 24 vested
3772 2583 28 25 in.
3813 2583 39 23 the
3869 2582 75 27 Mines
3958 2583 157 30 Department,
4125 2583 45 26 wad

3613 2614 107 22 foresters
3730 2620 58 16 were
3796 2613 131 30 appointed.
3958 2613 75 28 Later,
4043 2613 129 29 operations

3613 2651 28 16 on
3652 2651 14 16 a
3675 2644 61 30 large
3745 2643 60 25 scale
3814 2651 60 19 wore
3887 2644 96 28 started,
3993 2643 45 26 and
4055 2642 63 26 theee
4131 2650 39 20 are

3612 2674 49 26 still
3671 2674 87 25 carried
3767 2682 36 16 on.
3832 2673 40 27 Mr
3881 2673 23 28 J?
3916 2674 27 27 &
3954 2673 91 30 Brown,
4061 2673 23 25 of
4098 2673 79 27 South-

3613 2705 124 28 Australia,
3758 2705 112 29 accepted,
3884 2705 40 24 the
3941 2707 57 26 poet;
4016 2705 24 22 of
4057 2704 113 27 Director-

3614 2735 95 23 General
3725 2734 24 23 of
3765 2733 58 25 New
3840 2734 72 28 South
3923 2734 76 26 Wains
4016 2734 97 28 Forests,
4125 2734 44 23 and

3612 2764 108 31 occupied
3730 2764 39 24 the
3778 2762 99 33 position
3892 2764 36 24 for
3943 2764 78 30 nearly
4036 2766 46 22 two
4091 2771 85 23 yeMfe,

3613 2795 65 25 when
3689 2795 27 25 he
3725 2795 50 26 left,
3806 2795 109 27 Previous
3930 2797 25 22 to
3972 2795 52 25 that
4038 2794 38 26 Mr
4090 2794 78 26 Perrin

3613 2834 46 15 was
3664 2826 122 30 appointed
3795 2826 149 25 Conservator
3951 2826 23 25 of
3980 2825 90 26 Forests
4075 2826 35 23 for
4114 2825 36 25 Tm-

3612 2856 82 28 mania,
3706 2856 73 23 which
3789 2856 62 23 offioe
3861 2856 28 23 he
3894 2855 53 24 held
3953 2855 36 24 for
3994 2858 46 21 two
4046 2855 44 23 and
4098 2855 75 24 a-half,

3611 2893 73 24 years,
3696 2885 114 32 resigning
3819 2887 24 22 to
3854 2885 53 24 take
3916 2885 63 24 office
3986 2884 71 26 under
4067 2885 39 25 the
4116 2884 51 26 Vic«

3613 2918 72 22 torian
3700 2917 159 23 Government.
3890 2916 73 24 Little
3978 2924 26 16 or
4017 2916 96 31 nothing
4127 2915 40 24 has

3611 2947 56 24 been
3675 2947 58 24 done
3736 2947 22 24 in
3767 2947 119 24 Tasmania
3890 2946 56 27 w&h
3954 2946 79 29 regard
4042 2948 23 23 to
4070 2946 98 30 forestry

3606 2985 92 28 proper,
3717 2978 73 28 owing
3800 2980 24 20 to
3835 2976 39 23 the
3888 2979 63 21 want
3966 2977 24 22 of
4005 2976 69 23 funds
4089 2976 78 25 rather

3606 3007 60 24 /than
3671 3009 29 21 .to
3706 3013 15 16 a
3730 3006 51 24 lack
3790 3006 24 23 of
3824 3006 138 30 recognition
3972 3005 23 24 of
4003 3006 40 23 the
4052 3006 114 29 country's

3610 3036 162 31 requirements
3788 3035 24 25 in
3830 3036 52 25 that
3896 3038 99 29 respect,,
4020 3034 109 27 Previous
4138 3037 30 26 ,to

3611 3067 37 24 Mr
3657 3067 100 25 Perrin's
3769 3067 85 25 arrival
3861 3067 25 24 in
3895 3066 178 27 YicUttiaState
4085 3067 83 25 foresta

3610 3098 46 23 had
3665 3098 56 23 been
3731 3098 144 29 proclaimed,
3892 3097 44 24 but
3948 3097 97 30 nothing
4053 3097 45 25 had
4111 3097 58 24 been

3610 3128 66 27 done,
3693 3128 39 22 the
3743 3126 103 24 reserved
3856 3126 66 24 lands
3930 3126 67 30 being
4010 3129 25 20 at
4045 3127 39 23 the
4093 3133 75 23 mercy

3611 3156 23 25 of
3643 3156 106 25 selectors
3758 3155 45 26 and
3813 3156 84 31 others,
3913 3156 50 25 who
3973 3154 54 27 used
4038 3155 137 30 tfee'foce*tfl'

3611 3189 35 23 for
3652 3189 64 23 their,
3719 3189 103 29 personal
3828 3188 132 29 advantage.
3977 3188 36 23 He
4019 3187 149 31 inaugurated

3612 3226 14 15 a
3632 3219 72 25 forest
3709 3218 114 24 branch*!
3831 3218 40 25 the
3877 3218 76 24 Lands
3959 3218 156 30 Department,
4122 3217 46 27 and

3612 3255 49 19 now
3668 3248 41 26 has
3715 3248 280 31 twenty-twoforestersat
4002 3247 108 25 workand
4117 3247 51 25 four

3612 3279 111 23 nurseries
3732 3279 76 30 going,
3817 3279 47 24 and
3878 3279 65 24 there
3959 3285 38 18 are
4010 3286 15 16 a
4033 3278 62 30 large
4104 3286 47 17 num-

3612 3310 39 22 ber
3661 3309 23 24 of
3694 3309 99 26 laborers
3802 3311 26 22 at
3843 3308 70 27 work.
3943 3308 37 25 He
3995 3308 113 31 generally
4115 3310 52 29 gets

3612 3347 29 19 an
3675 3333 149 38 unemployed
3853 3342 61 27 vote,
3922 3339 95 30 varying
4023 3339 146 29 from,£l,ooo

3613 3373 23 21 to
3646 3371 90 29 £3,000,
3748 3370 73 27 which
3831 3370 20 25 is
3859 3369 120 32 expended
3986 3370 23 24 in
4019 3369 78 32 giving
4105 3369 63 25 work

3612 3403 25 21 to
3660 3401 39 24 the
3723 3401 150 30 unemployed
3902 3400 24 23 of
3955 3399 139 26 Melboun*
4111 3401 54 28 city.

3612 3430 73 25 These
3694 3438 51 17 inen
3754 3437 39 18 are
3801 3432 52 24 sent
3862 3432 24 26 to
3896 3430 40 23 the
3944 3430 41 25 red
3993 3437 54 23 gum
4056 3429 113 26 forestaof

3613 3460 96 25 Barmah
3734 3460 45 24 and
3807 3460 136 29 Gunbower,
3971 3467 30 19 qu
4003 3460 4 29 ;
4010 3477 6 9 ,
4033 3460 39 24 the
4101 3460 69 26 River

3613 3491 105 30 Murray,
3736 3492 73 22 where
3833 3491 111 24 excellent
3967 3490 62 25 work
4054 3491 40 23 has
4113 3490 54 24 been

3613 3521 57 24 done
3699 3522 23 23 in
3758 3521 106 31 thinning
3896 3520 46 24 and
3975 3520 107 31 clearing,
4110 3528 60 16 some

3612 3552 79 29 40,000
3718 3559 63 17 acres
3808 3551 68 32 being
3903 3558 50 17 now
3988 3550 72 26 under
4087 3557 82 25 proper

3613 3582 128 27 conditions
3763 3582 35 24 for
3820 3582 118 31 obtaining
3965 3581 105 26 matured
4101 3583 66 26 trees.

3613 3613 72 23 There
3704 3620 39 17 are
3755 3612 87 26 several
3856 3612 209 31 plantations—one
4078 3614 26 23 at
4118 3611 51 25 You

3614 3642 92 32 Yaogv
3728 3643 75 25 where
3831 3643 59 25 close
3901 3651 6 11 s
3925 3650 35 17 on<
3986 3643 92 28 480,000
4110 3644 60 24 trees

3614 3674 57 22 have
3697 3672 56 24 been
3778 3673 93 30 planted
3897 3673 81 23 within
4004 3673 39 23 the
4066 3672 47 26 last
4118 3686 7 12 ■>
4133 3672 32 24 six-

3613 3710 65 24 years
3687 3711 8 20 ;
3717 3703 68 26 while
3803 3706 26 20 at
3851 3702 117 25 Havelock
3992 3702 44 23 and
4055 3702 111 24 Creswick

3613 3734 47 25 also
3669 3742 14 16 a
3692 3734 36 25 lot
3733 3733 30 26 of.
3772 3734 104 32 planting
3885 3733 44 25 has
3938 3732 59 28 been
4007 3732 71 29 done..
4103 3732 71 25 Wtttr

3614 3765 115 24 Australia
3739 3766 19 23 is
3774 3764 92 32 making
3881 3772 15 17 a
3911 3766 66 28 start,
3995 3763 45 25 and
4056 3764 48 25 will
4117 3771 38 24 pro-

3613 3796 68 27 bably
3696 3803 53 15 soon
3767 3796 57 22 have
3840 3795 96 29 forestry
3946 3794 128 30 operations
4087 3794 81 24 in.fuH

3614 3826 77 23 swing.
3793 3834 37 15 ;.■!>
3998 3831 36 18 Uflj
4059 3830 88 19 'jPijili'*'

3642 3879 67 35 THE
4042 3879 89 35 MAN.

3641 3963 25 26 It
3675 3964 19 25 is
3703 3964 100 33 singular
3812 3964 48 27 fact
3873 3964 24 26 in
3916 3963 131 26 connection
4057 3963 56 26 with
4129 3961 40 28 the

3613 3996 74 29 postal
3697 3996 101 30 delivery
3807 3999 85 28 system
3902 3997 52 23 that
3960 4003 17 16 a
3986 4002 54 22 very
4047 3996 62 29 large
4117 4001 38 21 pro-

3614 4026 89 27 portion
3711 4026 23 22 of
3743 4026 193 29 postmen—quite
3940 4031 41 17 one
3989 4025 47 25 hali
4040 4023 127 25 ftiasaid—

3613 4054 58 22 have
3681 4054 55 23 been
3750 4054 149 25 shoemakers.
3922 4053 81 27 'There
4016 4060 72 18 seems
4101 4055 24 22 to
4139 4052 28 25 be

3612 4091 30 16 no
3651 4086 49 22 sort
3709 4085 23 23 of
3747 4085 89 31 affinity
3845 4085 102 24 between
3963 4085 40 23 the
4019 4087 45 21 two
4074 4091 78 23 occupa-

3612 4115 67 29 tions,
3690 4115 44 24 but
3743 4115 19 25 it
3771 4116 20 23 is
3800 4113 99 27 asserted
3909 4115 54 24 that
3968 4121 42 17 one
4018 4119 77 27 yoUng
4103 4114 49 24 shoe-

3612 4145 78 24 maker
3700 4146 40 23 has
3749 4146 56 24 fired
3821 4147 39 23 the
3868 4146 110 25 ambition
3988 4145 24 24 of
4025 4145 95 26 another
4128 4144 43 28 till'

3612 4177 20 21 it
3651 4175 40 23 has
3704 4175 91 24 become
3805 4175 40 25 the
3863 4176 87 26 fashion
3965 4175 58 24 with
4041 4175 30 22 all
4090 4182 75 22 young

3611 4211 51 17 men
3672 4206 51 23 who
3732 4213 38 16 are
3789 4204 134 25 dissatisfied
3938 4204 57 24 with
4010 4204 39 24 the
4058 4207 43 21 awl
4119 4210 45 17 ana

3611 4236 45 24 last
3663 4239 24 20 to
3697 4236 52 24 seek
3760 4236 40 24 the
3809 4236 101 31 postbag.
3941 4232 72 28 There
4020 4235 19 24 is
4044 4242 29 17 an
4082 4234 82 24 almost

3611 4267 121 30 analogous
3751 4267 47 23 fact
3821 4267 23 23 in
3864 4267 40 23 the
3923 4273 49 17 case
3990 4265 24 24 of
4036 4265 39 24 the
4093 4264 71 25 Great

3610 4296 116 25 Northern
3736 4297 104 31 Railway
3850 4295 80 30 clerks,
3941 4295 40 26 the
3995 4295 72 31 lirger
4073 4292 92 35 proporj

3610 4327 48 24 tion
3668 4327 24 24 of
3710 4328 74 23 whom
3793 4328 75 24 either
3876 4335 61 16 come
3954 4326 57 24 from
4029 4325 132 29 Gibntham,

3610 4358 23 22 in
3644 4358 162 30 Lincolnshire,
3817 4366 25 16 or
3852 4364 59 18 some
3927 4357 66 25 Other
4010 4358 53 29 part
4081 4355 24 25 of
4123 4356 39 24 the

3609 4396 60 17 same
3695 4392 91 26 county.
3827 4387 110 25 Whether
3960 4388 21 23 it
4004 4386 27 24 be
4059 4387 105 30 contrary

3610 4419 24 21 to
3663 4418 137 29 regulations
3828 4425 26 15 or
3881 4418 48 27 not,
3962 4424 14 15 a
4007 4416 66 30 great
4100 4423 55 17 num.

3609 4446 40 25 ber
3658 4446 24 25 of
3701 4450 103 28 postmen
3819 4453 85 25 occupy
3914 4446 60 25 their
3991 4452 65 25 spare
4075 4446 55 24 time
4137 4446 26 24 in

3610 4478 91 30 making
3717 4486 26 15 or
3753 4478 113 31 repairing
3875 4477 65 28 shoes
3958 4476 37 26 for
4008 4476 60 24 their
4077 4476 85 26 friends

3608 4508 44 22 and
3672 4508 128 30 neighbors,
3811 4508 45 23 and
3874 4507 20 24 it
3913 4514 51 24 may
3974 4507 27 23 be
4020 4505 76 28 stated
4114 4510 25 19 aS
4148 4514 14 16 a

3608 4538 46 23 fact
3665 4538 51 23 that
3727 4539 38 22 the
3775 4538 135 24 authorities
3916 4537 60 24 wink
3986 4540 25 21 at
4021 4537 38 24 the
4067 4538 94 27 custom,

3608 4568 34 22 for
3652 4568 19 22 it
3681 4568 19 22 is
3710 4568 78 29 wisely
3798 4568 52 23 held
3861 4568 51 23 that
3922 4575 50 15 men
3982 4567 51 23 who
4042 4575 24 14 so
4078 4573 85 24 occupy

3607 4597 61 22 their
3677 4604 65 22 spare
3752 4598 55 22 time
3824 4599 82 21 cannot
3922 4599 25 21 at
3962 4597 57 23 least
4034 4596 28 24 be
4078 4596 23 24 in
4118 4600 44 25 any

3606 4629 48 21 sort
3663 4627 24 23 of
3700 4626 44 24 bad
3761 4634 109 23 company
3880 4634 26 16 or
3921 4626 89 31 subject
4025 4628 24 22 to
4068 4628 79 29 tempta-

3606 4657 55 22 tion.
4011 4657 3 22 ,
4040 4676 5 3 .

1717 95 233 46 MOUNT
1994 95 269 50 BMC.BR
2287 95 207 50 ;MAIL.

3516 109 177 27 SATURDAY,
3710 109 184 27 SEPTEMBER
3907 112 22 26 5,
3947 112 62 22 1896,

3598 5657 11 23 1
3617 5659 76 23 noted
3712 5659 45 25 and
3776 5662 120 30 published
3915 5662 31 34 by
3965 5664 40 26 the
4023 5667 140 32 proprietor*

3653 5690 61 25 Johu
3739 5692 148 31 Weatherall,
3917 5699 27 21 at
3971 5697 36 23 his
4035 5699 124 29 registered

3653 5721 102 30 printing
3778 5723 71 27 office,
3873 5725 108 26 Scotland
3999 5729 80 27 street,
4100 5728 45 28 Rox-

3653 5749 81 33 burgh,
3746 5752 81 31 Otago,
3839 5753 57 26 New
3909 5755 250 34 Zealand—Saturday.

3653 5780 236 38 Septembers,lß96,
3964 5780 4 38 ,

1868 5603 28 24 In
1915 5603 93 24 London
2028 5603 45 23 last
2091 5611 54 22 year
2164 5604 63 23 there
2246 5608 58 16 were
2319 5599 77 29 37,593

1840 5635 129 29 marriages,
1983 5634 90 28 133,715
2082 5634 82 29 births,
2171 5635 44 22 and
2223 5631 77 30 82,246
2308 5629 87 27 deaths,

1840 5672 25 15 as
1879 5663 119 32 compared
2013 5664 56 23 with
2079 5665 78 29 36,924
2167 5664 126 29 marriages,
2307 5660 89 29 131,454

1840 5695 81 27 births,
1933 5694 45 24 and
1988 5694 78 28 75,635
2076 5695 80 24 deaths
2166 5696 22 22 in
2200 5696 59 22 1894.

1868 5725 21 21 A
1900 5724 132 22 Melbourne
2042 5724 53 29 lady
2105 5725 50 23 who
2172 5725 39 22 has
2228 5724 54 22 been
2293 5720 103 29 teaching

1840 5753 87 24 French
1951 5753 35 24 for
2017 5761 13 15 a
2054 5753 121 25 livelihood
2204 5755 40 22 has
2271 5751 55 24 been
2355 5750 41 23 loft

1840 5785 97 33 £90,600
1946 5783 75 31 worth
2030 5784 24 27 of
2063 5786 108 33 property
2181 5785 23 28 in
2215 5782 128 29 Mauritius,

3595 4717 1 37 |
3632 4717 85 23 Citizen
3729 4719 32 26 (to
3771 4721 96 26 country
3880 4719 97 28 editor):
4092 4726 45 19 was
4147 4728 14 16 a

3604 4752 53 23 very
3671 4746 121 23 handsome
3806 4749 74 21 notice
3893 4755 46 22 you
3953 4756 56 22 gave
4025 4756 34 16 me
4074 4750 22 22 in
4113 4751 45 25 this

3602 4775 82 24 week's
3702 4783 76 25 paper,
3795 4776 89 30 Shears,
3901 4777 45 25 and
3964 4777 13 25 I
3991 4777 72 25 calto4
4082 4779 84 24 iu—to,

3601 4837 35 22 for
3650 4845 14 14 a
3796 4834 101 29 Citizeh:
4046 4843 24 21 to
4087 4848 37 17 see
4140 4841 19 23 if

3601 4872 44 22 you
3656 4866 44 22 had
3710 4874 28 15 an
3748 4867 38 23 old
3796 4874 58 23 copy
3863 4867 63 30 lying
3936 4869 70 23 about

3628 4895 70 24 Small
3713 4895 64 31 Boy:
3818 4897 53 29 Say,
3889 4904 36 23 pa,
3947 4897 90 25 teacher
4055 4899 50 25 said
4125 4903 22 21 to-

3601 4926 58 30 day:
3690 4926 90 30 'Study
3803 4926 65 30 hard,
3893 4928 62 31 boys,
3987 4928 54 24 time
4072 4929 86 26 flies.'"

3600 4956 98 32 Father:
3753 4958 62 29 Very
3838 4961 58 24 true,
3921 4966 39 22 my
4089 4961 70 24 Small

3600 4985 63 31 Boy;
3791 4987 45 23 and
3855 4995 14 16 a
3886 4988 61 24 little
3966 4987 68 28 while
4052 4989 60 26 after
4128 4991 29 24 he

3599 5016 49 23 said
3658 5022 5 17 i
3680 5017 76 22 'Time
3771 5017 74 23 leaves
3862 5019 139 29 footprints.'
4036 5020 67 28 Now,
4119 5029 38 23 pa,

3600 5046 50 23 how
3660 5053 40 18 cao
3710 5046 55 23 time
3775 5043 63 28 leave
3848 5048 122 31 footprints
3979 5049 21 23 if
4007 5049 20 25 it

3652 5076 12 23 I
3681 5076 63 23 don't
3757 5077 54 29 yike
3828 5085 55 23 you,
3903 5077 65 27 Aunt
4109 5081 49 26 said

3603 5105 94 30 Wilbur,
3715 5107 60 23 after
3790 5107 35 24 his
3841 5110 57 23 aunt
3907 5107 45 26 had
3967 5109 124 28 interfered
4101 5111 57 26 with

3599 5144 60 16 some
3669 5137 117 25 cherished
3800 5139 51 23 idea
3861 5139 28 24 he
3899 5139 46 25 had
3954 5140 24 24 in
3988 5142 70 24 mind.
4115 5144 43 22 An'

3599 5166 18 23 if
3632 5173 45 24 you
3697 5166 64 25 don't
3775 5168 34 23 let
3825 5175 36 18 me
3875 5169 67 25 alone
3957 5170 38 25 I'll
4009 5179 53 18 save
4078 5180 31 23 up
4120 5181 37 23 my

3598 5199 76 27 pottet
3683 5204 81 24 money
3773 5198 36 23 an'
3819 5198 48 31 buy
3871 5207 14 16 a
4029 5203 21 23 A
4060 5202 92 27 what!'

3599 5226 70 24 asked
3684 5227 35 24 his
3733 5231 64 22 aunt.
3853 5230 22 24 A
3990 5232 51 25 said
4057 5233 97 27 Wilbur.

3622 5257 44 24 An'
3677 5258 71 31 tapirs
3758 5259 56 31 they
3823 5264 50 21 eats
3882 5264 67 23 ants!
3954 5257 18 33 $

3625 5287 44 24 Old
3684 5288 110 24 Bachelor
3803 5299 5 14 :
3892 5299 46 22 you
3947 5297 82 26 expect
4039 5296 24 25 to
4073 5302 86 23 marry,

3597 5323 26 16 or
3632 5316 29 24 do
3670 5323 47 24 you
3726 5318 75 29 prefer
3811 5321 24 22 to
3844 5320 59 33 keep
3919 5329 58 24 your
3993 5322 92 32 liberty,
4102 5325 57 25 Mies

3598 5347 51 24 Van
3787 5349 57 25 Miss
3863 5350 51 25 Van
3934 5353 75 25 Sand:
4145 5365 14 15 a

3597 5384 46 16 unn
3653 5385 14 22 y
3677 5379 104 29 question
3792 5382 6 21 !
3827 5380 12 24 I
3849 5382 80 23 intend
3940 5385 24 22 to
3974 5383 29 24 do

3625 5408 55 23 Two
3688 5416 78 27 young
3775 5418 51 17 men
3835 5419 60 18 were
3909 5413 60 25 fined
3985 5415 37 24 10s
4037 5415 45 26 and
4100 5419 59 22 costs

3597 5439 35 23 for
3638 5439 76 32 riding
3724 5440 97 32 bicycles
3830 5450 29 17 on
3870 5442 40 27 the
3916 5444 106 32 footpath
4029 5446 129 28 atOamaru

3597 5476 28 16 on
3636 5469 85 32 Friday
3731 5471 51 24 last.

3625 5499 120 26 Customer
3752 5503 103 32 (reading
3861 5504 75 26 bni.of
3943 5506 69 31 fare}:
4049 5508 93 32 Oysters
4153 5511 6 23 !

3597 5530 63 30 Hm,
3670 5534 90 26 oysters
3775 5540 38 17 are
3832 5537 41 21 not
3892 5535 131 28 considered
4039 5539 57 26 good
4112 5540 47 25 this

3736 5563 89 26 Waiter
3833 5574 6 15 :
3971 5567 73 33 right*
4058 5570 41 30 sir,
4116 5571 43 25 but

3597 5598 52 18 ours
3660 5600 58 17 were
3728 5594 43 25 left
3780 5603 54 17 over
3843 5596 59 26 from
3911 5598 46 26 last
