2499 3980
657 600 111 32 PORT
789 602 255 40 NICHOLSON,
1069 606 260 33 WEDNESDAY
1351 611 212 37 MORNING,
1584 615 108 30 JUNE
1715 620 49 31 28,
1791 620 77 28 1843

592 485 219 39 PUBLISHED
856 488 131 38 EVERY
1032 492 251 37 WEDNESDAY
1327 494 88 38 AND
1462 497 226 38 SATURDAY
1733 501 203 38 MORNING.

2245 599 166 64 [voe7iv:

104 596 63 30 No.
190 596 89 39 258:]

26 85 2430 159 THE

26 244 384 72 NEW
538 244 895 72 ZEALAND
1561 244 895 72 GAZETTE

26 316 2430 71 AND

26 387 972 72 WELLINGTON
1095 387 292 72 AND
1484 387 972 72 SPECTATOR.

183 690 56 20 For
261 690 117 20 London
402 690 94 25 direct,

216 724 30 19 To
253 723 44 20 tail
306 724 23 19 in
338 724 31 19 all
375 724 90 25 August,

90 754 74 34 \fj3EiL
214 759 93 29 rpiHE
334 760 46 21 fine
410 760 43 21 fast
475 761 87 27 sailing'
584 762 37 21 brit

79 781 108 39 jjj&jskw
221 785 30 22 JL
357 788 178 25 NELSON,

70 809 136 37 JJOJf^y
227 812 88 27 George
338 813 115 23 Maclaren
478 818 87 24 master,
588 816 33 22 wil

53 837 156 36 afflEaGsJpr*
226 838 41 22 sa^
276 846 8 14 *
286 846 14 15 n
310 846 12 14 a
323 839 17 33 H
350 840 96 27 August.

53 861 157 30 SaSSSSP
254 866 43 21 For
312 866 88 27 freight
409 874 25 15 or
451 875 99 20 passage,
572 868 49 28 earlj

224 892 137 28 application
369 894 20 21 is
401 901 118 21 necessary
529 899 23 17 to

362 926 84 22 Waitt
460 927 45 22 and
520 928 84 22 Tyser.

75 953 143 29 Wellington,
230 956 59 22 June
301 958 32 26 15,
345 959 60 21 1843.
417 968 3 5 •

251 1032 8 8 t
272 1008 129 22 Caution.

47 1039 90 34 rpHE
151 1039 152 28 undersigned
318 1040 84 28 hereby
416 1042 51 26 give
482 1044 82 25 notice,
583 1044 38 21 thai

54 1063 29 23 JL
121 1072 43 20 any
174 1066 83 21 Person
270 1073 24 14 or
309 1067 93 22 Persons
418 1068 70 22 found
504 1071 87 25 cutting
606 1078 15 13 oi

46 1093 114 26 removing
176 1100 45 19 any
238 1093 91 22 Timber
341 1094 59 21 from
419 1094 89 23 Section
526 1096 42 21 No.
579 1098 13 19 3
608 1101 13 16 al

46 1117 45 23 Kai
107 1118 77 23 Warra
199 1119 85 28 Warra,
300 1120 57 21 from
373 1120 45 22 and
438 1121 57 22 after
512 1122 43 21 this
571 1122 50 26 date,

45 1144 44 22 will
99 1145 27 21 be
136 1145 135 22 Prosecuted
288 1146 120 28 according
423 1154 24 15 as
463 1148 38 21 the
514 1148 53 22 Law
578 1156 43 20 may

46 1171 78 22 direct.

417 1201 63 21 John
496 1201 103 23 Salmon.

72 1224 59 22 June
143 1227 33 25 23,
188 1227 61 21 1843.

166 1278 118 20 Wanted
298 1280 29 18 to
343 1279 157 27 Exchange,

45 1312 49 45 A
108 1308 146 23 COUNTRY
277 1310 139 26 SECTION,
433 1310 42 22 No.
494 1312 28 21 37
540 1318 29 15 on
590 1311 31 22 the

122 1336 129 26 Surveyor's
269 1336 64 27 Plan,
350 1336 82 22 chosen
450 1337 29 27 by
497 1338 46 21 Mr.
562 1338 59 21 Child

44 1366 23 17 at
82 1362 37 21 the
134 1362 136 26 Manawatu,
286 1362 35 21 for
336 1370 28 14 an
383 1363 130 22 unselected
528 1365 93 27 Country

44 1389 88 22 Section
141 1389 24 20 in
175 1388 38 21 the
224 1388 58 22 First
293 1390 139 23 Settlement.
460 1390 76 28 Apply
547 1394 22 18 to

328 1423 34 21 W.
379 1421 28 23 V.
423 1423 107 27 Brewer,
547 1424 52 27 Es,q.

71 1449 112 28 February
194 1450 33 25 17,
240 1451 60 21 1843.

46 1500 87 49 FOR
147 1500 85 26 SALE,
249 1507 28 14 ex
291 1500 116 26 Margaret,
418 1501 48 26 &c,

116 1528 26 19 25
157 1528 77 20 tierces
244 1527 56 26 beef,

71 1554 13 21 3
98 1555 49 20 tons
157 1553 94 22 colonial
262 1553 52 28 hay,

72 1581 13 20 3
98 1582 49 19 tons
159 1580 59 22 Siam
228 1587 73 21 sugar,

71 1603 33 25 30'
111 1606 83 22 barrels
204 1604 85 25 bottled
299 1606 41 28 ale,

72 1634 27 21 50
111 1633 68 22 boxes
188 1636 43 20 tea.

70 1661 28 20 50
112 1660 38 21 ash
164 1667 55 19 oars,

71 1688 27 20 30
111 1689 49 19 tons
169 1687 56 27 coal,

72 1713 57 26 Port,
140 1714 83 27 sherry,
235 1714 44 22 and
294 1714 101 22 Madiera
404 1715 24 21 in
443 1715 76 26 bottle,
530 1715 91 21 Ruther-

44 1740 49 21 ford
103 1740 42 21 and
155 1740 94 28 Drury's
258 1741 77 27 brand,

71 1766 98 28 Liquers,
179 1767 25 21 in
213 1768 71 21 dozen
296 1775 67 19 cases,

71 1793 147 28 Champagne,

70 1820 96 26 Brandy,
176 1827 57 19 rum,
245 1821 43 21 and
297 1821 38 27 gin
344 1822 24 21 in
379 1821 72 27 hhds.,

68 1848 28 19 30
110 1849 47 18 tons
167 1847 49 21 best
225 1848 92 27 Sydney
328 1848 64 26 flour,

72 1874 27 21 50
111 1876 50 18 tons
171 1873 87 22 Chilian
268 1874 64 27 flour,
345 1882 28 14 ex
385 1876 103 24 Cheerful.

355 1909 83 22 Waitt
451 1910 44 22 and
510 1910 86 22 Tyser.

139 1952 9 9 r
179 1957 5 9 i
184 1957 87 25 SDLD,
274 1957 12 4 J
286 1957 24 21 in
322 1956 45 23 Tots
378 1959 27 21 \b

104 1983 39 21 the
157 1983 71 21 whole
246 1984 25 20 of
281 1987 59 19 town
356 1992 50 14 acre
421 1985 44 21 No.
477 1987 47 24 134,
541 1992 28 14 on
585 1985 36 21 the

39 2009 52 27 plan
102 2009 25 21 of
129 2008 38 22 the
171 2009 67 21 Town
246 2009 24 21 of
273 2009 142 28 Wellington,
421 2011 83 26 having
510 2011 111 27 frontages

39 2039 23 17 to
71 2035 189 22 Taranaki-street
269 2036 45 20 and
324 2037 194 26 Ingestrie-street.
547 2039 74 21 Terms

37 2062 84 21 liberal.
150 2062 75 27 Apply
235 2066 23 17 to

375 2090 34 22 W.
421 2090 28 22 V.
460 2091 107 27 Brewer,

431 2123 190 22 Manners-street.

287 2176 90 20 Seeds.

42 2210 69 48 ON
122 2210 84 27 SALE,
217 2213 24 18 at
249 2210 38 21 the
298 2211 84 19 Gazette
388 2211 77 27 Office,
473 2211 21 21 in
502 2212 119 27 quantities

117 2240 21 18 to
145 2237 44 21 suit
197 2237 139 27 purchasers,
347 2237 36 22 the
394 2237 111 28 following
515 2239 63 21 seeds
587 2246 5 14 :—:
595 2250 26 4 —

67 2270 73 22 Sword
149 2270 107 28 long-pod
266 2270 65 28 bean,

67 2302 116 27 Long-pod
193 2300 65 29 bean,

68 2335 106 28 Speckled
185 2335 72 22 dwarf
263 2335 84 28 kidney
357 2336 64 28 bean,

68 2367 70 22 Broad
147 2368 66 26 bean,

68 2399 72 22 Horse
148 2400 66 26 bean,

68 2427 81 21 Scarlet
159 2433 90 18 runner,

67 2453 65 27 Early
141 2453 110 22 Warwick
260 2460 49 20 pea,

67 2479 66 28 Early
142 2480 116 21 Mazarine
267 2488 49 19 pea,

68 2506 100 22 Prussian
180 2507 50 21 blue
241 2514 48 20 pea,

67 2533 105 22 Nonsuch
181 2540 49 21 pea,

67 2559 54 23 Blue
129 2559 101 28 imperial
239 2567 49 20 pea,

67 2586 91 27 Spanish
166 2586 73 22 dwarf
244 2594 50 20 pea,

67 2612 68 27 Large
145 2613 97 28 cabbage
252 2614 89 27 lettuce,

66 2639 129 23 Drumhead
204 2640 98 27 cabbage
312 2641 90 28 lettuce,

66 2666 100 27 Cabbage
176 2666 89 27 lettuce,

65 2691 71 23 White
147 2693 78 22 selesia
234 2694 88 27 lettuce,

66 2718 77 24 Brown
152 2720 120 22 and-white
281 2728 50 19 goss
341 2721 88 28 lettuce,

65 2745 111 23 Battersea
188 2747 105 27 cabbage,

66 2771 127 23 Drumhead
202 2774 106 27 cabbage,

65 2798 47 22 Red
121 2799 76 23 Dutch
207 2801 106 26 cabbage,

65 2825 90 23 Puller's
164 2826 60 28 early
234 2827 104 28 cabbage,

65 2851 70 23 Vanal
145 2853 105 28 cabbage,

65 2878 102 23 Prussian
176 2880 67 22 white
253 2881 81 28 turnip,

64 2904 83 24 Yellow
156 2907 78 22 Swede
244 2908 80 27 turnip,

64 2931 78 28 Purple
148 2937 39 24 top
197 2934 78 22 Swede
284 2935 80 27 turnip,

63 2958 72 22 White
145 2963 63 20 stone
218 2961 82 28 turnip,

63 2984 73 23 White
145 2986 57 22 horn
211 2987 82 28 turnip,

63 3011 70 22 Silver
140 3012 80 22 leaved
228 3013 60 27 beet,

62 3037 54 23 Red.
119 3038 57 26 beet,

61 3063 74 22 White
144 3064 59 27 beet,

62 3090 107 26 Mangold
178 3092 99 29 wurtzel,

61 3115 140 28 Altrmgham
213 3121 78 23 carrot,

61 3142 68 28 Early
137 3143 55 22 horn
202 3147 79 23 carrot,

61 3169 64 27 Long
133 3177 81 20 orange
225 3173 79 25 carrot,

60 3195 78 23 White,
143 3197 107 27 mustard,

61 3222 80 23 Curled
150 3231 64 19 cress,

60 3250 63 27 Long
131 3250 80 23 scarlet
219 3250 82 28 radish,

60 3276 72 23 White
140 3277 74 28 turnip
223 3276 83 28 radish,

60 3302 47 23 Red
115 3304 75 27 turnip
198 3303 83 29 radish,
409 3309 29 21 <y>

60 3329 130 28 Strasburgh
199 3330 78 28 onion,

60 3355 76 23 Brown
147 3356 97 28 Spanish
254 3358 72 27 onion,

60 3382 95 28 Parsnip,
189 3400 3 5 ,

60 3409 79 22 Curled
147 3409 96 29 parsley,

60 3435 72 23 Green
143 3436 76 24 curled
232 3436 80 24 endive

59 3462 106 23 Batavian
174 3462 88 28 endive,

60 3488 66 28 Leek,
566 3505 5 5 .
595 3504 6 3 -

60 3514 131 29 Asparagus,
201 3528 11 5 -

60 3540 41 23 Sea
109 3542 52 27 kail,

60 3567 69 22 Globe
140 3573 85 25 savoys.

61 3593 77 23 Curled
147 3595 92 25 brocoli,

60 3618 47 23 Red
115 3621 56 21 solid
180 3621 74 28 celery
263 3622 46 22 and
318 3622 66 23 white
395 3624 79 29 celery,

61 3645 98 27 Summer

60 3671 81 23 Winter
150 3681 85 20 savory,

60 3697 59 29 Sage,
620 3702 2 19 i

59 3723 89 29 Thyme;
187 3730 5 11 •

60 3749 97 25 Brussels
165 3756 91 25 sprouts,

59 3775 88 30 Borage,

59 3802 110 31 Angelica,

60 3828 85 29 Salsafy,
236 3834 17 17 ,'
491 3848 4 3 .
524 3828 4 6 '
551 3836 4 8 <
618 3831 3 5 '

60 3855 71 28 Swell,
251 3855 12 14 *

60 3880 114 31 Lavender,

693 692 66 21 Just
781 695 114 24 opened,
911 696 54 19 and
980 696 42 21 for
1044 698 59 20 Sale
1125 698 37 26 by
1175 699 44 20 the

861 722 195 26 undersigned,

667 752 250 35 GENTLEMEN'S
938 755 144 28 Wellington,
1100 757 63 28 drab,
1183 758 60 21 black

667 779 45 21 VJ
748 781 86 25 button,
844 780 46 21 and
900 781 106 23 Clarence
1015 783 71 27 boots,

691 804 104 28 Blueber,
808 806 112 27 Oxonian,
932 808 44 21 and
990 809 58 26 light
1063 810 94 27 walking
1173 811 70 26 shoes,

693 831 107 27 Working
809 832 70 22 men's
889 833 75 23 nailed
976 834 50 22 half
1033 836 69 27 boots,

691 857 68 27 Boys'
770 858 64 22 shoes
843 860 45 21 and
898 863 59 19 stout
966 861 49 21 half
1022 862 69 27 boots.

692 884 67 22 Girls'
776 885 43 21 and
833 886 120 23 children's
970 887 65 23 shoes
1045 889 45 22 and
1100 890 60 22 cloth
1168 890 75 22 button

663 910 70 27 boots,

690 937 90 22 Ladies'
808 939 59 21 cloth
897 940 70 27 boots,
995 941 154 23 double-soled
1172 943 69 26 shoes,

663 963 113 28 Morocco,
787 964 87 28 lasting,
884 966 45 22 and
939 967 85 22 French
1036 972 74 24 carpet
1119 969 96 27 slippers,

689 990 48 21 The
757 992 70 21 above
843 993 88 22 articles
946 1001 37 14 are
1003 995 26 20 of
1044 1002 13 14 a
1076 1002 53 21 very
1148 995 95 28 superior

663 1016 141 28 description.
1105 1024 3 8 '

689 1043 37 21 An
736 1047 131 19 assortment
877 1046 26 21 of
910 1047 131 27 Stationery,
1053 1048 120 27 consisting
1182 1049 31 21 of:
1215 1059 27 4 —

688 1069 59 27 Post,
760 1070 58 21 bank
829 1072 42 21 and
881 1072 97 28 foolscap
988 1081 75 24 paper,

688 1095 81 27 Demy,
782 1096 100 28 blotting,
894 1099 43 21 and
950 1100 100 26 imperial
1062 1108 45 20 cap,

688 1122 172 23 Memorandum
870 1125 75 27 books,
957 1127 106 26 assorted,

690 1148 90 26 Oblong
789 1148 90 28 clasped
886 1151 75 27 pencil
970 1152 75 27 books,

688 1174 91 21 Collins'
789 1175 113 28 indelible,
914 1178 106 26 assorted,

686 1200 106 23 Account
801 1202 75 28 books,
888 1204 57 21 from
956 1212 43 14 one
1009 1206 63 26 quire
1083 1207 106 27 upwards,

687 1227 95 27 Wafers,
793 1229 85 27 sealing
889 1237 54 20 wax,
957 1232 44 21 and
1010 1232 41 21 ink
1060 1233 104 27 powders,

686 1253 92 22 Artist's
788 1256 91 27 pencils,
886 1253 59 31 goo
944 1253 20 31 4
955 1258 93 27 writing,
1055 1260 44 21 and
1110 1261 130 25 carpenter's

660 1280 68 27 leads,

688 1307 60 20 Steel
758 1314 55 20 pens
823 1308 43 21 and
876 1317 43 19 pen
931 1310 94 27 holders,

688 1334 24 20 11
724 1334 51 21 doz.
787 1335 89 22 Smith's
887 1343 56 20 copy
952 1337 61 27 slips,

688 1359 99 23 Gillott's
796 1361 74 22 school
881 1370 61 20 pens,
954 1364 71 26 quills,

686 1386 132 28 Envelopes,
831 1389 100 22 national
940 1390 75 21 school
1024 1390 71 28 slates,

686 1413 82 27 Coffee,
780 1417 41 24 tea,
833 1415 41 21 and
885 1416 85 22 refined
980 1424 72 20 sugar,

686 1439 75 22 Prime
772 1441 56 21 Cork
838 1442 74 22 butter
921 1444 22 20 in
953 1443 83 27 firkins,
1049 1452 24 14 or
1082 1445 30 27 by
1121 1445 37 22 the
1168 1446 70 22 dozen

659 1466 92 27 pounds,

684 1493 28 21 40
726 1493 83 22 barrels
818 1495 109 27 superfine
936 1496 121 23 American
1069 1498 62 27 flour,

686 1519 120 22 American
816 1521 110 28 chopping
936 1529 58 21 axes,
1006 1524 48 22 iron
1066 1528 35 18 lea
1109 1524 85 29 kettle's,

684 1547 14 19 5
712 1550 50 18 cwt.
783 1547 50 22 Rod
836 1548 70 22 wav's
924 1554 78 22 patent
1025 1550 63 23 horse
1112 1551 66 22 shoes-
1194 1552 43 23 and

656 1572 63 27 nails,
1240 1573 3 8 ''

685 1598 75 23 Hall's
769 1600 60 26 glass
837 1602 142 28 gunpowder,
987 1603 88 27 powder
1084 1604 73 28 flasks,

685 1625 67 28 Ivory
776 1627 94 22 handled
898 1636 81 20 razors,
1005 1630 128 23 Cowovan's
1154 1632 82 22 Canton

656 1658 63 15 razor
727 1653 136 28 sharpeners,

684 1679 118 28 Crockery,
818 1681 115 27 including
951 1682 86 28 dinner,
1057 1684 116 28 breakfast,
1192 1686 43 21 and

656 1707 37 19 tea
703 1706 102 27 services,

683 1731 55 23 Fine
749 1736 38 18 cut
796 1733 106 23 tumblers
912 1736 44 21 and
966 1737 57 20 wine
1032 1737 89 27 glasses,

684 1758 93 28 Pickles,
789 1760 92 27 vinegar
895 1762 23 21 in
934 1762 65 27 pints,
1010 1763 73 22 lemon
1095 1764 68 27 juice,
1174 1765 60 22 salad

656 1785 37 26 oil,
704 1792 83 21 capers,
798 1794 83 19 sauces,
891 1789 105 27 mustard,
1008 1790 61 27 pearl
1081 1790 83 28 barley,
1175 1799 57 19 sago,

656 1812 103 27 oatmeal,
771 1813 45 22 and
826 1815 92 26 tapioca,

682 1838 70 22 Fresh
762 1840 85 22 salmon
858 1841 44 21 and
912 1849 64 20 soups
985 1842 24 21 in
1018 1844 112 27 canisters,

682 1865 111 23 Hockins'
804 1870 76 23 patent
889 1868 86 22 seidlitz
984 1869 24 21 in
1020 1870 105 28 powders,

682 1892 58 20 Soda
750 1893 45 21 and
802 1894 80 27 ginger
891 1895 54 22 beer
953 1896 105 27 powders,

681 1918 168 28 Ra&pberryade
860 1921 45 21 and
915 1922 146 22 Cheltenham
1071 1923 59 27 salts,
1229 1937 5 12 ;

659 1945 103 22 —Steer.'*
1025 1956 20 15 ~j
1045 1957 12 9 M
1057 1949 45 21 >,-.£
1102 1957 31 14 MV
1133 1943 110 30 -X>eiJ»j:':iL

653 1968 144 26 carminitive,

681 1994 81 21 Brown.
771 1995 110 27 Windsor,
892 1996 73 27 fancy,
976 1997 44 21 and
1030 1997 91 27 shaving
1131 2005 68 20 soaps,
1236 2002 2 4 '

681 2020 97 22 Essence
792 2022 26 21 of
829 2023 85 26 ginger,
929 2022 86 28 brandy
1028 2024 84 27 bitters,
1129 2025 104 22 aromatic

653 2046 99 28 vinegar,
764 2048 162 22 inexhaustible
936 2050 70 26 salts,.

681 2073 137 22 Permanent
825 2075 45 27 ink,
883 2076 103 27 scouring
996 2076 71 28 drops,
1077 2077 95 27 pastiles,

682 2100 46 21 Salt
739 2100 26 21 of
771 2101 89 27 lemons,
872 2106 63 18 court
943 2103 97 27 plaister,

681 2126 119 23 Lavender
809 2131 67 19 water
886 2129 48 21 Eau
945 2136 26 14 ac
982 2130 104 27 Cologne,

681 2153 68 22 Bears
758 2161 82 20 grease,
853 2155 50 21 cold
913 2163 79 20 cream,
1005 2164 108 14 macassar
1124 2158 35 25 oil,
1171 2158 62 22 tooth

653 2180 95 26 powder,
760 2182 47 20 &c.

681 2206 88 22 Ladies'
785 2208 86 21 tortoise
888 2208 55 22 shell
959 2209 47 21 side
1023 2211 82 26 combs,
1126 2211 105 27 dressing,

653 2233 45 20 and
707 2233 65 22 small
783 2235 60 20 tooth
855 2236 82 21 combs.

681 2259 65 27 Hair,
776 2261 67 27 tooth,
874 2263 53 25 vail,
956 2262 100 28 shaving,
1081 2264 44 21 and
1153 2264 81 22 clothes

652 2286 100 27 brushes,

681 2312 78 28 Slates,
771 2314 56 22 slate
834 2315 88 27 cistern,
932 2316 98 26 hearths,
1042 2316 103 27 chimney
1156 2318 76 27 pieces,

681 2340 80 21 Hones
771 2341 43 22 and
824 2342 103 26 chimney
936 2346 55 24 pots,

680 2366 55 22 And
750 2374 118 16 numerous
884 2369 63 21 other
962 2369 94 27 articles,
1068 2370 71 22 which
1150 2371 42 21 will
1206 2371 27 22 be

653 2392 47 23 sold
710 2401 54 20 very
774 2394 49 28 low,
834 2396 33 21 for
878 2396 52 21 cash
940 2396 59 27 only,
1011 2396 30 28 by

876 2430 22 21 J.
914 2430 160 27 BODDINGTON,

746 2455 110 22 Lambton
866 2457 72 26 Quay,
949 2464 54 14 near
1013 2457 38 22 the
1060 2458 53 21 Post
1123 2458 76 27 Offico,
1210 2467 24 14 or

874 2494 77 22 James
965 2495 110 27 Jackson,

1009 2529 110 21 Lambton
1135 2529 69 27 Quay.

679 2554 61 22 June
749 2556 21 25 2,
783 2556 59 21 1843.

837 2609 43 20 Ex

653 2646 104 36 (\6l(l
787 2648 99 22 BAGS
916 2648 98 27 RICE,

785 2674 42 21 350
840 2675 54 27 bags
904 2675 45 22 fine
959 2675 66 22 white
1036 2683 71 20 sugar,

785 2702 41 20 900
840 2701 54 27 bags
903 2702 77 21 brown
988 2709 74 20 sugar,

679 2727 40 20 150
733 2726 54 27 bags
796 2727 76 27 coffee,

679 2754 90 24 150,000
783 2754 96 23 Manilla
889 2755 77 27 cigars,
978 2756 42 21 No.
1030 2757 22 25 3,

677 2780 28 21 50
719 2787 63 14 cases
790 2780 47 27 gin,

677 2808 27 19 25
719 2806 65 23 casks
793 2814 49 15 rrutm
843 2824 9 10 t

678 2833 57 22 Teas
745 2834 26 21 of
782 2833 49 22 first
846 2834 92 28 quality,
950 2835 42 22 viz.
994 2847 28 4 —
1023 2843 79 21 congo,
1114 2838 116 27 souchong,

650 2859 126 28 pouchong,
787 2860 78 28 pekoe,
873 2861 47 22 and
929 2863 143 27 gunpowder,

678 2886 97 22 Manilla
784 2894 59 20 ropp,
855 2888 99 22 assorted
964 2890 63 26 sizes,

679 2913 93 28 Pepper,
784 2914 125 27 cinnamon,
921 2916 40 21 &c.
971 2918 41 19 &c.

830 2949 130 27 RIDGWAYS,
978 2950 107 27 GUYTON,
1100 2951 21 21 &
1135 2951 69 22 EARP.

677 2980 141 28 Wellington,
827 2982 56 28 May
894 2983 33 26 17,
938 2984 61 21 1843.

704 3033 40 20 To
761 3034 81 20 stand
856 3036 30 19 to
902 3040 80 15 cover
1002 3034 56 21 this
1072 3041 106 21 season,

809 3069 32 19 At
848 3069 141 25 Berhampore
1000 3070 72 26 Fatm,

651 3101 44 46 1^
699 3100 44 21 HE
770 3101 50 22 well
846 3102 81 23 known
955 3103 111 27 thorough
1088 3104 55 22 bred
1169 3106 60 21 horse

677 3144 9 3 .
714 3126 98 28 FiGAno,
823 3128 37 23 tlie
869 3132 106 24 property
984 3130 26 21 of
1016 3130 78 22 James
1103 3131 67 27 Watt,
1179 3132 50 27 Esq.

677 3152 82 27 Figaro
768 3160 43 15 was
820 3153 75 23 foaled
903 3156 25 21 in
937 3156 133 26 December,
1086 3158 59 26 1837,
1156 3162 38 24 got
1203 3159 26 27 by

650 3179 117 27 Operator,
779 3179 52 22 dam
843 3181 107 22 Adelaide
959 3182 33 26 by
999 3183 103 23 Teorum.

677 3205 112 28 Operator
796 3213 45 15 was
851 3207 76 22 foaled
935 3208 24 21 in
972 3210 60 26 1832,
1043 3213 40 23 got
1091 3211 31 26 by
1131 3211 98 27 Emilius,

649 3231 52 22 dam
711 3232 123 23 Worthless
843 3233 30 28 by
884 3234 97 28 Walton,
992 3238 40 19 out
1040 3236 26 22 of
1074 3237 119 23 Altisidora
1201 3238 29 27 by

649 3258 60 21 Dick
718 3259 118 22 Andrews.

676 3289 74 29 Every
758 3291 105 23 attention
874 3292 46 22 will
933 3293 29 21 be
976 3293 53 28 paid
1039 3297 23 19 to
1070 3302 72 15 mares
1151 3299 48 19 sent
1208 3299 20 19 to

648 3316 55 22 him.

676 3343 105 27 Charges,
806 3344 54 23 with
882 3349 128 25 guarantee,
1036 3355 67 16 seven
1127 3349 89 26 guineas
1224 3356 3 20 ;

648 3370 93 22 without
756 3375 128 25 guarantee,
903 3373 43 23 five
961 3373 101 28 guineas,
1072 3382 117 20 groomage
1197 3375 30 23 in-

648 3396 95 27 cluded..

675 3429 144 29 Wellington.
831 3433 98 22 October
936 3435 35 25 25,
982 3436 61 21 1832.

782 3502 2 4 .
820 3483 45 21 *J.
880 3485 40 20 M.
935 3485 108 26 Taylor,
1108 3489 16 26 >,

661 3514 152 26 LIQENSED
838 3516 239 26 CUSTOM-HOUSE
1098 3519 115 28 AGENT,

892 3553 29 19 T>3
935 3557 52 15 ABO.
1081 3543 17 33 /

647 3589 72 49 ON
734 3591 85 23 SALE,
826 3593 157 30 nfcJ^Sjamra
990 3596 29 21 of
1020 3586 206 36 ti/undersigned,

753 3649 76 27 Flour,
903 3667 5 4 ,
1020 3646 18 29 (

701 3687 19 8 -
754 3676 62 26 Rice,
1024 3675 8 29 \

752 3702 78 26 Sugar,
1022 3706 7 16 /

751 3728 97 28 Brandy,
1019 3734 5 16 l

751 3754 90 23 Bottled
850 3754 35 23 ale
895 3756 42 27 aiu}
947 3760 85 24 porteif,
1044 3758 99 28 Dunbar,

884 3789 97 23 Thoma«
996 3790 41 22 Ml
1049 3791 147 24 Machattje:

658 3819 77 27 ■April
743 3819 20 28 7,
776 3822 60 21 1848.
905 3840 4 3 .
1029 3814 14 28 \

648 3868 86 22 TUST
748 3869 133 26 OPENED,
888 3870 44 23 and
942 3877 29 15 on
981 3871 51 22 Sale
1038 3874 28 18 at
1074 3871 36 23 the
1121 3873 70 22 Qffica
1200 3874 26 21 of

640 3897 29 18 «/
704 3894 44 25 this
758 3895 78 28 Paper,
844 3895 41 23 ink
895 3896 76 23 stands
980 3897 27 22 of
1011 3898 89 22 various
1110 3899 61 22 siz«s.

1351 703 105 21 Nelson
1469 704 181 28 Preliminary
1664 707 116 22 Section.

1276 734 92 47 MR.
1392 735 220 24 FITZHERBERT
1638 738 41 22 has
1701 739 102 22 received
1824 741 21 21 in-

1357 762 118 22 structions
1485 766 23 18 to
1518 762 55 22 offer
1581 764 32 21 for
1622 765 75 28 public
1707 766 138 26 competition

1267 785 5 13 '
1451 797 62 20 XSO
1544 797 132 24 ACRES

1265 819 37 23 .of
1312 820 70 22 Rural
1392 821 66 22 Land
1466 822 23 21 in
1502 823 38 21 the
1550 823 84 24 Nelson
1646 826 132 25 settlement,
1789 827 56 24 beins

1263 846 61 22 'No.
1340 848 17 20 3
1366 848 24 21 in
1401 848 71 22 Order
1483 849 26 21 of
1515 849 90 23 Choice.

1263 886 4 3 ■
1302 873 22 21 It
1332 873 19 21 is
1371 874 111 23 sufficient
1498 879 23 18 to
1537 883 39 20 say
1586 877 47 22 that
1649 879 45 21 Mr.
1704 879 101 27 Tuckett,
1817 880 28 23 the

1260 920 4 4 .
1274 899 117 28 Surveyor,
1401 901 20 21 is
1437 902 128 22 authorised
1580 907 23 18 to
1609 902 2 6 '
1618 905 70 21 select
1695 905 43 22 this
1754 906 91 23 valuable

1264 937 3 18 ;
1371 934 226 24 PRELIMINARY
1621 938 137 28 SECTION,

1326 959 73 23 which
1417 962 46 21 will
1478 963 106 28 probably
1601 964 28 22 be
1645 966 64 21 made
1723 966 24 22 in
1763 966 36 22 the

1272 992 84 22 COAL
1377 994 145 24 DISTRICT
1537 997 39 21 OF
1597 998 164 23 MASSACRE
1781 1000 64 22 BAY.

1298 1020 48 20 The
1357 1020 49 22 Sale
1418 1021 45 21 will
1471 1022 51 22 take
1532 1023 62 26 place
1605 1031 28 14 on
1640 1025 108 27 Tuesday,
1758 1026 36 22 the
1801 1027 44 22 27th

1262 1068 3 4 .
1272 1046 66 26 June,
1347 1049 23 18 at
1379 1053 43 15 one
1432 1047 91 27 o'clock,
1531 1052 23 18 at
1563 1049 38 21 the
1609 1050 152 23 Auctioneer's
1770 1060 75 20 rooms,

1259 1092 6 13 (
1262 1072 36 21 *of
1305 1072 72 22 whom
1387 1073 85 22 further
1479 1075 132 26 particulars
1620 1083 52 21 may
1681 1077 27 22 be
1719 1078 110 23 obtained.

1258 1117 7 9 »
1464 1113 76 14 TERMS
1554 1115 30 13 AT
1598 1115 62 14 SALE.

1299 1135 55 27 May
1363 1137 33 22 26,
1409 1138 60 20 1843.

1267 1180 186 48 WANTED,
1477 1189 14 14 a
1511 1182 95 22 Servant
1628 1184 27 22 of
1674 1183 115 30 All-work,
1814 1191 31 18 not

1366 1207 71 22 under
1449 1209 33 21 20.
1512 1209 22 21 A
1543 1210 61 26 good
1613 1211 115 23 character
1738 1213 107 26 requisite.

1247 1235 3 4 '
1258 1242 3 5 ■
1271 1233 74 27 Apply
1357 1237 21 17 to

1258 1269 2 6 '
1505 1292 32 4 __
1682 1265 44 22 Mr.
1742 1266 82 23 Wade.

1245 1296 5 4 '
1270 1304 44 26 HP
1317 1303 45 22 HE
1378 1305 200 24 ADVERTISER
1587 1308 61 22 takes
1658 1309 43 22 this
1711 1312 134 26 opportunity

1277 1331 29 20 JL
1345 1331 25 20 of
1377 1333 143 26 acquainting
1531 1333 62 22 those
1603 1336 125 25 gentlemen
1738 1338 72 21 whom
1824 1338 21 22 he

1269 1357 40 20 has
1318 1360 39 18 not
1366 1357 45 23 had
1422 1358 38 22 the
1471 1360 101 26 pleasure
1589 1362 25 21 of
1625 1362 89 27 waiting
1728 1371 66 20 upon,
1807 1365 38 22 and

1268 1383 37 21 the
1324 1383 136 23 inhabitants
1484 1387 27 21 of
1531 1387 140 28 Wellington,
1691 1390 48 21 that
1761 1392 28 20 he
1812 1391 33 22 has

1269 1411 142 21 commenced
1427 1412 38 22 the
1481 1413 101 22 business
1598 1416 26 20 of
1638 1415 149 23 Blacksmith
1807 1418 38 21 and

1269 1436 105 22 Farrier
1390 1438 23 22 in
1430 1439 76 21 Dixon
1521 1441 80 26 Street,
1611 1449 54 14 near
1679 1445 22 18 to
1717 1444 42 21 Mr.
1772 1444 73 22 Catch-

1267 1463 77 26 pool's,
1356 1465 45 21 and
1417 1465 83 28 having
1515 1466 46 22 had
1577 1468 68 21 much
1655 1470 129 26 experience
1796 1471 26 21 of
1833 1471 12 22 it

1266 1495 25 15 m
1302 1489 29 22 all
1346 1491 28 21 its
1390 1491 117 28 branches,
1518 1493 44 22 and
1577 1495 78 21 united
1669 1496 51 21 with
1738 1497 107 22 moderate

1268 1522 97 24 fl.iarges,
1384 1517 27 22 he
1428 1518 69 28 hopes
1513 1522 22 19 to
1554 1520 58 23 have
1627 1529 14 14 a
1655 1522 64 21 share
1735 1523 25 22 of
1775 1524 70 25 public

1268 1547 95 23 support.

1245 1575 9 19 f*
1293 1574 58 23 N.B.
1352 1587 28 4 —
1382 1576 73 23 Horse
1471 1578 92 28 shoeing
1580 1579 58 22 done
1648 1580 23 22 in
1682 1580 37 22 the
1730 1581 66 22 safest
1806 1582 39 22 and

1245 1603 7 29 ',
1266 1604 87 19 neatest
1362 1610 102 15 manner.

1248 1642 4 19 !
1293 1655 19 2 _
1704 1634 33 22 M.
1753 1635 69 24 Quin.

1249 1672 3 9 ,
1293 1655 31 22 Te
1334 1656 55 26 Aro,
1401 1657 61 22 June
1472 1658 33 26 17,
1518 1660 61 21 1843.

1491 1703 54 20 For
1559 1704 69 24 Sale,

1267 1734 90 21 HPHE
1373 1735 144 22 COTTAGE
1533 1736 94 23 situated
1636 1738 24 21 in
1679 1739 97 22 Oriental
1792 1740 53 28 Bay,

1272 1759 30 23 JL
1340 1761 44 21 and
1397 1762 70 27 lately
1476 1764 107 26 occupied
1598 1764 29 27 by
1637 1765 38 21 the
1691 1766 154 27 undersigned.

1264 1787 22 21 A
1301 1787 53 27 long
1371 1788 60 22 lease
1450 1790 24 21 of
1491 1789 39 22 the
1544 1790 84 22 section
1643 1799 57 20 upon
1720 1793 71 22 which
1812 1794 33 21 the

1264 1812 69 23 house
1343 1815 75 20 stands
1427 1816 45 21 will
1481 1816 28 21 be
1518 1817 102 26 granted.

1290 1839 69 23 Town
1368 1841 55 22 land
1432 1842 44 22 will
1485 1843 28 21 be
1521 1843 69 22 taken
1600 1844 23 21 in
1632 1844 122 29 exchange.

1291 1867 43 21 For
1342 1867 84 22 further
1434 1870 137 27 particulars,
1582 1871 66 27 apply
1658 1875 23 18 to

1585 1897 96 23 George
1695 1898 88 28 DurrA,
1799 1907 24 14 or

1584 1931 34 21 W.
1635 1931 29 22 V.
1680 1932 100 22 Brewer

1543 1969 46 21 fo¥
1605 1969 60 23 Sale

1345 2020 17 7 _^
1507 1997 101 20 Terms.

1264 2020 164 49 SEVERAL
1464 2022 100 22 Sections
1592 2024 26 21 of
1648 2025 99 28 Country
1774 2027 71 28 Land,

1326 2047 92 27 already
1429 2048 82 22 chosen
1519 2049 25 21 in
1554 2049 38 21 the
1606 2051 91 22 Porirua
1712 2053 90 28 district,
1813 2055 32 21 for

1263 2074 57 26 Sale,
1331 2081 75 14 TERMS
1416 2082 105 14 LIBERAL.
1551 2076 75 28 Apply
1635 2081 24 18 to

1358 2108 24 21 F.
1397 2109 29 21 A.
1442 2109 170 28 Molesworth,
1629 2112 183 30 Murphy-street,
1823 2123 22 14 or

1359 2135 34 21 W.
1408 2135 28 21 V.
1453 2136 105 27 Brewer,
1570 2138 192 23 Manners-street.

1425 2188 43 20 Oil
1476 2189 6 20 !
1505 2189 42 20 Oil
1555 2189 6 21 !
1568 2190 5 20 !
1598 2191 43 20 Oil
1649 2191 5 21 !
1664 2191 5 21 !
1679 2191 6 21 !

1264 2220 92 48 THE
1371 2221 76 22 BEST
1462 2222 88 22 LAMP
1566 2223 52 21 OIL
1627 2224 23 21 in
1662 2224 141 29 Wellington,
1813 2229 32 20 3s.

1338 2255 39 19 per
1391 2248 72 26 single
1476 2248 81 28 gallon,
1570 2250 44 22 and
1626 2252 32 20 2s.
1678 2252 34 22 9d.
1732 2253 29 27 by
1770 2254 75 27 taking

1263 2273 44 22 five
1317 2274 91 26 gallons,
1418 2278 22 17 at
1451 2275 36 22 the
1498 2276 73 22 Stores
1582 2277 26 21 of

1562 2308 33 22 M.
1611 2309 88 27 Asher,

1627 2341 110 23 Lainbton
1747 2343 71 24 Quay.

1291 2364 55 26 May
1356 2366 33 24 23,
1401 2366 61 20 1843.

1448 2411 35 21 W.
1500 2411 34 21 M.
1550 2412 106 27 SMITH,

1263 2450 57 14 LATE
1332 2451 236 15 SURVEYOR-GENERAL
1579 2452 29 14 TO
1618 2453 46 14 THE
1679 2453 49 15 NEW
1744 2455 101 14 ZEALAND

1499 2478 114 20 COMPANY,

1290 2502 142 25 Surveyor,
1448 2502 210 27 Draughtsman,
1675 2506 53 20 and
1742 2506 76 21 Land

1507 2530 101 26 Agent.

1262 2559 177 27 Tinakori-road,
1451 2560 100 27 January
1563 2563 21 24 4,
1597 2563 60 21 1843.

1475 2605 23 21 J.
1528 2606 105 28 BIRD,
1822 2596 23 5 ~~

1263 2638 232 26 Cabinet-maker,
1511 2639 184 28 Upholsterer,
1716 2643 21 20 &
1759 2643 86 27 Paper

1498 2666 119 27 Hanger,

1446 2706 33 14 TE
1504 2707 55 14 ARO
1584 2708 81 20 FLAT,

1264 2732 42 23 T>
1316 2731 217 23 ESPECTFULLY
1548 2733 82 23 solicits
1646 2742 13 14 a
1674 2736 85 26 portion
1770 2737 26 21 of
1808 2738 37 21 the

1264 2756 52 24 JLV
1342 2758 89 22 favours
1441 2759 26 21 of
1473 2759 38 21 the
1526 2763 79 24 gentry
1614 2761 45 21 and
1673 2762 135 23 inhabitants
1824 2765 21 21 of

1263 2784 136 27 Wellington
1409 2785 25 21 in
1450 2785 37 21 the
1502 2786 70 22 above
1589 2787 116 28 branches,
1717 2790 42 21 and
1771 2794 72 24 trusts,

1261 2811 29 27 by
1307 2811 35 21 his
1362 2812 138 22 economical
1518 2813 93 26 charges
1629 2815 45 21 and
1690 2817 114 26 attention,
1822 2821 23 18 to

1262 2838 65 20 merit
1337 2845 14 14 a
1360 2838 149 22 continuance
1519 2840 26 20 of
1552 2840 39 21 the
1601 2848 66 15 same.

1289 2864 49 21 Has
1357 2872 14 14 a
1389 2864 77 22 choice
1485 2865 118 23 collection
1622 2868 25 20 of
1667 2868 54 22 New
1744 2869 101 23 Zealand

1262 2890 80 28 woods,
1373 2892 51 21 well
1453 2893 106 21 seasoned
1570 2900 5 19 ;
1601 2900 14 14 a
1637 2894 42 21 few
1701 2895 42 22 low
1767 2897 77 26 priced

1260 2921 135 19 mattresses.

1288 2944 104 22 Families
1402 2944 82 28 having
1495 2945 58 22 their
1561 2952 49 16 own
1616 2948 112 22 materials
1735 2956 40 14 can
1785 2949 57 23 have

1260 2970 62 22 them
1332 2971 66 22 made
1408 2979 40 19 up.

1287 3004 32 21 Te
1328 3005 47 20 Aro
1386 3005 58 26 Flat,
1455 3005 56 27 May
1521 3006 34 25 12,
1567 3007 60 21 1843.

1431 3050 76 20 Meat
1529 3051 148 26 Company.

1261 3080 91 48 THE
1373 3082 236 29 UNDERSIGNED,
1628 3084 83 28 having
1728 3086 56 22 been
1805 3095 37 20 ap-

1334 3109 91 26 pointed
1439 3109 110 27 Manager
1558 3110 27 22 of
1598 3110 36 22 the
1648 3111 63 22 Meat
1721 3113 119 28 Company,

1258 3133 55 27 begs
1322 3138 23 18 to
1355 3142 117 16 announce
1481 3135 51 23 that
1545 3144 14 14 a
1568 3138 88 25 regular
1665 3139 76 27 supply
1750 3140 25 21 of
1784 3140 56 26 beef,

1259 3163 94 25 mutton,
1374 3162 45 22 and
1436 3163 57 27 pork
1509 3170 52 21 may
1580 3165 82 26 always
1680 3165 27 22 be
1726 3166 116 28 depended

1259 3194 60 20 upon
1330 3192 24 17 at
1364 3188 43 22 this
1417 3189 174 23 establishment.

1287 3213 32 22 As
1343 3215 43 21 this
1410 3216 116 28 Company
1544 3224 106 21 purposes
1669 3219 77 26 selling
1764 3222 23 19 at
1805 3219 36 22 the

1257 3239 78 23 lowest
1344 3241 71 28 prices
1425 3246 24 18 at
1463 3243 74 22 which
1544 3245 19 30 jt
1577 3244 18 22 is
1604 3244 71 22 found
1683 3245 37 21 the
1729 3249 59 18 meat
1801 3254 41 14 can

1257 3266 29 22 be
1297 3267 106 29 afforded,
1415 3269 38 21 the
1462 3269 149 28 undersigned
1620 3271 19 21 is
1652 3271 52 28 only
1714 3272 126 23 authorized

1258 3296 23 18 to
1291 3293 51 27 give
1347 3302 54 20 very
1406 3295 88 22 limited
1503 3297 77 27 credit,
1588 3297 44 21 and
1639 3297 40 22 has
1684 3298 56 21 been
1749 3300 93 21 ordered

1258 3323 24 17 to
1298 3323 47 25 stop
1360 3322 31 21 all
1404 3325 105 19 accounts
1523 3323 73 22 which
1610 3330 37 15 are
1662 3328 40 18 not
1716 3325 51 28 paid
1781 3333 60 20 upon

1258 3346 103 23 demand.

1284 3373 48 22 The
1342 3374 101 23 business
1453 3375 25 21 of
1485 3375 37 24 the
1534 3375 113 28 Company
1655 3377 22 21 is
1685 3377 83 23 carried
1777 3386 29 15 on
1817 3380 22 21 in

1258 3399 58 22 then-
1329 3408 50 14 new
1394 3401 108 28 building,
1514 3403 88 21 erected
1619 3403 100 23 between
1737 3404 103 23 France's

1258 3426 68 22 Hotel
1346 3427 43 22 and
1408 3428 38 21 the
1464 3427 58 23 head
1539 3428 27 22 of
1579 3429 38 22 the
1631 3429 56 28 Bay,
1705 3431 44 22 and
1763 3433 78 27 nearly

1258 3453 98 27 opposite
1366 3457 24 18 to
1399 3454 46 22 Mr.
1455 3454 83 27 Lyon's
1548 3455 69 23 Store.

1529 3488 35 22 W.
1578 3488 102 29 Fiygek,
1696 3490 115 29 Manager.

1284 3518 129 22 November
1422 3520 35 25 23,
1469 3520 60 21 1842.

1446 3570 85 21 Fresh
1545 3571 103 27 Butter,

1256 3603 162 48 ALWAYS
1434 3610 30 15 on
1478 3603 50 23 Sale
1543 3607 25 20 at
1583 3605 37 22 the
1629 3606 64 23 Meat
1705 3608 132 28 Company's

1334 3630 116 27 premises.

1526 3656 35 23 W.
1577 3658 102 28 Flyger,
1693 3660 115 29 Manager.

1281 3688 159 29 Willis-street,
1452 3690 56 22 Dec.
1518 3692 21 25 2,
1552 3692 59 22 1842.

1493 3732 109 26 Cheesed

1269 3767 19 22 A
1314 3767 117 22 SUPPLY
1441 3768 102 23 received
1550 3770 85 27 weekly
1643 3771 25 21 of
1675 3771 54 22 New
1735 3772 100 23 Zealand

1253 3796 51 18 XJL
1330 3793 66 22 made
1406 3794 93 27 Cheese,
1505 3794 58 27 firom
1573 3796 37 21 the
1617 3797 140 27 Cowpasture
1763 3799 69 27 dairy,

1252 3819 49 22 and-
1306 3819 34 22 for
1348 3819 46 22 sale
1404 3823 24 18 at
1443 3820 37 23 the
1489 3821 106 26 premises
1605 3822 25 21 of
1644 3822 39 22 the
1692 3824 67 23 Heat
1768 3826 66 21 Com-

1250 3851 67 22 pany.
1725 3852 13 21 ?

1278 3897 60 7 „,.,,.
1534 3878 32 16 w.
1577 3873 101 29 Fltgekj
1688 3875 116 29 Manager.

1278 3897 158 28 Willu-streat,
1448 3898 126 23 December
1582 3901 34 27 20,
1627 3902 61 21 1842.

1891 710 291 25 POSTPONEMENT
2210 715 38 21 OF
2275 712 188 29 FESTIVAL.

1966 750 66 20 Free
2047 752 55 19 and
2115 752 137 26 Accepted
2264 755 123 23 Masons.

1915 781 28 21 Ih
1953 788 150 26 consequence
2113 784 26 22 of
2146 784 38 22 the
2193 790 76 18 recent
2280 787 128 24 calamitous
2419 790 43 21 dis-

1886 807 113 28 turbance,
2009 809 181 33 the^lebration
2200 811 24 22 of
2238 813 37 20 the
2289 813 97 23 Festival
2395 819 24 18 ot
2429 817 31 21 St.

1887 833 60 22 John
1958 835 19 21 is
1985 836 165 26 postpdne&till
2159 837 147 29 Wednesday,
2317 840 39 22 the
2365 841 59 22 28th.

1887 866 90 48 THE
1992 867 169 26 BRETHREN
2175 870 26 21 of
2208 870 36 23 the
2253 872 71 22 above
2337 873 126 27 Fraternity
2468 888 5 3 -

1958 893 45 22 will
2013 894 108 22 celebrate
2132 896 37 21 the
2183 898 90 21 Festival
2281 900 28 24 of
2321 900 36 20 St.
2368 900 58 22 John.
2434 906 28 18 on.

1888 919 138 28 Wednesday
2033 924 62 21 next,
2104 921 36 21 the
2150 922 53 22 28th
2213 923 40 26 day
2263 924 27 21 of
2296 924 100 27 Jiine,.in
2406 927 56 23 their

1886 945 59 26 Hall,
1956 949 24 18 at
1991 945 35 22 the
2037 945 108 24 Southern
2152 948 64 23 Cross
2226 949 74 22 Hotel.
2329 951 48 22 The
2373 951 3 7 1
2387 950 75 29 Bodge

1885 971 43 22 will
1940 972 27 21 be
1979 973 87 26 opened
2076 976 23 19 at
2107 974 15 21 4
2131 974 92 23 o'clock.

1965 1003 102 27 Banquet
2078 1010 27 15 on
2115 1004 36 23 the
2159 1006 68 22 Table
2237 1009 22 19 at
2269 1009 14 19 6
2291 1007 91 23 o'clock.

2105 1037 35 28 By
2149 1040 116 21 command
2276 1040 26 21 of
2308 1040 38 22 the
2356 1041 35 22 W.
2400 1042 34 23 M.

1886 1069 80 20 Tickets
1977 1072 21 18 to
2006 1069 24 22 be
2038 1070 42 21 had
2088 1073 23 18 at
2121 1072 34 19 the
2164 1073 45 20 Bar
2217 1073 26 25 of
2248 1074 35 20 the
2293 1075 72 26 Hotel,
2375 1076 44 22 10*.
2429 1077 35 21 6d.

2142 1100 57 21 each.

1911 1122 57 23 June
1979 1125 33 25 20,
2024 1125 61 21 1843.

2012 1162 184 21 Freemasons'
2212 1164 111 22 Tavern.

1885 1194 66 47 TO
1966 1194 64 27 LET,
2046 1195 52 21 with
2113 1195 126 24 immediate
2254 1199 131 27 possession,
2397 1200 62 23 those

1959 1221 136 21 well-known
2113 1223 43 21 and
2177 1224 149 24 commodious
2346 1227 113 27 premises,

1884 1245 79 23 known
1982 1254 23 14 as
2022 1247 38 22 the
2076 1248 152 23 Freemasons'
2237 1251 94 26 Tavern,
2351 1251 78 23 situate
2437 1253 24 23 in

1883 1272 36 22 the
1930 1277 58 17 most
1997 1274 96 27 thriving
2108 1279 48 24 part
2168 1277 26 20 of
2206 1275 140 29 Wellington,
2358 1277 45 23 and
2411 1286 51 16 now

1883 1305 24 14 in
1926 1300 40 21 full
1986 1300 106 22 business.
2128 1301 54 23 This
2201 1303 79 21 affords
2299 1311 26 14 an
2351 1305 130 23 excellent*

1884 1326 141 28 opportunity
2034 1330 22 18 to
2066 1334 44 21 any
2119 1335 79 20 person
2211 1329 95 23 desirous
2321 1331 27 21 of
2360 1331 100 28 entering

1883 1355 46 18 into
1944 1360 15 14 a
1975 1352 108 24 lucrative
2102 1353 104 24 business.
2234 1356 47 22 The
2298 1358 105 27 premises
2422 1366 37 15 are

1883 1378 62 22 fitted
1956 1386 30 20 up
1996 1380 52 21 with
2064 1388 66 18 every
2144 1381 107 23 attention
2266 1386 22 18 to
2306 1384 94 22 comfort
2413 1385 46 23 and

1883 1407 155 26 convenience,
2050 1407 45 21 and
2104 1408 36 21 tbe
2156 1408 61 22 stock
2233 1409 42 21 and
2290 1409 108 24 furniture
2407 1419 52 20 may

1883 1431 28 21 be
1930 1432 67 21 taken
2016 1437 23 17 at
2055 1441 12 13 a
2083 1434 121 22 valuation.
2231 1435 47 22 The
2297 1436 61 22 lease
2373 1437 46 23 will
2431 1438 28 22 be

1883 1459 93 25 granted
1992 1459 33 22 for
2041 1467 44 19 any
2095 1460 77 28 length
2187 1461 25 21 of
2224 1462 59 27 time,
2299 1463 45 22 and
2359 1463 38 23 the
2410 1468 50 18 rent

1883 1484 120 23 moderate.
2033 1486 74 28 Apply
2117 1490 23 18 to

1907 1516 42 21 Mr.
1962 1516 79 27 Wade,
2052 1524 24 15 or
2086 1518 37 21 the
2132 1518 123 28 Proprietor
2262 1527 28 14 on
2300 1520 37 21 the
2347 1522 112 26 premises.

1883 1546 59 22 June
1954 1549 33 25 16,
1999 1550 59 20 1843.

1882 1592 43 19 Ex
1938 1592 61 26 brig
2201 1595 69 21 from
2286 1595 171 28 Valparaiso.

1890 1627 96 26 lOA
2013 1629 106 23 TONS
2147 1631 146 27 FLOUR,

1888 1652 98 23 JL-rf&U
2013 1657 38 20 131
2066 1656 54 28 bags
2130 1657 87 28 biscuit,

2014 1684 29 19 30
2055 1682 72 23 barrel
2136 1684 58 28 beef,

1963 1709 26 20 10
2003 1716 60 15 cases
2072 1709 87 23 French
2168 1710 59 28 fruit,

1963 1735 26 20 10
2003 1735 42 22 tins
2054 1736 57 21 Chili
2121 1738 116 26 preserved
2246 1738 58 28 fruit,

1961 1762 14 19 2
1989 1761 52 28 bags
2052 1762 56 22 Chili
2119 1764 75 22 clover
2203 1764 56 28 seed,

1961 1787 28 21 50
2001 1789 68 21 boxes
2079 1790 103 22 Sardinas
2194 1791 36 22 oil.

2029 1823 130 27 Ridgways,
2177 1825 103 27 Guyton,
2296 1826 47 22 and
2358 1827 73 22 Earp.

1909 1851 54 29 May
1972 1855 33 25 30,
2017 1856 61 20 1843.

2045 1900 88 21 Beach
2151 1902 142 26 Frontage.

1883 1932 65 31 rpO
1963 1932 38 21 BE
2016 1933 64 26 LET,
2095 1933 71 23 beach
2175 1934 99 27 frontage
2288 1935 44 22 lots
2341 1936 25 21 in
2376 1940 84 19 section

1883 1956 50 24 JL,
1945 1960 94 27 A?£Lan.
2048 1959 38 20 the
2095 1959 56 22 Plan
2161 1961 26 20 of
2195 1961 36 23 (he
2240 1961 66 28 Tpwn
2321 1962 26 21 of
2353 1962 106 28 Welling-

1880 1985 45 23 ton,
1936 1982 114 27 adjoining
2060 1984 42 21 Mr.
2111 1985 88 22 Tame's
2205 1990 66 23 store;
2286 1987 45 22 and
2339 1987 26 22 in
2373 1989 84 22 section

1879 2009 46 25 616,
1933 2009 99 21 between
2041 2010 73 27 Major
2123 2011 90 23 Baker's
2222 2013 42 22 and
2273 2014 43 22 Mr.
2325 2015 132 23 Swainson'a

1880 2034 85 22 houses.

1907 2061 54 22 Also
1970 2062 36 21 the
2015 2062 113 29 following
2137 2065 94 22 sections
2241 2073 28 15 on
2279 2066 38 23 the
2323 2067 57 22 Plan
2387 2069 28 21 of
2420 2069 37 22 the

1879 2086 75 28 Town,
1965 2088 45 22 viz:
2012 2100 28 4 —
2308 2089 15 15 *•*

1980 2116 26 20 55
2140 2119 42 20 319
2243 2136 2 5 ,
2327 2122 41 20 922

1966 2142 42 21 240
2141 2144 41 22 718
2314 2147 55 22 1079

1906 2168 75 26 Apply
1994 2171 21 19 to

2052 2196 26 21 E.
2093 2196 21 21 J.
2130 2196 148 29 Wakefield,
2293 2206 25 15 or

2052 2222 34 21 W.
2102 2223 28 21 V.
2145 2223 105 28 Brewer,
2265 2226 192 24 Manners-street.

1990 2267 42 21 Ex

1881 2299 133 47 CANE
2044 2301 162 22 SEATED
2234 2303 168 28 CHAIRS,

1951 2326 75 27 Fancy
2036 2330 38 24 top
2083 2328 78 26 chairs,

1906 2352 189 29 Rocking-chairs,

1906 2378 99 23 Whalers
2015 2380 71 27 shoes,

1906 2404 74 23 White
1991 2406 71 22 clover
2071 2408 58 26 seed,

1906 2431 72 22 Hams
1986 2433 44 22 and
2038 2434 119 28 shoulders,

1906 2459 25 20 13
1946 2459 62 22 casks
2017 2467 53 20 very
2079 2462 99 27 superior
2192 2470 76 20 square
2278 2464 31 27 fig
2318 2465 96 28 tobacco,
2428 2467 27 21 20

1879 2485 40 26 figs
1930 2488 21 18 to
1963 2486 36 21 the
2007 2487 82 26 pound.

1906 2519 73 28 Apply
1989 2523 23 18 at
2019 2520 38 22 the
2067 2521 74 23 Storea
2151 2522 28 22 of
2185 2523 36 21 the
2231 2523 155 29 undersigned,

2105 2555 35 22 W.
2156 2556 25 22 B.
2198 2557 93 22 Rhodes
2304 2559 21 21 &
2340 2559 46 28 Co.,
2403 2567 25 15 or

2104 2582 105 22 Johnson
2222 2584 20 22 &
2255 2585 95 24 MfooicE.

1905 2606 54 26 May
1968 2607 34 26 27,
2013 2608 60 21 1843.
2326 2642 16 2 _

1877 2650 132 22 Valuable
2046 2653 131 21 Freehold
2214 2656 53 20 and
2303 2657 150 22 Leasehold

1930 2678 139 27 Property,
2097 2680 67 20 with
2192 2682 141 22 extensive
2363 2684 92 21 Water

1930 2704 158 27 Frontages,
2103 2706 29 20 in
2146 2707 177 28 Wellington.

1878 2738 67 47 TO
1961 2738 38 22 BE
2013 2739 64 27 LET,
2090 2747 23 14 or
2123 2740 101 28 disposed
2231 2742 24 21 of
2262 2742 30 28 by
2299 2743 87 22 Private
2397 2744 57 27 Sale,

1951 2765 38 21 the
1999 2766 120 26 unexpired
2134 2771 55 18 term
2199 2768 26 21 of
2236 2769 37 22 the
2292 2770 69 22 Lease
2372 2770 25 22 of
2408 2771 51 22 half

1878 2791 25 20 of
1909 2791 68 22 Town
1988 2792 57 21 Acre
2060 2794 42 20 No.
2113 2795 46 25 208,
2171 2794 53 22 with
2238 2794 37 23 the
2290 2796 100 28 splendid
2405 2805 50 19 pro-

1876 2820 63 24 perty
1961 2819 87 22 erected
2077 2819 100 27 thereon,
2201 2821 80 27 having
2309 2822 56 28 deep
2387 2827 68 19 water

1875 2844 102 27 frontage
1996 2848 20 19 to
2036 2846 30 21 Te
2086 2846 47 21 Aro
2152 2847 81 22 Beach.
2262 2848 55 22 This
2333 2850 121 27 important

1876 2871 68 21 Town
1955 2872 123 21 water-side
2093 2876 108 24 property,
2213 2877 21 18 to
2245 2875 43 21 suit
2297 2875 38 22 the
2351 2878 103 20 conveni-

1876 2904 56 14 ence
1940 2897 26 21 of
1972 2898 87 26 parties,
2071 2899 45 21 will
2125 2900 27 21 be
2163 2900 87 21 divided
2259 2908 24 15 as
2292 2902 85 22 follows
2384 2910 5 14 :
2391 2914 29 4 —

1903 2925 39 19 Ist.
1956 2924 48 21 The
2015 2925 102 27 building
2131 2925 79 23 known
2224 2933 24 15 as
2262 2927 37 22 the
2314 2928 72 28 Bank,
2401 2930 52 22 with

1874 2949 29 21 its
1912 2949 117 23 inclosure.

1901 2977 51 20 2nd.
1967 2977 47 21 The
2024 2977 60 27 large
2093 2978 153 28 substantially
2254 2980 57 22 built
2318 2981 133 29 warehouse,

1874 3003 91 26 capable
1980 3004 25 20 of
2019 3005 93 26 stowing
2125 3006 41 21 600
2182 3009 49 18 tons
2240 3006 26 21 of
2271 3007 76 27 goods,
2358 3009 45 22 and
2412 3008 39 23 ad-

1876 3029 92 27 mirably
1978 3029 94 28 adapted
2086 3031 35 21 for
2138 3031 28 22 its
2185 3033 155 28 commanding
2356 3035 94 27 position

1873 3055 36 21 for
1923 3063 13 14 a
1951 3056 59 26 large
2026 3057 125 22 mercantile
2168 3059 168 28 establishment,
2347 3061 46 22 and
2401 3069 50 21 par-

1874 3082 101 27 ticularly
1985 3083 34 21 for
2028 3083 37 22 the
2075 3085 83 26 storing
2167 3085 45 22 and
2220 3086 95 28 packing
2325 3088 26 21 of
2357 3088 52 22 flax.

1899 3109 48 21 3rd.
1962 3109 47 22 The
2015 3110 181 27 dwelling-house
2202 3112 44 22 and
2252 3112 72 23 offices
2332 3118 24 17 at
2364 3118 87 24 present

1873 3135 24 21 in
1907 3135 37 21 the
1961 3137 129 26 occupation
2101 3138 25 21 of
2140 3137 59 22 John
2210 3139 76 27 Wade,
2296 3140 60 28 Esq.,
2368 3141 49 22 who
2430 3142 20 21 is

1873 3161 75 25 under,
1954 3162 72 22 notice
2036 3166 22 19 to
2067 3164 53 26 quit.
2147 3164 72 22 These
2234 3166 104 26 premises
2354 3174 36 15 are
2400 3168 50 22 well

1874 3188 94 27 adapted
1977 3188 34 23 for
2020 3196 30 15 an
2066 3191 97 21 Auction
2183 3191 72 22 Room
2273 3199 24 15 or
2312 3194 136 26 respectable

1874 3214 75 27 Hotel,
1959 3215 56 21 from
2024 3215 57 23 their
2095 3217 123 28 contiguity
2232 3221 22 18 to
2268 3219 37 22 the
2315 3220 71 27 Bank,
2404 3221 45 22 Ex-

1873 3241 92 27 change,
1971 3242 45 21 and
2020 3243 107 28 principal
2132 3245 127 22 mercantile
2263 3246 185 28 establishments,

1872 3267 37 22 the
1928 3268 156 27 thoroughfare
2107 3270 89 27 leading
2218 3275 22 18 to
2262 3272 63 22 these
2349 3274 99 21 enviable

1872 3294 105 27 premises
1985 3295 18 21 is
2012 3296 59 27 truly
2079 3297 82 22 named
2172 3297 38 22 the
2227 3298 109 23 Lombard
2347 3300 71 22 Street
2427 3300 25 22 of

1872 3327 40 15 our
1921 3321 69 27 rising
1999 3321 51 28 city.

2130 3358 63 20 ALSO,

1899 3380 47 22 The
1961 3381 78 23 House
2055 3383 45 22 and
2118 3384 113 27 Premises,
2242 3385 105 27 freehold,
2366 3386 82 22 known

1871 3413 24 14 as
1907 3407 42 22 Mr.
1959 3408 70 22 Jabez
2039 3409 86 22 Allen's
2137 3412 68 26 Store,
2217 3419 27 14 on
2259 3412 188 27 Lambton-quay.

1897 3433 52 22 Two
1965 3434 101 29 building
2083 3436 63 28 plots,
2163 3438 13 24 I
2191 3438 26 21 of
2229 3445 27 17 a.n
2271 3445 50 15 acre
2337 3438 63 26 each,
2417 3445 28 15 on

1871 3459 120 24 Thorndon
1997 3461 55 27 Flat,
2060 3462 99 28 together
2166 3460 51 26 with
2226 3464 65 22 about
2299 3465 27 21 50
2333 3464 112 23 suburban

1870 3486 126 23 allotments
2010 3489 23 21 in
2043 3489 89 22 Wade's
2147 3490 74 27 Town,
2232 3492 25 19 10
2265 3497 61 15 acres
2335 3493 23 18 at
2368 3490 75 29 Ohiro,

1869 3513 45 22 and
1923 3514 85 22 several
2022 3516 105 26 Country
2137 3516 96 21 Sections
2242 3516 23 21 in
2279 3516 37 22 the
2330 3514 111 31 Harbour,

1870 3539 242 29 WaimuV-Manawatu,
2123 3542 43 21 and
2177 3540 122 28 Wanganui
2308 3542 102 23 districts.

1896 3565 43 22 For
1947 3567 85 22 further
2045 3568 133 26 particulars,
2195 3568 63 29 apply
2275 3572 22 17 to
2313 3568 37 22 the
2363 3570 81 22 under-

1869 3591 76 28 signed

2143 3620 35 21 W.
2193 3620 25 21 B.
2233 3620 94 22 Rhodes
2342 3622 21 21 &
2377 3622 38 23 Co.

1895 3646 54 26 May
1959 3648 20 24 9,
1991 3648 59 20 1843.
2337 3677 108 7 _____^

2012 3692 40 19 To
2065 3691 34 20 be
2113 3690 64 21 Sold
2196 3696 29 15 or
2237 3691 56 21 Let.

1865 3723 11 13 r
1881 3722 76 32 piWO
1969 3721 99 22 Wooden
2079 3721 94 25 Houses,
2183 3727 29 14 on
2218 3720 37 22 the
2260 3721 182 28 Tinakore-roaU,

1874 3742 25 28 A
1940 3748 38 22 the
1996 3747 81 23 second
2164 3746 58 22 from
2240 3747 93 31 Qaptaiu
2352 3748 91 24 Smith's

1909 3774 127 26 containing
2049 3772 130 23 foiirYooms
2188 3772 44 22 and
2246 3781 14 15 a
2271 3781 100 22 passage,
2386 3775 55 25 each

1865 3801 52 23 with
1933 3801 51 21 zinc
2001 3800 65 24 roofs,
2092 3799 45 22 and
2158 3800 24 21 in
2205 3807 66 21 every
2288 3803 88 26 respect
2393 3802 51 24 well

1864 3827 99 23 finished.
1979 3837 5 7 •
1991 3825 128 23 Terms—lf
2126 3826 54 27 sold,
2191 3826 59 22 £150
2259 3827 35 23 for
2300 3829 135 25 eacfrh<>u»e,

1862 3853 21 22 if
1893 3853 37 27 let,
1940 3854 32 20 £1
1982 3859 40 21 per
2031 3852 61 22 week
2101 3852 35 22 for
2145 3852 54 22 each
2208 3853 77 23 houße.
2301 3872 1 5 ,
2311 3854 80 29 Appljr
2397 3859 23 19 to

2246 3888 76 23 Jame*
2336 3888 81 23 W*tt.

1873 3912 142 27 Wellington,
2024 3913 59 21 Nov.
2093 3913 33 26 27,
2136 3914 59 21 1841.
