2499 3980
109 1178 167 25 SHIPPING
295 1179 273 25 INTELLIGENCE.

268 1236 140 19 ARRIVED.

78 1267 56 21 June
144 1269 33 23 25,
188 1268 100 20 schooner
298 1268 77 19 Nelson
388 1269 85 24 Packet,
485 1269 35 24 20,
528 1268 100 25 Jackson,

53 1295 54 20 from
120 1295 71 21 Queen
201 1295 124 20 Charlotte's
336 1295 79 20 Sound.

80 1321 54 21 June
141 1323 33 26 26,
182 1323 101 19 schooner
297 1323 86 24 Gannet,
391 1323 35 24 40,
436 1323 130 26 Popplewell,
575 1323 53 19 from

56 1349 36 19 the
102 1349 77 26 Tolaga
188 1349 51 26 Bay.

82 1375 55 20 June
147 1377 34 23 27,
197 1378 67 18 cutter
280 1377 111 26 Pickwick,
403 1377 34 24 38,
455 1377 60 26 Jury,
525 1377 54 20 from
596 1377 32 20 the

55 1403 52 19 East
117 1403 62 25 Cape.

76 1429 55 21 June
141 1431 34 23 27,
186 1433 135 22 government
337 1430 47 26 brig
398 1431 101 24 Victoria,
516 1432 39 19 200
572 1433 56 24 tons,

53 1455 107 26 Richards,
170 1457 54 20 from
237 1457 80 26 Cloudy
332 1457 52 26 Bay.

287 1504 115 18 SAILED.

76 1535 54 20 June
139 1537 33 22 22,
182 1535 117 26 brigantine
309 1535 117 26 Vanguard,
436 1536 24 19 61
469 1538 54 23 tons,
531 1535 95 26 Newton,

50 1563 34 19 for
95 1563 89 26 Sydney.

76 1589 54 21 June
147 1591 33 24 24,
198 1590 100 20 schooner
313 1591 53 24 Imp,
384 1590 26 19 20
428 1591 55 22 tons,
497 1590 78 26 Tulett,
595 1590 31 20 for

50 1616 87 21 Nelson.

76 1643 59 21 Same
153 1643 46 26 day,
210 1644 45 26 brig
276 1644 73 24 Guide,
370 1644 39 21 147
427 1646 56 21 tons,
496 1644 82 25 Pearce,
596 1644 30 20 for

50 1671 108 20 Auckland
166 1672 32 19 via
207 1671 82 23 Cloudy
297 1672 55 22 Bay.

271 1716 34 19 IN
319 1716 84 21 PORT.

72 1749 84 26 Barque
165 1749 131 24 Indemnity,
305 1749 43 19 450
365 1751 62 22 tons,
435 1749 87 24 Adams,
534 1749 94 26 refitting

46 1777 89 24 Agents,
146 1776 70 20 Waitt
226 1777 43 19 and
278 1776 77 25 Tyser.

71 1805 109 19 Schooner
201 1805 57 24 Ann,
283 1805 28 18 22
330 1805 59 22 tons,
415 1803 84 25 Brown,
525 1804 42 20 laid
591 1811 36 19 up.

46 1831 76 26 Agent,
134 1831 69 19 Waitt
212 1831 42 19 and
264 1831 76 26 Tyser.

73 1858 106 20 Schooner
203 1858 61 26 Erin,
289 1859 26 19 25
340 1862 56 23 tons,
421 1858 77 27 Relph.
539 1859 87 27 Master,

46 1886 79 25 Agent.

73 1913 50 25 Brig
137 1913 80 24 Lunar,
233 1913 38 19 165
281 1914 57 21 tons,
353 1913 36 20 W.
398 1913 63 20 Ellis.
489 1914 83 20 Rhodes
587 1916 41 19 and

46 1940 48 21 Co.,
103 1940 89 25 Agents.

73 1968 114 22 Schooner,
197 1967 59 25 Lady
265 1968 74 25 Leigh,
352 1968 39 20 109
401 1970 58 22 tons,
471 1968 75 26 Munn,
572 1968 56 21 Fitz-

46 1994 92 23 herbert,
149 1994 78 25 Agent.

73 2020 111 20 American
198 2019 47 27 ship
255 2020 78 20 Robert
345 2020 110 24 Pulsford,
468 2020 42 19 400
520 2022 55 23 tons,
592 2020 34 20 W.

47 2047 105 20 Caldwall.
189 2047 91 20 Wallace
290 2048 41 19 and
342 2047 46 25 Co.,
402 2048 88 25 Agents.

74 2074 106 21 Schooner
185 2075 70 19 Maori
262 2075 72 25 Davis,
343 2076 25 19 15
376 2078 55 23 tons,
442 2075 81 25 Wylde.
550 2075 76 25 Agent.

47 2102 22 21 J.
80 2102 73 20 Wade.

74 2129 106 20 Schooner
203 2129 71 23 Mcna,
296 2129 26 20 27
346 2132 55 21 tons,
423 2129 81 26 Swany.
545 2129 81 25 Frazer,

48 2156 76 26 Agent.

76 2183 105 20 Schooner
200 2184 76 19 Nelson
295 2184 85 26 Packet,
402 2184 26 19 20
452 2186 57 22 tons,
526 2183 100 22 Jackson.

46 2210 91 20 Wallace
146 2210 40 20 and
196 2210 47 24 Co.,
252 2211 89 25 Agents.

76 2237 105 20 Schooner
193 2238 86 24 Gannet,
286 2238 27 19 40
324 2240 54 24 tons,
389 2238 131 26 Popplewell.
548 2239 78 25 Agent,

50 2264 135 21 Hornbrook.

74 2292 73 19 Cutter
174 2292 112 24 Pickwick,
306 2293 27 19 38
357 2294 55 24 tons,
436 2292 65 26 Jury.
530 2292 96 27 Captain,

46 2319 78 25 Agent.

78 2346 141 20 Government
228 2346 45 26 brig
284 2346 99 26 Victoria,
395 2347 39 19 200
445 2349 56 23 tons,
519 2347 107 21 Richards.

222 2405 118 21 CUSTOM
357 2405 110 21 HOUSE.

280 2460 116 21 Exports.

76 2492 28 20 In
116 2498 46 14 the
372 2500 45 14 for
427 2494 130 20 Sydnet.—
560 2495 66 20 Waitt

48 2520 41 19 and
104 2520 71 26 Tyser,
190 2520 84 26 Agents.
275 2532 28 3 —
304 2521 25 20 33
346 2521 60 21 casks
424 2522 60 20 black
500 2522 34 26 oil,
552 2523 10 19 1
580 2522 46 20 bale

48 2546 98 26 blankets,
166 2548 9 19 1
194 2554 46 13 case
255 2548 65 26 slops,
337 2549 12 19 2
366 2549 60 20 casks
441 2555 75 20 grouse
534 2550 91 25 powder.

48 2573 121 27 Passengers
171 2585 26 4 —
198 2574 83 21 Messrs.
317 2575 114 25 O'Farrell,
470 2577 79 24 Currie,
585 2577 41 19 and

48 2600 80 21 Clarke.
158 2601 120 26 Steerage—
279 2602 70 21 James
360 2603 87 25 Barker,
464 2604 47 20 wife
520 2604 40 21 and
576 2604 50 20 four

48 2628 97 24 children,
156 2627 29 21 H.
198 2628 62 27 Pope,
277 2629 53 21 Mrs.
341 2630 92 21 Bennett
448 2631 43 19 and
501 2631 55 26 eight
573 2631 53 20 chil-

48 2655 80 26 O'Day,
147 2655 28 21 G.
193 2655 95 26 Morgan,
308 2657 52 21 Mrs.
378 2657 109 25 Marshall,
504 2659 21 19 J.
544 2658 80 25 Harris,

48 2682 44 19 wife
107 2683 42 19 and
167 2683 38 21 five
222 2683 100 25 children,
342 2685 21 21 J.
384 2685 107 26 Cameron,
513 2685 68 26 Braid,
602 2686 22 20 J.

48 2708 108 22 Ladbrook
168 2710 42 20 and
217 2710 54 21 wife.

191 2777 138 19 outwart>s,
348 2779 142 15 coastwise.

76 2801 28 20 In
113 2808 47 14 the
357 2811 44 14 for
413 2805 116 22 Palliser
538 2807 60 21 Bay.
600 2817 27 5 —

48 2829 21 20 /.
91 2829 69 26 Wade,
177 2831 74 24 Agent.
253 2841 26 4 —
280 2832 13 19 3
303 2832 50 25 bags
370 2833 61 24 flour,
448 2834 11 19 6
476 2833 49 26 bags
534 2834 47 25 salt,
601 2835 24 19 11

48 2855 77 21 barrels
134 2857 53 24 beef,
198 2859 13 17 4
223 2858 32 20 do.
266 2859 61 25 pork,
342 2861 12 18 4
364 2866 50 14 cans
430 2861 66 26 paint,
509 2862 11 19 1
535 2862 91 25 package

48 2882 101 26 blankets,
160 2885 13 19 3
183 2885 59 20 casks
256 2892 55 14 rum.

76 2910 29 20 In
114 2916 46 14 the
293 2919 44 14 for
350 2914 131 21 Nelson.—
482 2916 27 19 Jo
510 2916 63 19 hnson
586 2916 42 20 and

48 2937 76 26 Moore,
133 2939 89 24 Agents.
225 2950 23 4 —
251 2941 11 18 2
273 2941 120 24 puncheons
403 2948 54 19 rum,
469 2944 10 19 1
490 2943 47 26 pipe
546 2944 79 26 sherry,

49 2965 12 17 2
78 2970 55 15 cases
151 2966 68 24 shoes,
234 2968 13 19 3
257 2967 42 25 do.,
317 2974 55 19 axes,
391 2970 26 18 50
434 2970 63 20 boxes
508 2971 88 24 candles,
614 2972 10 19 1

48 2997 46 14 case
102 2992 65 27 pipes,
179 2994 39 20 100
229 3000 52 20 oars,
295 2995 9 19 1
316 3001 46 14 case
372 2997 102 24 sundries,
487 2998 26 19 13
522 2998 59 20 casks
589 2998 35 22 oil.

76 3019 28 19 In
127 3026 47 14 the
363 3029 46 14 for
440 3024 128 21 Auckland
593 3027 33 19 via

48 3045 94 21 Cloudy
153 3047 59 21 Bay.
213 3059 27 3 —
241 3049 94 27 Morgan,
346 3050 75 25 Agent.
423 3061 31 5 —
454 3053 9 18 i
474 3052 60 19 hhds.
545 3053 79 23 arrack,

49 3073 11 19 9
71 3073 58 21 hhds.
141 3074 85 27 brandy,
245 3076 24 19 11
284 3082 57 14 cases
357 3077 42 26 do.,
410 3078 14 19 3
440 3078 50 26 kegs
500 3078 93 24 tobacco,
614 3080 10 19 1

48 3099 63 21 tierce
121 3101 42 24 do.,
174 3102 38 19 315
223 3105 53 18 mats
285 3103 49 26 rice,
346 3105 40 20 353
403 3104 50 26 bags
462 3111 68 20 sugar,
541 3107 26 20 28
582 3107 46 20 half

48 3127 69 19 chests
127 3129 40 22 tea,
177 3128 26 20 40
214 3129 76 20 barrels
300 3131 60 25 pork,
371 3132 26 19 32
408 3132 51 20 coils
468 3139 57 19 rope,
537 3134 25 19 18
575 3134 50 26 bags

48 3159 85 20 pepper,
144 3155 25 19 45
179 3155 75 21 barrels
271 3157 59 26 pork.
342 3159 13 18 2
372 3158 56 21 bales
438 3160 102 24 blankets,
551 3161 11 19 1
580 3161 46 20 bale

48 3181 63 25 slops,
122 3181 27 20 30
166 3182 52 20 sides
228 3183 84 25 leather,
322 3186 13 18 4
353 3185 57 20 bales
419 3186 64 27 slops,
502 3188 25 19 12
535 3186 16 24 £
566 3188 59 26 pipes

50 3207 58 26 wine,
128 3209 11 19 1
157 3208 44 20 bale
217 3210 101 26 blankets,
337 3213 28 19 40
382 3213 63 21 boxes
462 3220 62 20 soap,-
538 3215 13 19 2
568 3221 58 14 cases

50 3234 71 24 shirts,
142 3236 25 19 14
177 3238 48 18 tons
240 3238 60 23 flour,
311 3240 12 18 2
341 3242 48 18 tons
400 3241 24 19 15
442 3243 46 18 cwt.
499 3242 82 26 biscuit,
600 3243 25 19 17

50 3261 60 21 casks
120 3262 53 25 beef,
184 3264 12 19 8
206 3263 61 20 boxes
275 3265 66 25 pipes,
353 3268 38 19 100
400 3268 88 21 window
506 3269 82 25 frames,
599 3270 25 19 54

50 3288 63 20 boxes
130 3289 90 25 candles,
231 3291 12 20 1
259 3291 66 21 barrel
334 3295 40 23 tar,
391 3295 9 20 1
419 3302 46 13 case
480 3296 59 26 wine,
551 3297 11 19 1
579 3302 46 14 case

49 3316 11 19 1
72 3315 46 21 bale
127 3316 64 26 slops,
201 3318 28 19 49
238 3318 49 25 kegs
302 3320 77 25 butter,
390 3322 38 20 101
443 3323 90 25 cheeses,
545 3324 11 19 6
574 3323 50 26 bags

48 3342 71 25 coffee,
131 3344 39 19 119
179 3343 50 27 bags
243 3351 67 20 sugar,
320 3348 62 23 4,000
393 3349 41 21 feet
451 3350 69 24 cedar,
531 3351 25 20 38
575 3351 50 23 bags

48 3370 61 20 flour.

90 3432 92 20 Latest
196 3432 82 21 Dates
294 3433 29 21 of
339 3434 100 26 Papers
454 3438 128 21 received.

50 3469 94 17 London
454 3469 125 24 November
600 3474 26 20 20

50 3496 82 22 Nelson
454 3501 55 27 May
598 3506 28 20 20

50 3528 118 23 Auckland
457 3532 56 27 May
600 3537 26 20 ?0

50 3560 46 26 Bay
106 3560 22 21 of
141 3560 85 23 Islands
456 3564 96 22 October
613 3569 13 19 6

50 3590 88 27 Sydney
456 3595 55 27 May
602 3598 25 22 17

50 3621 49 22 Van
108 3623 116 22 Dieman's
235 3624 64 21 Land
455 3627 65 27 April
614 3631 13 20 6

50 3652 50 22 Port
109 3654 82 28 Phillip
453 3659 64 26 April
600 3661 25 21 12

50 3685 108 22 Adelaide
455 3690 78 21 March
614 3694 12 19 3

643 111 94 65 New
768 111 220 65 Zealand
1019 111 219 65 Gazette

706 181 65 23 AND
785 178 213 24 WELLINGTON
1016 176 185 23 SPECTATOR.

777 234 152 23 Wednesday,
945 232 61 22 June
1020 232 34 24 28,
1070 230 60 22 1843.

697 277 207 29 Notwithstanding
915 276 37 22 the
964 276 115 22 shortness
1092 276 26 21 of
1129 276 109 26 distance,

666 308 47 24 and'
720 309 38 23 the
767 314 99 17 extreme
882 308 114 22 moderate
1009 305 97 24 weather
1115 305 75 23 which
1200 305 38 23 has

666 341 118 23 continued
802 341 81 29 during
900 340 37 22 the
954 340 68 22 latter
1038 342 51 26 part
1101 338 26 22 of
1142 337 37 23 the
1197 338 41 23 last

665 374 70 28 week,
748 381 32 15 we
792 381 38 14 are
846 372 46 23 still
904 373 93 22 without
1008 378 44 21 any
1063 368 97 24 decisive
1172 369 66 23 intel-

664 406 124 30 ligence.^
799 409 23 18 to
840 404 38 23 the
889 404 47 22 real
951 404 58 22 facts
1028 409 24 16 or
1071 406 78 19 extent
1163 402 25 22 of
1202 401 36 24 the

664 439 45 21 late
720 435 140 31 melancholy
872 439 71 25 event,
956 434 108 31 although
1075 441 39 15 -we
1131 434 58 22 have
1200 439 38 17 not

664 469 38 23 the
713 469 104 30 slightest
824 468 97 30 grounds
929 473 21 18 to
961 467 118 30 anticipate
1087 473 45 23 any
1139 467 99 23 material

664 501 116 23 deduction
814 501 58 23 from
906 500 37 23 the
974 503 121 26 aggregate
1133 499 105 23 numbers

664 534 72 23 whicli
749 541 36 16 are
796 533 104 30 reported
911 537 21 18 to
950 533 58 22 have
1023 532 67 22 fallen
1108 539 14 15 a
1140 532 98 23 sacrifice

664 571 22 18 to
698 567 58 23 what
767 574 31 14 we
809 570 60 18 must
879 565 102 23 consider
991 564 38 23 the
1041 563 113 24 mistaken
1163 564 74 31 policy

664 599 43 23 and
719 599 95 23 conduct
823 598 24 23 of
857 598 37 23 the
906 598 56 23 local
969 597 131 23 authorities
1112 601 23 19 at
1142 597 93 24 Nelson.

663 632 41 23 We
723 632 56 23 shall
798 630 47 23 still
862 638 81 23 pursue
956 631 39 22 the
1009 637 77 15 course
1099 637 32 15 we
1143 629 94 31 adopted

662 665 56 23 from
730 665 37 22 the
785 664 57 27 first,
855 663 43 23 and
917 663 87 23 abstain
1023 662 56 22 from
1097 662 138 31 publishing,

662 698 42 22 and
718 697 91 30 thereby
821 696 77 31 giving
909 696 130 23 circulation
1052 699 21 18 to
1090 695 60 22 what
1168 696 20 21 is
1200 700 38 18 not

662 729 79 31 placed
752 729 88 30 beyond
852 729 37 23 the
900 728 127 31 possibility
1038 728 25 22 of
1076 726 77 29 doubt,
1167 729 69 29 parti-

663 762 85 30 cularly
760 762 64 23 when
836 769 40 16 our
893 768 76 16 means
989 761 24 21 of
1030 761 137 21 intercourse
1186 761 51 22 with

662 794 39 23 the
712 799 46 18 rest
774 795 25 22 of
814 795 38 22 the
871 793 66 23 world
955 800 38 16 are
1012 799 24 16 so
1056 792 126 29 uncertain,
1194 794 43 22 and

662 827 38 22 the
712 827 64 22 chain
787 827 25 22 of
821 826 187 23 communication
1019 832 24 16 so
1053 825 117 31 irregular.

695 858 147 30 Fortunately
854 866 32 15 we
896 858 57 23 have
970 858 58 23 been
1040 857 49 23 able
1108 863 22 18 to
1142 858 95 24 forward

662 891 37 23 the
711 899 60 15 same
782 891 142 23 information
937 899 25 15 as
974 898 33 16 we
1017 897 91 23 possess
1123 891 113 24 ourselves

662 929 21 18 to
694 924 130 28 Auckland,
838 924 44 22 and
892 931 32 16 we
935 924 45 23 feel
992 923 111 24 confident
1111 923 49 24 that
1172 931 64 23 every

661 957 101 23 exertion
773 956 72 23 which
857 957 37 22 the
906 956 130 24 authorities
1054 964 41 15 can
1114 956 67 24 make
1192 957 42 23 will

661 989 27 23 be
699 994 41 26 put
758 990 22 22 in
793 990 83 22 motion
889 994 22 18 to
923 989 60 31 allay
994 988 36 23 the
1043 989 87 23 natural
1146 990 88 30 anxiety

661 1022 43 23 and
715 1022 70 23 alarm
797 1022 72 23 which
881 1022 55 23 such
948 1030 14 15 a
970 1022 145 31 catastrophy
1123 1022 66 23 could
1197 1027 38 19 not

659 1055 40 23 fail
710 1060 23 17 to
749 1060 80 24 create,
843 1060 23 18 at
878 1055 37 22 the
933 1062 62 15 same
1013 1055 53 22 time
1077 1055 19 22 it
1106 1055 20 22 is
1142 1055 41 23 but
1194 1055 41 24 due

660 1091 22 19 to
689 1088 36 22 the
732 1088 131 23 authorities
873 1093 22 17 to
903 1088 63 30 point
974 1091 39 19 out
1021 1092 21 18 to
1052 1087 37 23 the
1098 1087 137 25 inhabitants

660 1121 25 22 of
699 1121 44 22 this
755 1121 134 28 settlement,
903 1121 46 22 that
960 1121 22 22 if
991 1119 61 24 there
1064 1120 58 23 fears
1134 1128 38 15 are
1184 1128 51 16 ever

660 1161 24 15 so
695 1154 51 22 well
764 1154 114 29 grounded
897 1153 44 23 and
955 1152 73 32 justly
1043 1152 131 30 calculated,
1188 1154 47 23 that

661 1186 44 23 this
719 1193 132 17 occurrence
863 1187 19 22 is
900 1194 23 15 or
944 1185 72 32 ought
1034 1189 22 19 to
1075 1186 28 23 be
1122 1186 68 24 taken
1211 1195 22 15 as

659 1220 117 29 springing
798 1219 57 23 from
879 1226 43 23 any
946 1219 160 31 preconcerted
1131 1219 54 31 plan
1213 1220 24 23 of

659 1251 75 24 attack
746 1260 59 23 upon
812 1252 38 23 the
860 1253 88 22 various
955 1251 138 24 settlements
1101 1253 22 22 in
1130 1252 103 24 different

659 1286 99 29 portions
771 1285 24 23 of
805 1284 44 24 this
862 1293 24 14 or
897 1293 54 15 even
964 1284 39 24 the
1015 1284 62 23 other
1093 1284 81 30 island,
1188 1286 47 23 that

659 1317 38 23 the
709 1323 47 18 rest
768 1318 25 23 of
851 1317 140 24 settlements
1000 1317 56 23 have
1066 1324 27 16 an
1101 1318 65 30 equal
1174 1319 61 30 right

659 1355 23 18 to
693 1350 64 24 share
769 1352 24 21 in
804 1351 38 22 the
853 1352 124 30 protection
995 1350 22 23 of
1028 1350 36 23 the
1077 1350 155 25 Government

659 1391 25 15 as
695 1384 114 23 ourselves
817 1393 6 19 ;
843 1384 44 22 and
898 1384 63 22 when
972 1385 19 21 it
1008 1384 20 22 is
1043 1384 131 23 recollected
1186 1384 48 24 that

659 1416 36 23 the
708 1417 68 22 tribes
788 1424 61 15 more
864 1416 151 30 immediately
1027 1417 123 22 concerned
1160 1417 24 22 in
1197 1417 36 23 the

659 1449 68 30 affray
741 1454 22 18 at
774 1449 85 23 Nelson
870 1457 37 15 are
918 1449 124 29 intimately
1052 1449 120 23 connected
1181 1450 52 23 with

658 1482 34 23 far
703 1490 61 15 more
781 1482 109 30 powerful
901 1483 70 22 tribes
984 1486 21 18 to
1022 1482 36 23 the
1070 1483 127 22 northward
1212 1483 25 23 of

659 1515 44 22 this
714 1515 70 30 place,
793 1514 45 24 and
845 1516 25 22 in
882 1515 36 23 the
929 1522 62 16 more
1004 1515 126 23 immediate
1141 1516 97 30 vicinity

659 1547 24 23 of
692 1556 61 15 more
772 1547 136 24 defenceless
925 1549 101 29 portions
1048 1547 25 23 of
1090 1556 41 15 our
1150 1548 83 24 fellow-

659 1580 104 24 colonists
781 1581 57 23 from
857 1580 58 23 their
932 1588 61 16 more
1014 1580 94 24 isolated
1126 1580 107 25 locations

657 1613 44 23 and
712 1615 91 29 paucity
814 1614 25 22 of
854 1614 113 28 numbers,
982 1613 52 31 they
1054 1618 81 19 cannot
1154 1620 79 24 expect

657 1646 48 23 that
725 1646 37 25 the
781 1646 71 24 whole
872 1646 126 31 disposable
1016 1646 60 23 force
1088 1646 26 23 of
1128 1647 37 23 the
1184 1648 48 23 Go-

657 1684 115 20 vernment
784 1687 40 18 qan
833 1679 28 23 be
870 1679 97 24 directed
979 1684 23 19 to
1014 1687 41 15 one
1066 1681 71 30 point,
1150 1680 84 32 though

656 1713 18 22 it
685 1712 41 23 has
737 1712 98 23 hitherto
846 1713 57 22 been
912 1712 97 24 suffered
1021 1716 21 19 to
1050 1714 86 22 remain
1148 1721 32 21 so,
1191 1714 42 23 and

657 1745 109 24 therefore
786 1746 18 23 it
824 1745 96 23 behoves
941 1746 62 23 them
1023 1750 22 18 to
1065 1745 28 24 be
1111 1746 39 23 the
1169 1754 63 16 more

657 1780 99 21 cautious
776 1778 50 23 how
849 1779 49 30 they
922 1780 51 29 give
996 1786 49 22 way
1065 1783 21 19 to
1111 1787 46 22 any
1179 1787 54 16 even

653 1811 124 30 justifiable
789 1813 143 30 expressions
940 1820 24 15 or
974 1811 136 24 exhibitions
1120 1812 26 22 of
1153 1812 79 29 alarm,

656 1852 25 15 or
692 1846 24 21 in
728 1845 110 31 directing
857 1845 58 22 their
934 1850 139 18 movements
1092 1845 35 23 for
1144 1846 91 30 putting

657 1877 132 23 themselves
809 1879 24 21 in
852 1886 21 15 a.
885 1883 57 18 state
961 1878 26 23 of
1003 1879 172 30 precautionary
1195 1879 38 23 de-

655 1910 73 28 fence,
741 1911 42 22 lest
795 1911 52 30 they
866 1916 80 24 create,
965 1912 31 29 by
1012 1911 58 22 their
1083 1917 48 17 acts
1144 1920 24 14 as
1186 1912 48 23 well

655 1951 25 15 as
711 1944 58 22 their
798 1944 120 23 indiscreet
946 1944 146 23 declarations
1122 1944 25 22 of
1179 1946 55 22 mis-

655 1980 59 19 trust
734 1977 23 22 in
777 1977 37 22 the
836 1984 137 15 assurances:
988 1977 72 18 which
1080 1977 38 17 tka
1139 1977 99 19 Natives''

655 2006 50 29 give
718 2006 23 21 of
751 2005 58 22 their
821 2005 125 22 confidence
958 2005 25 22 of
995 2004 37 23 the
1044 2005 95 31 dispute,
1152 2005 86 31 having;

656 2038 70 22 ended
739 2038 71 22 where
823 2038 18 22 it
851 2038 79 29 began,
944 2045 13 15 a
969 2037 46 23 real
1026 2038 87 29 ground
1125 2038 25 22 of
1164 2038 68 24 alarm

655 2076 103 24 amongst
776 2071 64 22 those
858 2078 52 22 very
922 2071 102 27 Natives,
1046 2078 24 15 as
1087 2075 24 18 to
1130 2079 40 15 our
1189 2072 45 23 real

655 2104 102 22 motives.
793 2103 43 23 We
848 2103 58 23 shall
917 2109 38 17 not
976 2111 82 23 pursue
1075 2111 40 15 our
1131 2104 102 23 remarks

656 2137 85 22 further
753 2140 22 19 at
786 2141 98 25 present,
897 2144 24 15 as
935 2144 31 15 we
986 2141 80 18 cannot
1083 2136 28 23 do
1132 2145 23 15 so
1167 2138 66 30 fairly

655 2170 57 22 until
732 2177 32 15 we
784 2177 37 15 are
841 2169 93 23 enabled
951 2175 23 17 to
996 2174 34 18 set
1049 2170 58 22 forth
1129 2170 37 23 the
1188 2171 45 23 real

656 2207 57 19 state
734 2203 23 23 of
779 2202 38 24 the
836 2210 51 16 case
906 2203 57 23 from
984 2202 37 22 the
1040 2202 131 32 beginning,
1191 2203 42 23 and

655 2243 68 23 argue
735 2236 37 23 the
784 2243 51 16 case
847 2236 80 30 coolly,
939 2235 201 31 notwithstanding
1151 2244 33 15 we
1195 2245 38 14 are

655 2269 90 23 taunted
758 2269 52 22 with
822 2269 68 30 being
902 2268 155 24 cold-blooded
1073 2269 44 23 and
1128 2269 105 23 destitute

655 2302 25 22 of
694 2302 83 30 feeling
787 2302 35 22 for
835 2302 36 22 the
890 2302 120 29 sufferings
1027 2302 24 22 of
1066 2302 75 23 others
1143 2315 32 3 —
1175 2302 56 24 feel-

655 2335 51 30 ings
718 2342 37 16 are
767 2339 40 19 not
826 2335 115 23 measured
960 2335 31 30 by
1002 2334 37 23 the
1057 2335 100 23 violence
1179 2335 54 23 with

655 2367 72 23 which
748 2368 53 30 they
812 2375 37 16 are
868 2367 128 31 expressed,
1016 2375 41 16 nor
1075 2368 30 30 by
1117 2368 36 23 the
1174 2368 58 23 shew

655 2400 51 31 they
718 2400 66 23 make
793 2410 5 19 ;
819 2400 44 23 and
871 2401 18 22 it
899 2401 19 22 is
930 2401 34 23 for
977 2400 37 24 the
1025 2401 50 23 best
1089 2402 108 23 interests
1210 2402 25 22 of

655 2441 13 15 a
680 2434 144 30 community,
836 2434 24 22 in
873 2441 61 15 cases
946 2434 23 23 of
980 2433 90 31 general
1078 2434 79 29 alarm,
1170 2434 63 24 when

655 2474 61 15 some
729 2474 41 15 can
781 2467 27 22 be
828 2466 69 23 found
917 2474 24 15 so
963 2467 34 23 far
1014 2471 21 18 to
1047 2467 118 23 command
1176 2467 57 23 their

654 2499 94 30 feelings
758 2499 58 23 from
828 2500 115 30 assuming
962 2500 39 23 the
1022 2499 113 24 character
1151 2500 24 23 of
1190 2509 43 15 un-

654 2532 133 30 governable
801 2533 111 30 passions,
924 2533 44 23 and
990 2532 92 31 thereby
1093 2533 81 23 render
1195 2533 38 24 the

654 2566 142 22 unfortunate
809 2565 133 24 individuals
961 2565 87 31 subject
1059 2569 22 20 to
1094 2566 58 23 their
1163 2567 70 23 influ-

654 2606 53 15 ence
727 2598 52 31 only
802 2598 84 31 objects
906 2599 24 23 of
952 2600 140 29 compassion
1111 2600 44 22 and
1175 2600 58 31 pity,

654 2631 86 23 instead
760 2632 24 22 of
807 2639 41 15 one
869 2631 25 24 of
914 2640 13 15 a
947 2632 98 30 rallying
1065 2634 71 28 point,
1160 2633 73 23 where

654 2665 64 22 sober
729 2672 80 15 reason
821 2665 44 22 and
875 2666 47 22 cool
931 2665 43 23 and
983 2664 120 24 deliberate
1111 2666 123 30 judgment

654 2697 70 30 ought
736 2702 22 18 to
769 2697 28 23 be
809 2697 81 24 looked
899 2698 33 23 for
941 2699 31 29 by
980 2697 63 24 those
1052 2698 74 23 whose
1137 2700 96 23 stations

654 2731 22 22 in
689 2730 38 23 life
739 2730 135 31 necessarily
885 2730 91 24 renders
988 2730 61 23 them
1070 2732 81 22 unable
1162 2737 24 18 to
1197 2737 36 19 act

654 2771 25 15 or
699 2767 23 19 to
739 2763 70 31 judge
827 2763 34 23 for
881 2764 134 23 themselves
1035 2764 24 23 in
1079 2770 111 18 moments
1211 2766 25 23 of

654 2803 142 20 emergency.

689 2839 27 23 In
736 2839 93 23 another
847 2843 51 27 part
914 2840 23 22 of
960 2847 40 16 our
1019 2839 101 24 columns
1140 2841 45 23 will
1206 2841 28 24 be

654 2872 69 23 found
735 2876 41 19 two
789 2872 116 23 addresses
917 2873 57 23 from
995 2871 36 24 the
1051 2873 78 23 Police
1142 2874 91 31 Magis-

654 2909 57 19 trate
721 2913 60 23 upon
793 2905 43 23 this
854 2905 29 23 all
903 2906 133 30 engrossing
1048 2906 95 31 subject,
1155 2915 42 15 one
1210 2913 22 18 to

654 2938 38 23 the
714 2938 88 23 settlers
825 2939 43 22 and
889 2938 36 24 the
947 2939 63 23 other
1031 2943 23 18 to
1072 2939 38 23 the
1129 2940 102 24 Natives.

654 2970 50 24 The
716 2971 56 24 calm
782 2971 46 24 and
840 2972 111 31 confiding
963 2978 52 18 tone
1027 2972 25 23 of
1064 2972 96 24 reliance
1172 2982 62 22 upon

654 3004 37 23 the
702 3004 91 31 general
803 3005 60 30 good
881 3005 84 31 feeling
984 3005 25 23 of
1024 3005 37 24 the
1073 3005 94 24 Natives
1180 3007 53 24 here

654 3037 43 23 and
708 3036 127 30 elsewhere,
850 3038 45 23 will
912 3043 46 24 not,
970 3038 105 31 perhaps,
1095 3040 81 29 satisfy
1195 3040 38 23 the

653 3070 73 22 minds
744 3070 25 22 of
783 3078 75 23 many,
879 3070 74 24 whose
974 3071 60 23 fears
1055 3079 60 15 seem
1134 3075 22 19 to
1175 3072 58 24 have

652 3102 72 23 bereft
734 3102 61 23 them
807 3103 26 22 of
847 3103 29 23 all
887 3111 85 23 powers
992 3104 25 23 of
1030 3105 128 30 reasoning.
1195 3106 36 23 To

653 3135 55 23 such
720 3135 17 23 it
748 3135 71 23 would
831 3135 28 24 be
871 3137 70 23 under
951 3141 93 27 present
1055 3138 175 24 circumstances

653 3168 86 23 useless
751 3172 21 19 to
784 3168 94 24 address
890 3170 121 28 ourselves,
1024 3175 79 25 except
1115 3171 18 22 it
1144 3171 20 23 is
1178 3172 55 23 with

654 3209 13 15 a
678 3202 86 22 sincere
774 3201 59 30 hope
845 3202 49 22 that
905 3209 24 15 as
949 3203 63 23 there
1024 3202 40 23 has
1079 3210 51 16 now
1142 3204 90 31 elapsed

653 3238 39 18 ten
710 3233 54 31 days
782 3234 62 23 since
861 3235 38 22 the
911 3242 66 16 cause
996 3235 25 22 of
1033 3235 60 23 their
1104 3236 70 25 alarm
1193 3238 38 23 be-

652 3274 44 23 gan
708 3267 44 23 and
773 3268 78 27 ended,
864 3268 49 22 that
929 3268 57 31 they
995 3268 43 22 will
1049 3268 27 23 be
1096 3269 95 25 induced
1210 3276 21 18 to

652 3301 50 29 give
714 3300 105 23 credence
832 3305 22 18 to
866 3300 38 24 the
922 3308 133 17 assurances
1075 3306 35 19 set
1129 3302 62 25 forth
1206 3304 26 23 in

652 3332 64 24 those
737 3333 124 29 addresses,
873 3334 49 23 that
941 3334 39 24 the
997 3334 127 24 confidence
1145 3336 87 25 therein

653 3365 121 31 expressed
784 3367 20 22 is
813 3367 101 31 justified
923 3375 63 23 upon
996 3367 37 23 the
1052 3372 114 27 strongest
1184 3371 47 22 evi-

653 3398 69 24 dence
733 3399 48 23 that
793 3400 65 22 could
869 3400 28 23 be
909 3400 85 24 wished
1014 3400 33 23 for
1067 3400 44 24 and
1127 3402 104 24 obtained

653 3439 60 23 upon
724 3432 38 24 the
773 3432 95 31 subject.
904 3433 78 31 Every
990 3433 136 31 subsequent
1137 3440 94 19 account

653 3464 49 23 that
718 3464 42 24 has
777 3466 96 23 reached
890 3474 28 15 us
936 3466 60 24 from
1007 3466 37 23 the
1055 3468 89 22 various
1154 3468 76 31 places

654 3497 24 23 of
692 3497 114 25 residence
817 3499 26 23 of
856 3499 38 23 the
906 3499 57 24 tribe
974 3499 54 23 with
1045 3498 73 24 whom
1132 3499 45 25 this
1189 3509 41 16 en-

654 3535 91 18 counter
766 3532 131 30 originated,
909 3532 66 24 tends
982 3556 3 4 ,
995 3536 22 18 to
1035 3531 94 24 confirm
1149 3533 29 24 all
1191 3535 37 23 the

653 3563 104 30 previous
769 3571 138 22 assurances,
920 3565 47 23 that
977 3570 25 18 as
1010 3563 35 23 far
1057 3572 23 15 as
1092 3572 44 23 any
1143 3566 87 25 further

653 3595 98 24 violence
770 3603 55 17 even
841 3598 86 29 against
944 3597 40 23 the
1003 3598 83 28 parties
1107 3598 48 23 who
1172 3607 57 16 were

654 3628 100 31 engaged
765 3630 23 21 in
800 3630 24 27 it,
838 3630 44 22 and
897 3629 49 23 who
965 3636 26 16 as
1010 3629 39 23 the
1069 3630 93 24 Natives
1175 3640 53 16 con-

655 3660 51 23 tend
718 3668 56 17 were
786 3661 37 24 the
835 3670 135 22 aggressors,
980 3662 66 23 much
1054 3663 45 23 less
1110 3671 44 23 any
1166 3665 63 24 other

645 3694 96 29 .portion
753 3694 24 23 of
792 3694 37 23 the
842 3694 66 24 white
925 3694 80 32 people
1026 3696 19 22 is
1064 3697 164 30 apprehended,

654 3725 61 23 there
727 3727 19 21 is
758 3731 39 18 not
809 3727 37 23 the
867 3727 105 31 slightest
993 3727 54 24 fear-
1059 3736 23 16 so
1105 3729 34 24 far
1154 3739 25 15 as
1191 3732 37 22 the

654 3758 94 23 Natives
766 3767 37 15 are
822 3760 129 24 concerned.
1000 3760 59 24 That
1077 3762 53 31 they
1150 3763 78 24 should

654 3791 111 32 naturally
783 3791 29 24 be
835 3800 28 15 on
883 3793 37 23 the
939 3793 64 28 alert,
1026 3794 44 23 and
1091 3795 28 24 be
1139 3798 90 30 putting

654 3823 133 25 themselves
807 3826 24 22 in
850 3833 13 16 a
883 3830 56 19 state
958 3826 26 23 of
998 3824 98 32 defence,
1109 3833 82 19 cannot
1200 3830 29 23 be

652 3857 118 24 ■wondered
783 3862 30 25 at,
826 3866 24 16 as
870 3858 52 31 they
932 3863 83 20 cannot
1031 3860 137 25 understand
1189 3870 40 16 our

653 3890 65 23 mode
729 3890 27 23 of
769 3890 50 25 civU
826 3907 3 4 ■
835 3891 150 31 jurisdiction,
997 3892 43 23 and
1059 3894 47 23 still
1123 3894 46 24 less
1190 3903 40 16 our

1270 123 63 24 mode
1345 124 25 22 of
1383 123 99 27 warfare,
1494 129 67 17 never
1572 120 84 32 having
1666 129 31 23 up
1709 126 22 17 to
1743 121 37 23 the
1790 122 55 23 time

1270 155 24 23 of
1308 155 45 23 this
1367 162 130 16 occurrence
1513 155 56 23 been
1581 154 38 23 the
1631 154 87 31 subject
1730 154 24 22 of
1769 154 75 23 attack

1268 188 57 23 from
1374 188 75 23 armed
1461 187 59 31 body
1539 188 26 22 of
1585 187 67 23 white
1673 186 87 31 people.
1795 186 49 23 The

1264 220 103 31 justness
1379 227 32 17 or.
1420 221 114 29 propriety
1544 220 25 22 of
1584 220 51 22 that
1654 219 76 23 attack
1746 226 32 15 we
1798 218 46 23 will

1270 257 38 19 not
1317 260 50 15 now
1377 252 95 23 discuss.

1301 284 206 30 Notwithstanding
1519 284 48 23 that
1582 285 21 22 is
1615 284 39 22 the
1672 282 83 32 feeling
1766 283 25 23 of
1806 283 38 24 the

1268 317 173 30 representative
1456 317 25 22 of
1495 316 38 23 the
1540 314 236 25 LocafcGovernntent
1781 315 62 29 here,

1268 348 35 28 he,
1327 357 23 15 as
1374 356 66 22 every
1459 356 53 15 man
1532 356 25 15 so
1575 348 177 23 circumstanced
1768 348 76 23 would

1268 386 59 18 most
1342 381 85 30 readily
1438 381 44 24 and
1501 380 119 30 anxiously
1632 380 36 28 do,
1682 380 70 23 called
1772 385 23 18 to
1807 380 36 24 his

1267 414 36 22 aid
1316 413 37 23 the
1365 413 71 24 Local
1447 413 153 31 Magistrates,
1614 413 45 22 and
1670 413 22 22 in
1705 420 65 16 accor
1778 413 63 22 lance

1267 446 53 23 with
1332 446 56 23 their
1400 446 87 29 wishes,
1500 446 41 23 has
1553 445 131 23 authorized
1699 445 39 23 the
1750 447 93 29 organi-

1267 479 73 22 zation
1364 479 24 22 of
1407 479 37 22 the
1466 479 138 22 inhabitants
1626 479 48 22 into
1694 486 14 14 a
1726 478 117 23 volunteer

1267 519 61 22 corp,
1341 511 43 24 and
1395 512 41 22 has
1447 511 115 24 entrusted
1572 516 21 17 to
1601 519 29 14 an
1639 510 98 23 efficient
1746 511 97 30 military

1266 544 76 23 settler
1355 544 36 23 the
1408 548 157 27 arrangement
1581 543 25 23 of
1621 551 14 15 a
1655 543 88 30 battery
1753 543 36 23 for
1805 543 37 23 the

1264 578 123 29 protection
1400 577 24 22 of
1440 576 38 23 the
1495 582 65 22 town,
1574 576 52 30 only
1638 576 122 30 requiring,
1773 584 25 15 as
1811 583 32 16 we

1266 609 66 23 think
1343 609 28 23 he
1381 610 19 22 is
1418 609 93 23 entitled
1522 614 22 18 to
1559 609 36 28 do,
1608 609 50 22 that
1670 616 28 15 no
1711 613 63 26 steps
1785 609 57 23 shall

1264 642 28 23 be
1311 642 68 23 taken
1398 642 30 30 by
1440 650 43 22 any
1494 641 158 31 irresponsible
1668 641 134 23 individuals
1819 642 23 22 in

1264 675 87 30 issuing
1363 682 42 23 any
1423 675 76 23 orders
1518 679 21 19 to
1558 674 37 23 the
1612 674 139 23 inhabitants
1763 674 79 23 unless

1266 707 51 31 they
1329 707 56 22 shall
1402 707 48 23 first
1462 707 56 24 have
1529 708 57 22 been
1602 706 122 23 submitted
1735 707 72 22 either
1820 712 22 17 to

1266 740 93 23 himself
1376 747 24 15 or
1417 747 61 15 some
1498 740 24 22 of
1539 740 38 23 the
1598 740 149 30 Magistrates
1765 740 25 22 of
1804 740 38 22 the

1264 773 96 28 district,
1374 773 42 22 and
1428 773 129 22 sanctioned
1569 773 29 29 by
1611 773 58 22 their
1682 772 113 31 approval.

1297 835 28 23 In
1337 842 86 16 answer
1435 839 21 19 to
1468 842 41 16 our
1521 834 192 31 contemporary's
1725 835 79 22 article
1812 842 30 16 on

1264 868 37 23 the
1315 868 65 23 Land
1391 868 120 28 Question,
1524 875 32 15 we
1568 872 62 18 must
1641 875 47 22 say,
1701 867 49 22 that
1761 867 28 23 he
1800 867 41 23 has

1264 901 86 23 treated
1362 909 26 14 us
1400 905 59 18 most
1470 900 105 29 unfairly.
1618 899 41 23 He
1679 907 52 22 says
1743 900 37 22 the
1795 900 45 22 Ga-
1850 898 2 24 I

1263 936 57 20 zette
1330 933 42 23 has
1384 933 82 23 chosen
1477 933 38 23 the
1526 936 92 27 present
1629 936 100 19 moment
1741 936 22 19 to
1776 936 64 19 enter

1263 967 47 22 into
1334 967 37 22 the
1394 966 125 23 discussion
1542 965 25 23 of
1592 964 39 24 the
1659 964 67 23 Land
1756 964 85 24 Claims

1264 999 120 25 Question.

1297 1032 23 23 A
1330 1032 58 23 little
1403 1030 88 24 further
1509 1039 36 19 on,
1566 1030 29 23 he
1614 1038 53 22 says
1685 1030 37 23 the
1767 1031 75 22 writer

1429 1063 61 30 Why
1519 1064 53 22 does
1601 1070 41 16 our
1671 1067 169 27 contemporary

1263 1098 84 30 change
1370 1097 34 23 his
1416 1096 65 23 mode
1497 1097 25 22 of
1536 1096 149 30 designation,
1704 1096 79 31 taking
1791 1096 50 23 first

1287 1131 37 23 the
1481 1130 53 23 then
1580 1136 42 16 our

1263 1164 43 23 and
1317 1164 66 30 again
1419 1163 73 22 writer
1500 1163 9 22 ?
1576 1161 42 23 We
1631 1162 45 30 beg
1687 1168 22 17 to
1721 1163 58 22 refer
1792 1163 46 22 him

1263 1202 21 18 to
1297 1204 39 16 our
1348 1196 152 30 introductory
1509 1195 109 28 remarks,
1633 1196 23 22 in
1668 1203 41 15 our
1720 1195 44 23 last
1771 1203 67 15 num-

1262 1230 46 28 ber,
1322 1229 43 23 and
1377 1229 27 22 he
1412 1229 45 22 will
1470 1229 62 22 there
1541 1236 37 15 see
1587 1228 58 28 that,
1658 1228 52 23 with
1724 1228 115 23 reference

1263 1268 21 18 to
1307 1262 37 23 the
1362 1270 54 21 very
1436 1262 77 22 article
1531 1261 27 23 he
1577 1269 24 14 so
1618 1261 53 30 ably
1688 1260 102 30 dissects,
1807 1269 32 15 we

1262 1295 66 24 make
1339 1295 38 23 the
1389 1302 61 16 same
1459 1293 110 29 remarks,
1585 1294 46 22 viz.
1633 1306 34 4 —
1692 1293 99 31 Though
1806 1302 32 15 we

1262 1328 52 23 take
1326 1336 13 14 a
1350 1327 103 30 different
1467 1327 44 23 and
1529 1334 61 16 more
1611 1326 112 23 extended
1740 1328 57 21 view
1816 1326 26 24 of

1261 1361 38 23 the
1317 1369 50 15 case
1384 1361 54 23 than
1457 1368 41 15 our
1509 1359 181 30 correspondent,
1709 1359 41 23 but
1762 1359 49 23 that
1821 1361 18 21 it

1261 1395 19 22 is
1294 1394 50 30 only
1355 1394 29 30 by
1403 1393 118 30 collecting
1532 1393 103 30 opinions
1653 1392 25 23 of
1698 1392 31 22 all
1746 1393 91 29 parties,

1261 1428 43 22 and
1316 1427 111 31 weighing
1434 1426 60 24 them
1503 1425 80 30 calmly
1590 1425 47 23 and
1644 1425 193 31 dispassionately,

1261 1460 49 24 that
1321 1467 32 16 we
1366 1467 39 16 can
1415 1460 59 30 hope
1484 1463 23 18 to
1518 1466 37 15 see
1565 1458 46 23 this
1622 1458 105 30 question
1741 1458 98 31 brought

1262 1498 22 18 to
1304 1501 14 15 a
1341 1493 65 28 close,
1434 1492 50 23 that
1506 1491 62 23 there
1590 1491 42 23 has
1656 1491 55 23 been
1738 1499 13 15 a
1778 1496 60 19 most

1261 1526 111 23 shameful
1383 1525 132 31 supineness
1527 1531 28 16 on
1567 1524 38 23 the
1618 1529 51 26 part
1684 1524 56 23 both
1758 1524 23 23 of
1799 1524 39 24 the

1263 1559 116 31 Company
1400 1558 54 24 and,
1461 1557 39 24 the
1519 1557 163 28 Government,
1701 1557 45 23 and
1762 1561 24 19 to
1809 1557 29 23 all

1262 1599 143 24 appearance,
1417 1599 29 15 an
1456 1596 61 18 utter
1529 1591 165 22 abandonment
1707 1590 24 23 of
1741 1590 30 23 all
1783 1598 54 15 con-

1262 1625 121 23 sideration
1395 1625 39 22 for
1451 1624 38 23 the
1507 1624 87 31 painful
1611 1624 97 31 position
1725 1624 25 22 in
1765 1624 74 22 which

1262 1658 37 23 the
1311 1658 89 23 settlers
1411 1665 38 15 are
1458 1657 86 31 placed,
1555 1657 63 23 there
1630 1664 41 15 can
1683 1657 28 22 be
1722 1664 28 15 no
1758 1656 77 23 doubt.

1261 1691 43 23 We
1328 1691 56 23 shall
1405 1691 104 22 continue
1526 1696 22 17 to
1571 1690 60 23 refer
1649 1694 22 18 to
1690 1690 46 22 this
1752 1690 87 30 subject

1261 1724 136 30 incessantly
1417 1723 60 23 until
1488 1723 128 31 something
1631 1722 97 23 decisive
1747 1723 91 23 renders

1262 1757 30 23 all
1310 1757 85 23 further
1417 1756 115 24 referance
1774 1756 66 23 With

1261 1790 59 23 what
1330 1790 101 27 fairness,
1445 1789 56 24 after
1514 1789 36 23 the
1562 1789 77 28 above,
1651 1796 40 15 our
1710 1792 128 28 contempo-

1261 1831 51 22 rary
1325 1831 40 15 can
1377 1830 77 16 accuse
1464 1830 27 15 us
1503 1824 24 22 of
1568 1822 121 30 distorting
1709 1822 65 23 facts,
1796 1822 44 23 and

1261 1856 104 30 garbling
1386 1855 104 24 evidence
1511 1860 22 19 to
1555 1855 68 23 make
1645 1860 39 18 out
1710 1863 41 15 our
1779 1862 58 17 case.

1262 1890 83 29 Again,
1390 1897 40 15 our
1448 1894 169 25 contemporary
1635 1895 94 24 appears
1748 1892 22 19 to
1783 1888 55 23 have

1262 1922 114 23 borrowed
1386 1923 58 22 from
1454 1929 35 21 us,
1508 1922 38 23 the
1563 1922 91 30 opinion
1673 1921 49 23 that
1732 1921 38 23 the
1791 1921 48 23 Go-

1262 1960 117 18 vernment
1387 1955 69 30 ought
1467 1959 41 19 not
1527 1959 22 18 to
1567 1954 58 23 have
1643 1954 134 28 recognized
1796 1962 44 20 any

1251 1979 9 8 r
1261 1985 61 28 right
1333 1984 23 21 in
1369 1985 36 20 the
1415 1984 94 21 Natives
1522 1987 21 18 to
1551 1983 53 22 land
1611 1982 74 23 which
1692 1983 54 29 they
1755 1983 21 22 di
1786 1979 9 26 f
1801 1989 39 17 not

1262 2023 84 23 occupy
1356 2024 6 19 ;
1381 2015 40 23 but
1429 2015 28 23 he
1468 2014 42 24 has
1523 2023 23 15 so
1557 2015 123 30 disfigured
1691 2017 26 26 it,
1729 2015 24 23 in
1772 2015 68 23 order

1263 2052 22 19 to
1297 2048 63 23 make
1370 2048 18 23 it
1398 2055 55 21 pass
1466 2048 47 30 for
1524 2048 35 22 his
1570 2055 55 21 own,
1645 2056 25 15 as
1683 2053 23 18 to
1724 2048 80 23 render
1823 2049 17 22 it

1262 2081 79 30 hardly
1564 2080 43 24 We
1618 2081 59 23 have
1688 2081 83 30 always
1783 2088 54 16 con-

1263 2114 87 29 tended,
1364 2114 46 23 that
1419 2122 28 15 an
1459 2114 89 31 opinion
1555 2114 63 23 when
1630 2115 82 30 clearly
1719 2114 121 32 expressed

1262 2149 19 21 is
1304 2148 72 22 better
1393 2147 112 31 repeated,
1530 2147 52 23 than
1602 2152 42 25 put
1672 2147 117 32 alongside
1819 2148 23 23 of

1262 2181 93 22 another
1377 2180 71 23 which
1469 2181 19 22 is
1508 2180 115 31 equivocal
1633 2190 5 19 ;
1665 2181 43 23 and
1731 2189 32 15 we
1785 2181 55 23 have

1261 2222 68 15 never
1368 2213 109 24 hesitated
1509 2213 114 31 following
1652 2214 49 23 that
1732 2214 115 29 doctrine,'

1261 2247 66 23 when
1343 2254 33 16 we
1391 2247 56 22 have
1469 2246 41 23 felt
1527 2254 33 16 we
1579 2247 66 22 could
1665 2247 27 23 do
1716 2255 25 16 so
1760 2253 21 17 to
1802 2247 38 24 the

1262 2280 122 31 advantage
1398 2279 25 23 of
1438 2279 37 23 the
1496 2288 65 15 cause
1579 2288 33 15 we
1634 2280 74 23 would
1725 2281 113 28 advocate,

1261 2313 40 23 but
1313 2321 31 15 we
1357 2321 36 15 are
1404 2313 148 23 unconscious
1565 2313 25 22 of
1599 2321 53 15 ever
1663 2313 84 31 having
1758 2314 81 23 endea-

1261 2346 82 23 voured
1357 2351 20 18 to
1389 2346 75 30 garble
1478 2354 24 15 or
1515 2346 78 23 distort
1613 2346 62 24 them
1695 2351 23 19 to
1739 2347 45 23 suit
1800 2355 40 15 our

1262 2387 48 15 own
1332 2380 75 22 views.
1456 2379 42 22 We
1520 2379 56 23 have
1600 2379 82 31 always
1690 2379 9 10 *
1708 2380 132 31 deprecated

1261 2412 82 31 special
1355 2412 104 31 pleading
1471 2420 27 14 on
1511 2412 37 23 the
1559 2417 51 26 part
1621 2412 27 24 of
1657 2413 37 23 the
1707 2413 132 23 conductors

1263 2446 23 22 of
1308 2446 76 30 public
1401 2445 111 31 journals.
1558 2445 72 24 Their
1651 2450 137 26 arguments,
1807 2455 32 14 we

1261 2478 103 29 contend,
1374 2479 100 23 however
1486 2486 32 15 we
1536 2486 52 23 may
1598 2479 58 23 have
1676 2480 67 22 failed
1762 2481 23 21 in
1798 2488 40 15 our

1261 2519 50 16 case
1325 2517 21 17 to
1359 2516 34 19 act
1404 2520 31 22 up
1447 2516 21 18 to
1480 2513 26 27 it,
1518 2512 71 30 ought
1609 2516 24 19 to
1654 2513 28 22 be
1693 2513 70 22 based
1778 2521 60 23 upon

1261 2545 38 22 the
1310 2545 70 24 broad
1391 2545 60 23 basis
1465 2545 26 22 of
1505 2545 73 23 sound
1592 2545 93 31 justice,
1699 2547 84 30 equity,
1797 2546 43 23 and

1261 2577 38 24 the
1310 2578 97 30 aptitude
1427 2578 24 22 of
1466 2577 38 24 the
1523 2579 140 29 proposition
1684 2579 82 31 sought
1778 2584 22 18 to
1812 2580 28 23 be

1262 2611 84 23 carried
1360 2615 37 19 out
1414 2615 23 19 to
1455 2611 38 23 the
1513 2612 98 29 existing
1629 2616 57 18 state
1708 2612 24 23 of
1748 2612 75 31 things
1832 2622 5 19 ;

1261 2644 40 23 but
1312 2648 22 19 to
1346 2645 63 22 those
1420 2644 49 23 who
1489 2652 50 22 may
1551 2645 56 22 wish
1624 2645 98 31 through
1742 2646 37 23 the
1793 2654 47 14 me-

1261 2676 61 24 dium
1334 2677 24 23 of
1374 2677 57 23 their
1444 2677 100 24 columns
1557 2682 22 19 to
1591 2686 94 23 express
1700 2679 58 23 their
1772 2680 68 22 views

1262 2710 44 23 and
1325 2711 101 30 opinions
1444 2718 62 23 upon,
1528 2712 116 30 questions
1667 2719 24 15 as
1715 2711 53 31 they
1788 2720 52 23 may

1261 2744 65 28 arise,
1339 2751 25 16 so
1376 2744 53 30 long
1440 2751 24 15 as
1484 2744 53 31 they
1548 2752 37 15 are
1604 2745 122 30 expressed
1746 2746 24 22 in
1782 2750 57 18 tem-

1260 2781 75 26 perate
1346 2777 118 30 language,
1478 2777 44 23 and
1533 2777 50 23 void
1596 2777 24 23 of
1629 2778 106 30 personal
1746 2778 77 23 attack
1832 2787 5 20 ;

1261 2810 17 22 it
1289 2810 19 22 is
1321 2809 37 24 the
1370 2810 53 30 duty
1435 2810 24 23 of
1473 2818 28 15 us
1511 2814 23 19 to
1545 2810 72 23 afford
1628 2818 68 23 every
1705 2811 43 23 fair
1758 2819 82 24 oppor-

1261 2843 73 30 tunity
1346 2843 33 23 for
1395 2843 134 29 discussion,
1540 2843 95 24 without
1652 2844 70 31 being
1740 2845 51 23 held
1803 2853 36 15 re-

1261 2876 113 30 sponsible
1383 2876 35 23 for
1435 2876 38 23 the
1489 2877 132 23 sentiments
1641 2878 122 30 expressed
1771 2887 5 20 ;
1797 2878 43 23 and

1260 2916 41 16 our
1320 2914 166 26 contemporary
1506 2911 19 21 it
1542 2910 74 23 would
1637 2918 69 21 seem,
1724 2911 20 23 is
1762 2911 25 23 of
1802 2911 37 23 the

1260 2949 60 16 same
1333 2942 98 31 opinion,
1443 2942 34 23 for
1486 2944 24 21 iv
1531 2951 85 15 answer
1635 2948 23 18 to
1679 2951 13 15 a
1706 2951 132 24 correspon-

1260 2975 51 23 dent
1330 2975 78 31 signed
1446 2975 51 23 One
1510 2976 24 22 of
1548 2975 38 24 the
1722 2976 56 29 who,
1798 2975 41 32 (by

1259 3008 38 23 the
1308 3008 50 30 bye,
1371 3008 23 25 in
1404 3008 36 23 his
1453 3009 90 30 opinion
1563 3017 53 22 may
1627 3008 57 24 have
1696 3017 29 15 an
1736 3009 7 12 '
1752 3010 84 31 impos-

1259 3041 40 30 ing
1310 3041 165 31 appearance,')
1486 3041 29 23 he
1527 3049 52 23 says
1598 3043 25 22 in
1635 3050 14 15 a
1666 3046 52 19 note
1756 3050 32 16 we
1800 3050 38 16 are

1259 3078 23 19 at
1293 3073 29 23 all
1334 3075 64 22 times
1409 3074 87 30 willing
1506 3079 23 18 to
1546 3075 72 22 insert
1637 3075 38 22 the
1687 3076 151 23 communica-

1259 3108 58 22 tions
1338 3106 25 24 of
1377 3115 40 15 our
1437 3107 193 30 correspondents,
1642 3108 41 23 but
1701 3116 32 15 we
1753 3109 85 23 believe

1259 3139 37 24 the
1308 3141 129 29 aggression
1449 3140 87 30 spoken
1550 3140 22 23 of
1581 3141 80 28 above,
1671 3141 47 23 will
1729 3142 28 23 be
1768 3142 70 23 found

1259 3181 28 15 on
1298 3174 88 29 inquiry
1404 3177 22 18 to
1438 3173 28 22 be
1478 3181 29 15 on
1519 3174 38 22 the
1568 3178 50 26 part
1631 3174 25 23 of
1671 3174 39 24 the

1259 3232 37 23 To
1320 3238 50 16 the
1395 3231 177 25 Inhabitants
1601 3242 31 15 of
1657 3235 180 24 Wellington

1292 3272 51 17 and
1362 3271 35 16 its
1409 3264 129 31 Vicinity,
1551 3273 53 17 and
1616 3275 33 15 to
1662 3275 53 16 the
1728 3268 116 27 British,

1291 3299 127 22 Settlers
1430 3306 28 16 in
1472 3299 92 24 Cook's
1574 3300 118 25 Straits.

1250 3346 3 28 |
1290 3338 66 24 After
1377 3338 38 24 the
1436 3343 87 19 contest
1540 3344 24 19 at
1583 3339 101 30 Wairoa,
1701 3341 101 24 between
1825 3350 12 15 a

1250 3376 72 27 iparty
1333 3372 25 23 of
1372 3372 75 23 armed
1459 3372 97 24 Settlers
1573 3374 59 22 from
1652 3374 96 29 Nelson,
1768 3376 44 22 and
1825 3384 12 14 a

1257 3405 58 30 body
1327 3404 23 24 of
1357 3402 38 26 tlie
1405 3404 103 29 Natives,
1520 3405 75 24 which
1605 3406 43 23 has
1660 3407 58 23 been
1731 3409 106 22 attended

1257 3438 54 23 with
1321 3438 56 23 such
1386 3446 12 14 a
1408 3437 142 32 melancholy
1560 3438 47 24 loss
1626 3439 25 24 of
1666 3440 48 29 life,
1731 3440 14 23 I
1763 3441 46 23 feel
1820 3442 18 22 it

1258 3477 21 17 to
1290 3471 29 23 be
1328 3478 37 23 my
1374 3470 54 31 duty
1440 3475 23 19 to
1475 3470 36 31 lay
1521 3471 78 23 before
1618 3480 47 22 you
1678 3480 19 17 >a
1716 3478 121 19 statement

1257 3503 25 24 of
1290 3503 38 23 the
1339 3503 81 23 results
1432 3503 24 23 of
1472 3503 49 24 that
1539 3508 96 24 contest,
1654 3504 44 24 and
1710 3506 26 23 of
1751 3506 39 23 the
1800 3508 37 21 in-

1256 3536 202 24 formatiomwhich
1469 3536 13 23 I
1493 3536 57 23 have
1565 3537 58 23 been
1641 3537 50 24 able
1703 3542 22 19 to
1738 3539 97 30 acquire.

1255 3567 119 32 Although
1383 3569 83 29 \have
1477 3574 40 18 not
1529 3574 22 18 at
1561 3574 95 26 present
1666 3578 45 23 any
1722 3571 114 24 authenti-

1257 3602 63 23 cated
1331 3606 105 25 accounts
1447 3601 33 30 pf,
1486 3602 43 28 the,
1535 3602 102 32 number^
1643 3603 25 23 of
1682 3611 94 24 persons
1788 3605 49 23 who

1246 3652 3 5 .
1256 3635 55 23 have
1323 3634 57 23 been
1391 3631 66 39 sla^n,
1471 3635 13 23 I
1496 3630 285 36 amcompeiieaTO-fee^ve
1790 3638 47 23 that

1256 3669 18 23 it
1286 3668 40 22 has
1339 3667 56 23 been
1407 3670 55 20 verY
1471 3675 121 16 numerous
1601 3677 6 19 ;
1628 3669 44 23 and
1684 3670 63 23 there
1764 3678 19 15 is
1797 3671 40 23 but

1257 3704 36 19 too
1321 3699 66 24 much
1416 3692 80 44 reason
1519 3704 22 19 to
1564 3701 130 30 apprehend
1717 3703 47 23 that
1787 3704 48 23 Mr.

1256 3733 138 30 Thompson,
1412 3732 45 28 thej
1464 3733 77 24 Police
1553 3732 144 32 Magistrate,
1712 3736 45 22 and
1769 3736 66 31 Capt.

1255 3765 136 29 Wakefield,
1404 3765 37 23 the
1450 3758 136 39 Company's
1595 3766 85 31 Agent,
1692 3767 57 24 have
1757 3769 78 24 fallen.

1246 3798 47 25 ,No
1306 3806 41 15 one
1359 3804 143 31 amongjyou
1515 3806 39 17 can
1565 3804 77 26 regret
1653 3807 62 17 more
1727 3802 110 31 sincerely

1257 3831 53 24 than
1327 3831 83 31 myself
1427 3824 46 31 ttis
1491 3831 80 25 fearful
1587 3833 102 26 sacrifice
1708 3834 24 23 of
1753 3835 84 24 human

1256 3864 47 29 life,
1321 3872 25 15 or
1358 3872 39 15 can
1412 3857 46 35 fefel
1476 3872 61 16 more
1557 3864 80 32 deeply
1649 3865 37 24 the
1707 3867 46 24 loss
1764 3868 73 24 which

1257 3897 37 23 the
1301 3897 128 24 settlement
1437 3897 41 23 has
1486 3897 52 24 thus
1546 3899 116 23 sustained
1670 3908 5 19 ;
1686 3899 41 24 but
1734 3900 14 24 I
1757 3901 80 24 should

1871 120 39 23 fail
1920 121 24 22 in
1962 128 37 22 my
2011 120 54 31 duty
2077 120 39 23 did
2127 121 12 23 I
2152 125 40 20 not
2202 120 87 24 declare
2306 129 39 23 my
2356 126 88 22 convic-

1864 152 61 29 tion,
1933 152 57 24 after
1999 153 118 30 obtaining
2123 154 104 22 evidence
2236 153 58 24 from
2301 154 30 23 all
2338 161 108 27 quarters,

1872 185 48 24 that
1930 185 38 23 the
1978 185 71 31 affray
2059 193 45 14 was
2121 190 40 18 not
2171 186 39 23 the
2219 187 72 22 result
2303 187 24 22 of
2342 195 44 23 any
2395 197 52 23 pre-

1872 218 118 23 meditated
2001 218 79 29 design
2098 225 29 16 on
2139 219 39 22 the
2194 223 51 26 part
2256 219 26 22 of
2296 218 38 24 the
2346 219 100 33 Natives,

1871 251 40 22 but
1921 250 49 23 that
1981 258 28 15 on
2021 250 37 23 the
2070 255 104 26 contrary
2183 251 53 30 they
2247 251 83 30 sought
2340 252 29 30 by
2381 261 66 25 every

1871 289 76 16 means
1959 287 22 18 to
1992 287 63 18 avert
2065 283 26 31 it,
2104 284 44 21 and
2160 283 88 23 diddiot
2256 284 42 23 fire
2308 292 14 15 a
2329 284 51 24 shot
2389 289 58 22 until

1870 315 43 23 five
1924 315 26 23 of
1967 315 57 23 their
2043 319 65 26 party
2119 314 50 24 had'
2180 315 76 29 fallen,
2277 317 116 32 including
2410 320 37 23 the

1871 348 49 22 wife
1930 347 24 23 of
1969 347 146 31 Rangihiata,
2127 347 49 24 who
2188 352 23 19 at
2228 348 38 23 the
2277 355 99 18 moment
2395 352 54 24 bore

1871 380 34 22 his
1924 387 48 15 own
1988 387 42 15 son
2044 381 23 21 in
2079 380 41 23 her
2136 387 68 16 arms.
2249 381 71 32 Upon
2337 384 112 30 receiving

1872 413 36 22 the
1919 412 123 23 disastrous
2059 412 151 31 intelligence,
2228 414 85 31 feeling
2324 415 18 23 it
2354 420 21 19 to
2388 416 28 23 be
2428 419 21 22 of

1871 446 37 22 the
1924 446 49 22 first
1990 446 138 30 importance
2145 450 23 18 to
2186 446 75 23 obtain
2280 448 114 24 authentic
2411 451 36 22 in-

1870 477 118 24 formation
1999 478 26 22 of
2042 477 38 23 the
2097 477 103 30 Natives,
2218 479 14 22 I
2246 479 151 33 immediately
2408 488 41 25 put

1871 510 82 30 myself
1967 510 24 23 in
2002 511 189 23 communication
2209 512 52 22 with
2273 512 65 24 those
2355 522 94 23 persons

1870 543 48 23 who
1930 550 56 16 were
1995 544 24 22 in
2032 551 14 14 a
2055 544 98 29 position
2166 547 22 19 to
2197 543 88 25 furnish
2298 552 102 19 accurate
2412 556 35 15 re-

1870 580 61 26 ports
1944 583 28 16 on
1984 576 37 23 the
2034 575 95 32 subject,
2147 576 43 23 and
2204 576 12 23 I
2228 576 56 25 have
2297 578 37 23 the
2346 581 103 23 satisfac-

1870 609 47 22 tion
1925 608 25 23 of
1960 609 120 30 informing
2089 616 47 23 you
2145 609 49 23 that
2206 609 37 24 the
2254 611 87 24 natives
2351 613 25 22 of
2385 613 64 24 Wai-

1870 641 80 28 kanae,
1968 646 22 18 at
2001 641 74 23 which
2094 641 64 31 place
2176 642 106 32 Raupero
2293 644 50 23 first
2360 645 88 30 landed,

1870 674 88 23 refused
1973 679 23 18 to
2008 674 64 23 allow
2083 674 48 23 him
2143 679 22 19 to
2181 676 89 22 remain
2287 684 82 24 among
2380 679 69 30 them,

1870 707 42 22 lest
1924 707 37 23 the
1969 707 96 31 friendly
2072 707 107 23 relations
2187 708 72 23 which
2268 709 45 23 had
2321 712 128 31 previously

1870 740 111 23 subsisted
1991 740 102 23 between
2106 741 61 23 them
2183 742 43 22 and
2239 742 38 22 the
2286 742 99 31 English
2397 744 52 24 Set-

1870 771 53 24 tlers
1942 773 72 30 might
2033 773 28 22 be
2079 773 118 31 destroyed
2207 783 5 19 ;
2233 775 44 23 and
2293 776 48 23 that
2354 776 20 25 .1
2392 777 57 24 have

1870 812 65 23 every
1945 813 79 16 reason
2043 810 21 19 to
2085 806 86 24 believe
2191 807 63 24 these
2271 808 96 32 feelings
2387 814 23 20 to
2422 811 27 23 be

1870 837 79 24 shared
1969 838 28 30 by
2015 838 81 24 almost
2114 839 29 23 all
2160 839 38 24 the
2218 841 95 23 Natives
2333 849 60 24 upon
2412 843 37 24 the

1870 874 69 20 coast.
1974 870 37 23 No
2031 871 171 31 apprehension,
2222 873 119 30 therefore,
2361 875 26 23 of
2404 884 44 23 any

1870 904 128 29 aggression
2005 911 30 15 on
2042 905 57 22 their
2106 909 51 26 part
2164 905 57 23 need
2227 910 23 19 to
2257 906 28 23 be
2295 909 138 23 entertained
2441 919 6 19 ;

1870 936 39 22 but
1919 936 20 22 if
1948 936 57 23 from
2015 944 43 22 any
2068 938 162 23 circumstance
2240 947 13 15 a
2263 939 82 25 hostile
2353 949 96 24 purpose

1870 968 78 24 should
1968 969 27 23 be
2007 969 119 24 cherished
2145 971 31 30 by
2187 971 68 30 them,
2276 972 13 24 I
2308 972 55 25 have
2385 975 64 24 made

1869 1007 166 25 arrangements
2047 1003 73 22 which
2131 1004 45 23 will
2193 1005 152 32 immediately
2355 1011 41 26 put
2413 1016 36 16 me

1869 1034 23 22 in
1908 1036 130 29 possession
2049 1036 26 23 of
2089 1036 38 24 the
2146 1037 53 30 fact,
2220 1039 45 23 and
2282 1039 78 24 enable
2371 1049 36 15 me
2425 1045 23 20 to

1869 1068 65 25 make
1947 1068 29 23 all
1993 1076 122 24 necessary
2125 1072 154 30 preparations
2298 1076 22 19 to
2339 1074 67 22 resist
2422 1075 25 23 it.

1869 1100 30 24 In
1912 1101 64 23 order
1988 1110 23 15 to
2023 1103 131 30 strengthen
2167 1105 44 23 this
2219 1105 101 30 friendly
2331 1105 91 31 feeling,
2435 1107 14 24 I

1868 1133 55 24 have
1939 1135 119 31 published
2075 1143 29 16 an
2123 1137 91 24 address
2226 1143 23 18 to
2261 1138 39 23 the
2319 1138 94 25 Natives
2425 1141 24 23 in

1869 1167 56 23 their
1936 1176 47 15 own
2000 1169 120 30 language,
2139 1170 44 22 and
2193 1170 58 24 have
2262 1170 82 24 caused
2355 1171 18 23 it
2387 1176 23 19 to
2421 1173 28 24 be

1868 1200 130 25 distributed
2010 1203 23 22 in
2051 1203 30 23 all
2092 1208 62 26 parts
2166 1204 26 23 of
2207 1204 37 23 the
2256 1208 101 26 country,
2376 1205 73 25 which

1869 1233 11 22 I
1894 1238 57 20 trust
1962 1236 44 22 will
2017 1236 56 22 have
2086 1236 48 22 that
2146 1236 72 30 effect,
2237 1238 29 29 by
2278 1239 149 31 maintaining
2435 1248 14 15 a

1868 1267 124 24 confidence
2012 1269 23 22 in
2053 1268 38 23 the
2107 1269 84 30 justice
2203 1270 25 23 of
2242 1271 38 23 the
2293 1271 154 25 Government

1867 1299 43 22 and
1922 1302 23 21 in
1956 1301 37 23 the
2002 1302 113 30 impartial
2126 1302 180 26 administration
2316 1305 24 23 of
2350 1305 36 24 the
2395 1305 51 26 law.

1869 1331 31 23 At
1910 1333 38 23 the
1959 1341 61 16 same
2032 1335 54 22 time
2104 1335 13 22 I
2129 1335 57 23 have
2198 1336 68 24 taken
2282 1345 113 17 measures
2411 1340 36 24 for

1868 1364 37 23 the
1912 1368 125 29 protection
2049 1368 25 22 of
2081 1376 96 23 persons
2189 1369 44 23 and
2249 1375 106 27 property
2364 1373 25 22 in
2400 1373 46 24 this

1867 1397 69 30 place,
1949 1400 43 22 and
2002 1400 40 24 the
2052 1401 129 24 immediate
2192 1403 99 31 vicinity,
2306 1404 30 30 by
2345 1404 99 25 increas-

1867 1431 38 31 ing
1916 1432 37 23 the
1965 1433 72 31 police
2048 1434 60 23 forte
2122 1439 21 18 to
2156 1443 28 14 an
2197 1441 77 19 extent
2291 1437 72 23 which
2374 1439 46 23 will
2432 1439 14 24 I

1868 1467 57 21 trust
1936 1466 28 23 be
1976 1467 112 23 sufficient
2108 1472 23 19 to
2152 1472 59 19 meet
2221 1469 39 23 the
2279 1475 90 27 present
2380 1473 65 30 exig-

1868 1504 63 24 ency.

1900 1545 12 23 I
1924 1544 55 24 have
1997 1544 92 24 deemed
2106 1545 49 25 that
2167 1546 37 24 the
2215 1552 78 19 recent
2313 1557 132 19 occurrence

1866 1586 44 15 was
1923 1578 24 23 of
1956 1585 23 16 so
1992 1579 85 22 serious
2089 1587 14 14 a
2115 1584 78 19 nature
2205 1581 22 23 in
2239 1582 68 29 itself,
2320 1583 42 23 and
2373 1585 25 22 in
2416 1587 29 21 its

1867 1611 104 31 probable
1982 1618 173 24 consequences,
2175 1622 25 14 as
2211 1618 22 19 to
2246 1615 43 23 call
2300 1616 34 22 for
2352 1617 37 23 the
2399 1618 45 23 im-

1866 1644 94 24 mediate
1967 1644 156 30 interposition
2130 1646 25 22 of
2160 1646 37 23 the
2207 1646 71 25 Local
2284 1648 161 27 Government.

1868 1678 12 22 I
1892 1678 56 22 have
1967 1677 110 23 therefore
2094 1678 123 25 forwarded
2239 1684 21 20 to
2272 1681 121 25 Auckland
2416 1684 30 23 all

1868 1711 37 22 the
1915 1711 142 22 information
2079 1711 13 22 I
2104 1711 56 23 have
2181 1713 54 23 been
2253 1714 50 24 able
2317 1719 21 19 to
2358 1716 86 30 collect,

1868 1743 43 23 and
1922 1744 12 22 I
1946 1744 42 22 feel
2000 1744 93 22 assured
2105 1744 55 29 that,
2173 1746 151 32 immediately
2336 1756 59 23 upon
2409 1758 37 15 re-

1868 1777 86 30 ceiving
1966 1777 37 22 the
2014 1777 150 31 intelligence,
2178 1787 14 14 a
2202 1781 96 29 portion,
2312 1786 22 18 at
2344 1782 65 29 least,
2423 1784 24 22 of

1869 1810 36 22 the
1916 1814 74 26 troops
2002 1813 24 19 at
2043 1810 37 23 the
2092 1810 98 31 disposal
2202 1813 24 22 of
2244 1813 36 23 the
2293 1813 154 26 Government

1868 1843 43 23 will
1929 1843 28 23 be
1978 1848 51 18 sent
2048 1847 22 18 to
2088 1843 47 24 this
2154 1845 70 30 place,
2245 1846 48 23 that
2311 1855 13 15 a
2342 1848 43 23 full
2402 1850 44 22 and

1868 1876 117 31 searching
1995 1877 159 30 investigation
2172 1878 45 23 will
2235 1879 27 23 be
2274 1879 64 25 made
2357 1881 47 23 into
2417 1883 29 22 all

1869 1909 36 23 the
1917 1910 172 22 circumstances
2102 1910 25 23 of
2136 1911 38 22 the
2185 1914 144 28 transaction,
2342 1914 44 24 and
2397 1915 49 23 that

1867 1946 88 26 prompt
1962 1942 84 29 justice
2056 1942 47 23 will
2114 1943 27 22 be
2153 1944 65 23 done.

1858 1989 2 28 j
1901 1982 12 22 I
1926 1982 43 22 will
1986 1986 40 18 not
2036 1982 106 24 conclude
2154 1984 93 23 without
2265 1987 132 31 expressing
2408 1996 39 23 my

1868 2022 64 15 sense
1943 2014 24 22 of
1981 2015 38 22 the
2032 2016 149 29 promptitude
2194 2017 43 22 and
2253 2019 48 22 zeal
2313 2019 133 32 which~*you

1868 2047 55 23 have
1931 2046 115 31 displayed
2053 2048 24 22 in
2085 2048 90 31 coming
2181 2049 94 24 forward
2283 2055 23 19 to
2316 2054 130 30 strengthen

1870 2079 35 23 the
1916 2079 70 23 hands
1999 2080 25 22 of
2033 2080 37 23 the
2084 2080 161 31 Government,
2263 2084 45 23 and
2320 2089 21 18 to
2353 2086 27 23 be
2391 2095 51 22 pre-

1868 2112 66 31 pared
1941 2118 21 17 to
1969 2114 65 21 resist
2042 2121 43 22 any
2091 2116 142 28 aggressions
2241 2124 29 15 on
2276 2117 39 23 the
2320 2123 49 26 part
2374 2119 26 23 of
2408 2120 36 23 the

1858 2154 2 19 I
1868 2146 101 29 Natives,
1981 2146 80 23 should
2070 2147 56 22 such
2140 2147 57 24 have
2206 2149 55 23 been
2273 2152 170 30 contemplated.

1870 2179 11 22 I
1894 2187 35 15 am
1940 2179 74 31 happy
2025 2180 23 22 in
2065 2179 70 31 being
2152 2180 50 24 ablp
2213 2186 22 19 to
2248 2191 77 15 assure
2342 2192 44 23 you
2399 2186 47 24 that

1868 2212 62 23 there
1947 2213 20 22 is
1978 2220 28 15 no
2026 2213 134 31 probability
2176 2215 26 22 of
2216 2223 56 22 your
2291 2217 67 31 being
2374 2219 70 24 called

1867 2253 60 23 upon
1938 2245 34 23 for
1990 2246 71 23 actual
2083 2247 93 28 service,
2195 2248 41 23 but
2253 2248 81 25 should
2351 2252 54 22 such
2417 2260 29 16 an

1868 2279 102 22 occasion
1988 2279 65 28 arise,
2072 2279 14 23 I
2106 2279 59 24 shall
2175 2281 43 23 feel
2236 2281 50 25 that
2303 2283 14 23 I
2336 2292 51 23 may
2397 2286 48 29 rely

1858 2317 2 24 |
1868 2311 52 24 with
1928 2312 126 23 confidence
2065 2320 61 23 upon
2136 2321 56 23 your
2204 2320 100 26 support,
2313 2317 44 23 and
2365 2318 13 22 I
2387 2318 56 24 shall

1868 2345 27 23 be
1905 2345 70 30 proud
1987 2349 22 19 to
2026 2346 63 30 place
2100 2347 85 29 myself
2199 2352 22 18 at
2239 2356 57 22 your
2313 2349 64 25 head.
2412 2352 34 23 At

1869 2378 36 23 the
1917 2386 59 15 same
1988 2379 54 22 time
2054 2379 12 22 I
2080 2379 72 23 would
2165 2381 111 31 earnestly
2282 2382 95 31 impress
2385 2392 59 23 upon

1868 2411 37 23 the
1912 2412 135 30 importance
2053 2412 26 23 of
2083 2416 40 19 not
2131 2412 68 32 doing
2204 2414 109 32 anything
2319 2416 71 24 which
2401 2426 43 21 you

1868 2452 50 22 may
1927 2450 72 17 create
2011 2452 151 24 unnecessary
2171 2446 76 30 alarm,
2261 2456 25 15 or
2297 2456 52 24 may
2357 2450 89 31 destroy

1869 2477 36 23 the
1917 2478 127 22 confidence
2056 2478 25 23 of
2098 2478 38 24 the
2153 2480 95 23 Natives
2269 2482 23 22 in
2305 2490 40 15 our
2361 2483 83 30 justice

1868 2510 42 23 and
1921 2511 142 23 forbearance
2065 2524 33 3 —
2098 2511 30 31 by
2138 2512 91 31 leading
2241 2513 60 24 them
2313 2519 23 19 to
2348 2516 96 31 imagine

1868 2544 47 23 that
1926 2544 38 23 the
1980 2544 77 31 purely
2070 2544 115 24 defensive
2206 2554 113 16 measures
2338 2549 22 22 in
2372 2549 72 23 which

1868 2585 43 22 you
1922 2585 38 15 are
1969 2577 100 31 engaged
2077 2586 37 15 are
2126 2578 107 31 designed
2246 2584 21 19 to
2279 2580 28 23 be
2319 2580 126 25 afterwards

1868 2610 114 30 employed
1995 2612 24 21 in
2032 2612 127 29 aggressive
2171 2612 100 24 warfare.

1974 2653 112 24 Arthur
2103 2654 116 25 Edward
2240 2656 173 31 Macdonogh,

1869 2695 76 24 Police
1957 2696 134 31 Magistrate
2103 2697 25 23 of
2139 2698 39 23 the
2190 2699 113 24 Southern
2319 2701 94 24 District
2425 2702 22 23 of

1944 2734 55 24 New
2012 2735 108 29 Zealand,
2133 2737 44 23 and
2190 2737 83 24 Cook's
2286 2739 90 24 Straits.

1858 2791 2 7 ,
1901 2772 146 33 Wellington,
2059 2774 60 24 June
2131 2776 42 29 26,
2187 2777 73 23 1843.

2086 2851 102 30 Poneke,
2202 2853 71 23 Hune
2285 2855 41 28 24,
2341 2857 70 22 1843.

1901 2889 21 24 E
1940 2898 51 15 hoa
2091 2891 33 23 Ki
2141 2900 14 14 a
2174 2900 69 23 rongo
2261 2893 85 24 koutou
2360 2894 25 24 ki
2401 2902 41 23 nga

1869 2923 80 23 korero
1959 2931 13 15 a
1978 2928 21 18 te
2008 2923 74 24 kaiwa
2092 2924 67 24 kawa
2169 2932 12 16 c
2188 2926 59 23 noho
2256 2934 43 15 ano
2308 2927 25 22 ki
2341 2927 101 29 Poneke,

1868 2963 11 16 c
1891 2956 35 31 pai
1939 2964 42 16 ana
1990 2960 23 19 te
2025 2956 94 31 tikanga
2138 2965 38 16 mo
2196 2965 45 23 nga
2260 2963 92 27 tangata
2369 2960 73 24 Maori

1868 2988 67 24 katoa
1952 2988 39 24 kia
2002 2989 58 23 noho
2079 2991 38 30 pai
2127 2991 71 23 marie
2209 2998 44 24 nga
2266 2996 91 27 tangata
2366 2993 76 24 katoa.

1868 3022 38 23 He
1917 3022 62 31 kupu
1992 3022 67 23 aroha
2068 3024 60 23 tenei
2139 3031 29 16 na
2179 3028 23 19 te
2213 3024 139 25 kaiwakawa
2361 3034 31 15 na
2399 3035 43 22 nga

1868 3054 93 24 Pakeha
1972 3055 68 24 katoa
2051 3064 43 16 ano
2104 3057 60 23 tenei
2173 3057 61 23 main
2243 3057 55 24 kino
2308 3058 26 24 ki
2340 3059 100 24 Wairau.

1868 3088 77 23 Ekore
1963 3097 11 15 c
1992 3089 41 22 riri
2054 3097 46 24 nga
2124 3090 94 23 Pakeha
2240 3090 26 24 ki
2288 3099 46 23 nga
2354 3096 87 27 tangata

1868 3122 81 22 Maori.
1985 3122 64 24 Ehor
2066 3130 40 16 ma
2124 3122 40 24 kia
2174 3128 37 18 ata
2221 3131 71 24 rapua
2309 3125 101 24 marietia
2420 3130 20 18 te

1868 3154 92 32 tikanga
1971 3163 11 15 o
1995 3156 59 23 tenei
2063 3155 29 24 he
2103 3156 40 23 kia
2151 3156 77 24 kawea
2239 3156 26 24 ki
2277 3165 13 16 a
2299 3158 34 23 Te
2342 3158 98 23 Kawana

1867 3191 22 20 te
1899 3188 87 31 ritenga
1997 3196 12 16 c
2021 3190 61 22 tenei
2092 3189 29 23 he
2132 3189 61 23 kaua
2204 3197 12 16 c
2227 3190 57 24 wehi
2296 3198 45 24 nga
2353 3195 86 27 tangata

1866 3220 26 24 kitei
1903 3225 21 19 te
1936 3221 102 29 Pakeha,
2049 3229 37 16 me
2096 3222 60 23 noho
2166 3222 88 30 noaiho,
2267 3224 8 22 i
2289 3228 54 19 tona
2359 3224 80 31 kainga

1866 3262 35 15 me
1912 3254 66 24 haere
1989 3255 46 23 mai
2046 3255 25 23 ki
2083 3255 95 23 Poneke
2186 3255 25 23 kitei
2218 3260 22 19 te
2251 3255 61 25 hoko
2322 3257 73 31 hanga
2403 3264 34 16 mo

1866 3287 93 24 koutou.
1993 3287 48 24 Kei
2049 3295 45 23 nga
2101 3289 77 22 Maori
2187 3296 13 15 o
2207 3289 95 24 Poneke
2313 3294 23 20 to
2347 3290 90 30 ritenga,

1865 3328 37 15 mo
1908 3329 45 22 nga
1961 3325 92 27 tangata
2058 3321 79 24 •katoa.
2174 3322 61 23 Heoi
2245 3330 43 16 ano
2297 3323 55 24 taku
2360 3323 76 23 korero

1866 3352 25 25 ki
1913 3362 14 15 a
1943 3354 92 28 houtou,
2058 3353 68 24 Ehoa
2141 3362 38 16 ma
2197 3362 28 17 na
2242 3360 23 19 to
2289 3356 85 25 koutou
2395 3356 41 23 hoa

1866 3386 77 24 aroha.

2096 3420 42 23 Na
2156 3421 185 31 Makironore,

2170 3459 39 24 Na
2219 3464 23 19 te
2253 3461 150 24 Kaiwakawa.

2096 3501 103 30 Poneke,
2208 3503 60 24 June
2279 3506 40 27 24,
2334 3506 68 21 1843.

1898 3538 22 24 E
1938 3546 52 16 hoa
2007 3546 39 16 ma
2046 3551 32 4 —
2080 3539 33 23 Xi
2136 3548 13 15 a
2171 3548 70 24 rongo
2263 3542 85 24 koutou
2368 3542 25 23 ki
2413 3545 20 18 te

1866 3571 91 31 tikanga
1969 3580 12 15 o
1997 3572 50 23 euei
2059 3571 80 24 korero
2153 3572 39 24 kei
2206 3575 87 30 pohehe
2307 3575 81 23 koutou
2397 3583 6 19 ;
2421 3580 12 15 c

1865 3605 36 30 pai
1912 3612 42 16 ana
1965 3609 21 18 te
1997 3604 105 24 wakaaro
2119 3613 12 15 o
2143 3614 45 22 nga
2199 3607 95 24 Pakeha
2306 3616 12 14 c
2328 3614 54 24 rapu
2392 3612 40 17 ana

1865 3638 8 22 i
1884 3642 21 19 te
1923 3638 100 30 tikanga,
2036 3638 71 23 nawai
2125 3640 70 28 ranei,
2207 3641 70 22 nawai
2288 3642 69 26 ranei,
2367 3647 28 15 na
2411 3642 20 18 te

1866 3670 93 24 Pakeha
1975 3671 71 28 ranei,
2066 3678 30 16 na
2117 3676 21 19 te
2161 3676 90 27 tangata
2273 3673 74 23 Maori
2364 3670 65 28 ranei,

1866 3704 55 23 otira
1931 3703 40 23 kia
1978 3704 75 23 mohio
2064 3704 86 24 koutou
2161 3704 27 24 ki
2199 3706 61 28 enei;
2279 3706 59 23 kaua
2346 3713 12 15 c
2366 3710 65 25 rapua

1865 3736 56 24 hehe
1939 3744 35 15 mo
1993 3741 70 24 tatou,
2076 3737 97 24 amuake
2183 3739 36 22 nei
2235 3737 78 24 kakite
2324 3743 57 18 tatou
2392 3737 7 22 i
2411 3741 19 17 te

1865 3769 28 23 he
1911 3770 56 22 otira
1984 3769 61 23 kaua
2064 3777 13 15 c
2099 3770 118 23 wakanuia
2233 3776 22 17 te
2272 3770 78 25 korero
2370 3770 23 23 ki
2409 3773 20 18 te

1865 3807 71 26 ngutu
1959 3810 12 15 o
1993 3806 23 19 te
2037 3806 91 27 tangata
2150 3803 57 24 otira
2224 3803 25 23 ki
2267 3811 14 16 a
2298 3803 71 23 mohio
2387 3809 41 22 nga

1865 3839 90 27 tangata
1972 3835 76 29 katoa,
2066 3844 16 18 p
2102 3844 45 23 nga
2169 3836 83 31 kainga
2273 3836 67 23 katoa
2357 3844 12 14 o
2388 3841 40 23 nga

1866 3868 81 29 Maori,
1971 3868 61 24 Heoi
2054 3876 42 16 ano
2118 3877 15 15 a
2152 3874 75 18 matou
2235 3870 4 5 '
2249 3868 87 24 korero.
2369 3867 30 24 Xi
2415 3873 13 16 a

1864 3901 92 27 koutou,

560 44 97 44 art*
680 43 118 43 Wrt&
814 40 216 42 Ztalanh
1056 38 188 45 <£a?rttc
1270 37 90 38 a«&
1383 35 302 45 mcUington
1707 30 251 50 £pectatoi-

269 129 73 21 THIS
363 128 73 22 DAY.

68 164 88 29 li/jTR.
172 162 82 22 JOHN
269 162 93 21 WADE
376 161 45 22 will
434 161 42 22 sell
490 160 31 27 by
534 160 102 26 Auction,

67 184 79 27 IYJL~
155 196 27 14 on
199 188 138 26 Wednesday
349 191 63 23 next,
428 190 36 19 the
478 186 52 22 28th
541 186 64 25 June,
617 190 19 17 at

66 217 9 19 1
88 215 90 26 o'clock,
190 221 13 14 a
213 214 100 22 valuable
323 213 113 23 allotment
448 213 54 26 (fcjttf
508 213 97 25 an,-£cre)
617 211 19 21 of

62 241 61 26 land,
133 242 78 22 situate
222 241 22 20 in
254 241 50 20 Hill
319 241 77 25 Street,
406 242 25 19 at
445 239 35 21 the
496 237 56 23 back
561 237 25 21 of
597 237 39 22 Dr.

65 268 98 25 Evans's,
180 267 53 22 with
247 274 12 13 a
275 267 58 26 good
347 265 129 23 substantial
490 263 146 23 four-roomed

62 294 91 21 wooden
165 296 84 23 cottage
260 293 86 21 erected
356 292 99 21 thereon.

88 320 46 21 The
149 320 54 21 land
217 321 18 20 is
249 318 151 26 substantially
410 317 87 26 fenced,
513 316 44 22 and
573 316 40 21 has
624 323 12 13 a

61 346 100 27 frontage
172 349 23 18 to
206 346 47 22 Hill
262 347 93 20 Terrace
365 345 25 19 of
393 345 28 21 44
429 343 51 26 feet,
489 343 52 21 with
550 348 14 15 a
570 341 66 27 depth

62 373 25 21 of
100 374 39 20 122
149 372 52 21 feet.

89 399 45 21 The
147 402 86 23 cottage
243 397 38 22 has
295 404 14 14 a
318 396 61 22 brick
389 395 136 25 foundation,
535 394 44 21 and
595 397 41 17 two

60 425 62 21 brick
132 425 121 26 fireplaces.

253 456 73 14 TERMS
341 455 27 14 AT
384 455 62 13 SALE.

90 477 57 21 June
158 477 33 24 23,
203 477 59 19 1843.

140 526 58 21 Sale
214 525 30 20 of
259 524 173 21 Condemned
452 523 101 20 Goods.

228 568 4 4 '
268 564 88 21 Custom
366 562 84 25 House,
462 562 142 26 Wellington,

351 589 59 22 June
421 589 33 26 27,
465 590 60 20 1843.

61 623 94 49 TWO
181 623 133 27 puncheons,
344 622 129 26 containing
502 622 50 26 Gin,
578 628 53 14 con-

132 650 95 22 demned
244 649 34 21 for
294 656 13 14 a
325 649 80 21 breach
424 648 26 21 of
466 648 36 21 the
523 647 107 22 Customs'

59 677 124 25 Ordnance,
196 675 42 22 will
254 677 27 19 be
299 675 45 21 sold
358 679 23 17 at
396 675 37 21 the
452 675 86 21 Custom
557 674 78 21 House

57 710 29 14 on
99 702 123 27 Thursday,
234 702 35 21 the
278 701 51 21 29th
345 702 88 25 instant,
450 705 24 17 at
488 701 48 21 half
542 703 49 24 past
609 702 26 19 12

58 729 84 22 o'clock
151 736 54 19 p.m.

337 754 23 21 P.
377 754 28 21 D.
421 754 77 25 Hogg,

430 785 173 23 Sub-Collector.

84 815 58 21 June
152 816 32 24 28,
198 815 58 20 1843.

173 865 42 20 Ex
229 865 131 19 schooner

55 900 49 47 A
125 898 66 21 FEW
210 896 77 22 TONS
310 896 38 20 OF
372 895 187 22 MANAWATU
582 895 51 21 PO-

131 924 123 25 TATOES,
270 923 35 20 for
319 922 49 21 Sale
384 925 23 18 at

374 954 114 21 Wallace
504 952 44 22 and
563 953 39 22 Co.

80 981 59 22 June
149 982 33 25 24,
196 982 59 20 1843.

55 1032 211 48 WANTED
295 1032 21 21 A
344 1032 104 21 ROPE
476 1031 154 22 MAKER.

147 1058 76 27 Apply
237 1062 21 17 to

362 1084 81 21 Waitt
459 1084 43 21 and
519 1084 82 22 Tyser.

80 1110 59 21 June
148 1111 33 26 27,
194 1112 58 20 1843.

163 3749 96 21 Notice
275 3752 29 19 to
321 3752 181 22 Subscribers.

50 3780 77 24 Papers
141 3781 46 19 will
196 3783 38 19 not
245 3783 24 20 be
280 3785 47 18 sent
345 3786 22 18 to
379 3790 92 20 persons
483 3787 66 26 living
559 3791 37 18 out
605 3789 25 26 of

74 3814 53 21 Fort
136 3816 121 26 Nicholson,
276 3819 70 20 unless
355 3823 161 23 arrangements
523 3829 37 15 are
568 3826 60 20 made

71 3849 37 23 for
118 3850 35 20 the
157 3854 100 22 payment
268 3854 27 24 of
302 3854 36 20 the
347 3861 62 21 same,
419 3856 94 26 through
522 3864 27 14 an
556 3859 71 25 Agmi

74 3885 24 18 at
110 3884 137 26 Wellington*
