2499 3980
553 54 96 50 ftye
672 51 69 43 3**
741 51 47 43 to
814 47 203 52 %mlmb
1039 47 191 44 i&wttt
1252 46 91 36 anto
1368 43 292 44 gfjeUwgton
1685 39 249 47 jbpectatov-

1335 2949 116 22 LATEST
1465 2947 158 23 COLONIAL
1639 2947 158 24 MARKETS.

1866 124 209 26 WHOLESALE
2105 121 147 25 PRICES
2262 119 172 24 CURRENT.

1958 162 130 16 CORRECTED
2103 161 30 14 UP
2147 160 28 14 TO
2188 159 56 15 LAST
2260 157 80 15 NIGHT.

2122 3034 120 18 DUTIES.

1890 3057 97 22 British
1998 3057 90 22 Spirits
2299 3057 32 21 4s.
2340 3063 39 20 per
2387 3054 62 28 gallon.

1889 3084 105 22 Foreign
2005 3083 55 22 ditto
2299 3083 32 21 ss.
2340 3090 38 20 per
2385 3081 64 28 gallon.

1889 3111 103 21 Tobacco
2002 3111 175 26 manufactured,
2183 3120 18 10 .-.
2301 3111 30 20 Is.
2340 3108 73 29 perlb.

2001 3137 205 23 Unmanufactured
2299 3136 35 22 9d.
2345 3143 37 20 per
2390 3135 26 21 Ib.

1891 3165 73 21 Snuff
2300 3165 31 20 2s.
2336 3161 76 29 perlb.

1891 3191 85 21 Cigars
2301 3191 32 20 2s.
2342 3188 71 29 perlb.

1890 3217 82 22 Wines
2292 3216 26 22 15
2331 3222 37 21 per
2376 3216 50 20 cent.

1891 3245 54 26 Tea,
1960 3245 84 26 Sugar,
2060 3245 87 26 Flour,

1908 3271 46 21 and
1962 3271 64 22 other
2036 3271 86 27 Grain,
2133 3272 12 20 5
2153 3277 41 21 pep
2202 3274 58 19 cent,
2273 3276 10 16 r
2303 3284 26 14 aA
2340 3290 14 4 _
2356 3290 8 8 n
2367 3283 6 11 i
2376 3290 11 8 A
2388 3290 9 4 _
2398 3288 28 10 orn

1891 3297 38 23 All
1938 3297 63 23 other
2010 3298 105 22 Foreign
2121 3297 141 28 productions
2272 3284 12 47 f
2303 3284 28 22 ad
2340 3284 94 22 valorem>

1905 3324 43 22 and
1953 3325 166 21 manufactures
2127 3326 24 20 10
2157 3332 39 19 per
2203 3328 57 19 cent.
2265 3320 14 31 J

2091 3351 184 23 EXCHANGE.

1891 3391 125 23 B^bffl,
2027 3398 29 16 on
2065 3392 94 23 London
2190 3375 259 58 {**•_»#_

1893 3431 34 22 On
1936 3431 89 28 Sydney
2306 3433 68 21 Ditto.

1893 3455 87 25 Private
1989 3459 50 21 bills
2202 3468 7 12 *
2283 3457 107 25 Nominal.

1912 3516 40 16 The
1962 3516 49 16 New
2020 3516 99 17 Zealand
2130 3517 90 17 Gazette
2226 3511 36 23 and
2272 3513 125 21 Wxuxydtoir
2408 3513 45 25 SMfT

1893 3540 63 13 tator
1961 3537 16 16 is
1983 3537 96 20 published
2086 3536 215 22 eYeryiWednesritajW&id
2312 3535 85 20 Saturday.
2415 3532 35 16 Sud-

1884 3556 68 21 'joined
1958 3562 30 12 are
1995 3558 32 16 the
2033 3560 64 14 terms:
2098 3566 23 4 —

1913 3577 64 17 Price
1983 3582 25 13 oy
2013 3582 41 13 the
2060 3578 97 17 Paper.—
2156 3578 55 20 Forty
2215 3577 82 21 shillings
2302 3581 32 17 per
2343 3579 66 14 annumi
2419 3575 27 18 P»7

1893 3598 39 17 able
1937 3598 22 16 in
1964 3599 80 16 advance
2048 3603 5 16 j
2064 3603 20 12 or
2090 3603 35 12 one
2132 3596 75 23 shilling;
2211 3599 28 18 for
2244 3599 56 20 tingle
2306 3598 84 17 numbers.

1913 3619 155 17 Advertisements
2074 3619 38 16 will
2118 3620 32 16 not
2155 3624 65 16 appear
2228 3619 22 19 in,
2259 3619 30 16 the
2299 3619 74 19 ensuing
2381 3615 63 18 number

1893 3639 16 16 if
1916 3640 83 16 received
2004 3640 50 16 later
2057 3640 45 16 than
2113 3641 21 15 10
2140 3636 71 23 o'ctook,
2218 3645 47 14 a.m.,
2272 3644 23 12 on
2302 3639 29 16 the
2338 3636 80 20 mornings
2425 3636 23 13 be-

1893 3660 36 17 fore
1941 3661 119 19 publication.
2081 3661 154 17 Advertisements
2249 3661 35 16 will
2294 3661 23 15 be
2326 3656 87 20 continued
2418 3656 28 14 sno

1893 3680 77 21 charged
1980 3681 48 16 until
2037 3682 163 19 counter-ordered;
2211 3682 46 16 such
2262 3680 50 17 order
2318 3680 46 17 mint
2369 3679 20 15 be
2395 3676 34 16 sent
2434 3676 14 13 to

1887 3701 37 20 ,the
1933 3700 55 18 Office
1999 3704 36 14 two
2053 3702 50 20 dayi.
2115 3701 60 17 before
2184 3702 114 20 publication,
2308 3699 89 18 and-must
2403 3697 43 15 win

1893 3720 78 22 writing.
1994 3722 160 18 Advertisements'
2161 3723 81 18 receiyed
2258 3722 50 21 after
2324 3722 20 16 10
2358 3717 58 19 o'clook
2428 3717 18 13 «»

1893 3742 83 21 Tuesday
1987 3742 38 17 and
2034 3743 66 21 Frfday
2108 3743 93 21 mornings
2211 3742 37 18 will
2258 3743 21 16 be
2288 3739 74 23 charged
2371 3739 44 16 twice
2422 3739 24 11 uw

1894 3763 53 16 usual
1952 3764 53 15 rates.
2048 3773 5 6 .
2242 3770 83 7 ...
2403 3760 5 3 *

1914 3783 30 17 All
1950 3784 71 19 orders,'
2027 3783 154 20 advertisements,
2192 3783 36 17 and
2238 3781 154 19 communications
2399 3779 16 14 to
2423 3779 23 12 u>

1894 3804 69 19 Editor,
1968 3809 33 11 are,
2004 3804 96 20 requested
2105 3805 47 16 ttf'be
2158 3803 97 17 addressed
2259 3805 19 15 to
2282 3803 38 16 this
2325 3801 57 18 Office.

1888 3849 80 17 •Printed
1981 3849 35 17 and
2029 3849 99 20 published
2141 3852 54 17 every
2210 3849 109 19 Wednesday
2333 3845 34 18 and
2375 3839 71 33 S»tur<UJ

1914 3869 88 21 morning,
2016 3870 25 20 by
2058 3870 43 17 SSave&_
2101 3874 40 13 ue&
2154 3869 87 19 Rxvahs,
2257 3871 19 15 at
2289 3869 30 16 the
2333 3866 47 17 OStet
2380 3866 31 14 lo1

1915 3891 48 17 New
1976 3890 98 21 Zealand
2084 3890 92 18 Gazxtti
2185 3894 41 12 an»
2239 3890 129 17 Wmmngxos<
2378 3886 68 27 B»»5jL

1915 3915 44 15 tor,
1970 3911 155 19 Manners-street,
2133 3911 112 20 Wellington,
2257 3910 41 17 Port
2309 3905 93 20 Nicholson,
2413 3903 33 14 «•»

1915 3932 83 17 Zealand.

1458 3012 99 18 NELSON,
1568 3012 66 16 ApHit
1644 3013 26 15 29.

1463 3034 20 16 £
1504 3038 15 12 g.
1541 3033 19 16 d.
1762 3033 20 16 £
1803 3036 16 13 g.
1839 3032 20 17 d.

1275 3056 47 16 First
1329 3055 50 19 flour,
1388 3059 30 16 per
1425 3056 31 15 ton
1469 3055 18 15 21
1511 3055 10 14 0
1542 3055 10 14 0
1581 3054 52 18 Pork,
1641 3057 33 16 per
1680 3052 18 17 lb
1787 3054 10 15 0
1819 3054 9 15 0
1849 3054 11 15 8

1275 3076 63 19 Bread,
1346 3080 30 17 per
1380 3076 40 16 4-lb.
1435 3075 37 17 loaf
1480 3076 10 16 0
1512 3075 41 15 010
1581 3074 56 16 Fresh
1644 3075 65 18 butter,
1718 3075 50 15 ditto.
1787 3076 10 15 0
1818 3075 10 15 2
1849 3075 11 15 6

1275 3097 49 19 Beef,
1333 3101 31 16 per
1369 3097 18 16 lb
1480 3097 9 15 0
1512 3096 9 15 0
1542 3096 10 15 9
1581 3095 87 19 Potatoes,
1677 3099 31 16 per
1715 3095 32 16 ton
1756 3107 18 5 ...
1787 3097 10 14 5
1819 3095 10 16 0
1850 3096 10 15 0

1275 3119 79 18 Mutton,
1362 3117 44 17 ditto
1479 3118 10 14 0
1511 3116 9 16 0
1541 3117 10 15 9
1580 3115 48 17 Irish
1632 3116 47 20 pork
1682 3120 32 16 per
1718 3116 58 16 barrel
1787 3118 9 14 S
1818 3118 10 14 5
1850 3117 10 15 0

1435 3146 137 15 AUUIUjANJJ,
1584 3146 75 12 MARCH
1670 3146 27 12 Ztt.

1276 3172 59 18 Flour,
1344 3175 31 16 per
1382 3171 30 16 ton
1468 3170 19 15 2i>
1509 3170 10 15 0
1540 3170 10 15 0
1581 3169 52 18 Pork,
1641 3173 32 16 per
1680 3169 17 16 lb
1786 3171 11 14 0
1819 3170 10 15 0
1850 3171 11 15 5

1276 3192 63 18 Bread,
1344 3191 40 16 4-lb.
1388 3191 37 17 loaf
1479 3191 9 15 0
1512 3191 6 15 1
1542 3191 9 15 0
1581 3189 52 20 Lard,
1641 3190 46 16 ditto
1788 3192 10 14 0
1820 3191 9 15 0
1851 3192 10 14 5

1276 3213 69 18 Butter,
1353 3212 52 19 fresh,
1413 3215 32 17 per
1451 3211 18 16 lb
1480 3212 9 15 0
1511 3211 11 16 4
1542 3212 10 15 0
1582 3210 52 20 Pork,
1642 3211 41 18 salt,
1690 3215 32 16 per
1728 3212 32 15 ton
1779 3211 19 16 85
1820 3212 10 15 0
1851 3212 10 16 0

1276 3233 49 19 Beef,
1333 3237 32 16 per
1372 3232 18 16 lb
1480 3233 9 15 0
1511 3232 10 16 0
1542 3232 10 16 0
1582 3231 63 19 Maize,
1654 3236 31 16 per
1688 3232 65 16 bushel
1758 3243 18 5 ...
1788 3233 10 15 0
1820 3233 9 15 3
1851 3234 10 15 6

1276 3255 78 18 Mutton,
1364 3253 44 17 ditto
1480 3253 10 16 0
1511 3253 10 16 0
1542 3253 10 16 0
1581 3251 88 20 Potatoes,
1678 3256 31 16 per
1716 3253 32 16 ton
1758 3264 19 5 ...
1788 3254 10 15 6
1820 3254 10 16 0
1851 3255 10 15 0

1466 3283 103 20 SYDNEY,
1580 3284 66 16 Aprih
1656 3284 17 16 6.

1277 3310 48 17 First
1331 3310 50 19 flour,
1390 3309 78 17 1001b.,..
1481 3310 41 16 OIS
1543 3310 11 15 0
1583 3309 70 19 Butter,
1658 3308 55 21 fresh,
1719 3314 31 16 per
1752 3309 25 17 lb.
1788 3311 11 15 0
1820 3311 10 15 2
1852 3311 10 15 3

1277 3331 70 20 Barley,
1354 3334 31 16 per
1391 3329 64 18 bushel
1482 3331 9 15 0
1512 3330 12 15 4
1543 3331 11 14 0
1583 3329 49 19 Beef,
1641 3329 45 17 ditto
1789 3332 10 15 0
1821 3332 9 15 0
1852 3332 11 16 4

1277 3352 49 19 Oats,
1335 3351 45 17 ditto
1481 3351 10 15 0
1513 3350 9 16 5
1543 3352 11 14 0
1582 3350 79 19 Mutton,
1670 3350 46 16 ditto
1789 3352 10 16 0
1821 3352 9 16 0
1852 3354 11 14 4

1277 3373 70 19 Wheat,
1354 3371 80 19 V.D.L.,
1442 3371 28 17 do.
1482 3373 9 14 0
1514 3371 10 16 6
1544 3372 11 15 3
1583 3371 53 19 Pork,
1645 3371 45 16 ditto
1789 3373 10 15 0
1822 3374 9 14 0
1853 3373 10 17 7

1278 3393 63 19 Bread,
1349 3397 31 16 per
1387 3392 41 16 4-lb.
1435 3392 39 16 loaf
1481 3392 10 16 0
1514 3392 9 16 0
1543 3392 11 16 7
1582 3391 39 20 Ale,
1626 3391 74 20 bottled,
1704 3396 32 17 per
1740 3392 38 17 doz.
1789 3394 42 15 010
1853 3395 10 16 0

1278 3415 88 18 Potatoei,
1371 3417 31 17 per
1408 3414 39 15 cwt.
1453 3423 17 6 ...
1482 3413 42 16 012
1543 3413 12 15 0
1583 3412 68 18 Porter,
1660 3413 52 16 ditto,
1721 3413 50 17 ditto.
1790 3415 41 15 010
1853 3416 10 15 0

1435 3437 156 20 MELBOURNE,
1603 3437 66 17 Apuii.
1681 3439 25 15 12.

1278 3465 47 17 Frist
1332 3465 51 17 flour,
1391 3464 29 17 100
1427 3463 33 16 lbs.
1482 3464 42 15 015
1544 3465 11 15 0
1583 3463 63 20 Bread,
1655 3464 41 16 4-lb.
1705 3464 38 17 10af
1748 3475 4 7 ,
1760 3476 18 6 ...
1790 3467 10 15 0
1822 3467 10 15 0
1853 3466 10 16 8

1277 3485 96 18 American
1377 3485 22 16 do
1406 3483 15 22 p'
1427 3484 43 16 barl.
1482 3484 8 16 1
1513 3485 10 16 3
1543 3486 12 15 0
1583 3484 47 17 Irish
1637 3485 51 20 pork,
1695 3489 33 16 per
1735 3486 43 16 barl.
1789 3487 42 16 310
1853 3487 10 16 0

1277 3507 44 16 Oats
1328 3510 32 16 per
1368 3505 62 17 bushel
1482 3506 11 16 0
1514 3506 10 16 3
1543 3506 11 16 6
1582 3505 49 17 Mess
1637 3506 45 18 beef,
1688 3510 33 16 per
1725 3506 54 17 tierce
1789 3508 41 16 315
1853 3508 10 16 0

1278 3527 70 19 Wheat,
1355 3525 80 20 V.D.L.,
1442 3524 30 18 do!
1481 3526 10 16 0
1512 3526 12 16 4
1543 3527 11 16 6
1582 3526 58 21 Sugar
1642 3526 74 20 refined,
1722 3531 17 16 p.
1744 3529 34 15 cwt
1789 3529 10 16 2
1811 3529 20 19 Ifl
1852 3529 11 16 0

1445 3555 221 20 •ADEEMDETMiacH
1728 3555 4 4 '

1278 3583 60 18 Flour,
1347 3586 31 16 per
1384 3583 30 15 ton
1473 3581 19 16 16
1514 3583 10 14 0
1544 3582 11 15 0
1584 3581 49 19 Beef,
1641 3586 33 16 per
1681 3581 23 18 lb.
1711 3579 3 5 '
1791 3585 10 15 0
1823 3585 9 15 0
1853 3585 11 16 3

1279 3604 69 18 Wheat,
1358 3607 31 16 per
1396 3602 63 17 bushel
1483 3603 10 15 0
1514 3603 12 16 4
1545 3602 11 16 3
1584 3602 79 20 Mutton,
1671 3603 46 16 ditto
1789 3606 11 15 0
1822 3606 9 15 0
1853 3607 11 14 3

1279 3623 70 20 Barley,
1356 3623 45 16 ditto
1404 3625 33 15 <..'..
1439 3620 33 20 .T..<
1483 3623 43 16 04
1546 3623 10 16 6
1585 3623 89 19 Potatoes,
1682 3628 32 16 per
1719 3626 60 16 cwt....
1790 3626 11 16 0
1824 3626 8 16 7
1853 3627 11 16 6

1279 3645 49 19 Oats,
1336 3644 44 17 ditto
1484 3644 9 15 0
1516 3643 9 16 7
1545 3644 11 15 6
1585 3644 56 16 Fresh
1648 3644 66 20 batter,
1721 3646 58 19 perlb.
1791 3647 10 15 0
1824 3647 40 16 10

1279 3664 67 20 Bread,'
1350 3663 40 18 4-lb.
1397 3664 39 16 loaf
1453 3665 40 15 ...0
1515 3665 10 15 0
1545 3665 11 15 6
1585 3664 65 20 Maize,
1657 3669 32 17 per
1696 3666 84 17 bushel...
1791 3668 10 16 0
1824 3668 10 16 8
1854 3669 11 15 6

1297 3697 10 14 N
1413 3696 50 17 HOB
1464 3696 50 17 ART
1524 3696 76 20 TOWN,
1611 3697 77 17 Maech
1700 3699 26 16 31.

1279 3722 69 20 Wheat,
1356 3726 31 17 per
1393 3722 63 17 bushel
1465 3722 107 16 .0541
1584 3722 52 17 First'
1639 3722 51 21 flour,
1698 3728 32 16 per
1737 3725 31 16 ton
1782 3726 21 15 14
1824 3726 10 16 0
1854 3726 18 16 0'

1279 3745 39 19 Opt,
1327 3743 45 17 ditto
1483 3744 9 15 0
1514 3744 11 16 4
1544 3744 11 16 0
1584 3743 90 20 Potatoes,
1682 3744 45 16 ditto
1791 3747 10 15 6
1824 3747 9 15 0
1854 3748 11 15 0

1279 3765 70 20 BArley,
1356 3764 80 21 English,
1444 3764 28 17 do.
1483 3765 10 15 0
1515 3765 9 15 5
1544 3765 11 15 6
1567 3760 5 24 ]
1585 3764 90 21 Shingles,
1683 3769 31 16 per
1719 3766 60 18 10Q0...
1791 3767 12 16 0
1824 3767 8 16 8
1854 3768 10 15 6

1290 3823 34 17 'me
1331 3823 51 19 flour,
1390 3821 82 18 1001b5...
1485 3821 10 16 0
1505 3823 20 16 16
1545 3824 11 15 0

1290 3844 59 20 Vheal,
1357 3847 31 17 per
1394 3843 63 17 binhel
1516 3845 9 14 5
1547 3844 10 15 0

1290 3864 54 21 tarley
1357 3864 45 17 ditto
1484 3865 11 15 0
1516 3866 10 15 5
1547 3866 10 14 0

1290 3886 34 16 )ats
1485 3886 11 16 0
1516 3885 11 17 4
1546 3886 11 15 2

1290 3906 36 16 leef
1484 3907 10 15 0
1515 3907 10 16 0
1546 3907 10 16 0

1290 3927 64 16 Autton
1481 3927 10 16 0
1512 3927 43 16 02+

1580 3804 14 13 1,
1607 3804 76 10 iUAJWtt
1691 3804 19 10 2.

1586 3823 53 20 Pork,
1646 3827 33 16 per
1684 3823 19 17 lb
1791 3826 10 16 0
1824 3826 10 16 0

1586 3843 48 18 Irish
1641 3843 50 21 pork)
1699 3849 32 16 per
1735 3845 45 18 barl.
1792 3847 10 15 5
1824 3847 9 15 0

1587 3864 50 20 Beef,
1647 3869 32 16 per
1685 3864 56 18 tierce
1794 3867 10 16 8
1825 3868 15 15 8-

1587 3885 89 20 Potatoes,
1683 3890 33 16 per
1722 3888 59 16 cwt,...
1793 3889 10 14 0
1825 3888 9 16 8

1585 3906 64 19 Bread,
1657 3906 44 17 4-lb.
1707 3906 40 17 loaf
1763 3918 19 6 ...
1793 3908 11 16 0
1825 3909 10 15 0

1585 3927 47 17 liisb
1640 3927 65 19 butter,
1712 3931 33 16 per
1751 3927 24 17 lb.
1793 3929 10 15 0
1825 3930 9 14 2

1946 188 12 13 *
2194 186 17 17 £
2233 189 16 14 i.
2272 184 18 17 d.
2344 188 16 12 *
2420 186 11 14 d

1868 216 165 28 UE.:perhhd
2196 215 14 21 7
2238 215 24 25 0.
2278 214 13 19 0
2309 225 18 6 ..
2346 211 12 22 7
2384 211 12 22 7
2425 215 12 18 0

1918 242 11 12 v
1931 248 7 7 -
2034 242 143 27 perbarreK.
2194 240 15 21 5
2236 240 15 21 0
2278 240 13 19 0
2309 251 18 6 ..
2346 239 13 19 6
2387 240 13 18 0
2426 241 12 18 0

1971 268 5 10 1
2034 268 91 27 perdaz
2199 268 13 20 0
2226 266 31 24 13.
2281 265 81 20 0..0
2376 264 26 20 14
2427 267 13 19 0

1868 294 217 26 \BRACK>P«B«aI.
2093 295 25 21 in
2126 292 61 23 bond
2196 294 20 23 £
2236 292 59 22 JU-9
2313 302 17 7 ..
2348 288 14 22 &
2389 291 13 19 2
2430 296 11 18 o

1868 321 87 22 Bread:
1970 311 157 33 PerSffihoaf
2140 334 5 6 .
2152 334 5 6 .
2167 334 5 5 .
2179 334 5 5 .
2201 315 14 24 5
2244 318 89 21 oa..
2351 316 52 20 00
2429 319 11 18 0

1868 348 55 21 Beef
1931 355 5 13 :
1952 346 76 25 Fresh,
2046 353 89 14 carcase
2149 351 45 15 »er,
2210 362 3 4 ,
2264 362 5 5 ,
2338 355 32 10 ~v
2377 355 35 7 '-~

1980 372 30 21 lb.
2029 371 45 21 ..*::
2137 384 44 7 ....
2200 371 13 20 o
2240 367 91 22 oio'..
2349 369 14 19 o
2390 368 13 20 o
2428 370 12 19 o

1971 398 53 26 Salt,
2034 404 39 21 per
2086 398 67 21 tierce
2167 411 17 6 ..
2202 398 13 19 0
2243 397 14 20 0
2282 396 15 19 0
2314 408 18 6 ..
2352 395 13 19 6
2392 395 14 19 0

1868 426 104 21 Butter:
1989 424 64 26 Irish,
2062 431 41 20 per
2110 424 31 21 lb.
2165 424 50 19 ..0
2245 422 10 20 1
2283 421 14 21 2
2314 434 18 6 ..
2351 422 14 19 0
2393 421 10 19 1
2431 422 11 20 3

1985 450 69 22 Fresh
2205 450 14 20 0
2246 450 13 19 2
2285 449 14 19 6
2316 461 19 7 ..
2353 448 14 19 0
2393 447 13 19 3
2431 449 12 19 0

1868 484 107 16 Drandv:
1989 476 61 23 First
2055 476 91 27 quality,
2153 482 40 20 per

2013 502 75 27 gallon
2098 502 23 21 in
2132 501 59 22 bond
2205 502 12 20 0
2246 502 13 20 6
2285 502 14 21 0
2316 513 6 7 •
2329 513 6 7 •
2353 501 13 19 0
2394 499 13 20 8
2432 501 12 19 6

1868 531 84 22 Brown
1972 530 85 21 Stout:
2080 535 40 21 per
2134 527 52 22 hhd.
2200 529 14 19 6
2229 528 26 20 10
2278 529 17 22 .0
2313 539 18 7 ..
2353 525 12 22 7
2381 525 26 21 10
2433 529 11 17 0

1868 558 99 21 Cigars:
1977 555 102 27 Manilla,
2087 562 40 20 per
2132 556 59 25 1000,
2205 555 13 20 3
2247 555 88 19 00..
2353 552 12 21 5
2394 552 13 20 0
2433 554 12 19 0

1975 582 95 21 Inferior
2206 582 13 20 0
2247 581 14 20 0
2285 581 50 26 Oj.
2354 581 13 17 0
2394 578 14 20 0
2434 580 11 19 0

1975 608 135 26 Havannah,
2116 614 38 21 per
2160 607 31 21 lb»
2226 612 60 16 none
2317 605 128 21 ..000

1975 634 167 26 Chinsurahper
2148 634 70 21 10001
2235 634 26 20 10
2287 633 14 20 0
2318 645 19 7 ..
2354 633 14 18 0
2395 631 13 19 0
2434 633 11 19 0

1977 661 211 22 Alexandrian....
2207 662 13 19 0
2247 661 14 19 0
2287 659 14 19 0
2318 671 19 7 ..
2354 659 14 19 0
2395 657 13 19 0
2435 660 11 18 0

1869 690 86 21 Coffee
1963 696 5 13 :
1979 688 64 26 Java,
2052 694 40 20 per
2100 687 24 21 lb
2207 687 13 20 0
2248 687 14 19 0
2287 685 14 20 6
2319 697 18 7 ..
2354 685 14 19 0
2395 683 14 20 0
2435 685 12 19 9

1869 717 89 21 Cheese
1966 723 4 13 :
1986 714 105 22 Cheshire
2208 715 12 18 0
2248 713 11 19 1
2287 712 50 20 6..
2356 709 51 22 o*l
2435 712 12 18 9

1986 741 54 21 Pine
2050 739 73 28 Apple
2144 753 45 7 ....
2208 741 13 19 0
2248 741 13 19 0
2288 739 13 19 0
2314 750 23 14 ...
2356 738 12 19 0
2398 736 10 19 1
2435 737 12 20 2

1986 767 75 22 Dutch
2209 767 13 19 0
2249 767 13 19 0
2277 765 60 21 10"'..
2356 764 14 20 0
2398 762 50 22 10

1870 796 16 20 C
1889 803 27 14 an
1921 802 54 15 dlbs
1982 801 5 14 :
1994 793 94 27 English
2095 798 57 21 wax,'
2156 800 40 19 per
2352 810 6 6 „
2362 811 14 4 ..
2381 800 9 15 ■_

2012 820 31 21 lb.
2208 820 14 19 0
2249 819 13 19 3
2288 819 20 18 0.
2320 831 5 5 .
2332 830 6 6 .
2357 818 13 19 0
2398 814 12 22 3
2437 818 11 18 G

1999 845 81 22 Mould
2208 846 13 19 0
2251 845 10 19 1
2289 845 14 19 0
2320 856 19 7 ..
2356 844 14 20 0
2398 843 13 20 0
2436 844 12 19 0

2000 872 57 27 Dips
2209 872 13 20 0
2250 872 13 20 0
2288 871 14 19 0
2320 883 19 6 ..
2357 871 13 19 0
2398 870 13 19 0
2437 871 11 18 0

1873 901 92 21 Flour:
1974 898 130 27 Istquality,
2115 901 81 24 perton

1993 925 26 21 of
2029 926 54 20 2000
2092 924 35 21 lbs
2196 924 24 20 15
2249 924 13 20 0
2288 925 14 18 0
2320 923 50 20 ..18
2397 923 13 18 0
2437 923 12 20 0

1970 952 45 22 2nd
2025 951 55 22 ditto
2210 951 14 19 0
2250 951 14 19 0
2290 951 49 19 0..
2358 950 12 19 0
2398 950 13 18 0
2437 950 11 19 0

1873 980 62 22 Flax
1942 987 5 13 :
1963 979 28 21 N.
2002 979 26 21 Z.
2039 985 39 20 per
2087 981 38 18 ton
2148 990 43 7 ....
2198 977 24 21 15
2251 977 13 20 0
2290 977 14 20 0
2322 990 5 5 .
2334 990 5 5 .
2357 977 13 19 0
2396 976 14 19 0
2436 977 12 18 0

1900 1007 42 21 Do.
1944 1017 28 4 —
1973 1012 27 14 on
2008 1004 96 22 board—
2104 1004 115 27 presßedl7
2248 1004 13 20 0
2287 1004 14 19 0
2320 1016 17 7 ..
2355 1003 12 20 0
2395 1002 13 19 0
2435 1004 12 18 0

1874 1033 59 22 Gin:
1954 1032 53 22 Pale
2024 1033 23 19 in
2057 1031 61 21 bond
2211 1031 13 20 0
2251 1031 13 19 3
2290 1031 14 19 0
2321 1043 18 6 ..
2358 1030 12 19 0
2398 1030 14 18 4
2436 1030 12 19 0

1923 1060 61 24 Case,
1992 1060 14 19 4
2013 1058 36 26 gal
2058 1059 37 20 4-5
2103 1058 24 20 in
2137 1057 59 21 bond
2211 1057 10 20 1
2252 1057 12 20 8
2291 1057 13 20 0
2322 1070 6 5 .
2335 1070 5 5 .
2360 1056 9 19 1
2387 1055 25 20 10
2438 1056 12 19 0

1874 1086 81 21 Kams:
1971 1085 128 26 Yorkshire,
2113 1091 39 20 per
2160 1084 23 21 lb
2191 1099 6 5 .
2212 1085 34 19 0.
2255 1084 9 19 1
2292 1084 50 19 0..
2360 1084 13 19 0
2402 1082 10 19 1
2439 1082 12 19 2

1874 1113 125 21 Mustard:
2015 1111 43 22 Per
2067 1111 127 21 dozen....
2212 1113 14 18 0
2241 1110 25 19 18
2294 1110 13 19 0
2324 1122 18 7 ..
2360 1110 14 19 0
2401 1108 14 20 0
2440 1110 12 19 0

1874 1139 113 22 Mutton:
2009 1138 92 21 Carcase
2111 1144 40 20 per
2158 1137 24 21 lb
2193 1152 5 5 .
2213 1138 13 19 0
2254 1137 12 20 0
2294 1136 13 20 9
2324 1149 18 6 ..
2360 1136 14 19 0
2401 1136 13 19 0
2429 1135 22 19 11

1874 1166 111 22 Muskets
1991 1173 4 13 :
2011 1164 93 22 Walnut
2111 1162 90 23 stocked
2214 1165 14 19 0
2255 1163 13 20 0
2294 1163 14 19 0
2325 1176 5 5 .
2337 1176 6 6 .
2361 1163 14 19 0
2402 1162 13 19 0
2442 1164 12 19 0

1875 1193 78 21 Mint:
1970 1191 96 27 Perpint
2214 1191 13 20 0
2255 1190 12 19 0
2294 1189 13 20 3
2325 1202 18 6 ..
2361 1190 14 19 0
2401 1189 14 19 0
2440 1188 13 21 4

1876 1219 92 21 Maize:
1983 1225 39 20 per
2032 1217 78 21 bushel
2213 1217 14 20 0
2254 1214 12 22 7
2294 1216 81 19 0..0
2402 1216 13 18 0
2440 1216 12 19 0

1876 1246 43 21 Oil
1927 1253 4 13 :
1948 1244 102 25 Linseed,
2061 1251 39 19 per
2109 1243 74 27 gallon
2193 1244 34 19 .0
2255 1242 12 21 7
2295 1243 13 19 0
2326 1256 5 5 .
2339 1256 5 5 .
2363 1241 52 21 010
2441 1244 12 17 0

1950 1270 279 27 Jjlack,incask,perton24
2257 1270 13 19 0
2297 1269 13 19 0
2327 1282 18 6 ..
2363 1270 13 18 0
2403 1269 13 18 0
2442 1271 11 16 0

1985 1299 77 24 Sperm
2210 1297 14 20 0
2252 1296 10 19 0
2291 1295 12 19 0
2322 1308 18 6 ..
2359 1296 13 19 0
2400 1294 12 19 0
2440 1297 10 16 v

1876 1325 77 21 Pork.:
1968 1324 76 26 Fresh,
2062 1330 87 14 carcase
2165 1329 38 20 per

1992 1351 23 21 lb
2213 1351 14 19 0
2255 1351 12 19 0
2294 1350 13 19 5
2325 1362 19 7 ..
2361 1350 13 19 0
2401 1351 14 18 0
2441 1351 11 20 0

1878 1378 62 21 Pork
1948 1385 5 13 :
1970 1377 64 26 Irish,
2045 1383 40 21 per
2094 1376 72 21 barrel
2179 1391 5 5 .
2191 1390 5 5 .
2214 1377 15 20 4
2256 1377 13 19 0
2297 1377 12 20 0
2327 1389 5 6 .
2339 1389 6 6 .
2363 1376 12 20 5
2403 1376 12 20 5
2443 1378 12 19 0

1878 1405 116 21 Potatoes
2001 1411 5 14 :
2027 1404 56 21 New
2097 1402 105 27 Zealand,

2052 1437 40 19 per
2100 1432 39 19 ton
2214 1430 15 20 4
2257 1431 12 19 0
2297 1430 12 20 0
2327 1442 5 6 .
2339 1443 7 6 .
2364 1429 13 21 7
2404 1431 13 19 0
2442 1431 12 18 0

1878 1458 93 21 Porter
1980 1465 5 13 :
2017 1457 99 26 Dunbar,
2127 1456 23 21 in
2157 1456 45 21 bot.

2043 1491 39 20 per
2092 1483 42 21 doz
2215 1485 14 18 0
2256 1484 13 19 0
2295 1484 80 19 0..0
2403 1484 14 19 0
2443 1485 12 19 0

1985 1510 85 28 Bryant
2079 1510 46 21 and
2134 1510 67 21 Davis
2215 1512 14 18 0
2257 1512 13 18 0
2296 1512 14 17 O
2327 1523 5 6 .
2339 1523 6 6 .
2364 1511 13 19 0
2404 1511 13 19 0
2442 1512 12 19 0

1878 1538 97 21 Pickles
1987 1545 4 13 :
2023 1536 115 27 AssoiSed,
2166 1543 40 19 per

2048 1563 58 25 doz.,
2130 1565 74 25 quarts
2219 1564 10 19 1
2259 1564 11 19 1
2299 1564 12 19 0
2329 1576 19 7 ..
2367 1564 10 19 1
2393 1564 26 20 10
2443 1564 11 19 0

1879 1592 72 20 Pitch
1964 1598 5 14 :
2001 1590 137 27 Stockholm,
2167 1597 39 19 per

2026 1617 72 22 barrel
2218 1619 13 20 0
2258 1618 13 20 0
2298 1618 13 19 0
2328 1630 20 7 ..
2366 1617 11 19 1
2405 1616 13 20 5
2443 1619 12 19 ft

1880 1644 78 22 Plank
1967 1652 5 13 :
2000 1644 54 21 Port
2075 1643 130 27 Nicholson,

2026 1678 39 20 per
2074 1672 40 19 100
2124 1670 44 21 feet
2182 1684 17 6 ..
2217 1672 14 19 0
2246 1672 25 19 10
2298 1672 13 20 0
2329 1669 48 22 ..'0
2393 1670 24 21 12
2442 1672 11 19 0

1961 1698 108 21 Common
2078 1704 40 20 per
2124 1700 48 18 cwt.
2182 1712 18 5 ..
2218 1699 14 19 0
2259 1699 13 19 0
2299 1698 13 20 0
2330 1711 18 6 ..
2365 1698 14 20 0
2394 1698 25 19 10
2443 1699 11 19 0

1960 1724 65 21 Good
2218 1725 11 18 1
2258 1725 14 20 4
2299 1725 13 19 0
2329 1738 19 5 ..
2366 1723 11 22 I
2393 1724 25 20 10
2443 1727 11 17 «

1880 1752 53 20 Rum
1941 1759 5 13 :
1964 1751 23 21 P.
1998 1751 26 21 B.
2036 1751 32 25 P.,
2083 1758 40 19 per
2131 1750 75 27 gallon

1999 1778 23 21 in
2037 1777 61 22 bond
2217 1779 14 19 0
2257 1778 14 20 3
2299 1778 12 19 0
2329 1791 19 6 ..
2365 1778 14 20 0
2405 1777 12 20 5
2442 1779 10 19 0

1880 1805 88 21 Sugar:
1984 1804 118 21 Mauritius
2112 1811 39 20 per
2158 1807 48 18 cwt.
2221 1806 13 19 0
2261 1806 13 19 0
2301 1806 49 19 0..
2381 1810 55 15 none

1987 1831 80 21 Brown
2081 1830 56 22 ditto
2217 1832 10 19 1
2257 1832 13 19 2
2297 1831 78 20 0..1
2404 1833 13 18 S
2442 1833 10 18 0

1988 1857 95 22 Refined
2098 1858 53 26 loaf,
2167 1865 40 19 per

2013 1884 22 21 lb
2219 1886 13 19 0
2259 1885 14 20 0
2300 1884 13 21 7
2330 1898 18 6 ..
2366 1886 14 19 0
2406 1886 14 19 0
2443 1886 11 19 8

1989 1910 94 23 Manilla
2102 1918 38 19 per
2154 1913 47 19 cwt.
2217 1913 11 20 1
2257 1913 14 19 0
2297 1913 14 18 0
2328 1924 19 7 ..
2365 1912 10 19 1
2405 1912 47 20 GO

1880 1938 71 19 Salt:
1968 1937 124 25 Liverpool,
2102 1943 40 19 per
2151 1939 38 18 ton
2197 1952 6 5 .
2218 1939 14 18 0
2259 1939 14 19 0
2299 1939 14 18 0
2330 1950 19 7 ..
2367 1939 14 18 0
2407 1939 14 16 O
2440 1940 11 17 0

1880 1963 58 21 Soap
1947 1970 6 13 :
1980 1962 101 21 Hawes's
2104 1962 101 26 London,

2006 1992 83 22 perton
2205 1989 26 20 20
2259 1990 12 19 0
2299 1990 14 19 0
2330 1989 49 20 ..23
2407 1990 13 18 0
2441 1991 10 18 0

1996 2014 119 27 Liverpool
2206 2016 25 19 16
2259 2016 14 19 0
2299 2016 14 19 0
2330 2016 49 19 ..18
2407 2016 11 18 0
2442 2016 10 19 0

1880 2042 103 21 Starch:
1999 2041 74 22 Perlb
2220 2043 14 19 0
2261 2043 13 19 0
2301 2043 80 19 9..0
2408 2043 10 19 1
2443 2043 10 20 0

1881 2069 141 20 Scantling:
2038 2068 42 21 Per
2088 2069 40 20 100
2137 2068 65 21 feet..
2221 2070 13 19 0
2262 2070 13 19 8
2301 2069 14 20 0
2332 2082 19 5 ..
2368 2070 14 19 0
2396 2069 25 20 12
2444 2070 10 19 0

1881 2096 114 20 Shingles
2003 2103 5 13 :
2024 2095 42 21 Per
2074 2096 61 25 1000,
2143 2095 28 20 N.
2180 2094 25 21 Z.
2220 2096 13 19 0
2261 2096 13 19 9
2301 2096 13 19 0
2332 2109 5 5 .
2344 2108 7 6 .
2368 2097 13 18 0
2396 2096 25 19 12
2443 2097 11 18 0

2010 2121 70 27 Ditto,
2102 2121 28 21 V.
2141 2121 28 22 D.
2180 2121 26 22 L.
2221 2123 12 19 0
2261 2123 13 19 0
2301 2123 14 19 0
2332 2136 5 5 .
2345 2135 6 6 .
2368 2124 13 18 0
2396 2124 25 19 10
2444 2124 10 19 6

1880 2149 62 21 Tar;
1960 2149 52 21 Coal
2221 2149 11 19 1
2262 2149 11 18 1
2301 2150 14 18 0
2332 2162 19 6 ..
2369 2150 13 19 0
2409 2151 12 18 0
2445 2151 10 18 0

1963 2174 127 23 Stockholm
2223 2175 11 20 I
2262 2176 12 19 1
2302 2176 80 19 0..0
2408 2178 13 17 0
2445 2176 10 19 0

1881 2202 47 22 Tea
1938 2210 5 13 :
1953 2202 80 27 Hyson
2038 2202 55 26 skin,
2100 2209 39 19 per
2148 2201 62 22 chest
2221 2204 13 19 5
2262 2204 14 19 0
2302 2203 14 19 0
2333 2215 19 6 ..
2369 2202 13 21 7
2410 2202 11 21 7
2445 2204 10 19 0

1957 2230 91 25 Congou
2210 2230 26 20 10
2262 2230 14 20 0
2302 2230 14 19 0
2334 2242 17 6 ..
2369 2232 13 17 0
2398 2230 23 19 IS
2445 2230 10 19 0

1881 2256 105 21 Tobacco
1994 2263 5 14 :
2013 2255 141 27 Negrohead,
2171 2262 39 22 per

2040 2282 30 21 lb.
2083 2282 23 21 in
2123 2281 58 22 bond
2221 2284 14 19 0
2264 2283 7 20 1
2302 2283 49 20 0..
2368 2284 14 18 0
2410 2283 9 20 1
2445 2284 10 18 6

1882 2309 163 22 Turpentine:
2060 2309 43 21 Per
2107 2308 97 27 gallon..
2222 2310 14 19 0
2263 2311 13 19 8
2302 2310 15 19 0
2334 2322 18 6 ..
2370 2310 13 19 0
2397 2310 25 19 10
2445 2310 11 19 0

1883 2336 160 21 Whalebone:
2059 2336 90 21 Perton
2210 2337 27 20 90
2263 2338 14 19 0
2303 2336 119 20 0..1100
2445 2337 11 19 0

1884 2362 81 22 Wine:
1981 2362 87 28 Sherry,
2078 2369 41 20 per
2127 2362 78 27 pipe..
2210 2364 27 19 28
2264 2364 13 19 0
2304 2363 80 20 0..40
2409 2364 13 19 0
2445 2364 11 18 0

1991 2390 71 26 Ditto,
2077 2396 41 19 per
2130 2388 78 22 dozen.
2224 2390 10 20 1
2262 2391 16 19 4
2304 2390 13 19 0
2335 2403 4 6 .
2347 2403 6 5 .
2369 2390 14 19 2
2398 2390 24 19 10
2445 2390 11 19 0

1992 2416 60 26 Port,
2062 2423 40 20 per
2111 2415 49 27 pipe
2186 2418 50 19 ..28
2263 2418 13 19 0
2302 2417 14 19 0
2334 2416 49 21 ..60
2409 2417 12 20 0
2444 2416 11 19 0

2058 2450 40 19 per
2107 2444 47 19 doz.
2185 2444 47 20 ..1
2262 2444 12 19 8
2302 2444 13 19 0
2332 2456 19 5 ..
2368 2444 13 19 2
2407 2444 12 18 8
2443 2444 10 17 0

1991 2470 148 26 Champagne,
2153 2469 55 22 ditto
2221 2472 13 19 2
2262 2470 12 19 5
2302 2472 13 18 0
2332 2483 19 5 ..
2367 2470 14 19 4
2396 2470 24 19 10
2443 2470 11 18 0

1885 2496 118 21 Poultry:
2019 2496 79 26 Fowls,
2105 2503 40 20 per
2151 2496 47 26 pair
2205 2512 5 5 .
2224 2498 14 19 0
2262 2498 16 24 ,8
2304 2498 14 18 0
2335 2510 18 5 ..
2371 2498 13 18 0
2398 2497 24 19 16
2445 2498 10 17 0

2018 2522 83 28 Ducks,
2113 2523 54 20 ditto
2187 2524 90 19 ..016
2304 2524 13 19 0
2334 2538 5 3 .
2348 2536 5 5 .
2370 2524 13 19 0
2409 2525 12 18 0
2445 2523 10 18 0

2019 2550 79 26 Geese,
2109 2549 55 21 each
2187 2564 4 5 .
2199 2564 6 5 .
2224 2551 10 19 1
2263 2551 13 20 0
2302 2550 14 20 0
2334 2563 5 6 .
2346 2563 6 5 .
2369 2551 13 19 0
2408 2550 13 19 0
2444 2551 10 17 0

2017 2576 109 27 Turkeys,
2137 2576 54 21 each
2224 2577 54 20 010
2304 2578 14 19 0
2336 2589 5 7 .
2349 2589 5 6 .
2372 2577 12 20 0
2410 2577 12 20 0
2445 2576 10 19 0

2019 2603 102 26 Pigeons,
2132 2602 78 28 (wild,)

2045 2637 40 19 per
2093 2630 48 27 pair
2224 2632 14 19 0
2266 2631 10 19 1
2305 2631 79 19 0..0
2408 2630 13 19 2
2445 2631 10 17 0

2019 2656 83 26 Ducks,
2111 2656 35 21 do.
2156 2656 51 21 do..
2226 2658 14 19 0
2266 2658 13 19 4
2306 2658 13 18 0
2337 2670 17 6 ..
2371 2658 13 19 0
2410 2658 12 18 6
2445 2657 10 18 0

1885 2684 61 21 Eggs
1953 2691 4 14 :
1975 2684 42 21 Per
2027 2683 72 22 dozen
2226 2684 14 19 0
2266 2684 14 20 2
2306 2684 80 19 6..0
2410 2684 12 19 3
2446 2682 10 19 0

1886 2711 77 22 Cows:
1977 2710 71 23 Milch
2214 2710 26 21 15
2266 2712 14 19 0
2306 2710 78 21 0..25
2410 2711 12 18 0
2445 2710 10 18 0

1886 2738 96 21 Mares:
1996 2737 76 22 Brood
2212 2738 28 20 50
2266 2738 13 19 0
2306 2738 14 19 0
2337 2738 48 20 ..80
2410 2737 12 19 0
2445 2736 10 18 0

1888 2764 113 22 Working
2019 2764 130 21 Bullocks:
2172 2764 42 21 Per

1912 2791 49 27 pair
2213 2792 29 19 40
2268 2792 12 19 0
2308 2791 13 19 0
2337 2790 49 20 ..60
2411 2790 13 19 0
2446 2788 9 19 0

1888 2818 62 21 Hire
1961 2825 26 14 of
1998 2825 66 14 ditto
2072 2825 4 13 :
2093 2817 42 22 Per
2142 2817 49 27 day,
2201 2824 13 15 a

1913 2848 60 17 team
1983 2844 45 21 and
2035 2844 72 21 driver
2229 2845 11 19 1
2268 2845 13 19 0
2308 2844 13 19 0
2338 2856 18 7 ..
2374 2843 12 20 2
2412 2843 12 19 0
2445 2842 11 19 0

1888 2872 87 21 Sheep:
1989 2870 62 21 Each
2227 2871 11 20 1
2266 2872 14 19 0
2306 2872 14 19 0
2337 2883 19 7 ..
2375 2870 9 20 1
2411 2870 12 19 8
2445 2869 10 18 0

1888 2898 62 21 Boat
1961 2897 72 21 Hire:
2048 2897 43 21 Per
2097 2896 50 30 day,
2151 2896 63 22 with-

2076 2926 40 18 out
2125 2922 70 22 hands
2205 2924 35 20 .0
2254 2924 26 19 10
2306 2924 14 19 0
2337 2936 5 7 .
2350 2936 6 6 .
2374 2924 9 19 1
2412 2924 12 19 0
2445 2921 10 19 0

1888 2950 85 21 Wages
1980 2957 5 14 :
2013 2948 139 28 Mechanics,
2175 2955 40 24 per

2036 2976 66 22 -tffeek
2112 2990 6 7 .
2125 2990 5 7 .
2139 2978 71 19 .~.W»>
2220 2976 23 21 JJ
2268 2977 13 20 0
2308 2978 14 19 0
2339 2990 5 6 .
2352 2989 6 7 .
2375 2977 14 20 3
2413 2976 12 20 0
2445 2975 10 19 0

2024 3003 124 22 Labourers
2165 3017 45 7 ....
2228 3004 12 20 1
2256 3003 25 21 10
2308 3004 13 19 0
2338 3016 19 7 ..
2376 3004 10 19 1
2402 3003 22 20 16
2445 3001 9 19 0

236 145 91 20 House
343 145 28 19 to
386 140 56 20 Let.

54 177 50 49 A
132 178 85 21 GOOD
238 178 128 22 substantial
385 177 72 27 house,
473 177 52 22 with
537 177 91 22 kitchen

131 204 42 22 and
182 204 134 27 out-houses,
326 207 23 19 to
358 205 33 21 let
398 205 24 21 in
436 204 190 22 Manners-street.

53 231 43 21 For
109 231 135 26 particulars,
256 232 65 26 apply
331 234 22 19 to
365 231 44 22 Mr.
420 231 119 22 Brewer's
550 231 76 22 Office.

52 275 84 25 Land,
146 276 54 20 and
214 276 156 21 unselected
385 276 75 20 Land
475 276 97 21 Orders
586 275 41 22 for

171 303 70 24 Sale,
256 308 36 14 on
306 302 95 21 liberal
416 304 90 19 terms.

53 334 67 48 TO
135 335 37 21 BE
188 336 85 24 SOLD,
289 335 29 27 by
332 336 84 26 private
433 338 105 24 contract,
558 335 69 27 single

113 362 93 20 sections
215 368 28 14 on
254 361 35 21 the
299 362 106 26 principal
410 362 55 21 lines
474 362 22 21 in
505 361 38 22 the
552 362 76 21 vallies

53 387 27 20 of
90 387 37 21 the
137 387 58 22 Hutt
203 387 44 21 and
256 387 37 21 the
310 388 120 26 Horokiwi,
442 388 43 21 and
501 395 28 14 on
538 388 39 21 the
586 388 42 21 Po-

52 413 59 21 rirua
121 413 62 21 Road
189 421 7 18 ;
212 414 44 21 also
272 414 76 21 blocks
364 414 27 21 of
400 414 60 27 land,
478 414 25 21 of
514 418 42 17 two
571 414 66 21 has*-

52 438 54 22 dred
125 439 44 21 and
186 439 62 22 three
266 440 103 21 hundred
388 448 60 14 acres
466 440 61 27 each,
546 440 24 21 in
591 439 37 22 the

52 465 124 21 immediate
185 466 91 27 vicinity
287 467 25 20 of
323 467 37 21 the
370 467 67 21 Town
449 467 25 21 of
484 467 143 26 Wellington.

52 491 61 26 Also,
126 492 73 22 orders
213 493 34 21 for
263 496 94 24 country
365 493 53 22 land
434 493 43 21 still
493 492 133 27 uuselected,

52 517 69 21 either
130 518 71 27 singly
212 526 24 14 or
245 519 23 21 in
278 519 49 26 lots;
339 519 45 22 and
393 519 52 22 with
455 527 24 14 or
489 519 93 22 without
592 518 36 22 the

50 543 68 22 Town
128 545 75 26 Acres,
214 548 22 18 to
246 546 43 20 suit
298 546 135 25 purchasers.

78 570 72 27 Apply
160 574 22 18 to
192 571 40 21 Dr.
243 571 82 27 Evans,
339 572 108 22 Lambton
459 573 71 26 Quay.

52 600 21 21 A
83 599 76 23 liberal
169 602 71 21 credit
247 602 67 26 given
324 606 22 18 to
355 604 135 26 respectable
501 602 138 28 purchaser!}.

137 628 115 26 intending
262 632 21 17 to
294 630 64 20 settle
369 637 58 19 upon
437 630 37 21 the
483 630 60 21 land.

273 674 52 20 For
340 675 69 25 Sale,

53 705 132 48 ABOUT
200 707 26 20 16
242 709 49 19 tons
309 707 25 21 of
345 707 45 22 fine
405 708 79 27 picked
504 708 126 21 Manawatu

132 732 109 22 Potatoes.
270 733 74 27 Apply
354 738 23 21 tp

276 766 101 22 Messrs.
389 766 81 22 Waitt
484 768 21 20 &
512 773 6 8 v
520 768 84 20 Tyser.

80 795 141 27 Wellington,
233 797 64 26 April
308 799 31 24 18,
351 799 59 21 1843.

250 842 40 19 To
309 842 124 21 Packers.

53 872 173 48 WANTED,
237 879 12 13 a
257 879 76 19 person
343 874 123 24 acquainted
475 874 50 20 with
534 875 96 25 packing,

134 902 21 17 to
165 900 49 19 take
224 900 73 26 charge
308 900 23 20 of
343 907 12 13 a
365 901 49 20 Flax
425 900 67 21 Press.

366 933 83 20 Waitt
459 939 49 14 and
518 933 87 22 Ttjser.

54 958 75 20 March
139 960 33 19 31.

53 1003 40 20 To
109 1004 160 21 Gentlemen
283 1005 145 27 intending
440 1006 30 19 to
484 1007 75 18 enter
573 1006 57 20 into

80 1030 44 21 the
151 1031 142 25 profitable
321 1032 107 24 pursuit
457 1032 29 20 of
513 1032 120 26 Grazing

82 1056 53 20 and
154 1057 135 26 Breeding
308 1058 90 24 Stock,
420 1058 41 21 for
480 1058 89 21 which
589 1059 41 20 the

82 1082 85 21 fertile
187 1083 109 20 Islands
318 1084 29 20 of
363 1084 68 21 New
449 1085 120 20 Zealand
588 1091 43 14 are

81 1115 30 14 so
126 1110 149 25 peculiarly
289 1111 124 25 adapted.

56 1143 88 47 THE
155 1143 151 26 undersigned
315 1145 42 26 beg
367 1148 22 18 to
397 1145 80 21 inform
487 1145 57 21 their
550 1145 82 21 friends

124 1169 43 22 and
184 1169 38 23 the
236 1170 74 24 public
325 1171 120 27 generally,
461 1171 50 21 that
526 1171 53 27 they
589 1172 44 22 will

54 1199 97 18 contract
175 1196 35 21 for
229 1196 36 21 the
290 1197 99 28 delivery
413 1198 25 21 of
459 1198 37 21 the
521 1198 112 27 following

54 1221 132 28 description
200 1222 26 21 of
232 1223 72 26 Stock,
312 1224 24 21 in
344 1231 44 20 any
398 1224 53 22 Port
460 1225 25 20 of
498 1225 37 21 the
546 1225 87 21 Islands

56 1248 26 21 of
88 1248 55 22 New
152 1249 98 21 Zealand
258 1257 5 13 :
265 1260 28 5 —

83 1281 93 22 Horned
191 1281 66 22 cattle
275 1282 123 28 (improved
412 1282 87 27 breeds)
515 1282 26 22 of
552 1282 31 22 all
597 1282 36 22 de-

56 1308 122 27 scriptions,

83 1334 89 27 Horses,
194 1335 58 22 from
273 1335 37 21 the
332 1335 51 22 best
401 1335 92 27 English
513 1335 44 22 and
574 1336 59 21 Arab

54 1361 70 26 studs,
141 1362 93 21 suitable
249 1362 34 21 for
303 1363 83 26 racing,
401 1363 81 26 saddle,
494 1369 24 14 or
530 1362 102 27 harness;

56 1387 44 21 and
108 1387 106 28 breeding
224 1396 79 19 mares,

83 1414 57 21 Pure
149 1415 75 21 Saxon
235 1415 43 21 and
287 1415 86 21 merino
384 1423 63 19 ewes,

83 1439 118 23 Half-bred
217 1441 112 21 Leicester
343 1441 45 22 and
403 1442 84 21 merino
506 1449 63 18 ewes,
587 1449 48 20 par-

56 1466 101 27 ticularly
166 1467 95 27 adapted
274 1467 35 21 for
318 1467 43 22 this
371 1471 99 24 country,
481 1476 23 13 as
514 1469 53 26 they
574 1469 60 21 unite

57 1493 80 25 weight
146 1493 25 21 of
177 1501 86 15 carcass
273 1494 52 22 with
334 1495 96 21 fineness
440 1495 26 21 of
473 1495 62 21 wool.

83 1518 47 22 The
151 1520 151 27 undersigned
323 1528 41 14 can
393 1521 164 22 accommodate
584 1528 51 21 pur-

58 1546 86 22 chasers
158 1547 26 20 of
198 1546 56 22 their
264 1547 66 21 Stock
348 1547 52 21 with
417 1548 113 21 extensive
544 1549 91 26 grazing

56 1580 60 19 runs,
127 1573 75 21 within
212 1575 40 19 100
261 1573 64 22 miles
335 1574 26 21 of
366 1573 43 22 this
421 1574 57 22 Port.

313 1606 34 22 W.
363 1607 27 21 B.
405 1607 94 22 Rhodes
513 1608 43 21 and
571 1608 36 21 Co.

189 1652 87 20 Town
293 1651 30 21 of
334 1652 167 20 Manewatu.

59 1685 89 48 THE
169 1684 212 23 PROPRIETORS
405 1684 25 22 of
454 1684 37 22 the
512 1685 61 22 three
589 1686 46 21 first

144 1711 87 22 choices
246 1714 23 19 at
278 1712 37 21 the
332 1711 44 22 last
391 1712 103 21 selection
504 1712 26 21 of
544 1716 91 23 country

55 1738 70 26 lands,
139 1737 83 27 having
240 1737 137 22 determined
391 1745 59 19 upon
466 1738 37 21 the
520 1738 39 21 site
575 1739 33 21 for
623 1746 12 14 a

69 1771 92 22 TOWN
176 1771 44 21 ON
233 1771 64 22 THE
313 1771 186 22 MANEWATU
513 1772 105 27 RIVER,

56 1803 56 21 after
116 1804 78 20 several
202 1803 58 20 visits
270 1806 21 18 to
300 1803 37 21 the
346 1803 184 27 neighbouroood,
543 1803 45 22 and
598 1804 36 21 the

57 1832 56 19 most
132 1830 84 21 careful
234 1829 44 22 and
296 1830 83 21 minute
398 1829 148 22 examination
561 1830 26 21 of
598 1830 37 21 the

57 1860 71 18 entire
143 1857 91 26 district,
249 1856 66 21 aided
329 1856 30 27 by
369 1856 36 21 the
421 1857 143 27 professional
578 1857 54 26 skill,

54 1883 138 27 knowledge,
212 1883 43 21 and
270 1883 128 27 experience
414 1883 24 21 of
450 1883 36 21 the
503 1887 59 18 most
577 1891 58 14 com-

56 1913 75 23 petent
139 1909 87 28 judges,
243 1916 90 21 propose
349 1912 22 18 to
388 1910 52 21 offer
452 1910 31 20 for
501 1910 102 27 disposal,
614 1914 21 18 at

203 1936 38 21 the
254 1938 88 25 present
351 1937 59 24 time,
423 1936 66 21 about

57 1966 216 23 TWENTY-FIVE
308 1966 104 26 ACRES,
451 1966 34 22 IN
524 1967 111 22 ALLOT-

58 1994 110 26 MENTS,
184 1993 85 22 EACH
290 1993 39 21 OF
353 1993 63 21 ONE
437 1993 146 24 QUARTER
598 1994 37 21 OF

271 2019 44 22 AN
330 2019 90 22 ACRE.

83 2046 46 22 The
138 2050 48 24 spot
195 2046 50 22 thus
254 2046 97 21 selected
362 2053 109 20 possesses
480 2046 37 21 the
527 2050 57 18 most
600 2055 35 14 ex-

56 2074 84 21 tensive
153 2074 100 26 frontage
268 2075 22 18 to
308 2072 55 27 deep
375 2076 67 17 water
457 2072 25 22 of
494 2080 43 24 any
552 2081 28 14 on
600 2074 35 21 the

56 2101 64 21 river.
148 2100 21 21 It
186 2100 19 21 is
224 2099 95 22 situated
333 2100 49 27 just
394 2102 22 18 at
431 2099 48 21 that
497 2100 64 26 point
579 2100 56 22 from

118 2126 71 22 which
198 2133 14 14 a
221 2126 53 21 road
285 2126 72 21 would
365 2126 85 21 branch
461 2126 33 21 off
499 2130 22 17 to
532 2126 37 22 the

56 2166 93 14 WOODED
173 2165 46 14 AND
240 2165 96 14 FERTILE
357 2165 115 13 DISTRICTS
493 2165 74 15 ALONG
592 2166 43 14 THE

225 2192 54 13 BASE
294 2192 26 13 OF
335 2191 46 14 THE
396 2192 73 18 HILLS,

56 2219 43 22 and
111 2219 69 22 above
191 2218 72 21 which
273 2218 36 21 the
323 2218 127 26 navigation
464 2218 35 21 for
508 2219 82 21 vessels
598 2220 37 21 be-

56 2253 73 15 comes
139 2246 85 24 tedious,
235 2246 22 24 if
262 2247 36 18 not
308 2245 86 26 difficult
431 2245 22 20 It
460 2245 17 21 is
484 2245 108 22 therefore
598 2246 37 21 the

251 2272 62 27 point
321 2272 73 21 where
405 2271 35 21 the

57 2307 87 21 LAND
158 2306 68 22 AND
241 2305 112 22 WATER
367 2305 160 21 CARRIAGE
543 2305 90 23 MEET,

57 2338 44 21 and
110 2338 72 21 where
191 2345 14 14 a
214 2337 68 22 Town
300 2344 58 14 must
374 2345 27 13 be
416 2344 89 14 formed
523 2338 64 21 when
598 2338 37 21 the

57 2365 84 21 district
155 2365 19 20 is
184 2364 86 21 settled.
300 2364 21 20 It
330 2370 44 15 was
384 2363 94 22 selected
494 2365 30 26 by
535 2364 36 21 the
585 2365 50 21 Sur-

57 2391 80 27 veying
146 2391 58 21 Staff
216 2398 24 14 as
249 2391 37 21 the
296 2391 134 20 rendezvous
439 2390 36 22 for
490 2391 57 21 their
560 2391 60 27 body
628 2399 5 18 ;

58 2418 42 21 and
109 2418 40 21 has
158 2418 58 21 been
226 2424 49 14 now
288 2417 75 26 found,
375 2417 55 21 after
441 2417 85 21 several
542 2418 93 21 months'

56 2444 102 27 location,
170 2447 22 18 to
207 2444 27 21 be
243 2443 36 22 the
290 2446 56 18 most
361 2443 163 27 advantageous
534 2445 100 26 position,

57 2471 57 21 from
130 2471 26 21 its
170 2469 98 28 peculiar
289 2470 83 27 facility
389 2470 25 22 of
425 2470 110 28 approach
545 2471 53 21 both
607 2471 28 27 by

57 2497 53 22 land
120 2497 43 22 and
172 2500 74 18 water.

87 2530 27 21 In
125 2529 149 22 confirmation
285 2529 26 21 of
316 2529 37 22 the
363 2529 129 27 superiority
503 2529 26 22 of
536 2529 43 22 this
590 2532 47 24 spot

57 2563 52 14 over
119 2563 44 20 any
172 2556 63 21 other
242 2559 38 24 yet
288 2556 89 26 known,
389 2556 37 21 the
437 2556 88 21 Messrs.
535 2556 100 26 Kebbell,

58 2583 57 21 after
132 2582 36 22 the
188 2583 148 21 examination
353 2582 27 22 of
395 2582 36 21 the
450 2582 58 22 river
524 2582 57 22 from
600 2582 35 22 the

58 2609 88 22 Paneiri
155 2609 47 22 Pah
212 2613 23 18 to
244 2610 28 20 its
281 2609 85 27 mouth,
377 2609 138 22 determined
529 2617 28 14 on
569 2613 67 18 erect-

293 2636 38 26 ing
344 2636 58 21 their

57 2669 66 22 SAW
137 2669 80 22 MILL
238 2668 227 22 IMMEDIATELY
480 2668 156 23 OPPOSITE.

57 2701 47 21 The
123 2700 70 22 works
211 2700 25 21 of
250 2700 49 21 that
318 2700 166 21 establishment
501 2707 37 14 are
557 2704 24 17 at
597 2701 40 21 this

60 2730 98 19 moment
175 2727 24 21 in
214 2726 62 27 rapid
291 2733 106 19 progress,
415 2726 43 21 and
477 2726 37 22 the
532 2728 106 26 proposed

60 2754 69 21 Town
137 2753 44 22 will
190 2753 132 26 necessarily
327 2753 91 27 partake
425 2753 25 21 of
456 2753 42 21 this
508 2753 129 27 advantage.

87 2785 48 22 The
152 2784 93 22 nucleus
259 2784 26 21 of
301 2791 13 14 a
330 2784 69 21 Town
414 2785 26 26 is,
450 2784 23 22 in
487 2785 51 27 fact,
550 2786 88 27 already

61 2811 94 25 created,
165 2812 30 26 by
204 2811 38 21 the
251 2810 164 22 concentration
431 2811 25 22 of
470 2811 36 22 the
517 2812 122 28 Surveying

62 2838 57 22 Staff
125 2845 28 14 on
163 2838 48 21 that
221 2840 54 25 spot,
286 2844 24 14 as
319 2837 37 22 the
366 2841 73 18 centre
456 2838 25 21 of
491 2839 148 21 communica-

61 2866 45 20 tion
117 2867 23 19 to
149 2864 38 21 the
196 2864 147 26 surrounding
352 2864 85 21 district
443 2872 6 19 ;
464 2864 37 22 the
513 2866 96 21 erection
619 2867 24 20 of

64 2892 87 21 Messrs.
163 2890 114 23 Kebbell's
291 2891 49 21 Saw
357 2890 62 22 Mills
435 2892 96 26 opposite
539 2899 5 19 ;
559 2892 31 26 by
604 2893 34 21 the

61 2921 162 23 arrangements
237 2917 34 22 for
285 2924 29 14 an
330 2918 113 21 extensive
455 2918 96 21 General
564 2920 73 26 Store;

61 2944 44 22 and
113 2945 30 27 by
150 2944 38 22 the
197 2944 45 21 late
250 2943 133 32 application
389 2944 33 21 for
431 2951 13 14 a
451 2944 106 22 Licensed
564 2946 75 21 House

61 2979 27 14 on
97 2971 37 22 the
143 2974 49 24 part
202 2970 26 22 of
239 2977 27 14 an
276 2970 122 21 individual
412 2970 49 22 who
475 2971 47 27 has,
534 2972 60 21 since
604 2972 35 22 the

61 2998 116 21 formation
195 2997 25 22 of
234 2996 37 22 the
287 2997 91 27 Colony,
393 2998 96 26 pursued
504 3005 14 14 a
537 2998 103 22 lucrative

61 3024 63 22 trade
134 3024 51 22 with
195 3024 38 21 the
243 3024 91 25 natives,
346 3023 45 21 and
401 3023 72 22 whose
482 3024 130 28 knowledge
620 3026 24 21 of

62 3052 37 21 the
109 3050 134 26 advantages
252 3050 26 21 of
284 3050 38 21 the
330 3050 101 26 position,
438 3051 117 27 prompted
564 3052 46 21 him
619 3055 23 18 at

64 3085 54 14 once
129 3081 21 17 to
158 3077 74 27 prefer
241 3076 48 21 that
301 3076 139 27 application;

90 3109 46 21 The
146 3109 92 21 Natives
251 3109 31 26 by
290 3107 73 22 whom
379 3108 43 25 this
430 3108 55 22 land
496 3116 43 14 was
549 3109 93 23 claimed

63 3142 37 14 are
110 3135 59 27 quite
179 3134 107 28 prepared
295 3138 21 18 to
325 3134 51 27 give
383 3141 29 20 up
418 3136 130 27 possession,
555 3137 45 21 and
606 3144 35 15 are

63 3161 143 27 exceedingly
216 3161 92 21 anxious
321 3165 22 17 to
357 3161 58 21 have
425 3169 13 14 a
448 3161 117 29 European
574 3170 68 21 popu-

62 3188 68 22 lation
141 3194 80 20 among
231 3187 65 27 them,
308 3187 83 27 having
407 3188 56 22 been
471 3196 59 20 upon
541 3189 37 22 the
587 3194 56 18 most

62 3214 95 27 friendly
164 3215 85 26 footing
258 3214 53 21 with
319 3214 38 21 the
369 3215 123 27 Surveying
502 3216 57 21 Staff
564 3216 79 27 during

59 3241 41 22 the
108 3241 50 21 four
167 3248 24 14 or
200 3241 42 21 five
251 3240 88 22 months
348 3241 52 27 they
421 3241 56 22 have
492 3242 56 22 been
557 3242 87 23 located

60 3268 72 22 there.

90 3299 33 22 As
132 3299 36 21 the
176 3299 136 26 Proprietors
320 3306 93 20 purpose
421 3303 23 18 to
455 3300 86 27 dispose
551 3301 26 21 of
582 3301 41 22 but
630 3309 13 14 a

59 3325 87 23 limited
160 3325 89 27 portion
264 3325 26 21 of
300 3325 37 21 the
351 3326 70 22 Town
436 3330 23 18 at
475 3330 96 25 present,
591 3328 51 31 they

60 3352 79 28 pledge
147 3351 134 23 themselves
289 3351 53 26 that,
353 3355 23 18 at
386 3359 27 15 no
431 3353 73 21 future
514 3353 63 28 sales,
588 3355 54 22 shall

62 3379 39 22 the
111 3379 127 22 allotments
245 3377 28 22 be
283 3381 39 23 put
327 3384 30 21 up
367 3381 24 19 at
399 3386 13 14 a
422 3376 44 25 Jess
475 3387 49 16 sum
534 3381 54 21 than
596 3389 48 14 now

64 3405 89 24 offered.

92 3438 35 27 Ay
132 3438 130 25 Prospectus
281 3435 44 21 and
344 3435 56 22 Plan
420 3437 25 20 of
458 3437 37 22 the
513 3438 68 22 Town
600 3440 44 21 will

63 3464 85 27 shortly
156 3464 28 21 be
193 3462 68 27 ready
270 3461 35 22 for
313 3462 122 26 inspection
450 3466 22 18 at
484 3464 37 21 the
533 3465 79 22 Offices
622 3467 23 20 of

64 3492 89 22 Messrs.
165 3489 70 22 Waitt
243 3488 44 21 and
296 3488 76 27 Tyser,
383 3488 30 22 Te
423 3490 54 21 Aro.

91 3517 144 26 Wellington.
246 3515 64 22 April
319 3516 34 21 22.
364 3516 60 20 1842.

234 3560 64 20 Just
318 3559 157 25 Published,

64 3595 92 50 THE
179 3592 214 23 WELLINGTON
414 3592 180 25 ALMANACK
611 3596 34 22 for

140 3622 67 21 1843:

295 3652 122 15 CONTENTS.

92 3674 106 22 Weather
220 3673 77 26 Table,
318 3671 77 27 Cycles
416 3671 44 23 and
482 3673 163 24 Astronomical

66 3701 117 26 Numbers,
196 3699 117 26 Calendar,
329 3698 135 23 Gardener's
480 3699 44 22 and
538 3700 107 23 Farmer's

65 3727 114 27 Calendar,
191 3725 182 28 Meteorological
386 3725 68 22 Table
463 3725 34 23 for
514 3727 59 28 1840,
584 3729 60 27 1841,

66 3755 44 22 and
120 3755 59 26 1842,
190 3753 99 27 Eclipses
299 3753 24 21 of
331 3751 38 23 the
379 3752 46 22 Sun
435 3752 45 22 and
496 3753 78 28 Moon,
590 3755 55 22 New

66 3781 98 22 Zealand
180 3781 121 26 Company,
313 3779 52 22 Post
381 3777 69 25 Office
461 3779 143 27 Regulations
613 3782 32 22 for

66 3807 59 22 New.
134 3805 105 28 Zealand;
249 3806 57 22 Civil
322 3804 182 29 Establishment,
517 3806 57 23 Fees
583 3808 61 23 Land

68 3833 88 22 Claims'
180 3833 77 26 Office,
283 3833 53 21 Post
359 3832 70 22 Office
429 3842 28 5 —
458 3832 99 23 Colonial
584 3834 60 29 Law,

69 3859 72 23 Police
167 3859 69 21 Office
236 3870 28 4 —
266 3859 64 26 Petty
355 3859 106 28 Sessions,
492 3859 108 29 Holidays
623 3866 22 18 at

73 3885 73 25 public
155 3885 88 27 Offwes,
253 3885 110 23 Discount
372 3885 68 27 Days.

268 3911 71 23 Phwk
354 3912 30 20 Is.
399 3911 36 23 6d.

871 134 53 20 For
938 133 69 20 Sale.

655 153 362 66 ADWELH&G-HOUSE
1045 171 26 14 on
1095 164 135 26 Wellington

732 195 99 24 Terrace,
843 191 94 28 adapted
946 191 36 20 for
989 197 14 14 a
1011 190 65 21 small
1084 190 85 26 family.

683 221 43 23 For
735 216 133 31 particulars,
877 216 91 28 enquire
978 220 23 17 at
1011 216 37 21 the
1058 217 60 21 Store
1128 216 26 21 of
1165 219 4 4 '

800 257 31 22 H.
847 258 94 21 Taylor
955 258 24 26 &,
990 258 47 25 Co:,
1048 254 156 23 Willis-street.

684 293 109 24 February
802 291 20 25 3,
833 291 59 21 1843.

873 341 53 19 For
939 340 69 19 Sale.

657 375 92 29 rpHE
768 371 103 28 CARQO
887 372 38 21 OF
940 371 104 22 MAIZE
1056 378 38 19 per
1108 372 68 19 Ariel.

645 420 13 8 <i
659 393 34 35 JL
817 407 20 12 'f
861 414 2 5 ,
925 418 3 6 ,
1023 398 73 21 Levin
1112 397 45 21 and
1166 397 39 21 Co.

684 429 143 34 Janufcr/27,
838 436 60 20 1843.

659 503 5 11 r
666 493 82 21 TiHE
771 492 76 21 Nelson
869 492 116 19 Examiner
1007 491 42 20 and
1069 491 52 19 New
1144 490 91 20 Zealand

664 510 29 33 JL
731 519 107 21 Chronicle
853 517 125 26 (published,
987 518 23 20 at
1019 516 99 27 Nelson,)
1134 517 19 21 is
1169 524 65 20 regu-

656 548 57 25 larly
731 545 137 22 transmitted
884 547 22 17 to
922 543 142 27 Wellington,
1084 543 43 21 and
1143 550 50 20 may
1207 543 26 21 be

656 575 44 22 had
710 575 24 19 at
741 573 38 21 the
789 571 61 21 office
860 569 25 22 of
895 569 44 22 this
947 576 76 21 paper.

684 606 47 24 The
741 606 76 20 Nelson
826 605 113 19 Examiner
955 602 45 23 will
1009 603 27 21 be
1045 602 68 22 found
1123 609 29 14 an
1163 602 72 22 excel-

657 635 48 22 lent
713 632 97 22 medium
819 631 34 21 for
863 630 137 21 advertisers.

684 667 78 23 Terms
772 665 32 22 for
813 664 37 21 the
859 670 73 21 paper,
943 666 36 18 ten
988 661 99 27 shillings
1101 668 38 20 per
1148 665 88 24 quarter

657 693 94 29 payable
758 693 25 21 in
792 691 106 21 advance.
1240 694 3 9 '

686 731 81 23 Orders
788 729 34 21 for
841 728 37 22 the
900 734 67 21 paper
989 726 45 22 and
1056 726 180 22 advertisements

659 757 103 24 received
771 758 22 20 at
802 755 36 21 the
849 755 69 21 Office
929 754 24 21 of
965 754 44 20 this
1018 760 74 19 paper.

760 816 37 19 To
817 813 169 25 Proprietors
1002 811 29 21 of
1045 811 89 21 Stock.

659 857 51 47 A
734 849 195 26 GENTLEMAN
947 849 50 22 who
1016 849 40 21 has
1075 849 57 21 been
1153 848 84 22 several

738 885 62 21 years
806 877 23 21 in
839 877 79 26 charge
929 876 25 22 of
965 876 64 22 stock
1038 876 23 21 in
1072 875 111 27 England,
1193 874 44 22 and

660 909 48 21 who
723 906 41 21 has
772 907 57 20 been
848 910 60 14 more
928 903 54 21 than
1002 903 76 21 twelve
1098 901 95 22 months'
1214 901 21 21 in

659 935 81 24 charge
750 932 26 22 of
791 937 41 15 one
849 929 26 21 of
891 929 38 21 the
946 929 84 26 largest
1048 928 79 22 dairies
1143 928 22 22 in
1186 928 52 21 Port

659 959 129 24 Nicholson,
796 957 41 21 has
848 955 137 22 determined
993 958 23 18 to
1028 955 102 21 establish
1144 962 13 13 a
1171 954 66 27 sheep

660 985 43 24 and
713 985 66 21 cattle
788 983 85 25 station,
884 982 99 22 between
995 981 141 22 Poriruaand
1143 982 95 26 Wanga-

660 1015 46 24 nui,
727 1011 53 22 with
793 1009 37 22 the
845 1009 110 21 intention
972 1008 26 22 of
1014 1008 77 26 taking
1109 1008 66 27 sheep
1194 1007 45 21 and

661 1039 65 24 cattle
737 1045 28 14 on
775 1035 79 27 stares,
866 1042 24 14 or
898 1035 121 25 otherwise,
1032 1042 22 14 as
1061 1041 51 19 may
1120 1034 28 21 be
1158 1034 81 26 agreed

660 1072 66 23 upon.
755 1064 46 22 The
816 1069 48 15 new
875 1062 71 20 North
956 1061 72 26 Road,
1039 1068 48 14 now
1096 1061 25 20 in
1130 1067 107 21 progress,

661 1091 45 24 will
715 1091 50 26 give
776 1089 35 23 the
823 1091 56 19 most
887 1089 85 26 perfect
981 1087 84 27 facility
1081 1087 25 21 of
1119 1086 120 22 communi-

660 1118 76 27 cating
743 1117 31 27 by
783 1115 53 22 land
844 1114 52 22 with
907 1114 36 22 the
957 1114 92 27 grazing
1060 1114 97 21 districts
1169 1113 24 22 in
1202 1114 37 20 the

661 1148 70 21 above
753 1142 111 23 indicated
886 1141 113 21 direction.
1047 1140 42 21 For
1111 1140 128 27 particulars

661 1171 66 30 apply
734 1174 23 18 to
767 1170 36 22 the
815 1169 84 20 Gazette
909 1168 70 21 office.

844 1221 112 20 Gazette
971 1220 88 19 Office.

662 1260 197 26 STATIONERY
873 1258 193 22 WHOLESALE
1080 1257 21 22 &
1117 1257 122 22 RETAIL.

661 1295 88 52 WE
772 1295 42 25 beg
836 1296 22 18 to
881 1299 114 15 announce
1014 1291 38 22 the
1072 1291 87 26 arrival,
1183 1291 57 21 from

758 1320 107 27 England,
877 1320 25 21 of
910 1319 36 21 the
962 1319 47 21 first
1018 1322 47 23 part
1075 1318 24 20 of
1110 1324 39 14 our
1164 1321 76 17 exten-

662 1351 46 21 sive
718 1349 73 22 orders
800 1347 23 21 in
833 1347 44 21 this
885 1346 142 27 department
1036 1345 23 21 of
1066 1344 107 21 business.
1195 1344 46 20 Our

662 1375 63 24 stock
735 1373 88 28 already
833 1373 91 21 consists
938 1373 26 21 of
976 1378 66 19 every
1051 1371 74 21 article
1141 1370 100 27 required

662 1405 34 20 for
711 1400 95 26 Schools,
824 1399 80 26 Banks,
920 1399 85 25 Courts,
1024 1399 51 20 Law
1091 1397 88 23 Offices,
1198 1396 43 22 and

663 1428 88 27 Artists,
764 1429 38 20 &c.
811 1434 5 19 ;
831 1425 73 22 whilst
912 1425 36 21 the
966 1424 135 22 ornamental
1112 1423 44 21 and
1172 1423 69 21 draw-

662 1458 38 25 ing
713 1462 62 14 room
790 1452 119 26 stationery
924 1451 40 21 has
978 1454 40 18 not
1030 1451 56 21 been
1102 1449 137 22 overlooked.

662 1484 48 22 The
720 1480 129 22 difficulties-
853 1478 115 26 Attending
977 1477 37 21 the
1025 1477 45 21 first
1077 1476 165 22 establishment

663 1508 81 26 having
753 1509 56 21 been
825 1503 120 28 oVeroSjne,
956 1503 46 23 and
1012 1511 65 20 every
1091 1503 80 22 arrival
1186 1503 55 21 from

663 1535 105 26 England
784 1532 82 27 adding
880 1531 60 29 fiftrslj
956 1530 109 22 additions
1079 1533 24 18 to
1118 1536 39 16 our
1172 1529 67 27 stock,

663 1562 45 25 will
725 1559 76 23 enable
815 1566 26 15 us
847 1560 25 21 ,to
887 1553 82 28 reduce
986 1564 40 15 our
1040 1556 91 27 charges
1141 1564 28 14 on
1185 1559 57 19 most

662 1589 88 24 articles
760 1592 23 17 at
790 1586 55 22 least
854 1586 26 21 50
888 1592 41 21 per
937 1587 58 21 cent.

691 1628 151 25 Storekeepers
860 1624 43 22 and
921 1623 117 23 wholesale
1057 1622 83 22 dealers
1159 1629 41 15 can
1214 1622 28 21 be

663 1654 101 29 supplied
779 1656 21 18 to
815 1659 43 20 any
867 1654 82 23 extent,
968 1651 43 21 and
1028 1657 28 14 on
1072 1655 67 15 terms
1155 1648 87 28 equally

663 1684 162 23 advantageous
835 1682 21 18 to
867 1685 43 20 any
917 1677 106 23 obtained
1031 1677 23 21 in
1064 1676 96 27 Sydney,

691 1721 95 26 Writing
796 1726 71 20 paper,

692 1746 112 29 Imperial,

692 1774 79 27 Royal,

691 1801 113 25 Foolscap,
816 1799 87 21 various
913 1798 110 27 qualities,

692 1827 71 27 Large
774 1825 59 23 thick
841 1828 55 25 post,
907 1832 60 14 wove
979 1825 43 21 and
1033 1824 49 27 laid,

690 1854 58 23 Thin
759 1857 54 24 post,
826 1852 61 27 ditto,

691 1881 56 24 Fine
757 1879 50 23 bath
819 1883 54 23 post,
885 1879 46 26 gilt,

691 1907 88 24 pouble
795 1906 108 27 elephant,
914 1905 144 27 antiquarian,
1075 1904 108 27 imperial,
1199 1903 43 21 and

663 1935 62 28 royal
736 1933 97 25 drawing
843 1940 73 18 paper,
1188 1943 4 11 i

693 1960 89 26 Oblong
791 1958 88 31 clasped
888 1957 168 22 memorandum
1065 1956 78 27 books,

692 1986 87 24 French
787 1985 86 26 tracing
882 1992 73 19 paper,

694 2013 85 22 Ladies'
789 2011 44 21 and
843 2011 143 27 gentlemen's
999 2010 52 21 card
1061 2017 66 19 cases,

693 2040 62 21 Ditto
818 2038 34 21 do.
913 2037 70 21 tinted
993 2037 44 21 and
1047 2036 113 22 embossed
1171 2035 69 27 cards,

692 2067 94 26 Sponge,
799 2065 74 21 wafers
884 2065 21 20 in
917 2066 12 19 2
939 2072 33 13 oz.
985 2064 73 25 boxes,

692 2093 70 24 Black
781 2091 53 27 edge
854 2091 42 21 and
916 2090 111 22 bSrdered
1046 2093 51 18 note
1114 2089 46 22 and
1179 2089 65 21 letter

663 2128 75 21 paper,
1089 2143 5 4 m
1159 2142 3 5 ,
1179 2127 4 4 •

693 2147 89 23 Invoice
790 2145 76 26 books,
878 2144 51 21 with
939 2144 99 25 indexes,
1051 2150 85 14 various
1146 2149 62 17 sizes.

692 2173 58 23 Cash
759 2172 75 26 books,
845 2171 63 21 ruled
918 2171 89 26 double,
1017 2170 87 21 various
1114 2170 55 21 sizes

693 2200 129 25 Envelopes,

692 2228 86 23 Pewter
786 2222 122 29 inkstands,

692 2254 79 27 Ebony
779 2252 120 26 inkstands,
910 2251 52 22 with
972 2251 101 26 drawers,

691 2281 73 23 Broad
776 2279 41 22 and
826 2286 83 14 narrow
920 2285 66 20 green
997 2278 42 20 silk
1051 2277 83 25 ribbon,

692 2307 64 24 Brief
763 2306 43 22 and
816 2305 56 21 deed
881 2312 72 20 paper,

692 2333 73 23 Ruled
774 2339 66 21 paper
849 2332 33 21 for
891 2331 40 21 bill
939 2331 76 25 heads,

692 2361 72 26 Royal
780 2359 64 26 liand,
858 2358 78 22 double
954 2358 62 21 hand
1031 2358 82 25 brown,
1129 2356 45 22 and
1183 2355 61 28 royal

664 2390 75 20 brc>wn
750 2385 111 28 wrapping
869 2392 73 21 paper,

692 2413 98 27 Ledgers
800 2412 43 21 and
852 2415 94 18 account
955 2411 77 26 books,
1044 2410 85 21 various
1140 2410 61 26 sizes,

692 2441 82 23 Pocket
783 2438 85 27 ledgers
877 2438 43 22 and
930 2437 168 22 memorandum
1107 2436 76 26 books,

693 2465 117 28 Engraved
819 2472 56 20 copy
882 2465 52 27 slips
943 2465 45 21 and
998 2464 75 26 books,

693 2495 52 22 Best
755 2492 76 22 Welch
840 2493 66 20 slales
922 2492 61 26 large
992 2491 43 21 and
1044 2490 69 27 small,

696 2521 73 21 Blank
779 2519 68 22 music
858 2518 75 27 books,

693 2547 103 26 Message
806 2545 69 27 cards,

694 2572 107 25 Coloured
809 2579 84 20 papers,

694 2601 70 26 Sugar
772 2606 82 21 papers,

693 2628 60 23 Note
763 2633 82 21 papers,

694 2654 91 27 Playing
795 2649 69 30 cards,
875 2652 103 22 coloured
988 2652 44 21 and
1042 2652 51 27 gold
1103 2651 77 26 backs,

694 2681 61 26 Copy
767 2679 74 27 books,

694 2707 70 24 Black
772 2706 50 22 lead
830 2706 92 27 pencils,

696 2733 67 25 India
771 2733 85 26 rubber,
867 2729 68 25 bottle
945 2732 45 22 and
1000 2734 82 26 patent,

696 2761 68 26 Ivory
773 2758 79 24 folders
861 2760 42 20 and
916 2759 87 27 knives,

696 2788 46 21 Pen
752 2786 82 26 knives,

696 2814 85 27 Rulers,
792 2820 55 20 copy
855 2812 76 26 books,

699 2841 70 21 Blank
779 2840 49 21 bills
838 2840 25 20 of
870 2840 118 26 exchange,

696 2869 76 23 Letter
781 2866 44 21 and
836 2866 38 22 bill
882 2866 55 26 files,

697 2895 42 21 Ink
750 2893 43 23 and
802 2893 40 21 ink
851 2893 106 27 powders,

696 2921 75 25 Bibles
780 2920 44 21 and
833 2923 135 23 testaments,

696 2948 95 27 Spelling
801 2946 74 27 books,
887 2946 94 27 various,

699 2975 99 25 Primers,

697 3000 122 23 Children's
828 3000 69 21 books
906 3000 23 21 in
938 3003 64 23 great
1010 2999 91 27 variety,

699 3028 71 21 Blank
784 3026 169 22 Custom-house
969 3027 76 26 forms,
1055 3026 34 22 for
1103 3027 143 25 auctioneers,

670 3055 45 24 and
725 3055 29 21 all
764 3054 36 22 the
809 3054 62 20 other
881 3052 171 23 Custom-house
1067 3056 68 18 torms
1144 3054 35 21 for
1191 3060 56 15 mer-

670 3084 85 23 chants,

697 3106 113 26 Seamen's
819 3106 96 22 advance
925 3109 71 23 notes,

698 3134 113 22 Seamen's
820 3132 86 22 articles
916 3133 25 21 of
948 3137 133 22 agreement,

699 3159 133 28 Log-books,

699 3187 74 21 Blank
783 3186 63 25 writs,

699 3214 132 21 Parchment
838 3212 33 21 for
878 3211 74 27 deeds,

699 3240 79 27 Quills,

699 3268 59 20 Ever
767 3265 87 29 pointed
863 3264 73 28 pencil
946 3272 61 16 cases
1016 3266 22 21 in
1049 3268 96 26 superior
1151 3268 98 22 German

671 3297 73 23 silver,

701 3320 89 22 Lucifer
799 3319 74 27 boxes,

699 3344 75 24 Wafer
784 3349 89 24 stamps.

844 3397 106 22 Heifers
965 3397 29 22 in
1009 3398 67 21 Calf.

673 3431 89 50 FOR
775 3428 83 27 SALE,
869 3429 68 21 about
950 3430 29 21 50
988 3429 98 28 superior
1094 3431 57 22 bred
1162 3432 87 28 heifers,

731 3458 66 20 most,
805 3455 25 22 of
840 3452 61 25 them
915 3456 73 26 heavy
1002 3457 23 21 in
1044 3456 48 27 calf,
1109 3459 45 21 and
1167 3459 84 30 haying

671 3486 59 22 been
749 3489 58 16 some
823 3482 52 23 tine
889 3482 25 22 in
926 3482 48 22 the<
985 3483 90 26 Colony,
1092 3488 39 18 not
1145 3485 67 23 liable
1228 3490 23 18 to

671 3511 68 23 suffer
748 3510 56 22 from
812 3508 37 27 oie
859 3508 75 22 effects
943 3509 24 21 of.
972 3528 6 9 4
981 3509 37 21 she
1034 3509 60 22 Toot.
1123 3511 46 23 The
1183 3513 68 21 above

673 3536 66 25 cattle
756 3542 41 16 can
811 3536 27 22 be
854 3535 99 30 strongly
965 3537 178 28 recommended,
1161 3546 24 14 as
1199 3539 53 27 they

671 3565 59 22 have
746 3563 56 21 been
818 3562 95 21 selected
927 3563 58 21 front
1000 3562 38 22 the
1054 3570 117 17 numerous
1186 3565 65 23 cattle

672 3590 61 27 ships
743 3588 69 23 which
821 3588 56 21 have
894 3588 90 29 arrived,
993 3588 61 22 here.
1082 3591 75 28 Apply
1170 3595 23 19 to
1206 3593 44 21 Mr.

673 3618 97 24 Revans,
783 3615 84 20 Gazette
877 3614 68 27 office,
957 3622 25 14 or.
990 3618 24 18 to
1025 3615 42 22 Mr.
1078 3616 84 29 Hulke,
1170 3619 81 21 Evans'

673 3644 56 25 Bsiy.

701 3675 63 27 Also,
774 3674 59 22 three
844 3673 113 23 well-bred
966 3682 73 15 mares
1044 3676 22 21 in
1076 3676 52 28 foal,
1139 3682 23 19 to
1171 3679 81 27 impor-

673 3702 38 23 ted
720 3702 82 21 horses.
891 3709 4 10 •
1105 3714 3 4 -
1113 3718 9 7 „
1143 3709 2 9 <
1263 3708 2 12 i

701 3736 117 26 February,
830 3736 59 20 1843.

858 3784 64 21 Just
934 3785 130 22 received.

673 3816 127 52 PLANS
822 3815 26 21 of
868 3815 38 22 the
1016 3817 28 22 of
1059 3818 166 25 Welii^gton.

745 3843 56 23 Plan
821 3842 26 22 of
852 3842 37 22 the
899 3843 107 23 Harbour
1014 3844 26 22 of
1053 3844 55 23 Port
1122 3847 126 23 Nicholson
1262 3845 3 31 ]

672 3883 173 40 T^.KARTER
854 3892 174 29 PARTIES,fbr
1037 3894 45 23 sale
1091 3899 67 20 sttbe
1166 3898 86 22 Gazette

672 3920 43 24 \S
731 3920 76 21 Office.

1258 128 294 21 HOLLOWAYS
1580 128 252 20 OINTMENT.

1364 159 227 26 HOLLOWAY'S
1613 157 112 27 PILLS.

1258 215 308 20 EXTRAORDINARY
1576 213 92 21 CURS
1684 213 30 20 of
1722 218 16 15 a
1747 213 86 20 CASE

1431 239 225 24 ABANDONED,

1259 273 33 21 By
1303 268 96 31 GtfY'S,
1410 280 44 14 the
1465 270 252 26 METROPOLITAN,
1728 265 106 31 KIND'S

1308 298 148 27 COLLEGE,
1472 305 45 14 and
1531 294 147 26 CHARING
1691 296 92 22 CROSS

1459 314 191 40 HOSPITALS.*
1693 334 26 9 ■-.
1765 339 2 5 .

1259 358 53 21 This
1327 357 54 22 Fact
1396 364 44 14 was
1451 355 113 23 SWORN
1582 356 39 20 TO
1637 354 45 21 this
1700 353 38 22 Bth
1755 353 44 27 day
1814 353 24 25 of

1287 383 86 26 Marcli,
1381 385 59 22 1842.
1449 378 386 29 bjefore,ik<hfiigtU>H<mo«*teflfe

1289 409 59 23 Lord
1359 409 85 27 Mayor,
1454 412 23 18 at
1486 408 37 21 the
1537 406 191 23 Mansion-house.

1378 442 138 25 Summary
1536 439 31 22 of
1583 438 137 22 Affidavit.

1259 472 103 50 WM.
1378 472 132 26 BROOKE,
1526 471 136 25 Messenger,
1682 470 26 21 of
1719 471 19 24 2,
1754 469 83 22 Union-

1357 501 71 24 street,
1437 498 134 25 Southwark,
1579 497 101 23 London,
1689 495 149 22 makethoath

1262 526 44 21 and
1316 526 64 25 saith,
1397 525 47 21 that
1457 525 29 22 he
1497 524 51 26 (this
1559 523 120 27 deponent)
1690 529 44 14 was
1744 522 95 21 afflicted

1263 552 50 22 with
1319 552 76 26 fifteen
1404 552 89 25 running
1501 552 66 19 ulcers
1581 557 28 14 on
1626 548 35 22 his
1676 548 41 24 left
1730 555 53 19 arm,
1795 548 44 21 and

1263 579 112 21 ulcerated
1389 585 58 14 sores
1461 578 45 21 and
1522 576 89 23 wounds
1630 582 29 15 on
1675 574 52 23 both
1741 574 54 27 legs,
1805 574 34 21 for

1263 604 73 23 which
1357 606 108 26 deponent
1487 611 43 15 was
1553 602 107 22 admitted
1684 608 31 14 an
1736 597 104 25 out-door

1263 631 85 26 patient
1359 634 22 19 at
1388 631 37 21 the
1441 629 156 29 Metropolitan
1613 627 110 27 Hospital,
1733 628 22 20 in
1766 627 72 27 April,

1265 659 59 23 1841,
1336 657 70 22 which
1415 657 29 21 he
1453 656 115 22 continued
1575 656 34 21 for
1617 654 77 27 neai-ly
1704 653 48 22 four
1759 653 80 22 weeks.

1265 683 88 22 Unable
1369 687 21 18 to
1404 684 85 21 receive
1506 690 13 14 a
1533 689 49 15 cure
1597 682 69 25 there,
1679 681 37 20 the
1731 680 109 27 deponent

1264 710 79 26 sought
1352 710 64 21 relief
1423 714 23 17 at
1454 709 38 22 the
1502 709 61 22 three
1573 708 112 25 following
1694 706 104 27 hospitals
1806 714 5 14 :
1813 717 27 5 —

1265 736 80 26 King's
1355 736 87 26 College
1452 736 103 26 Hospital
1564 735 22 21 in
1595 735 61 26 May,
1667 734 80 25 fpvfive
1757 733 81 26 weeks;

1266 762 72 27 Guy's
1347 762 102 27 Hospital
1463 763 24 20 in
1498 762 60 26 July,
1569 762 33 20 for
1616 762 35 19 six
1666 760 72 21 weeks
1744 768 5 19 ;
1764 759 45 21 and
1820 763 22 17 at

1265 788 97 28 Charing
1373 789 62 21 Cross
1451 788 99 27 Hospital
1566 790 22 18 at
1602 787 37 22 the
1650 787 43 21 end
1708 786 26 22 of
1747 786 93 26 August,

1264 815 34 21 for
1313 822 62 15 some
1390 815 72 22 weeks
1477 821 73 20 more;
1573 814 71 21 which
1663 813 113 26 deponent
1794 812 46 26 left,

1265 842 67 26 being
1341 842 23 21 in
1373 849 13 14 a
1395 842 33 21 far
1436 849 68 14 worse
1510 841 111 21 condition
1627 840 54 21 than
1689 839 63 21 when
1761 839 28 21 he
1799 838 44 22 had

1266 868 86 27 quitted
1362 868 75 27 Guy's,
1449 868 72 21 where
1537 867 34 21 Sir
1585 866 101 25 Bransby
1697 866 90 25 Cooper,
1799 865 44 21 and

1266 895 63 20 other
1338 894 93 21 medical
1446 893 84 22 officers
1540 893 26 21 of
1575 892 36 22 the
1622 891 168 23 establishment
1799 891 44 21 had

1265 921 47 20 told
1322 921 110 26 deponent
1441 920 47 21 that
1498 920 35 20 the
1543 918 54 27 only
1606 918 85 22 chance
1703 917 25 22 of
1733 919 70 24 saving
1812 918 32 20 his

1266 948 39 25 life
1317 954 42 14 was
1374 949 19 19 to
1403 948 40 19 lose
1457 948 32 18 his
1498 952 44 14 arm
1549 947 10 19 I
1586 945 48 21 The
1651 945 111 26 deponent
1771 944 73 21 there-

1266 982 59 19 upon
1335 974 69 21 called
1414 981 59 20 upon
1483 973 40 22 Dr.
1534 971 84 28 Bright,
1630 971 61 22 chief
1696 970 115 27 physician
1823 971 24 20 of

1268 1001 77 26 Guy's,
1363 1001 52 26 who,
1428 1007 29 15 on
1473 999 94 26 viewing
1583 997 128 28 deponent's
1725 997 117 26 condition,

1266 1027 79 27 kindly
1354 1027 43 21 and
1406 1026 100 27 liberally
1516 1026 53 26 said,
1601 1025 15 19 I
1622 1031 34 14 am
1665 1025 78 24 utterly
1753 1025 23 19 at
1786 1030 13 14 a
1806 1026 39 18 loss

1266 1055 56 19 what
1332 1056 21 18 to
1363 1055 24 19 do
1393 1054 42 25 for
1444 1059 39 20 you
1489 1056 10 17 I
1512 1053 36 20 but
1557 1054 48 18 here
1616 1053 19 19 is
1646 1051 184 26 half-a-sovereign
1838 1060 6 11 :

1265 1088 27 18 go
1301 1082 21 20 to
1332 1082 44 19 Mr.
1385 1081 115 26 Holloway,
1512 1081 40 19 and
1559 1081 34 24 try
1602 1079 57 21 what
1676 1079 58 24 effect
1749 1079 32 19 his
1790 1079 55 19 Pills

1266 1109 42 19 and
1319 1109 102 19 Ointment
1437 1109 44 19 will
1490 1109 55 24 have,
1557 1114 23 13 as
1588 1107 15 20 I
1609 1107 51 19 have
1663 1107 123 24 frequently
1799 1107 46 18 wit-

1266 1136 72 19 nessed
1346 1136 34 19 the
1388 1135 114 25 wondtrful
1510 1135 70 24 effects
1592 1134 47 25 they
1648 1135 51 19 have
1708 1135 23 17 in
1740 1133 105 25 desperate

1268 1168 62 14 cases.
1360 1164 43 18 You
1413 1169 38 13 can
1461 1163 28 19 let
1497 1169 32 13 me
1537 1168 32 14 see
1577 1167 40 20 you
1742 1159 53 22 This
1804 1166 42 15 un-

1268 1189 127 27 prejudiced
1403 1189 76 21 advice
1487 1195 42 14 was
1537 1188 103 21 followed
1648 1187 29 26 by
1684 1187 38 21 the
1729 1186 115 27 deponent,

1268 1217 44 19 and
1323 1223 13 13 a
1345 1216 83 26 perfect
1444 1222 51 15 cure
1505 1215 91 21 effected
1610 1215 23 20 in
1650 1214 62 21 three
1722 1213 80 24 weeks,
1818 1213 28 26 by

1269 1242 36 21 the
1315 1249 38 14 use
1362 1242 61 21 alone
1434 1243 25 20 of
1466 1241 135 27 Holloway's
1608 1240 53 22 Pills
1672 1240 45 21 and
1723 1239 123 26 Ointment,

1269 1269 55 20 after
1334 1269 49 21 four
1400 1268 109 27 Hospitals
1524 1268 44 21 had
1583 1267 68 22 failed
1661 1267 6 21 !
1676 1267 4 21 !
1690 1267 4 21 !
1726 1265 70 22 When
1808 1265 38 21 Dr.

1269 1295 79 26 Bright
1359 1302 41 14 was
1415 1295 74 21 shown
1503 1295 30 26 by
1543 1294 37 21 the
1597 1294 119 27 deponent,
1727 1292 37 22 the
1780 1291 68 22 result

1270 1322 25 20 of
1301 1322 35 20 his
1345 1321 76 21 advice
1437 1321 44 22 and
1490 1321 91 26 charity,
1592 1321 28 21 he
1636 1319 54 26 said,
1800 1320 47 18 both

1268 1349 113 20 astounded
1395 1349 42 19 and
1449 1349 102 24 delighted
1558 1350 9 18 I
1574 1348 42 25 for
1625 1348 15 19 I
1652 1347 88 24 thought
1750 1347 46 19 that
1805 1346 23 25 if
1834 1347 15 19 I

1269 1382 45 14 ever
1324 1382 42 14 saw
1373 1382 40 19 you
1421 1376 67 25 again,
1496 1376 58 23 alive,
1563 1376 19 18 it
1590 1375 70 19 would
1668 1375 23 18 be
1700 1375 87 19 without
1795 1380 53 18 your

1269 1409 53 14 arm.
1341 1404 16 19 I
1362 1409 38 14 can
1409 1404 45 24 only
1462 1408 93 20 compare
1562 1403 42 19 this
1610 1408 50 14 cure
1670 1403 20 17 to
1700 1408 12 12 a
1722 1401 72 19 charm

1298 1438 74 21 Sworn
1382 1440 22 18 at
1410 1437 37 21 the
1455 1436 193 22 Mansion-housed

1324 1464 26 20 of
1357 1463 35 21 the
1401 1463 44 27 city
1453 1463 24 21 of
1484 1463 100 25 London,
1593 1462 42 21 this
1644 1457 9 26 L
1660 1462 53 21 Wm.
1724 1462 124 21 BROOKE.

1324 1490 38 22 Bth
1373 1490 41 27 day
1424 1490 26 20 of
1456 1490 85 26 March,
1553 1490 58 20 1842.
1637 1484 12 37 J

1324 1528 76 24 Before
1406 1533 37 20 me,
1501 1526 82 21 JOHN
1599 1526 93 26 PIRIE,
1710 1526 93 21 Mayor.

1270 1561 35 22 IN
1320 1561 62 21 ALL
1395 1560 102 22 Diseases
1508 1561 24 20 of
1543 1560 37 21 the
1596 1560 62 27 Skin,
1669 1559 50 22 Bad
1730 1560 64 26 Legs,
1807 1559 43 22 Old

1270 1587 108 26 Wounds,
1386 1587 44 22 and
1439 1587 83 26 Ulcers,
1531 1587 47 21 Bad
1584 1587 96 26 Breasts,
1689 1587 54 21 Sore
1750 1586 99 27 Nipples,

1271 1615 83 26 Stoney
1360 1614 44 22 and
1413 1613 118 23 Ulcerated
1538 1614 102 25 Cancers,
1649 1613 115 26 Tumours,
1774 1613 75 24 Swell-

1270 1641 146 26 iugs.-'Goat;-
1420 1640 165 25 'Rheumatism,
1602 1640 43 21 and
1661 1639 121 27 Lumbago,
1795 1639 54 22 like-

1271 1669 51 21 wise
1331 1668 23 21 in
1366 1674 60 15 cases
1435 1667 25 21 of
1468 1667 57 22 Piles
1531 1675 5 18 ;
1547 1666 37 22 the
1595 1666 61 27 Pills,
1663 1667 24 21 in
1699 1666 29 22 all
1736 1666 37 21 the
1780 1667 70 21 above

1272 1702 67 18 cases,
1351 1694 66 27 ought
1433 1698 21 17 to
1469 1695 27 20 be
1507 1693 53 22 used
1575 1693 52 21 with
1642 1693 38 21 the
1694 1693 122 26 Ointment,
1827 1700 24 14 as

1271 1721 27 27 by
1319 1721 43 24 t.his
1381 1728 76 14 means
1477 1728 61 14 cures
1557 1719 43 22 will
1619 1720 28 21 be
1663 1719 92 22 effected
1770 1719 55 21 with
1838 1727 14 14 a

1272 1747 66 22 much
1353 1750 91 24 greater-
1453 1747 114 26 certainty,
1584 1746 44 22 and
1644 1746 23 22 in
1684 1746 49 21 half
1746 1745 37 22 the
1798 1747 53 20 time
1862 1763 1 6 ,

1272 1773 47 22 that
1335 1775 18 21 it
1369 1774 70 22 would
1456 1773 85 27 require
1557 1773 28 27 by
1599 1773 65 26 using
1680 1773 37 21 the
1734 1773 117 21 Ointment

1272 1801 70 21 alone.
1371 1801 45 21 The
1427 1801 114 21 Ointment
1551 1800 18 21 is
1579 1801 81 26 proved
1673 1803 21 17 to
1705 1799 27 21 be
1743 1806 12 14 a
1765 1799 85 21 certain

1271 1827 92 27 remedy
1371 1827 33 21 for
1414 1827 37 21 the
1461 1827 44 21 bite
1516 1827 25 21 of
1548 1826 153 22 moschettoes.

1299 1861 77 26 Bums,
1397 1860 82 27 Scalds,
1498 1860 126 26 Chilblains,
1645 1859 105 27 Chapped
1770 1859 80 22 Hands

1272 1887 44 21 and
1327 1888 58 26 Lips,
1397 1888 45 21 also
1453 1887 97 21 Bunions
1566 1886 43 21 and
1625 1886 48 22 Soft
1684 1886 73 25 Corns,
1769 1886 44 21 will
1824 1886 26 21 be

1271 1914 150 26 immediately
1432 1914 66 21 cured
1508 1914 28 26 by
1545 1913 38 21 the
1593 1920 39 14 use
1643 1913 25 21 of
1680 1913 37 20 the
1727 1913 122 20 Ointment.

1298 1948 71 19 THE
1383 1948 96 18 PEJLIiS
1489 1953 37 14 are
1536 1950 38 16 not
1584 1947 53 24 only
1644 1947 36 19 the
1687 1946 65 19 finest
1758 1945 93 26 remedy

1271 1974 81 21 known
1362 1973 61 21 when
1434 1973 53 21 used
1499 1972 51 22 with
1563 1971 37 22 the
1617 1972 123 25 Ointment,
1751 1971 40 21 but
1802 1978 22 14 as
1838 1979 13 13 a

1273 2000 97 21 General
1389 1999 112 21 Medicine
1520 1999 61 21 there
1597 1999 17 20 is
1634 1998 93 25 nothing
1747 1998 64 26 equal
1828 2002 21 16 to

1272 2027 67 21 them.
1369 2026 26 21 In
1407 2032 93 15 nervous
1507 2025 113 21 affections
1631 2024 52 26 they
1691 2024 43 20 will
1745 2024 27 20 be
1783 2024 69 22 found

1272 2055 26 19 of
1305 2053 36 21 the
1352 2056 94 23 greatest
1454 2052 89 22 service.
1573 2051 71 21 These
1660 2050 55 22 Pills
1728 2058 43 18 are,
1790 2050 62 21 with-

1272 2084 38 17 out
1320 2079 123 27 exception,
1454 2079 37 21 the
1508 2079 65 21 finest
1583 2078 94 22 Purifier
1690 2077 25 21 of
1727 2077 37 21 the
1781 2077 72 21 Blood

1272 2114 52 14 ever
1334 2106 134 25 discovered,
1480 2105 43 21 and
1540 2104 109 23 OUGHT
1663 2104 40 21 TO
1719 2104 37 21 BE
1772 2104 79 21 USED

1272 2133 40 22 BY
1329 2133 60 21 ALL
1404 2133 151 21 FEMALES.

1292 2166 80 22 Orders
1381 2166 100 22 received
1491 2170 22 17 at
1523 2165 36 22 the
1594 2165 109 22 Gazette
1741 2165 92 21 OrFicr:.

1500 2218 40 19 On
1555 2217 68 24 Sale,

1274 2252 92 21 nnHE
1395 2252 70 20 NEW
1489 2250 151 22 ZEALAND
1668 2249 184 25 PORTFOLIO,

1281 2271 29 29 JL
1348 2278 125 21 conducted
1489 2278 29 26 by
1537 2277 32 21 H.
1585 2278 21 20 S.
1626 2277 122 26 Chapman,
1768 2276 36 26 (of
1816 2276 38 21 the

1276 2305 86 21 Middle
1369 2304 108 28 Temple,)
1488 2303 212 23 Barrister-at-Law.

1300 2338 44 22 No.
1358 2338 18 21 I.
1378 2349 27 3 —
1406 2338 21 21 A
1444 2338 74 21 Letter
1533 2340 22 19 to
1573 2337 37 21 the
1628 2337 70 26 Right
1715 2336 61 22 Hon.
1795 2336 60 22 Lord

1273 2365 98 26 Stanley,
1390 2366 116 25 Secretary
1525 2365 25 20 of
1566 2365 59 20 State
1646 2364 35 20 for
1698 2363 38 21 the
1755 2363 100 21 Colonial

1273 2392 153 27 Department,
1503 2391 36 21 the
1545 2390 188 22 Administration
1740 2389 24 22 of
1769 2389 85 23 Justice

1273 2419 23 22 in
1306 2419 56 20 New

1301 2446 44 21 No.
1359 2445 31 21 II.
1392 2455 26 4 —
1420 2445 76 21 Letter
1510 2448 22 17 to
1548 2443 59 22 John
1623 2443 59 22 Abel
1698 2443 78 26 Smith,
1794 2443 59 27 Esq.,

1275 2472 68 27 M.P.,
1376 2472 34 21 On
1419 2471 38 21 the
1465 2471 142 26 Advantages
1613 2470 73 21 which
1693 2470 73 21 would
1776 2477 78 15 accrue

1273 2502 23 18 to
1306 2498 93 27 English
1409 2498 124 27 Capitalists
1541 2497 58 21 from
1609 2497 38 21 the
1658 2496 167 22 establishment
1833 2497 25 21 of

1273 2533 14 14 a
1296 2527 58 19 Loan
1367 2526 99 25 Company
1475 2525 35 21 for
1518 2526 52 19 New
1580 2524 99 26 Zealand,
1690 2523 84 22 similar
1785 2526 23 18 to
1818 2523 36 22 the

1273 2552 127 22 Australian
1410 2552 65 21 Trust

1302 2580 43 21 No.
1357 2579 45 22 111.
1404 2589 27 5 —
1454 2579 37 21 An
1503 2579 96 20 Address
1610 2582 22 17 to
1642 2577 38 21 the
1690 2577 57 21 New
1755 2577 101 21 Zealand

1275 2606 64 22 Land
1350 2606 135 27 Proprietors
1495 2605 97 22 resident
1606 2605 22 21 in
1638 2604 39 22 the
1686 2603 83 22 United
1785 2603 71 27 King-

1274 2633 59 26 dom,
1345 2640 29 13 on
1389 2633 84 21 several
1487 2636 91 17 matters
1588 2631 25 22 of
1620 2631 136 28 importance
1767 2634 22 18 to
1801 2630 55 22 their

1301 2693 43 21 No.
1362 2693 40 21 IV.
1403 2704 29 4 —
1459 2693 35 21 On
1514 2693 37 21 the
1572 2692 114 22 Financial
1706 2692 112 22 condition
1834 2692 26 21 of

1275 2720 55 22 New
1472 2721 28 25 by
1512 2720 90 22 Charles
1610 2720 77 26 Terry,
1700 2719 59 27 Esq.,
1768 2719 88 24 F.R.S.,

1275 2747 80 21 F.S.A.

1464 2786 67 14 PRICE
1549 2786 119 14 SIXPENCE.

1306 2812 86 20 Gazette
1403 2811 77 26 Office,
1491 2810 87 27 March,
1589 2812 62 21 1843.

1277 2862 71 49 ON
1363 2862 84 25 SALE,
1461 2865 23 18 at
1494 2862 44 22 this
1550 2861 71 26 office,
1632 2861 71 22 blank
1714 2860 57 22 Bill
1783 2860 75 21 Books

1376 2889 92 21 Gazette
1504 2888 70 24 office,
1585 2888 57 22 Dec.
1651 2889 23 20 4.
