4210 6020
827 249 246 83 Lyell
1122 249 295 83 Times,

859 416 207 34 SATURDAY,
1099 416 114 31 APRIL
1237 421 42 29 24,
1313 406 75 43 1886.

809 502 53 32 We
879 503 73 31 have
974 504 129 30 received
1129 515 16 19 a
1169 510 82 34 great
1275 517 90 28 many
1390 518 31 19 en-

806 546 107 39 quiries
939 546 89 38 lately
1053 546 69 32 with
1138 551 111 36 respect
1265 550 29 28 to
1310 548 49 31 the
1375 559 46 29 pro-

806 590 87 39 posed
922 588 98 41 bridge
1056 601 96 21 across
1187 591 50 31 the
1272 591 102 32 Buller
1408 596 28 27 at

806 631 136 33 Larson's
972 632 86 32 Punt.
1115 634 27 31 It
1171 633 59 32 will
1258 635 34 31 bo
1315 645 101 22 remem-

805 675 86 33 bered
915 677 66 31 that
1006 680 57 29 two
1088 678 69 31 sites
1183 678 43 32 for
1251 678 59 31 this
1338 678 98 42 bridge

804 731 73 22 were
905 722 140 40 surveyed
1073 732 80 22 some
1188 722 70 33 time
1287 734 63 30 ago,
1380 725 56 30 and

805 775 63 20 now
884 764 64 31 that
973 765 48 30 the
1048 766 116 30 tenders
1179 776 48 20 are
1242 766 87 39 being
1344 767 91 32 called

804 807 43 33 for
861 808 49 32 the
927 807 99 44 bridge
1042 819 67 23 over
1131 809 162 33 Left-hand
1318 811 118 34 Branch

804 853 49 31 the
875 853 141 32 residents
1042 854 89 40 along
1154 855 50 31 the
1230 855 102 33 Bullor
1356 858 79 34 road,

804 906 177 31 waggoners,
1000 896 57 32 and
1082 897 50 32 the
1158 898 157 42 travelling
1339 899 97 41 public

804 941 148 41 generally
988 941 56 33 feel
1078 942 149 42 naturally
1261 943 173 34 dissatisfied

804 985 64 31 that
883 985 58 31 this
956 985 70 41 long
1040 986 145 40 promised
1201 987 78 32 work
1304 988 59 31 had
1387 999 37 30 ap

802 1028 134 43 parcntly
960 1029 73 33 been
1059 1030 56 32 lost
1140 1030 78 42 sight
1239 1032 37 33 of.
1319 1032 60 33 But
1394 1044 41 21 we

802 1084 49 21 are
865 1074 117 39 pleased
997 1077 29 28 to
1041 1075 35 30 be
1091 1075 30 30 in
1137 1086 16 19 a
1168 1076 126 38 position
1316 1080 30 28 to
1361 1080 74 28 state

803 1117 64 31 that
895 1116 72 31 such
995 1117 25 30 is
1047 1120 51 28 not
1127 1117 50 31 the
1211 1127 75 28 case,
1323 1129 32 21 as
1390 1119 46 32 Mr

804 1160 120 40 Eugene
941 1162 143 35 O'Conor,
1101 1162 85 32 while
1208 1162 30 33 in
1255 1164 178 40 Wellington

802 1205 98 41 lately,
917 1206 155 41 according
1086 1209 30 30 to
1137 1207 136 40 promise,
1289 1218 72 31 gave
1387 1208 48 33 the

802 1253 108 29 matter
934 1262 85 31 every
1044 1252 155 32 attention.
1250 1253 53 31 We
1329 1261 103 24 cannot

802 1293 37 31 do
854 1293 94 32 better
962 1294 73 32 than
1047 1294 117 41 publish
1178 1306 16 20 a
1204 1295 88 32 letter
1306 1297 129 32 received

803 1338 36 41 by
854 1338 47 32 Mr
916 1338 80 33 John
1012 1340 124 31 Fennell
1157 1340 75 33 from
1247 1340 65 33 that
1326 1341 93 42 gentle-

802 1392 70 21 man
898 1383 160 41 yesterday,
1084 1384 59 31 and
1167 1395 32 21 as
1223 1384 23 33 it
1270 1385 80 32 deals
1365 1385 70 33 with

802 1427 85 31 other
901 1428 75 31 local
990 1431 123 28 matters
1129 1429 21 30 it
1166 1429 59 31 will
1251 1429 34 31 be
1300 1430 119 31 interest-

803 1470 50 40 ing
868 1472 30 29 to
912 1470 50 31 the
978 1471 142 31 residents
1136 1472 31 31 of
1179 1472 59 31 this
1252 1472 122 31 district.

993 1523 146 35 Westport,
1154 1524 74 33 April
1242 1526 68 29 21st,
1326 1526 73 26 1880.

838 1561 15 12 41
866 1558 44 29 Mr
922 1559 73 28 John
1014 1559 122 32 Fennell,
1151 1559 114 36 Lyell—

901 1597 80 29 Dkar
1006 1598 99 28 Siu—l
1130 1598 69 29 have
1221 1598 68 29 been
1312 1599 26 28 in
1362 1609 61 19 com

804 1635 167 29 nmnication
985 1636 66 29 with
1066 1637 185 28 Government
1271 1637 163 38 frequently,

804 1674 97 36 urging
922 1674 60 29 that
1000 1675 46 29 the
1068 1675 77 37 Lyell
1168 1676 92 35 bridge
1279 1677 54 28 and
1359 1677 77 29 other

803 1713 88 28 work!
903 1714 90 27 would
1007 1714 32 27 be
1058 1719 47 31 put
1125 1715 28 26 in
1175 1714 83 27 Land.
1295 1715 89 28 When
1407 1716 27 27 in

804 1749 166 37 Wellington
984 1752 14 28 I
1011 1761 55 19 was
1079 1752 135 29 informed
1225 1753 59 29 that
1296 1753 46 28 the
1356 1754 77 36 plans

802 1795 70 21 Vrer*t
886 1790 28 26 in
928 1789 83 32 hand,
1025 1789 54 28 and
1100 1791 12 25 I
1126 1790 54 27 hail
1191 1800 15 16 a
1220 1799 107 24 messaj,'
1328 1801 14 17 o
1356 1801 15 17 a
1385 1792 49 26 fow

803 1825 67 40 days
883 1835 59 30 ago,
957 1826 80 30 when
1051 1826 96 39 asking
1159 1827 46 31 the
1216 1836 79 22 cause
1307 1827 29 31 of
1347 1827 88 40 delay,

803 1867 46 29 the
866 1867 122 29 Minister
1000 1867 149 36 informing
1168 1877 44 21 mo
1225 1868 60 30 that
1298 1870 34 28 he
1346 1870 89 28 would

803 1905 32 28 be
848 1905 59 28 able
920 1910 28 23 to
962 1906 60 33 give
1037 1915 43 18 me
1091 1906 109 27 definite
1209 1907 176 28 information
1399 1917 34 18 on

804 1943 44 28 the
872 1948 90 23 return
984 1944 29 28 of
1033 1944 42 28 Mr
1096 1943 133 33 Blackott,
1244 1945 190 33 Engineer-in-

803 1981 86 33 Chief,
915 1982 61 26 who
1001 1991 56 19 was
1077 1982 66 27 then
1165 1992 34 18 on
1222 1983 46 28 the
1290 1984 90 29 Coast.
1421 1985 13 27 I

803 2028 59 20 now
877 2020 57 29 find
948 2020 32 29 he
993 2020 49 29 linn
1060 2020 137 35 returned,
1211 2021 54 30 and
1277 2022 54 29 will
1345 2031 89 22 renew

803 2068 44 27 my
861 2060 110 28 address
984 2065 27 23 to
1024 2060 46 29 the
1084 2060 133 29 Minister.

866 2098 72 28 With
953 2098 94 35 regard
1061 2102 27 24 to
1111 2098 45 28 the
1178 2100 140 28 extension
1339 2100 30 28 of
1388 2099 46 29 the

802 2135 162 34 Eight-mile
977 2136 75 29 road.
1068 2136 11 28 I
1093 2145 46 19 am
1160 2137 112 32 waiting
1291 2137 47 29 the
1360 2147 53 19 com-

802 2173 101 37 pletion
926 2173 29 29 of
973 2173 45 29 the
1033 2173 78 38 pinna
1124 2175 53 27 and
1191 2175 198 36 specifications
1403 2176 29 28 in

800 2213 78 28 order
891 2218 27 23 to
931 2213 69 29 have
1016 2213 44 29 the
1075 2213 73 29 work
1162 2214 148 35 proceeded
1322 2215 66 28 with
1399 2215 35 37 by

800 2250 47 28 the
860 2252 116 35 County.

834 2291 17 14 ••
863 2289 13 28 I
889 2289 70 28 shall
972 2289 155 30 endeavour
1141 2293 26 26 to
1180 2298 114 28 arrange
1313 2293 27 27 to
1363 2291 70 30 have

800 2336 16 19 a
829 2328 119 35 meeting
961 2333 29 24 at
1004 2329 86 35 Lyell,
1105 2329 75 37 early
1193 2333 63 24 next
1271 2329 83 35 week,
1377 2331 54 28 and

800 2373 27 23 to
840 2366 79 37 bring
934 2367 42 29 Mr
988 2367 159 37 Thompson
1160 2376 37 30 up
1214 2368 66 30 with
1298 2378 54 21 me.
1389 2369 45 30 He

800 2407 22 27 is
835 2416 61 19 now
908 2415 66 27 very
992 2408 67 35 busy
1080 2407 28 29 in
1131 2409 90 34 trying
1241 2418 29 19 10
1291 2413 45 31 get
1357 2418 77 20 Borne

800 2444 88 28 works
900 2445 84 34 ready
997 2444 41 28 for
1051 2438 111 35 Council
1175 2450 29 23 at
1217 2451 64 23 next
1303 2446 129 34 meeting,

799 2481 28 30 in
849 2482 114 36 Ridings
985 2483 88 30 which
1100 2483 69 31 have
1194 2483 55 31 had
1274 2493 65 30 very
1362 2484 70 31 little

799 2522 134 28 attention
946 2523 129 27 hitherto.

862 2561 14 28 I
890 2570 45 19 am
949 2570 75 26 sorry
1038 2566 27 25 to
1079 2561 56 29 find
1148 2561 37 36 by
1199 2571 69 27 your
1280 2561 81 31 letter
1370 2562 61 31 that

800 2599 102 29 further
920 2600 174 36 expenditure
1115 2600 56 29 will
1193 2600 33 30 be
1246 2602 125 36 required
1388 2602 42 29 for

798 2638 45 29 the
855 2638 143 29 reservoir.
1043 2640 37 28 As
1093 2648 50 20 our
1163 2640 132 29 financies
1316 2650 46 20 are
1384 2645 46 26 not

798 2685 63 26 very
873 2676 169 38 flourishing,
1050 2677 97 30 indeed
1158 2679 21 27 it
1189 2678 23 28 is
1217 2678 75 37 quite
1298 2683 133 33 apparent

796 2715 61 29 that
869 2724 40 20 we
922 2715 55 29 will
991 2725 66 20 soon
1071 2716 32 30 be
1132 2726 19 19 n
1171 2716 155 31 difficulties
1339 2719 91 28 uules6

796 2754 155 34 something
964 2759 77 25 turns
1053 2763 46 29 up.

830 2795 17 13 M
859 2793 14 26 I
887 2793 56 27 will
963 2794 64 27 wire
1040 2798 28 23 to
1080 2801 55 27 you
1148 2794 80 28 when
1242 2794 14 28 I
1270 2804 45 18 am
1329 2794 60 30 able
1402 2799 28 26 to

796 2829 36 30 its
845 2829 47 30 the
904 2829 53 40 day
971 2830 41 31 for
1025 2830 46 30 the
1083 2831 115 30 Council
1212 2833 129 38 meeting.

1014 2873 18 14 41
1045 2869 87 31 Yours
1144 2871 146 37 faithfully,

1072 2912 17 13 **
1101 2908 122 30 Eugene

829 2996 59 30 The
903 2996 103 31 United
1020 2997 97 37 Alpine
1136 2998 113 30 denned
1262 3008 37 26 up
1322 2999 41 29 for
1383 3000 48 30 the

795 3035 97 28 week's
906 3036 155 34 operations
1071 3036 157 35 yesterday,
1236 3037 54 27 and
1301 3038 128 28 obtained

797 3073 65 28 from
877 3072 47 29 the
936 3073 96 35 plates,
1047 3072 99 37 ripples
1159 3073 56 28 and
1233 3074 124 33 berdaus,
1376 3077 52 27 410

796 3120 101 21 ounces
921 3111 30 29 of
972 3111 138 37 amalgam
1134 3112 71 29 from
1230 3113 50 28 204
1310 3116 62 26 tons
1404 3114 31 30 of

797 3155 79 23 stone
889 3149 111 29 treated.

833 3196 49 30 We
903 3195 108 31 remind
1031 3195 85 31 heads
1136 3196 29 30 of
1181 3196 116 32 families
1395 3199 36 31 all

798 3235 92 29 others
909 3235 149 29 interested
1078 3236 61 28 that
1160 3247 35 17 on
1217 3238 127 36 Tuesday
1358 3245 72 26 noxt,

799 3272 64 29 27th
889 3273 113 33 instant,
1025 3273 133 36 meetings
1180 3274 55 28 will
1255 3274 32 30 be
1312 3275 62 29 held
1400 3277 30 28 in

800 3311 45 30 the
861 3312 108 29 various
989 3311 185 30 schoolrooms
1193 3313 28 28 in
1240 3313 56 29 this
1316 3315 114 34 district,

800 3351 62 31 viz.,
885 3350 87 35 Lyoll,
994 3351 70 27 Fern
1087 3350 73 34 Flat,
1181 3352 168 34 Murchison,
1373 3355 56 27 Ma*

800 3387 123 35 takitaki,
946 3388 54 32 &c,
1015 3387 39 30 for
1067 3388 46 29 the
1132 3398 117 29 purpose
1268 3391 29 28 of
1315 3391 116 38 electing

801 3427 96 29 School
909 3428 178 28 Committees
1095 3428 41 28 for
1146 3428 45 29 the
1201 3430 114 33 ensuing
1323 3431 91 28 twelve-

800 3465 121 30 months.
958 3465 58 31 The
1038 3466 134 38 meetings
1194 3467 55 30 will
1262 3468 32 31 be
1317 3468 63 31 hold
1402 3474 28 25 at

800 3506 61 27 7.30
874 3513 64 27 p.m.

833 3550 57 29 The
916 3549 66 30 Rev.
1010 3550 44 29 Mr
1084 3551 195 30 Inness-Joncs
1303 3562 65 29 may
1398 3553 32 30 be

799 3589 128 37 expected
948 3589 28 28 in
999 3589 78 37 Lyell
1090 3591 55 27 tins
1158 3591 54 35 day
1233 3592 85 34 week,
1332 3602 30 19 as
1383 3593 30 28 ad-

800 3628 74 27 vised
888 3628 35 35 by
936 3627 128 36 telegram
1078 3628 124 29 received
1221 3638 35 18 on
1275 3630 155 36 Thursday.

800 3666 120 29 Services
931 3666 55 29 will
997 3666 31 28 be
1039 3666 149 31 conducted
1200 3677 35 19 on
1245 3668 121 37 Sunday,
1377 3670 54 28 2nd

800 3704 75 34 May,
888 3704 28 28 in
930 3705 40 27 St.
985 3704 157 30 Matthew's
1163 3706 120 34 Church,
1302 3709 129 35 morning

800 3741 53 30 and
866 3741 123 38 evening,
1004 3745 29 27 at
1045 3742 45 30 the
1105 3741 78 31 usual
1197 3743 92 32 hours.

834 3791 190 28 Considerable
1054 3791 158 29 discomfort
1247 3793 54 28 and
1338 3794 76 27 incon-

800 3830 127 28 venience
953 3837 56 21 W'B
1033 3828 176 39 experienced
1235 3834 28 26 at
1284 3831 46 29 tho
1353 3833 77 28 State

800 3868 101 33 school,
922 3869 99 36 during
1041 3869 46 28 the
1109 3876 88 22 recent
1224 3876 52 23 wet
1301 3871 127 33 weather,

800 3906 28 26 in
854 3915 185 27 consequence
1064 3909 26 24 ot
1118 3908 47 26 tho
1196 3908 181 35 playground,
1402 3918 30 18 or

800 3943 91 30 rather
904 3943 45 31 tho
962 3947 128 26 eutnnce
1104 3948 28 26 to
1146 3944 46 30 tho
1207 3944 130 38 building,
1351 3945 80 39 being

800 3983 99 28 almost
930 3983 164 35 completely
1124 3983 87 29 under
1239 3988 91 25 water.
1368 3986 61 28 The

801 4020 59 37 slip,
882 4020 109 37 already
1013 4020 115 30 referred
1143 4025 36 30 to,
1201 4021 104 30 carried
1324 4031 78 29 away
1417 4033 15 19 a

800 4060 107 35 portion
927 4060 29 27 of
967 4059 44 29 the
1025 4059 108 35 fencing
1154 4059 54 30 aud
1230 4060 114 30 blocked
1367 4071 36 27 up
1417 4073 16 18 a

802 4103 58 27 part
883 4098 28 27 of
932 4097 46 29 the
1003 4097 114 37 ground.
1155 4098 66 29 This
1242 4099 22 28 is
1286 4108 16 19 a
1322 4103 108 29 matter,

802 4136 93 35 taking
908 4136 59 29 into
980 4136 200 29 consideration
1193 4137 47 30 tho
1257 4139 110 34 coming
1382 4139 51 28 bad

802 4174 128 33 weather,
955 4174 90 28 which
1068 4176 101 28 admits
1191 4177 30 27 of
1242 4185 36 20 no
1297 4176 81 37 delay
1403 4178 29 26 in

802 4211 81 36 being
895 4212 129 30 attended
1038 4217 37 26 to.

837 4259 97 33 Heavy
947 4260 58 27 rain
1020 4261 176 28 commenced
1209 4261 95 33 falling
1316 4264 28 27 at
1355 4262 76 36 Lyell

802 4296 53 29 last
877 4297 121 35 Sunday,
1012 4297 54 28 and
1085 4299 147 28 continued
1253 4299 116 29 without
1391 4301 26 28 iu-

802 4336 155 26 tormission
988 4336 70 27 until
1090 4336 182 36 Wednesday,
1304 4338 80 27 when
1416 4348 15 17 a

802 4371 74 34 largo
898 4371 71 36 body
990 4372 29 30 of
1038 4376 84 25 water
1141 4383 55 19 was
1221 4375 110 36 coming
1353 4375 78 28 down

803 4409 45 29 the
870 4409 100 32 liuller,
993 4410 161 39 evidencing
1173 4421 16 19 a
1214 4412 89 37 heavy
1323 4413 108 29 rainfall

803 4449 56 28 also
889 4452 163 35 upcountry.
1089 4449 57 29 The
1171 4450 64 37 only
1261 4451 114 38 damage
1405 4458 28 23 to

802 4487 88 32 roads,
916 4497 28 18 so
969 4489 41 26 far
1040 4489 134 35 reported,
1201 4490 97 28 within
1323 4500 15 18 a
1364 4491 68 27 local

803 4524 99 31 radius,
917 4525 64 28 took
995 4525 74 35 place
1082 4534 35 19 on
1130 4525 47 29 tho
1189 4526 157 34 Eight-mile
1357 4527 75 34 road,

802 4572 66 20 near
890 4563 151 34 Zalatowu,
1063 4564 88 29 where
1165 4574 15 19 a
1194 4564 72 38 large
1290 4566 51 36 slip
1355 4575 77 20 came

802 4602 89 33 down,
923 4602 162 36 completely
1115 4603 126 36 blocking
1280 4604 46 28 the
1357 4604 74 29 road.

803 4640 65 28 This
882 4649 159 21 occurrence
1062 4640 56 30 will
1139 4651 84 27 prove
1245 4651 16 20 a
1274 4642 91 37 heavy
1379 4642 52 29 loss

802 4682 28 23 to
844 4679 45 27 the
912 4679 64 27 road
997 4680 193 26 maintenance
1210 4685 163 28 contractor,
1388 4681 43 27 Mr

803 4715 89 30 David
923 4715 159 31 Shanahan.
1127 4717 58 29 The
1216 4717 77 30 other
1323 4718 61 37 slip,
1416 4729 15 19 a

803 4755 80 28 [-mail
904 4766 60 20 one,
986 4755 63 29 took
1072 4755 74 38 place
1160 4757 28 28 in
1210 4757 47 29 tho
1280 4759 111 37 vicinity
1407 4760 25 28 ot

803 4793 46 30 the
864 4795 74 28 State
952 4794 100 28 school.

837 4841 58 29 The
913 4850 64 20 men
996 4840 120 39 ongaged
1130 4842 27 28 in
1172 4842 45 29 tho
1238 4842 103 31 United
1360 4844 73 37 Italy

803 4889 79 23 were,
904 4880 99 33 during
1025 4880 46 29 the
1085 4881 73 35 early
1172 4887 60 30 part
1245 4882 29 28 of
1290 4882 45 29 the
1348 4884 85 32 week,

803 4918 145 35 employed
978 4919 29 26 in
1032 4918 178 37 preliminary
1235 4920 99 33 works,
1359 4921 54 27 how-

803 4966 71 24 ever,
897 4956 76 30 those
993 4956 87 30 works
1103 4966 43 20 are
1161 4966 60 20 now
1240 4957 126 37 finished,
1379 4960 54 28 and

804 4995 110 35 sinking
938 4997 23 28 is
981 4997 82 34 going
1089 5006 44 19 on.
1171 4997 27 28 It
1219 4999 23 26 is
1268 4999 165 36 confidently

803 5034 166 36 anticipated
993 5035 60 28 that
1077 5035 69 28 after
1176 5035 109 37 sinking
1315 5046 15 19 a
1360 5037 75 30 short

804 5072 120 29 distance
948 5082 74 19 more
1047 5078 76 24 stone
1147 5073 55 28 will
1228 5074 33 28 bo
1280 5079 57 25 met
1359 5075 73 30 with.

804 5111 57 27 The
887 5110 115 37 position
1024 5112 30 28 of
1072 5115 114 25 matters
1207 5117 29 24 at
1258 5112 45 29 the
1327 5119 107 31 present

804 5150 65 28 time
895 5157 63 21 are:
979 5150 56 28 The
1061 5150 142 37 Company
1230 5150 69 30 have
1325 5151 110 38 already

804 5196 69 25 «one
886 5188 118 36 through
1018 5188 83 31 about
1113 5190 34 28 20
1167 5189 53 30 feet
1233 5189 31 29 of
1281 5196 85 28 stone,
1381 5191 53 29 and

805 5227 97 27 should
915 5227 66 34 they
994 5231 73 23 meet
1080 5228 66 26 with
1160 5237 16 18 a
1196 5228 105 28 similar
1323 5230 70 35 body
1408 5232 29 25 of

805 5268 77 26 stone
894 5264 82 37 going
995 5264 90 34 down,
1099 5265 47 29 tho
1169 5265 160 38 machinery
1348 5272 29 24 at
1389 5267 46 29 the

805 5302 106 38 battery
930 5303 54 31 will
1005 5304 32 30 be
1057 5308 28 26 at
1098 5315 66 20 once
1184 5310 48 33 put
1244 5306 28 28 in
1293 5307 79 30 ordor
1394 5307 41 29 for

805 5343 137 37 crushing.

842 5391 48 27 We
912 5391 107 28 remind
1044 5390 164 30 subscribers
1232 5395 28 25 to
1288 5393 46 29 the
1358 5394 79 34 Lyell

810 5427 125 38 Hospital
957 5428 79 29 Fund
1057 5428 59 29 that
1136 5429 45 29 tho
1204 5430 90 36 public
1316 5431 121 36 meeting

808 5466 53 30 will
875 5467 31 29 be
920 5467 62 29 held
998 5467 54 29 this
1064 5468 115 37 evening
1197 5468 41 28 for
1257 5468 46 30 the
1322 5478 115 28 purpose

807 5507 29 27 of
847 5506 170 34 considering
1031 5506 46 29 the
1099 5505 58 30 best
1176 5507 113 29 method
1310 5508 30 28 of
1358 5508 79 35 usiug

809 5545 45 28 the
868 5544 80 28 funds
962 5554 61 19 now
1036 5546 29 27 in
1078 5544 63 29 had.
1179 5546 26 27 It
1218 5547 23 26 is
1254 5550 28 25 to
1304 5546 32 29 be
1350 5546 87 37 hoped

810 5583 59 28 that
890 5592 132 25 everyone
1045 5583 147 27 interested
1206 5583 54 28 will
1283 5584 155 28 endeavour

821 5631 15 18 o
850 5621 103 33 attend,
967 5621 52 28 and
1036 5621 58 29 that
1104 5621 45 28 the
1161 5628 100 22 matter
1271 5622 54 28 will
1336 5622 102 28 receive

811 5660 99 29 careful
931 5660 158 31 discussion,
1109 5661 54 27 and
1184 5661 61 30 that
1258 5672 16 17 a
1288 5661 87 29 useful
1395 5661 29 30 de-

811 5698 84 28 cision
909 5700 54 26 will
977 5699 30 27 be
1021 5698 104 28 arrived
1142 5705 36 21 at.

845 5744 36 26 At
900 5744 45 27 the
959 5744 54 34 Tyr
1032 5744 115 27 Connell
1161 5743 75 29 there
1248 5754 45 18 are
1315 5744 40 28 six
1376 5752 63 19 men

814 5791 58 19 now
895 5782 144 35 employed
1063 5782 103 35 getting
1189 5787 48 24 out
1261 5789 85 23 stone.
1384 5782 56 29 The

815 5821 71 25 main
900 5820 73 27 drive
989 5821 21 26 is
1023 5829 61 18 now
1097 5822 28 24 in
1140 5822 33 25 00
1185 5819 63 34 feet,
1262 5822 70 26 from
1353 5820 87 28 which

814 5865 20 23 it
848 5859 21 27 ih
883 5857 126 30 intended
1025 5861 27 25 to
1065 5859 51 28 rise
1131 5860 39 28 tor
1182 5858 43 30 the
1239 5867 73 27 spur,
1351 5859 33 28 in
1398 5859 42 28 the

1475 229 148 27 meantime
1638 229 65 34 they
1717 237 43 19 are
1775 229 94 35 taking
1883 238 15 20 a
1908 229 107 34 leading
2029 236 72 30 stope

1474 266 81 33 along
1569 267 46 28 the
1627 265 103 31 tunnel.
1768 266 57 30 The
1836 273 75 24 stone
1924 278 59 19 now
1995 270 106 32 coming

1475 311 25 23 to
1528 306 72 27 hand
1625 307 122 27 contain*
1773 308 130 27 excellent
1928 307 70 32 gold.
2048 309 53 26 Tho

1475 351 129 26 manager
1618 343 49 29 has
1681 349 45 23 not
1740 349 44 32 yet
1798 344 109 28 decided
1930 344 121 30 whether
2070 346 31 27 he

1474 381 54 29 will
1552 382 60 28 tske
1631 383 46 27 the
1692 384 93 28 tnnnel
1808 385 28 26 in
1856 384 114 28 another
1990 386 32 26 30
2041 385 60 27 feet.

1474 419 66 28 with
1564 420 46 28 the
1632 421 88 34 object
1732 421 30 27 of
1776 421 117 34 striking
1912 422 47 27 the
1973 423 7 15 ;
1980 431 65 26 spur
2066 431 32 18 on

1476 457 58 30 that
1559 458 77 32 level,
1663 469 30 18 ur
1717 470 33 23 go
1775 468 35 29 up
1832 460 68 29 from
1924 460 46 30 the
1996 466 102 31 present

1475 498 74 33 point
1572 498 122 27 reached.
1732 499 87 28 There
1841 509 45 18 are
1901 500 82 28 ahout
1997 502 30 26 18
2041 506 60 21 tons

1473 534 29 27 of
1512 539 77 22 stone
1603 540 27 21 at
1644 541 106 36 present
1766 542 26 22 to
1806 546 83 25 grass,
1969 544 60 21 #>w
2043 539 58 26 that

1474 571 45 29 the
1543 573 74 28 mine
1642 582 24 19 is
1688 573 87 30 hotter
1794 575 104 37 opened
1921 584 44 26 up,
1990 575 54 29 and
2064 576 34 29 all

1474 610 87 27 hands
1582 620 51 18 can
1656 612 32 27 he
1710 613 143 35 employed
1876 614 27 28 in
1930 615 44 27 the
1997 615 65 30 face,
2084 625 12 17 n

1473 647 87 36 larger
1574 648 128 37 quantity
1714 659 49 18 can
1778 650 32 28 he
1823 651 127 28 obtained
1963 652 111 36 weekly.

1508 695 48 28 We
1578 704 45 20 are
1646 695 27 29 in
1696 696 100 37 receipt
1810 697 31 28 of
1860 699 43 28 Mr
1926 695 26 35 %.
1975 699 122 31 BoltonV

1474 734 116 28 General
1621 733 147 36 Catalogue
1794 738 30 25 of
1851 727 169 40 ornaiskntal
2048 741 51 26 and

1474 772 63 28 fruit
1576 777 78 28 trees,
1694 782 145 23 evergreen
1879 775 54 27 and

1472 810 106 33 shrubs,
1602 810 100 39 plant;,
1728 810 107 32 florists'
1858 812 114 37 flowers,
1997 816 98 36 garden

1472 850 53 29 and
1547 851 69 27 farm
1639 851 84 28 Feeds.
1761 851 57 28 The
1841 852 146 37 Catalogue
2012 855 22 28 is
2058 856 42 27 for

1474 888 43 29 the
1549 893 108 32 present
1687 897 74 28 year,
1792 889 55 29 and
1877 892 124 28 contains
2025 902 74 20 some

1474 927 122 30 valuable
1618 926 56 31 info
1690 929 104 29 mation
1807 930 166 35 concerning
1989 930 108 31 kitchen

1472 967 99 31 garden
1602 967 164 35 operations,
1797 967 54 28 and
1883 969 124 35 fanning.
2057 971 42 27 Mr

1476 1005 93 28 i'olton
1593 1005 22 27 is
1637 1005 45 27 the
1698 1005 151 35 proprietor
1862 1007 29 27 of
1907 1007 45 28 the
1973 1008 125 30 Norwich

1471 1043 150 35 Nurseries,
1646 1043 125 30 Wiamea
1795 1044 74 35 road,
1894 1045 54 30 and
1971 1047 44 29 the
2037 1049 63 28 seed

1474 1083 153 27 warehouse
1641 1083 22 26 is
1677 1082 117 28 situated
1808 1085 28 25 in
1855 1083 139 37 Franklyn
2007 1092 91 24 street,

1474 1119 109 27 Nelson.

1506 1168 48 28 Wo
1576 1168 69 28 refer
1665 1177 51 19 our
1728 1168 106 30 readers
1852 1173 27 25 to
1893 1170 157 30 alterations
2069 1172 26 28 iu

1472 1206 126 34 standing
1611 1206 228 30 advertisements
1862 1208 26 28 in
1903 1208 53 28 this
1978 1209 72 28 issue
2071 1219 27 19 as

1472 1245 102 29 follows
1586 1247 84 27 :—lst
1693 1257 66 25 page
1771 1247 70 28 :Mr
1855 1247 97 33 Buick,
1971 1249 127 35 joweller,

1476 1283 149 37 Wcstport;
1646 1284 57 27 Mrs
1719 1285 165 32 Muneaster,
1895 1286 128 34 jeweller,
2037 1287 46 27 Nel-

1484 1332 34 18 on
1529 1330 6 26 ;
1555 1321 46 30 3rd
1616 1330 83 26 page:
1721 1323 43 27 Mr
1773 1323 75 28 John
1859 1323 120 34 Fennell,
1994 1325 104 37 draper,

1475 1362 72 34 Lyell
1561 1370 6 24 ;
1589 1361 99 27 Messrs
1703 1361 113 29 Warner
1829 1362 54 28 and

1474 1399 96 29 Nelson
1583 1408 6 26 ;
1609 1399 53 29 and
1672 1400 100 29 Messrs
1783 1400 153 30 Foddersen
2014 1402 84 37 Edge,

1472 1438 132 33 butchers,
1619 1439 86 34 Lyell.

1506 1484 48 29 We
1573 1484 69 29 have
1662 1484 120 29 received
1796 1494 15 19 a
1825 1485 116 28 number
1954 1485 28 28 of
1997 1485 86 30 beauti-

1472 1522 65 35 fully
1550 1524 130 26 executed
1699 1522 196 36 photographic
1909 1525 80 25 views
2008 1525 29 26 of
2052 1525 46 26 the

1478 1568 103 27 iconcry
1605 1558 29 28 in
1659 1559 46 28 the
1728 1559 93 29 Duller
1844 1560 99 35 (Jorge,
1966 1561 68 28 from
2057 1560 42 29 Mr

1470 1597 25 28 •J.
1511 1597 81 36 King,
1602 1597 209 37 photographer,
1823 1599 72 34 Grey
1900 1600 104 27 mouth.
2040 1600 57 27 The

1472 1636 81 27 views
1582 1645 70 19 were
1682 1636 82 28 taken
1790 1637 98 33 during
1913 1647 16 18 a
1955 1638 51 37 trip
2029 1638 68 28 from

1473 1674 135 37 Westport
1629 1678 27 25 to
1680 1675 111 32 Nelson,
1814 1677 53 27 and
1894 1677 106 28 include
2018 1687 80 26 every

1472 1714 74 34 point
1568 1714 30 27 of
1618 1715 111 27 interest
1751 1714 81 33 along
1846 1715 59 27 that
1930 1715 95 35 highly
2045 1716 39 35 pic-

1472 1758 124 29 turesque
1609 1757 86 23 route.
1731 1752 58 29 The
1808 1752 186 37 photographs
2006 1764 45 18 are
2065 1765 33 17 on

1471 1790 65 26 view
1561 1790 55 26 and
1641 1790 40 28 for
1700 1790 55 28 sale
1780 1795 28 22 at
1831 1790 46 28 the
1899 1792 78 27 oilice
1999 1793 30 26 of
2047 1792 52 27 thi»

1470 1835 91 29 paper.

1504 1877 159 36 Yesterday,
1694 1877 81 34 being
1799 1879 77 26 Good
1905 1880 109 35 Friday,
2044 1889 56 20 was

1470 1913 129 30 observed
1624 1924 29 18 as
1675 1925 16 18 a
1711 1915 71 28 close
1807 1915 110 37 holiday
1942 1917 36 36 by
1999 1918 35 27 all
2055 1919 45 29 the

1471 1953 87 28 hotels
1571 1953 54 28 and
1639 1953 123 28 business
1776 1954 91 36 places
1881 1955 28 28 iu
1923 1955 83 37 Lyell.
2043 1957 57 29 The

1471 1990 138 37 telegraph
1634 1992 53 27 and
1710 1997 61 31 post
1792 1992 87 34 office,
1902 1993 68 28 after
1991 1993 46 30 the
2061 2004 26 20 re-

1469 2030 107 37 ception
1590 2030 54 29 and
1658 2030 129 38 despatch
1809 2035 25 25 ot
1848 2032 45 28 the
1917 2032 77 29 usual
2010 2034 90 34 mails,

1469 2078 55 18 was
1549 2068 58 30 also
1631 2069 100 29 closed.
1768 2072 57 26 Our
1847 2071 69 28 local
1941 2072 91 33 baker,
2058 2075 28 27 Mi-

1472 2106 35 28 ll.
1521 2106 108 38 Young,
1644 2107 47 29 did
1704 2117 16 19 a
1731 2109 109 35 roaring
1850 2109 76 29 trade
1937 2110 27 28 in
1974 2110 48 30 hot
2029 2120 71 21 cross

1470 2144 78 28 buns.

1502 2192 36 29 At
1550 2201 16 21 a
1579 2192 121 36 meeting
1712 2193 30 30 of
1752 2193 47 30 the
1813 2194 102 30 Nelson
1929 2195 136 31 Chamber
2074 2194 30 34 of

1469 2231 169 33 Commerce,
1652 2232 64 28 held
1728 2242 36 18 on
1778 2233 47 28 the
1839 2234 64 27 18th
1924 2235 113 33 instant,
2058 2237 43 26 Mr

1470 2268 30 28 F.
1528 2268 145 30 Hamilton
1697 2270 28 29 in
1756 2269 47 30 the
1834 2271 85 34 chair,
1946 2272 44 28 Mr
2013 2272 27 30 J.
2066 2273 31 29 A.

1469 2307 104 36 llarley
1587 2308 99 29 moved
1700 2309 79 36 again
1794 2308 27 29 in
1834 2310 47 28 the
1896 2314 99 25 matter
2015 2311 31 29 of
2064 2322 36 19 an

1467 2345 75 38 early
1567 2348 71 27 train
1663 2352 28 24 to
1717 2348 143 36 Bellgrovo
1882 2348 77 30 three
1979 2353 82 32 {fines
2082 2360 16 19 a

1467 2385 76 30 week
1564 2392 28 24 to
1613 2396 78 28 carry
1716 2395 160 30 passengers
1900 2392 28 26 to
1953 2388 46 30 the
2023 2388 80 32 West

1467 2425 82 26 Coast
1562 2426 94 31 coach,
1674 2436 31 17 so
1717 2427 62 26 that
1791 2426 48 28 the
1862 2427 64 33 long
1935 2427 117 37 journey
2070 2429 33 25 of

1465 2462 35 28 90
1514 2462 78 29 miles
1606 2462 88 38 might
1708 2463 32 28 be
1758 2463 115 30 covered
1891 2463 37 38 by
1949 2473 36 20 an
2005 2465 97 30 earlier

1467 2500 69 30 hour
1549 2511 27 19 in
1591 2502 46 29 tho
1650 2503 118 34 evening
1780 2503 68 28 than
1860 2507 30 25 at
1907 2508 118 32 present,
2045 2505 53 29 and

1467 2539 22 28 it
1502 2548 55 20 was
1569 2540 123 30 resolved
1707 2541 61 28 that
1780 2540 46 30 the
1839 2542 165 29 Committee
2018 2543 66 29 inter-

1467 2578 69 28 view
1567 2578 47 29 tho
1653 2578 125 38 Railway
1811 2580 133 36 Manager
1983 2590 35 21 on
2055 2582 45 29 the

1467 2620 110 25 matter.

1555 2701 147 33 OPEN
1757 2702 253 35 COLUMN.

1469 2802 46 28 We
1539 2811 49 19 arc
1607 2804 31 26 at
1658 2802 40 28 all
1720 2804 79 27 times
1820 2804 86 37 ready
1927 2806 27 27 to
1974 2806 62 35 give
2057 2816 28 18 ex-

1495 2840 128 39 pression
1637 2842 27 28 to
1677 2851 79 28 every
1769 2841 86 30 shade
1867 2852 31 28 oj
1909 2844 125 37 opinion,
2044 2846 57 28 and

1500 2880 45 28 the
1557 2881 158 27 discussion
1727 2881 35 36 of
1778 2881 41 28 all
1831 2884 116 26 matters
1959 2884 35 35 of
2003 2884 97 35 jniblic

1498 2918 124 32 interest,
1636 2918 50 29 but
1700 2919 29 28 in
1743 2928 34 18 no
1790 2927 61 21 case
1863 2919 35 29 do
1908 2930 39 18 we
1960 2921 66 28 hold
2037 2932 46 18 our-

1498 2956 84 28 selves
1594 2956 167 36 responsible
1768 2957 52 35 for
1834 2957 45 29 the
1891 2958 161 30 sentiments
2070 2961 32 36 of

1500 3003 52 20 our
1564 2995 235 35 correspondents.
2079 3005 23 16 v

1509 3089 78 31 THE
1608 3089 101 30 KOAD
1728 3090 47 31 TO
1792 3092 112 30 OWEN
1925 3093 130 30 REEFS.

1483 3165 45 38 [to
1546 3174 56 21 thk
1621 3174 103 22 editor
1742 3177 34 19 of
1795 3175 55 21 the
1870 3177 86 21 lyell
1975 3169 109 41 timks].

1501 3214 110 34 Sir,—l
1635 3215 112 30 observe
1771 3217 28 27 in
1824 3227 69 26 your
1914 3217 53 30 last
1989 3220 71 28 issue
2080 3230 15 19 a

1465 3252 80 28 letter
1564 3253 95 33 Binned
1708 3254 58 28 Vox
1926 3265 35 18 on
1977 3257 45 28 the
2036 3257 45 27 sub-

1461 3291 56 37 ject
1540 3290 31 30 of
1592 3290 47 30 the
1658 3292 133 37 proposed
1813 3293 64 30 road
1900 3297 28 26 to
1947 3293 45 31 the
2013 3295 82 30 Owen

1468 3328 86 31 Beefs.
1593 3329 9 28 1
1618 3330 70 28 have
1707 3332 64 27 read
1790 3332 42 28 his
1844 3338 161 23 statements
2024 3344 56 18 care-

1465 3367 78 36 fully,
1556 3367 55 29 and
1623 3367 70 29 have
1705 3370 146 35 compared
1870 3370 74 29 them
1965 3372 65 28 with
2050 3372 45 29 the

1465 3412 91 31 report
1568 3406 30 29 of
1606 3415 70 28 your
1688 3408 100 35 spocial
1807 3409 219 37 correspondent,
2039 3411 55 30 and

1465 3445 70 28 have
1548 3455 78 18 come
1637 3448 29 25 to
1685 3445 46 29 the
1750 3447 157 28 conclusion
1930 3448 58 28 that
2038 3450 57 28 Vox

1467 3483 97 37 Fopuli
1612 3488 73 24 must
1697 3483 70 31 have
1780 3485 54 28 had
1848 3497 16 17 a
1876 3486 113 29 hideous
2002 3487 93 29 dream

1465 3532 31 17 or
1508 3522 93 27 drawn
1623 3523 187 36 considerably
1824 3533 73 27 upon
1910 3524 42 28 his
1964 3527 115 34 imagina-

1465 3559 57 28 tion
1535 3559 42 28 for
1589 3558 44 29 his
1641 3558 78 29 facts.

1500 3598 38 28 As
1561 3598 55 28 this
1637 3599 23 27 is
1679 3608 16 18 a
1714 3603 100 24 matter
1827 3600 59 28 that
1899 3601 53 27 will
1966 3602 131 36 seriously

1466 3635 79 28 affect
1566 3635 46 29 the
1634 3636 117 29 comfort
1771 3636 54 29 and
1846 3639 180 29 convenience
2038 3640 29 28 of
2081 3650 16 18 a

1467 3674 73 34 large
1553 3674 4 40 \
1566 3675 89 27 ection
1667 3675 33 27 of
1710 3675 46 28 the
1769 3675 107 36 mining
1888 3679 181 35 community,
2083 3680 14 26 I

1467 3713 55 26 will
1543 3713 106 27 trouble
1667 3721 56 27 you
1740 3714 68 26 with
1830 3722 47 27 my
1898 3715 81 27 views
2000 3725 34 19 on
2048 3716 46 29 the

1467 3749 111 39 subject.
1616 3751 37 28 As
1675 3750 14 29 I
1710 3761 45 20 am
1776 3756 49 25 not
1846 3753 84 29 much
1952 3755 28 28 of
1996 3765 35 18 an
2051 3765 30 19 en-

1467 3790 92 34 gineer
1572 3789 12 28 I
1599 3798 96 20 canno;
1711 3791 29 26 of
1756 3800 93 19 course
1870 3792 33 28 bo
1924 3795 125 33 expected
2070 3798 27 24 to

1467 3836 60 26 give
1540 3836 16 20 a
1575 3828 177 38 professional
1771 3829 122 37 opinion,
1908 3829 47 31 but
1975 3840 43 20 am
2039 3841 42 29 pre-

1468 3867 82 36 pared
1563 3873 27 22 to
1603 3867 60 35 give
1677 3877 16 19 a
1720 3878 112 19 ommoti
1846 3879 77 19 sense
1935 3881 59 18 one.

1503 3905 34 27 In
1559 3906 46 26 tho
1625 3905 58 28 first
1703 3906 76 35 place
1801 3907 58 26 Vox
1883 3916 62 26 says
1970 3909 60 27 that
2052 3908 45 27 the

1467 3942 71 29 river
1552 3944 84 32 jroute
1658 3943 55 29 will
1735 3942 33 30 bo
1790 3946 53 27 two
1856 3944 54 30 and
1923 3944 89 30 a-half
2022 3946 76 30 miles

1467 3982 94 35 longer
1585 3981 68 28 than
1679 3982 45 28 the
1757 3982 131 35 Maggie's
1919 3984 85 28 Creek
2036 3985 59 27 line.

1467 4019 67 28 This
1558 4019 24 29 is
1608 4019 101 37 simply
1733 4020 172 38 misleading,
1926 4031 30 19 as
1987 4022 14 28 I
2030 4022 68 30 have

1468 4057 105 30 walked
1585 4057 66 29 both
1664 4059 78 32 linos,
1756 4060 54 27 and
1823 4059 34 28 do
1870 4068 49 20 not
1932 4061 78 28 think
2024 4062 73 28 there

1467 4096 24 28 is
1503 4096 82 28 much
1599 4096 23 28 if
1631 4105 55 28 any
1699 4097 142 30 difference
1863 4097 29 29 in
1913 4098 47 29 tho
1979 4099 118 30 distance

1468 4141 28 23 to
1521 4134 141 35 Baigeut's
1686 4137 112 28 station.
1834 4137 98 34 Again,
1957 4137 34 30 ho
2015 4143 81 25 states

1467 4174 76 26 thero
1557 4172 54 30 will
1624 4173 32 28 be
1669 4183 52 18 ono
1733 4174 54 28 and
1797 4175 90 30 a%ilf
1897 4176 78 27 miles
1985 4177 30 26 of
2024 4177 57 27 rock-

1467 4212 113 35 cutting.
1619 4211 104 31 Shades
1744 4212 31 30 of
1793 4212 106 31 Ceesar!
1937 4214 99 30 Where
2049 4226 48 19 can

1468 4250 34 27 ho
1515 4251 57 26 find
1587 4251 21 26 it
1616 4252 13 25 ?
1667 4250 52 33 Sir,
1733 4251 14 26 I
1770 4251 70 27 have
1860 4252 52 27 had
1926 4256 28 23 to
1968 4254 83 26 travel
2065 4263 32 26 up

1468 4287 54 29 and
1546 4287 81 28 down
1652 4287 60 30 that
1733 4294 77 23 route
1830 4289 42 28 for
1891 4289 77 29 three
1989 4300 30 18 or
2039 4290 59 29 four

1467 4334 89 26 years,
1570 4325 63 33 land
1655 4335 30 17 as
1706 4334 86 27 many
1812 4328 81 27 times
1914 4337 17 18 a
1949 4328 83 34 week,
2045 4330 52 27 and

1468 4362 46 28 fail
1545 4367 26 23 to
1602 4362 122 29 discover
1754 4363 90 28 where
1875 4364 47 28 the
1945 4369 75 31 great
2049 4374 31 20 im-

1469 4400 153 36 penetrable
1652 4400 132 30 obstacles
1811 4411 46 19 are
1886 4406 29 24 to
1947 4403 30 28 be
2008 4404 87 28 found.

1468 4439 80 34 True,
1569 4439 14 28 I
1609 4438 80 30 know
1714 4439 30 29 of
1766 4444 52 25 two
1840 4441 81 29 small
1942 4441 87 35 bluffs,
2051 4442 45 29 but

1469 4478 114 33 nothing
1607 4484 28 22 to
1658 4478 85 36 speak
1766 4479 36 27 of.
1840 4480 43 26 lie
1907 4490 64 25 says
1994 4482 60 27 that
2077 4482 22 28 if

1469 4516 75 27 theso
1559 4516 78 27 bluffs
1650 4524 45 19 are
1707 4520 50 23 not
1776 4516 79 27 taken
1869 4526 88 28 away,
1970 4518 45 28 the
2028 4519 69 28 river

1469 4553 52 29 will
1543 4553 70 30 have
1634 4557 28 26 to
1683 4553 32 30 be
1733 4557 106 26 crossed
1854 4555 39 29 six
1909 4557 85 28 times.
2030 4557 66 30 Now

1468 4593 75 31 then,
1557 4593 40 27 for
1609 4593 103 27 it—tho
1726 4602 71 19 river
1810 4593 21 26 is
1844 4595 108 28 crossed
1965 4597 39 26 six
2018 4596 77 28 times

1469 4635 27 24 at
1517 4633 119 35 present,
1649 4630 49 29 but
1719 4631 64 37 only
1805 4630 41 29 for
1865 4633 191 34 convenience,
2068 4643 28 20 a3

1469 4669 45 28 tho
1535 4669 74 28 fords
1631 4678 46 18 are
1696 4670 79 34 good.
1813 4670 49 27 Wo
1885 4671 120 28 received
2024 4681 72 18 some

1471 4708 53 28 ±'lsß
1545 4706 70 29 from
1637 4706 46 29 tho
1704 4707 108 37 County
1831 4708 123 34 Council,
1967 4708 51 29 aud
2034 4708 62 30 with

1470 4746 53 28 this
1536 4746 89 37 paltry
1639 4755 62 19 sum
1719 4756 41 18 we
1780 4746 117 30 reduced
1917 4747 46 29 tho
1985 4748 112 29 number

1469 4784 30 29 of
1509 4786 135 32 crossings
1656 4784 71 28 from
1742 4784 116 30 thirteen
1877 4790 27 23 to
1918 4786 48 28 six.
2003 4787 35 27 So
2052 4787 42 27 the

1469 4829 76 22 routo
1558 4828 76 23 must
1646 4822 32 29 bo
1691 4823 112 37 terribly
1815 4823 62 28 bad.
1916 4824 102 29 With.a
2032 4824 65 30 little

1470 4871 73 19 more
1568 4861 93 37 outlay
1685 4861 47 29 the
1752 4871 134 27 crossings
1907 4863 80 28 could
2008 4863 31 28 be
2060 4873 24 18 re-

1470 4900 86 27 duced
1580 4904 28 23 to
1632 4905 63 21 two.
1732 4899 81 28 Then
1839 4900 35 28 he
1898 4900 97 36 spoaks
2018 4900 80 30 about

1469 4936 85 30 floods
1576 4937 115 36 shifting
1710 4937 82 34 fords,
1813 4938 44 27 &c.
1895 4938 73 29 Does
1982 4938 57 29 Vox
2051 4943 44 25 not

1470 4977 79 30 know
1574 4976 62 29 that
1660 4976 85 29 above
1770 4976 140 36 Baigent's
1931 4978 100 28 station
2055 4978 42 30 the

1470 5016 70 28 river
1559 5019 75 25 must
1653 5015 32 28 be
1705 5015 107 28 crossed
1834 5016 59 28 four
1914 5016 82 29 times
2011 5016 86 29 before

1470 5054 110 35 coming
1592 5058 28 24 to
1634 5053 54 29 this
1701 5054 106 35 portion
1821 5054 30 28 of
1862 5053 45 29 tho
1920 5054 65 28 road
2006 5059 28 23 at
2053 5055 42 29 all.

1472 5093 34 27 So
1519 5091 22 28 if
1552 5092 76 27 there
1642 5091 22 27 is
1677 5101 16 17 a
1715 5090 72 29 flood
1806 5091 30 28 in
1855 5100 52 20 ouo
1928 5095 62 32 part
2008 5092 28 28 of
2053 5093 44 27 the

1470 5134 103 24 stream
1587 5130 13 27 I
1614 5137 130 29 presume,
1759 5129 21 28 it
1802 5133 74 24 must
1895 5129 32 28 bo
1948 5129 101 29 flooded
2062 5131 36 28 all

1471 5176 80 26 over;
1573 5169 47 28 but
1641 5168 34 27 ho
1696 5172 87 24 wants
1806 5159 130 38 toJ«uko
1959 5169 21 28 it
2003 5178 96 29 appear

1472 5207 61 28 that
1545 5207 54 28 this
1611 5208 23 27 is
1647 5206 46 28 the
1706 5206 66 34 only
1791 5216 107 26 poraon
1920 5207 30 28 of
1969 5207 44 29 the
2034 5209 65 28 river

1471 5253 64 20 ever
1548 5244 96 28 visited
1659 5244 35 36 by
1712 5252 17 19 a
1749 5244 110 28 freshet.
1896 5244 45 28 Ho
1963 5254 62 28 says
2042 5246 56 28 also

1472 5284 59 29 that
1551 5292 35 20 on
1610 5282 46 31 the
1680 5282 131 38 Maggie's
1832 5282 85 30 Creek
1936 5289 74 24 route
2024 5294 15 21 a
2048 5284 51 31 low

1472 5323 92 28 saddle
1588 5322 64 36 only
1677 5322 49 28 has
1749 5327 26 24 to
1797 5321 32 29 be
1850 5322 116 35 crossed,
1981 5324 52 28 aud
2051 5325 46 28 the

1472 5362 89 35 slopes
1586 5360 65 29 both
1677 5360 71 29 sides
1766 5360 34 29 do
1820 5365 49 25 not
1889 5361 98 29 exceed
2006 5362 56 30 half
2083 5374 16 18 a

1473 5400 74 32 mile,
1571 5400 54 27 and
1647 5400 46 27 the
1713 5399 83 34 grade
1816 5400 23 26 is
1859 5401 65 34 only
1943 5410 51 18 one
2007 5402 51 27 foot
2071 5402 27 28 in

1474 5437 104 29 twelve.
1615 5437 67 28 This
1695 5437 52 28 low
1759 5436 101 33 saddle,
1874 5447 30 18 as
1917 5437 33 29 he
1964 5439 65 28 calls
2037 5440 30 32 it,
2077 5440 22 28 is

1473 5477 51 28 400
1536 5476 54 29 feet
1603 5475 85 29 above
1702 5475 45 29 the
1759 5475 71 35 flats,
1844 5475 54 29 and
1917 5486 30 19 as
1966 5477 45 28 the
2030 5478 69 37 slope

1475 5523 136 20 measures
1625 5514 64 36 only
1703 5514 60 27 half
1773 5513 103 35 a-mile,
1890 5524 29 19 or
1933 5516 68 29 2040
2011 5517 58 31 foot,
2083 5518 14 27 I

1474 5553 131 28 calculate
1631 5552 59 28 that
1715 5552 76 29 these
1816 5553 100 35 figures
1940 5554 55 28 will
2011 5556 59 34 give
2083 5566 15 19 a

1474 5591 83 34 grado
1578 5590 28 28 of
1629 5598 52 20 one
1702 5590 55 28 foot
1778 5591 29 27 in
1829 5592 41 27 six
1892 5591 54 28 and
1970 5591 129 32 a-lalf—a

1477 5632 87 34 protty
1589 5627 57 31 stiff
1668 5628 91 37 grade.
1796 5628 45 30 He
1864 5628 58 31 also
1942 5633 76 27 states
2040 5630 58 33 that

1475 5667 90 38 gravel
1580 5677 49 19 can
1644 5667 32 28 be
1689 5668 128 28 obtained
1840 5673 29 24 at
1890 5679 15 18 a
1918 5668 83 38 depth
2007 5671 29 27 of
2046 5676 53 25 two

1476 5707 51 27 feet
1540 5707 69 27 from
1624 5706 47 27 the
1691 5705 113 28 surface.
1841 5706 101 28 Wliere
1955 5708 45 27 did
2008 5707 34 29 he
2055 5716 44 29 get

1477 5743 54 27 this
1556 5742 177 28 information
1759 5745 70 25 from
1841 5744 12 27 ?
1899 5743 88 29 There
2006 5745 20 28 is
2044 5755 40 19 cer-

1477 5781 85 36 tainly
1571 5791 72 18 none
1655 5780 101 34 visible,
1768 5781 53 28 and
1836 5781 13 28 I
1863 5792 55 19 saw
1931 5792 36 19 no
1980 5783 119 30 evdence

1465 5818 1 34 !
1477 5821 25 25 «»i
1515 5830 14 16 a
1542 5820 61 27 hole
1619 5818 100 33 havinjj
1733 5819 66 27 been
1814 5820 79 32 sunk,
1907 5830 29 17 so
1951 5821 12 26 I
1977 5823 122 29 conclude

1465 5854 1 38 :
1477 5854 33 32 he
1524 5857 105 30 dreaint
1643 5856 55 30 this
1710 5857 81 35 along
1804 5858 64 29 with
1884 5858 45 29 the
1942 5864 62 25 rest.

2176 229 14 28 I
2203 229 102 37 uphold
2317 238 69 28 your
2399 232 235 35 correspondent's
2646 234 124 35 opinions

2142 268 52 29 and
2209 271 88 26 would
2312 270 122 35 strongly
2444 271 92 28 advise

2142 313 25 21 to
2182 307 68 27 have
2264 317 14 17 a
2292 307 135 33 thorough
2443 308 158 36 knowledge
2615 314 24 22 ot
2655 311 42 26 his
2710 311 45 27 sub-

2137 344 53 37 ject
2205 343 88 30 before
2307 346 78 33 again
2406 346 113 37 rushing
2541 348 57 29 into
2620 349 82 36 print,
2716 349 54 28 and

2142 384 150 28 remember
2307 385 45 26 the
2375 386 43 26 old
2441 387 85 32 adage
2546 386 60 29 that
2629 388 66 26 fools
2716 389 54 26 and

2140 422 119 26 children
2270 422 96 26 should
2382 429 47 21 not
2443 424 62 35 play
2520 425 66 26 with
2601 425 66 32 edge
2679 426 79 26 tools.

2173 460 58 28 The
2255 460 89 28 whole
2370 467 98 23 matter
2490 464 22 26 is
2535 463 44 28 the
2600 471 125 22 outcome
2744 466 26 26 of

2140 502 73 32 petty
2227 501 77 34 spite,
2317 501 53 26 and
2394 501 21 27 if
2434 502 45 27 the
2499 503 65 27 road
2578 504 21 26 is
2613 504 80 27 made
2707 513 63 19 over

2138 537 45 27 the
2202 531 93 33 saddle
2314 539 20 27 it
2356 538 53 27 will
2432 541 130 35 rertainly
2584 540 101 28 benefit
2706 542 64 34 only

2138 584 51 19 one
2202 585 30 18 or
2245 581 53 24 two
2312 586 110 27 persons
2437 588 63 26 very
2514 578 162 37 materially.
2712 581 58 27 The

2140 614 69 27 river
2222 615 64 27 road
2302 617 21 25 is
2337 615 45 28 the
2397 616 63 27 roful
2478 621 40 22 tor
2531 627 52 20 me,
2598 627 29 17 as
2641 618 19 27 it
2674 628 49 17 can
2738 618 30 28 he

2140 652 77 28 made
2231 652 125 37 cheaper,
2370 654 119 35 quicker,
2502 655 54 28 and
2578 655 33 28 be
2634 656 82 36 ready
2730 656 40 29 for

2140 690 84 28 traffic
2237 701 97 18 sooner
2347 692 66 28 than
2429 692 43 29 the
2487 693 86 29 other.

2173 728 75 29 With
2262 730 96 35 regard
2371 735 28 25 to
2413 732 46 27 the
2473 742 66 25 poor
2552 732 105 36 quality
2678 733 30 28 of
2725 733 45 28 the

2138 767 120 33 alluvial,
2274 768 12 25 I
2300 777 51 18 can
2365 770 64 35 only
2443 779 48 26 say
2504 770 59 28 that
2583 770 45 27 the
2651 771 74 27 wash
2748 771 22 27 is

2139 804 93 38 nearly
2257 805 35 29 all
2317 815 35 20 on
2378 807 46 29 the
2444 807 115 35 surface,
2580 808 52 30 and
2655 809 14 28 I
2691 809 79 29 could

2138 845 101 35 always
2265 845 80 28 make
2370 847 94 28 tucker
2488 848 53 27 and
2567 859 15 16 a
2607 848 69 27 little
2698 858 72 19 more

2138 882 114 28 without
2265 892 51 26 any
2333 890 75 21 extra
2422 885 65 27 hard
2503 886 79 34 graft.

2172 920 13 28 I
2200 921 138 36 apologise
2352 925 40 26 tor
2405 932 29 20 so
2448 922 114 38 lengthy
2582 934 14 19 a
2619 923 88 35 letter,
2721 922 49 32 but

2140 960 10 26 I
2163 959 116 36 thought
2290 961 46 27 the
2345 970 61 19 case
2417 963 31 26 of
2457 961 134 30 sufficient
2601 963 169 37 importance

2137 1000 27 25 to
2177 997 146 29 command
2338 1003 29 25 it.
2370 1000 49 27 —I
2432 1009 56 25 am,
2502 1000 55 33 &c,

2521 1041 88 27 Owen
2629 1040 106 29 Miner.

2171 1075 87 27 Owen
2272 1076 91 32 River,
2377 1077 76 34 April
2465 1078 81 32 22nd,
2563 1080 74 26 1886.

2335 1166 233 30 LATEST

2161 1220 173 44 CABLE
2394 1222 350 45 TELEGRAMS.

2437 1325 131 38 London,
2585 1326 82 41 April
2683 1327 47 33 20.

2175 1376 28 32 It
2236 1376 55 32 has
2325 1376 75 33 been
2434 1379 144 41 arranged
2619 1379 67 33 that
2719 1379 51 33 the

2137 1420 132 40 Marquis
2292 1423 31 30 of
2337 1422 181 41 Hartington
2533 1423 59 31 will
2617 1435 85 21 move
2726 1426 44 30 for

2137 1463 48 31 the
2201 1464 139 40 rejection
2353 1466 31 30 of
2393 1466 50 31 the
2458 1466 97 31 Home
2567 1466 75 32 Rule
2653 1466 117 34 scheme

2136 1506 85 31 when
2246 1508 51 30 the
2321 1518 134 22 measure
2480 1520 98 21 comes
2603 1521 39 28 up
2666 1511 44 30 for
2732 1511 38 30 its

2136 1549 106 31 second
2257 1550 130 40 reading.

2175 1593 83 32 Jesse
2273 1593 142 42 Collings,
2431 1595 59 31 late
2505 1595 133 32 member
2652 1596 44 32 for
2707 1597 46 41 Ips-

2135 1637 84 37 wich,
2235 1637 55 32 has
2304 1638 118 32 written
2437 1650 16 21 a
2469 1639 85 32 letter
2570 1642 29 30 to
2614 1640 50 32 the
2676 1651 73 22 news-

2135 1692 113 29 papers,
2277 1680 33 34 in
2337 1683 97 32 which
2462 1684 38 31 he
2528 1684 161 31 condemns
2718 1685 51 32 the

2137 1724 66 32 bills
2227 1725 173 33 introduced
2415 1727 38 42 by
2468 1727 47 31 Air
2540 1727 163 35 Gladstone
2725 1729 45 33 for

2138 1769 47 30 the
2201 1770 170 30 settlement
2386 1772 32 28 of
2430 1772 49 29 the
2495 1772 77 29 Irish
2585 1772 152 40 difficulty.

2174 1811 63 33 The
2262 1811 68 33 trial
2354 1812 32 33 of
2404 1812 63 33 Mrs
2482 1812 140 34 Adelaide
2637 1814 129 33 Bartlott

2137 1857 42 32 for
2200 1857 156 42 poisoning
2370 1858 53 33 her
2444 1859 138 32 husband
2602 1859 38 42 by
2654 1861 51 31 the
2720 1861 32 31 ad-

2136 1901 199 31 ministration
2358 1902 32 30 of
2413 1903 179 30 chloroform
2614 1913 59 21 was
2701 1914 51 20 con-

2135 1944 105 32 cluded
2255 1945 109 37 to-day,
2380 1945 85 31 when
2481 1946 50 32 the
2543 1946 69 41 jury
2621 1947 149 40 acquitted

2137 1987 49 33 the
2201 1988 141 40 prisoner.

2176 2032 62 33 The
2253 2031 162 43 Tongariro
2430 2033 114 32 arrived
2565 2037 30 29 at
2610 2033 160 42 Plymouth

2137 2077 59 31 this
2220 2077 139 40 morning
2373 2078 71 30 with
2458 2077 54 33 her
2536 2082 80 28 meat
2639 2079 32 30 in
2696 2079 74 40 good

2136 2120 159 33 condition.

2176 2164 62 31 Her
2253 2163 153 44 Majesty's
2425 2164 218 33 Governments
2656 2164 55 33 has
2726 2175 30 22 as-

2136 2209 102 31 sorted
2253 2212 30 28 to
2297 2209 51 31 the
2362 2209 136 40 proposal
2519 2214 54 35 put
2594 2210 125 31 forward
2733 2209 37 43 by

2136 2251 51 31 the
2202 2251 141 37 Khedive,
2360 2252 65 31 that
2450 2252 37 32 he
2502 2252 106 32 should
2629 2253 141 40 despatch

2136 2305 17 21 a
2167 2295 132 41 delegate
2314 2298 30 29 to
2360 2295 95 43 Wady
2476 2295 92 33 Haifa
2589 2296 30 33 in
2640 2298 85 31 order
2740 2304 30 26 to

2137 2341 76 30 treat
2227 2338 71 34 with
2313 2339 51 33 the
2378 2340 80 33 rebel
2474 2340 94 32 Arabs
2583 2340 44 33 for
2642 2352 16 21 a
2676 2353 77 21 cessa-

2137 2383 64 35 tion
2215 2385 32 33 of
2258 2383 168 35 hostilities.
2465 2411 5 6 .

2437 2430 129 35 Athens,
2584 2430 82 40 April
2682 2432 47 31 20.

2177 2470 62 34 The
2254 2473 99 40 troops
2377 2472 172 42 composing
2572 2473 51 33 the
2638 2473 132 42 garrison

2137 2516 33 31 of
2180 2516 60 31 this
2254 2517 59 42 city
2326 2516 75 33 have
2417 2517 74 31 been
2506 2519 121 31 ordered
2650 2522 31 28 to
2705 2529 48 30 pro-

2137 2560 69 32 ceed
2221 2562 29 30 to
2265 2560 51 33 the
2331 2560 131 33 frontier.

2315 2613 58 32 San
2395 2613 171 39 Francisco,
2584 2614 82 41 April
2681 2616 48 32 20.

2175 2656 64 33 The
2273 2657 144 32 Alameda
2450 2658 114 33 arrived
2591 2659 69 32 here
2695 2661 75 30 from

2136 2700 154 32 Auckland
2312 2712 39 21 on
2375 2701 51 33 the
2449 2702 72 32 18th
2541 2703 123 33 instant.
2707 2705 63 31 The

2135 2743 137 35 Mararoa
2286 2745 52 33 left
2361 2745 44 33 for
2420 2746 71 32 New
2514 2746 131 33 Zealand
2660 2758 39 22 on
2719 2748 51 33 the

2137 2788 71 32 17th
2222 2788 115 32 instant
2351 2793 31 27 at
2396 2793 17 27 8
2428 2800 74 29 p.m.

2354 2877 201 30 LATEST

2149 2924 374 41 AUSTRALIAN
2575 2926 175 41 NEWS.

2371 3034 195 38 Melbournk,
2583 3036 82 40 April
2681 3039 47 30 20.

2173 3077 63 32 The
2251 3077 155 33 Tarawera
2420 3078 91 33 sailed
2535 3080 59 32 this
2615 3080 152 33 afternoon

2131 3121 46 34 for
2191 3121 50 33 the
2256 3121 91 35 Bluff.

2436 3166 126 38 Sydney,
2578 3167 84 41 April
2678 3170 47 31 21.

2171 3209 28 32 It
2226 3209 56 33 has
2309 3209 75 34 been
2411 3212 183 32 ascertained
2622 3213 66 32 that
2715 3214 52 31 the

2131 3254 188 40 catastrophe
2347 3257 31 28 at
2406 3255 50 30 the
2481 3255 137 40 Lithgow
2641 3256 126 41 Colliery

2131 3306 60 24 was
2215 3300 53 30 not
2292 3297 56 33 due
2372 3299 31 32 to
2427 3309 39 21 an
2491 3299 152 42 explosion
2664 3300 31 33 of
2716 3300 51 32 fire

2131 3342 99 39 damp,
2246 3353 32 19 as
2303 3345 30 28 at
2355 3342 65 32 first
2443 3344 153 39 supposed,
2613 3344 53 31 but
2683 3347 31 28 to
2729 3355 38 20 an

2130 3384 146 35 immense
2290 3385 52 32 fall
2366 3386 32 33 in
2420 3386 51 33 the
2494 3387 145 41 workings
2665 3387 32 34 of
2718 3388 49 33 the

2131 3429 53 41 pit.

2171 3472 63 33 The
2255 3473 179 41 Legislative
2457 3474 155 39 Assembly
2634 3475 61 33 will
2719 3476 32 32 ad-

2128 3517 89 39 journ
2232 3519 44 28 for
2291 3518 50 30 the
2356 3519 108 29 Easter
2478 3519 134 40 holiday:*
2627 3520 75 30 from
2718 3520 49 30 the

2131 3560 80 31 22nd
2225 3563 31 30 to
2271 3560 72 33 28th
2358 3561 93 39 April.

2234 3653 120 30 NOTES
2374 3654 105 29 FROM
2500 3655 157 28 NELSON.

2202 3739 83 36 (from
2298 3746 56 22 OUR
2366 3747 61 21 OWN
2441 3740 254 38 CORRESPONDENT.)

2235 3823 56 20 THK
2311 3824 193 21 SNUFFKD-OUT
2524 3825 129 20 COUNCIL.

2166 3864 127 34 Borough
2308 3865 114 27 Council
2436 3868 113 26 matters
2571 3876 44 18 are
2629 3876 120 26 progress-

2132 3901 45 33 ing
2192 3911 63 25 very
2270 3902 139 35 favorably
2418 3904 59 32 just
2497 3912 71 23 now,
2589 3904 59 26 that
2661 3904 23 28 is
2695 3906 69 26 from

2131 3939 47 30 the
2208 3939 181 38 conspirators
2418 3939 79 38 point
2528 3941 30 29 of
2585 3941 77 29 view.
2707 3942 57 30 The

2131 3979 113 35 petition
2264 3979 42 27 for
2328 3980 45 25 the
2395 3979 131 28 abolition
2551 3981 29 26 of
2599 3980 46 29 tho
2667 3982 97 30 wards,

2131 4017 53 28 and
2209 4016 45 29 the
2278 4019 108 33 present
2406 4017 124 33 Council,
2543 4018 49 28 has
2606 4018 67 29 been
2697 4019 67 37 fully

2131 4055 94 34 signed
2248 4055 54 28 and
2323 4056 165 35 despatched
2507 4061 28 23 to
2556 4057 46 28 the
2624 4058 140 27 Governor

2131 4093 55 28 this
2199 4093 84 30 week,
2297 4096 54 25 and
2363 4094 29 28 in
2405 4094 52 28 due
2471 4104 95 19 course
2585 4096 46 29 the
2652 4097 112 28 Gazette

2131 4132 89 29 notice
2250 4132 55 29 will
2335 4142 111 27 appear,
2471 4133 55 29 and
2551 4135 66 27 thou
2643 4145 15 18 a
2689 4136 72 28 fresh

2131 4170 115 28 election
2267 4170 57 28 will
2336 4179 77 19 come
2426 4170 45 28 off.
2509 4172 57 28 The
2589 4181 97 26 mayor
2709 4174 52 26 and

2131 4208 162 30 councillors
2318 4207 114 30 affected
2457 4212 28 26 to
2507 4214 69 26 treat
2602 4211 44 29 the
2673 4211 89 37 public

2131 4249 121 32 meeting
2264 4247 55 26 aud
2331 4248 35 26 its
2375 4256 148 19 conveners
2533 4249 66 27 with
2611 4254 148 31 contempt,

2131 4284 55 29 and
2210 4285 59 28 said
2283 4284 45 29 the
2348 4285 88 28 whole
2455 4285 78 34 thing
2555 4286 90 29 would
2668 4287 52 29 end
2734 4288 27 28 in

2131 4332 16 18 a
2160 4323 84 27 bottle
2256 4323 30 27 of
2296 4322 104 33 smoke,
2413 4323 59 30 but,
2486 4333 30 17 as
2529 4324 14 26 I
2557 4325 88 26 stated
2659 4325 99 32 before,

2132 4359 45 29 the
2190 4363 100 25 matter
2302 4369 56 18 was
2370 4360 28 28 in
2413 4360 45 28 the
2471 4360 88 28 hands
2578 4362 30 27 of
2624 4371 62 19 men
2701 4363 60 28 who

2131 4407 70 19 were
2211 4400 48 26 not
2271 4397 85 36 easily
2366 4397 117 29 baulked
2495 4398 79 29 when
2586 4399 65 36 thoy
2660 4400 103 29 started

2130 4445 36 19 on
2191 4445 16 19 a
2231 4436 203 36 revolutionary
2456 4437 155 37 campaign,
2636 4439 63 34 and,
2726 4440 24 28 al-

2131 4475 104 34 though
2256 4475 65 35 they
2334 4475 69 28 have
2416 4475 67 28 been
2503 4485 65 26 very
2591 4477 83 36 quiet,
2697 4479 67 34 they

2130 4513 69 26 havo
2221 4515 29 24 at
2271 4512 47 28 the
2331 4521 76 18 same
2420 4513 67 27 time
2505 4522 70 25 gone
2594 4514 83 29 about
2690 4515 71 28 their

2131 4550 73 29 work
2225 4550 28 28 in
2275 4560 16 18 a
2306 4559 64 28 very
2385 4549 134 39 thorough
2544 4562 122 23 manner,
2681 4555 54 28 and
2751 4554 10 28 1

2130 4589 80 27 think
2231 4589 62 27 that
2314 4589 76 27 there
2403 4591 23 25 is
2441 4598 64 26 very
2525 4590 69 27 little
2617 4591 83 28 doubt
2715 4593 48 27 but

2131 4626 65 37 they
2217 4626 55 30 will
2293 4627 28 27 in
2345 4626 46 28 the
2404 4626 65 37 long
2480 4636 52 20 run
2552 4631 45 30 get
2610 4629 75 28 what
2698 4630 65 36 they

2130 4670 83 23 want.
2249 4665 58 28 The
2328 4664 66 28 time
2417 4666 29 26 of
2464 4666 45 27 the
2528 4666 52 27 last
2600 4668 123 35 meeting
2735 4668 29 28 of

2131 4703 47 29 the
2199 4702 107 30 council
2327 4711 55 20 was
2405 4702 81 29 taken
2500 4711 36 28 up
2556 4703 35 36 by
2605 4704 46 28 the
2664 4714 98 27 mayor

2131 4741 54 29 and
2199 4741 138 29 members
2349 4741 141 32 inventing
2510 4751 110 20 excuses
2638 4744 40 28 for
2692 4743 71 30 their

2131 4780 120 33 defence,
2272 4779 47 28 but
2333 4779 66 36 they
2411 4790 70 17 were
2495 4790 63 26 very
2577 4781 111 34 hollow,
2707 4783 54 28 and

2131 4828 16 18 a
2162 4819 82 28 series
2257 4818 29 28 of
2295 4818 92 27 letters
2400 4819 70 26 from
2485 4818 43 27 Mr
2540 4819 75 27 John
2628 4820 132 34 Graham,

2132 4857 88 28 which
2251 4856 70 29 have
2351 4856 135 37 appeared
2517 4858 55 27 this
2596 4858 84 34 week,
2711 4859 50 28 has

2131 4894 101 29 broken
2246 4904 37 27 up
2296 4894 70 28 their
2378 4895 174 27 contentions
2566 4896 54 27 and
2632 4897 49 27 left
2697 4906 66 26 very

2131 4932 70 30 little
2213 4941 77 21 room
2304 4933 41 28 for
2357 4932 77 28 them
2447 4936 27 25 to
2488 4933 85 35 reply.

2312 5017 105 20 SECRET
2431 5017 149 21 SOCIETIES.

2166 5057 14 28 I
2194 5057 113 36 darosay
2320 5066 16 19 a
2349 5056 69 36 good
2437 5066 85 26 many
2540 5057 31 28 of
2589 5067 47 26 my
2655 5058 108 28 readers

2131 5095 70 28 have
2214 5104 75 19 some
2302 5094 67 28 time
2382 5104 30 18 or
2424 5094 79 28 other
2512 5094 66 29 boen
2591 5096 135 28 members
2736 5097 30 26 of

2131 5143 76 19 some
2229 5133 99 29 benefit
2340 5142 31 18 or
2384 5136 85 25 secret
2491 5133 110 37 society.
2638 5134 54 28 For
2704 5143 38 28 my-

2131 5172 54 29 self
2195 5172 13 28 I
2222 5182 50 19 can
2285 5172 81 29 claim
2385 5175 28 25 to
2427 5171 71 29 have
2514 5172 66 29 been
2599 5172 120 30 enrolled
2733 5175 29 27 in

2132 5212 85 31 three,
2237 5211 55 27 and
2311 5220 66 25 vory
2397 5219 68 19 near
2485 5211 29 26 in
2533 5211 68 32 four,
2622 5221 29 17 so
2666 5212 14 26 I
2694 5212 69 28 have

2131 5248 54 29 had
2200 5257 36 20 an
2248 5247 104 38 insight
2370 5249 59 27 into
2451 5247 46 29 the
2518 5247 78 29 inner
2615 5252 100 25 secrets
2735 5249 30 29 of

2132 5297 76 20 some
2220 5287 101 37 lodges.
2357 5287 78 37 They
2448 5287 36 29 all
2504 5287 81 30 claim
2605 5292 27 25 to
2654 5288 32 29 be
2699 5299 47 19 con-

2133 5327 118 28 structed
2258 5337 35 18 on
2300 5327 47 28 the
2357 5336 75 19 same
2441 5327 162 29 foundation
2615 5336 6 19 :
2636 5328 110 28 Brother-

2133 5365 71 29 hood
2218 5366 52 28 and
2284 5366 60 28 love
2357 5365 42 29 for
2411 5375 50 18 our
2473 5365 88 30 fellow
2582 5376 63 18 men
2655 5374 5 6 *
2681 5367 54 28 and
2749 5376 15 19 a

2134 5414 64 27 very
2223 5404 171 28 meritorious
2418 5404 66 27 kind
2510 5405 30 28 of
2558 5405 160 28 foundation
2744 5406 21 27 it

2133 5444 31 32 is,
2178 5442 23 28 if
2211 5443 65 35 only
2289 5442 103 29 carried
2405 5443 29 27 in
2447 5441 35 30 its
2495 5442 139 38 integrity.
2673 5444 69 28 More-

2134 5491 72 24 over,
2227 5482 77 28 there
2326 5482 23 28 is
2370 5491 16 18 a
2399 5482 112 28 distinct
2523 5482 102 28 benefit
2645 5482 29 28 iu
2697 5483 67 27 such

2134 5520 123 29 societies
2269 5530 29 18 as
2312 5519 45 30 the
2371 5519 166 29 Oddfellows
2547 5520 55 28 and
2616 5520 147 35 Foresters,

2133 5559 29 27 iu
2192 5559 48 28 the
2269 5557 153 38 provisions
2453 5558 81 28 made
2565 5559 40 27 for
2635 5559 129 32 sickness,

2133 5595 93 35 death,
2239 5597 54 27 and
2306 5595 111 29 widows
2436 5596 55 28 and
2510 5597 129 35 orphans.
2676 5597 87 28 These

2134 5633 114 32 benefits
2272 5645 45 19 are
2342 5634 134 35 material,
2500 5635 55 29 and
2580 5645 45 23 are
2651 5635 35 29 all
2718 5636 45 28 the

2135 5684 74 18 more
2223 5675 96 28 valued
2331 5674 114 27 because
2465 5674 65 36 they
2552 5684 44 19 are
2618 5675 148 27 attainable

2135 5716 27 23 at
2174 5713 47 26 the
2234 5713 80 26 times
2326 5712 80 27 when
2420 5711 64 35 they
2497 5722 45 17 are
2563 5715 71 26 most
2653 5711 112 28 needed.

2135 5749 55 28 But
2215 5750 46 28 the
2286 5749 138 36 brotherly
2448 5748 60 28 love
2535 5749 54 29 and
2615 5750 85 28 moral
2726 5754 26 24 at-

2134 5789 114 27 tributes
2260 5789 66 35 they
2338 5787 79 29 allect
2432 5788 30 28 in
2476 5788 71 28 their
2559 5789 95 27 rituals
2668 5788 69 28 have
2751 5798 15 18 a

2134 5826 184 28 considerable
2330 5830 115 23 amount
2460 5826 30 27 of
2499 5825 67 29 bosh
2585 5826 83 28 about
2682 5828 83 26 them.

2135 5863 26 30 It
2173 5864 24 29 is
2210 5873 61 21 now
2283 5872 64 22 over
2361 5866 103 34 twenty
2476 5872 80 28 years
2575 5865 73 29 since
2671 5865 14 28 I
2709 5864 57 30 first

2805 237 90 37 joined
2911 248 15 17 a
2937 241 83 24 secret
3033 238 110 31 society.
3183 237 74 28 F.ven
3269 237 75 28 then.
3358 246 43 24 gvr-
3406 247 12 9 c
3422 246 13 18 n

2807 287 29 17 as
2855 277 9 27 [
2888 287 55 17 was
2957 277 26 28 in
3000 276 44 29 the
3067 286 73 19 wava
3160 276 29 29 of
3205 276 102 29 human
3333 285 102 20 nature,

2806 316 21 25 it
2841 314 91 28 struck
2956 325 52 21 me,
3032 315 97 31 during
3151 316 45 25 the
3212 324 106 26 process
3341 319 26 22 ot
3390 323 46 24 my

2807 353 80 36 being
2900 353 146 29 converted
3060 353 68 29 from
3144 363 33 18 an
3196 352 47 30 ord
3257 363 66 25 nary
3339 351 96 30 mortal

2806 393 58 26 into
2878 402 52 17 one
2942 393 30 27 of
2983 393 44 26 the
3041 392 111 31 chos'en,
3172 393 59 26 that
3246 393 44 26 the
3305 392 132 36 promises

2806 431 127 34 expected
2958 430 70 28 from
3054 438 53 24 me,
3132 429 54 28 and
3217 429 45 28 the
3295 426 139 31 beneficial

2806 469 98 28 results
2918 469 87 28 which
3020 479 70 18 wore
3102 467 127 39 expected
3245 475 25 22 to
3285 468 90 30 follow
3389 478 47 26 my

2806 509 150 27 traslation,
2980 518 69 17 were
3067 509 58 34 ju-4
3139 518 15 17 a
3172 509 69 26 little
3257 509 45 26 too'
3320 513 74 29 strep
3408 513 27 19 to

2806 542 32 32 be
2859 546 163 28 swallowed,
3062 548 52 25 lint
3137 546 13 26 I
3174 553 54 21 was
3243 556 29 16 so
3294 554 142 20 overcome

2806 584 65 28 with
2898 584 46 28 the
3187 596 16 16 o
3242 584 45 28 the
3320 584 115 28 banners

2806 622 52 26 and
2873 622 46 28 the
2939 622 90 36 gaudy
3048 622 78 29 attire
3139 621 29 29 of
3184 631 47 21 my
3251 622 88 32 newly
3354 622 80 27 found

2806 660 127 28 brethren
2949 661 50 27 and
3015 661 47 27 the
3085 661 158 33 high-flown
3266 661 132 33 language
3412 662 24 25 of

2807 699 45 28 the
2867 699 157 36 worshipful
3047 700 214 27 lecture-master
3282 700 11 27 I
3309 700 78 27 think
3402 699 21 28 he-

2807 747 55 17 was
2874 738 96 30 called,
2986 739 43 33 (he
3043 748 55 17 was
3111 748 15 17 a
3140 739 123 27 drunken
3276 739 66 26 little
3356 738 79 27 tailor

2807 774 28 28 in
2855 772 127 39 ordinary
3004 776 55 33 life)
3081 775 60 28 that
3165 776 10 26 1
3200 776 45 26 did
3267 782 48 22 nut
3334 776 62 27 take
3410 777 24 25 in

2806 813 47 29 the
2864 814 87 29 whole
2962 814 123 29 business
3096 813 45 30 the
3153 815 57 28 first
3222 814 85 35 night.
3339 814 90 29 Before

2807 853 114 28 another
2944 854 76 34 lodge
3041 854 78 31 night
3132 863 76 18 came
3230 864 33 16 on
3280 854 12 26 I
3318 859 69 22 went
3410 858 24 24 to

2806 889 47 28 the
2869 890 74 29 West
2955 892 83 26 Coast
3050 892 73 30 rush,
3137 891 54 27 and
3205 891 44 27 did
3270 897 44 21 not
3334 900 43 18 see
3391 890 38 28 tin

2806 928 87 29 inside
2918 929 30 29 of
2968 939 17 19 a
3009 929 157 34 lodgerooni
3198 932 42 26 for
3269 930 82 28 about
3382 934 52 24 two

2807 977 87 23 years,
2919 967 48 28 but
2989 969 63 35 pail
3075 977 43 25 my
3138 968 198 27 contributions
3356 968 52 27 like
3422 987 12 8 «.

2808 1005 81 28 lamb.
2939 1007 45 32 So,
3011 1007 79 33 being
3113 1016 66 18 near
3210 1016 47 27 my
3283 1007 77 34 loige
3385 1016 45 19 om

2806 1043 79 37 night
2900 1045 12 28 I
2923 1045 118 36 thought
3053 1045 13 28 I
3075 1045 97 28 should
3182 1047 59 26 visit
3253 1056 44 24 my
3307 1045 126 29 brethren

2807 1083 53 26 and
2874 1092 44 17 see
2930 1083 74 26 what
3017 1089 56 20 sort
3086 1084 30 25 of
3125 1092 35 17 an
3175 1083 165 26 investment
3355 1083 12 26 I
3379 1083 54 27 had

2807 1118 89 31 made.
2933 1120 14 28 I
2969 1119 56 30 had
3038 1128 75 20 some
3135 1119 132 39 difficulty
3290 1120 26 28 in
3331 1120 104 37 getting

2808 1158 36 33 in,
2869 1157 42 31 for
2933 1158 36 30 all
2994 1159 46 29 the
3066 1159 177 29 instructions
3273 1169 29 19 as
3332 1166 28 22 to
3392 1160 36 28 tin

2806 1195 117 30 number
2935 1198 30 27 of
2975 1196 103 30 knocks
3099 1207 36 18 on
3156 1198 46 28 the
3222 1197 74 34 door,
3316 1198 54 28 and
3391 1197 46 30 the

2806 1235 139 31 cabalistic
2969 1237 89 29 words
3081 1241 29 25 to
3140 1236 32 29 be
3196 1236 106 29 uttered
3332 1242 28 23 to
3391 1236 45 30 the

2808 1275 103 27 warder
2934 1284 31 19 or
2989 1275 79 36 tyler,
3093 1284 31 18 or
3147 1275 140 27 whatever
3311 1275 42 27 his
3376 1275 60 28 title

2807 1322 64 24 was,
2885 1322 70 20 were
2967 1313 78 30 clean
3056 1315 34 27 fOl
3096 1318 100 31 gotten,
3208 1313 209 28 notwithstand-

2806 1352 47 34 ing
2866 1362 47 26 my
2934 1352 105 27 solemn
3053 1353 80 25 oaths
3146 1361 34 17 on
3194 1361 47 25 my
3260 1352 136 27 initiation
3410 1357 27 23 to

2806 1390 125 29 recollect
2943 1390 162 36 everything
3128 1390 88 27 which
3231 1390 54 27 had
3304 1390 66 27 boon
3383 1391 32 26 im-

2807 1430 93 33 parted
2926 1435 27 21 to
2977 1437 54 19 me.
3069 1430 45 30 bo,
3139 1429 102 30 having
3265 1428 100 33 gained
3389 1428 30 27 ad-

2805 1466 141 32 mittance,
2973 1466 13 27 I
3010 1466 47 27 felt
3083 1475 16 17 a
3122 1465 107 27 morbid
3254 1466 130 34 curiosity
3410 1470 26 22 to

2806 1503 80 29 know
2910 1505 74 27 what
3003 1513 57 19 was
3079 1505 81 32 going
3185 1511 44 19 on.
3267 1504 87 27 There
3380 1503 53 28 had

2805 1541 139 35 evideutly
2957 1541 66 27 been
3036 1550 16 17 a
3065 1541 124 34 question
3208 1540 30 27 of
3254 1540 182 26 brothorhood

2805 1588 45 24 on,
2864 1578 90 29 which
2970 1588 46 26 my
3034 1584 128 23 entrance
3186 1577 54 29 had
3260 1577 176 37 temporarily

2806 1617 177 37 interrupted,
3005 1617 48 28 but
3075 1626 36 18 on
3132 1617 80 33 being
3233 1616 149 28 instructed
3408 1620 26 24 to

2805 1659 49 34 put
2867 1665 47 28 my
2926 1655 88 37 finger
3027 1661 27 23 to
3067 1664 47 28 my
3128 1664 17 20 11
3155 1665 38 18 )se
3206 1654 54 29 and
3274 1653 59 30 bow
3347 1660 28 22 to
3388 1654 47 29 the

2805 1694 105 29 officers
2932 1696 14 26 I
2968 1695 47 27 did
3027 1704 39 22 so,
3081 1694 54 26 and
3149 1694 63 27 took
3234 1703 47 25 my
3302 1699 66 23 seat,
3383 1693 53 27 and

2806 1732 46 30 the
2876 1732 153 29 discussiou
3053 1741 56 19 was
3134 1731 133 28 resumed.
3318 1731 116 29 Brother

2805 1771 84 27 Jones
2913 1772 102 32 having
3037 1771 48 26 the
3113 1771 76 29 floor,
3215 1779 54 17 was
3295 1771 138 30 evidently

2806 1816 65 29 very
2895 1807 96 38 highly
3010 1812 96 26 strung
3125 1816 36 18 oil
3186 1806 43 28 his
3248 1806 114 35 subject,
3383 1806 54 28 and

2806 1857 55 20 was
2890 1848 29 29 in
2951 1848 47 29 the
3022 1847 103 30 middle
3149 1845 30 30 of
3200 1856 15 19 a
3241 1856 64 27 very
3330 1845 105 30 excited

2806 1887 148 33 harangue,
2967 1887 81 26 when
3060 1886 117 27 Brother
3187 1886 97 25 Brown
3295 1893 68 22 rose,
3375 1885 62 31 and,

2806 1923 118 29 without
2944 1923 88 29 either
3051 1924 110 34 putting
3182 1922 42 27 his
3245 1921 87 36 finger
3343 1927 27 23 to
3396 1922 41 28 his

2806 1971 65 18 nose
2902 1971 31 19 or
2962 1962 119 35 saluting
3106 1961 46 27 the
3179 1961 76 27 chair
3279 1960 158 32 exclaimed,

2835 1999 117 29 Brother
2958 1999 84 29 Jones
3052 1999 22 28 is
3083 2009 16 17 a
3108 1998 168 35 sanguinary

2806 2039 66 35 only
2904 2039 33 28 he
2966 2039 90 27 did'ut
3079 2048 49 26 say
3408 2047 29 18 or

2807 2081 17 11 '*
3012 2077 49 27 but
3083 2075 155 35 something
3259 2076 106 27 shorter
3385 2075 52 28 and

2807 2124 75 19 more
2896 2115 161 37 expressive,
3071 2115 55 27 and
3147 2113 117 28 Brother
3286 2113 101 29 Brown
3400 2122 24 20 re-

2808 2153 96 32 torted,
2964 2155 94 33 you're
3262 2152 58 27 The
3351 2151 71 28 chair-

2807 2201 67 20 man
2899 2191 64 39 kept
2987 2191 44 29 his
3055 2191 96 30 mallet
3174 2190 82 38 going
3283 2195 28 24 to
3335 2194 101 26 restore

2807 2230 87 33 order,
2925 2230 48 28 but
3002 2230 48 28 the
3079 2230 140 34 brotherly
3248 2228 60 28 love
3339 2230 29 25 of
3390 2230 47 27 the

2807 2268 95 36 eighty
2914 2267 46 30 old
2973 2268 132 31 maniacs,
3119 2265 61 31 who
3202 2275 71 20 were
3293 2266 143 37 spreading

2807 2306 105 30 human
2925 2306 149 44 sympathy
3086 2306 55 29 aud
3155 2305 52 29 bad
3226 2305 142 36 language,
3382 2315 55 19 was

2807 2348 44 26 too
2875 2345 84 29 much
2984 2346 42 28 for
3046 2346 68 28 him.
3152 2345 14 28 I
3187 2348 47 33 got
3255 2349 27 23 to
3295 2345 47 28 the
3363 2344 74 33 door,

2806 2385 48 29 but
2878 2385 47 29 the
2946 2386 103 37 janitor
3067 2385 59 30 said
3147 2385 13 29 I
3179 2384 122 30 could'nt
3322 2392 46 26 get
3389 2389 47 24 out

2806 2425 117 27 without
2944 2426 46 25 the
3012 2424 146 36 password.
3195 2423 14 26 I
3235 2423 64 27 took
3321 2423 58 27 him
3402 2423 35 34 by

2806 2462 46 30 the
2866 2461 83 30 scruff
2956 2461 31 30 of
2996 2461 45 30 the
3052 2461 68 30 neck
3127 2460 55 30 and
3194 2460 96 38 passed
3302 2460 3 38 -
3318 2468 29 22 u.
3361 2461 47 30 wit
3419 2470 9 17 i-

2805 2508 49 23 out
2866 2502 46 28 the
2925 2501 83 32 word,
3022 2501 54 28 and
3090 2502 69 27 have
3172 2500 64 36 kept
3248 2500 72 27 clear
3335 2500 30 27 of
3374 2502 62 27 that

2806 2540 147 36 particular
2977 2540 103 34 society
3104 2540 82 27 since.
3225 2539 78 28 Since
3328 2538 66 29 then
3420 2538 13 28 I

2806 2578 69 28 have
2889 2578 90 36 joined
2991 2583 55 24 two
3059 2578 78 28 other
3146 2582 86 24 secret
3243 2577 132 32 societies,
3386 2586 50 19 one

2806 2617 30 29 of
2857 2617 77 29 them
2955 2616 81 37 being
3060 2616 46 30 the
3131 2616 77 28 Good
3233 2614 151 39 Templars.
3422 2614 12 29 I

2806 2656 54 28 will
2874 2663 47 21 not
2934 2666 34 25 go
2980 2666 56 26 any
3057 2654 106 29 further
3181 2656 58 26 iuto
3259 2654 95 28 details
3368 2654 67 28 thau

2806 2698 28 25 to
2859 2704 49 27 say
2934 2695 66 35 they
3025 2694 65 28 both
3116 2693 116 29 claimed
3259 2693 66 34 high
3351 2693 86 27 moral

2806 2734 172 37 aspirations,
2993 2732 55 30 and
3060 2732 66 28 both
3140 2731 166 36 lamentably
3316 2730 81 29 failed
3410 2731 27 28 in

2806 2773 110 34 putting
2946 2772 76 27 them
3052 2773 59 26 into
3135 2771 128 35 practical
3288 2769 86 28 effect.
3423 2770 13 27 I

2808 2818 72 29 may,
2895 2809 125 38 perhaps,
3033 2813 95 31 except
3140 2808 47 29 the
3205 2807 78 28 Good
3297 2806 140 37 Templars

2806 2847 29 30 in
2860 2858 51 20 one
2937 2852 113 30 respect.
3087 2847 59 28 The
3167 2847 105 34 gentler
3297 2856 47 19 sex
3367 2855 70 19 wore

2806 2887 134 28 admitted
2965 2887 86 32 there,
3076 2886 54 28 and
3152 2885 58 30 lent
3233 2894 16 20 a
3271 2884 104 29 further
3394 2884 26 29 iu-

2806 2929 106 25 ceutive
2933 2928 29 26 to
2981 2929 159 28 arguments
3161 2933 36 18 on
3217 2922 150 30 assthetical
3380 2921 55 29 aud

2806 2962 206 30 humanitarian
3037 2961 127 38 subjects,
3188 2961 59 29 ami
3274 2961 77 28 there
3382 2969 55 19 was

2806 3002 102 36 always
2939 3002 47 28 the
3017 3001 49 28 fun
3090 3001 30 27 of
3146 3000 136 34 escorting
3313 3009 16 18 a
3359 2999 78 28 sister

2806 3039 98 33 home;
2923 3039 49 29 but
2993 3047 67 19 cvm
3080 3037 99 29 female
3201 3038 160 27 attractions
3384 3037 53 26 and

2806 3077 155 34 moonlight
2979 3075 87 29 walks
3086 3084 70 19 were
3177 3080 47 23 not
3246 3074 134 30 sufficient
3398 3083 26 19 in-

2805 3115 161 29 ducements
2987 3115 41 28 for
3046 3124 44 20 me
3112 3121 28 20 to
3154 3115 105 28 remain
3273 3114 65 28 with
3353 3113 84 31 them,

2805 3154 54 27 and
2873 3154 14 27 I
2900 3154 111 27 became
3024 3163 16 17 a
3049 3152 151 29 backslider
3210 3152 54 26 and
3278 3152 111 27 seceded
3403 3161 16 18 o
3431 3161 6 17 1

2806 3191 46 31 the
2865 3192 121 37 grouuda
2998 3190 61 33 that
3073 3191 45 30 the
3132 3190 93 30 doctor
3238 3189 113 31 ordered
3364 3189 30 29 it.

2892 3296 63 21 HOW
2973 3297 10 21 I
3001 3294 122 22 ESCAPED
3142 3294 209 22 FRKIiMASONRY.

2838 3337 76 28 After
2928 3338 75 27 throe
3017 3339 85 33 years'
3115 3336 158 34 experience
3284 3344 51 19 one
3349 3334 89 28 would

2805 3375 137 36 naturally
2958 3375 69 28 have
3040 3372 135 39 supposed
3188 3374 60 28 that
3269 3372 15 29 I
3304 3372 85 35 ought
3411 3377 27 24 to

2806 3414 68 28 have
2887 3414 53 28 had
2954 3413 108 37 enough
3075 3414 30 28 of
3115 3414 38 33 it;
3173 3412 48 29 but
3231 3413 54 28 fate
3307 3411 90 29 willed
3419 3411 19 29 it

2805 3452 151 29 otherwise.
3002 3454 24 26 A
3045 3461 65 26 year
3122 3461 30 19 or
3172 3457 54 23 two
3247 3450 158 28 afterwards
3424 3450 14 29 I

2805 3492 64 28 took
2883 3501 34 26 up
2932 3501 46 26 my
2993 3491 133 28 residence
3140 3492 28 27 in
3181 3499 17 18 a
3220 3490 68 35 busy
3306 3488 130 29 southern

2806 3533 70 25 town
2892 3529 27 27 in
2938 3528 86 28 which
3047 3537 69 19 were
3138 3535 53 21 two
3211 3527 93 33 lodges
3326 3526 30 28 of
3373 3527 65 27 Free

2805 3567 54 29 and
2890 3565 127 38 accepted
3048 3565 121 30 Masons.
3223 3565 59 29 Ouo
3309 3567 28 26 of
3362 3566 76 27 these

2805 3605 100 34 lodges,
2920 3606 27 27 in
2967 3605 46 27 the
3035 3606 105 34 pursuit
3161 3604 30 29 of
3208 3603 141 34 brotherly
3370 3602 68 33 love,

2806 3643 52 30 had
2872 3647 46 31 got
2932 3653 15 18 a
2960 3643 38 28 bit
3012 3642 90 29 mixed
3115 3651 45 28 up,
3175 3641 53 30 and
3251 3641 76 28 there
3347 3648 54 20 was
3421 3650 16 19 a

2805 3692 98 24 savage
2929 3681 173 34 unrelenting
3123 3681 97 28 hatred
3241 3680 120 28 botweeu
3385 3683 52 23 two

2805 3720 115 29 sections
2934 3720 26 27 in
2976 3725 53 22 Luis
3042 3718 78 37 lodge
3133 3717 89 31 which
3234 3715 160 31 threatened
3405 3716 33 28 its

2805 3760 148 29 extinction
2982 3769 30 19 or
3037 3758 152 38 disruption
3213 3767 30 19 or
3268 3767 76 18 some
3368 3756 66 28 such

2803 3797 141 36 calamity.
2991 3798 57 26 The
3060 3796 159 37 worshipful
3232 3800 102 24 master
3345 3795 30 26 of
3392 3794 46 28 the

2803 3836 78 34 lodge
2914 3845 54 21 waa
2998 3845 15 20 a
3037 3833 83 33 chum
3144 3836 29 29 of
3195 3835 83 34 niiue,
3303 3831 55 32 and
3382 3840 56 23 was

2802 3876 114 28 anxious
2930 3882 26 21 lo
2970 3875 68 29 have
3052 3884 44 18 me
3109 3875 79 28 made
3202 3885 15 17 a
3229 3883 106 22 mason,
3357 3881 30 18 so
3407 3887 31 19 as

2803 3916 27 23 to
2854 3912 69 28 have
2943 3921 43 18 me
3012 3920 29 21 as
3066 3916 135 31 secretary
3226 3911 54 28 and
3304 3908 134 34 mediator

2803 3950 120 30 between
2937 3950 45 30 the
3001 3958 131 30 opposing
3154 3949 125 30 factions,
3325 3949 44 29 lie
3391 3956 43 33 ap.

2803 3988 136 37 predated
2964 3998 46 26 my
3036 3988 151 36 amiability
3212 3989 29 27 of
3264 3986 169 38 disposition,

2802 4028 46 28 did
2864 4027 101 30 Master
2978 4028 78 33 Tom,
3069 4026 54 30 and
3136 4026 63 38 kopt
3212 4036 36 20 on
3264 4027 41 29 for
3326 4029 110 28 months

2803 4068 123 35 pointing
2940 4072 46 22 out
3001 4069 44 25 the
3058 4075 84 26 many
3154 4066 134 35 spiritual
3302 4067 136 34 temporal

2802 4105 56 29 and
2868 4105 86 28 social
2965 4105 169 36 advantages
3145 4104 89 29 which
3246 4104 14 30 I
3273 4104 88 30 would
3371 4107 63 36 gain

2801 4144 36 34 by
2851 4144 143 32 becoming
3008 4154 15 18 a
3042 4151 102 21 mason.
3192 4144 48 34 My
3261 4144 107 28 readers
3391 4155 45 18 are

2802 4190 86 21 aware
2902 4181 61 29 that
2977 4181 10 28 I
3005 4181 106 36 usually
3125 4189 48 28 say
3186 4181 74 30 what
3274 4181 13 28 I
3302 4190 82 22 mean
3406 4184 27 28 in

2802 4221 127 28 tolerable
2954 4221 72 36 plain
3050 4219 88 34 Anglo
3161 4221 99 31 Saxon,
3282 4221 55 27 and
3360 4222 12 27 I
3390 4233 45 17 am

2801 4258 86 28 afraid
2902 4259 59 27 that
2972 4268 47 25 my
3031 4266 103 19 answer
3143 4261 27 24 to
3179 4257 36 28 all
3228 4257 74 28 these
3320 4257 116 39 alluring

2801 4296 116 36 pictures
2931 4296 33 27 ho
2979 4297 69 28 drew
3073 4295 122 28 sounded
3208 4305 65 26 very
3287 4296 83 29 iniuh
3384 4297 50 29 like

2801 4334 62 27 dam
2867 4339 51 23 rot.
2957 4335 62 31 But,
3033 4338 28 24 at
3073 4334 60 29 last,
3147 4342 36 18 on
3193 4342 52 18 one
3259 4333 77 36 lodge
3356 4336 79 35 night

2800 4372 34 28 he
2848 4372 101 35 caught
2962 4381 44 18 me
3020 4372 27 27 in
3062 4381 14 17 a
3088 4370 166 37 persuasiblo
3267 4371 99 29 humor
3379 4374 54 28 and

2801 4410 13 27 I
2829 4410 147 28 consented
2987 4414 27 24 to
3026 4419 32 22 go
3069 4409 117 33 through
3195 4409 47 29 the
3252 4409 83 29 dre;*d
3344 4411 90 29 ordeal

2800 4449 29 28 of
2839 4449 147 34 initiating.
3026 4449 54 29 Not
3093 4448 60 29 that
3167 4448 13 28 I
3194 4448 91 29 feared
3297 4449 21 29 it
3330 4450 85 30 much
3429 4452 5 28 I

2799 4488 41 27 for
2854 4488 46 27 tho
2913 4487 74 28 throe
3010 4487 125 35 previous
3156 4487 168 28 ceremonies
3344 4488 54 29 had
3419 4499 15 18 a

2801 4530 54 23 sort
2869 4525 30 28 of
2908 4525 149 28 convinced
3072 4534 43 18 me
3128 4524 61 28 that
3201 4524 117 37 nothing
3334 4526 102 30 serious

2799 4564 69 27 than
2883 4564 44 28 the
2941 4564 128 34 listening
3082 4571 27 22 to
3123 4573 17 18 a
3161 4563 39 28 lot
3220 4564 30 29 of
3268 4563 66 36 high
3353 4564 83 31 Uown

2799 4600 134 37 lauguage
2956 4602 53 26 and
3030 4602 45 28 the
3098 4601 119 36 promise
3240 4600 30 30 of
3288 4602 109 38 leading
3419 4614 16 19 a

2800 4639 86 29 moral
2902 4640 43 27 life
2968 4649 53 19 was
3046 4639 88 29 before
3149 4649 52 18 me.
3252 4640 140 34 Howover,
3407 4648 27 23 at

2801 4677 45 27 the
2864 4678 144 34 appointed
3024 4685 75 25 tune-,
3123 4678 13 26 I
3160 4677 99 28 turned
3280 4687 36 26 up
3337 4684 30 22 at
3388 4680 46 28 the

2799 4719 153 24 ante-room
2973 4715 53 29 and
3047 4716 75 28 there
3151 4714 84 29 found
3262 4715 75 30 throe
3365 4718 54 30 indi-

2799 4754 107 28 viduals
2919 4755 61 28 who
2994 4764 68 19 were
3081 4754 116 36 keeping
3218 4755 95 33 guard.
3355 4756 78 37 They

2799 4802 70 18 were
2878 4793 94 27 decent
2981 4793 109 34 enough
3102 4795 56 25 sort
3171 4793 26 26 of
3208 4792 110 32 fedows,
3330 4799 104 30 porters

2799 4830 54 28 and
2867 4830 127 28 shunters
3007 4840 35 18 on
3057 4831 46 29 the
3115 4830 122 36 railway.
3274 4830 77 35 They
3363 4842 69 21 were

2799 4868 116 36 keeping
2928 4869 86 34 guard
3027 4878 64 18 over
3113 4878 15 18 a
3139 4868 52 28 box
3212 4869 28 27 in
3262 4868 47 29 the
3330 4880 104 25 corner,

2799 4906 54 27 and
2877 4906 54 28 this
2953 4906 48 27 box
3026 4907 12 26 I
3062 4905 193 38 subsequently
3278 4906 157 32 discovered

2799 4953 55 20 was
2868 4944 45 30 the
2928 4944 137 30 wardrobe
3080 4944 158 37 containing
3250 4945 47 29 the
3316 4945 118 38 insignia

2799 4983 30 28 of
2852 4984 117 32 novices,
2996 4985 53 26 and
3081 4984 45 28 the
3159 4983 114 29 shunter
3302 4994 56 19 was
3388 4988 46 28 tho

2798 5021 160 37 worshipful
2982 5029 100 21 master
3094 5023 31 28 of
3142 5022 46 28 the
3208 5021 87 29 robes.
3341 5024 90 30 These

2800 5059 77 29 three
2907 5059 166 28 individuals
3104 5061 57 26 also
3191 5060 120 34 guarded
3341 5071 16 18 a
3382 5068 52 23 two

2799 5098 90 33 gallou
2904 5106 48 19 can
2975 5098 30 27 of
3021 5098 64 27 beer
3103 5098 55 27 and
3179 5106 76 19 some
3276 5098 82 29 bread
3380 5102 54 27 and

2800 5136 105 28 cheese.
2951 5135 89 29 There
3055 5145 71 20 were
3140 5146 15 19 a
3168 5135 96 37 couple
3276 5137 31 28 of
3325 5140 110 36 cavalry

2799 5174 104 31 swords
2939 5174 77 30 there
3052 5175 66 34 also,
3149 5174 55 30 and
3228 5174 81 37 being
3334 5177 29 30 in
3388 5179 46 29 the

2800 5222 147 26 yeomanry
2966 5217 28 25 at
3011 5213 48 29 the
3078 5215 76 31 tini<\
3176 5223 41 18 we
3237 5213 100 29 whiled
3356 5225 78 26 away

2801 5251 47 28 the
2860 5249 112 40 fleeting
2993 5256 138 24 moments
3151 5251 35 36 by
3208 5251 148 38 practising
3375 5258 59 26 cuts

2800 5289 55 30 and
2867 5290 101 37 guards
2985 5290 41 30 till
3046 5291 48 29 the
3116 5291 78 36 lodge
3213 5299 56 21 was
3290 5293 84 38 ready
3394 5294 41 30 for

2801 5331 142 33 operating
2955 5339 37 20 on
3005 5338 53 26 me,
3071 5330 88 36 filling
3180 5339 37 29 up
3238 5331 47 28 the
3304 5332 132 31 intervals

2801 5368 30 29 of
2839 5378 17 20 o
2867 5378 22 18 ir
2900 5370 117 28 exercise
3030 5369 67 29 with
3115 5379 46 20 occ
3169 5368 126 38 tsionally
3317 5371 119 39 blowing

2802 5407 46 27 the
2862 5407 71 27 froth
2949 5407 38 28 off
2998 5407 46 29 tho
3058 5417 108 27 pewter.
3203 5409 78 26 Time
3298 5414 74 25 went
3390 5421 45 24 on,

2802 5445 55 28 and
2871 5444 46 29 the
2930 5444 63 29 beer
3005 5454 72 26 grew
3090 5446 53 29 less
3164 5447 55 28 and
3239 5446 54 30 less
3313 5449 55 28 and
3390 5449 46 30 the

2803 5493 51 19 can
2867 5494 56 18 was
2935 5485 190 36 replenished;
3146 5486 78 27 when
3237 5495 16 18 a
3275 5488 160 36 worshipful

2803 5522 156 36 something
2972 5532 30 19 or
3014 5523 79 28 other
3104 5533 77 19 came
3194 5530 48 23 out
3255 5527 30 29 of
3295 5526 46 29 the
3358 5527 78 37 lodge

2803 5570 78 18 room
2893 5561 55 27 and
2961 5560 115 28 shouted
3089 5567 48 23 out
3144 5562 93 28 orders
3247 5569 27 24 to
3323 5574 113 28 prepare

2804 5597 45 29 the
2862 5599 96 28 novice
2972 5599 40 28 for
3025 5599 136 29 initiation
3204 5601 58 36 jnst
3274 5608 29 24 at
3316 5603 46 29 the
3371 5605 66 27 time

2805 5637 45 29 tho
2864 5641 101 25 master
2978 5638 29 29 of
3019 5639 44 28 the
3078 5639 78 29 robes
3173 5640 55 30 and
3247 5644 101 36 myself
3368 5653 69 19 were

2805 5676 111 34 making
2941 5677 93 35 Bpnrks
3050 5679 35 33 ily
3100 5680 68 27 from
3190 5689 50 19 our
3260 5683 101 29 sabres,
3383 5683 55 27 and

2804 5723 30 18 as
2846 5723 66 18 soon
2927 5724 28 17 an
2971 5724 37 17 we
3022 5722 45 26 gut
3083 5716 93 27 breath
3192 5726 39 18 we
3244 5725 73 21 went
3330 5720 40 26 for
3391 5720 47 27 the

2804 5750 81 31 beer;
2916 5752 53 26 and
2996 5752 44 28 the
3069 5752 98 30 oiacial
3191 5754 70 30 from
3287 5756 47 29 the
3358 5757 79 34 lodge

2804 5799 75 18 room
2894 5790 90 34 joined
2999 5791 34 27 in.
3081 5793 80 27 Some
3183 5793 74 29 chaff
3275 5795 62 28 took
3362 5796 76 34 place

2805 5827 54 27 and
2872 5827 34 28 he
2919 5828 57 28 said
2989 5829 21 27 it
3025 5827 53 42 w.i,
3092 5829 62 27 Lime
3167 5834 78 30 ioget
3256 5833 81 36 ready
3353 5835 85 32 (more

2806 5866 70 34 beer)
2914 5865 61 29 Ami
2990 5867 66 29 then
3069 5868 45 28 the
3128 5875 101 23 master
3243 5872 29 27 of
3292 5872 45 28 the
3360 5874 78 26 robes

3475 235 133 29 unlocked
3630 235 45 28 tlie
3698 234 137 29 w.irdril>e
3858 235 54 27 and
3935 234 136 29 extracted
4094 243 15 19 a

3475 277 59 37 ptir
3548 276 29 27 of
3586 275 101 28 flannel
3703 275 159 28 nnmiMUinn
3875 275 74 28 ildes.
3964 275 52 28 ami
4040 284 67 22 gave

3475 315 72 26 them
3564 321 26 19 to
3606 322 43 18 me
3665 314 62 27 with
3743 314 90 26 orders
3855 319 26 21 to
3903 314 86 26 divest
4011 314 96 26 invsell

3475 352 29 29 of
3513 361 48 27 my
3571 352 122 29 clrttliiiis*
3713 351 53 29 and
3790 359 79 24 array
3893 350 97 38 myself
4011 351 29 30 in
4063 352 45 28 the

3473 392 124 27 fltunels.
3645 391 11 26 I
3672 387 62 31 hold
3750 391 45 26 the
3809 398 125 28 garment
3951 399 36 26 up
4008 391 34 34 by
4063 391 46 25 the

3473 428 150 29 waisibmd
3638 428 54 28 and
3707 424 144 32 intimated
3871 428 60 28 that
3953 428 64 37 they
4040 437 69 19 were

3472 470 54 36 just
3541 468 81 29 about
3637 468 72 37 largo
3722 468 108 35 enough
3846 468 40 28 for
3899 479 14 17 a
3927 467 54 29 fine
4002 467 105 29 tra'tled

3474 508 103 35 jockey,
3606 508 121 28 whereas
3753 508 13 27 I
3799 516 69 19 wove
3901 507 72 34 largo
4004 516 104 18 sevens.

3474 545 58 29 And
3548 545 65 29 then
3627 555 15 20 a
3656 546 50 27 few
3720 554 75 19 more
3809 554 56 19 wor
3880 545 86 37 hipful
3987 545 122 28 brothers

3473 595 75 18 come
3562 590 48 23 out
3630 587 28 26 ot
3679 585 47 28 the
3749 584 77 36 lodge
3849 594 76 18 room
3948 592 27 20 to
3998 592 111 28 enquire

3474 625 55 26 into
3544 623 44 27 the
3603 632 79 19 cause
3696 633 15 17 o
3739 623 81 35 delay
3843 623 126 35 (another
3988 623 63 27 be?r
4072 622 37 27 all

3474 663 105 32 round.)
3626 661 118 29 Further
3765 661 174 36 explanation
3962 658 124 32 followed
4101 670 5 18 :

3473 711 75 18 some
3561 701 29 27 of
3600 700 47 28 the
3660 700 54 28 fee
3728 710 34 18 an
3774 701 6 26 1
3795 700 126 37 accepted
3936 709 110 19 masons
4063 707 45 27 got

3474 749 84 24 nngry
3583 745 27 22 at
3631 740 74 26 what
3728 739 65 35 they
3818 738 104 31 termed
3972 747 48 26 my
4045 740 47 26 mis-

3475 776 92 35 placed
3581 777 85 36 levity
3674 786 35 19 on
3723 785 30 19 ro
3766 776 105 29 solemn
3894 785 35 18 an

3477 817 19 27 L.
3511 817 53 27 stiil
3579 815 113 34 holding
3706 816 46 29 the
3773 820 126 32 garment
3922 825 35 27 up
3983 822 26 22 to
4032 815 75 29 shew

3475 856 44 26 'he
3532 855 132 36 disparity
3679 856 30 27 of
3719 856 35 27 its
3778 854 172 36 proportion.-,
3974 859 26 22 to
4026 855 83 31 mine*

3484 902 75 24 »egan
3573 899 27 22 to
3614 893 50 28 feel
3679 892 66 29 riled
3759 898 27 22 at
3800 893 46 27 the
3860 888 141 40 absurdity
4014 892 30 28 of
4062 893 46 28 the

3485 931 159 34 »roceeding,
3674 931 55 29 and
3760 932 79 27 when
3872 931 66 35 they
3974 931 134 37 seriously

3476 973 109 25 insisted
3600 973 28 24 iu
3647 980 47 24 my
3714 971 107 35 peeling
3844 970 35 27 oil
3901 969 171 36 everything,
4099 971 8 26 I

3477 1008 82 30 rolled
3572 1009 45 29 the
3631 1008 116 29 flannels
3760 1018 36 27 up
3810 1008 58 29 into
3882 1017 16 19 a
3906 1007 53 29 ball
3970 1007 53 28 and
4032 1008 76 28 sided

3477 1048 73 29 them
3571 1055 28 21 at
3619 1048 46 28 the
3688 1049 111 27 noisiest
3821 1048 29 28 of
3865 1047 46 29 the
3934 1046 100 33 rabble,
4054 1047 53 28 and

3476 1086 93 31 fought
3593 1095 48 24 my
3667 1095 59 24 way
3752 1091 53 21 out.
3861 1086 73 25 That
3967 1094 47 24 my
4046 1085 62 27 detr

3475 1123 106 29 readers
3595 1132 21 20 is
3630 1123 59 28 how
3705 1122 111 35 Ijdidn't
3835 1121 110 30 become
3969 1131 15 19 a
4004 1130 104 21 mason.

3477 1164 79 27 Some
3570 1164 93 35 people
3678 1173 63 26 may
3755 1163 124 27 consider
3892 1163 13 26 I
3919 1173 45 17 am
3978 1162 86 35 guilty
4082 1163 27 27 of

3476 1216 14 14 .;
3503 1201 97 30 breach
3614 1201 30 29 of
3654 1201 127 36 privilege
3796 1200 29 29 in
3839 1201 64 28 thus
3916 1199 126 35 retailing
4061 1209 47 27 my

3478 1240 167 36 jXperioncco
3659 1243 27 25 iu
3699 1245 87 24 secret
3800 1239 131 31 societies,
3947 1241 46 27 but
4009 1242 11 25 i
4032 1240 76 29 don't

3475 1278 78 27 ihiuk
3590 1278 45 27 the
3673 1278 58 28 best
3764 1278 102 27 friends
3897 1278 54 26 and
3983 1285 126 20 wannest

3481 1323 151 31 .upporters
3646 1317 29 27 of
3684 1326 54 27 any
3752 1318 26 27 ot
3798 1317 75 28 them
3893 1316 55 29 will
3969 1316 71 35 deny
4061 1316 45 29 the

3474 1356 164 28 lamentable
3662 1362 114 20 amount
3800 1357 30 26 of
3858 1354 161 29 balderdash
4051 1355 45 28 tha
4101 1354 4 30 (

3481 1394 140 28 unrounds
3635 1393 85 28 them.
3771 1394 24 27 It
3809 1394 18 27 it
3842 1402 70 19 were
3926 1393 87 29 worth
4027 1393 80 30 while

3478 1432 9 25 [
3501 1432 79 26 could
3593 1441 33 22 go
3640 1440 36 18 on
3689 1432 39 26 for
3741 1442 16 16 a
3769 1432 85 26 dozen
3869 1432 125 26 column-,
4008 1441 35 17 on
4063 1433 45 25 tha

3485 1467 131 30 uisorablo
3646 1468 120 36 humbug
3792 1468 155 35 pertaining
3971 1472 27 25 to
4024 1469 83 28 them.

3481 1507 74 26 .Vhat
3574 1505 69 32 mnhX
3745 1516 64 24 may
3825 1507 68 26 have
3916 1507 70 26 done
4010 1507 29 27 in
4061 1508 44 25 tbt

3475 1549 57 21 oast
3547 1544 20 24 is
3582 1543 99 34 mostly
3695 1543 128 27 recorded
3839 1544 26 26 in
3880 1543 103 29 fiction,
3993 1551 75 18 some
4082 1544 26 27 ol

3473 1580 46 29 the
3532 1580 102 35 objects
3647 1580 54 28 and
3716 1582 69 26 aims
3799 1591 68 17 were
3882 1580 116 37 perhaps
4021 1581 86 27 suited

3473 1624 26 22 to
3514 1619 46 27 tho
3575 1619 101 29 middle
3690 1629 72 22 ages,
3774 1620 47 26 but
3835 1619 28 28 in
3877 1620 55 27 this
3950 1619 158 28 nineteenth

3473 1662 132 31 century;
3635 1658 28 28 iu
3694 1658 54 29 this
3773 1668 49 27 age
3854 1657 30 30 of
3906 1658 125 35 railways
4055 1659 53 27 and

3475 1697 171 34 telegraphs;
3673 1697 29 27 iu
3725 1697 53 26 this
3800 1705 130 18 common
3955 1706 77 18 sense
4053 1705 36 19 ma-

3473 1733 138 30 terialistic
3624 1734 92 36 period
3726 1735 30 28 of
3763 1735 44 28 tho
3820 1735 105 28 world's
4060 1735 44 28 the

3473 1773 78 26 tinsel
3567 1782 17 24 p
3594 1776 134 30 igeantry,
3743 1774 46 25 tho
3802 1778 125 28 pretence
3942 1774 29 25 of
3986 1773 105 27 brother-

3474 1808 79 32 hood,
3580 1809 55 29 and
3660 1809 46 29 the
3738 1811 83 36 aping
3851 1810 27 29 ui
3909 1809 129 39 morality
4063 1819 45 20 are

3475 1849 97 36 played
3586 1856 56 23 out.
3957 1851 116 29 KoKAitt.

3509 1944 223 33 HIGHWAYS
3758 1947 81 30 AND
3866 1947 198 31 BYEWAYS.

3642 2039 10 40 [
3665 2049 15 20 c
3687 2050 17 19 o
3711 2050 14 19 :>
3736 2050 15 20 i
3759 2050 16 20 b
3784 2050 7 19 i
3799 2050 15 19 n
3823 2050 15 21 u
3850 2051 13 20 r
3871 2046 75 35 ed.J

3513 2097 120 43 Having
3648 2099 104 41 passed
3763 2100 129 41 through
3907 2100 129 37 Recfton,
4052 2103 57 32 and

3473 2143 132 31 sounded
3619 2144 40 29 all
3676 2142 49 33 the
3748 2144 105 40 depths
3877 2145 57 30 and
3961 2145 96 32 shoals
4081 2148 29 30 of

3473 2186 116 34 honour
3599 2186 90 38 there,
3702 2188 14 32 I
3731 2187 185 35 interviewed
3929 2189 181 40 Boatman's,

3473 2231 59 31 and
3565 2232 91 30 found
3690 2232 115 40 mining
3840 2236 122 28 matters
3995 2234 115 40 looking

3473 2285 49 30 up,
3550 2275 59 31 and
3638 2274 64 33 that
3730 2285 18 22 a
3776 2276 78 32 fresh
3890 2277 58 32 tide
3977 2279 31 31 of
4030 2288 61 31 pros-

3473 2318 94 42 perity
3582 2330 60 21 was
3655 2320 147 40 predicted
3817 2320 32 32 in
3864 2332 16 20 a
3900 2322 53 32 few
3979 2322 129 33 months.

3476 2363 99 33 Under
3589 2363 73 34 such
3676 2363 167 35 conditions
3859 2366 21 32 it
3896 2377 24 21 is
3935 2377 38 23 no
3993 2367 117 33 wonder

3473 2408 66 31 that
3555 2410 158 30 interested
3727 2420 69 21 men
3811 2421 49 20 are
3872 2412 130 39 working
4016 2413 94 29 with.;

3473 2450 69 38 will,
3560 2452 57 31 and
3633 2462 48 21 are
3697 2452 98 43 trying
3810 2457 30 28 to
3859 2452 87 43 bring
3970 2454 140 33 idealistic

3473 2496 117 32 notions
3606 2500 29 29 to
3650 2508 18 20 a
3682 2499 140 38 practical
3845 2499 59 30 and
3927 2499 183 41 satisfactory

3472 2540 181 32 conclusion.
3711 2540 217 44 Undoubtedly,
3960 2544 72 31 from
4063 2544 47 31 the

3471 2595 120 20 reasons
3615 2585 149 31 advanced
3787 2584 37 43 by
3848 2586 105 32 skilled
3978 2596 130 32 persons,

3472 2628 83 32 there
3570 2639 49 22 are
3634 2629 176 33 indications
3826 2631 30 31 of
3869 2641 16 20 a
3901 2630 58 33 tide
3979 2631 32 33 of
4030 2642 63 31 pros-

3472 2673 95 40 perity
3590 2673 96 31 which
3716 2673 59 32 will
3803 2674 85 32 make
3918 2676 121 30 amends
4068 2676 42 31 for

3472 2719 66 38 past
3553 2716 139 33 troubles.
3748 2718 63 35 Yet,
3828 2728 31 21 as
3880 2718 133 33 becomes
4036 2721 61 40 peri

3472 2761 108 39 patetic
3608 2761 213 41 philosophers,
3849 2773 41 21 we
3910 2764 126 40 journey
4060 2776 50 22 on.

3473 2803 58 31 and
3541 2804 165 32 endeavour
3716 2807 30 30 to
3755 2805 62 32 find
3828 2805 109 41 objects
3949 2808 31 30 of
3987 2806 123 32 interest

3473 2859 38 21 on
3520 2859 14 20 e
3539 2859 66 30 very
3615 2848 89 32 hand.
3742 2849 59 32 But
3811 2850 50 31 the
3868 2859 76 23 most
3951 2851 157 32 observant

3471 2902 72 29 gaze
3558 2891 65 33 fails
3639 2896 29 29 to
3682 2892 62 32 find
3760 2904 57 26 any
3832 2894 76 41 topic
3934 2896 31 31 of
3984 2895 124 33 interest

3473 2936 76 30 from
3563 2935 174 33 Boatman's
3759 2943 30 25 to
3814 2937 195 40 Gallagher's.
4061 2939 49 31 All

3472 2978 15 32 I
3511 2978 167 34 discovered
3709 2990 58 21 was
3792 2991 17 21 a
3838 2981 186 34 recalcitrant
4049 2993 59 26 pi-*,

3471 3024 103 30 driven
3590 3024 36 38 by
3642 3028 81 26 tnree
3735 3024 164 36 Celestials,
3908 3026 68 31 who
3983 3026 126 40 cleverly

3472 3066 164 31 conducted
3671 3066 50 33 the
3759 3068 152 31 succulent
3950 3069 104 40 porker
4076 3075 30 25 to

3472 3109 47 32 his
3535 3109 69 42 long
3618 3109 96 33 home.
3767 3111 58 33 Not
3842 3112 86 40 being
3951 3113 159 33 interested

3473 3153 31 30 in
3520 3153 49 31 the
3584 3154 118 39 coming
3716 3155 73 31 feast
3816 3155 13 31 I
3854 3156 103 31 moved
3983 3157 125 30 toward;

3473 3208 49 30 my
3537 3196 188 39 destination,
3741 3198 96 35 which
3852 3211 59 20 was
3927 3212 75 21 none
4023 3201 85 32 other

3475 3241 73 30 than
3563 3241 50 32 the
3636 3242 94 39 Lyell.
3782 3243 68 34 Yes,
3876 3244 127 39 thought
4027 3245 23 35 I,
4076 3255 17 20 a
4100 3255 7 13 j
4107 3241 2 42 .

3473 3284 133 42 pressing
3616 3285 88 41 along
3715 3285 161 43 aubridged
3885 3287 96 33 roads,
3994 3287 115 41 fording

3474 3328 109 37 creeks,
3599 3331 60 34 &c,
3675 3330 97 40 surely
3792 3332 59 29 this
3868 3332 32 30 is
3924 3338 53 25 not
4000 3343 56 22 one
4080 3344 30 20 ot

3475 3372 50 33 the
3539 3372 94 33 oldest
3649 3373 120 32 alluvial
3784 3375 114 39 mining
3920 3375 129 33 districts
4070 3387 40 22 on

3475 3416 49 34 the
3541 3417 81 32 West
3634 3419 88 31 Coast
3735 3421 14 28 ?
3790 3419 65 36 Yet,
3868 3418 111 43 history
3989 3431 65 30 says
4066 3432 42 23 so,

3476 3460 123 34 because
3614 3461 22 33 it
3651 3461 24 33 is
3690 3473 38 22 on
3753 3463 100 32 record
3878 3462 66 34 that
3968 3464 50 32 the
4042 3465 68 31 erold

3473 3506 150 39 discovery
3638 3506 82 30 dates
3744 3506 73 31 back
3839 3517 32 20 as
3896 3508 43 29 far
3964 3518 32 20 as
4023 3510 84 28 1858.

3475 3546 27 33 It
3519 3558 58 22 was
3592 3548 72 33 then
3680 3548 64 33 that
3760 3549 81 33 these
3866 3549 120 33 alluvial
4010 3551 100 33 creeks

3471 3591 98 39 began
3584 3596 30 27 to
3629 3596 108 28 attract
3751 3593 50 31 the
3816 3594 120 34 miners,
3953 3595 66 31 who
4034 3605 74 21 were

3474 3635 144 32 scattered
3633 3635 89 41 along
3737 3635 49 33 the
3800 3635 94 33 banks
3909 3638 31 31 of
3952 3637 50 32 the
4014 3637 94 43 Lyell,

3474 3678 112 37 Bulier,
3603 3678 175 33 Matakitaki
3793 3682 57 29 and
3867 3680 115 32 Maruia
4007 3683 100 30 rivers.

3474 3720 59 34 But
3542 3722 47 32 the
3597 3722 135 41 question
3738 3732 98 24 comes
3842 3730 78 27 most
3930 3725 179 44 pertinently

3474 3766 66 41 why
3556 3767 91 32 under
3662 3768 72 31 such
3749 3769 120 31 marked
3892 3772 162 40 prosperity
4078 3782 32 20 as

3474 3819 58 23 was
3567 3810 102 33 shown
3697 3810 37 44 by
3763 3812 49 31 the
3840 3812 130 34 increase
3999 3816 31 31 to
4057 3814 49 33 the

3473 3866 125 21 revenue
3610 3868 6 24 ;
3638 3856 76 40 why,
3732 3856 80 37 then,
3833 3859 74 31 after
3919 3859 50 31 the
3984 3859 79 40 lapse
4078 3862 32 29 of

3473 3908 94 29 years,
3596 3898 54 31 has
3678 3903 52 26 not
3758 3909 81 21 more
3868 3901 72 31 been
3969 3902 74 31 done
4073 3902 37 40 by

3473 3951 17 21 a
3504 3941 134 40 paternal
3653 3941 202 35 Government
3870 3943 44 33 for
3930 3944 49 33 the
4000 3944 107 34 benefit

3473 3985 31 31 of
3510 3984 51 33 the
3570 3986 118 40 people;
3710 3987 87 34 True,
3809 3996 15 22 a
3831 3998 78 21 most
3916 3989 190 41 magnificent

3472 4028 118 41 pioneer
3606 4030 77 32 work
3695 4031 22 31 it
3732 4031 24 31 is
3767 4038 29 25 to
3805 4036 51 28 cut
3865 4043 17 20 a
3893 4033 70 31 road
3975 4033 128 40 through

3473 4073 49 31 the
3537 4073 141 41 primeval
3694 4075 97 36 forest,
3818 4075 58 31 and
3896 4085 74 31 open
3986 4087 38 31 up
4043 4087 65 21 new

3472 4121 132 37 country.
3661 4117 65 38 Yet,
3756 4118 22 33 it
3801 4126 80 25 must
3904 4120 34 32 be
3961 4122 145 32 conceded

3471 4161 66 30 that
3553 4162 48 30 the
3616 4172 125 21 revenue
3753 4163 116 30 derived
3879 4168 82 35 great
3972 4164 133 37 benefits,

3472 4203 95 34 which
3583 4205 105 32 should
3712 4210 29 28 to
3765 4217 16 21 a
3804 4207 79 40 large
3907 4214 100 27 extent
4031 4210 75 31 have

3472 4248 72 31 been
3560 4252 84 36 spent
3660 4249 30 31 in
3710 4250 166 39 improving
3901 4251 71 31 such
3995 4261 16 21 a
4036 4252 70 32 road

3471 4292 59 30 and
3543 4292 121 39 making
3679 4293 22 31 it
3716 4293 142 39 passable.
3902 4294 62 31 The
3980 4296 126 40 surprise

3471 4334 143 32 therefore
3629 4335 24 31 is
3668 4345 41 30 gn
3720 4344 28 23 a:
3763 4341 31 27 to
3821 4336 38 32 he
3875 4340 142 38 stranger,
4043 4339 66 30 who

3471 4376 54 33 has
3541 4378 141 32 travelled
3695 4378 32 33 in
3750 4379 139 33 favoured
3913 4381 137 34 districts,
4077 4388 30 26 to

3472 4420 62 33 find
3549 4421 64 33 that
3629 4421 49 34 the
3694 4424 178 40 approaches
3888 4428 29 28 to
3930 4424 49 33 the
3991 4424 115 33 famous

3471 4465 85 41 Lyell
3571 4477 49 20 are
3636 4477 15 20 a
3666 4466 131 42 disgrace
3812 4472 30 28 to
3857 4469 49 30 the
3921 4480 110 29 powers
4042 4470 62 31 that

3473 4508 43 33 be.
3585 4510 105 31 Before
3730 4511 119 40 coming
3883 4516 30 27 to
3948 4512 49 32 the
4031 4513 75 40 ferry

3471 4552 146 34 acrobatic
3633 4554 58 32 and
3706 4555 116 40 aquatic
3838 4556 215 41 performances
4078 4557 32 32 of

3471 4605 39 23 no
3523 4606 89 22 mean
3627 4598 83 31 order
3719 4598 74 32 have
3805 4604 30 26 to
3846 4598 34 32 be
3892 4609 74 27 gone
3979 4599 127 37 through

3473 4641 95 31 before
3579 4644 76 29 terra
3666 4641 88 32 firma
3760 4642 24 31 is
3791 4643 115 39 gained.
3941 4644 29 31 It
3975 4645 131 39 requires

3471 4693 80 22 some
3586 4684 160 33 resolution
3781 4689 30 28 to
3839 4686 63 32 ford
3930 4696 15 22 a
3974 4687 130 41 foaming

3471 4729 122 34 torrent,
3629 4728 86 32 when
3742 4730 127 41 perhaps
3898 4741 16 21 a
3943 4731 71 32 false
4042 4736 64 37 step

3470 4781 69 30 may
3562 4771 71 31 land
3657 4783 57 29 you
3741 4777 31 28 at
3796 4772 51 34 the
3869 4775 145 32 terminus
4037 4782 29 25 ot
4090 4788 18 19 a

3470 4814 152 41 precipice,
3639 4826 31 21 or
3685 4819 31 29 at
3732 4816 75 33 least
3830 4828 38 21 on
3891 4818 49 33 the
3966 4819 90 32 broad
4080 4820 30 32 of

3469 4868 73 31 your
3557 4859 83 32 back.
3683 4860 42 32 To
3741 4861 91 32 dance
3848 4872 78 30 upon
3941 4864 127 39 nothing
4077 4875 16 20 a
4098 4876 9 19 c

3472 4901 50 31 the
3536 4902 57 30 end
3608 4904 32 29 of
3652 4912 16 21 a
3683 4913 68 31 rope
3767 4904 24 30 is
3806 4905 63 31 said
3884 4908 29 30 to
3938 4905 35 33 be
3996 4917 16 21 a
4036 4907 72 31 fatal

3471 4945 191 34 termination
3687 4949 30 31 to
3740 4946 74 35 life's
3835 4950 136 41 journey,
4000 4950 53 35 but
4078 4954 30 31 to

3471 4988 80 42 hang
3598 5000 39 22 on
3686 4995 29 29 to
3756 5003 16 21 a
3814 4994 69 32 wire
3937 4996 97 30 which
4081 4997 25 30 is

3471 5033 148 32 stretched
3644 5044 67 22 over
3736 5045 17 21 a
3777 5037 119 40 roaring
3922 5041 120 34 torrent,
4068 5039 38 41 by

3470 5086 64 31 way
3548 5077 32 31 of
3598 5088 17 20 a
3630 5078 109 39 bridge,
3763 5080 23 30 is
3809 5080 160 41 prolonged
3990 5092 114 31 agony;

3469 5124 49 36 yet
3542 5120 72 32 such
3643 5120 23 32 is
3695 5121 51 34 the
3774 5134 63 30 way
3864 5133 54 24 our
3944 5127 163 40 governing

3470 5174 113 30 powers
3596 5164 85 43 bring
3696 5166 182 42 pedestrians
3900 5179 29 23 to
3945 5169 50 34 the
4010 5171 95 42 Lyell.

3470 5208 76 31 How
3571 5209 50 30 the
3644 5210 156 39 petticoats
3814 5223 135 29 manage,
3977 5214 59 32 this
4057 5216 32 30 de-

3470 5256 110 36 ponent
3596 5251 137 36 knoweth
3748 5260 62 27 not.
3853 5255 91 34 From
3963 5258 142 34 Junction

3471 5298 30 31 to
3515 5297 50 32 the
3581 5298 76 42 ferry
3682 5300 23 31 is
3721 5310 16 21 a
3752 5305 197 29 monotonous
3967 5303 136 43 journey.

3471 5341 63 32 The
3549 5341 119 34 harvest
3693 5344 31 32 of
3736 5355 17 21 a
3779 5346 80 40 quiet
3883 5356 52 32 eye
3960 5348 24 32 is
4009 5358 17 23 a
4040 5349 63 32 rich

3471 5396 65 25 one,
3563 5397 32 20 as
3620 5387 82 33 there
3727 5389 25 31 is
3777 5390 127 40 nothing
3928 5398 30 25 to
3983 5393 123 32 distract

3473 5429 32 36 it,
3522 5429 59 32 and
3602 5430 50 33 the
3677 5442 96 32 weary
3796 5435 138 32 traveller
3948 5435 24 32 is
3994 5437 70 40 glad
4078 5441 31 29 to

3471 5473 64 33 find
3562 5485 17 21 a
3607 5475 55 33 few
3695 5477 114 31 flowers
3842 5479 60 32 and
3936 5480 106 32 shrubs
4077 5484 31 29 at

3471 5518 151 33 Junker's.
3665 5520 95 33 These
3788 5522 127 40 gladden
3943 5524 50 32 the
4008 5526 94 33 heart,

3471 5567 49 34 yet
3554 5563 51 30 fail
3640 5566 30 29 to
3705 5575 124 30 appease
3874 5567 50 31 the
3960 5570 143 30 stomach.

3472 5605 139 33 Pleasant
3628 5607 21 31 it
3664 5618 60 22 was
3739 5611 30 29 to
3784 5620 46 22 see
3847 5620 16 22 a
3878 5611 228 42 well-managed

3471 5651 153 40 equipage,
3646 5653 102 32 driven
3773 5654 38 31 bv
3833 5654 47 33 Mr
3900 5656 206 38 Innes-Joncs,

3472 5693 51 31 the
3550 5695 125 39 popular
3701 5696 173 33 incumbent
3909 5701 31 29 of
3972 5700 134 33 Reefton.

3475 5736 46 30 He
3537 5738 115 30 seemed
3668 5749 81 30 sorry
3763 5739 105 32 indeed
3889 5741 66 33 that
3972 5754 41 22 we
4035 5755 74 21 were

3473 5781 157 37 travelling
3657 5781 32 32 in
3716 5775 136 42 different
3883 5786 167 33 direction-.
4096 5790 14 29 I

3473 5834 59 19 was
3548 5834 15 20 a
3579 5823 76 33 little
3671 5825 51 32 sad
3744 5827 79 35 also;
3847 5828 51 33 but
3922 5834 73 28 alter
4017 5842 17 21 a
4054 5831 56 32 few

3474 5867 70 32 kind
3573 5874 93 27 word-
3695 5872 58 30 and
3781 5874 120 33 counsel
3929 5885 31 21 as
3996 5885 29 22 to
4060 5877 50 30 the

1415 80 114 43 THE
1587 83 182 42 LYKLL
1822 81 184 50 TIMES,
2064 84 305 50 SATURDAY,
2426 88 166 40 APkiL
2647 102 55 38 34,
2768 89 95 42 .886.

250 206 234 32 Government
507 208 149 31 Notices.

137 406 192 35 TENDERS
346 420 51 20 fop.
419 421 55 20 the
496 410 128 32 RIGHT
647 422 34 19 of
703 411 42 31 AD-

179 451 221 36 VERTISING
474 465 35 22 on
590 453 174 34 CERTAIN

180 496 268 34 TELE(iRA
465 499 23 31 P
504 499 28 31 H
606 498 23 32 V
641 500 25 31 0
679 500 20 31 S
710 500 23 31 T
747 501 19 30 S

178 540 283 33 THROUGHOUT
526 543 93 30 NEW
675 543 69 30 ZEA-

176 582 120 35 LAND.

305 681 128 33 General
449 682 70 31 Post
534 682 99 38 Office,

216 725 191 42 Wellington,
424 725 70 34 27th
509 726 112 36 March,
641 729 83 30 1880.

138 778 208 34 rnENDERS
369 779 59 32 will
443 779 35 32 be
500 780 130 31 received
653 780 37 49 by
715 779 50 33 the

145 814 26 46 1
221 822 127 35 Electric
355 823 162 42 Telegraph
526 823 238 39 Commissioner,

137 874 29 24 at
178 867 50 32 the
241 868 127 32 General
378 869 70 31 Post
460 870 99 35 Oflice,
573 868 190 40 Wellington,

137 920 39 32 up
191 917 30 26 to
236 911 84 33 Noon
335 912 31 33 of
378 910 50 35 the
450 912 71 32 20th
543 913 56 41 day
621 912 31 33 of
673 912 90 42 April,

138 957 85 35 1380,
249 958 74 30 from
346 968 120 29 persons
486 957 128 38 desiring
637 963 29 26 to
688 959 77 29 lease

136 998 50 33 the
211 1001 78 40 right
312 1002 31 30 of
364 1001 177 39 advertising
562 1012 38 21 on
623 1001 49 32 the
696 1001 55 33 tele-

136 1044 92 42 graph
252 1048 80 38 posts
346 1046 30 31 in
392 1056 57 30 any
463 1056 33 23 or
510 1046 40 32 all
571 1047 31 32 of
620 1046 50 32 the
696 1046 51 32 Pro-

135 1088 108 31 vincial
258 1089 137 32 Districts
409 1091 32 30 of
453 1090 161 34 Auckland,
630 1089 135 32 Hawke's

137 1130 72 42 ]>ay,
246 1129 156 42 Taranaki,
449 1131 190 44 Wellington,
675 1131 71 34 Marl-

137 1175 141 42 borough,
305 1177 119 36 Nelson,
454 1177 163 37 Wcstland,
644 1178 102 31 Canter-

136 1218 84 42 bury,
245 1221 103 42 Otago,
378 1221 57 32 and
464 1220 175 38 Southland,
669 1221 95 34 which

136 1276 49 20 are
200 1269 51 27 not
266 1267 112 31 erected
394 1277 36 20 on
446 1267 74 31 lines
545 1268 31 30 of
594 1267 119 40 railway
734 1277 32 21 or

136 1319 38 20 oji
190 1308 118 42 railway
322 1310 148 40 premises.

176 1362 171 32 Conditions
362 1364 32 31 of
406 1364 76 31 lease
497 1364 57 31 and
571 1365 74 31 form
660 1364 31 31 of
700 1368 46 27 ten-

135 1405 50 32 der
200 1416 54 22 can
270 1406 35 34 be
320 1407 138 34 obtained
479 1419 38 21 on
542 1408 178 41 application
736 1413 29 27 at

135 1449 50 31 the
209 1449 150 42 telegraph
388 1451 97 33 offices
510 1454 30 28 at
564 1452 200 40 Invercargill,

134 1491 149 39 Dunedin,
300 1495 139 36 Oamaru,
456 1494 131 38 Timaru,
601 1494 162 41 Lyttelton,

134 1535 221 36 C'hristchurch,
400 1537 168 33 Blenheim,
614 1537 149 37 Hokitika,

134 1577 195 42 Greymouth,
352 1578 133 39 Reefton,
515 1578 160 44 V/estport,
698 1580 50 33 Nel-

134 1632 64 26 son,
215 1622 191 41 Wellington,
422 1624 177 40 Wanganui,
616 1625 71 31 New
699 1624 49 42 Ply-

134 1665 115 37 mouth,
285 1667 185 33 Palrnorston
505 1668 106 39 North,
646 1668 118 42 Napier,

134 1710 155 38 Gisborrte,
314 1712 168 40 Tauranga,
508 1710 139 39 Thames,
671 1714 76 31 Auck-

135 1754 78 36 land,
230 1754 57 33 and
303 1754 184 41 Cambridge.

174 1806 129 31 Tenders
326 1811 80 26 must
431 1808 34 30 be
481 1808 154 31 addressed
660 1811 30 29 to
715 1808 51 31 the

134 1850 229 36 Commissioner
385 1853 31 33 of
428 1852 188 43 Telegraphs,
642 1852 57 35 and
721 1853 29 34 in-

133 1898 113 33 dorsed,
312 1897 114 31 Tender
451 1900 43 28 for
519 1899 186 39 Advertising
728 1909 37 20 on

136 1938 162 42 Telegraph

174 1992 62 32 The
246 1992 229 32 Commissioner
484 2003 128 22 reserves
624 1994 50 31 the
686 1994 78 40 right

134 2037 32 32 of
204 2036 142 43 rejecting
380 2037 49 32 the
468 2037 117 42 highest
630 2050 31 21 or
706 2050 57 30 any

134 2081 111 31 tender.

396 2126 32 30 C.
452 2126 152 35 LEMON,

466 2170 257 39 Superintendent.

301 2253 117 32 Public
441 2255 150 31 Notices.

281 2335 337 35 NOTIFICATION.

389 2565 109 21 MKSSRH.

131 2610 412 61 JIALLbNSTEIN
598 2615 160 56 BROS.

148 2692 98 30 Desire
258 2699 28 23 to
299 2694 100 28 inform
413 2695 46 29 the
473 2695 132 30 residents
619 2695 30 30 of
667 2695 78 38 Lyoil

199 2731 54 29 and
266 2732 184 38 surrounding
462 2733 118 30 districts
599 2734 59 29 that
675 2744 18 19 a

165 2793 226 29 RETAIL
484 2795 242 29 BRANCH

388 2854 33 23 or
441 2854 54 22 THE

267 2893 112 38 NEW
402 2894 221 39 ZEALAND

127 2954 308 77 Clothing
466 2956 295 77 Factory

126 3099 142 54 Opened
288 3098 35 42 in
351 3101 88 40 New
466 3102 190 54 Buildings
677 3116 84 27 near

194 3155 147 51 Empire
367 3156 118 46 Hotel,
512 3157 181 51 Westport.

168 3273 69 30 J3g*
255 3274 45 28 All
326 3274 90 28 Goods
440 3279 28 24 ftt
493 3275 116 33 Factory
629 3276 98 30 Prices.

131 3349 45 30 All
190 3352 108 28 Ooooas
312 3362 43 17 are
372 3352 110 29 Marked
501 3353 28 28 in
553 3354 77 27 Plain
652 3355 112 34 Figures

431 3391 40 28 for

410 3438 133 38 CASH
592 3440 171 38 ONLY!

132 3520 61 34 Any
207 3521 92 26 article
320 3521 162 35 purchased,
496 3522 54 27 and
564 3526 48 23 not
625 3523 137 35 approved

132 3556 34 32 of,
193 3556 54 30 will
272 3557 32 29 be
329 3558 157 36 exchanged
512 3559 66 30 with
610 3560 46 29 the
688 3569 75 22 name

131 3602 126 30 toartesy
274 3598 63 27 with
353 3599 86 26 which
454 3603 20 23 it
487 3608 56 18 was
562 3599 67 33 sold,
643 3609 30 19 or
686 3600 22 28 if
717 3600 30 28 de-

192 3634 69 27 sired
275 3635 45 28 the
334 3642 100 29 money
447 3636 56 28 will
516 3636 32 28 be
561 3637 137 29 returned.

132 3671 59 29 The
205 3682 107 20 success
326 3674 88 29 which
429 3674 50 29 has
493 3675 127 29 attended
634 3675 45 30 the
696 3676 66 29 New

167 3710 119 29 Zealand
312 3713 128 33 Clothing
466 3713 140 35 Factory's
638 3713 91 30 Retail

200 3747 141 32 Branches
366 3751 27 29 in
425 3749 138 38 Dunedin,
592 3750 87 33 Christ-

236 3788 112 30 church.
374 3790 176 36 Wellington,
571 3792 70 28 Auck-

269 3826 74 34 land,
357 3828 55 29 and
430 3829 78 28 other
529 3832 96 32 towns,

299 3867 74 29 leads
380 3868 46 29 the
433 3869 164 37 proprietors

339 3911 28 21 to
381 3906 102 28 believe
496 3907 60 27 that

367 3942 77 31 there
449 3943 83 31 exists

131 4032 250 41 Praiseworthy
393 4034 110 33 desire
515 4044 46 23 on
571 4035 59 33 the
641 4038 78 38 part
731 4036 37 32 of

180 4078 59 32 the
252 4079 115 38 public
380 4081 36 29 to
429 4085 189 35 encourage
631 4082 86 31 New

261 4124 151 33 Zealand
437 4125 200 34 Industries.

133 4172 156 36 Especially
303 4175 89 27 where
407 4176 122 35 superior
542 4176 165 33 advantages
720 4186 46 19 are

169 4211 109 32 offered,
293 4211 52 31 and
366 4223 67 26 your
447 4219 112 32 support
573 4216 20 27 ia
607 4215 124 30 solicited

237 4259 34 18 on
286 4251 53 27 this
359 4252 216 34 understanding
588 4254 73 33 ouly.

224 4301 36 31 T.
280 4301 437 42 BLENNERHASSETT,

333 4338 130 33 Manager
477 4339 137 32 Westport
628 4340 119 27 Branch.

135 4411 154 29 Wholesale
304 4413 96 28 Stocks
413 4421 27 21 to
454 4415 82 27 select
549 4417 68 25 from
631 4416 27 26 in
673 4416 35 27 all
718 4424 49 19 our

135 4449 148 31 Branches.
323 4452 82 28 NOW
426 4452 109 35 OPEN,
561 4454 53 28 and
635 4453 45 29 the
701 4454 64 37 only

281 4489 109 30 address
404 4492 28 26 in
447 4490 137 37 Wostport
596 4494 23 26 is

134 4534 86 38 New
229 4535 179 49 Buildings
419 4548 83 28 near
512 4537 139 49 Empire
662 4539 104 39 Hotel

188 4619 167 35 MISSING.
372 4621 167 31 FfUENDS
565 4624 148 29 NOTICE.

209 4734 97 31 abouts
318 4736 54 30 and
385 4739 159 35 occupation
558 4739 29 29 of
602 4739 47 30 the
669 4739 80 31 under-

139 4775 153 28 mentioned
305 4784 110 27 persons
435 4787 22 18 is
480 4777 162 30 WANTED
665 4779 34 35 by
720 4780 45 29 the

138 4814 140 34 Secretary
291 4813 29 28 of
330 4814 45 28 the
391 4816 116 28 General
521 4817 64 28 Post
598 4817 98 29 Oilice:

139 4849 48 30 Mr
206 4849 28 29 J.
256 4852 100 33 Smith,
381 4853 81 37 lately
488 4864 15 20 a
527 4855 115 30 fireman
667 4857 29 28 in
720 4856 46 29 the

207 4889 92 29 Union
315 4891 154 38 Steamship
482 4894 167 35 Company's
656 4896 109 27 service.

206 4927 130 38 Inquired
356 4929 42 29 for
420 4929 34 36 by
471 4931 65 27 Miss
555 4930 37 30 H.
617 4932 99 30 Smith,
740 4933 29 27 of

205 4966 43 34 29,
274 4967 94 30 Prince
393 4968 29 30 of
445 4969 90 30 Wales
560 4970 87 35 Road,
671 4971 96 30 Albert

207 5005 87 33 Dock,
308 5007 122 32 Loudon,
446 5009 32 27 E.

139 5043 48 28 Mr
206 5042 121 31 Hubert
348 5045 123 32 Hussey,
491 5047 61 28 who
571 5048 48 28 left
638 5047 129 37 England

207 5084 32 25 25
252 5092 78 25 years
343 5094 58 23 ago.
440 5085 55 28 Son
509 5086 30 27 of
551 5085 43 29 Mr
608 5086 118 37 Hnssey,
741 5088 26 27 of

208 5120 74 28 Nash
297 5120 92 34 Court,
403 5122 107 30 Dorset,
525 5124 137 34 England.

140 5157 48 29 Mr
207 5157 74 29 John
301 5158 219 38 Barraclough,
542 5164 122 36 recently
683 5163 84 30 heard

208 5198 26 27 of
257 5197 27 29 in
300 5197 163 40 Wellington
487 5200 113 30 district.
638 5202 129 38 Inquired

208 5237 39 25 for
261 5236 34 35 by
311 5237 55 26 Mrs
378 5237 70 28 Juno
471 5237 195 39 Barraclough,
682 5240 67 28 Sand-

207 5272 87 36 hurst,
310 5273 83 37 Kent,
406 5275 136 35 England.

141 5312 48 29 Mr
207 5312 76 29 John
302 5313 125 36 Rhodes,
450 5315 60 30 who
532 5325 56 20 was
608 5316 161 39 discharged

208 5353 71 28 from
293 5354 46 27 the
353 5364 43 17 s.s.
421 5354 158 38 Barrapool,
600 5356 120 36 Sydney.
734 5366 33 20 on

209 5392 46 27 the
278 5393 61 27 11th
361 5393 85 35 April,
468 5394 74 28 1885.
579 5395 130 36 Inquired
729 5396 40 29 for

210 5429 35 36 by
270 5430 55 28 Mrs
348 5430 125 30 Harnett
494 5430 119 34 Rhodes,
635 5432 116 38 Padding-

208 5472 58 31 ton,
281 5468 150 38 Liverpool.

142 5506 49 30 Mr
208 5507 119 30 Arthur
353 5510 128 29 Collins,
504 5510 61 27 who
589 5510 47 28 left
661 5511 109 28 Ireland

208 5556 28 18 in
253 5547 74 29 1854.
366 5548 65 28 Last
452 5547 83 29 heard
549 5549 30 28 of
598 5548 82 29 about
695 5550 73 28 1809.

209 5586 28 26 in
260 5586 143 27 Auckland
424 5586 113 28 district.
576 5588 129 35 Inquired
730 5589 40 27 for

210 5623 35 38 by
276 5623 42 29 his
348 5623 111 30 brother
499 5624 119 29 William
659 5626 111 30 Collins.

212 5663 125 29 Wexford
352 5666 96 29 Street,
462 5664 113 28 Dublin.

176 5703 44 27 Mr
251 5703 102 28 Henry
381 5705 83 30 Seed,
495 5703 51 28 last
573 5703 83 28 heard
688 5703 30 28 of
744 5704 26 29 ii<

209 5739 142 28 Auckland
375 5741 112 27 district.
525 5741 130 35 Inquired
674 5745 41 24 tor
738 5742 27 33 b}

210 5778 57 29 Alts
282 5777 76 34 Suwd,
374 5779 138 28 Adelaide.

365 5818 38 28 H.
425 5820 32 26 G.
480 5818 222 27 YOI/VGMAW

562 5856 175 29 Postmaster.
