4210 6020
148 222 87 32 roads
260 224 57 30 and
343 224 84 32 other
451 228 131 33 matters,
614 226 12 31 I
656 228 125 39 pursued

151 266 50 31 the
217 266 97 42 lonely
329 269 58 30 and
402 273 86 38 stony
503 280 61 31 way

285 321 57 29 Vet,
359 322 68 36 hope
442 323 105 36 springs
562 325 123 27 exultant

280 360 32 27 ]n
328 361 45 26 the
388 362 102 26 ImiilMn
506 362 105 28 breast!
626 360 4 30 '

153 405 56 32 For
225 406 45 31 his
286 407 55 31 last
366 408 89 31 words
479 415 123 30 wefo,'"
620 410 61 31 The
698 409 83 41 Lyell

152 449 22 31 is
204 461 16 20 a
249 450 142 33 beautiful
575 452 165 33 Whenever
768 456 12 29 I

150 493 71 31 hear
242 494 32 30 of
286 504 17 20 a
318 495 75 39 ferry
408 496 12 29 I
439 495 84 32 think
548 497 31 30 of
591 495 50 33 the
664 498 116 31 ancient

150 537 75 30 river
251 538 72 39 Styx
338 537 4 40 ;
373 537 61 33 also
459 539 31 31 of
515 539 127 36 Charon,
670 541 57 31 and
752 543 31 30 of

149 580 46 31 his
223 581 110 42 facility
361 582 30 31 in
425 583 103 41 taking
561 595 34 20 us
630 595 66 21 over
731 586 50 31 the

150 628 118 30 Btream.
312 626 71 32 This
408 626 76 43 ferry
508 628 24 31 is
557 628 30 33 in
613 629 48 32 the
686 630 95 32 hands

148 670 32 29 of
202 680 18 19 a
244 678 70 23 man
341 671 66 32 who
430 671 85 32 lands
540 673 46 30 his
609 684 173 31 passengers

149 711 91 44 safely
254 713 117 43 enough
387 725 38 23 on
440 726 17 22 a
472 715 94 40 shore,
583 717 96 33 which
702 718 79 33 leads

149 762 52 26 not
226 763 30 26 to
279 758 52 32 hot
356 759 174 41 sulpherous
558 762 90 36 lakes,
674 763 53 32 but
751 767 31 28 to

150 802 115 38 regions
291 802 96 43 alpine
416 804 30 32 in
474 805 78 32 their
578 809 115 35 nature,
722 807 59 33 and

148 847 108 37 golden
271 847 30 31 in
323 848 77 31 their
423 849 122 39 history.
589 851 47 30 Mr
657 851 121 36 Larson,

150 888 65 31 who
230 889 56 31 five
301 901 83 30 years
399 901 55 30 ago
475 891 68 33 took
564 894 165 40 possession
753 896 31 30 of

149 932 58 32 this
223 933 92 42 really
329 935 135 32 valuable
479 941 145 37 property,
641 938 24 31 is
680 950 16 20 a
710 950 70 21 man

148 977 32 30 of
193 977 78 41 large
286 979 170 39 experience
472 981 58 30 and
550 981 132 31 nautical
702 982 76 37 skill,

149 1020 58 32 and
242 1020 53 33 has
330 1023 217 43 accomplished
580 1025 200 34 considerable

148 1076 126 22 success.
317 1067 90 33 From
444 1069 47 31 his
519 1070 143 32 excellent
697 1072 84 40 spirit

148 1109 59 31 and
231 1110 173 41 disposition
419 1112 37 32 he
477 1113 24 30 is
514 1113 93 41 justly
631 1115 149 40 respected

150 1152 37 41 by
202 1153 39 33 all
256 1155 109 40 parties
378 1166 5 26 ;
406 1157 166 42 personally
587 1157 59 33 this
667 1159 96 40 gentle-

150 1207 70 22 man
245 1198 117 33 showed
387 1211 46 21 me
458 1201 104 36 (under
586 1202 117 40 raining
726 1204 39 29 cir-

147 1243 199 39 cumstances)
381 1243 89 32 much
505 1244 179 42 hospitality,
721 1247 57 30 and

148 1284 76 33 from
239 1283 50 34 his-
300 1286 101 43 kindly
422 1287 156 33 directions
595 1289 13 30 I
623 1289 85 32 made
730 1300 49 30 my

148 1329 61 31 real
221 1331 211 38 acquaintance
444 1330 71 33 with
525 1331 49 32 the
587 1332 93 41 Lyell.
724 1334 54 31 Yet

147 1372 59 30 this
234 1373 149 41 ferryman
410 1374 100 32 thinks
538 1374 65 33 that
628 1376 49 31 the
706 1377 71 31 time

148 1414 54 32 has
217 1426 82 22 come
314 1416 85 33 when
409 1418 99 31 ferries
522 1418 57 31 like
592 1419 66 31 tolls
674 1420 104 31 should

148 1458 35 33 be
198 1460 31 31 of
241 1461 161 41 yesterday,
418 1461 58 32 and
495 1461 114 42 bridges
625 1472 17 22 a
656 1465 122 31 comfort

147 1504 58 32 and
216 1504 33 43 aj
254 1513 36 34 oy
300 1505 43 33 for
351 1516 75 23 ever.
469 1506 118 42 Having
596 1508 124 39 crossed,
736 1520 42 21 we

148 1550 84 28 stood
246 1560 38 19 on
300 1560 64 20 new
378 1550 63 35 soil,
464 1551 58 29 and
543 1551 119 31 became
684 1563 94 20 aware

147 1590 32 32 of
191 1600 64 23 new
270 1591 164 34 conditions
449 1603 32 22 as
496 1593 117 41 regards
625 1593 151 40 situation,

147 1635 58 30 and
230 1636 71 31 with
317 1637 117 31 wonder
458 1647 42 21 we
525 1648 59 20 saw
608 1637 50 33 the
682 1639 94 40 Lyell,

146 1676 136 36 different
297 1679 31 33 in
342 1689 85 35 every
441 1690 64 34 way
518 1685 31 29 to
562 1680 80 34 what
656 1691 42 26 wc
719 1680 58 36 had

147 1725 148 38 expected.
339 1724 133 42 Straight
494 1726 93 31 ahead
608 1737 59 22 was
691 1738 17 21 a
733 1739 28 20 ro-

147 1766 149 33 markable
321 1767 83 32 clean
426 1769 115 40 village,
567 1779 32 22 or
620 1771 155 41 township,

146 1813 48 38 yet
222 1811 100 40 giving
348 1822 39 22 no
414 1811 158 34 disclosure
601 1825 30 20 as
662 1817 30 30 to
726 1816 50 31 the

147 1858 144 27 treasures
326 1854 95 33 which
459 1856 48 41 lay
550 1859 144 30 scattered
728 1858 47 42 by.
783 1854 1 46 I

146 1896 159 37 Beautiful,
341 1899 112 35 indeed,
490 1901 31 29 in
552 1901 49 31 the
637 1901 139 40 lowering

143 1939 153 37 sunshine,
312 1940 47 40 lay
373 1941 50 31 the
439 1940 179 34 habitations
634 1944 59 30 and
714 1939 70 41 also'

144 1980 49 36 the
207 1982 127 43 winding
343 1983 71 35 road
423 1984 127 34 referred
562 1989 37 31 to.
643 1987 130 43 Perhaps
783 1980 1 54 |

142 2028 131 31 distance
300 2028 84 31 lends
409 2030 214 31 enchantment
661 2036 28 26 to
724 2034 49 29 the

145 2070 81 32 view.
270 2070 64 37 Yet,
351 2082 77 31 upon
444 2073 155 41 npproach,
623 2074 51 32 the
696 2077 77 30 town

143 2114 26 31 is
192 2126 69 30 very
284 2117 92 31 much
400 2128 31 20 as
446 2117 22 31 it
483 2119 116 31 seemed
624 2120 76 30 from
724 2124 51 28 the

143 2155 64 36 first
223 2159 111 41 glance.

183 2203 36 31 In
234 2215 50 29 my
307 2204 97 31 future
428 2206 131 39 writings
575 2206 14 31 I
603 2206 60 31 will
684 2208 90 38 speak

143 2255 81 24 more
240 2246 73 43 fully
326 2247 33 34 of
370 2247 49 34 the
434 2248 60 33 real
517 2248 142 43 blessings
674 2250 98 34 which

143 2291 60 33 will
227 2291 36 33 be
288 2303 68 21 seen
381 2304 37 22 on
434 2294 50 32 the
498 2295 89 32 Coast
611 2295 86 32 when
721 2296 51 32 the

143 2339 82 36 great
249 2336 132 42 Railway
406 2338 125 31 Scheme
545 2339 60 30 will
625 2339 36 31 be
676 2350 17 20 a
715 2340 57 31 fact

142 2379 147 32 recorded.
344 2380 37 32 In
415 2381 50 32 the
493 2382 160 32 meantime
687 2393 86 32 every

142 2423 130 39 struggle
300 2422 106 34 should
434 2424 34 32 be
493 2426 84 31 made
606 2429 29 29 to
659 2426 74 32 have
757 2437 18 21 a

142 2463 100 45 bridge
268 2477 96 23 across
390 2468 49 33 the
454 2469 103 33 Duller
580 2472 31 30 at
635 2470 138 33 Larson's

142 2510 159 41 Puntby
325 2512 89 40 doing
441 2524 33 21 so
500 2516 124 30 comfort
652 2516 60 31 will
740 2516 34 32 be

140 2554 189 36 established,
347 2556 57 30 and
425 2557 142 40 probably
587 2568 90 30 many
701 2559 72 31 lives

141 2597 97 31 saved.

166 2678 205 37 [Conlinnatiot.
385 2680 32 28 of
429 2682 87 30 News,
530 2692 43 18 see
592 2683 48 27 4th
655 2683 92 37 Pa^e.]

1421 81 116 45 THE
1591 79 184 45 LYELL
1827 77 185 50 TIMES,
2067 77 308 55 SATURDAY,
2429 84 167 44 APRIL
2649 99 57 39 24,
2765 91 90 39 1886

316 2757 118 30 Public
452 2758 151 31 Notices.

244 2867 24 27 V
385 2834 142 64 PH
642 2869 23 29 R

138 2952 228 33 INANGAHUA
404 2958 152 28 COUNTY
593 2959 178 28 COUNCIL.

329 3050 248 31 NOTICE.

138 3145 109 28 milE
267 3146 224 29 ELECTORAL
519 3148 118 28 ROLLS
664 3149 41 28 for
724 3149 48 28 the

236 3199 107 38 County
353 3198 30 31 of
390 3198 162 40 Inangahua
562 3198 56 33 will
626 3199 32 31 bo
668 3201 23 30 0
698 3201 69 30 PEN

138 3252 41 28 far
199 3253 137 28 PUBLIC
348 3253 223 29 INSPECTION
583 3258 30 25 at
620 3254 38 29 all
664 3263 97 20 reason

139 3302 61 30 tible
212 3303 92 32 hours,
317 3304 71 29 from
401 3304 46 29 the
461 3305 65 29 27th
539 3304 54 38 day
606 3304 30 30 of
653 3306 120 31 APRIL,

139 3355 72 29 until
223 3356 47 29 the
284 3356 62 29 15th
360 3355 55 39 day
427 3357 30 29 of
468 3356 88 33 MAY,
581 3358 76 34 188G,
678 3361 29 26 at
728 3357 46 30 the

139 3407 139 37 following
292 3408 140 38 places:

175 3460 131 29 Reefton
329 3460 253 31 RidingCouncil
613 3460 161 35 Chambers,

245 3499 123 30 Reoftou.

176 3551 123 29 Murray
329 3551 254 31 RidingCouncil
614 3553 160 29 Chambers.

245 3590 122 30 Reefton,
381 3590 54 30 and
449 3595 28 27 at
490 3591 44 30 Mr
553 3592 103 37 Craig's
678 3591 93 36 Hotel,

244 3627 111 30 Black's
367 3629 90 29 Point.

174 3680 204 29 Crusiiington
396 3681 255 30 RidingCouncil
673 3682 79 29 Cham-

243 3718 69 32 bers,
345 3719 124 32 Reefton,
499 3720 54 27 and
580 3725 28 22 at
634 3720 44 27 Mr
705 3721 51 27 Rox-

244 3754 148 39 borough's
405 3756 94 35 Hotel,
510 3757 194 40 Crushington.

174 3808 152 28 Antonio's
339 3806 254 32 RidingCouncil
612 3810 158 33 Chambers,

244 3847 125 31 Reefton,
404 3847 53 29 and
494 3853 28 24 at
553 3848 43 28 Mr
629 3848 145 31 Loubere's

244 3885 157 35 Residence,
416 3887 144 27 Antonio's
574 3887 70 28 Flat.

174 3936 163 31 Boatman's
350 3937 254 31 RidingCouncil
614 3937 159 37 Chambers,

245 3975 124 33 Reefton,
383 3978 54 27 and
451 3982 28 23 at
489 3979 145 34 Gallagher
645 3979 128 28 Brothers

244 4013 87 34 Store,
346 4014 155 36 Capleston.

175 4066 143 29 Hampden
338 4066 255 31 RidingCouncil
612 4068 160 33 Chambers,

245 4105 124 32 Reefton,
384 4106 54 27 and
460 4111 29 23 at
509 4106 43 29 Mr
574 4106 85 30 Bait's
682 4108 91 31 Hotel,

246 4142 167 31 Murchison.

279 4240 135 29 General
433 4240 202 30 I?.formation.

176 4294 62 35 Any
266 4301 98 29 person
395 4293 62 30 who
492 4294 137 30 considers
665 4294 111 31 himself

141 4344 144 36 aggrieved
299 4344 35 37 by
348 4346 41 27 his
403 4355 60 19 own
478 4355 80 19 name
573 4356 28 19 or
615 4347 61 30 that
683 4348 30 28 of
720 4356 54 29 any

141 4396 80 30 other
232 4406 95 28 person
342 4396 79 38 being
433 4398 110 30 entered
557 4409 44 22 on,
616 4409 29 19 or
658 4400 113 29 omitted

140 4449 69 28 from
232 4449 45 28 the
299 4449 61 29 Roll
381 4451 26 27 ot
427 4450 46 29 the
496 4450 108 35 Riding,
625 4460 29 20 or
674 4451 36 38 by
729 4452 45 29 the

141 4502 116 28 number
270 4503 30 27 of
311 4506 74 24 votes
399 4503 113 27 allotted
526 4508 27 22 to
566 4504 59 28 him
638 4515 30 17 or
680 4510 28 22 to
719 4515 55 25 any

141 4553 80 30 other
233 4562 96 29 person
343 4552 112 32 thereon
468 4553 81 38 being
560 4564 74 21 raoro
648 4565 30 20 or
694 4557 82 29 tower

142 4606 69 28 than
225 4607 59 27 that
298 4612 26 22 to
334 4607 89 28 which
432 4607 33 28 he
476 4617 30 18 or
516 4609 65 27 such
591 4609 77 27 other
678 4618 95 27 person

141 4658 24 28 is
178 4657 113 29 entitled
304 4666 74 28 may,
391 4666 35 21 on
440 4667 30 20 or
482 4657 89 31 before
585 4659 45 30 the
642 4660 59 29 81st
722 4659 52 38 day

142 4712 27 24 ol
184 4709 65 35 May
268 4710 82 35 apply
369 4710 40 27 for
431 4711 78 26 relief
528 4715 27 23 to
576 4712 46 27 the
646 4712 128 27 Resident

145 4758 180 37 Magistrate's
338 4760 83 31 Court
435 4761 87 30 which
536 4762 23 29 is
571 4766 106 27 nearest
691 4767 28 26 to
728 4763 46 30 the

143 4811 76 36 place
244 4812 88 28 whero
357 4812 46 29 the
428 4813 61 29 Roll
513 4814 30 28 of
565 4815 45 28 the
633 4815 100 35 Riding
752 4816 23 26 is

141 4864 73 36 kept.

177 4917 90 31 Dated
280 4918 54 28 this
347 4918 72 29 22nd
432 4918 53 37 day
499 4919 29 29 of
534 4920 86 37 April,
630 4921 74 29 1886.

349 4969 172 29 WILLIAM
543 4971 163 35 NOONAN,

528 5023 109 37 County
651 5024 88 30 Clerk.

307 5099 137 41 Mining
462 5101 150 33 Notices.

141 5182 79 27 THE
246 5182 138 28 VICTOR
412 5183 189 28 EMANUEL
628 5184 134 35 QUARTS

185 5233 146 30 MINING
350 5233 188 35 COMPANY,
557 5235 174 29 LIMITED.

160 5338 25 27 A
204 5338 46 27 LL
271 5338 157 32 SHARES,
451 5338 164 35 numboring
637 5338 69 30 frotn
721 5341 12 26 1
748 5343 27 26 to

232 5390 104 31 24,000,
350 5390 216 28 FORFEITED
578 5390 115 36 through
709 5401 48 18 non-

141 5444 132 33 payment
294 5440 30 28 of
342 5449 54 28 any
418 5440 103 33 CALL,
541 5441 56 29 will
619 5440 32 30 be
681 5442 93 29 SOLD

143 5493 35 36 by
199 5493 138 29 PUBLIC
359 5494 177 33 AUCTION,
549 5499 29 24 at
597 5496 43 27 Mr
654 5496 120 28 Patpick

143 5544 160 28 Buennan's
334 5545 118 28 Auction
484 5545 82 32 Mart,
589 5546 125 31 Reofton,
741 5556 32 18 on

143 5595 151 33 FKIDAY,
308 5595 45 29 the
366 5596 49 28 7th
435 5595 54 38 day
508 5596 30 29 of
556 5595 88 33 MAY,
660 5598 75 30 188G,
748 5601 26 24 at

141 5649 16 26 13
188 5647 105 28 o'clock
323 5656 76 28 p.m.,
425 5648 91 28 unless
547 5649 156 35 previously
735 5657 26 20 ro-

142 5696 122 30 deeinod.

426 5752 120 27 JAMES
566 5752 139 33 INGLIS,

601 5803 138 34 Manager.

176 5853 88 35 Lyeli,
280 5853 63 29 2-lth
357 5854 85 34 April,
460 5855 73 32 1886,

968 220 135 38 Mining
1132 221 150 30 Notices.

814 299 145 27 UNITED
973 300 141 27 ALPINE
1128 301 149 35 QUARTZ
1300 301 142 28 MINING

929 348 189 37 COMPANY,
1145 350 175 31 LIMITED.

856 473 161 30 lENDERS
1048 484 46 19 are
1124 472 163 32 INVITED
1323 473 42 32 fof
1395 477 47 28 the

909 526 145 28 SUTLY
1083 526 55 29 and
1177 527 201 28 DELIVERY
1415 528 29 27 of

809 578 143 28 MINING
972 578 148 28 TIMBER
1140 579 39 27 for
1199 578 55 30 this
1273 580 169 36 Company's

810 630 72 30 Mine
896 631 41 29 for
950 641 14 19 a
978 636 69 24 term
1061 632 30 29 of
1100 632 83 29 TWO
1196 632 131 28 YEARS.

843 736 206 37 Specifications
1070 737 54 29 and
1143 736 161 30 Conditions
1324 747 65 28 may
1408 737 33 29 be

808 797 62 19 seen
885 793 27 23 at
926 788 47 28 the
995 788 168 37 Company's
1182 788 93 33 Office,
1295 788 90 29 where
1404 789 36 29 all

808 841 119 28 Tenders
941 841 55 28 will
1009 841 32 28 be
1055 841 121 28 received
1190 851 37 26 np
1239 846 28 23 to
1280 843 32 26 10
1327 842 113 33 o'clock,

807 900 76 26 a.m.,
914 901 35 18 on
977 892 208 34 SATURDAY,
1213 893 45 28 the
1284 894 41 27 Ist
1350 893 89 33 MAY,

807 946 129 35 proximo.

841 1050 23 29 A
878 1049 122 31 Deposit
1023 1050 30 31 of
1132 1055 28 26 to
1181 1060 169 29 accompany
1371 1051 67 31 each

807 1103 101 28 tender.

839 1207 58 28 The
920 1207 93 29 lowest
1033 1218 31 18 or
1084 1218 56 26 any
1161 1208 95 28 tender
1275 1213 49 24 not
1347 1218 75 19 neces-

806 1258 81 37 sarily
900 1258 135 38 accepted.

1045 1312 121 28 JAMES
1190 1312 143 33 INGLIS,

1262 1364 139 36 Manager.

839 1413 87 35 Lyell,
941 1413 63 29 lGth
1018 1413 85 35 April,
1119 1415 75 27 1880.

807 1504 145 29 UNITED
972 1504 139 29 ALPINE
1126 1504 147 36 QUARTZ
1293 1505 142 31 MINING

925 1557 188 32 COMPANY,
1133 1558 175 25 LIMITED.

805 1660 207 28 ITIENDERS
1048 1668 46 21 are
1125 1660 163 30 INVITED
1318 1661 42 29 tor
1389 1661 46 30 the

900 1712 286 29 CONSTRUCTION
1200 1713 31 29 of
1238 1713 47 28 the
1299 1713 136 30 LOWER

805 1763 160 29 PORTION
979 1764 28 28 of
1024 1764 54 28 this
1099 1764 167 37 Company's
1287 1765 122 29 WATER-

804 1815 105 28 RACE.

838 1917 83 28 Plans
939 1919 54 26 and
1015 1918 206 36 Specifications
1239 1927 66 27 may
1318 1919 32 28 be
1370 1928 63 19 seen

803 1971 30 28 at
845 1968 46 30 the
904 1969 166 40 Vomjmnfb
1083 1970 91 35 Office,
1184 1969 92 31 where
1282 1970 36 30 all
1328 1970 107 32 tenders

803 2022 53 29 will
876 2022 35 29 ho
930 2022 122 30 receive/1
1074 2031 36 26 up
1123 2026 29 26 to
1173 2024 34 27 10
1226 2022 112 33 o'clock,
1360 2032 72 23 a.m.,

803 2083 34 18 on
860 2073 208 33 SATURDAY,
1092 2073 46 29 the
1158 2075 42 27 Ist
1222 2073 53 38 day
1297 2074 29 29 of
1344 2074 89 35 MAY,

801 2126 134 37 proximo.

835 2229 22 26 A
871 2228 123 29 Deposit
1014 2229 29 29 of
1055 2230 56 29 lO
1129 2234 28 25 to
1178 2238 170 29 accompany
1367 2230 66 29 each

800 2281 103 31 tender.

834 2386 58 28 The
912 2386 95 29 lowest
1027 2396 31 20 or
1079 2396 55 28 any
1153 2387 96 29 tender
1270 2391 48 26 not
1340 2398 82 19 neces

801 2439 82 36 sarily
897 2439 135 37 accepted.

1047 2492 122 30 JAMES
1188 2493 141 34 INGLIS,

1256 2545 142 35 Manager.

836 2592 87 38 Lyoll,
939 2595 63 27 lGth
1016 2594 86 36 April,
1118 2596 45 28 188
1163 2596 30 28 G.

804 2677 144 27 UNITED
962 2678 139 27 ALPINE
1120 2679 147 34 QUARTZ
1288 2679 145 30 MINING

920 2724 188 32 COMPANY,
1129 2725 174 31 LIMITED.

802 2829 206 31 mENDEIiS
1030 2830 172 32 WANTED
1229 2831 41 32 for
1297 2832 112 31 CLEAR-

889 2884 68 28 ING
978 2885 55 27 and
1058 2885 191 28 DRAINING
1272 2887 55 28 this
1352 2887 59 28 Com-

799 2937 97 35 pany's
909 2936 159 30 TAILING
1088 2937 85 30 SITE
1187 2943 29 23 at
1228 2937 117 38 battery.

834 3039 205 36 Specifications
1070 3050 65 26 may
1166 3040 33 30 be
1232 3050 64 20 seen
1326 3045 29 25 at
1385 3042 47 29 the

799 3087 168 41 Company's
980 3090 93 33 Oifice,
1087 3090 91 33 where
1199 3091 38 30 all
1248 3091 111 32 tenders
1375 3092 56 30 will

799 3142 31 27 be
852 3144 123 26 received
997 3152 36 27 up
1056 3148 28 23 to
1107 3147 33 24 10
1162 3145 113 33 o'clock,
1298 3154 78 24 a.m.,
1396 3156 36 18 on

800 3193 208 36 SATURDAY,
1040 3195 46 30 the
1119 3197 40 29 Ist
1189 3196 54 40 day
1279 3196 30 31 of
1342 3196 90 35 MAY,

799 3248 133 35 proximo.

833 3350 25 28 A
881 3350 124 30 Deposit
1026 3351 30 30 of
1077 3352 36 29 X's
1136 3357 28 25 to
1185 3361 168 30 accompany
1365 3353 67 31 each

800 3402 103 29 tender.

835 3454 58 29 The
917 3454 94 30 lowest
1032 3464 31 21 or
1085 3464 55 29 any
1162 3456 94 30 tender
1274 3460 48 26 not
1341 3465 75 22 neces-

800 3506 85 37 sarily
898 3507 135 37 accepted.

1040 3559 124 31 JAMES
1184 3561 141 33 INGLIS,

1257 3614 140 35 Manager.

835 3660 89 38 Lyell,
939 3662 64 30 16th
1016 3662 87 38 April,
1118 3664 75 29 1886.

969 3739 118 34 Public
1105 3742 153 33 Notices.

799 3822 77 28 THE
898 3823 187 29 ELECTION
1105 3824 48 28 OF
1172 3824 145 30 SCHOOL
1343 3826 66 29 COM-

1035 3875 155 30 MITTEE.

802 3980 241 53 jyTEETINGS
1068 3982 30 27 of
1122 3982 310 30 HOUSEHOLDERS

912 4030 55 30 will
980 4030 32 29 be
1026 4031 62 29 held
1102 4032 28 28 in
1144 4031 46 30 tlio
1204 4033 103 30 several
1322 4033 92 31 School-

799 4083 99 30 houses
912 4085 28 28 in
953 4085 46 28 the
1014 4085 204 35 neighborhood
1231 4091 28 24 at
1271 4088 70 28 7.80-
1355 4097 77 27 p.m.,

800 4145 35 20 on
873 4137 187 33 TUESDAY,
1096 4138 65 29 27th
1197 4138 123 34 APRIL,
1357 4140 76 34 1880,

800 4189 39 29 for
852 4189 46 29 the
919 4191 189 28 ELECTION
1131 4191 28 28 of
1179 4192 146 28 SCHOOL
1343 4193 66 29 COM-

802 4241 174 30 MITTEES.

835 4356 73 28 First
930 4356 134 37 Meetings
1077 4358 30 28 of
1122 4358 179 29 Committees
1321 4358 57 29 will
1401 4359 33 29 be

800 4408 73 33 hold,
887 4409 187 36 immediately
1098 4410 68 29 after
1188 4411 47 28 the
1256 4411 126 34 olection,
1404 4411 28 30 in

800 4459 46 31 the
859 4469 75 21 room
948 4461 89 30 where
1049 4461 47 30 the
1108 4462 114 30 election
1236 4462 64 31 took
1310 4462 86 40 place.

904 4514 42 35 By
960 4514 87 27 order.

948 4565 120 30 STEAD
1087 4566 121 35 ELLIS,
1223 4567 141 40 Secretary

1014 4620 101 27 Nelson
1129 4620 155 28 Education
1298 4621 100 27 Board.

849 4699 124 28 LYELL
992 4699 176 29 DISTRICT
1188 4702 197 28 HOSPITAL.

879 4810 138 29 PUBLIC
1040 4812 178 29 MEETING
1239 4813 55 29 will
1315 4814 33 28 bo
1369 4814 64 29 held

849 4855 11 13 L
896 4850 28 26 in
949 4850 159 30 Fennell's
1133 4852 81 27 Hall
1239 4862 35 18 on
1300 4853 110 30 SATUR-

800 4887 75 28 DAY
901 4888 185 35 EVENING,
1110 4889 65 29 24th
1205 4890 124 35 APRIL,
1360 4897 30 25 at
1416 4894 18 28 8

801 4925 102 30 o'clock
916 4926 90 36 sharp.

1035 5012 139 31 Business
1186 5022 5 21 :

869 5059 39 27 To
921 5059 62 28 take
996 5060 59 27 into
1068 5062 197 27 consideration
1278 5066 29 25 to
1320 5063 32 28 bo
1375 5063 59 28 best

938 5097 112 28 method
1064 5098 26 28 oi
1103 5099 81 37 using
1198 5099 46 29 the
1257 5108 101 30 money
1378 5101 42 29 col

937 5136 87 29 lected
1051 5138 40 28 for
1115 5138 46 28 the
1190 5141 118 26 erection
1341 5139 30 30 of
1398 5150 35 19 an

939 5174 128 35 Hospital
1077 5179 29 23 at
1116 5176 121 35 Lyoll,in
1248 5186 185 26 consequence

940 5211 29 28 of
988 5212 46 28 the
1054 5213 186 29 Government
1253 5214 138 36 declining
1404 5218 27 26 to

939 5249 61 28 take
1014 5259 54 27 any
1081 5256 72 30 steps
1167 5251 28 27 hi
1205 5252 46 27 the
1261 5256 109 29 matter,
1379 5254 55 27 and

939 5287 47 29 the
998 5287 139 39 Westpoit
1155 5289 113 30 District
1289 5289 92 30 Board
1393 5300 26 19 re-

938 5326 90 34 fusing
1059 5333 28 22 to
1117 5329 135 27 entertain
1288 5338 55 24 any
1373 5339 45 27 pro-

939 5365 90 36 posals
1054 5365 86 29 under
1163 5365 47 30 the
1235 5367 61 37 plea
1320 5367 61 30 that
1398 5378 36 19 an

940 5398 161 33 Institution
1125 5406 24 26 is
1172 5408 49 24 not
1250 5406 125 34 required
1404 5407 29 26 in

939 5439 87 36 Lyell.

838 5527 94 28 Under
945 5528 76 27 these
1033 5528 221 34 circumstances,
1267 5530 54 27 and
1334 5530 41 27 for
1387 5530 46 28 the

805 5573 113 27 purpose
941 5566 29 26 of
987 5566 68 35 fully
1075 5566 156 36 explaining
1256 5568 46 26 the
1324 5576 110 19 reasons

802 5602 121 28 adduced
938 5602 34 38 by
985 5605 188 27 Government
1187 5605 41 27 for
1241 5605 71 28 their
1323 5605 109 34 refusal,

804 5640 43 28 the
872 5641 164 29 Committee
1062 5643 89 27 would
1176 5643 87 28 desire
1283 5653 17 18 a
1320 5644 51 28 full
1393 5647 26 25 at-

804 5677 129 29 tendance
954 5679 29 27 of
1001 5679 169 29 Subscribers
1192 5684 27 24 to
1242 5681 125 29 consider
1390 5682 44 28 the

804 5720 52 26 mat
860 5722 40 24 tor
910 5717 27 29 in
952 5718 37 28 all
1001 5719 35 28 its
1050 5718 132 35 bearings.

1116 5767 122 27 JAMES
1259 5767 106 33 PECK,

1060 5814 141 34 Secretary
1215 5814 78 35 Lyell
1307 5814 127 37 Hospital

1147 5853 172 27 Committte.

1641 218 118 32 Public
1783 217 150 31 Notices.

1474 299 161 38 FERN
1683 296 154 40 FLAT
1884 293 216 47 HOTEL,

1630 360 125 30 UPPER
1785 359 162 29 BULLER.

1528 462 53 32 tJE
1595 466 86 29 above
1693 464 175 31 well-known
1885 463 73 29 hotel
1978 464 23 28 is
2022 463 80 33 again

1560 505 87 28 under
1658 505 45 27 the
1715 508 193 33 management
1915 501 29 30 of
1955 502 44 28 Mr
2010 501 92 29 Alfred

1472 541 101 35 Smith,
1583 543 47 28 the
1643 544 100 28 former
1755 543 158 37 proprietor.

1505 647 92 37 Every
1610 647 236 29 accommodation
1854 646 54 29 and
1922 646 180 28 convenience

1471 685 39 28 for
1524 686 140 28 travellers
1676 686 119 28 between
1809 686 47 27 the
1870 686 75 27 West
1957 684 82 28 Coast
2049 684 53 28 and

1473 724 110 35 Nelson,
1604 724 150 38 Hampden
1777 722 171 33 Matakitaki,
1971 722 129 38 Glenroy,

1472 764 115 32 Maruia,
1600 764 54 28 aud
1667 766 46 26 the
1727 766 83 26 Owen
1825 764 87 28 Reefs.

1472 876 158 29 Newman's
1644 877 89 35 Royal
1757 877 66 28 Mail
1844 876 70 28 Line
1933 875 30 28 of
1980 874 121 28 Coaches

1504 913 80 31 make
1609 914 55 31 this
1686 914 137 38 hostelery
1842 914 47 29 the
1911 914 58 29 first
1990 912 77 38 day's

1538 958 75 26 stage
1626 955 70 27 from
1708 954 75 28 West
1790 955 83 27 Coast
1882 957 28 24 to
1921 953 111 28 Nelson.

1502 1066 124 30 Tourists
1640 1076 50 20 can
1704 1067 32 29 be
1750 1066 130 38 provided
1892 1066 66 28 with
1970 1075 81 26 every
2061 1074 26 20 re-

1468 1105 154 35 quirement
1634 1107 41 26 for
1687 1105 111 33 visiting
1811 1105 46 28 the
1870 1105 75 28 lakes
1957 1105 56 27 and
2025 1113 55 25 mag-

1467 1143 113 29 nificent
1592 1143 182 37 surrounding
1785 1148 125 33 country.

1501 1182 105 28 Horses
1619 1183 53 27 and
1692 1183 145 36 equipages
1851 1192 15 19 a
1879 1181 150 38 speciality.

1649 1242 188 38 ALFRED
1860 1242 162 46 SMITH,

1901 1286 163 38 Proprietor.

1783 1470 169 22 WHOLESALE
1983 1470 56 21 AND

1858 1510 99 21 RETAIL

1566 1656 115 29 Dealers
1694 1657 28 28 in
1736 1656 37 28 all
1786 1656 180 37 descriptions
1978 1655 31 29 of

1480 1704 105 31 FARM
1622 1705 78 30 AND
1737 1705 119 30 DAIRY
1893 1703 189 32 PRODUCE.

1463 1781 100 30 Hotels
1571 1781 55 29 and
1639 1781 131 30 Families
1778 1780 100 31 waited
1890 1790 36 20 on
1938 1780 42 29 for
1988 1779 109 30 Orders.

1496 1858 101 29 Orders
1616 1858 138 30 delivered
1773 1862 28 25 to
1823 1858 38 28 all
1881 1860 76 35 parts
1969 1866 16 19 o
2016 1856 47 29 the

1720 1896 124 28 District.

1635 1971 75 34 TSoto
1723 1971 49 32 the
1783 1971 125 32 Address

1790 2029 117 27 AND
1987 2028 90 32 CO.,

1512 2086 75 29 Next
1610 2085 47 31 the
1682 2086 191 29 Government
1889 2083 155 38 JJuiidiugs,

1609 2135 87 28 Cliff
1715 2134 119 33 Street,
1854 2134 104 28 Lyell.

1463 2227 209 37 BROWN'S
1692 2225 119 39 BOOT
1839 2225 258 38 EMPORIUM

1714 2284 133 30 LYELL.

1463 2400 43 55 J
1543 2389 139 29 BROWN
1696 2390 30 27 in
1738 2388 136 36 thanking
1886 2388 44 27 his
1948 2396 148 21 numerous

1560 2432 149 25 customers
1740 2428 41 27 for
1810 2432 62 31 past
1901 2426 119 33 favours,
2043 2426 54 27 and

1463 2466 106 38 hoping
1594 2466 41 29 for
1656 2476 17 19 a
1694 2466 182 29 coutinuunce
1898 2465 29 30 of
1945 2464 46 30 the
2011 2474 85 24 same,

1462 2507 100 28 wishes
1574 2510 46 25 too
1633 2506 51 29 call
1698 2505 72 29 their
1788 2505 136 28 attention
1937 2507 28 26 to
1979 2504 44 27 his
2036 2514 61 18 new

1461 2544 79 27 stock
1562 2544 30 27 of
1614 2544 108 27 Ladies'
1748 2543 98 27 Maids'
1869 2542 54 28 and
1943 2542 155 28 Children's

1462 2582 86 28 Roots
1569 2582 30 26 in
1620 2585 77 32 great
1719 2581 114 36 variety.
1870 2580 75 30 Also,
1959 2579 43 28 his
2021 2579 74 37 large

1463 2620 55 30 and
1531 2620 96 29 variod
1640 2618 78 32 stock
1731 2618 30 31 of

1463 2673 120 39 Men.s,
1595 2672 142 32 Youths'
1750 2672 28 31 &
1790 2671 100 38 Boys'
1908 2671 106 31 Boots
2027 2671 68 31 and

1719 2707 119 33 Shoes.

1462 2808 87 33 Fresh
1562 2809 94 32 Goods
1668 2810 120 38 arriving
1809 2808 135 40 monthly,
1957 2808 91 31 which
2063 2810 33 29 ho

1496 2851 21 29 is
1531 2852 117 35 offering
1661 2855 29 26 at
1702 2852 87 36 prices
1802 2855 28 26 to
1841 2851 54 28 suit
1908 2850 47 29 the
1969 2851 91 29 times.

1461 2890 45 27 All
1530 2890 139 36 imported
1703 2890 85 33 goods
1818 2889 115 28 marked
1963 2890 28 27 in
2020 2890 76 35 plain

1721 2928 111 36 figures.

1496 3003 129 31 N.B.A
1637 3003 101 38 supply
1750 3005 30 29 of
1801 3003 88 31 North
1904 3003 103 30 British
2022 3004 71 30 Gum

1460 3043 85 28 Boots
1571 3043 55 28 and
1651 3044 70 28 Own
1747 3043 82 29 Make
1849 3043 182 35 Watertights
2056 3044 24 28 al-

1460 3088 74 30 ways
1546 3088 36 22 on
1595 3080 84 30 band.

1494 3119 117 37 Repairs
1623 3119 142 38 promptly
1775 3119 130 30 executed
1919 3119 54 30 and
1985 3119 108 32 elastics

1460 3158 130 28 inserted.

1486 3236 72 30 Not
1571 3236 47 30 the
1628 3236 271 30 Address:JOHN
1921 3237 147 34 BROWN,

1460 3281 90 32 Boot
1571 3282 29 32 &
1627 3281 210 33 Shoemaker
1857 3282 29 32 &
1914 3283 179 40 Importer,

1523 3327 142 37 (Opposite
1679 3326 80 30 Bank
1771 3327 31 29 of
1813 3328 67 28 New
1893 3328 141 35 Zealand.)

1578 3409 187 38 JAMES
1805 3410 172 42 RYAN,

1527 3497 181 30 ENERAL

1818 3497 277 37 ITOREKEEPER,

1611 3573 86 32 Cliff
1719 3574 122 36 Street,
1859 3574 86 31 Lyel.

1461 3727 93 29 Goods
1566 3727 134 37 carefully
1713 3727 105 37 packed
1830 3730 29 26 to
1872 3727 37 29 all
1922 3730 74 34 parts
2008 3728 31 28 of
2049 3728 46 29 the

1718 3765 116 31 district.

1478 3937 104 31 BANK
1602 3937 112 32 PRICE
1732 3934 121 34 GIVEN
1874 3937 73 32 FOR
1966 3939 110 31 GOLD.

1479 4018 195 39 WELG
1698 4018 141 39 OME
1910 4019 164 48 INN,

1722 4077 104 30 Lyell.

1571 4168 153 32 ELLEN
1754 4168 234 34 WILLIAMS

1501 4218 23 29 K
1549 4219 144 35 returning
1711 4219 102 28 thanks
1830 4220 41 27 for
1893 4224 62 32 pari
1976 4219 117 34 favours,

1534 4257 65 36 bogs
1616 4262 28 24 to
1664 4257 100 29 inform
1782 4257 50 29 hor
1849 4257 104 30 friends
1971 4258 55 29 and
2048 4258 46 29 the

1461 4295 91 39 public
1571 4297 61 29 that
1653 4296 49 29 she
1726 4297 50 29 has
1797 4297 59 36 just
1877 4297 154 37 completed
2049 4308 30 19 ex-

1462 4336 103 27 tensive
1583 4335 138 28 additions
1744 4336 55 27 and
1818 4336 160 27 alterations
2000 4342 27 22 to
2046 4336 49 28 her

1461 4372 142 38 premisos,
1621 4372 55 30 and
1696 4373 45 29 the
1764 4373 207 30 accomodation
1991 4374 23 29 is
2032 4383 60 20 now

1679 4413 191 36 unsurpassed.

1460 4490 74 33 Ales,
1560 4490 103 33 Wines,
1685 4490 55 29 and
1762 4490 98 36 Spirits
1886 4490 28 28 of
1937 4490 156 30 First-class

1634 4529 111 34 Quality
1759 4528 64 35 only
1837 4528 72 36 kept.

1530 4606 77 29 Good
1626 4606 126 34 Stabling
1770 4606 253 29 Accommodation.

1634 4666 126 30 ELLEN
1785 4666 205 33 WILLIAMS,

1841 4704 217 25 PftOPKIETUESS.

1521 4784 217 37 FORSYTH
1759 4786 28 35 &
1811 4784 229 45 MASTERS,

1461 4849 293 63 WHOLESALE
1780 4850 21 27 &
1831 4849 140 30 KKTAIL
1989 4851 84 29 lUON-

1684 4888 190 32 MONGEKS,

1611 4942 169 30 Broadway,
1801 4941 142 33 Rkkfton,

1462 4995 79 28 Have
1555 5003 35 20 on
1604 4993 75 29 hand
1697 4994 135 36 imported
1854 4994 84 29 direct
1957 4995 67 28 from
2048 4996 46 28 the

1513 5033 92 29 Home
1619 5031 130 34 markets,
1762 5042 15 17 a
1790 5032 87 34 Large
1891 5033 54 29 :md
1961 5033 64 30 Well-

1646 5070 122 27 assorted
1788 5071 82 26 Slock
1884 5072 30 25 of

1461 5132 167 39 Builders'
1644 5131 218 48 Furnishing,
1877 5132 136 49 Mining
2026 5134 68 38 and

1567 5192 147 38 General
1736 5193 255 47 Ironmongery,

1461 5266 99 33 Which
1583 5267 66 36 they
1668 5275 46 20 are
1735 5267 132 36 prepared
1891 5270 28 26 to
1941 5268 48 28 sell
2012 5273 27 25 to
2052 5278 26 20 re-

1473 5305 103 31 sidents
1589 5306 29 29 of
1628 5305 77 38 Lyell
1719 5310 29 25 at
1757 5306 151 37 extremely
1921 5306 51 30 low
1986 5309 95 36 prices.

1462 5410 153 27 Bickford'a
1629 5410 81 30 Fuse,
1724 5411 90 25 Hall's
1832 5411 126 32 Blasting
1971 5412 122 31 Powder,

1462 5448 122 33 Octagon
1599 5445 81 35 Steel,
1694 5446 91 28 Ames'
1808 5446 125 36 Shovels,
1955 5447 66 29 Pick
2039 5448 55 30 and

1463 5486 136 28 Hammer
1612 5484 134 33 Handles,
1759 5486 55 32 &c,
1826 5490 95 30 agents
1933 5486 42 30 for
1983 5484 111 33 Nobel's

1698 5524 160 35 Dynamite.

1463 5583 158 32 Furniture,
1653 5582 134 33 Bedding.
1818 5583 113 34 Lamps,
1973 5584 120 36 Cutlery,

1462 5622 172 36 Carpenters'
1648 5620 91 33 Tools,
1757 5621 103 31 Paints,
1883 5621 66 33 Oils,
1972 5622 122 34 Colours,

1600 5659 93 35 Fancy
1708 5659 87 32 Ware,
1809 5661 62 31 &c.;
1891 5660 66 32 also,

1465 5710 22 29 A
1501 5710 87 35 Large
1602 5709 173 29 Assortment
1793 5710 29 28 of
1840 5710 166 31 Galvanised
2019 5711 74 34 Iron,

1566 5750 143 26 Bessemer
1721 5749 55 27 and
1795 5749 103 36 Plough
1919 5750 73 28 Steel

1653 5803 102 29 WIRE
1776 5804 127 29 POPES.

1566 5856 59 29 SSS
1657 5855 174 30 OCTAGON
1861 5858 127 27 SIEEL.

2209 5066 185 37 GEORGE
2427 5066 41 35 E.
2492 5065 193 44 LEVIEN,

2132 5129 122 30 Member
2264 5129 29 29 of
2300 5127 45 30 the
2353 5126 236 31 Pharmaceutical
2596 5127 106 37 Society
2709 5126 53 31 and

2216 5167 237 28 Pharmaceutical
2472 5167 164 27 Conference
2650 5167 29 28 of

2337 5204 84 29 Great
2439 5204 116 34 Britain,

2183 5261 154 29 UIiGEON
2375 5260 174 32 DENTIST,
2580 5260 181 34 CHEMIST,

2292 5299 79 30 AND
2390 5298 205 36 DRUGGIST,

2344 5347 205 35 (REGISTERED.)

2131 5432 53 26 For
2197 5433 33 25 20
2243 5440 78 28 years
2340 5433 148 34 practising
2510 5432 28 27 in
2558 5432 204 34 Marlborough,

2131 5470 54 30 and
2197 5468 55 32 kto
2265 5469 32 31 of
2316 5470 102 30 Nelson
2438 5470 128 35 districts,
2580 5471 23 29 is
2623 5480 62 21 now
2704 5480 44 29 pre-

2229 5510 82 35 pared
2324 5513 27 24 to
2366 5510 94 27 attend
2473 5510 128 35 patients,
2615 5511 54 27 and

2166 5565 70 27 CAN
2269 5566 50 26 BE
2351 5564 224 28 CONSULTED
2611 5566 118 27 DAILY

2430 5627 34 20 AT

2133 5677 96 28 Rooms
2253 5684 30 20 in
2308 5676 184 28 Commercial
2524 5675 110 34 Hotel,
2658 5677 103 27 Lyell.

2165 5771 95 27 Advice
2286 5771 91 26 Gratis
2396 5770 70 27 from
2486 5771 16 26 9
2522 5773 27 24 to
2570 5771 30 25 11
2620 5779 74 24 a.m.,
2709 5771 53 28 and

2131 5809 68 29 from
2260 5832 6 7 .
2283 5810 14 25 5
2317 5816 65 28 pni.

2345 5861 30 25 G.
2397 5859 22 27 E
2451 5859 153 27 LEVIEN,
2626 5860 100 26 M.r.S.

2638 218 118 30 Public
2786 218 150 30 Notices.

2139 454 110 83 <#
2274 468 336 68 'B6-AUTUMN
2647 473 30 61 &
2713 473 172 61 WINTER
2928 473 366 61 DRAPERY--'B6.
3321 467 110 78 p>

2403 621 245 62 JOHN
2710 619 452 64 FENNELL

2138 722 60 31 Has
2210 724 84 30 much
2316 725 124 39 pleasure
2459 727 29 28 in
2509 726 176 35 announcing
2704 728 28 27 to
2752 725 47 29 the
2821 724 170 31 inhabitants
3012 726 31 31 of
3064 727 79 37 Lyell
3168 727 55 30 and
3248 729 183 38 surrounding

2511 766 120 28 districts
2653 765 48 28 the
2723 766 102 28 arrival
2848 767 31 26 of
2894 775 17 18 a
2930 766 125 29 LAIiOE

2648 1025 272 33 COMPRISING-

2173 1100 94 40 The
2290 1101 158 41 Latest
2471 1102 225 40 Novelties
2715 1103 85 39 and
2825 1101 213 41 Fashions
3059 1101 39 39 in
3122 1101 165 40 Ladies'
3309 1102 85 38 and

2479 1156 154 42 Gents'
2662 1156 207 51 Wearing
2887 1156 200 50 Apparel,

2138 1244 67 31 And
2229 1244 106 33 invites
2358 1256 38 21 an
2420 1245 164 41 inspection
2609 1246 31 31 of
2662 1246 50 31 the
2736 1256 90 27 same,
2853 1246 108 40 feeling
2985 1256 67 22 sure
3076 1247 66 32 that
3167 1247 43 32 for
3238 1247 190 39 VARIETY,

2286 1289 188 39 QUALITY,
2491 1290 58 31 and
2565 1290 137 32 VALUE
2720 1290 69 41 they
2805 1290 159 32 CANNOT
2980 1290 35 32 be
3032 1291 247 33 SURPASSED.

2139 1470 127 42 Ladies
2271 1473 6 16 1
2314 1472 72 41 and
2421 1472 198 43 Children's
2669 1472 214 42 WINTER
2928 1471 143 41 HATS
3110 1471 37 40 in
3189 1472 51 39 all
3283 1472 143 54 Shapes.

2171 1663 108 30 Ladies'
2295 1664 155 29 WINTER
2464 1664 163 29 JACKETS
2641 1665 54 28 and
2709 1664 115 30 CAPES
2838 1666 28 28 in
2880 1665 35 30 ail
2928 1666 47 30 the
2988 1666 107 29 Newest
3110 1667 104 37 Shapes
3228 1666 54 31 and
3295 1669 97 37 Styles.

2281 1740 87 38 New
2389 1741 190 37 Feathers!
2620 1741 87 37 New
2728 1742 151 37 Flowers
2895 1745 7 33 !
2944 1743 85 37 New
3053 1743 228 39 Trimmings!

2134 1821 75 40 SIT
2232 1820 48 31 All
2307 1821 51 32 the
2386 1822 95 31 NEW
2509 1822 59 31 and
2596 1822 289 33 FASHIONABLE
2914 1824 166 32 WINTER
3108 1824 132 32 DRESS
3264 1825 162 35 STUFFS,

2436 1895 68 31 And
2525 1895 235 33 TRIMMINGS
2782 1898 31 31 of
2831 1908 86 29 every
2938 1898 187 39 description.

2766 2011 18 26 0

2133 2072 140 77 MEN'S,
2311 2074 117 64 BOYS'
2462 2076 71 61 and
2569 2075 179 65 YOUTHS'
2784 2076 210 65 CLOTHING
3033 2093 36 47 n
3101 2079 146 63 Enfe
3271 2080 153 77 Variety.

2541 2377 119 34 CLIFF
2683 2381 169 38 STBEET,
2875 2384 146 34 LYELL.

2135 2522 139 60 The
2313 2523 363 74 Hampden
2720 2524 468 74 Co-operative
3231 2528 191 60 Store

2428 2616 362 77 Company,
2828 2617 313 66 Limited.

2134 2810 108 63 THE
2257 2810 84 30 above
2352 2810 145 40 Company
2505 2810 23 31 is
2542 2819 61 22 now
2613 2810 149 40 supplying
2775 2811 47 31 the
2836 2811 139 40 following
2992 2812 84 36 goods
3087 2817 27 27 at
3126 2824 16 21 a
3156 2814 83 39 slight
3253 2815 122 30 advance
3389 2825 35 20 on

2603 2853 148 28 NELSON
2768 2853 185 29 PllftJES-

2333 3088 37 31 Of
2380 3088 60 30 first
2453 3088 69 30 class
2535 3088 115 39 quality.
2686 3089 25 30 A
2725 3088 87 39 Large
2827 3088 54 31 and
2895 3090 101 30 Varied
3009 3090 175 33 Assortment
3196 3093 31 30 of

2131 3148 201 51 Crockery,
2370 3148 170 38 Earthen
2570 3149 75 38 and
2679 3149 226 45 Glassware,
2946 3150 279 54 Ironmongery,
3255 3155 81 46 &c.,
3358 3155 66 37 &c.

2133 3296 124 39 Men's
2291 3296 75 39 and
2404 3295 114 52 Boys'
2557 3295 272 52 Kaipoi-made
2877 3297 208 53 Clothing;
3133 3299 112 49 Hats,
3285 3303 137 49 Shirts,

2232 3349 355 49 Under-Flannels;
2644 3351 174 40 Drawers
2854 3353 72 38 and
2963 3353 144 50 Moles;
3151 3355 173 50 Tweeds,

2329 3405 175 52 Hosiery,
2528 3405 209 48 Blankets;
2766 3407 164 47 Calicos,
2954 3408 139 47 Prints,
3116 3410 91 39 Flan-

2540 3459 93 47 nels,
2655 3459 78 49 &c,
2756 3460 64 39 &c.
2875 3461 142 39 Also

2295 3537 154 47 Wheat,
2496 3537 109 46 Oats,
2653 3537 115 48 Bran,
2803 3537 117 40 Chaff
2942 3539 75 40 and
3050 3540 193 41 Potatoes.

2165 3686 100 30 Orders
2277 3685 196 37 accompanied
2491 3684 37 36 by
2541 3684 65 29 cash
2621 3685 173 29 remittances
2813 3687 162 35 punctually
2993 3689 130 28 attended
3137 3694 38 29 to,
3188 3690 55 29 and
3262 3692 85 35 goods
3366 3693 43 28 des-

2131 3724 117 37 patched
2262 3728 28 23 at
2302 3732 16 19 a
2332 3727 139 24 moments
2484 3723 98 27 notice.

2166 3762 84 30 Local
2267 3762 129 38 produce,
2415 3760 141 37 including
2575 3760 104 35 Hides,
2700 3760 94 35 Skins,
2819 3760 96 36 Wool,
2935 3762 125 36 Butter,
3074 3765 56 34 &c,
3145 3766 55 35 &c,
3219 3767 153 38 purchased
3384 3768 42 30 for

2131 3802 82 28 (Jash.

3010 3840 34 30 R.
3065 3841 129 36 M'NEE,
3214 3843 107 31 Lossce.

2166 3877 170 33 Murchison,
2351 3876 64 28 15th
2427 3875 86 34 June,
2529 3877 76 27 1885.

2708 4089 130 40 TRY

2379 4232 492 69 HKPAT

2899 4235 233 71 RIO
3160 4240 179 67 CB

2681 4603 84 34 sSTJL
2811 4612 46 27 sSv

2399 4832 73 40 IT
2548 4832 72 40 IS
2698 4832 152 41 THE
2925 4834 202 43 BEST

2796 5071 318 40 BELFAST
3166 5075 257 47 HOTEL,

2985 5141 113 29 GILD?
3119 5144 119 28 TOWN.

2965 5193 186 29 Eight-Mile
3171 5194 87 30 Road.

2797 5267 108 28 JTIIIE
2914 5268 184 38 undersigned
3107 5271 103 37 having
3218 5273 129 28 removed
3355 5273 70 30 from

2886 5320 66 30 Zala
2965 5322 85 29 Town
3063 5324 56 27 and
3132 5325 107 29 erected
3258 5336 61 19 new
3338 5337 70 27 prem-

2797 5368 51 29 ises
2869 5378 29 20 as
2918 5369 96 35 above,
3032 5370 24 30 is
3080 5381 62 21 new
3161 5374 132 37 prepared
3314 5381 28 24 to
3363 5376 63 29 offer

2797 5416 133 28 excelient
2972 5420 238 27 accommodation
3241 5427 28 22 to
3309 5423 117 27 visitors.

2797 5461 137 37 boarders,
2948 5464 55 30 and
3017 5464 45 31 the
3075 5466 91 39 public
3180 5468 150 39 generally.

2796 5557 74 28 Ales
2892 5559 99 27 Wines
3011 5569 54 19 and
3087 5562 110 29 Spirits
3223 5573 32 18 of
3281 5574 56 18 the
3360 5574 66 18 best

2946 5608 153 33 Qualities
3113 5618 70 20 only
3198 5618 80 22 kept.

2920 5699 154 48 Charges
3102 5704 189 41 Moderate.

2971 5821 123 29 l'iiTER
3114 5823 244 33 ARMSTRONG,

3229 5874 12 25 l
3241 5875 8 12 y
3251 5884 6 15 \
3265 5882 67 18 u!.n<
3335 5877 13 17 ,(
3349 5884 40 17 ior,

3642 218 118 31 Public
3784 221 150 30 Notices.

3668 298 22 31 N
3713 301 201 30 OTICE.

3471 376 39 28 To
3525 375 45 30 the
3584 373 171 34 inhabitants
3764 380 25 27 ot
3805 376 77 33 Lvell
3893 378 54 31 utid
3959 381 129 29 surround-

3700 427 46 27 ing
3760 417 113 30 district.

3619 555 27 25 to
3659 553 125 28 intimate
3804 553 60 29 that
3884 553 34 30 he
3943 554 108 29 intends
4076 560 28 23 to

3472 585 56 25 *-*
3567 595 68 24 start
3648 592 115 36 Baking,
3777 593 55 27 and
3846 593 35 35 by
3904 593 101 37 paying
4027 594 78 27 strict,

3470 630 135 28 attention
3620 635 26 24 to
3659 631 43 28 his
3725 631 120 29 business
3866 636 28 24 to
3916 632 81 29 merit
4017 642 17 19 a
4053 632 52 30 fair

3471 667 78 29 share
3565 669 30 27 of
3603 673 122 32 support.
3763 669 58 30 The
3834 672 71 35 price
3918 670 56 29 will
3986 671 32 28 be

3568 724 77 52 4lb.
3666 726 146 41 LOAF
3873 750 14 9 -
3942 726 62 52 gd.

3504 818 38 29 11.
3562 819 131 30 YOUNG
3706 820 110 29 intends
3829 825 28 24 to
3871 821 99 37 supply
3984 820 46 29 the
4038 828 66 30 very

3470 856 58 28 best
3541 859 104 34 quality
3656 860 30 26 of
3697 860 90 26 bread.
3824 861 23 25 A
3856 861 72 32 large
3939 863 166 24 assortment

3470 894 29 27 of
3521 894 81 29 small
3626 896 85 35 goods
3739 894 81 31 made
3850 906 82 28 every
3956 897 147 36 Saturday.

3472 933 122 37 Nothing
3615 933 50 30 but
3685 935 46 29 the
3756 935 57 29 best
3838 936 167 35 ingredients
4024 936 79 31 used,

3471 972 54 27 and
3537 973 163 36 everything
3712 974 59 27 sold
3784 978 28 23 at
3826 974 139 37 Wcstport
3977 974 97 36 prices.

3470 1055 197 30 CHRISTENING,
3698 1056 143 29 WEDDING,
3871 1060 55 20 AND
3962 1059 142 21 BIRTHDAY

3554 1097 86 20 CAKES
3659 1098 76 19 MADE
3753 1099 36 18 ON
3807 1098 56 19 THE
3882 1098 139 21 SHORTEST

3658 1136 130 19 POSSIBLE
3807 1136 110 21 NOTICE.

3503 1202 70 30 Note
3588 1204 46 29 the
3646 1205 154 28 Address

3469 1253 110 56 ALL
3601 1254 240 56 NATIONS
3872 1254 229 56 BAKERY

3538 1326 138 35 (Opposite
3689 1325 27 27 J.
3732 1324 88 37 liyan,
3835 1325 194 36 Storekeeper.)

3576 1404 178 42 JAMES
3801 1406 188 49 INGUS,

3519 1524 261 32 HABEBROKER
3811 1531 20 24 &
3862 1528 237 29 COMMISSION

3680 1656 206 34 AGENT,

3542 1789 115 29 Cliff
3693 1789 160 34 Street,
3888 1790 141 30 Lyell.

3485 1877 127 37 POST
3655 1878 193 38 OFFICE
3890 1879 190 42 HOTEL,

3670 1935 220 29 LYELL.

3513 2031 224 38 PETER
3768 2032 280 39 MANGOS

3478 2092 128 71 BEGS
3626 2097 27 26 to
3667 2094 102 30 inform
3789 2095 44 29 his
3850 2095 103 29 Iriends
3974 2095 55 29 and
4050 2096 47 29 tlio

3567 2133 93 37 public
3682 2135 62 28 that
3768 2134 43 29 his
3830 2143 62 20 new
3911 2135 188 29 commodious

3634 2173 86 28 Hotel
3733 2174 23 26 is
3769 2182 62 19 now
3844 2182 81 27 open.

3460 2210 153 27 Travellers
3632 2211 54 26 and
3705 2212 110 26 visitors
3834 2215 27 24 to
3880 2211 56 28 this
3954 2211 133 28 establish

3495 2251 78 26 ment
3586 2248 54 29 will
3652 2248 59 30 find
3725 2248 71 30 their
3805 2250 118 28 comfort
3930 2249 55 29 and
3999 2260 46 19 con-

3529 2287 131 29 venience
3671 2288 167 37 thoroughly
3848 2289 129 28 attended
3991 2293 37 25 to.

3461 2326 58 29 The
3532 2326 147 30 bedrooms
3700 2337 46 19 are
3756 2328 78 35 lofty,
3848 2328 56 28 and
3916 2328 64 28 well
3993 2328 105 36 lighted

3662 2365 56 28 and
3739 2365 158 28 ventilated.

3495 2441 206 30 Comfortable
3731 2441 128 29 Parlors
3885 2450 55 20 and
3961 2442 84 29 First-

3678 2489 82 21 class
3778 2481 104 28 Table.

3478 2520 59 27 One
3559 2520 31 27 of
3609 2519 128 29 Alcock's
3751 2521 78 27 Prize
3842 2521 117 28 Billiard
3972 2521 107 28 Tables.

3460 2595 58 28 The
3533 2595 55 28 Bar
3601 2596 23 27 is
3637 2594 113 30 stocked
3761 2595 66 28 with
3841 2595 74 34 Ales,
4044 2596 55 28 and

3513 2634 99 37 Spirits
3624 2636 26 26 ot
3669 2634 169 36 guaranteed
3856 2634 102 29 brands
3970 2636 75 36 only.

3493 2673 25 27 A
3536 2674 143 26 first-class
3701 2674 184 27 sixteen-stall
3897 2674 88 28 stable
3998 2684 75 18 uncon-

3460 2711 98 29 nected
3572 2711 68 29 with
3654 2711 56 30 this
3725 2711 85 29 hotel.

3713 2751 127 28 PETER
3863 2751 168 31 MANGOS.

3898 2789 154 33 Proprieor.

3591 2891 121 31 JOHN
3747 2891 226 39 FENNSLL,

3537 2954 93 28 ENE
3640 2953 59 29 BA
3708 2954 22 28 L
3787 2954 304 33 QTOREKEEPEII

3553 3040 83 31 Wine
3657 3048 54 19 and
3731 3041 96 28 Spirit
3850 3041 105 29 Mercs

3501 3153 102 35 Money
3622 3153 103 34 always
3747 3153 28 26 in
3797 3152 76 28 hand
3892 3153 42 27 for
3952 3152 104 36 cashing

3719 3191 126 38 cheques.

3499 3304 109 30 Liberal
3621 3304 135 29 advances
3770 3305 80 28 made
3868 3314 34 19 on
3916 3305 108 38 parcels
4036 3306 30 28 of

3679 3344 118 29 retorted
3810 3344 73 36 gold.

3606 3438 80 38 Cliff
3704 3439 122 44 Street,
3852 3439 108 47 Lyell.

3838 3672 148 34 LYELL.

3558 3811 206 41 JAMES
3814 3810 185 47 EDGE,

3558 3897 120 29 HOLE
3687 3897 109 29 SALE
3833 3898 80 27 AND
3958 3897 142 28 KET\IL

3610 3975 339 32 BUTCHER.

3462 4087 98 29 Hotels
3574 4087 54 28 and
3642 4086 132 29 Families
3793 4085 101 29 waited
3916 4095 35 19 on
3965 4086 82 37 Daily
4060 4087 40 28 for

3727 4123 109 29 Orders.

3515 4240 74 29 Meat
3603 4238 146 29 Delivered
3767 4242 28 24 to
3809 4237 36 29 all
3864 4241 76 34 parts
3953 4239 28 28 of
4001 4239 46 28 the

3720 4276 124 31 District.

3463 4384 118 34 NEW
3626 4383 155 32 CHUM
3822 4381 278 40 BUTCHERY,

3531 4438 129 36 Opposite
3671 4436 151 30 Alhambra
3833 4436 93 30 Hotel,
3942 4436 86 36 Lyell.

3464 4541 291 64 POUNDED
3808 4539 71 42 ON
3937 4540 159 42 FACT!

3497 4683 43 26 Ist
3559 4681 84 36 lady:
3682 4680 99 28 Where
3806 4678 34 30 do
3871 4687 53 28 you
3955 4681 45 34 get
4029 4688 69 26 your

3464 4719 115 35 drapery
3597 4727 71 21 now,
3683 4717 78 33 Mary
3774 4718 12 25 ?

3497 4756 58 30 2nd
3579 4756 86 38 lady:
3703 4755 83 38 Why,
3816 4758 29 26 at
3875 4755 46 29 the
3953 4755 81 29 Hall
4064 4763 33 21 of

3464 4796 165 32 Commerce,
3644 4796 108 26 Nelson.

3497 4835 44 27 Ist
3555 4833 84 36 lady:
3678 4832 71 29 How
3769 4831 160 35 beautifully
3948 4831 62 29 that
4023 4831 76 30 dres3

3464 4873 45 28 fits
3521 4882 54 26 you
3587 4873 6 26 !
3633 4871 97 28 Where
3742 4880 56 19 was
3811 4868 60 29 that
3890 4870 79 28 made
3980 4871 13 27 ?

3498 4911 56 29 2nd
3567 4909 85 37 lady:
3690 4910 37 27 At
3739 4909 33 28 E.
3785 4908 27 29 J.
3827 4909 127 28 Warxek
3972 4910 21 26 &
4014 4909 83 33 Co.'s,

3464 4949 47 29 the
3525 4949 80 27 Hall
3619 4956 32 21 of
3664 4948 163 28 Commebce.

3498 4989 43 27 Id
3555 4987 64 35 lady
3634 4996 8 18 :
3681 4987 72 27 How
3766 4995 63 19 ever
3842 4984 45 30 did
3900 4986 66 35 they
3981 4995 116 27 manage

3464 5031 28 23 to
3505 5026 31 28 lit
3544 5034 55 27 you
3607 5035 29 19 so
3647 5025 88 35 nicely
3749 5026 13 27 ?
3800 5024 78 29 Were
3889 5033 54 28 you
3954 5026 144 28 measured

3466 5066 39 25 for
3518 5065 21 25 it
3549 5065 12 25 ?

3497 5099 58 30 2nd
3567 5099 85 38 lady:
3691 5099 61 28 No!
3789 5099 14 28 I
3817 5099 101 37 simply
3938 5103 60 26 scut
4021 5099 77 31 them

3464 5150 35 19 an
3513 5139 44 30 old
3572 5139 71 36 body
3657 5139 61 28 that
3739 5139 78 28 fitted
3829 5149 54 23 me,
3897 5140 42 28 for
3950 5149 15 20 a
3979 5144 117 32 pattern,

3464 5178 66 28 with
3547 5179 45 25 the
3607 5177 93 35 length
3716 5178 28 25 of
3756 5177 45 27 the
3815 5177 74 26 skirt.

3497 5217 43 27 Ist
3553 5215 66 36 lady
3631 5224 8 18 :
3678 5214 52 29 Did
3749 5224 55 28 you
3816 5220 45 31 %ut
3873 5214 61 30 that
3945 5218 91 34 pretty
4050 5216 49 29 hat.

3464 5255 76 28 there
3552 5254 56 27 also
3620 5256 11 25 '?

3497 5293 58 28 2nd
3567 5292 85 37 lady:
3690 5291 63 34 Yes,
3767 5290 54 30 and
3838 5300 132 29 everyone
3993 5301 62 29 says
4076 5292 23 30 it

3464 5337 68 23 suits
3544 5341 44 19 me
3601 5341 30 17 so
3643 5332 79 27 well!

3498 5372 43 28 Ist
3567 5370 86 37 lady:
3702 5370 72 28 How
3799 5369 34 29 do
3857 5377 54 28 you
3937 5370 66 28 send
4029 5379 69 28 your

3465 5409 91 28 orders
3571 5414 25 21 to
3610 5409 75 26 them
3697 5410 12 25 ?
3747 5409 43 26 Do
3803 5409 65 28 they
3877 5408 64 27 send
3954 5414 120 28 patterns
4087 5412 9 18 >

3499 5445 57 29 2nd
3569 5445 66 37 lady
3648 5454 7 18 :
3695 5445 51 28 Yes
3760 5445 6 26 !
3804 5445 13 26 I
3831 5444 63 37 pick
3907 5451 46 22 out
3968 5445 46 27 the
4024 5447 75 28 color

3466 5486 14 28 I
3494 5485 114 37 require,
3622 5484 53 29 and
3690 5484 64 35 they
3768 5484 80 27 make
3857 5485 19 26 it
3886 5485 29 27 in
3928 5494 15 19 a
3957 5484 48 29 few
4019 5485 77 35 days.

3499 5526 43 26 Ist
3556 5524 65 34 lady
3632 5532 8 18 :
3678 5524 52 26 Arc
3741 5522 64 36 they
3818 5523 156 27 reasonable
3985 5525 29 26 in
4028 5524 70 27 their

3466 5562 113 30 charges
3590 5562 12 26 ?

3499 5598 57 28 2nd
3580 5597 84 37 lady:
3702 5597 63 29 Yes,
3791 5605 73 27 very.
3902 5598 13 26 1
3942 5597 56 28 find
4021 5599 76 27 them

3466 5636 187 35 considerably
3675 5636 114 35 cheaper
3811 5637 67 26 than
3900 5646 53 25 any
3977 5638 84 27 house
4084 5638 14 26 1

3466 5676 69 27 have
3550 5684 62 17 ever
3626 5674 72 27 dealt
3712 5674 73 26 with.

3500 5714 42 27 hi
3567 5711 84 37 lady:
3701 5711 68 28 How
3793 5711 74 29 nice!
3907 5712 12 28 I
3946 5722 43 19 nm
4016 5714 83 29 much

3466 5752 106 31 obliged
3589 5757 25 21 to
3627 5759 69 26 you;
3718 5751 62 27 and.
3795 5761 29 16 as
3842 5752 6 24 i
3873 5754 104 32 require-
4002 5762 11 17 n
4040 5755 57 25 nice

3466 5795 120 22 costume
3608 5788 54 28 and
3687 5788 45 28 hat
3757 5789 38 25 for
3817 5788 44 27 the
3886 5791 103 26 wiuUT,
4009 5788 4 30 !
4045 5791 54 27 will

3466 5827 130 36 eertaiuly
3623 5826 65 28 send
3712 5827 73 27 them
3811 5827 44 27 the
3877 5828 77 27 oi\l<u'
3978 5829 32 34 by
4036 5836 64 21 next

3465 5866 93 28 coach.
3596 5865 75 27 (Jood
3688 5865 57 31 bye.
3764 5866 87 32 M.irv,
3866 5868 65 26 -ooJ
3931 5865 2 33 t
3950 5865 3 33 l
3960 5877 29 17 -v
4003 5889 5 4 .
