4210 6020
304 228 24 30 A
350 227 78 31 BOY
451 226 122 31 HERO.

161 309 62 32 The
238 309 146 32 Waimate
399 307 226 41 correspondent
649 306 31 32 of
701 305 49 32 the

120 353 211 33 Christehurch
346 354 95 34 Tress,
453 351 188 40 telegraphed
652 360 37 22 on
701 350 49 32 the

121 398 52 31 Bth
188 398 113 30 instant
315 397 50 31 the
380 396 148 40 following
542 405 46 21 :-

161 442 46 32 An
235 444 47 30 act
309 442 32 31 of
361 440 131 42 bravery,
521 440 58 31 and
607 449 54 21 one
686 438 65 31 that

119 487 133 31 deserves
279 496 80 22 some
386 485 190 40 recognition,
605 494 58 21 was
687 494 47 29 per-

119 530 111 30 formed
246 532 29 28 at
290 529 50 31 the
355 528 148 31 Waimata
526 528 52 30 fire
600 527 37 40 by
658 536 17 20 a
696 526 55 39 boy

120 572 108 33 named
243 572 85 32 Evan
344 571 72 38 Fox,
432 571 100 32 eleven
546 581 84 30 years
644 570 31 31 of
687 580 62 29 age.

121 618 24 30 A
161 627 69 21 man
245 615 107 33 named
368 615 134 33 Sullivan
517 614 57 31 and
588 613 47 32 his
649 613 103 41 family

120 661 137 40 occupied
291 671 54 22 one
379 660 32 32 of
434 659 65 32 four
526 661 138 37 cottages,
694 657 57 31 and

119 704 113 42 though
246 703 51 33 the
311 704 52 30 fire
377 702 108 32 missed
506 701 50 33 tHe
581 701 82 31 three
687 701 65 30 first

119 751 128 39 cottages
261 747 24 34 it
299 746 147 34 somehow
460 745 109 42 caught
582 744 65 33 that
668 755 72 22 occu

119 793 66 41 pied
199 793 39 41 by
253 792 143 33 Sullivan.
440 790 134 33 Sullivan
595 800 59 21 was
678 789 74 40 busy

120 840 30 30 at
164 836 50 34 the
228 836 72 35 time
313 835 98 43 trying
425 838 30 30 to
468 845 117 23 remove
599 844 38 23 an
659 833 92 33 entire

119 881 85 32 horse
218 883 31 29 to
263 890 18 21 a
293 881 82 40 place
390 880 31 31 of
439 881 102 39 safety,
566 878 86 32 when
675 878 77 31 little

122 925 62 33 Fox
197 923 109 34 rushed
320 934 40 31 up
374 922 58 33 and
446 922 62 34 told
531 921 134 34 Sullivan
686 921 66 33 that

121 970 46 31 his
181 969 92 33 house
286 968 59 32 had
359 968 110 41 caught
482 968 63 37 fire,
560 967 60 31 and
630 966 66 32 that
706 966 46 32 his

120 1013 143 37 children,
291 1023 88 22 seven
402 1012 31 32 in
458 1011 49 38 all,
533 1022 74 21 were
631 1010 31 32 in
686 1010 65 32 bed.

124 1056 134 34 Sullivan
268 1056 108 33 rushed
387 1059 31 30 to
428 1056 51 32 the
489 1056 101 37 house,
599 1055 57 31 and
662 1054 91 32 found

121 1102 66 32 that
201 1100 46 34 his
261 1102 65 32 wife
341 1101 57 32 and
413 1103 57 29 two
494 1099 32 33 of
547 1099 50 33 the
621 1098 132 32 children

122 1157 75 20 were
208 1145 92 42 safely
310 1145 123 37 outside,
445 1144 53 32 but
510 1144 65 32 that
586 1144 56 31 five
653 1143 99 32 others

122 1199 75 23 were
211 1189 31 32 in
256 1188 66 39 bed,
338 1188 57 33 and
409 1188 66 33 that
496 1187 51 33 the
567 1186 103 33 flames
694 1186 60 32 had

123 1233 117 42 already
253 1233 125 32 reached
392 1233 50 31 the
456 1232 56 32 bed
522 1232 122 32 clothes.
687 1231 49 32 Sul-

122 1276 80 33 livan
216 1277 110 41 caught
338 1286 40 32 up
392 1276 82 32 three
498 1275 33 33 of
547 1275 51 33 the
621 1274 37 33 ch
670 1274 46 33 I.r
721 1285 33 21 jn

124 1322 58 32 and
192 1321 109 33 rushed
311 1324 31 31 to
352 1320 51 33 the
413 1320 74 33 back
498 1320 69 33 door
578 1319 71 33 with
661 1320 92 37 them,

124 1365 53 33 but
190 1365 97 33 before
300 1365 38 32 he
353 1364 86 33 could
452 1367 49 38 get
515 1365 60 36 out,
590 1363 77 32 little
681 1364 73 37 Fox,

124 1409 66 33 who
204 1409 59 33 had
276 1408 150 43 fearlessly
436 1407 119 33 entered
566 1407 50 33 the
627 1407 128 42 burning

124 1452 134 43 building
271 1453 69 34 took
362 1464 40 30 up
427 1463 54 22 one
505 1452 32 33 of
557 1452 51 33 the
632 1454 57 31 two
712 1463 42 21 re-
763 1452 1 43 j

124 1498 134 41 maining
271 1498 142 36 children,
430 1496 57 32 and
501 1496 32 32 in
544 1506 16 21 a
571 1496 185 41 remarkably

124 1541 82 34 short
220 1553 85 31 space
320 1541 32 34 of
362 1541 71 33 time
448 1539 147 44 conveyed
618 1539 47 33 his
688 1539 51 34 bur-

124 1586 57 31 den
195 1588 31 29 to
240 1596 18 21 a
271 1585 216 40 neighbouring
500 1584 141 41 paddock.
693 1585 62 31 Fox

124 1628 102 33 darted
240 1627 74 32 back
328 1630 31 31 to
383 1628 50 31 the
458 1627 92 32 house
575 1626 97 42 again,
698 1626 59 32 and

126 1683 59 22 saw
200 1672 134 33 Sullivan
348 1671 86 33 make
449 1677 17 26 a
480 1670 128 33 fruitless
633 1673 125 39 attempt

126 1718 31 30 to
170 1719 49 38 get
233 1718 51 30 out
298 1717 32 31 of
341 1716 50 32 the
405 1715 74 32 back
492 1715 81 37 door,
588 1714 96 32 which
698 1725 59 21 was

126 1758 182 34 surrounded
334 1758 72 32 with
433 1758 114 33 flames.
605 1758 93 39 Quick
727 1769 31 21 as

126 1802 128 42 thought
266 1813 100 31 young
387 1802 63 33 Fox
471 1812 60 22 was
554 1801 130 42 through
708 1801 51 32 the

126 1846 129 44 burning
268 1846 71 34 door
353 1847 58 33 and
426 1858 82 33 away
520 1849 67 40 past
613 1846 144 39 Sullivan,

126 1892 58 32 and
198 1902 60 22 was
272 1903 68 22 seen
355 1894 30 30 to
399 1891 66 41 pick
479 1902 39 30 up
532 1891 124 33 another
681 1891 78 32 child

126 1936 66 31 that
205 1936 59 31 had
286 1936 73 30 been
383 1935 147 40 conveyed
553 1938 31 29 to
606 1935 50 32 the
681 1935 78 32 front

124 1980 67 38 part
205 1978 32 31 of
247 1978 51 31 the
312 1978 102 31 house.
465 1977 26 31 A
515 1979 133 30 moment
672 1978 71 30 after-

125 2021 94 33 wards
233 2021 64 33 Fox
309 2031 60 22 was
393 2031 69 22 seen
486 2020 125 43 trotting
634 2020 126 34 towards

124 2065 48 33 his
200 2077 66 21 own
292 2065 98 37 home,
418 2065 136 41 carrying
581 2075 55 23 one
663 2065 96 33 naked

124 2108 81 31 child
228 2108 31 32 in
273 2108 46 31 his
343 2119 89 26 arms,
458 2108 59 31 and
539 2108 72 31 with
635 2108 125 32 another

124 2151 132 42 running
270 2154 30 30 at
319 2152 48 31 his
386 2152 93 33 heels.
520 2152 164 41 Following
708 2152 51 33 the

126 2196 133 42 example
270 2195 31 33 of
306 2206 99 32 young
414 2195 72 38 Fox,
496 2195 135 33 Sullivan
637 2196 122 42 escaped

126 2239 38 42 by
178 2240 50 33 the
242 2240 79 33 front
336 2240 80 34 door.
460 2239 135 34 Sullivan
609 2251 150 30 expresses

124 2283 123 31 himself
257 2284 30 30 in
303 2286 90 28 terms
408 2283 31 31 of
456 2283 51 31 the
531 2284 118 39 deepest
671 2284 74 40 grati-

126 2326 69 34 tude
210 2327 126 35 towards
350 2327 73 39 Fox,
449 2326 58 34 and
531 2326 156 35 attributes
709 2327 51 34 the

126 2373 103 40 saving
262 2373 32 33 of
325 2373 51 33 the
409 2373 57 33 five
499 2373 159 33 children's
685 2373 72 33 lives

124 2416 125 41 entirely
263 2419 31 29 to
308 2416 51 32 the
373 2416 104 40 timely
489 2416 134 40 warning
644 2416 33 32 of
697 2416 64 33 Fox

125 2459 59 32 and
197 2458 51 34 the
262 2459 77 34 little
352 2459 122 34 fellow's
487 2458 80 44 truly
590 2459 87 34 noble
701 2460 59 32 and

124 2503 89 35 brave
235 2505 108 34 action.
397 2505 16 33 I
436 2505 75 33 have
538 2505 86 33 made
651 2505 110 33 careful

124 2549 142 41 inquiries
280 2550 59 31 and
353 2548 99 34 talked
466 2549 72 32 with
562 2550 113 32 several
696 2560 48 32 eye-

125 2592 152 32 witnesses
291 2593 31 32 of
333 2593 51 32 the
398 2602 178 31 courageous
591 2594 126 31 conduct
732 2594 32 31 of

126 2635 73 40 Fox,
214 2635 59 33 and
286 2635 65 44 give
365 2635 51 35 the
431 2635 90 35 above
535 2635 175 44 particulars
729 2647 32 23 as

124 2681 99 33 actual
256 2681 85 33 facts.
402 2681 99 33 While
534 2692 18 22 a
578 2682 127 32 number
733 2682 31 33 of

124 2724 102 41 people
240 2734 75 23 were
329 2724 139 41 standing
480 2724 120 42 looking
614 2736 39 21 on
667 2728 30 29 at
710 2725 52 33 the

126 2768 135 41 building
287 2768 88 41 being
399 2768 168 37 consumed,
594 2768 58 31 and
674 2768 87 33 while

126 2811 71 44 they
211 2812 116 34 seemed
340 2811 129 44 helpless
484 2823 31 23 as
530 2823 72 23 soon
616 2822 33 24 as
662 2811 24 35 it
700 2823 60 24 was

126 2856 107 33 known
248 2857 50 32 the
322 2858 57 31 five
403 2857 133 32 children
559 2868 75 21 were
656 2858 32 31 in
710 2858 51 31 the

126 2902 128 41 greatest
267 2900 111 43 danger
391 2900 32 34 of
434 2900 88 43 being
535 2900 92 34 burnt
640 2901 32 33 in
682 2901 78 34 their

119 2945 87 35 -beds,
221 2945 51 30 the
286 2946 77 30 little
378 2945 48 30 lad
440 2946 63 30 Fox
514 2946 59 29 had
582 2955 139 29 preseneo
732 2947 32 29 of

127 2975 247 65 I^^'n^^
374 2997 6 22 l
388 2997 80 41 TiiiP
473 2997 35 25 rr
513 2987 37 41 ''fr
573 2997 12 23 Il
585 2994 5 7 '
591 2982 92 39 rr^l
702 2997 38 23 an
742 2988 18 32 d

127 3042 116 31 emerge
471 3032 129 42 burning
626 3033 135 41 building

126 3075 94 39 twice,
246 3075 58 34 and
327 3075 75 34 after
423 3075 38 34 he
484 3075 61 35 had
565 3077 121 33 rescued
709 3077 51 33 the

126 3121 143 38 children,
284 3120 47 33 his
345 3121 65 32 first
430 3121 128 41 thought
582 3122 59 32 and
663 3122 98 33 action

127 3175 59 22 was
201 3167 31 31 to
246 3175 111 32 convey
370 3164 82 33 them
467 3167 31 31 to
511 3164 48 33 his
573 3176 66 23 own
660 3165 99 34 home.

127 3209 83 33 Such
237 3209 126 34 conduct
387 3220 39 22 on
448 3209 51 34 the
522 3211 68 41 part
613 3209 32 34 of
666 3220 17 22 a
705 3209 56 44 boy

125 3255 103 31 eleven
242 3265 84 30 years
340 3255 32 31 of
383 3266 53 28 age
449 3255 26 31 is
488 3256 53 30 not
555 3255 71 40 only
647 3256 114 39 worthy

125 3297 34 31 of
169 3296 87 41 being
270 3296 101 40 placed
386 3307 39 20 on
438 3297 110 36 record,
569 3296 54 32 but
647 3297 114 41 worthy

127 3340 32 34 of
169 3350 80 24 some
264 3340 176 33 substantial
449 3340 192 42 recognition.

181 3434 85 34 THE
287 3434 125 34 FINAL
433 3434 267 36 CONCLUSION.

166 3517 79 34 Here
258 3517 26 33 is
298 3528 17 22 a
329 3520 80 40 story
422 3518 97 34 which
533 3519 162 33 illustrates
710 3520 51 33 the

126 3561 180 43 desirability
315 3562 31 32 of
352 3563 110 40 elderly
470 3563 170 41 gentleman
647 3564 114 42 strictly

126 3606 154 42 observing
289 3606 50 34 the
348 3607 84 34 truth
440 3607 32 34 in
479 3608 77 33 their
561 3609 179 34 communica-

126 3651 78 32 tions
218 3651 71 32 with
303 3651 51 32 the
369 3651 79 32 third
462 3652 58 31 and
529 3652 100 32 fourth
639 3663 102 30 genera-

126 3695 73 33 tion.
249 3694 24 34 A
296 3695 200 43 grandfather,
520 3696 187 34 well-known
729 3697 32 33 in

126 3740 50 31 the
191 3740 102 31 House
307 3740 33 31 of
350 3740 104 37 Lords,
470 3751 59 20 was
543 3741 52 31 the
609 3742 85 31 other
705 3742 56 40 day

126 3782 146 44 amicably
305 3782 135 44 chatting
473 3784 72 33 with
578 3783 48 35 his
654 3785 88 42 grand-

124 3828 155 40 daughter,
294 3828 66 32 who
374 3839 60 21 was
449 3829 99 31 seated
562 3839 38 22 on
614 3829 47 32 his
675 3830 84 32 knee.

195 3871 91 33 What
300 3871 101 34 makes
420 3882 72 32 your
515 3871 66 34 hair
605 3882 32 24 so
661 3872 99 40 white,

360 3916 51 31 the
425 3917 76 31 little
518 3917 119 31 maiden
661 3917 100 32 asked.

226 3970 49 22 am
288 3969 70 33 very
371 3958 58 41 old,
444 3971 51 32 my
509 3958 79 36 dear.
630 3959 16 35 I
660 3971 59 23 was
729 3961 33 33 in

125 4004 51 32 the
290 4004 63 32 said
358 4004 47 32 his
411 4005 141 41 lordship,
559 4006 71 31 with
636 4006 126 32 reckless

126 4046 104 44 regard
244 4047 44 34 for
302 4047 94 34 truth.

200 4091 46 32 Oh
309 4091 63 32 said
385 4092 54 32 her
452 4092 77 32 little
548 4092 145 41 ladyship,
717 4102 30 22 re-

127 4133 124 43 garding
263 4133 54 35 her
331 4134 216 43 distinguished
554 4135 123 33 relative
690 4135 72 33 with

127 4178 80 34 fresh
221 4178 132 38 interest,
406 4189 49 22 are
469 4190 57 30 you
540 4180 87 33 Noah

200 4222 56 38 No,
271 4223 15 32 I
301 4233 48 22 am
364 4225 52 30 not

200 4266 58 32 Are
272 4276 57 31 you
345 4266 101 38 Shem,
461 4267 73 31 then

200 4310 56 39 No,
271 4310 15 34 I
301 4321 49 23 am
364 4312 53 32 not

200 4355 57 30 Are
272 4365 57 29 you
343 4355 80 30 Ham

199 4396 55 39 No,
270 4397 16 32 I
300 4407 48 23 am
363 4399 53 32 not
429 4407 73 23 even

200 4441 84 31 Then
293 4452 57 31 you
359 4443 80 30 must
445 4441 35 32 be
642 4442 122 32 insisted

129 4485 52 32 the
195 4484 76 33 little
286 4485 127 38 maiden,
428 4487 32 31 at
470 4485 50 33 the
534 4486 58 32 end
603 4486 32 33 of
642 4486 53 32 her
703 4486 45 32 his-

130 4528 102 33 torical
247 4530 105 37 tether,
369 4529 58 32 and
449 4530 131 41 growing
601 4530 161 33 somewhat

129 4572 157 41 impatient
319 4573 71 32 with
419 4573 51 32 the
496 4573 144 43 difficulty
667 4574 96 32 which

130 4617 182 33 surrounded
326 4617 53 33 her
393 4617 74 42 aged
487 4618 148 33 relative's
658 4619 90 33 identi-

129 4661 130 32 fication.

199 4706 55 37 No,
269 4706 16 33 I
309 4716 48 22 am
381 4708 53 31 not
630 4707 63 32 said
716 4707 47 33 his

127 4749 142 41 lordship,
284 4749 136 42 wagging
435 4750 48 32 his
506 4750 86 39 head,
617 4751 146 42 intensely

129 4792 139 43 enjoying
281 4793 51 34 the
343 4794 78 42 joke.

202 4837 94 38 Then,
534 4839 63 32 said
611 4839 50 32 the
685 4839 77 32 little

129 4881 128 38 maiden,
272 4882 99 42 firmly
380 4883 59 32 and
446 4883 165 42 decisively,
634 4887 128 39 "you're

130 4935 18 21 a

168 5019 44 32 Dr
226 5020 141 42 Talmage
381 5030 66 33 says
461 5022 82 32 there
565 5033 48 22 are
635 5025 128 36 400,000

128 5063 214 43 opium-eating
368 5076 116 23 women
510 5066 32 32 in
569 5066 50 33 the
651 5068 112 33 United

130 5107 108 33 States.

170 5162 24 31 A
246 5160 128 34 Dickens
388 5162 87 42 fancy
488 5163 80 32 dress
703 5177 60 21 was

130 5204 91 41 lately
233 5204 70 33 held
317 5207 31 30 at
361 5205 51 32 the
423 5205 202 34 Freemasons'
636 5209 125 37 Tavern,

130 5248 136 37 London,
289 5247 51 33 the
364 5251 99 39 guests
487 5249 88 43 being
598 5253 50 39 got
669 5263 40 31 up
733 5255 30 30 to

130 5294 150 40 represent
306 5293 116 33 various
450 5294 166 34 characters
647 5296 31 33 in
713 5297 50 33 the

130 5339 84 39 great
227 5337 122 32 writer's
363 5338 111 32 novels.

170 5381 63 33 The
244 5392 98 31 young
352 5382 171 41 generation
535 5383 32 33 of
568 5383 51 33 the
626 5385 138 32 colonists

130 5426 91 32 the
235 5426 143 41 moneyed
391 5426 161 33 kindare
567 5428 149 32 described
727 5429 38 41 by

132 5468 47 31 Mr
193 5469 115 32 Froude
323 5479 32 20 as
407 5469 79 37 vain,
501 5470 147 40 ignorant,
659 5472 87 31 under-

132 5512 80 39 bred,
224 5512 125 34 without
360 5513 122 42 dignity,
490 5513 124 34 without
621 5517 143 40 courtesy,

131 5557 59 30 and
224 5558 71 30 with
329 5567 18 21 a
380 5558 114 31 conceit
527 5559 96 30 which
657 5560 25 31 is
712 5570 35 21 un-

170 5644 200 32 Missionaries
384 5644 63 32 find
470 5644 66 31 that
558 5655 121 29 savages
700 5646 66 31 who

128 5688 58 32 live
200 5688 112 42 mainly
327 5700 37 21 on
379 5700 17 20 a
410 5689 118 38 vegetal
534 5689 27 32 h
575 5700 33 21 or
628 5689 57 32 fish
707 5691 59 31 diet

130 5743 49 21 are
194 5733 50 31 the
258 5735 78 29 most
350 5733 196 39 quickwitted,
572 5733 87 31 while
683 5734 83 31 those

129 5775 67 32 who
210 5775 57 31 live
281 5775 176 39 principally
471 5786 38 21 on
525 5786 16 20 a
555 5778 80 29 meat
646 5776 60 31 diet
718 5787 48 20 are

128 5818 122 42 capable
265 5818 32 32 of
314 5818 89 39 doing
427 5829 81 23 more
532 5818 80 34 work
636 5819 59 32 and
716 5830 33 21 en-

129 5863 107 39 during
251 5875 80 21 more
346 5863 120 39 fatigue.

842 222 343 33 MISCELLANEOUS
1206 221 136 31 ITEMS.

818 327 97 34 About
932 329 75 32 1000
1021 327 115 34 electric
1158 326 90 42 lights
1272 338 48 21 are
1345 337 66 22 now

779 374 128 38 burning
921 374 30 30 in
968 374 109 30 Boston
1093 373 125 39 nightly.

817 426 36 31 In
878 425 50 32 the
952 424 259 33 Franco-German
1240 433 60 23 war
1324 435 86 30 every

778 470 78 32 third
892 470 131 32 German
1058 468 106 34 soldier
1197 469 59 32 had
1290 480 17 21 a
1340 480 69 30 map

778 515 31 29 of
821 515 50 29 the
886 519 123 35 country
1024 515 128 38 through
1168 514 95 30 which
1288 514 38 30 he
1350 524 59 19 was

778 556 165 42 travelling.

817 610 74 31 Lees
904 610 57 30 and
973 610 118 31 Farnan
1099 610 74 31 have
1185 610 101 41 signed
1294 610 116 32 articles

780 657 29 29 to
820 654 75 41 fight
909 654 29 31 in
955 654 89 32 about
1059 654 82 32 three
1162 654 95 32 weeks
1272 655 71 32 time
1366 656 43 31 for

778 699 80 30 4OO
883 698 58 31 and
964 697 50 32 the
1039 698 225 41 championship
1286 699 31 30 of
1335 699 55 31 Aus-

779 741 96 33 tralia.

818 800 138 41 Murphy,
981 799 51 32 the
1047 799 187 34 well-known
1256 800 155 33 Auckland

778 844 198 42 light-weight
999 844 99 39 boxer,
1124 845 58 32 and
1207 845 28 32 J.
1264 845 88 41 King,
1382 845 31 33 of

779 888 182 37 Melbourne,
976 891 62 28 met
1052 889 31 29 in
1097 889 51 31 the
1170 890 133 30 Masonic
1328 890 81 35 Hall,

780 932 127 42 Sydney,
917 943 38 21 on
966 932 102 32 March
1075 934 49 32 27.
1166 932 129 43 Murphy
1304 933 87 32 under-

779 977 68 32 took
861 979 30 30 to
906 976 94 33 knock
1014 976 46 32 his
1075 981 149 37 opponent
1248 980 51 29 out
1314 977 31 32 in
1366 977 43 32 six

778 1021 119 32 rounds.
939 1021 81 41 King
1033 1033 59 19 was
1106 1033 88 21 never
1208 1021 31 31 in
1255 1023 49 31 the
1323 1022 85 41 fight,

779 1065 58 32 and
846 1065 130 32 received
988 1075 76 22 amo
1102 1065 178 32 unmerciful
1291 1065 120 42 beating

780 1110 74 32 from
870 1110 49 32 the
935 1110 71 31 New
1022 1110 172 32 Zealandcr.

819 1163 62 31 The
903 1162 156 41 Edinburg
1080 1162 140 38 Conrant,
1243 1173 17 21 a
1281 1163 60 31 fine
1364 1163 48 31 old

779 1217 98 31 paper,
906 1217 72 22 once
1005 1217 17 22 a
1048 1207 98 32 lender
1173 1208 31 31 of
1225 1207 187 41 journalistic

780 1251 169 40 enterprise,
964 1251 103 31 ceased
1081 1250 181 41 publication
1287 1262 38 20 on
1340 1251 71 31 Feb.

781 1296 27 37 G,
825 1294 74 33 after
912 1304 39 23 an
966 1294 146 33 existence
1126 1294 32 33 of
1171 1297 54 30 181
1251 1306 93 31 years.
1387 1295 25 32 A

781 1350 169 31 newspaper
976 1339 105 42 legend
1103 1351 66 30 says
1206 1340 66 32 that
1305 1340 108 32 Daniel

781 1383 100 38 Defoe,
898 1383 107 32 author
1025 1384 32 32 of
1105 1383 151 33 Robinson

782 1438 71 22 once
868 1426 96 33 edited
978 1426 50 33 the
1043 1438 65 22 now
1123 1427 119 33 defunct
1253 1427 130 43 journal.

823 1472 47 31 An
884 1472 157 31 American
1052 1472 121 41 journal
1186 1472 55 31 has
1250 1472 163 31 calculated

783 1515 65 33 that
862 1515 25 32 if
898 1515 50 33 the
959 1515 130 43 military
1100 1516 92 32 forces
1204 1515 31 33 of
1244 1515 40 32 all
1295 1516 119 41 Europe

783 1571 75 21 were
882 1560 100 32 drawn
1004 1572 40 28 up
1067 1560 33 32 in
1113 1560 69 37 line,
1208 1560 50 31 the
1283 1561 131 31 distance

783 1603 77 31 from
870 1603 80 40 right
960 1605 30 30 to
1001 1603 53 31 left
1062 1602 96 32 would
1168 1603 34 30 be
1213 1604 43 29 six
1267 1603 148 31 thousand

783 1645 96 39 miles,
905 1656 31 22 as
961 1646 50 33 the
1032 1647 77 32 force
1131 1646 98 33 would
1252 1647 110 32 consist
1387 1647 31 33 of

784 1691 69 31 nine
868 1691 116 32 million
1008 1691 130 31 soldiers.
1181 1691 63 31 The
1258 1691 157 40 reviewing

785 1734 97 31 officer
896 1734 96 31 would
1006 1734 115 40 require
1136 1745 39 20 an
1199 1744 117 30 express
1336 1734 79 31 train

784 1777 44 32 for
842 1778 112 31 several
968 1778 70 41 days
1052 1781 31 29 to
1097 1788 36 31 go
1147 1778 76 31 from
1244 1788 55 22 one
1314 1778 57 31 end
1385 1779 30 30 to

785 1820 50 34 the
849 1821 94 33 other.

778 1862 1 48 |
825 1866 98 41 Harry
943 1866 157 33 Hutchens
1121 1877 66 31 says
1211 1866 23 33 it
1257 1866 25 33 is
1305 1866 110 33 useless

786 1910 44 32 for
854 1910 128 37 Malone,
1006 1910 50 33 the
1079 1910 181 38 Australian,
1284 1913 30 30 to
1336 1910 64 32 chal-

785 1953 85 40 lenge
884 1953 64 31 him
963 1957 30 28 to
1007 1964 56 20 run
1077 1954 31 30 in
1123 1954 50 31 the
1183 1954 162 39 antipodes.
1387 1954 29 31 It

785 1995 25 31 is
825 1997 48 31 too
887 1996 45 31 far
945 1996 45 32 for
1004 1996 50 32 the
1068 1996 199 41 Englishman
1279 1999 30 29 to
1323 1996 93 32 travel

786 2042 31 31 to
841 2042 132 40 compete
995 2040 45 33 for
1063 2040 52 33 the
1139 2043 76 39 gate.
1257 2040 46 33 No
1326 2040 58 32 less
1399 2051 17 21 a

787 2095 66 19 sum
868 2084 73 31 than
956 2086 80 30 IOO
1050 2085 49 40 lay
1113 2086 44 30 for
1171 2085 111 30 several
1295 2085 121 30 months

786 2126 32 33 in
841 2127 51 32 the
915 2127 96 32 hands
1036 2127 31 33 of
1079 2138 38 21 an
1138 2127 127 41 English
1286 2129 111 31 contem-

785 2181 105 30 porary
903 2171 32 31 in
949 2172 50 32 the
1013 2171 76 40 hope
1104 2172 65 31 that
1188 2172 118 32 Malone
1320 2171 97 41 might

786 2213 35 34 be
835 2214 126 33 induced
985 2216 30 33 to
1035 2225 85 24 cover
1140 2214 33 40 it,
1189 2214 31 34 in
1240 2214 96 35 which
1350 2225 66 24 case

786 2260 156 30 Hutchens
966 2260 97 31 would
1086 2261 143 39 willingly
1246 2261 75 30 have
1342 2271 75 27 gone

786 2310 68 24 over
888 2301 59 33 and
979 2301 75 35 tried
1087 2304 31 32 to
1151 2301 88 35 lower
1272 2301 145 35 Malone's

787 2347 124 33 colours.
1423 2336 1 52 I

827 2392 69 31 Two
910 2392 31 32 of
954 2392 49 31 the
1024 2392 185 33 best-known
1232 2402 84 31 peers
1336 2392 60 40 Eng-

787 2434 71 31 land
891 2435 54 31 has
978 2435 61 31 had
1072 2435 32 32 of
1128 2435 59 32 late
1216 2446 93 31 years,
1338 2435 79 32 Lord

789 2477 194 45 Shaftesbury
1007 2479 58 33 and
1079 2479 173 43 Houghton,
1274 2479 66 33 died
1360 2479 58 33 last

787 2534 78 31 year,
881 2524 116 42 leaving
1011 2525 190 42 respectively
1215 2527 131 35 28,000
1360 2525 58 32 and

788 2569 131 36 27,000
945 2569 226 40 personallya
1194 2580 67 21 sum
1287 2569 32 31 in
1345 2569 73 32 each

788 2621 65 21 case
868 2611 58 31 less
940 2612 74 31 than
1028 2612 51 31 the
1089 2611 60 33 late
1160 2610 48 33 Mr
1218 2612 200 31 Vanderbilt's

788 2654 115 34 income
918 2655 44 33 for
973 2655 56 34 five
1038 2655 81 43 days.
1161 2656 57 33 Yet
1228 2656 77 33 most
1316 2656 102 42 people

788 2699 66 33 who
868 2700 97 31 would
985 2711 136 29 compare
1135 2701 51 31 the
1200 2700 72 32 lives
1293 2701 32 31 of
1336 2700 83 33 these

787 2743 159 32 noblemen
961 2743 71 32 with
1047 2743 66 32 that
1127 2743 32 33 of
1176 2743 51 33 the
1241 2744 177 32 millionaire

787 2787 96 31 would
898 2787 92 32 admit
1004 2787 66 32 that
1084 2787 70 41 they
1167 2790 51 38 got
1231 2790 51 30 out
1293 2787 32 33 of
1336 2788 83 32 them

786 2841 70 32 very
869 2831 90 33 much
973 2842 82 23 more
1069 2832 32 33 of
1121 2832 80 33 what
1225 2832 79 42 gives
1328 2832 90 33 relish

788 2875 58 32 and
860 2878 62 30 zest
937 2879 31 29 to
981 2876 157 38 existence,
1161 2876 58 32 and
1246 2877 101 32 makes
1369 2877 50 32 life

787 2920 94 32 worth
896 2920 102 41 living.

825 2962 164 40 Following
1000 2963 50 31 the
1061 2964 135 39 example
1210 2964 33 31 of
1250 2964 48 30 Mr
1309 2964 110 40 Joseph

787 3004 193 41 Zaehnsdorf,
1014 3006 67 35 who
1111 3006 91 44 lately
1235 3006 101 35 bound
1362 3010 58 32 two

787 3051 118 31 Elzevir
916 3051 126 33 editions
1048 3051 32 31 in
1085 3051 115 32 human
1209 3052 75 37 skin,
1296 3053 124 32 another

786 3094 126 34 London
926 3095 104 33 binder
1042 3095 56 33 has
1112 3096 141 33 executed
1277 3107 39 22 an
1336 3097 85 33 order

788 3141 30 30 to
842 3150 105 21 encase
971 3150 17 21 a
1013 3150 73 32 copy
1106 3140 32 33 of
1155 3141 92 32 Hans'
1265 3141 155 33 Holbein's

820 3183 101 33 Dance
936 3183 32 33 of
979 3183 98 33 Death
1129 3184 31 32 in
1171 3185 51 33 the
1234 3196 80 22 same
1325 3185 96 43 gastly

787 3227 195 43 integument,
1008 3229 143 43 certainly
1178 3239 17 24 a
1221 3240 70 32 very
1317 3241 85 31 appro-

787 3272 94 38 priate
895 3273 137 38 covering
1052 3274 44 29 for
1110 3274 61 29 this
1194 3275 90 30 work.
1326 3275 96 29 These

788 3323 48 23 are
860 3315 54 32 not
937 3313 51 34 the
1003 3314 69 43 only
1093 3314 158 40 instances,
1275 3315 145 39 however,

788 3359 31 31 in
833 3359 96 32 which
945 3360 50 32 the
1016 3360 115 40 casting
1152 3361 32 31 of
1204 3361 51 31 the
1307 3361 115 31 human

788 3401 77 33 form
888 3402 98 34 divine
1037 3403 55 32 has
1116 3403 75 33 been
1215 3403 128 34 utilised.
1385 3404 37 32 In

788 3446 51 33 the
866 3446 110 43 library
1006 3449 31 31 at
1071 3447 204 43 Mexborough
1309 3448 111 38 House,

788 3501 72 22 near
881 3491 140 44 Methley,
1048 3491 169 40 Yorkshire,
1242 3493 84 33 there
1347 3504 75 22 were

788 3536 139 41 formerly
941 3539 58 30 two
1013 3536 99 37 books,
1130 3537 48 33 Sir
1192 3538 82 32 John
1298 3538 124 32 Cheek's

820 3579 80 34 Hurt
914 3579 33 34 of
1148 3580 59 33 and
1221 3580 201 35 Braithwait's

820 3624 148 32 Arcadian
1170 3626 73 32 both
1267 3626 101 32 bound
1391 3627 32 31 in

787 3667 51 33 the
852 3668 143 41 prepared
1019 3668 65 32 skin
1106 3669 31 31 of
1155 3669 86 41 Mary
1264 3669 157 39 Bateman,

820 3712 50 33 the
904 3710 159 35 Yorkshire
1263 3714 67 32 who
1364 3725 59 22 was

787 3756 141 33 executed
955 3756 81 42 early
1062 3756 33 32 in
1128 3756 50 33 the
1205 3756 163 43 beginning
1395 3758 29 32 of

788 3799 60 34 this
874 3802 125 41 century
1025 3801 44 33 for
1095 3801 130 38 murder,
1260 3801 54 33 but
1340 3802 83 33 these

788 3853 75 23 were
877 3854 110 30 among
1007 3844 84 33 those
1115 3845 98 32 which
1233 3845 190 41 disappeared

788 3886 108 43 during
919 3887 51 34 the
985 3888 188 41 cataloguing
1187 3888 32 33 of
1239 3888 51 33 the
1314 3889 110 42 library

788 3931 44 32 for
848 3931 70 37 sale,
934 3931 87 32 when
1035 3942 55 21 one
1105 3932 32 32 of
1148 3932 51 32 the
1213 3932 108 32 former
1336 3933 87 32 Earls

789 3975 32 34 of
851 3975 204 43 Mexborough
1088 3987 60 23 was
1180 3977 33 33 in
1246 3977 176 34 difficulties.

790 4020 58 31 Yet
881 4020 125 32 another
1042 4021 144 32 instance.
1241 4021 99 32 When
1373 4022 50 32 the

789 4063 99 32 writer
900 4074 61 21 was
974 4064 58 33 last
1046 4064 31 31 in
1091 4064 84 33 Paris
1188 4064 39 33 he
1246 4076 61 21 was
1321 4065 102 33 shown

790 4116 18 21 a
818 4106 88 31 small
915 4106 77 32 book
1002 4107 39 41 by
1051 4117 18 21 a
1079 4107 108 37 dealer,
1202 4107 67 33 who
1279 4109 145 42 solemnly

790 4150 118 33 avowed
931 4150 24 33 it
969 4160 60 24 was
1053 4150 99 34 bound
1166 4151 32 33 in
1213 4161 18 23 a
1254 4152 117 41 portion
1396 4153 28 33 of

790 4194 51 32 the
865 4192 66 34 skin
955 4194 33 34 of
1004 4194 51 33 the
1075 4195 151 34 notorious
1250 4196 114 33 Louvet
1387 4197 36 33 de

790 4238 144 41 Couvray,
950 4238 58 33 and
1022 4239 97 32 which
1133 4239 38 33 he
1185 4240 106 32 valued
1302 4243 31 29 at
1347 4243 76 31 1000

790 4281 107 39 francs,
913 4282 58 32 and
981 4283 45 33 for
1040 4283 235 34 authentication
1287 4284 31 34 of
1326 4285 96 33 which

790 4326 38 33 he
842 4327 146 39 produced
1003 4338 17 21 a
1033 4327 71 41 long
1117 4328 145 41 pedigree.

830 4370 40 31 H.
883 4370 40 31 H.
936 4370 131 37 Honore,
1079 4370 122 33 Colonel
1212 4372 77 32 Fred
1300 4372 122 33 Grant's

790 4412 221 40 father-in-law,
1027 4414 66 33 who
1103 4425 60 23 was
1171 4426 70 32 very
1250 4415 65 33 rich
1325 4416 98 33 before

790 4457 51 32 the
856 4457 129 42 Chicago
999 4458 63 37 fire,
1076 4459 59 32 lost
1148 4462 78 30 most
1247 4460 32 32 of
1289 4460 47 32 his
1356 4471 48 33 pro-

790 4503 84 40 perty
901 4501 131 43 thereby,
1061 4502 58 32 and
1146 4503 44 32 for
1218 4512 17 23 a
1262 4504 71 33 time
1363 4504 60 33 had

790 4545 143 42 difficulty
956 4546 32 31 in
1002 4547 131 40 meeting
1155 4547 47 32 his
1217 4547 137 42 ordinary
1374 4559 32 21 ex-

789 4598 114 33 penses.
946 4589 129 43 Having,
1094 4591 155 43 according
1269 4593 31 32 to
1313 4594 108 40 report,

790 4634 169 32 overdrawn
983 4634 47 32 his
1055 4638 124 30 account
1203 4638 78 31 2500
1303 4637 65 32 dols
1392 4639 30 30 at

790 4686 55 24 one
868 4677 32 34 of
921 4677 50 34 the
995 4678 112 39 Banks,
1121 4679 52 34 the
1197 4679 115 34 cashier
1334 4680 88 34 asked

790 4721 63 32 him
878 4723 125 31 towards
1018 4723 50 33 the
1090 4724 77 32 close
1182 4725 31 31 of
1225 4725 50 32 the
1299 4736 69 30 year
1392 4728 30 30 to

790 4765 86 34 make
911 4765 23 33 it
971 4766 85 42 good.
1098 4767 63 34 The
1195 4768 227 37 ex-millionaire

792 4810 101 32 vowed
906 4810 38 33 he
959 4811 85 32 could
1063 4814 53 30 not
1137 4813 64 40 give
1216 4823 17 21 a
1248 4813 111 41 cheque
1383 4824 39 21 on

790 4853 144 44 anybody.
991 4854 70 34 Said
1098 4855 50 34 the
1183 4856 116 34 officer:

789 4901 80 29 want
882 4899 23 31 it
919 4899 113 41 mainly
1046 4900 43 32 for
1103 4900 51 33 the
1171 4901 203 41 book-keeper,
1390 4913 32 22 so

789 4942 66 33 that
869 4942 109 35 hecan
1219 4945 50 33 I'll
1289 4945 80 34 draw
1383 4956 39 23 on

789 4987 50 32 the
863 4987 75 32 Czar
961 4989 32 31 of
1013 4988 117 38 Russia,
1145 4989 26 31 if
1185 5001 58 30 you
1376 5001 30 21 re-

788 5030 122 34 marked
924 5031 131 39 Honore,
1107 5032 113 42 though
1244 5033 117 33 neither
1383 5033 39 34 he

789 5086 55 21 nor
868 5076 134 41 anybody
1026 5077 58 31 else
1099 5078 66 32 who
1185 5078 26 31 is
1231 5078 95 32 worth
1350 5088 53 30 any-

789 5118 86 43 thing
902 5119 25 32 is
954 5119 139 34 indebted
1119 5122 31 31 to
1309 5121 113 33 "He'll

790 5163 56 38 do;
877 5163 49 33 it's
954 5164 69 41 only
1050 5165 44 32 for
1121 5165 102 33 form's
1251 5166 78 37 sake,
1364 5177 58 31 you

948 5207 64 32 The
1026 5208 112 40 cheque
1152 5219 60 21 was
1236 5210 111 37 drawn,
1363 5210 59 31 and

790 5250 154 42 happened
968 5255 31 28 to
1022 5261 37 32 go
1080 5252 129 42 through
1230 5253 51 32 the
1305 5254 117 41 regular

790 5305 101 22 course
907 5294 31 33 of
946 5295 164 34 collection.
1152 5297 97 33 When
1260 5297 24 33 it
1297 5297 125 33 reached

793 5338 44 32 St.
853 5339 177 42 Petersburg
1053 5340 24 32 it
1099 5351 59 22 was
1179 5341 102 42 nearly
1302 5342 121 33 covered

792 5382 71 33 with
878 5385 121 39 stamps,
1015 5384 232 39 endorsements,
1263 5386 58 32 and
1336 5386 85 38 seals,

793 5427 58 31 and
865 5437 59 22 was
938 5427 104 41 finally
1055 5429 155 39 presented
1223 5432 32 30 to
1277 5430 51 32 the
1350 5430 48 32 Em-

792 5480 96 30 peror,
928 5470 48 32 He
999 5471 134 32 declared
1154 5472 66 32 that
1239 5473 38 31 he
1301 5473 60 31 had
1384 5484 38 22 no

792 5513 187 35 recollect'on
1006 5514 31 33 of
1060 5515 41 33 H.
1129 5516 41 32 H.
1199 5516 140 40 Honore;
1369 5517 54 34 but

793 5558 82 36 then,
891 5568 31 20 as
936 5558 38 31 he
988 5568 59 21 was
1062 5568 39 21 an
1115 5560 166 37 American,
1301 5562 38 30 he
1359 5571 48 31 pre-

793 5601 103 32 sumed
910 5600 23 33 it
947 5603 80 30 must
1037 5601 36 34 be
1084 5602 40 31 all
1134 5602 89 41 right,
1237 5604 58 32 and
1304 5604 120 33 ordered

793 5644 23 31 it
842 5646 32 30 to
896 5644 37 32 be
956 5645 78 40 paid.
1075 5646 63 32 The
1160 5647 112 32 drawer
1295 5648 50 31 did
1371 5650 53 30 not

793 5688 72 32 hear
879 5688 31 32 of
921 5689 59 31 this
995 5689 44 32 for
1053 5700 17 20 a
1084 5701 69 30 year
1173 5691 83 38 after,
1273 5692 58 31 and
1351 5692 73 32 then

794 5732 63 30 said
884 5732 66 31 that
973 5732 37 31 he
1031 5733 60 30 had
1110 5744 40 21 no
1173 5734 66 31 idea
1262 5735 47 30 his
1333 5736 91 31 credit

794 5785 59 20 was
868 5785 32 20 so
914 5776 75 38 good
1002 5776 32 30 in
1048 5776 116 31 Russia.
1207 5777 61 31 But
1288 5778 50 31 the
1353 5781 71 28 next

794 5817 81 37 time,
901 5817 37 31 he
962 5817 137 42 thought,
1115 5818 38 33 he
1167 5819 97 33 would
1284 5820 79 33 draw
1387 5831 37 21 on

795 5862 97 30 Julius
908 5861 105 31 Cteoar.

1444 84 115 39 THE
1616 88 183 36 LYELL
1855 88 182 49 TIMES,
2093 97 303 46 SATURDAY,
2451 97 166 40 APRIL
2672 110 59 37 24.
2789 98 100 39 1886.

3449 5752 112 27 Printed
3575 5753 54 26 ami
3643 5753 147 34 published
3808 5754 36 33 by
3860 5756 47 27 the
3922 5757 162 34 proprietor,

3484 5790 105 27 Walter
3602 5791 93 30 Atkin,
3709 5797 29 21 at
3751 5793 48 25 the
3817 5793 158 30 Ke^istored
3998 5795 85 26 Cilice

3482 5833 27 22 ot
3516 5827 46 29 the
3601 5828 79 36 Lyeli
3817 5830 64 28 Cliff
3888 5833 57 26 JSt-re
3954 5838 23 22 ,4
3982 5854 7 12 l
3995 5832 89 34 Lvtli,

3483 5868 111 30 County
3607 5873 26 23 ot
3646 5868 104 30 Buller,
3761 5870 107 28 Colour
3881 5873 28 25 ot
3921 5872 66 26 IvZ.

1513 214 174 38 Westport
1704 215 303 35 Advertisements.

1439 290 334 58 GILMER'S
1828 294 240 60 HOTEL

1679 396 154 23 WiiSTTOUT,

1465 466 144 39 Corner
1637 463 41 43 of
1706 468 239 41 Palmerston
1970 473 76 39 and

1556 521 211 39 Wakefield
1795 523 159 48 Streets,

1442 612 277 51 pONVENIENT
1741 618 28 24 to
1788 615 47 28 Hie
1849 615 153 39 Telegraph
2016 619 52 28 and

1529 652 64 28 Post
1608 653 107 34 Offices,
1729 653 56 29 and
1797 655 94 36 nearly
1906 657 122 36 opposite
2042 661 27 26 to

1439 690 32 27 he
1486 690 76 28 lt.M.
1578 692 86 26 Court
1678 692 55 27 and
1753 692 82 29 lI.M.
1850 694 137 29 Customs.

1440 799 180 40 Gilmer's
1641 800 175 42 Masonic
1840 801 130 51 Hotel,

1956 868 62 21 NEL

1440 893 178 39 Gilmer's
1646 895 129 47 Hotel,

1890 959 128 22 GREYMOTJ

1440 986 178 40 Gilmer's
1639 988 121 53 Royal
1781 989 86 41 Oak
1886 990 130 48 Hotel,

1877 1052 193 22 WELLINGTON.

1474 1157 78 28 Good
1573 1158 238 28 accommodation
1829 1158 42 29 for
1891 1159 180 31 Commercial

1439 1195 160 33 Travellers,
1613 1196 67 28 with
1693 1197 106 36 sample
1811 1206 92 20 rooms
1915 1198 139 37 provided.

1473 1235 25 26 A
1522 1235 87 36 Night
1633 1235 96 28 Porter
1753 1235 103 36 always
1880 1246 35 18 on
1941 1238 47 28 the
2012 1247 44 27 pre-

1439 1273 92 26 mises.

1474 1310 127 35 Booking
1620 1310 85 31 Office
1724 1311 41 31 for
1776 1311 47 30 the
1836 1312 169 36 Charleston,
2018 1315 35 29 Ad-

1441 1350 112 34 dison's,
1568 1351 114 27 lleef'ton
1694 1350 56 29 and
1768 1351 79 35 Lyell
1861 1352 131 29 Coaches.

1475 1389 77 27 Good
1567 1388 126 34 stabling,
1708 1389 68 28 with
1789 1389 76 36 eight
1884 1390 80 29 horse
1985 1391 86 33 stalls,

1441 1426 128 30 attached
1582 1430 27 26 to
1623 1427 46 29 the
1682 1428 141 36 premises.

1647 1484 122 32 JOHN
1788 1484 190 41 GILMER,

1875 1529 164 38 Proprietor.

1632 1611 442 62 gTEUTHEBS

1585 1707 89 31 HAS
1690 1707 65 31 ON
1775 1706 151 32 SALE-

1493 1778 236 54 Ccrrugated
1750 1781 99 47 Iron,

1493 1843 201 54 Crockery,

1494 1907 324 52 Paperhangings,

1493 1969 132 38 White
1646 1971 120 45 Lead,

1493 2032 95 49 Oils,

1493 2096 222 45 Varnishes,

1494 2159 125 39 Doors
1633 2160 75 39 and
1728 2159 153 47 Sashes,

1495 2221 168 54 Cutlery,

1495 2285 463 53 Cutlery-Electroplate;
1987 2286 75 39 and

1495 2349 240 41 Brushware.

1484 2478 320 41 PALMERSTON
1848 2479 194 50 STREET,

1658 2544 214 29 WESTPORT.

1482 2625 291 61 Thomas
1799 2624 245 75 James,

1576 2738 266 49 SADDLER,
1872 2737 66 41 &c.
1943 2768 9 18 t

1487 2824 179 30 MPORTER
1684 2832 57 22 and
1766 2824 315 32 MANUFACTURER

1747 2886 34 20 OF

1449 2936 59 37 All
1540 2935 254 50 descriptions
1812 2935 43 38 of
1881 2935 197 50 Saddlery,

1498 2997 184 50 Harness,
1702 2997 111 53 Long
1823 2996 76 42 and
1919 2997 115 42 Short

1548 3061 202 53 Leggings,
1823 3062 159 52 Plough,

1595 3126 32 39 &
1646 3126 108 38 Back
1780 3126 153 49 Chains,

1644 3188 158 50 Traces,
1820 3191 66 39 &e.

1451 3316 113 39 Repairs
1576 3316 102 40 Neatly
1691 3316 56 31 and
1767 3316 144 40 Promptly
1933 3316 149 31 Executed.

1450 3430 175 39 Up-country
1638 3430 94 30 orders
1748 3430 141 39 promptly
1903 3430 130 31 attended
2046 3434 37 28 to.

1449 3545 51 29 ON
1520 3546 206 28 SALESteel
1756 3545 138 34 Polished,
1924 3546 54 28 and
2010 3547 73 28 Solid

1520 3583 88 30 Silver
1636 3583 71 35 Bita,
1738 3583 132 39 Stirrups,
1902 3583 55 30 and
1989 3584 94 39 Spurs,

1519 3623 103 36 Riding
1644 3623 125 34 Saddles,
1789 3623 74 28 Pack
1886 3620 123 36 Saddles,
2030 3625 53 28 and

1519 3661 99 35 Whips
1630 3662 30 26 of
1674 3662 37 27 all
1724 3661 188 35 descriptions.

1663 4003 209 34 IMPORTER,

1450 4094 315 32 TK7HOLESALE
1793 4095 129 39 WINE,
1948 4094 111 33 SPIRI

1549 4257 198 39 Provision
1767 4256 216 40 Merchant.

1489 4457 319 38 PALMERSTON
1850 4457 193 48 STREET,

1661 4552 214 26 WESTPORT.

2176 226 145 30 Reefton
2347 225 294 31 Advertisements

2214 306 53 38 W.
2309 305 303 48 HINDMARSH,

2150 426 270 35 lIAREBROKER,
2446 426 179 35 MINING,
2651 427 77 29 AND

2187 506 166 38 General
2378 506 261 38 Commission

2346 599 137 48 Agent,

2130 727 287 49 BROADWAY,
2446 727 246 50 REEFTON,

2218 837 140 38 (Opposite
2377 837 34 30 So
2425 837 89 30 ithern
2528 837 81 30 Cross

2360 894 104 35 Hotel.)

2098 978 339 61 Dawson's
2502 979 223 73 Hotel,

2193 1082 224 35 BROADWAY,
2445 1083 186 29 REEFTON.

2100 1195 88 60 The
2207 1195 236 30 accommodation
2467 1197 125 38 supplied
2612 1197 38 38 by
2674 1198 56 29 this

2187 1234 85 28 house
2286 1240 101 23 cannot
2401 1236 31 27 be
2446 1237 145 34 surpassed
2612 1237 29 28 in
2663 1238 67 27 New

2098 1272 129 29 Zealand.

2101 1375 173 52 Booking
2309 1378 120 40 Office
2465 1379 57 39 for
2557 1379 174 39 Mitchell

2148 1429 76 41 and
2268 1432 232 52 Campbell's
2558 1434 123 52 Royal

2098 1507 14 16 h
2198 1484 95 42 Mail
2324 1488 96 38 Line
2443 1488 41 38 of
2511 1488 97 52 Grey-

2251 1542 133 40 mouth
2400 1542 187 41 Coaches.

2135 1672 67 29 This
2214 1672 84 30 Hotel
2312 1671 108 37 isi'well
2440 1671 102 30 known
2564 1671 169 36 throughout

2102 1711 67 28 New
2183 1711 118 27 Zealand
2314 1711 42 27 for
2375 1711 35 27 its
2430 1710 234 28 accommodation
2679 1712 54 26 and

2101 1749 180 28 convenience
2294 1749 42 28 for
2353 1749 112 28 tourists
2485 1747 54 29 and
2558 1748 175 29 commercial

2102 1787 148 29 travellers.

2298 1833 124 39 JOHN
2443 1829 213 52 DAWSON,

2535 1889 164 37 Proprietor.

2262 1972 310 31 STEVENSON'S

2107 2033 364 64 M'Gaffin's
2508 2033 226 75 Hotel,

2207 2137 223 35 BROADWAY,
2450 2137 186 29 REEFTON.

2194 2306 101 40 replete
2309 2306 67 30 with

2199 2382 99 22 EVERY.
2309 2382 127 21 COMFORT
2453 2383 57 21 AND
2528 2383 118 21 MODERN

2318 2421 206 20 CONVENIENCE.

2138 2530 133 33 Tourists,
2296 2529 176 29 commercial
2501 2528 153 35 travellers,
2685 2530 54 28 and

2105 2568 92 28 others
2206 2568 55 28 will
2276 2568 63 28 hero
2353 2568 57 28 find
2424 2577 82 26 every
2519 2568 138 29 attention
2666 2577 72 20 con>

2104 2606 83 28 bined
2199 2606 66 28 with
2281 2606 82 28 home
2376 2606 139 28 comforts.

2105 2719 157 39 Booking
2280 2719 107 32 Office
2398 2720 54 30 for
2463 2720 171 31 Newman
2645 2719 94 32 Bros'

2131 2763 110 40 Royal
2253 2763 88 31 Mail
2352 2764 87 31 Line
2453 2763 39 31 of
2500 2763 132 31 Nelson
2645 2763 71 32 and

2248 2808 175 42 Westport
2435 2808 164 34 Coaches.

2166 2901 161 43 JAMES
2372 2901 306 50 STEVENSON,

2331 2964 182 19 PROPRIETOR.

2140 3120 288 49 BROADWAY,
2460 3120 247 41 REEFTON.

2140 3252 254 28 COMMERCIAL
2413 3252 164 32 Travellers,
2602 3252 140 33 Families,

2140 3284 20 24 J
2199 3291 54 25 and
2272 3290 48 25 the
2340 3290 92 34 public
2450 3289 140 35 generally
2610 3289 58 26 will
2686 3289 56 26 find

2109 3325 55 31 this
2176 3325 176 31 well-known
2370 3325 87 31 Hotel
2474 3325 78 31 fitted
2571 3325 69 30 with
2660 3335 83 30 every

2109 3367 113 28 modorn
2236 3368 182 27 convenience
2429 3365 55 29 and
2496 3365 194 37 requirement.

2158 3479 87 41 The
2277 3480 257 53 Proprietress
2564 3479 32 41 is
2620 3479 102 41 deter-

2111 3536 128 39 mined
2265 3541 40 34 to
2324 3549 111 37 spare
2453 3548 50 26 no
2521 3549 165 37 expense
2704 3536 38 38 in

2112 3589 153 55 making
2283 3588 76 42 this
2381 3589 117 41 Hotel
2517 3588 226 56 thoroughly

2110 3645 112 51 equal
2241 3651 40 33 to
2298 3645 50 38 all
2366 3645 288 51 requirements.

2110 3771 93 38 Looal,
2222 3772 125 31 Colonial
2371 3774 54 30 and
2451 3773 213 39 Home'papers
2688 3773 55 31 and

2230 3813 163 36 periodicals
2405 3813 137 37 regularly
2554 3814 74 29 filed.

2277 3868 152 43 ALICE
2455 3868 237 51 NEVILLE,

2550 3933 192 35 Proprietress.

1566 4788 158 38 PETER
1752 4786 212 47 MULVAY,

1471 4876 225 37 3LUMBBB,
1726 4875 238 36 TINSMITH,
1993 4875 86 30 AND

1471 4925 11 18 i
1621 4914 221 34 GASFITTER,
1856 4914 55 29 and

1527 4998 474 47 COPPERWORKER,

1481 5114 214 38 Palmerston
1721 5112 123 48 Street,
1863 5112 186 47 Westport,

1565 5219 141 37 (Opposite
1719 5218 129 29 Gilmer's
1860 5218 106 36 Hotel.)

1449 5371 96 38 Every
1561 5369 180 37 description
1757 5369 33 32 of
1814 5369 177 33 Holloware,
2006 5368 48 33 Tin-

1489 5415 116 32 smiths'
1621 5414 114 39 GoodH,
1750 5414 56 31 and
1827 5414 214 40 Ironmongery

1646 5458 73 39 kept
1740 5458 30 31 in
1791 5457 94 31 stock*

1579 5594 25 30 A
1616 5594 88 37 Large
1718 5592 200 38 Consignment
1930 5591 31 30 of

1493 5659 188 42 STOVES
1706 5658 103 40 AND
1843 5655 198 42 KANGES

1657 5747 62 21 NOW
1737 5747 34 19 TO
1790 5746 86 20 HAND.

1576 5873 50 25 -s*
1636 5870 43 28 All
1698 5869 85 29 Work
1797 5868 181 29 Guaranteed.

2928 229 117 31 Public
3065 231 149 31 Notices.

2891 309 128 40 JOHN
3065 310 186 43 MUNKO,

2815 440 177 29 ENERAL
3024 441 246 32 MERCHANT
3299 441 90 32 AND

2970 520 207 33 IMPORTER,

2858 631 240 43 Palmerston
3151 636 139 48 Street,

2969 755 215 30 WESTPORT.

2806 852 244 34 JOHNSTON
3078 856 27 31 &
3130 856 214 33 WATKINS

2975 929 107 29 CIVIL
3099 931 79 28 AND

2846 1005 143 30 INING

3132 1009 261 34 NGINEERS,

2947 1092 179 21 AUTHORISED
3149 1094 56 20 AND

2763 1134 278 41 LICENSED
3067 1136 326 42 SURVEYORS
3404 1112 1 66 1

2762 1228 130 35 Working
2916 1228 84 28 Plans
3022 1230 54 28 and
3102 1230 107 29 Details
3233 1231 31 28 of
3287 1230 109 36 Miinng

2794 1267 164 36 Machinery
2971 1268 132 36 prepared
3112 1268 56 28 and
3176 1269 46 27 the
3230 1269 132 27 Erection

2846 1306 108 38 Miniug
2969 1307 159 39 Machinery
3142 1307 167 38 supervised.

2761 1383 118 35 Surveys
2892 1383 42 28 for
2944 1383 110 35 Mining
3064 1384 166 36 Companies
3238 1384 159 29 contracted

2761 1421 38 29 for
2813 1421 35 37 by
2861 1421 46 30 the
2919 1431 74 28 year.
3031 1423 121 36 Surveys
3162 1424 81 29 made
3252 1422 88 31 under
3350 1422 47 30 the

2932 1461 81 30 Land
3025 1462 129 29 Transfer
3162 1463 62 28 Act.

3009 1539 137 30 Address:

2763 1576 165 34 Broadway,
2949 1578 134 28 Rekfton
3094 1587 7 24 ;
3128 1587 56 19 and
3210 1580 188 27 Commercial

2965 1615 110 34 Hotel,
3093 1616 97 28 Lyell

2796 1691 292 30 N.B.lnstructions
3100 1693 49 29 left
3161 1697 30 25 at
3202 1694 91 27 Times
3303 1693 95 34 Office,

2763 1735 14 20 I
2785 1729 65 32 yell,
2863 1729 56 28 will
2932 1731 106 28 receive
3044 1731 161 30 immediate
3217 1731 146 29 attention.

2893 1811 381 63 Newman's

2837 1928 133 28 OYAL

3103 1929 86 29 AIL
3233 1931 41 26 T
3307 1931 91 27 INE

2964 2017 49 29 OF
3031 2017 178 32 COACHES

2799 2112 253 30 Thrice-Weekly
3076 2113 123 29 Service
3221 2114 144 28 Between

2852 2161 106 33 Lyell,
2972 2161 134 28 Rkefton
3118 2169 56 21 and
3187 2161 128 30 Nelson.

2766 2256 92 28 Leave
2879 2255 83 36 Lyell
2979 2256 43 28 for
3039 2256 105 28 Nelson
3161 2265 84 27 every
3266 2256 137 36 Tuesday,

2766 2301 148 38 Thursday
2921 2301 56 30 and
2988 2302 149 38 Saturday,
3147 2305 30 28 at
3186 2303 64 30 2.80
3259 2310 78 32 p.m.,
3347 2302 57 29 and

2766 2350 82 39 Lyell
2860 2351 41 29 for
2916 2352 138 37 Westport
3066 2351 55 30 and
3135 2352 129 34 Reetton,
3281 2361 39 20 on
3332 2351 53 29 Sun-

2766 2399 66 36 day,
2845 2399 175 37 Wednesdaj
3033 2399 56 28 and
3103 2399 113 37 Friday,
3224 2404 30 24 at
3265 2401 64 27 9.80
3337 2408 66 19 a.m.

2768 2484 166 39 Passengers
2959 2483 103 33 booked
3094 2484 43 32 for
3166 2483 153 40 Hampdeu
3349 2485 56 31 and

2888 2533 81 30 other
2980 2534 195 29 intermediate
3187 2533 103 38 places.

2940 2610 133 28 Booking
3093 2610 140 29 Offices:

2771 2668 138 39 Westport
3172 2667 134 31 Gilmer's
3318 2667 87 30 Hotel

2770 2717 118 28 Reefton
3131 2716 178 29 Stevenson's
3320 2717 85 28 Hotel

2770 2763 105 29 Nelson
3183 2763 126 29 Masonic
3321 2763 84 29 Hotel

2804 2859 46 30 All
2860 2859 109 38 parcels
2982 2863 76 26 must
3069 2858 33 31 be
3118 2858 123 39 prepaid,
3260 2859 145 29 otherwise

2902 2907 69 38 they
2983 2906 57 31 will
3052 2906 33 32 be
3097 2907 50 30 left
3159 2906 114 30 behind.

3093 2963 40 29 H.
3153 2953 184 43 NEWMAN,

3203 3000 160 36 Proprietor

2834 3092 150 32 LADIES'
3003 3092 49 31 OB
3071 3092 273 31 GENTLEMEN'S

2774 3144 300 65 QADDLE
3140 3144 263 61 HACKS,

2905 3237 94 38 (Quiet
3010 3236 56 31 and
3078 3237 198 32 Well-broken)

2771 3298 74 28 FOR
2858 3298 98 27 HIRE
2969 3298 51 27 BY
3032 3298 79 27 THE
3126 3297 280 28 UNDERSIGNED

2891 3349 42 30 At
2951 3349 168 30 Inanoahua
3136 3348 152 32 Junction.

2805 3451 116 30 Horse's
2932 3453 61 28 sent
3004 3452 38 36 Jto
3055 3449 80 37 Lyell
3147 3452 30 27 at
3194 3458 18 22 a
3224 3452 149 28 moment's

3037 3488 102 30 notice.

2771 3576 199 51 Courtney's
2978 3575 301 42 Accommodation
3288 3576 119 39 House

2771 3636 115 35 Having
2908 3635 86 36 lately
3014 3635 71 29 been
3105 3635 193 35 considerably
3319 3636 88 27 added

2771 3676 29 27 to
2819 3673 57 29 and
2893 3673 155 38 improyed,
3060 3672 25 30 is
3104 3681 63 21 now
3179 3681 52 20 one
3243 3673 31 29 of
3289 3673 48 28 the
3348 3673 59 29 best

2771 3712 149 38 appointed
2931 3713 56 29 and
2999 3714 73 27 most
3084 3711 179 31 comfortable
3282 3712 125 30 roadside

2881 3751 111 29 house's
3004 3760 38 20 on
3053 3751 48 28 the
3114 3751 78 29 West
3205 3751 92 28 Coast.

2787 3864 242 36 PRIAINOIS
3078 3863 314 41 COURTNEY,

2997 3933 190 26 Proprietor

2444 4054 117 55 THE

2109 4189 327 42 PRINTING
2485 4190 127 41 AND
2662 4189 425 43 PUBLISHING
3138 4187 267 49 OFFICE,

2524 4309 147 33 CLIFF
2706 4310 72 36 ST.,
2814 4310 179 32 LYELL.

2175 4643 38 38 Is
2230 4656 73 27 one
2322 4642 42 40 of
2377 4643 65 39 the
2461 4642 85 39 best
2564 4643 98 39 local
2681 4644 190 40 mediums
2888 4645 57 39 for
2962 4646 248 54 distributing
3227 4662 117 35 news,

2351 4735 341 47 Advertisements,
2714 4736 77 39 and
2808 4735 172 53 subjects
2997 4736 42 39 of
3053 4737 98 40 local

2548 4823 170 49 interest,
2740 4822 235 54 throughout

2338 4915 65 39 the
2440 4915 131 40 Buller
2605 4915 76 41 and
2718 4914 225 55 Inangahua
2977 4916 198 40 Counties.

2740 5034 35 28 :q:

2157 5130 170 54 Charges
2345 5130 56 41 for
2419 5129 180 55 standing
2616 5129 329 51 advertisements,
2966 5143 91 42 very
3071 5130 236 42 reasonable.

2160 5223 79 48 job,
2287 5222 121 47 Plain,
2446 5222 76 39 and
2565 5222 50 39 all
2649 5221 112 40 kinds
2799 5221 42 40 of
2871 5222 179 52 printing,
3087 5221 185 40 executed
3316 5221 89 40 with

2109 5291 184 53 despatch
2313 5297 40 35 at
2371 5291 65 40 the
2455 5291 130 40 lowest
2605 5290 136 53 prices.

2157 5379 334 42 Communication
2510 5380 50 53 by
2578 5386 87 47 post
2679 5393 42 28 or
2738 5380 88 41 wire
2844 5381 194 52 promptly
3056 5379 184 41 attended
3259 5386 51 33 to.

2629 5619 229 41 ADDRESS

2646 5836 220 41 LYELL.

3594 235 23 29 F
3622 235 90 29 nolle
3731 235 151 29 Notices.

3500 315 90 30 POS
3604 314 61 31 TA
3682 315 23 29 0
3730 314 20 31 B
3794 317 19 29 i,
3814 314 2 32 1
3833 317 24 28 A
3870 314 110 31 TKS.

3607 459 88 23 TOWN
3723 459 135 22 LKITEUS

3458 504 107 30 Posted
3595 510 30 24 at
3650 515 55 26 any
3735 504 72 29 Post
3835 502 93 30 Office
3959 503 101 29 within

3418 546 49 30 tbf>
3484 547 102 40 colony
3604 548 44 28 for
3665 546 129 40 delivery
3810 552 29 24 at
3856 557 32 18 or
3900 547 73 29 from
3987 546 72 30 such

3421 592 70 30 Post
3508 591 93 31 Office
3618 602 6 19 :

3420 661 57 32 Not
3492 662 161 36 exceeding
3669 661 61 31 half
3745 672 37 20 nn
3798 672 96 20 ounce
3948 687 30 5 ...
4026 661 34 31 Id

3423 706 164 34 Exceeding
3603 706 59 30 halt
3678 716 36 20 an
3731 715 105 26 ounce,
3861 706 53 30 but
3930 709 54 26 not

3456 752 107 30 exceed
3570 762 26 19 in
3601 762 17 23 2
3633 761 58 20 one
3707 761 96 20 ounce
3947 776 31 5 ...
4024 750 37 29 2d

3423 795 28 31 Ft
3464 807 13 19 r
3490 806 90 31 every
3598 795 58 30 half
3673 805 95 20 ounce
3782 804 71 20 over
3867 804 58 20 one
3949 819 31 6 ...
4027 795 35 30 Id

3582 868 148 22 COUNTRY
3745 867 138 21 LETTERS

3460 919 105 32 Posted
3583 924 30 26 at
3629 929 56 30 any
3711 921 69 36 post
3792 917 85 31 office
3893 917 101 30 within
4012 916 52 32 the

3418 965 104 40 colony
3554 967 44 28 for
3628 964 133 38 delivery
3787 968 31 25 at
3845 973 33 19 or
3904 963 75 29 from
4006 973 57 29 any

3418 1009 87 30 other
3516 1014 62 33 post
3593 1007 83 31 office
3694 1006 101 31 within
3813 1006 51 31 the
3878 1007 105 39 colony
3996 1020 46 17 :

3422 1051 61 31 Not
3498 1052 161 36 exceeding
3676 1051 57 29 half
3751 1061 37 19 an
3804 1061 96 20 ounce
3949 1075 19 7 ..
4025 1049 37 30 2d

3424 1096 166 39 Exceeding
3606 1096 56 30 halt
3679 1106 38 19 an
3732 1105 107 27 ounce,
3853 1095 54 30 but
3932 1097 53 27 not

3458 1141 162 38 exceeding
3632 1150 56 19 one
3703 1149 97 20 ounce
3950 1164 30 5 ...
4024 1138 39 30 4rd

3424 1182 57 32 For
3508 1193 86 29 every
3620 1183 60 31 lialt
3709 1193 97 21 ounce
3829 1192 73 21 over
3930 1192 57 21 one

3460 1239 97 19 ounce
3634 1252 31 6 ...
3793 1252 31 6 ...
3950 1251 30 6 ...
4025 1225 38 31 2d

3549 1297 198 23 AUSTRALIAN
3770 1296 167 23 COLONIES.

3426 1350 61 31 Not
3500 1350 162 38 exceeding
3678 1350 63 31 half
3759 1360 37 21 an
3812 1360 96 21 ounce
3951 1376 31 5 ...
4027 1350 37 30 21

3428 1394 164 38 Exceeding
3607 1394 64 29 half
3691 1404 38 20 an
3744 1404 105 26 ounce,
3867 1395 52 28 but
3935 1397 51 26 not

3462 1439 162 36 exceeding
3638 1449 57 19 one
3711 1449 95 20 ounce
3952 1463 31 7 ...
4027 1436 38 32 4d

3428 1481 55 32 For
3510 1493 85 28 every
3622 1481 64 31 half
3712 1493 95 19 ounce
3836 1491 70 21 over
3933 1493 56 19 oue

3462 1536 98 22 ounce
3638 1551 31 7 ...
3796 1550 31 9 ...
3954 1550 30 8 ...
4030 1524 20 31 2

3446 1596 145 22 ENGLAND
3614 1596 63 21 AND
3700 1595 142 22 FOREIGN
3856 1595 191 22 COUNTRIES.

3602 1656 57 32 Per
3676 1656 76 32 Half
3775 1655 119 33 Ounce.

3429 1701 110 31 United
3561 1701 158 39 Kingdom,
3747 1702 45 28 via
3816 1706 56 24 bau
3899 1700 73 29 Fran-

3464 1745 78 30 cisco
3557 1745 58 30 and
3638 1748 76 27 SSuez
3954 1764 33 8 ...
4032 1745 38 30 (id

3430 1789 108 29 United
3569 1791 100 27 iS***te*
3697 1789 34 28 of
3765 1787 147 36 America,
3949 1789 43 28 via

3465 1835 57 28 Nan
3542 1832 161 31 Francisco
3956 1858 31 6 ...
4034 1832 38 31 6d

3426 1877 154 30 Sandwich
3598 1877 127 37 Islands,
3749 1877 45 30 via
3822 1876 59 30 San
3898 1875 74 32 Fran-

3465 1931 79 19 cireo
3796 1946 19 5 ..
3953 1945 31 7 ...
4032 1922 37 29 6d

3429 1964 149 29 Canadian
3618 1962 187 36 Dominions,
3841 1963 47 29 via
3934 1963 58 30 San

3469 2004 162 33 Francisco
3798 2032 31 5 ...
3956 2032 30 6 ...
4032 2006 39 31 B<l

3433 2049 109 32 British
3559 2049 159 32 Columbia
3799 2076 31 7 ...
3956 2076 32 7 ...
4044 2051 28 31 Is

3433 2094 85 30 West
3536 2094 100 29 indies
3798 2119 30 5 ...
3955 2119 30 6 ...
4041 2096 31 28 la

3417 2129 1 44 I
3434 2136 125 37 Mexico,
3575 2136 46 31 via
3632 2137 59 30 San
3711 2136 161 32 Franeico
3957 2163 18 7 ..
4041 2138 31 30 Is

3429 2180 125 31 Central
3573 2182 139 29 America
3957 2206 30 6 ...
4043 2183 29 28 la

3429 2223 94 34 South
3540 2223 148 40 America,
3701 2223 46 33 via
3759 2223 58 33 San
3832 2223 159 35 Francisco
4041 2227 31 31 la

3644 2295 199 21 BEWSPAPERB-

3432 2349 109 33 -
3570 2360 17 21 a
3626 2360 58 27 any
3709 2349 85 32 office
3820 2349 103 32 within
3946 2353 51 29 the

3469 2395 106 40 colony
3591 2400 46 25 for
3652 2395 130 39 delivery
3798 2399 31 25 at
3852 2394 50 30 the
3916 2405 80 20 same

3470 2436 85 31 office
3803 2462 30 7 ...
3959 2458 32 8 ...
4039 2439 33 37 |d

3434 2480 108 34 Posted
3568 2485 32 29 at
3624 2491 59 33 any
3709 2479 83 35 office
3818 2480 104 33 within
3944 2481 52 33 the

3469 2528 107 39 colony
3592 2528 46 29 for
3653 2527 129 40 delivery
3798 2533 31 24 at
3841 2538 55 30 any
3911 2527 87 31 other

3471 2570 83 32 office
3570 2571 100 30 within
3686 2571 51 30 the
3752 2571 106 39 colony
3962 2596 30 7 ...
4038 2573 34 35 |d

3434 2614 172 30 Australian
3621 2614 142 30 Colonies
3964 2639 30 7 ...
4042 2616 30 28 Id

3434 2657 113 33 United
3566 2658 152 40 Kingdom
3962 2685 30 6 ...
4039 2659 33 31 Id

3591 2702 57 31 Vu
3663 2705 59 27 San
3745 2702 164 30 Francisco

3433 2745 114 32 United
3564 2747 101 29 States
3681 2748 29 27 of
3726 2745 139 31 America
3884 2770 5 3 .
3963 2772 29 6 ...
4040 2747 32 30 Id

3434 2789 154 31 Sandwich
3605 2789 117 31 Islands
3963 2817 31 6 ...
4041 2791 31 30 Id

3434 2833 151 32 Canadian
3604 2834 177 31 Dominions
3963 2862 29 6 ...
4038 2837 34 28 2o

3437 2878 110 31 British
3566 2879 159 31 Columbia
3962 2905 30 7 ...
4037 2880 35 30 2d

3437 2922 84 32 West
3536 2922 103 32 Indies
3959 2949 31 7 ...
4038 2925 34 29 2d

3433 2965 122 30 Mexico
3961 2992 30 6 ...
4039 2968 33 28 2d

3433 3008 123 33 Central
3572 3008 137 33 Amorica
3961 3037 30 6 ...
4037 3011 35 30 2d

3432 3052 96 31 South
3545 3055 155 29 Amcrrica
3961 3079 30 5 ...
4036 3055 36 28 2d

3629 3126 85 22 BOOK
3735 3126 141 23 PACKETS

3436 3169 106 32 Posted
3568 3173 31 26 at
3622 3180 57 31 any
3705 3172 83 29 office
3815 3172 104 28 within
3946 3171 52 29 the

3470 3214 106 42 colony
3592 3213 47 32 for
3653 3215 131 38 delivery
3799 3220 30 25 at
3845 3214 152 38 t'lesaroe,

3472 3260 102 28 within
3605 3260 52 28 the
3685 3260 45 28 col
3744 3270 58 27 >ny,
3831 3259 52 29 the
3920 3260 57 28 Aus-

3470 3301 110 29 tralian
3749 3310 35 20 or
3808 3300 51 30 the
3884 3299 115 31 Uuiled

3474 3344 151 37 Kingdom
3710 3371 30 6 ...
3825 3344 53 32 l<z

3513 3389 48 30 Do
3710 3412 32 8 ...
3825 3389 54 28 2>z

3484 3460 5 5 .
3514 3431 48 32 Do
3711 3458 31 6 ...
3826 3431 51 38 *lb

3513 3475 49 32 Do
3713 3502 30 7 ...
3830 3476 49 31 lib

3439 3520 92 42 Every
3560 3519 164 32 additional
3746 3520 111 40 pound,
3871 3532 34 19 or
3920 3521 63 31 frac-

3473 3565 95 31 tional
3580 3570 67 36 pirt
3662 3565 28 29 of
3707 3575 17 19 a
3740 3565 101 39 pouud

3601 3608 57 33 Via
3673 3610 58 31 San
3750 3607 170 34 Francisco.

3437 3653 112 31 United
3577 3652 111 35 States,
3712 3663 90 29 every
3831 3652 51 35 !b

3436 3741 149 30 Canadian
3603 3741 177 30 Dominions

3440 3775 107 41 firit'Rh
3565 3784 159 33 Columbia

3440 3829 83 30 West
3538 3829 105 30 Indies

3446 4121 149 63 JOB
3615 4121 461 61 PEINTING

3493 4570 119 48 Every
3637 4567 207 54 description
3869 4569 161 38 executed

3679 4786 54 32 AT
3759 4785 86 33 THE

3445 4992 309 59 LYELL
3794 4992 285 62 TIMES

3511 5230 186 40 CLIFF
3749 5230 263 49 STREET,

3693 5450 148 30 LYBLL.
