2590 4039
121 50 319 33 THE
546 50 318 33 NEW
970 50 742 33 ZEALAND
1818 50 742 33 GAZETTE

121 83 2439 192 AND

121 275 1219 191 WELLINGTON
1462 275 1098 191 SPECTATOR

660 477 222 42 PUBLISHED
928 484 132 39 EVERY
1105 488 260 41 WEDNESDAY
1407 494 89 37 AMD
1542 497 231 41 SATURDAY
1818 504 204 40 MORNING.

2359 632 99 41 [Vol.
2481 635 37 32 II

595 592 132 33 PORT
755 594 287 45 NICHOLSON,
1062 594 312 59 WEDNESD^JT
1393 608 242 46 MORNING,
1658 617 270 37 NOVEMBER
1952 627 40 28 10
2030 628 77 30 1841

662 658 22 3 -—
686 658 4 3 ■
736 659 1 1 ■
750 659 2 1 ■
1325 654 13 7 V*
1993 654 10 7 *
2044 658 2 3 '

136 588 64 32 No.
224 588 66 40 88.]

2186 719 71 22 THIS
2274 721 74 23 DAY.

1971 747 159 39 TI/TESSRS.
2147 751 81 23 JOHN
2250 755 45 21 and
2317 756 128 24 GEORGE
2463 760 92 23 WADE

1968 799 66 15 wn-
2069 805 7 9 *
2129 804 17 7 «
2176 780 50 34 ,hy
2249 788 9 20 l
2257 781 68 23 )UDlic
2350 785 96 27 auction,
2472 790 22 18 at
2519 789 35 20 the

1966 799 59 44 n!S
2028 808 7 14 I?I
2037 808 16 35 ?l
2051 805 40 23 gto
2086 820 44 23 in,i
2131 804 16 21 tj
2149 831 20 12 M
2176 806 59 27 hang
2236 814 13 29 S
2268 808 21 21 RR
2291 816 11 13 °
2304 816 36 14 Om
2343 826 5 9 '
2367 818 28 15 on
2416 812 139 30 Wednesday

1964 834 30 34 »Z
2015 831 81 37 iU?J
2100 830 37 21 Olh
2131 858 8 10 ,
2172 839 55 15 oven
2225 860 4 8 ,
2227 834 50 21 lber
2275 851 7 10 '
2293 837 40 20 atl
2346 837 84 23 "'dock
2442 841 112 27 precisely,

2267 861 108 30 choosing
2392 864 38 23 the
2449 866 69 23 Town
2534 858 24 32 at

2046 917 25 19 16
2087 917 156 24 SUPERIOR
2261 921 103 23 MILCH
2379 924 92 28 COWS,

1960 947 15 21 4
1985 948 26 21 of
2018 948 73 23 which
2101 950 57 23 have
2169 952 72 23 calves
2251 955 30 27 by
2290 955 57 22 their
2357 958 65 26 sides,
2434 961 77 21 calved
2522 969 28 14 on

1962 975 37 20 the
2009 982 58 20 voya
2068 983 15 19 ff
2084 984 19 20 e,
2114 980 13 19 6
2143 979 45 22 will
2203 981 62 21 calve
2277 983 77 21 within
2371 984 101 24 fourteen
2490 987 53 25 days

1960 1004 47 18 and
2017 1004 37 20 the
2065 1010 126 23 remaining
2199 1008 13 20 6
2222 1015 36 14 are
2269 1015 55 21 very
2333 1010 96 24 forward
2437 1013 23 21 in
2472 1015 50 21 calf.

1962 1053 5 5 .
1990 1030 71 20 Ihese
2070 1037 59 16 cows
2139 1039 56 15 were
2204 1034 97 22 selected
2312 1037 51 21 with
2371 1043 63 21 great
2444 1047 50 15 care
2504 1042 44 21 and

1957 1056 121 25 judgment
2089 1064 22 14 in
2122 1058 90 28 Sydney
2230 1062 121 28 especially
2357 1064 35 22 for
2402 1065 44 23 this
2455 1068 92 22 market,

1989 1083 77 21 lerms
2075 1083 86 29 liberal,
2173 1087 64 22 made
2247 1088 83 22 known
2341 1094 22 18 at
2373 1091 52 23 sale.

1987 1134 63 29 Also,
2063 1143 28 15 ex
2100 1138 106 28 Adelaide,
2217 1140 57 22 from
2295 1142 87 23 Hobart
2396 1145 76 28 Town,
2491 1149 57 24 posi-

1960 1161 69 43 tively
2046 1164 94 23 without
2154 1173 95 21 reserve,
2268 1170 79 26 50,000
2365 1171 50 23 Van
2434 1173 115 24 Dieinan's

1960 1190 65 19 Land
2035 1190 106 29 shingles,
2150 1194 44 21 and
2204 1201 13 14 a
2225 1197 104 26 quantity
2340 1198 26 21 of
2373 1198 49 22 Van
2433 1200 116 24 Dieman's

1959 1218 66 19 Land
2035 1218 89 27 limber,
2133 1220 121 28 consisting
2263 1223 27 21 of
2295 1223 128 24 boards'and
2430 1228 117 27 scantling,

1959 1242 26 20 fit
1994 1242 34 21 for
2035 1243 79 28 plates,
2122 1246 86 26 rafters,
2214 1249 72 27 joists,
2298 1258 25 14 or
2332 1251 107 28 uprights.
2534 1260 4 3 ■

1959 1294 6 4 .
1989 1270 46 20 Jhe
2046 1270 115 24 character
2171 1273 26 22 of
2204 1274 49 22 Van
2264 1276 116 24 Dieman's
2394 1279 64 22 Land
2468 1280 79 23 timber

1959 1301 18 15 is
1987 1299 38 18 too
2036 1299 50 20 well
2096 1299 82 22 known
2189 1303 21 18 to
2220 1303 87 26 require
2315 1309 119 19 comment.
2464 1307 22 22 It
2495 1315 52 18 may

1960 1324 27 19 be
1997 1324 50 21 well
2058 1327 22 18 to
2098 1329 56 18 state
2171 1327 49 22 that
2235 1328 38 22 the
2291 1330 97 28 shingles
2405 1340 37 14 are
2459 1333 88 24 Hobart

1960 1351 66 19 lown
2047 1357 45 15 not
2102 1352 142 24 Launceston
2255 1355 109 30 shingles;
2380 1360 45 22 and
2433 1359 48 23 that
2489 1362 58 21 their

1958 1379 121 25 durability
2088 1385 19 15 is
2118 1385 60 21 quite
2188 1382 65 26 equal
2262 1386 24 18 to
2296 1385 67 21 metal
2375 1393 24 15 or
2411 1387 73 26 slates,
2502 1389 44 22 and

1957 1409 38 14 are
2005 1404 67 21 much
2089 1412 63 16 more
2168 1412 52 17 neat
2234 1409 24 21 in
2275 1417 153 23 appearance;
2444 1415 45 21 and
2499 1415 48 22 that

1957 1432 38 18 the
2006 1432 79 21 boards
2093 1433 43 21 and
2147 1436 128 26 quartering
2285 1443 38 15 are
2331 1439 124 23 unrivalled
2464 1441 29 26 by
2501 1449 44 15 any

1957 1456 64 21 other
2031 1458 81 23 timber
2122 1460 48 22 that
2187 1469 40 15 can
2238 1463 28 21 be
2285 1463 84 28 bought
2378 1470 23 18 at
2412 1467 41 22 this
2469 1469 75 26 period

1955 1489 23 14 in
1989 1484 38 21 the
2041 1485 93 28 Colony.

1982 1510 107 23 Terms—
2091 1512 78 24 Under
2188 1515 55 28 £20,
2269 1517 65 28 cash;
2359 1519 70 23 above
2453 1521 54 27 £20,
2530 1524 13 20 3

1955 1540 96 23 months,
2064 1546 29 15 on
2103 1542 112 26 approved
2231 1543 111 23 endorsed
2353 1551 152 22 acceptances.

2139 1568 129 23 November
2279 1573 91 24 1,18-11.

1955 1607 49 40 T)
2009 1608 20 22 R
2025 1610 85 34 ;_JNN
2114 1611 27 22 1S
2155 1612 84 29 having
2249 1615 133 23 established
2393 1618 93 23 himself
2495 1628 24 13 as
2530 1629 13 13 a

2107 1646 28 14 on
2138 1656 6 8 '
2155 1646 28 15 on
2198 1640 36 22 tlie
2246 1642 65 26 Hutt,
2323 1643 18 22 is
2352 1645 97 27 residing
2461 1646 34 22 for
2505 1647 37 22 the

1952 1666 90 20 present
2049 1663 73 23 nrffie
2133 1665 69 24 house
2219 1668 26 22 of
2255 1669 31 22 D.
2303 1669 124 29 ltiddiford,
2443 1673 59 25 Esq.,
2519 1679 24 17 at

1952 1688 121 29 Aghonby.
2422 1688 5 11 '
2480 1688 22 13 l>

1993 1716 31 21 At
2034 1716 67 23 home
2112 1726 68 19 every
2189 1721 105 28 morning
2302 1723 58 22 until
2371 1726 26 20 12
2406 1726 94 23 o'clock.

2154 1765 39 22 To
2209 1766 33 21 be
2260 1767 76 27 Sold,

2054 1797 14 20 9
2087 1797 61 27 right
2166 1799 26 21 of
2212 1799 77 23 choice
2308 1804 27 19 of
2355 1803 37 22 the
2412 1804 128 28 Wangauui

1992 1848 5 5 .
2023 1829 42 26 ,9?
2067 1827 40 18 tnc
2110 1829 14 22 *>
2142 1825 45 22 and
2202 1826 54 22 land
2274 1831 157 27 appertaining
2446 1832 85 23 thereto

1948 1854 23 15 as
1987 1851 140 27 judiciously
2145 1852 81 23 chosen
2242 1854 28 27 by
2289 1862 12 14 a
2316 1857 99 22 resident
2434 1860 106 24 practical

1974 1901 28 11 wenw
2006 1883 11 14 e
2017 1902 24 10 n-
2066 1877 44 22 I<or
2121 1883 66 18 terms
2197 1881 66 27 SPPV
2271 1884 23 19 to
2303 1883 29 21 It.
2343 1884 28 21 It.
2380 1886 90 26 Strang.

1977 1905 143 26 Wellington,
2132 1905 128 24 November
2268 1910 21 21 4.
2301 1911 60 20 1841.

1949 1945 27 32 T
1988 1973 5 4 .
1996 1947 22 21 A
2021 1947 44 22 ND
2079 1949 15 21 I
2100 1949 43 22 Oil
2157 1951 115 22 SALE.—
2272 1953 48 22 The
2335 1954 68 23 Town
2414 1956 67 28 Acre,
2496 1960 42 20 884

1947 1977 45 17 J-i
2023 1981 28 15 on
2063 1977 38 20 the
2111 1977 119 29 Surveyor-
2234 1980 118 23 General's
2361 1982 52 27 plan
2422 1991 5 19 ;
2444 1985 44 21 and
2498 1985 38 22 the

1947 2000 100 27 Country
2057 2001 77 23 Lands
2148 2004 23 22 in
2187 2004 36 23 the
2240 2007 61 26 right
2315 2008 28 21 of
2355 2008 77 23 choice
2446 2011 26 21 of
2482 2011 54 23 land

1947 2025 74 23 orders
2041 2028 54 22 Nos.
2113 2031 46 27 687,
2178 2032 45 27 726,
2246 2034 59 26 1084,
2326 2034 27 21 of
2368 2035 38 22 the
2425 2037 48 21 first
2491 2039 45 22 and

1946 2055 107 26 principal
2065 2056 135 25 settlement.
2228 2060 46 21 For
2284 2064 69 19 terms
2362 2063 68 27 apply
2439 2067 23 18 to

1990 2107 9 11 r
2012 2107 24 6 ...
2134 2111 7 7 .
2197 2086 27 21 B,-
2241 2086 27 23 It.
2285 2088 99 28 Stkang,
2397 2090 109 24 Solicitor.
2522 2105 3 7 .

1971 2108 144 28 Wellington,
2128 2111 88 27 August
2224 2115 32 26 27,
2270 2116 61 21 1841.

2155 2157 40 21 To
2210 2158 34 21 be
2258 2159 60 25 Let,

1947 2186 89 22 TTIHE
2051 2191 60 19 town
2129 2196 51 15 acre
2195 2191 45 22 No.
2256 2193 42 21 680
2312 2201 29 14 on
2357 2194 38 22 the
2411 2196 124 28 Surveyor-

1951 2215 29 19 JL
2020 2215 118 23 General's
2147 2217 59 28 plan,
2218 2218 122 30 belonging
2350 2224 21 19 to
2388 2222 39 22 the
2444 2224 89 23 Church

1944 2243 21 18 ot
1980 2243 114 21 Scotland.
2124 2243 45 22 For
2178 2248 73 24 terms,
2261 2248 69 27 apply
2341 2252 21 17 to

2134 2271 93 22 Robert
2239 2273 28 22 It.
2279 2276 99 26 Stkang,
2394 2276 110 23 Solicitor.

1960 2313 87 22 Town
2063 2316 56 21 and
2134 2317 122 28 Country
2270 2320 79 22 Land
2363 2323 29 20 to
2408 2323 33 21 be
2456 2325 59 21 Let.

1945 2347 169 49 SECTIONS
2129 2350 46 22 and
2191 2352 100 25 portions
2307 2354 28 21 of
2347 2355 101 24 Sections
2463 2358 23 22 in
2502 2359 30 22 all

2012 2379 61 23 parts
2091 2377 27 21 of
2133 2377 36 22 the
2188 2378 68 23 Town
2276 2380 27 22 of
2320 2381 143 30 Wellington,
2484 2386 47 22 also

1942 2403 100 26 Country
2051 2403 102 22 Sections
2168 2412 22 14 in
2202 2406 37 21 the
2255 2406 97 24 districts
2369 2411 26 20 of
2408 2412 38 22 the
2462 2412 60 22 liutt

1941 2429 37 19 the
1992 2429 85 28 kaiori,
2089 2431 39 21 the
2138 2431 76 29 Ohiro,
2227 2434 45 21 and
2286 2434 36 23 the
2338 2436 98 24 Porirua.
2465 2439 66 26 Long

1941 2456 69 21 leases
2021 2457 23 20 of
2053 2457 38 22 the
2108 2463 95 23 country
2213 2460 53 22 land
2284 2462 45 21 will
2347 2464 25 21 be
2386 2467 95 24 granted
2500 2474 29 15 ou

1940 2483 130 22 reasonable
2081 2488 75 19 terms.
2187 2486 41 22 For
2239 2489 132 25 particulars
2379 2491 70 29 apply'
2456 2497 24 18 to

2133 2512 96 23 Hanson
2242 2516 46 21 and
2301 2517 109 23 Alzdo*i

2166 2540 122 24 Thoradou
2298 2544 66 27 Quay
2383 2545 145 27 Wellington.

1938 2582 123 28 Country
2074 2584 126 22 Sections
2220 2586 41 21 for
2282 2589 61 21 Sale
2364 2596 37 15 on
2419 2592 109 22 Liberal

2184 2613 101 22 Terms.

1938 2643 165 49 SEVERAL
2139 2646 100 23 Sections
2267 2649 27 21 of
2324 2651 102 28 Country
2454 2653 71 26 Land,

2001 2672 92 27 already
2103 2672 84 23 chosen
2196 2675 24 21 in
2229 2674 38 23 the
2282 2676 93 24 Porirua
2389 2679 92 27 distr.ct,
2493 2683 35 21 for

1936 2700 57 25 bale,
2005 2706 75 14 TERMS
2090 2707 106 16 LIBERAL.
2225 2703 76 27 Apply
2313 2707 22 18 to

2032 2725 23 22 F.
2071 2726 22 22 A
2117 2728 171 30 Moleswokth,
2304 2731 187 32 Murphy-street,
2502 2744 26 15 or

2034 2757 17 17 V\
2060 2769 6 5 .
2084 2757 26 18 V.
2126 2757 105 27 Brewer,
2244 2758 195 26 Manners-street.

1933 2803 47 49 li
1983 2804 68 38 A^
2071 2806 43 36 T°
2137 2807 60 23 LET
2197 2820 34 10 -~
2232 2809 70 23 Town
2328 2819 60 15 acres
2413 2813 43 23 No.
2478 2817 46 25 168,

1934 2857 5 5 .
1966 2831 14 20 i
2011 2833 46 26 156,
2069 2834 50 26 423,
2135 2835 35 27 47,
2180 2838 48 25 501,
2241 2838 50 27 559,
2308 2839 46 21 and
2366 2847 69 20 many
2451 2842 75 22 others

1933 2864 22 14 in
1966 2860 38 20 the
2014 2864 59 17 most
2081 2860 110 24 desirable
2206 2864 124 23 situations.
2359 2867 56 21 Also
2428 2874 96 20 country

1933 2887 52 19 land
1993 2892 28 15 on
2032 2890 38 18 tue
2080 2887 72 22 banks
2163 2890 26 21 of
2196 2890 36 22 the
2244 2891 70 23 River
2326 2893 56 22 Hutt
2391 2895 45 23 and
2446 2903 28 15 on
2486 2897 37 21 the

1933 2912 92 22 Porirua
2034 2914 63 23 road.
2126 2916 76 28 Apply
2214 2921 21 18 to

2322 2947 22 21 J.
2361 2947 34 23 W.
2411 2949 82 23 Child.

2006 2985 134 29 Building
2153 2989 172 24 Allotments
2340 2994 29 20 to
2383 2994 61 24 Let,

1930 3017 91 23 rriHE
2040 3019 202 26 ADVERTISER
2256 3024 66 23 offers
2338 3033 60 20 upon
2414 3028 110 27 Building

1936 3048 28 18 J.
2006 3048 87 25 Leases,
2105 3054 14 14 a
2128 3049 96 22 number
2233 3051 27 21 of
2270 3051 70 23 Town
2349 3054 138 24 Allotments
2495 3057 25 22 in

1928 3073 36 21 the
1974 3076 60 18 most
2044 3073 108 24 desirable
2161 3080 61 22 parts
2232 3078 26 21 of
2268 3078 46 22 this
2324 3081 139 24 Settlement.

1956 3100 46 21 Ihe
2020 3101 113 22 attention
2150 3103 26 21 of
2192 3102 37 23 the
2246 3105 77 27 public
2340 3107 18 21 is
2375 3110 146 25 particularly

1927 3125 72 23 called
2017 3130 24 19 to
2059 3127 40 22 the
2117 3128 125 29 advantage
2260 3133 28 21 of
2303 3133 109 30 Building
2428 3125 90 38 Lease/,

1927 3154 72 21 which
2008 3154 38 22 the
2054 3154 154 29 undersigned
2216 3158 18 21 is
2246 3159 97 23 enabled
2352 3165 23 19 to
2383 3167 68 23 grant
2467 3166 35 21 viz

1925 3181 58 21 from
1992 3188 69 15 seven
2072 3184 23 19 to
2112 3185 139 26 twenty-one
2267 3193 74 22 years,
2358 3191 123 28 according
2496 3197 22 18 to

1925 3209 36 20 the
1981 3209 66 21 value
2067 3209 26 20 of
2113 3210 38 22 the
2174 3210 114 30 buildings
2308 3217 114 26 proposed
2444 3222 23 18 to
2492 3221 27 20 be

1926 3234 95 23 erected.
2049 3235 79 29 Apply
2138 3240 23 19 to

2089 3264 23 21 J.
2128 3264 25 22 T.
2169 3264 146 31 Wicksteed,
2328 3276 26 15 or

2141 3292 28 22 V.
2183 3294 108 27 Brewer,
2307 3296 196 27 Manners-street.

2025 3335 158 28 Wanganui
2197 3339 77 21 Land
2288 3341 124 29 Agency.

1925 3368 98 49 THE
2048 3370 152 28 undersigned
2227 3372 86 29 having
2339 3377 87 23 resided
2454 3386 61 15 some

1990 3397 91 22 months
2096 3400 25 19 at
2135 3398 133 30 Wanganui,
2288 3401 41 23 has
2345 3403 57 23 been
2420 3407 95 22 enabled

1924 3425 21 18 to
1955 3425 66 19 make
2030 3425 95 21 himself
2136 3427 134 27 acquainted
2282 3429 53 22 with
2350 3430 37 22 the
2404 3431 49 23 best
2462 3434 53 21 sites

1922 3450 33 20 for
1965 3450 37 21 the
2012 3450 108 23 selection
2131 3452 25 21 of
2162 3457 95 25 country
2267 3455 73 29 lands,
2350 3459 45 21 and
2405 3459 110 24 therefoie

1922 3478 51 19 with
1988 3478 133 22 confidence
2131 3480 89 22 tenders
2229 3481 36 23 bis
2274 3485 97 21 services
2382 3489 24 19 to
2415 3488 100 25 proprie-

1922 3506 50 24 tors,
1990 3511 25 14 as
2030 3511 30 15 an
2075 3506 79 27 Agent
2167 3507 35 22 for
2217 3508 38 22 tlie
2272 3510 114 29 selection,
2398 3513 53 26 sale,
2463 3522 51 17 pur-

1921 3532 73 26 chase,
2005 3532 45 21 and
2060 3532 88 28 leasmg
2155 3539 106 24 property
2271 3537 25 21 in
2305 3537 50 23 that
2364 3539 92 24 district.

1948 3563 86 24 Letters
2043 3566 35 22 for
2088 3567 38 22 the
2136 3568 125 25 subscriber
2274 3575 24 18 to
2312 3572 28 22 be
2354 3573 121 25 addressed
2489 3580 23 19 to

1920 3591 36 22 the
1967 3599 51 15 care
2028 3594 23 20 of
2065 3593 93 24 Messrs.
2169 3596 79 29 Wade,
2258 3598 147 29 Wellington.

2165 3629 32 23 H.
2214 3631 121 30 Churton,
2348 3634 133 28 Wanganui.

1917 3671 146 48 LAND
2086 3675 262 25 AGENCIES.—
2348 3680 39 22 TO
2411 3681 89 22 LAND

1993 3698 233 27 HOLDERS.-The
2246 3704 156 30 Undersigned
2422 3708 43 29 beg
2488 3714 23 19 to

1917 3727 54 19 otter
1980 3727 138 22 themselves
2126 3732 24 19 to
2159 3729 58 23 their
2225 3730 87 24 friends
2321 3734 45 21 and
2379 3734 39 22 the
2434 3737 76 25 public

1917 3758 24 15 as
1951 3754 88 25 Agents
2047 3754 36 22 for
2093 3755 38 22 the
2141 3756 94 28 disposal
2244 3758 26 21 of
2276 3758 71 24 Town
2356 3762 46 21 and
2409 3763 101 26 Country

1916 3781 83 26 Lands,
2011 3781 45 22 and
2066 3785 58 19 trust
2134 3783 58 22 their
2201 3784 96 23 colonial
2308 3788 134 26 experience
2457 3798 53 18 may

1916 3807 84 21 entitle,
2004 3807 63 22 them
2076 3811 25 20 to
2110 3816 14 15 a
2136 3810 64 22 share
2210 3812 25 20 of
2246 3811 38 22 the
2294 3814 75 26 public
2377 3819 132 25 patronage.

1915 3859 6 5 •
1940 3836 17 35 }
1987 3862 5 9 ,y,
1990 3842 16 19 y
2013 3842 12 26 ?vlll?
2023 3836 38 21 vlll
2070 3836 30 21 be
2108 3836 31 22 ha
2139 3844 46 20 Pl>y
2194 3841 21 18 t0
2225 3845 49 15 arra
2275 3846 45 20 «ge
2333 3842 36 21 for
2376 3843 46 22 and
2433 3852 77 19 super-

1914 3862 80 20 intend
2004 3862 38 21 the
2051 3869 95 22 surveys
2152 3864 45 21 and
2204 3865 160 25 sub-divisions
2371 3869 27 22 of
2404 3870 37 22 the
2446 3871 54 23 land

1916 3889 90 20 Liberal
2015 3889 114 23 advances
2138 3890 45 22 will
2196 3891 28 22 be
2238 3893 67 22 made
2316 3894 30 22 oh
2354 3895 67 24 lands
2430 3898 80 25 placed

1915 3921 23 15 in
1950 3914 56 22 their
2015 3915 73 22 hands
2095 3916 36 23 for
2138 3917 53 22 sale.
2219 3918 65 29 They
2292 3921 44 22 will
2343 3922 47 23 also
2398 3923 27 23 be
2434 3925 75 24 happy

1915 3944 23 19 to
1948 3945 65 19 assist
2023 3943 137 27 proprietors
2169 3944 23 23 in
2202 3944 88 30 leasing
2300 3948 59 23 their
2366 3949 73 25 lands.

2199 3979 62 24 John
2272 3982 45 22 and
2329 3983 58 23 Gee.
2399 3985 81 25 Wade.

101 679 174 29 Wellington
294 682 202 23 Horticultural
511 685 22 20 &
547 686 146 22 Botanical

337 710 118 28 Society.

96 741 75 48 AT
184 741 23 23 A
222 741 112 24 PUBLIC
348 743 148 24 MEETING
510 746 27 22 of
548 746 40 22 the
597 747 96 22 subscri-

177 768 52 22 bers
239 769 45 22 and
294 770 95 23 Friends
400 772 25 21 of
436 771 38 23 the
483 772 141 28 Wellington
633 774 59 22 Hor-

97 794 116 24 ticultural
218 797 45 21 and
268 797 118 23 Botanical
391 798 96 28 Society,
495 798 55 23 held
554 803 23 19 at
584 801 108 22 Barrett's

96 820 69 28 hotel,
169 830 38 14 -on
219 823 109 28 Monday,
346 825 59 22 Nov.
423 825 76 27 Bth,—
501 827 47 21 Col.
565 827 127 24 Wakefield

96 854 24 14 in
131 848 39 22 the
177 849 70 28 chair,
249 861 27 4 —
277 849 38 23 the
322 851 114 28 following
441 852 54 22 laws
502 853 45 22 and
553 855 137 26 regulations

95 874 28 21 of
133 874 39 22 the
182 876 89 29 Society
282 882 57 18 were
350 879 86 22 carried
445 882 161 26 unanimously
614 889 5 14 :
621 893 29 4 —

123 908 23 22 It
155 915 46 16 was
215 911 81 22 moved
311 912 29 26 by
348 912 41 22 Dr.
398 912 168 30 Featherstone,
576 915 113 23 seconded

95 934 32 28 by
136 935 30 22 A.
177 936 51 23 d'B.
238 937 115 29 Brandon,
365 939 60 28 Esq.,

122 970 10 20 1
137 985 5 5 .
149 969 61 23 That
219 978 14 14 a
243 971 89 28 Society
341 972 29 22 be
379 973 87 22 formed
474 975 35 21 for
515 975 39 22 the
560 978 127 25 promotion

92 996 28 20 of
130 996 148 24 horticulture
286 999 24 21 in
320 999 31 21 all
363 1000 29 22 its
405 1001 118 27 branches,
543 1003 45 22 and
604 1004 50 21 that
670 1004 17 22 it

91 1022 29 22 be
135 1023 73 23 called
303 1025 140 29 Wellington
460 1028 168 24 Horticultural
640 1031 46 22 and

90 1049 119 24 Botanical

117 1083 24 22 It
149 1091 46 16 was
209 1086 81 22 movtd
304 1087 32 27 by
351 1087 85 23 Robert
453 1088 88 29 Stokes,
558 1089 63 29 Esq.,
638 1091 47 23 and

89 1111 113 22 seconded
211 1112 32 28 by
254 1112 25 23 E.
290 1112 112 29 Johnson,
413 1114 62 29 Esq.,

115 1146 22 20 2.
147 1145 59 23 That
213 1154 67 20 every
287 1154 82 20 person
376 1149 141 27 subscribing
523 1151 32 20 ss.
564 1152 116 28 annually,

87 1171 29 22 be
126 1173 132 22 considered
268 1175 132 27 a.member,
412 1175 45 22 and
465 1176 29 22 be
503 1177 95 23 entitled
605 1181 23 20 to
635 1180 48 21 free

88 1197 121 24 admission
227 1203 23 19 to
266 1201 31 21 all
313 1201 38 22 the
367 1202 149 28 Exhibitions,
525 1204 53 24 .and
595 1206 47 21 also
659 1209 23 20 to

200 1227 36 22 for
246 1227 30 22 all
285 1227 38 22 the
333 1229 72 27 prizes
414 1229 69 27 given
492 1230 31 26 by
538 1231 38 22 the
592 1232 90 30 Society

85 1252 68 22 —the
164 1253 148 29 subscription
322 1258 23 19 to
355 1256 29 21 be
393 1256 52 27 paid
454 1257 24 22 in
488 1258 103 23 advance
605 1263 24 18 to
643 1260 38 22 the

85 1278 122 24 Treasurer
217 1281 36 22 for
261 1281 38 22 the
309 1282 54 22 timt
372 1283 68 27 being
446 1292 6 18 ;
473 1284 47 23 and
536 1293 29 14 no
580 1287 102 23 member

85 1306 76 22 whose
172 1307 148 29 subscription
329 1309 58 22 shall
396 1310 28 22 be
433 1311 24 21 in
468 1318 76 16 arrear
558 1316 23 19 to
597 1314 30 22 be
641 1322 39 14 en-

85 1333 64 23 titled
160 1337 23 19 to
193 1334 39 22 the
242 1335 118 28 privileges
371 1336 29 22 of-
408 1337 39 22 the
457 1338 98 29 Society.

112 1367 27 22 It
145 1375 45 15 was
199 1369 83 21 moved
291 1369 31 27 by
331 1369 22 22 J.
364 1370 26 22 T.
402 1371 136 29 Wicksteed,
556 1373 62 28 Esq.,
634 1375 46 22 and

83 1394 115 22 seconded
207 1395 31 28 by
249 1396 27 22 G.
288 1397 88 27 Moore,
388 1397 61 29 Esq.,

109 1429 22 21 3.
146 1427 107 24 That.the
262 1429 75 22 affairs
346 1431 27 21 of
384 1430 38 23 the
432 1432 90 28 Society
529 1434 29 22 be
565 1436 113 27 managed

82 1454 31 28 by
119 1462 15 14 a
142 1455 124 27 President,
273 1456 52 22 four
333 1456 205 32 Vice-Presidents,
548 1462 129 28 Treasurer,

83 1481 124 28 Secretary,
219 1483 45 22 and
274 1483 141 29 Committee,
426 1489 24 18 to
459 1486 28 22 b»
498 1488 84 22 chosen
600 1493 24 18 at
639 1490 38 22 the

83 1509 85 22 annual
184 1510 100 27 meeting
299 1510 27 22 of
343 1510 39 23 the
396 1512 96 28 Society,
510 1514 45 22 five
574 1519 24 17 to
617 1516 28 22 be
664 1525 14 14 a

82 1543 107 20 quorum;
212 1536 46 23 and
273 1536 49 23 that
339 1538 38 22 the
393 1540 134 23 Committee
546 1542 58 22 shall
619 1543 58 23 have

81 1562 42 22 full
130 1570 75 20 power
212 1566 24 19 to
244 1564 71 22 frame
322 1564 38 23 the
368 1565 109 28 bye-laws
484 1568 47 22 and
537 1570 139 24 regulations

80 1589 27 23 Of
116 1589 39 22 the
167 1590 96 28 Society.

108 1623 23 22 It
144 1630 45 15 was
205 1624 83 22 moved
303 1625 32 27 by
352 1626 88 28 George
454 1628 90 29 Duppa,
560 1630 63 27 Esq.,
640 1639 35 14 se-

81 1650 89 22 conded
178 1651 31 27 by
220 1651 36 22 W.
266 1651 30 23 V.
307 1652 95 29 Brewer,
414 1655 61 28 Esq.,
593 1640 14 18 q
616 1647 7 11 '

105 1685 22 21 4.
141 1684 59 22 That
215 1684 39 23 the
268 1686 117 28 following
398 1696 93 20 persons
506 1690 29 22 be
550 1692 123 27 appointed

77 1712 88 21 officers
174 1712 28 21 of
212 1712 39 22 the
261 1713 90 28 Society
360 1715 36 22 for
405 1716 37 21 the
453 1721 91 23 present
553 1726 62 20 year.

306 1748 135 16 PRESIDENT.

252 1767 94 23 Colonel
364 1769 132 23 Wakefield.

268 1802 174 16 VICE-ritESIDEN
446 1805 33 14 TS.

75 1818 28 23 R.
114 1818 33 23 D.
155 1819 104 29 Han«on,
270 1822 64 27 Esq.,
390 1824 33 22 M.
435 1825 108 28 Murphy,
553 1826 54 27 Esq.

75 1846 26 23 F.
108 1846 29 23 A.
147 1846 212 31 Molesworth,.Esq.
390 1851 21 21 J.
422 1851 27 23 T.
459 1852 138 30 Wicksteed,
607 1855 53 28 Esq.

299 1883 143 17 TREASURER.

266 1903 28 22 R.
316 1904 86 28 Stokes,
421 1905 54 29 Esq.

299 1938 141 16 SECRETARY.

254 1957 40 22 ©r.
315 1957 169 25 Featherstone.

297 1985 141 21 committee.

70 2008 24 21 C.
104 2008 26 22 E.
141 2007 52 24 Vbn
202 2008 104 28 Alzdorf,
382 2010 27 22 E.
419 2011 122 28 Johnston,
551 2013 54 28 Esq.

70 2034 27 23 R.
108 2035 92 27 Barton,
212 2036 53 28 Esq.
382 2038 28 22 A.
422 2038 104 29 Ludlam,
537 2040 54 29 Eiq.

69 2061 76 28 Major
154 2062 81 26 Baker,
381 2065 95 28 Captain
487 2067 81 28 Smith,
581 2068 60 24 R.A.

69 2089 94 27 Captain
173 2090 98 28 Daniell,
381 2091 39 23 Dr.
432 2093 87 29 Stokes,

69 2115 40 23 Dr.
120 2116 83 28 Evans,
381 2119 33 21 W.
426 2119 125 28 Swaihson,
563 2121 54 26 Esq.

68 2142 55 23 Rev.
135 2144 22 21 J.
169 2144 139 28 M'Fariane,
379 2145 22 23 J.
413 2147 69 26 Watt,
493 2147 55 26 Esq.

68 2169 31 23 H.
110 2170 31 22 St.
153 2170 56 29 Hill,
221 2171 52 29 Esq.
378 2173 22 21 J.
411 2173 78 27 Wade,
502 2175 53 28 Esq.

68 2196 43 25 Mr.
123 2198 79 27 Hurst,
377 2200 46 23 Mr.
433 2201 30 23 D.
475 2201 136 26 Wilkinson.

67 2224 42 22 Mr.
120 2224 89 29 Henry,

94 2252 55 22 And
160 2252 47 22 that
216 2253 40 22 the
264 2253 131 24 committee
403 2254 59 24 have
468 2264 76 19 power
551 2260 23 19 to
584 2258 46 23 add
639 2262 23 20 to

65 2278 58 22 their
132 2279 103 23 number.

93 2312 21 23 It
123 2321 46 14 was
177 2314 86 23 moved.
268 2314 31 29 by
310 2315 31 23 H.
353 2316 111 29 Moreing,
478 2318 61 29 Esq.,
547 2320 114 23 seconded

66 2340 30 27 by
106 2340 75 28 Major
191 2342 81 28 Baker,

91 2375 21 20 5.
126 2374 59 22 That
195 2375 38 23 the
243 2375 135 24 Committee
388 2377 57 24 shall
459 2380 94 27 appoint
563 2380 64 23 three
637 2382 27 22 of

65 2401 57 22 their
130 2402 97 22 number
236 2406 23 19 to
268 2404 65 21 audit
341 2404 39 22 the
390 2405 142 24 Treasurer's
542 2412 107 19 accounts

63 2428 45 22 and
116 2429 49 21 that
174 2437 13 15 a
196 2434 77 23 report
283 2431 26 22 of
320 2431 38 22 the
375 2432 75 23 affairs
466 2434 27 22 of
511 2434 39 23 the
567 2436 91 28 Society

63 2455 27 21 be
105 2455 46 23 laid
167 2457 76 22 before
257 2457 37 22 the
310 2460 93 25 general
417 2461 85 22 annual
518 2464 103 26 meeting
635 2464 26 22 of

62 2483 142 23 subscribers.

90 2516 21 22 It
120 2524 45 15 was
173 2518 83 22 moved
264 2519 31 27 by
305 2519 26 23 T.
342 2520 34 23 M.
388 2521 124 30 Partridge,
530 2524 63 27 Esq.,
610 2526 46 22 and

62 2544 111 21 seconded
182 2544 32 28 by
223 2546 40 21 Dr.
275 2546 112 29 Johnson,

87 2578 21 21 6.
122 2577 59 22 That
190 2578 39 23 the
240 2579 134 25 Committee
386 2582 56 23 shall
453 2584 95 28 appoint
556 2586 65 23 three
631 2594 25 15 or

61 2606 43 20 live
118 2605 86 28 Judges
214 2609 23 18 to
248 2608 74 21 award
332 2608 38 23 the
379 2610 74 27 prizes
462 2615 23 18 at
496 2612 56 22 each
567 2613 88 23 exhibi-

61 2633 48 19 tion
115 2639 5 19 ;
136 2632 38 22 the
184 2633 86 28 Judges
280 2638 23 18 to
311 2634 59 24 have
376 2644 29 15 no
412 2637 94 23 interest
513 2639 24 22 in
546 2639 38 23 the
593 2649 61 15 com-

59 2661 100 25 petition,
170 2667 41 14 nor
221 2660 133 30 knowledge
364 2666 23 19 to
398 2664 74 23 whom
482 2666 39 24 the
529 2669 124 26 respective

60 2686 86 21 articles
158 2688 129 28 competing
301 2689 96 29 belong;
417 2692 46 22 and
477 2693 59 23 their
552 2695 100 23 decision

59 2716 23 17 to
93 2716 25 18 be
127 2716 55 19 nnal
192 2716 46 21 and
249 2716 92 23 without
351 2719 87 27 appeal.

83 2745 23 22 It
114 2753 44 15 was
168 2749 82 21 moved
258 2749 31 28 by
300 2749 63 24 John
379 2751 79 29 Wade,
477 2754 61 28 Esq.,
555 2756 47 23 and
616 2765 35 14 se-

57 2773 86 22 conded
153 2774 29 28 by
192 2775 64 28 Capt.
266 2777 61 28 Hay,

83 2806 19 23 7.
116 2807 60 23 That
184 2808 31 23 all
229 2817 51 15 new
294 2810 61 29 laws,
374 2819 27 15 or
416 2812 132 26 alterations
565 2817 28 21 of
611 2817 39 23 the

55 2836 115 26 loregoing
177 2836 61 28 laws,
250 2840 67 24 must,
331 2839 78 22 before
421 2841 69 27 being
500 2842 97 27 adopted
605 2851 3 8 ■
621 2845 28 22 be

55 2862 119 23 •übnutted
189 2866 24 19 to
229 2863 39 22 the
283 2864 134 24 Committee
432 2871 24 18 at
471 2868 58 23 least
544 2870 105 24 fourteen

55 2888 53 27 days
116 2889 62 27 prior
186 2893 31 23 to,
229 2891 45 22 and
282 2891 28 22 be
318 2894 115 25 approved
439 2894 27 22 of
473 2895 30 28 by
510 2896 39 22 the
556 2899 93 24 general

55 2916 82 21 annual
146 2918 103 27 meeting
257 2918 27 22 of
296 2918 38 23 the
344 2920 96 29 Society.

54 2949 74 36 «!*¥;
137 2950 126 24 Wakefield
271 2952 86 29 having
370 2954 42 23 left
428 2955 38 24 the
484 2956 69 29 chair,
569 2958 19 22 it
604 2967 44 15 was

54 2976 59 22 filled
122 2977 30 27 by
162 2978 64 28 Capt.
236 2980 80 28 Smith,
327 2980 69 29 R.A.,
407 2982 66 23 when
483 2984 18 21 it
510 2992 46 15 was
565 2987 83 22 moved

55 3005 27 24 by
93 3005 27 21 11.
132 3005 86 28 Stokes,
226 3006 61 28 Esq.,
296 3008 114 23 seconded
417 3010 30 28 by
454 3010 35 23 W.
497 3010 148 31 Fitzherbert,

54 3032 57 26 ■bsq.,
123 3032 46 22 and
177 3034 162 28 unanimously
348 3036 111 28 resolved,

78 3063 58 23 That
144 3064 38 23 the
198 3067 85 22 cordial
299 3068 85 24 thanks
398 3071 26 21 of
440 3071 44 22 this
500 3073 102 22 meeting
618 3075 28 22 be

52 3096 63 20 given
126 3094 22 19 to
159 3092 48 24 Col.
218 3094 127 24 Wakefield
358 3097 37 22 for
403 3097 35 23 hit
448 3099 51 22 able
508 3091 101 32 conduct
622 3103 23 21 in

54 3118 36 21 the
99 3118 68 23 chair.

78 3151 101 23 Note.—
179 3154 141 24 Subscribers
327 3164 38 15 are
374 3160 114 27 earnestly
495 3163 121 26 requested
623 3167 21 19 to

52 3182 42 23 pay
103 3182 57 19 their
169 3182 161 28 »übscnptions
340 3191 25 15 as
379 3186 63 28 early
459 3194 24 15 as
497 3189 106 26 possible,
620 3191 24 22 in

53 3207 62 20 order
123 3207 50 22 that
181 3215 13 14 a
203 3214 87 18 correct
298 3210 39 23 list
351 3212 27 22 of
391 3214 137 23 subscribers
544 3224 55 17 may
616 3218 28 22 be

51 3235 63 19 wade
127 3238 45 19 out.

181 3281 80 22 Bank
275 3283 31 21 of
317 3284 184 24 Australasia.

65 3311 20 24 A
113 3313 146 25 MEETING
273 3316 27 23 of
311 3317 39 23 the
369 3320 129 23 merchants
513 3323 47 22 and
579 3323 63 24 those

88 3365 24 10 ™
125 3344 35 18 mt
161 3343 87 22 erested
256 3344 24 21 in
289 3344 102 28 banking
405 3347 75 22 affairs
492 3348 21 22 is
522 3353 120 22 requested

49 3370 39 37 ??i
137 3375 11 14 r
149 3375 9 32 ?
160 3368 28 22 da
185 3396 4 11 ,
188 3375 15 21 y
211 3374 62 24 next,
282 3375 24 18 at
316 3372 37 22 the
362 3372 139 29 Wellington
508 3376 132 31 Exchange,

49 3394 22 18 at
81 3394 25 20 12
115 3401 13 14 o
137 3395 62 22 clock
208 3398 116 28 precisely,
342 3402 24 19 to
376 3400 53 23 take
447 3406 48 18 into
513 3405 129 23 considera-

49 3422 46 19 tion
105 3422 37 21 the
151 3424 113 28 propriety
280 3426 27 21 of
319 3426 97 29 sending
430 3436 13 14 a
459 3429 142 29 Deputation
617 3437 23 19 to

48 3446 37 22 the
104 3446 64 25 Bank
185 3450 26 22 of
226 3452 146 30 Australasia,
393 3455 35 22 for
443 3455 43 29 the,
501 3465 97 23 purpose
618 3462 27 21 of

47 3476 94 26 mviting
158 3476 62 24 them
239 3482 22 19 to
278 3480 106 23 establish
404 3490 13 14 a
435 3483 92 24 Branch
544 3480 26 29 In
586 3487 58 24 Port

47 3503 129 22 JNicnolson.
203 3505 23 22 A
242 3508 115 21 memorial
373 3512 23 19 to
411 3509 39 23 the
464 3511 68 23 Bank
550 3515 47 22 will
610 3515 28 23 be

47 3530 105 25 prepared
167 3531 35 22 for
217 3532 39 23 the
271 3538 115 23 signature
402 3537 26 21 of
438 3538 56 22 such
509 3548 95 20 persons
614 3550 24 15 ai

162 3565 8 14 1
214 3563 23 18 to
252 3565 92 24 support
355 3562 36 22 the
402 3563 19 23 fi
423 3565 54 22 ank.
484 3567 73 23 above
572 3577 65 16 roen-

151 3629 39 21 To
210 3631 127 23 Builders
353 3636 55 20 and
424 3637 100 23 others.

233 3665 161 30 immediately,
410 3670 90 23 tenders
514 3673 36 22 for
561 3674 63 23 build
628 3689 7 5 -

45 3683 68 50 eklL
130 3694 72 39 31$
214 3718 14 15 v
226 3691 14 22 h
236 3720 6 3 -
242 3693 54 22 Urch
297 3709 6 11 '
315 3695 20 20 6<
335 3695 13 38 !,
351 3694 19 22 ft
372 3711 5 5 -
388 3695 30 28 by
409 3722 11 11 J
427 3697 53 22 3sft
506 3700 61 23 tobe
578 3702 57 23 built

44 3714 72 43 SSiZ
162 3744 29 13 %u
192 3718 37 23 lck
243 3726 13 15 °
256 3727 12 14 r
284 3727 20 15 W
304 3727 14 30 ?
320 3721 29 22 oi
350 3737 6 11 >
376 3722 46 23 and
438 3727 24 18 to
482 3732 11 14 c
495 3728 79 21 °ntain
592 3731 42 21 300

44 3741 43 43 £?
97 3748 19 36 J
116 3749 43 35 VV
160 3751 9 14 1
170 3744 23 23 *
198 3747 155 37 SfW^Pfo
363 3749 35 22 &c
399 3765 5 7 '
410 3772 4 4 -
433 3749 27 23 If
464 3751 59 23 built
530 3755 27 21 of
562 3755 70 29 brick,

43 3770 50 37 I™a
131 3770 25 22 lls
176 3772 47 23 and
242 3770 66 26 ceflin
309 3782 9 20 St
318 3782 5 20 OS
343 3779 23 18 tO
386 3776 28 22 be
430 3777 120 28 Plastered.
584 3782 48 23 The

43 3798 66 45 fSnd
108 3802 9 15 r
118 3830 48 16 orn
170 3805 25 21 SP
239 3801 166 27 yWhetheraU
420 3805 115 24 materiuls
545 3808 45 22 will
605 3810 27 23 be

42 3845 71 43 <J?j
115 3849 26 22 de
143 3858 9 30 !:
153 3859 47 29 s>^
201 3852 34 23 ith
245 3861 14 20 P
259 3854 38 22 lan
312 3856 45 22 and
368 3857 119 29 elevation,
498 3860 45 23 will
559 3861 28 24 be
597 3871 34 14 re-

41 3871 117 56 3£fi
159 3878 69 57 -,%
226 3880 75 24 stor6s
320 3890 14 14 °
336 3883 15 21 r
362 3883 55 29 Hoy
431 3887 46 21 —
496 3887 134 31 «-«*.

68 3928 139 34 Wellington,
219 3934 131 25 November
360 3939 33 26 10,
406 3940 59 22 1841.

809 690 123 29 Country
952 693 78 22 Land
1049 696 187 23 Association.

726 721 145 24 ATOTICE
885 724 20 22 is
918 725 86 29 hereby
1012 728 75 28 given,
1105 729 49 22 that
1164 738 13 14 a
1186 731 101 28 meeting
1296 733 26 21 of

724 764 52 21 rVj
829 757 25 28 I,
863 753 101 26 Country
981 753 65 23 Land
1052 763 4 5 •
1064 756 141 23 Association
1228 759 44 21 will
1291 760 26 21 be

725 777 53 20 held
791 779 23 18 at
829 777 90 24 Messrs.
939 780 91 22 Wade's
1048 782 83 27 Stores,
1151 784 32 22 Te
1202 785 55 26 Aro,
1273 786 44 22 this

724 808 106 23 evening,
849 805 148 29 Wednesday,
1018 808 131 24 November
1164 810 37 22 the
1218 813 24 20 10
1245 812 30 27 th,
1294 816 23 18 at

724 832 12 18 7
757 836 13 14 o
781 832 63 20 clock
861 832 117 28 precisely,
996 837 22 19 to
1033 834 61 23 draw
1110 836 36 22 for
1162 844 13 14 a
1192 839 85 22 section
1294 840 31 21 of.

722 858 55 19 land
786 858 26 20 of
823 859 40 20 100
873 865 68 21 acres,
950 867 52 15 now
1012 868 57 20 open
1080 862 35 22 for
1124 863 108 24 selection
1239 874 5 13 :
1256 874 24 14 so
1291 873 24 15 as

722 885 22 18 to
755 885 80 20 enable
844 885 38 22 the
896 886 82 26 parties
993 890 23 18 to
1032 888 74 22 whom
1120 889 19 22 it
1155 891 57 22 shall
1229 893 45 21 fall,
1292 896 22 18 to

721 910 60 21 avail
791 910 135 24 themselves
935 913 25 21 of
972 913 108 28 choosing
1087 919 23 18 at
1118 916 38 22 the
1163 917 151 29 forthcoming

724 937 106 21 selection
840 940 24 19 at
878 937 39 23 the
934 940 240 28 Surveyor-General's
1191 945 71 26 office,
1284 954 28 14 on

721 962 37 21 the
770 963 51 21 18th
829 967 51 19 mst.
1054 977 3 4 •

706 1003 5 5 .
748 988 38 23 All
796 990 158 28 subscriptions
964 1000 38 14 are
1011 995 104 27 required
1132 999 24 20 to
1171 998 30 22 l>e
1211 999 51 24 paid
1273 1008 38 15 up.

800 1016 35 28 By
847 1018 65 21 order
921 1018 26 22 of
958 1019 38 22 the
1006 1020 112 30 Trustees,

898 1051 102 23 Francis
1014 1053 26 22 T.
1056 1055 86 29 Yates,
1159 1058 123 30 Secretary.

687 1093 127 48 N°r
814 1094 144 37 lCE^,?
958 1098 58 22 eetin
1017 1106 16 20 8
1042 1100 26 21 of
1080 1100 38 22 the
1129 1102 88 24 Roman
1229 1105 81 23 Catho-

798 1124 40 19 lics
849 1124 26 19 of
890 1124 134 27 Wellington
1035 1126 46 23 will
1086 1128 27 22 be
1124 1128 53 23 held
1188 1138 29 14 on
1228 1131 82 23 Thurs-

715 1147 45 26 day
771 1154 166 24 evening-next,
945 1154 23 19 at
975 1154 13 19 8
996 1152 93 28 o'clock,
1096 1158 24 18 at
1126 1155 38 22 the
1169 1156 139 29 Wellington

717 1177 94 24 lavern,
817 1177 35 20 for
859 1177 38 22 the
905 1184 97 21 purpose
1009 1180 25 21 of
1040 1181 94 28 making
1139 1190 170 21 arrangements

714 1201 37 20 for
758 1201 92 29 fencing
858 1211 25 14 in
903 1205 38 22 the
957 1206 89 23 Roman
1063 1208 102 24 Catholic
1181 1211 125 27 Cemetery,

715 1228 42 21 &C.
767 1228 42 23 &C.
819 1230 40 22 &C.
1284 1228 22 13 J>

955 1259 24 22 C.
995 1260 25 22 E.
1037 1260 52 23 Yon
1106 1263 118 30 Alzdorf,

970 1287 117 29 Secretary
1096 1289 46 22 and
1152 1291 127 25 Treasurer.

823 1328 172 29 Wellington
1009 1333 192 29 Observatory.

724 1359 131 44 JOSEPH
902 1363 173 31 M'GREGOR,
1122 1368 183 33 Chronometer,

713 1392 30 31 y
781 1387 82 29 Clock,
878 1390 46 22 and
938 1390 88 24 Waich
1041 1393 97 29 Maier,
1153 1396 55 27 begs
1228 1401 21 19 to
1271 1407 35 14 re-

713 1416 52 19 turn
776 1415 34 21 his
819 1423 86 15 sincere
915 1417 82 23 thanks
1004 1422 22 19 to
1037 1420 38 23 the
1084 1426 83 24 gentry
1176 1425 46 21 and
1230 1426 75 25 public

711 1441 27 20 of
754 1441 53 22 Port
829 1442 125 24 Nicholson
976 1446 35 21 for
1026 1446 39 23 the
1084 1448 78 23 liberal
1181 1455 123 23 patronage

711 1468 114 22 bestowed
836 1469 104 29 hitherto,
951 1472 45 22 and
1012 1474 54 27 begs
1082 1477 146 28 respectfully
1236 1482 24 20 to
1269 1480 34 22 in-

710 1497 58 19 form
780 1497 60 20 them
856 1497 50 22 that
918 1498 28 22 he
963 1498 41 23 has
1018 1503 107 21 removed
1140 1507 23 19 to
1181 1504 122 25 Lambton-

709 1528 68 21 quay,
788 1523 47 21 and
851 1526 74 26 trusts,
937 1525 30 27 by
977 1527 108 29 assiduity
1094 1530 46 22 and
1154 1533 110 22 attention
1280 1538 22 18 to

777 1556 40 15 eSS
828 1550 28 22 he
864 1558 38 15 ma
902 1559 15 19 y
927 1559 35 15 me
965 1556 23 19 et
997 1561 14 14 a
1018 1554 88 24 further
1115 1557 65 23 share
1195 1560 26 21 of
1227 1561 75 27 public

736 1602 173 25 Chronometer!
925 1606 93 24 cleaned
1033 1609 32 28 by
1075 1618 14 14 a
1096 1612 111 27 prepared
1219 1613 82 24 instru-

709 1632 71 19 ment.

733 1655 149 31 Barometers,
900 1660 72 23 music
988 1662 76 29 boxes,
1085 1665 40 22 &c.
1142 1667 22 21 &
1164 1675 11 14 c
1207 1667 92 24 cleaned

706 1684 46 20 and
760 1685 110 25 repaired.

931 1733 30 22 H.
978 1733 93 30 READ,

842 1766 119 23 Tinman
975 1770 55 20 and
1038 1771 122 28 Brazier,

782 1798 62 24 Near
853 1800 38 22 the
903 1802 156 30 Court-house,
1071 1805 148 27 Wellington.

704 1841 160 41 I^-EARLY
887 1845 110 25 READY
1021 1848 64 24 FOR
1106 1851 65 24 THE
1195 1854 99 28 PRESS,

702 1869 24 40 i
753 1898 16 13 /•
781 1877 16 34 f
798 1877 14 15 D
831 1879 18 32 ii
850 1879 14 20 P,P
857 1879 25 32 ,t
879 1873 43 22 edll
921 1902 4 4 -
924 1881 43 30 y^
968 1875 25 22 m
1003 1875 28 22 be
1039 1884 16 20 P
1056 1877 37 22 ubl
1095 1878 70 29 ißhed,
1181 1888 15 14 a
1205 1882 89 22 concise

701 1898 90 24 English
802 1899 43 20 and
852 1900 73 21 Maori
939 1902 110 22 Grammar
1049 1921 7 10 ,

713 1932 42 22 BY
769 1934 139 24 EDMUND
923 1936 182 33 HALSWELL,
1122 1943 73 28 ESQ.,
1213 1945 66 24 M.A.

778 1990 3 4 .
802 1990 4 4 .
827 1969 71 27 Also,,
903 1970 31 28 by
944 1971 38 22 the
990 1980 63 15 same
1063 1975 98 27 Author,

727 1998 22 21 A
759 1999 74 22 Maori
842 2002 46 21 and
897 2003 96 26 EnglUh
1004 2005 151 30 Vocabulary,
1169 2010 124 29 consisting

699 2024 27 21 of
735 2025 70 22 about
814 2028 55 22 5000
880 2029 78 27 words,
970 2030 174 31 alphabetically
1153 2038 118 23 arranged.

848 2093 4 4 .
880 2074 127 28 Country
1020 2077 86 23 Land.

698 2104 165 49 SEVERAL
882 2108 102 29 Country
1003 2111 101 24 Sections
1123 2116 23 20 to
1163 2114 28 23 be
1206 2116 44 22 Let
1265 2118 24 21 in

762 2133 79 22 Farms
851 2135 26 21 of
889 2137 41 21 100
941 2144 70 20 acreg,
1026 2145 28 15 or
1066 2143 52 24 part
1133 2142 45 22 will
1193 2143 28 22 be
1238 2144 52 22 sub-

696 2161 90 21 divided
796 2164 23 18 to
828 2165 44 18 suit
879 2162 128 24 Gardeners
1014 2166 45 22 and
1067 2166 83 25 others.
1179 2170 78 28 Apply
1266 2176 23 18 to

1042 2192 89 25 Henry
1141 2196 36 22 St.
1190 2197 69 23 Hill.

773 2232 95 23 Estate
885 2236 32 20 of
934 2236 143 29 Partridge
1092 2241 56 20 and
1164 2242 46 22 Co.

696 2264 174 26 VTOTICEii
879 2267 85 31 hereby
979 2271 75 27 given,
1071 2272 49 23 that
1137 2274 44 23 Mr.
1198 2276 91 24 Brewer

693 2296 44 18 XI
777 2296 40 20 has
828 2296 45 21 sole
884 2303 74 20 power
969 2302 21 17 to
1001 2298 64 23 settle
1075 2300 31 23 all
1116 2307 108 19 accounts
1230 2305 58 22 rela-

693 2321 46 20 tive
751 2323 23 18 to
783 2321 38 21 the
832 2322 71 22 above
915 2327 76 20 estate.

723 2346 144 30 Wellington,
878 2350 39 22 Bth
927 2351 66 28 Nov.,
1005 2354 60 21 1841.

693 2392 74 22 /~\N
783 2392 85 30 SALE,
884 2402 14 15 a
909 2396 42 22 few
960 2399 51 20 tons
1021 2398 28 21 of
1059 2399 44 22 »alt
1112 2405 24 17 at
1145 2401 34 23 £i
1190 2410 42 20 per
1239 2406 45 20 ton.

1090 2427 96 24 Robert
1201 2430 56 23 Tod.

753 2471 73 23 RIM
833 2473 151 24 STONE'S
1002 2477 205 27 CELEBRATED
1224 2482 60 23 EYE

776 2499 103 29 SNUFF,
896 2509 29 15 on
936 2503 45 22 sale
990 2507 24 18 at

932 2536 23 22 J.
971 2537 34 22 M.
1019 2537 119 26 Tavlor's
1154 2542 72 29 Store,

745 2575 8 11 ■'
1153 2569 33 22 Te
1197 2571 55 22 Aro.

696 2604 29 23 T
753 2605 33 22 M.
804 2605 134 30 TAYLOR,
953 2608 33 22 Te
1003 2610 55 28 Aro,
1075 2611 41 23 has
1134 2620 29 16 on
1180 2615 53 28 sale,
1252 2624 28 15 ex

687 2636 26 16 V
727 2643 12 10 •
773 2634 61 26 Lucy
844 2635 90 26 Sharpe,
946 2636 113 28 Clydeside,
1070 2640 46 22 and
1124 2641 136 23 Matilda:—

715 2666 109 24 Gunter's
835 2669 92 28 pickles,
938 2678 83 21 sauces,
1033 2673 87 29 cheest,
1132 2676 40 23 &c.

713 2695 116 28 Blankets,
840 2697 91 26 printed
940 2698 113 30 druggets,
1063 2702 91 28 twetdi,

713 2723 54 26 blop
786 2723 107 28 clothing,
913 2725 91 28 printed
1021 2728 103 29 muslins,
1148 2731 65 23 boots
1233 2733 45 22 »nd

685 2751 74 24 shoes,

713 2775 55 28 Ship
778 2776 130 29 chandlery,
918 2779 86 28 blocks,
1015 2781 90 30 oakum,
1117 2784 41 23 &c.

710 2803 111 28 Tobacco,
833 2805 92 22 tobacco
934 2806 71 28 pipes,

709 2828 87 29 Paints,
808 2833 135 27 turpentine,
951 2833 74 24 boiled
1035 2836 37 28 oil,

710 2857 130 23 Stockholm
851 2862 40 25 tar,
903 2860 68 28 pitch;
983 2864 40 25 tar,
1034 2862 102 31 brushes,

709 2884 135 29 Stationery,
854 2887 143 27 gunpowder,
1009 2890 108 28 muskets,
1129 2893 40 23 &c.

709 2911 138 28 Perfumery,
858 2920 62 21 soap,
929 2914 124 30 jewellery,

708 2937 68 23 Some
784 2938 46 23 fine
840 2939 53 23 East
903 2941 66 23 India
978 2942 109 30 Madeira,
1097 2946 55 24 L.P.
1162 2948 111 24 Teneriffe

680 2971 91 20 onerry.
1285 2980 1 9 ;

680 3009 40 21 To
736 3010 163 23 Gentlemen
914 3013 147 30 intending
1075 3019 29 20 to
1120 3022 78 19 enter
1212 3022 60 21 into

706 3039 47 19 the
782 3039 143 25 profitable
955 3044 108 23 pursuit
1092 3046 32 21 of
1150 3048 123 24 Grazing:

706 3069 16 35 f
724 3064 38 21 nd
761 3092 18 4 ._
783 3065 137 29 Breeding
939 3068 92 27 Stock,
1054 3071 42 21 for
1116 3074 91 22 which
1228 3064 43 33 thl

706 3091 89 22 fertile
816 3092 109 23 Islands
948 3095 31 21 of
995 3097 70 21 New
1082 3099 124 24 Zealand
1226 3109 44 15 are

705 3124 31 15 so
752 3120 152 27 peculiarly
917 3123 127 26 adapted.

675 3150 93 23 riIHE
779 3151 152 28 undersigned
939 3154 44 27 beg
992 3158 23 19 to
1023 3156 84 25 inform
1117 3159 59 24 their
1185 3161 85 24 friends

686 3181 24 17 X
750 3181 46 19 and
812 3181 38 20 the
864 3181 76 26 public
956 3184 122 28 generally,
1095 3186 50 22 that
1162 3188 53 26 they
1226 3191 44 21 will

749 3208 101 20 contract
858 3207 36 21 for
903 3207 38 22 the
956 3208 101 30 delivery
1068 3212 26 21 of
1101 3213 38 22 the
1154 3215 116 26 following

676 3231 135 29 description
825 3234 26 21 of
857 3234 75 28 Stock,
939 3235 25 22 in
971 3243 46 21 any
1027 3238 54 23 Port
1090 3240 27 21 of
1130 3241 37 23 the
1179 3228 91 39 Island!

675 3260 28 20 of
708 3260 57 21 New
776 3260 99 23 Zealand
883 3268 5 14 :
891 3273 28 4 —

704 3285 96 24 Horned
816 3288 66 22 cattle
900 3289 126 28 (improved
1039 3292 90 28 breeds)
1146 3296 26 22 of
1183 3297 31 23 all
1230 3298 38 22 de-

674 3317 125 25 scriptions,

702 3339 92 29 Horses,
816 3341 58 23 from
897 3342 37 23 the
957 3344 50 23 best
1025 3346 95 28 English
1141 3351 46 22 and
1203 3352 63 23 Arab

673 3368 70 27 studs,
760 3368 94 23 suitable
870 3369 36 22 for
924 3372 86 28 racing,
1025 3374 83 29 saddle,
1121 3384 26 14 or
1158 3377 93 24 harness
1259 3388 6 17 ;

673 3396 45 20 and
727 3396 109 27 breeding
845 3403 80 22 mares,
1259 3396 5 11 '

701 3421 58 22 Pure
770 3423 75 22 Saxon
854 3424 45 22 and
909 3425 86 23 merino
1007 3434 63 21 ewes,

699 3448 123 23 Half-bred
838 3450 113 24 Leicester
965 3454 46 21 and
1026 3455 87 23 merino
1133 3464 65 18 ewes,
1213 3468 53 17 par-

671 3476 106 28 ticularly
785 3477 97 28 adapted
895 3478 36 23 for
940 3480 43 22 this
993 3486 111 25 country,.
1106 3491 25 15 as
1141 3485 55 28 they
1202 3488 63 22 unite

671 3506 83 24 weight
764 3506 22 19 ot
796 3512 87 15 carcass
894 3507 51 21 with
956 3508 98 22 fineness
1064 3511 26 21 of
1096 3513 65 22 wool.

697 3530 49 23 The
771 3532 150 28 undersigned
945 3541 41 15 can
1016 3539 169 23 accommodate
1212 3549 53 18 pur-

670 3558 90 22 chasers
776 3558 25 22 of
814 3558 59 23 their
882 3560 68 22 Stock
967 3562 54 22 with
1038 3567 117 22 extensive
1169 3569 96 22 crazinc

668 3592 63 20 runs,
743 3586 78 22 within
832 3588 40 21 100
881 3588 65 22 miles
957 3589 26 21 of
988 3589 44 22 this
1042 3590 61 24 Port.

934 3615 33 23 W.
983 3616 26 22 B.
1025 3617 95 25 Rhodes
1134 3621 45 22 and
1195 3622 39 23 Co.

882 3667 40 20 To
937 3668 33 21 be
986 3669 58 25 Let,

672 3699 166 49 SEVERAL
852 3700 92 23 TOWN
955 3702 106 29 ACRES,
1069 3705 24 22 in
1104 3707 89 22 various
1202 3713 61 23 parts

737 3729 24 19 ot
776 3727 144 28 Wellington.
950 3729 43 22 For
1003 3732 138 28 particulars,
1157 3736 65 27 apply
1239 3739 22 19 to

845 3762 25 22 E.
887 3763 75 22 Catch
967 3771 64 20 pool,
1041 3765 103 24 Dickson
1157 3772 57 19 stree
1218 3773 14 18 t.

694 3805 95 21 Water
804 3807 138 28 Frontage
953 3815 37 14 on
999 3811 234 30 Lambton-quay.

668 3839 67 48 TO
751 3839 40 22 BE
806 3840 58 22 LET
875 3849 29 14 on
916 3842 102 29 building
1026 3843 79 29 leases,
1117 3845 38 23 the
1164 3849 97 21 remain-

741 3873 41 19 ing
792 3868 102 25 portions
904 3869 27 21 of
946 3869 37 21 the
1001 3871 85 22 section
1103 3872 100 24 number
1218 3876 42 22 486

664 3892 119 27 adjoining
804 3896 23 18 to
852 3894 38 21 the
909 3899 70 18 stores
997 3897 26 21 of
1037 3897 101 26 {Messrs.
1158 3901 100 26 ltobson,

663 3918 79 27 Dune,
755 3919 87 27 Young,
853 3922 41 21 &c.
923 3923 75 28 Apply
1008 3928 22 18 to
1040 3925 40 23 Dr.
1091 3925 84 30 Evan;,
1184 3931 23 19 at
1216 3929 34 22 his

666 3946 85 28 oiiices,
764 3946 189 30 Lfinibton-qiiay.

1350 700 89 22 FIRST
1454 703 73 22 STEP
1539 704 39 22 TO
1600 705 340 28 INDEPENDENCE-BUY

1404 728 89 23 LAND
1509 731 65 22 AND
1593 732 99 23 BUJLD
1711 734 88 23 YOUR
1813 736 72 23 OWN

1584 758 112 24 HOUSE:

1501 791 108 28 Village
1620 794 30 20 of
1661 795 121 26 Rhodes,

1346 820 84 23 Within
1441 830 43 15 one
1494 824 51 22 mile
1556 825 27 21 of
1593 825 37 23 the
1640 828 112 28 township
1762 833 23 18 at
1801 830 126 27 Wanganui

1371 855 23 14 in
1408 849 38 21 the
1456 854 76 18 centre
1548 851 26 22 of
1585 853 37 21 the
1639 853 50 22 best
1703 855 55 22 land
1773 857 25 20 in
1813 858 48 21 that
1877 860 58 21 cele-

1372 877 82 20 brated'
1465 877 90 27 district,
1571 879 52 22 with
1640 888 14 13 a
1670 881 103 28 frontage
1791 888 22 17 to
1827 884 36 23 the
1881 886 53 26 only

1361 907 131 22 •important
1499 904 44 22 and
1552 907 134 25 practicable
1696 908 56 22 road
1760 912 23 19 to
1794 910 38 22 the
1842 912 91 23 interior

1371 929 26 21 of
1414 929 38 22 the
1466 935 100 24 country,
1583 933 45 21 and
1646 935 79 21 within
1741 943 14 14 a
1771 941 90 23 quarter
1875 940 28 21 of
1919 947 14 15 a

1566 959 52 22 mile
1628 961 26 21 of
1666 961 37 22 the

1486 990 179 25 WANGANUI
1680 994 107 24 RIVER.

1343 1022 160 48 MESSRS.
1514 1024 83 23 JOHN
1610 1027 69 22 AND
1694 1028 130 25 GEORGE
1839 1030 93 25 WADE

1419 1051 58 21 have
1494 1052 101 22 received
1612 1053 145 24 instructions
1771 1061 23 18 to
1812 1058 82 23 submit
1909 1064 22 18 to

1339 1075 75 27 public
1433 1078 153 27 competition,
1599 1083 23 18 at
1640 1081 39 21 the
1697 1082 123 28 Exchange
1840 1085 90 27 Rooms,

1343 1103 29 21 fe
1386 1103 55 26 Aro,
1457 1111 29 15 on
1499 1104 153 30 Wednesday,
1672 1108 38 21 the
1727 1109 51 23 17th
1793 1112 131 23 November

1339 1132 23 18 at
1372 1131 11 20 1
1398 1137 13 15 o
1421 1131 64 22 clock
1499 1133 115 27 precisely,
1625 1133 38 22 the
1680 1135 73 24 whole
1769 1138 27 21 of
1807 1138 37 22 the
1860 1140 71 23 above

1546 1166 171 30 PROPERTY,

1338 1196 96 22 situated
1444 1204 29 16 on
1484 1198 37 22 the
1531 1203 46 18 east
1593 1201 61 22 bank
1672 1202 27 21 of
1709 1202 39 23 the
1764 1205 67 28 river,
1842 1207 44 22 and
1896 1215 35 15 re-

1338 1224 148 22 commended
1494 1225 30 28 by
1534 1227 85 22 several
1626 1229 133 26 gentlemen
1767 1231 57 28 long
1832 1234 99 22 resident

1338 1253 23 19 at
1370 1252 45 20 and
1424 1252 51 21 well
1485 1254 133 26 acquainted
1627 1255 53 22 with
1699 1256 37 23 the
1754 1258 92 29 district,
1858 1268 24 14 as
1892 1262 37 21 the

1554 1281 55 28 only
1622 1281 89 28 eligible

1459 1312 67 23 SITE
1540 1314 63 22 FOR
1619 1316 21 21 A
1657 1316 150 25 VILLAGE.

1336 1343 72 23 These
1418 1345 127 24 allotments
1557 1347 59 23 have
1625 1349 59 22 been
1694 1350 47 23 laid
1757 1356 38 19 out
1806 1354 52 22 with
1867 1359 63 23 great

1336 1373 56 20 taste
1405 1372 32 27 by
1452 1373 28 22 R.
1501 1374 64 27 Park,
1584 1375 60 28 Esq.,
1660 1377 55 22 with
1732 1386 14 15 a
1760 1387 88 16 reserve
1865 1383 36 21 for
1916 1390 14 14 a

1543 1408 174 31 TOWNSHIP,

1371 1440 99 29 fronting
1488 1442 38 23 the
1544 1447 64 23 great
1625 1444 56 28 high
1699 1448 56 21 road
1775 1449 59 23 from
1853 1450 38 22 the

1477 1476 181 25 WANGANUI
1674 1479 107 31 RIVER,

1334 1510 22 19 to
1367 1508 37 23 the
1413 1509 110 24 immense
1533 1512 92 27 grazing
1635 1513 98 23 districts
1740 1516 24 21 in
1771 1516 38 22 the
1818 1517 94 24 interior
1920 1528 4 5 •

1333 1542 24 14 so
1367 1542 24 15 as
1400 1538 23 19 to
1432 1536 64 23 allow
1511 1542 22 17 to
1547 1538 55 23 each
1612 1540 44 22 five
1666 1548 63 15 acres
1738 1543 23 21 in
1772 1543 39 23 the
1821 1545 81 23 village
1912 1555 12 14 a

1405 1567 91 23 quarter
1506 1565 26 22 of
1541 1573 29 14 an
1581 1573 50 15 acre
1640 1567 25 22 in
1676 1568 38 22 the
1725 1573 67 25 town,
1802 1572 52 22 with

1333 1596 112 16 RESERVES
1465 1599 43 14 FOR
1529 1600 13 14 A
1566 1601 102 20 CHURCH,
1687 1603 136 17 PARSONAGE
1841 1607 81 20 HOUSE,

1405 1624 95 16 MARKET
1511 1626 77 20 PLACE,
1599 1627 46 15 AND
1657 1629 81 15 PUBLIC
1750 1632 94 16 SQUARE.

1333 1644 45 20 Ihe
1388 1644 65 21 order
1463 1646 26 20 of
1499 1646 75 22 choice
1584 1646 25 23 in
1625 1648 39 21 the
1680 1652 61 20 town
1757 1651 45 22 will
1812 1652 28 22 be
1849 1653 73 23 deter-

1329 1671 77 21 mined
1421 1671 30 27 by
1466 1672 91 28 priority
1574 1674 26 21 of
1617 1674 109 27 purchase
1740 1677 24 22 in
1780 1679 38 21 the
1833 1680 87 25 village,

1330 1698 37 20 the
1377 1698 71 26 buyer
1458 1699 26 21 of
1494 1699 38 22 the
1541 1700 49 22 first
1597 1701 83 27 village
1689 1703 33 21 lot
1732 1703 84 30 having
1827 1706 36 23 the
1873 1708 49 22 first

1451 1726 76 22 choice
1537 1727 22 22 in
1571 1727 38 22 the
1620 1731 67 20 town.
1715 1730 34 22 To
1759 1731 38 23 the

1475 1759 155 25 WORKING
1644 1762 137 30 CLASSES,

1326 1791 50 22 who
1393 1792 83 23 almost
1496 1794 124 28 invariably
1639 1796 69 22 suffer
1731 1804 64 21 great
1812 1801 107 23 inconve-

1325 1825 93 16 niences
1437 1820 57 22 from
1515 1821 36 22 the
1569 1822 55 27 high
1642 1824 73 26 prices
1734 1826 26 21 of
1777 1827 103 24 land—it
1896 1834 23 18 at

1325 1852 56 17 once
1405 1851 101 23 presents
1531 1855 28 15 an
1582 1851 145 28 opportunity
1754 1853 26 22 of
1799 1855 119 28 becoming

1569 1877 101 27 speedily

1507 1909 228 26 INDEPENDENT

1322 1941 26 22 of
1356 1940 37 23 the
1402 1940 56 29 high
1467 1946 62 19 rents
1538 1947 22 19 to
1570 1944 72 22 which
1651 1945 54 28 they
1712 1947 45 23 will
1764 1948 27 22 be
1800 1951 115 26 subjected

1322 1970 30 24 by
1370 1970 56 21 their
1436 1970 114 22 wealthier
1563 1971 143 29 neighbours,
1726 1975 21 21 if
1758 1975 53 28 they
1828 1979 89 25 neglect

1324 1995 98 22 thiasale
1433 1996 26 21 of
1468 1996 55 22 land
1533 1998 118 27 purposely
1667 2000 81 27 placed
1764 2003 77 22 within
1858 2006 59 22 their

1577 2023 75 24 reach.

1400 2048 49 23 The
1456 2050 147 23 Auctioneers
1613 2052 73 22 would
1695 2055 89 23 remind
1796 2057 37 22 the

1362 2081 183 24 CAPITALIST
1567 2084 69 22 AND
1661 2086 210 33 SPECULATOR,

1321 2113 49 23 that
1385 2115 37 22 the
1438 2118 189 22 communication
1647 2120 70 23 about
1736 2126 23 18 to
1777 2125 29 21 be
1826 2127 87 24 opened

1320 2142 53 22 with
1388 2142 31 22 all
1433 2143 39 22 the
1488 2145 137 23 settlements
1641 2147 27 21 of
1686 2147 38 23 the
1740 2150 57 23 New
1813 2152 101 25 Zealand

1468 2171 123 28 Company,
1601 2173 31 27 by
1643 2182 77 16 means
1731 2178 26 21 of

1532 2206 168 30 STEAMERS,

1369 2238 101 27 together
1480 2239 54 23 with
1544 2241 37 22 the
1591 2242 46 22 fact
1647 2242 49 23 that
1706 2244 39 23 the
1755 2246 103 28 splendid

1456 2272 129 26 BARQUE
1597 2276 177 31 CLYJDBSIDB,

1318 2304 26 21 of
1348 2305 41 21 250
1401 2308 57 25 tons,
1468 2307 19 21 is
1498 2307 67 23 about
1574 2312 23 19 to
1607 2310 27 22 be
1642 2311 47 23 laid
1697 2320 29 15 on
1734 2314 30 27 by
1773 2314 40 23 her
1821 2317 90 25 spirited

1317 2338 82 20 owner,
1411 2333 29 22 K.
1452 2334 134 29 Mathieson,
1597 2337 61 29 Esq.,
1665 2346 25 15 as
1700 2347 13 14 a
1724 2346 104 19 constant
1838 2345 74 22 trader

1317 2361 22 18 to
1349 2359 39 22 the
1397 2360 130 24 Australian
1538 2363 105 29 colonies,
1655 2366 35 21 for
1700 2367 38 22 the
1755 2377 91 19 express
1860 2379 52 17 pur-

1317 2392 54 20 pose
1390 2387 27 21 of
1436 2394 123 23 importing
1583 2392 66 22 cattle
1674 2396 22 19 to
1722 2394 37 23 the
1785 2397 126 28 Wanganui

1317 2414 91 27 district,
1420 2414 49 22 that
1479 2415 38 23 the
1527 2424 59 15 same
1602 2419 134 26 gentleman
1746 2425 107 25 proceeds
1863 2426 23 22 in
1898 2434 12 14 a

1315 2441 42 21 few
1368 2441 53 31 days
1430 2448 23 15 in
1465 2441 38 23 the
1517 2450 60 15 same
1593 2446 73 22 vessel
1682 2452 23 17 to
1722 2450 65 22 settle
1802 2452 77 22 within
1896 2461 14 15 a

1315 2469 63 20 short
1385 2469 99 22 distance
1495 2470 26 22 of
1531 2471 37 21 the
1585 2472 40 22 site
1642 2474 28 21 of
1681 2474 38 23 the
1735 2477 90 29 village,
1837 2479 72 23 where

1459 2497 29 21 he
1497 2497 89 24 intends
1597 2503 23 18 to
1630 2508 132 18 commence

1489 2532 241 27 SHIP-BUILDING

1313 2570 28 14 on
1352 2570 14 15 a
1375 2564 58 22 scale
1447 2564 96 23 hitherto
1560 2568 117 23 unknown
1693 2570 23 22 in
1736 2572 37 22 the
1788 2573 86 26 Colony
1884 2577 27 21 of

1484 2599 72 23 NEW
1571 2601 160 30 ZEALAND,

1310 2631 46 22 and
1371 2631 50 23 that
1435 2633 39 22 the
1491 2636 92 25 general
1605 2643 131 17 movement
1753 2640 60 27 (now
1829 2643 78 26 taking

1310 2660 72 26 place)
1400 2660 27 21 of
1445 2661 30 22 all
1492 2661 37 22 the
1545 2663 46 22 real
1610 2665 185 26 agriculturalists
1818 2673 23 18 to
1857 2671 50 22 that

1310 2688 93 26 district,
1421 2691 61 19 must
1494 2689 124 29 inevitably
1626 2692 103 23 increase
1746 2695 37 21 the
1801 2697 65 23 value
1883 2699 27 21 of

1372 2714 60 27 land,
1444 2716 95 21 situated
1549 2724 24 14 as
1584 2718 61 22 these
1655 2719 130 25 allotments
1795 2730 38 16 are

1499 2751 39 21 100
1553 2751 62 22 PER
1628 2753 89 24 CENT.

1307 2780 35 28 By
1352 2781 37 22 the
1399 2782 45 23 last
1458 2784 90 23 arrivals
1566 2786 57 22 from
1641 2787 68 23 home
1725 2797 34 15 we
1775 2791 64 23 learn
1855 2793 50 23 that

1461 2810 38 23 the
1512 2819 168 21 arrangements
1690 2816 36 22 for
1735 2825 13 14 a

1383 2843 77 24 LINE
1476 2846 39 21 OF
1532 2847 107 22 LARGE
1654 2849 166 26 STEAMERS

1305 2876 58 38 !f°™
1378 2877 106 27 England
1499 2880 30 27 by
1538 2881 38 21 tlie
1587 2881 101 23 Isthmus
1705 2885 27 21 of
1742 2885 102 24 Panama
1856 2890 47 21 and

1305 2906 37 20 the
1352 2906 82 21 Pacific
1446 2909 21 19 to
1484 2906 56 22 New
1555 2907 108 30 Zealand,
1675 2918 59 15 were
1752 2914 78 28 nearly
1841 2923 61 15 com-

1490 2934 83 27 pleted,
1586 2936 44 22 and
1640 2944 25 14 as
1675 2937 38 23 the

1409 2965 179 26 WANGANUI
1604 2970 191 26 COAL-FIELD

1303 2998 15 22 is
1318 3006 2 13 i
1331 2998 38 22 the
1385 3004 59 18 most
1461 3003 114 21 extensive
1593 3003 25 23 in
1634 3004 39 22 the
1692 3007 95 28 vicinity
1804 3009 27 22 of
1846 3010 54 23 Port

1303 3027 130 27 Nicholson,
1444 3028 62 22 there
1517 3037 41 15 can
1569 3030 27 22 be
1607 3038 30 15 no
1645 3031 71 24 doubt
1724 3034 48 22 that
1782 3035 38 23 the
1830 3037 69 22 Wan-

1302 3059 69 21 ganui
1384 3054 70 22 River
1466 3055 47 23 will
1527 3057 28 22 be
1571 3059 122 26 appointed
1709 3068 25 14 as
1750 3069 13 14 a
1781 3063 65 27 depot
1862 3064 36 23 for

1444 3082 46 23 fuel
1500 3090 29 16 on
1539 3084 58 22 their
1603 3089 67 19 .route
1680 3090 23 18 to
1714 3087 41 22 the

1406 3116 206 25 AUSTRALIAN
1626 3120 164 25 COLONIES.

1303 3147 146 25 Information
1458 3151 40 22 has
1507 3152 57 22 been
1573 3154 104 22 received
1687 3155 30 27 by
1724 3157 86 26 private
1819 3159 77 23 letters

1545 3180 48 21 that
1609 3177 37 25 tHe

1340 3209 72 23 NEW
1426 3210 152 25 ZEALAND
1594 3214 88 23 LOAN
1698 3217 156 25 COMPANY

1299 3243 45 22 will
1353 3251 131 17 commence
1494 3247 126 27 operations
1629 3248 24 23 in
1668 3250 30 21 all
1709 3250 110 31 January,
1833 3255 60 25 1842.

1299 3277 107 23 Terms—
1407 3280 26 21 lo
1444 3287 40 20 per
1493 3284 57 19 cent,
1559 3281 87 28 deposit
1656 3291 28 14 on
1696 3285 30 21 all
1734 3287 119 26 purchases
1863 3289 30 25 by

1299 3312 13 14 a
1320 3306 137 28 promissory
1465 3311 53 18 note
1528 3311 22 19 at
1559 3316 44 15 one
1620 3311 86 27 month,
1717 3312 38 22 the
1764 3315 88 22 residue
1862 3316 31 25 by

1298 3333 113 26 approved
1427 3334 111 23 endorsed
1553 3341 153 24 acceptances,
1724 3341 96 27 varying
1835 3343 56 22 from

1298 3360 12 20 3
1325 3360 91 22 months
1435 3364 23 18 to
1472 3363 14 20 2
1498 3368 71 21 years.
1597 3363 45 23 For
1658 3365 88 23 further
1760 3369 133 26 particulars

1505 3396 36 15 see
1549 3389 131 24 hand-bills.

1372 3420 107 23 LUNCH
1494 3422 81 23 WILL
1590 3423 39 23 BE
1644 3425 172 26 PROVIDED.

1298 3447 144 28 Wellington,
1454 3449 129 23 November
1590 3452 21 26 5,
1623 3453 61 21 1841.

1424 3494 110 27 Village
1554 3495 31 21 of
1596 3496 165 24 Richmond.

1297 3524 230 49 PURCHASERS
1541 3532 24 19 at
1574 3529 39 22 the
1630 3530 47 23 sale
1693 3532 27 21 of
1736 3532 54 24 land
1809 3535 28 21 of
1851 3535 38 23 the

1468 3555 26 21 of
1505 3555 134 29 Richmond,
1651 3565 29 14 on
1692 3558 37 23 the
1739 3561 53 21 29th
1809 3562 43 26 day
1867 3564 36 21 of-

1296 3579 104 28 October,
1423 3588 38 15 are
1486 3584 119 26 requested
1632 3587 22 20 to
1674 3589 62 19 meet
1755 3591 23 18 at
1797 3589 90 23 Messrs.

1298 3608 68 20 Wade
1375 3615 10 14 s
1395 3608 83 26 Stores,
1496 3616 29 15 on
1542 3610 142 29 Wednesday
1700 3617 63 25 next,
1781 3615 39 23 the
1838 3617 49 22 19th

1294 3636 59 25 inst.,
1366 3637 22 18 at
1399 3636 26 20 12
1435 3635 93 28 o'clock,
1539 3640 22 19 to
1571 3637 82 23 choose
1664 3638 59 23 their
1728 3646 91 22 quarter
1827 3650 60 16 acres

1294 3666 23 15 in
1329 3660 37 22 the
1377 3662 116 27 township.

1416 3706 110 29 Village
1546 3709 30 20 of
1596 3710 166 24 Richmond.

1466 3742 78 21 Notice
1554 3745 21 19 to
1580 3745 137 25 purchasers.

1292 3773 147 48 NOTICE
1461 3776 27 22 IS
1509 3776 128 24 HEREBY
1659 3779 108 29 GIVEN,
1790 3782 49 23 that
1856 3784 30 22 all

1371 3802 123 27 purchases
1505 3804 64 21 made
1579 3809 24 17 at
1614 3805 46 22 sale
1670 3806 30 29 by
1710 3809 92 22 auction
1811 3810 26 22 of
1847 3811 39 22 the

1292 3829 70 20 above
1373 3829 88 27 village,
1472 3829 71 23 which
1553 3838 37 14 are
1607 3836 41 18 not
1664 3834 81 22 settled
1763 3835 35 22 for
1814 3844 30 15 on
1861 3846 26 15 or

1292 3854 76 22 before
1375 3856 131 27 J2x>'clock,
1519 3857 148 30 Wednesday,
1686 3861 51 22 10th
1748 3862 136 28 November,

1293 3882 43 20 will
1346 3882 28 21 be
1382 3883 84 22 re-sold
1476 3883 30 28 by
1517 3884 76 23 Public
1602 3886 101 23 Auction
1711 3892 24 17 at
1741 3889 39 22 the
1787 3890 46 23 risk
1841 3894 45 21 and

1292 3911 48 18 cost
1348 3909 44 21 and
1403 3916 28 15 on
1443 3915 95 17 account
1553 3912 26 21 of
1594 3913 85 22 former
1689 3915 141 27 purchasers,
1848 3927 37 14 ac-

1292 3934 91 29 cording
1394 3939 23 19 to
1426 3937 126 23 conditions
1564 3939 26 21 of
1600 3940 53 22 sale.

1574 3965 61 24 John
1647 3967 46 23 and
1704 3969 58 24 Geo.
1774 3971 80 25 Wade.
