2590 4039
1947 2900 44 21 The
2002 2901 67 21 South
2083 2903 124 21 Australian
2220 2906 98 25 Register
2332 2907 95 21 contains
2437 2915 13 13 a
2459 2909 49 27 long

1919 2931 72 23 report
2000 2929 25 20 of
2039 2936 13 13 a
2062 2930 73 21 dinner
2146 2932 67 20 which
2227 2940 40 13 was
2277 2934 62 25 given
2353 2936 22 18 to
2391 2935 42 20 Mr.
2447 2936 61 26 Eyre,

1919 2956 35 19 the
1965 2956 66 21 South
2041 2957 120 21 Australian
2172 2961 103 26 explorer,
2288 2967 28 14 on
2326 2962 33 19 his
2369 2964 73 19 return
2453 2964 55 21 from

1918 2983 33 19 his
1967 2983 41 21 late
2026 2985 91 25 perilous
2135 2987 122 26 expedition
2274 2995 51 14 over
2340 2989 51 20 land
2410 2993 21 18 to
2447 2991 60 22 Swan

1918 3010 70 21 River.
2018 3012 34 20 He
2065 3013 41 20 had
2115 3013 63 21 failed
2192 3014 23 21 in
2231 3016 116 26 advancing
2363 3018 46 19 into
2423 3019 36 20 the
2476 3020 32 19 in-

1917 3038 71 25 terior,
2005 3039 40 20 but
2062 3041 33 19 did
2113 3044 38 17 not
2168 3042 85 26 despair
2270 3043 25 20 of
2306 3046 35 24 yet
2358 3045 96 27 planting
2473 3046 35 21 the

1916 3065 80 21 British
2005 3067 42 26 flag
2063 3068 22 19 in
2103 3068 35 21 the
2155 3072 72 18 centre
2237 3070 25 21 of
2274 3070 115 23 Australia.
2419 3073 89 27 Captain

1916 3093 60 20 Sturt
1985 3100 41 14 was
2039 3094 23 20 in
2076 3096 35 19 the
2121 3096 64 26 chair,
2201 3098 42 19 and
2260 3098 39 20 His
2309 3099 126 28 Excellency
2447 3101 61 27 Capt.

1917 3121 56 26 Grey
1991 3121 109 22 honoured
2119 3124 36 19 the
2177 3124 76 21 dinner
2275 3126 53 21 with
2346 3128 34 19 his
2400 3134 107 20 presence.

1916 3148 56 20 Both
1982 3149 23 20 of
2018 3150 58 20 these
2092 3152 118 24 gentlemen
2227 3153 78 27 having
2314 3155 126 21 themselves
2455 3164 51 14 ven-

1914 3176 61 20 tured
1987 3178 64 19 much
2065 3178 22 19 in
2097 3179 34 20 the
2146 3185 62 14 cauae
2219 3181 25 19 of
2255 3181 122 21 Australian
2387 3183 117 28 discovery,

1914 3210 52 14 were
1986 3205 88 20 enabled
2088 3208 21 18 to
2129 3206 27 21 do
2172 3207 80 25 justice
2262 3211 23 17 to
2304 3209 36 21 the
2356 3211 111 27 sufferings
2483 3214 25 19 of

1914 3231 42 20 Mr.
1977 3232 56 26 Eyre
2041 3240 6 16 ;
2075 3234 41 19 and
2135 3235 164 26 complimented
2326 3237 45 21 him
2393 3245 57 20 upon
2469 3241 37 19 the

1913 3265 88 20 courage
2018 3260 50 21 with
2085 3261 67 20 whicli
2161 3262 27 20 he
2205 3263 43 19 had
2257 3263 52 21 been
2325 3266 106 20 sustained
2441 3267 23 21 in
2471 3268 33 21 his

1913 3288 90 19 arduous
2013 3288 147 27 undertaking.

1939 3314 20 20 A
1969 3314 70 21 Hint.
2041 3326 28 3 —
2070 3315 25 21 In
2105 3323 12 13 a
2127 3318 93 26 recently
2231 3319 112 25 published
2353 3321 59 20 work
2422 3328 28 14 on
2465 3323 35 20 the

1912 3341 77 26 Horse,
2000 3343 25 19 of
2036 3343 68 20 which
2113 3351 12 13 a
2137 3344 89 21 Colonel
2241 3346 70 21 Smith
2321 3348 19 20 is
2350 3349 76 25 editor,
2443 3350 57 21 there

1911 3369 18 20 is
1940 3369 35 20 the
1985 3369 107 28 following
2101 3372 47 20 hint
2156 3380 5 12 :
2217 3373 45 21 The
2275 3381 34 14 ass
2320 3376 18 19 is
2356 3378 147 26 emphatically

1911 3397 36 20 the
1956 3404 53 19 poor
2019 3400 67 18 man's
2095 3399 61 21 horse
2165 3400 22 20 in
2195 3406 64 22 every
2266 3406 90 24 country
2364 3411 6 17 ;
2381 3405 41 20 and
2429 3405 19 20 if
2455 3413 46 13 care

1911 3430 52 14 were
1973 3425 63 20 taken
2043 3427 24 19 of
2075 3427 35 19 the
2120 3427 70 24 breed,
2200 3429 42 19 and
2254 3430 150 22 well-selected
2414 3433 86 20 animals

1909 3452 105 27 imported
2020 3453 55 21 from
2085 3455 83 22 Arabia,
2184 3456 92 27 perhaps
2287 3458 54 20 from
2357 3460 36 19 the
2403 3461 98 24 province

1910 3479 24 20 of
1942 3480 77 24 Oman,
2030 3488 24 13 or
2064 3481 25 21 of
2095 3482 61 20 those
2162 3483 24 20 of
2194 3484 37 19 the
2241 3485 63 20 white
2313 3486 64 21 breed
2383 3488 25 19 of
2415 3488 84 24 Zobeir,

1909 3513 50 14 near
1968 3508 114 25 Bussorah,
2093 3509 58 21 there
2161 3510 19 20 is
2190 3517 29 14 no
2227 3512 67 21 doubt
2304 3514 46 19 that
2360 3514 22 19 in
2393 3515 36 19 the
2435 3516 66 26 sandy

1909 3535 92 20 districts
2012 3536 22 19 of
2048 3536 108 21 Northern
2165 3538 116 27 Australia,
2297 3547 13 13 a
2319 3548 50 19 very
2380 3542 68 20 useful
2459 3543 42 20 and

1908 3562 114 21 handsome
2036 3570 48 14 race
2102 3565 66 26 might
2186 3566 27 21 be
2222 3568 80 24 reared,
2320 3569 95 20 valuable
2424 3572 23 18 to
2463 3571 36 19 the

1907 3596 77 20 poorer
1998 3591 81 25 settler,
2095 3593 41 20 and
2151 3594 149 21 instrumental
2315 3596 23 20 in
2351 3597 96 26 working
2462 3601 38 17 out

1908 3618 36 19 the
1954 3618 128 21 civilization
2091 3620 24 20 of
2127 3621 36 20 the
2172 3622 90 21 natives.
2291 3623 20 19 A
2320 3623 73 21 choice
2405 3624 62 21 breed
2477 3626 25 20 of

1907 3651 56 14 asses
1971 3646 39 20 and
2019 3646 24 20 of
2050 3646 92 22 Arabian
2148 3649 78 20 camels
2233 3656 88 20 appears
2332 3653 21 17 to
2361 3651 26 20 be
2393 3658 27 14 an
2430 3653 68 25 object

1907 3672 47 20 well
1963 3674 81 26 worthy
2050 3674 36 21 the
2095 3676 105 20 attention
2208 3677 25 19 of
2241 3677 35 19 the
2286 3677 55 21 local
2349 3683 148 20 governments

1907 3700 25 19 of
1949 3700 106 21 Australia
2070 3703 41 20 and
2126 3703 53 20 New
2341 3705 62 21 Some
2421 3707 25 20 of
2461 3709 36 19 the

1907 3728 61 20 finest
1983 3728 90 21 Maltese
2086 3736 55 14 asses
2156 3731 52 21 have
2223 3732 84 27 already
2316 3733 54 20 been
2384 3734 111 26 imported,

1906 3755 41 20 and
1958 3756 59 20 there
2026 3763 34 14 are
2071 3758 78 20 several
2156 3759 77 20 camels
2240 3759 23 19 in
2269 3760 37 20 the
2314 3759 91 28 Colony.
2426 3762 70 21 Mules

1905 3789 35 14 are
1951 3783 83 27 already
2043 3785 127 27 extensively
2180 3786 59 25 used,
2255 3787 42 19 and
2307 3789 188 27 notwithstanding

1905 3810 36 20 the
1956 3817 70 14 sneers
2036 3812 25 19 of
2074 3813 35 19 the
2116 3823 2 6 ■
2125 3813 99 26 ignorant
2234 3820 30 14 we
2281 3821 35 13 are
2332 3815 22 20 in
2367 3816 67 26 hopes
2451 3818 44 20 that

1906 3837 71 21 before
1986 3839 49 26 long
2043 3846 30 14 we
2083 3840 53 20 shall
2146 3847 34 13 see
2189 3841 78 21 camels
2274 3843 110 26 employed
2394 3850 23 14 as
2427 3844 68 21 beasts

1904 3865 26 20 of
1944 3865 79 21 burden
2035 3867 23 19 in
2069 3867 43 21 this
2123 3867 90 27 Colony.
2243 3869 39 20 We
2295 3876 37 14 are
2340 3871 63 20 much
2414 3872 83 26 pleased

1904 3895 22 17 to
1944 3893 44 20 find
2004 3901 13 13 a
2031 3894 71 20 writer
2120 3895 90 26 entirely
2227 3898 147 20 unconnected
2391 3899 50 20 with
2461 3900 35 21 the

1904 3920 83 27 Colony
2005 3922 120 26 expressing
2142 3929 13 13 a
2173 3923 122 21 favourable
2312 3926 89 25 opinion
2419 3928 24 19 of
2460 3929 35 19 the

1904 3948 72 27 utility
1983 3948 24 21 of
2015 3950 75 20 camels
2100 3950 21 20 in
2131 3950 42 20 this
2180 3950 91 27 Colony,
2282 3952 68 21 which
2361 3954 38 20 has
2408 3954 53 23 been
2470 3962 26 15 to

1902 3976 62 20 often
1974 3977 114 21 advocated
2097 3978 56 21 here.
2155 3989 27 5 —
2184 3979 85 25 Sydney
2278 3980 91 22 Herald.

1316 3759 31 24 In
1359 3760 39 23 the
1411 3761 82 24 House
1510 3763 25 22 of
1558 3763 134 30 Commons,
1711 3772 28 15 on
1760 3765 39 24 the
1820 3767 56 23 18th

1281 3792 69 30 June,
1375 3794 64 24 Lord
1460 3795 108 30 Ingestre
1582 3804 57 22 gave
1657 3798 76 23 notice
1753 3798 52 24 that
1821 3805 55 19 next

1281 3827 89 23 session
1382 3827 30 23 he
1424 3828 73 23 would
1507 3837 65 16 move
1583 3829 36 24 for
1631 3837 29 16 an
1678 3830 95 25 address
1795 3837 21 18 to
1834 3833 42 24 her

1281 3859 113 32 Majesty,
1405 3862 97 31 praying
1513 3862 50 23 that
1575 3862 38 24 the
1627 3863 84 24 Crown
1722 3865 77 31 might
1810 3867 66 24 order

1279 3900 14 15 a
1311 3900 83 24 survey
1407 3898 22 19 to
1439 3895 30 23 be
1481 3895 65 24 made
1554 3896 26 23 of
1594 3896 39 24 the
1639 3901 65 20 coast
1709 3906 30 15 an
1748 3899 6 22 I
1763 3899 113 25 harbours

1279 3926 26 23 of
1321 3926 57 23 New
1392 3927 108 25 Zealand.
1502 3942 33 3 —
1537 3928 116 33 Shipping
1669 3931 48 23 and
1733 3930 143 26 Mercantile

1281 3959 104 23 Gazette.

102 104 109 26 faibitions
236 108 27 23 of
288 108 38 24 the
352 109 143 32 Wellington
524 111 169 28 Horticultural

102 139 100 31 Society,
225 141 47 23 and
293 141 49 24 that
366 142 49 24 Mr.
428 143 85 30 Watts,
536 146 40 23 the
599 147 94 30 spirited

100 170 105 26 landlord
223 173 26 23 of
265 174 113 24 Barrett's
395 175 81 31 Hotel,
497 177 81 32 kindly
599 180 94 24 allowed

100 203 39 24 the
155 207 130 28 gratuitous
303 215 43 16 use
364 208 27 23 of
406 208 37 24 his
457 217 65 17 room
533 211 35 23 for
589 212 38 24 the
646 213 45 24 late

99 238 103 31 meeting
211 247 30 15 on
252 239 112 30 Monday.

131 287 45 24 We
189 297 38 15 are
237 289 77 32 happy
326 295 23 19 to
369 299 38 17 see
425 293 50 24 that
495 294 101 26 Messss.
616 296 75 24 Waitt

98 320 45 23 and
154 321 75 31 Tyser
241 322 57 24 have
307 325 128 31 completed
446 327 61 24 their
516 328 80 25 wharf.
632 330 57 24 This

96 353 21 23 is
136 353 37 24 the
192 354 63 25 third
272 356 75 24 wharf
368 366 45 16 run
431 365 40 18 out
490 365 24 19 at
590 361 59 25 head
667 364 25 22 of

96 386 39 24 the
145 387 54 31 bay,
211 388 76 24 where
298 389 39 25 the
354 391 122 25 wholesale
497 401 126 18 commerce
643 396 46 23 will

96 419 116 33 evidently
228 427 154 21 concentrate.
425 425 78 24 These
522 427 103 25 wharves
643 429 46 23 will

95 452 45 24 add
150 455 91 30 greatly
249 460 23 19 to
284 455 38 25 the
340 457 89 32 facility
440 459 26 23 of
480 459 149 33 discharging
636 470 51 16 ves-

96 485 45 24 sels
152 488 116 31 resorting
279 493 22 19 to
314 488 38 25 the
364 495 59 26 port,
445 499 25 15 as
481 492 66 24 boats
559 494 28 23 of
601 502 13 16 a
625 495 62 32 large

94 523 99 27 tonnage
206 528 42 16 can
259 521 119 33 discharge
390 532 51 15 now
457 525 55 23 with
531 525 39 24 the
589 533 99 25 greatest

94 551 96 31 facility.

129 603 70 25 Since
216 612 34 19 we
270 607 123 30 published
411 616 14 15 a
442 608 40 25 list
502 610 26 23 of
549 612 95 24 arrivals
662 614 23 23 in

95 635 57 25 Port
164 636 134 32 Nicholson,
310 640 25 23 in
349 640 58 32 May
418 641 52 30 last,
488 643 129 32 eighty-six
634 654 50 15 ves-

93 669 47 23 sels
161 669 59 26 have
238 673 93 23 entered
352 681 42 16 our
413 681 52 25 port
478 685 6 20 ;
514 677 45 24 this
580 680 103 29 number,

92 702 73 24 added
176 708 23 19 to
212 704 39 24 the
262 713 43 16 one
320 706 105 26 hundred
444 709 45 24 and
504 710 109 32 fifty-two
631 721 53 23 pre-

91 736 90 31 viously
192 738 116 30 recorded,
321 740 74 24 shews
408 741 50 24 that
469 747 43 20 two
524 743 105 26 hundred
640 747 44 23 and

91 768 148 33 thirty-eight
250 773 86 23 vessels
347 774 59 24 have
417 775 59 24 been
488 777 24 23 in
524 786 42 15 our
574 778 107 26 harbour.

91 801 49 24 Not
157 811 44 16 one
220 805 26 23 of
267 805 62 24 them
344 807 43 24 has
406 809 99 24 suffered
525 819 46 23 any
589 812 93 32 damage

89 835 80 24 within
180 837 39 24 the
228 837 71 25 heads
314 840 26 22 of
355 840 58 24 Port
431 842 137 26 Nicholson.
606 845 76 24 These

89 868 58 24 facts
159 869 137 26 themselves
307 881 70 23 prove
390 874 39 24 the
437 876 80 23 merits
527 878 25 22 of
561 878 39 23 the
608 879 71 30 place,

89 902 46 23 and
145 902 69 24 make
224 904 20 23 it
253 906 62 29 quite
326 914 156 26 unnecessary
493 908 35 26 for
539 918 29 16 us
576 915 25 20 to
611 912 45 23 add
667 921 14 15 a

88 935 74 30 single
175 942 115 20 comment
301 946 30 16 on
343 939 39 24 the
394 941 98 29 subject.

88 991 29 20 To
128 992 34 20 the
171 993 79 21 Editor
259 994 28 25 of
295 996 36 19 the
368 997 54 20 New
434 999 96 20 Zealand
541 1000 88 22 Gazette
637 1002 43 20 and

243 1022 127 27 Wellington

117 1065 54 30 Sih,
172 1078 36 5 —
209 1066 13 24 I
243 1075 37 16 am
291 1076 14 16 a
322 1070 107 32 working
445 1080 62 21 man,
528 1073 45 24 and
591 1082 13 15 a
622 1082 54 16 con-

82 1101 62 21 stant
159 1099 81 24 reader
256 1101 25 24 of
295 1109 59 23 your
369 1111 79 23 paper,
466 1105 46 24 and
529 1106 113 31 although
663 1108 13 24 I

82 1137 83 18 cannot
176 1141 42 22 say
233 1133 51 24 that
298 1142 47 23 you
363 1136 58 24 have
470 1138 150 32 championed
637 1141 39 24 the

81 1165 106 31 working
204 1166 85 25 classes
308 1173 25 19 to
354 1170 39 23 the
590 1182 29 15 on
637 1174 38 24 the

79 1197 66 24 other
161 1198 69 31 hand,
251 1200 13 24 I
282 1207 62 18 must
361 1203 162 33 acknowledge
545 1206 49 24 that
611 1207 16 24 I
638 1216 36 16 am

80 1235 41 19 not
133 1240 73 16 aware
223 1242 47 22 you
281 1235 57 24 have
346 1244 54 16 ever
414 1239 126 30 attempted
552 1248 45 23 any
608 1241 66 32 thing

79 1268 24 19 to
114 1265 59 24 their
185 1266 170 33 disadvantage.
392 1271 56 30 But,
461 1272 47 29 Sir,
532 1274 96 31 reading
648 1276 26 23 in

78 1299 88 23 several
178 1299 26 24 of
218 1308 58 23 your
287 1307 79 20 recent
382 1305 118 29 numbers,
521 1314 63 16 some
601 1316 71 23 pecu-

77 1330 67 32 liarly
425 1346 30 16 on
462 1339 93 30 whales,
564 1340 106 32 whaling,

77 1364 45 24 and
135 1365 100 33 whaling
246 1369 104 29 stations,
362 1370 13 23 I
387 1379 46 16 was
446 1373 130 24 astonished
590 1378 23 20 to
623 1375 49 24 find

77 1398 25 23 in
113 1398 62 25 them
194 1402 90 22 several
300 1408 62 18 most
380 1405 174 33 extraordinary
573 1408 97 30 epithets

76 1431 92 32 applied
179 1437 23 19 to
215 1442 39 22 my
264 1435 144 26 fellow-men
426 1438 45 24 and
489 1439 72 24 frater
578 1441 89 32 beings.

76 1464 13 23 I
102 1464 59 25 shall
173 1471 41 19 not
224 1472 97 27 attempt
332 1473 23 19 to
364 1470 68 31 bring
439 1471 97 25 forward
543 1482 63 15 more
615 1475 54 24 than

74 1505 43 16 one
127 1499 26 23 of
168 1499 39 24 the
225 1508 70 24 many
312 1510 57 24 very
386 1504 110 25 offensive
514 1515 110 22 passages
643 1510 24 22 in

74 1531 64 24 those
315 1543 26 16 as
361 1536 14 24 I
394 1537 68 25 think
479 1539 60 24 their
559 1539 71 26 debAt
648 1543 19 23 is

72 1565 115 25 sufficient
215 1568 95 24 without
338 1571 131 30 repetition.
601 1575 66 24 brute

72 1605 62 17 mass
181 1600 21 23 is
225 1601 40 23 the
288 1610 43 16 one
355 1603 14 23 I
389 1604 52 24 first
458 1605 118 31 observed,
597 1609 45 22 and
653 1617 14 15 a

72 1631 114 33 shocking
196 1642 45 16 one
251 1635 19 23 it
274 1636 27 23 4s
312 1636 68 24 when
392 1638 135 25 considered
538 1648 26 15 as
575 1642 90 31 applied

71 1669 24 19 to
106 1673 60 22 man,
180 1667 39 24 the
229 1668 76 31 image
314 1670 26 22 of
347 1670 36 24 his
399 1671 94 30 Maker,
506 1673 105 25 however
622 1675 43 24 low

70 1697 30 24 he
111 1707 51 24 may
175 1700 28 24 be
215 1703 115 30 supposed
341 1708 24 19 to
382 1704 60 24 rank
459 1706 25 23 in
503 1706 39 24 the
561 1708 61 24 scale
642 1710 26 23 of

69 1732 95 32 society.
213 1734 46 24 Let
270 1743 27 16 us
308 1736 37 24 for
357 1745 13 15 a
379 1743 103 19 moment
493 1739 54 25 take
559 1749 14 15 a
583 1741 80 31 glance

68 1769 25 19 at
104 1766 60 24 what
175 1767 47 24 this
234 1768 92 32 elegant
335 1771 77 24 writer
423 1772 21 23 is
456 1772 94 32 pleased
570 1779 24 19 to
606 1780 57 20 term

153 1800 68 25 brute
353 1804 47 24 and
423 1805 61 25 what
501 1807 20 23 it
541 1808 120 30 produces.

67 1831 155 33 Shakspeare,
255 1836 38 23 the
316 1844 45 17 son
383 1838 26 23 of
435 1847 14 16 a
467 1840 118 24 Stratford
606 1844 57 22 wool

67 1866 92 31 stapler,
172 1868 67 24 stood
251 1873 39 20 out
301 1870 67 24 alone
380 1871 72 25 above
463 1873 32 23 all
507 1877 153 29 competitors,

67 1899 46 24 and
122 1908 33 16 we
166 1901 33 23 do.
207 1906 41 19 not
258 1903 49 24 find
315 1903 49 24 him
379 1905 86 32 railing
482 1911 25 20 at
524 1907 94 25 learned
637 1918 25 15 or

66 1933 110 24 scientific
188 1943 62 17 men.
295 1936 78 25 Burns
385 1946 47 16 was
444 1944 41 19 not
496 1941 55 31 only
562 1942 39 23 the
618 1951 42 15 son

67 1966 26 23 of
107 1974 14 16 a
138 1973 104 25 peasant,
262 1970 41 23 but
322 1979 26 15 as
359 1979 43 16 one
413 1972 101 30 himself,
527 1976 85 23 earned
623 1976 37 24 his

64 1998 116 25 deathless
191 2001 70 24 fame.
305 2003 50 23 But
366 2011 26 16 as
404 2004 14 23 I
430 2012 54 24 may
494 2006 28 24 be
543 2007 49 24 told
610 2009 50 23 that

65 2031 64 25 these
141 2041 39 16 are
193 2034 55 31 only
253 2040 75 26 poets,
340 2037 46 23 and
393 2043 82 27 poetry
484 2040 21 23 is
513 2044 40 19 not
560 2041 98 30 science,

64 2065 52 30 and,
128 2066 98 32 besides,
240 2073 41 19 out
300 2070 26 22 of
351 2070 99 31 fashion,
475 2072 14 24 I
512 2073 59 25 shall
595 2075 63 25 leave

65 2099 64 24 those
140 2105 98 20 masters
251 2102 26 23 of
296 2103 40 24 the
345 2105 108 29 passions
465 2106 46 24 and
530 2109 128 30 improvers

64 2132 25 23 of
110 2132 38 25 the
170 2134 74 30 heart,
269 2136 45 24 and
336 2137 105 25 instance
463 2148 15 14 a
499 2140 44 24 few
568 2141 26 24 of
618 2142 40 25 the

62 2166 111 26 scientific
184 2170 143 23 emenations
336 2171 28 23 of
380 2171 40 24 the
437 2178 94 26 present
542 2174 45 32 day
597 2175 60 25 from

88 2199 37 24 the
135 2200 68 25 brute
321 2204 50 24 who
390 2205 29 23 do
441 2207 68 31 equal
525 2207 90 25 honour
633 2214 23 20 to

63 2232 136 26 themselves
215 2235 45 25 and
271 2237 39 24 the
321 2237 71 33 biped
401 2247 54 16 race
472 2245 24 18 to
515 2241 75 25 which
602 2243 55 32 they

63 2266 94 32 belong;
171 2270 111 31 trusting,
298 2271 52 23 that
361 2276 41 20 not
419 2273 55 32 only
492 2274 65 25 those
606 2277 49 24 who

62 2308 38 16 are
127 2301 58 24 born
321 2305 43 24 but
383 2306 67 24 those
469 2308 52 24 who

233 2338 46 22 and
307 2338 50 24 also
385 2339 66 25 those
523 2342 50 24 who
599 2343 57 24 have

58 2371 118 26 greatness
206 2369 78 25 thrust
313 2379 61 24 upon
528 2383 54 25 may
612 2385 41 16 en-

60 2400 103 32 deavour,
188 2403 26 24 in
234 2404 31 24 all
287 2406 130 30 situations,
441 2412 24 19 to
488 2412 88 28 temper
595 2411 59 24 their

61 2436 143 29 expressions
216 2438 56 23 with
283 2439 129 32 humanity,
425 2441 53 29 and,
527 2451 68 16 scorn
613 2450 40 19 not

60 2467 38 24 the
255 2472 14 23 I
295 2472 61 24 shall
380 2473 63 25 draw
470 2483 40 23 my
535 2478 117 32 examples

58 2501 57 24 from
127 2502 149 34 Edinburgh,
288 2506 99 25 because
399 2508 19 23 it
430 2510 104 23 contains
546 2519 25 15 as
583 2519 69 24 many

176 2543 99 26 persons
286 2547 25 16 as
321 2548 47 23 any
378 2541 47 32 city
437 2542 25 24 of
477 2543 30 23 its
516 2544 48 23 size
575 2544 14 23 I
607 2552 45 17 wot

58 2568 30 30 of,
107 2569 43 24 and
161 2571 20 23 is
192 2570 92 26 besides
296 2573 35 24 for
347 2574 40 24 the
405 2574 55 25 elite
471 2576 26 23 of
511 2577 31 23 its
554 2579 94 31 society,

56 2603 81 23 second
150 2608 23 20 to
185 2610 68 20 none;
290 2607 36 23 To
338 2607 70 32 begin
420 2609 55 24 with
487 2609 39 25 the
547 2611 102 25 Univer-

54 2635 53 32 sity,
119 2645 85 25 among
215 2640 88 24 several
314 2640 78 25 others
404 2642 27 23 of
445 2651 14 15 a
470 2644 87 24 similar
568 2645 81 32 degree

54 2673 24 19 at
89 2670 38 24 the
137 2671 52 24 first
200 2674 99 31 starting
309 2675 27 23 in
352 2675 47 30 life,
412 2675 40 25 the
470 2677 47 24 late
533 2679 116 31 professor

55 2701 21 25 L
77 2715 34 5 —
111 2721 6 12 ,
136 2705 51 24 who
204 2707 21 22 is
242 2714 52 17 now
305 2708 87 25 known
402 2713 24 20 to
439 2710 31 24 all
481 2711 39 24 the
531 2712 72 24 world
613 2713 36 24 for

54 2735 35 25 his
101 2743 49 18 vast
162 2739 138 25 discoveries
310 2742 26 23 in
343 2743 93 23 natural
444 2744 147 33 philosophy,
602 2755 45 16 was

54 2777 14 16 a
78 2769 57 25 herd
144 2771 43 32 boy
188 2785 34 5 —
222 2773 39 24 the
267 2780 61 19 most
339 2777 128 23 successful
479 2779 110 23 out-door
599 2780 47 24 lec-

54 2808 61 19 turer
122 2813 30 15 on
163 2811 116 28 anatomy.
307 2808 45 24 Dr.
362 2809 31 24 L.
406 2818 47 16 was
460 2811 80 24 within
552 2813 39 23 the
602 2814 46 23 last

54 2841 37 20 ten
100 2846 65 23 years
176 2847 16 16 a
206 2840 156 32 journeyman
377 2849 130 26 carpenter.
554 2846 54 24 One
623 2848 26 23 of

53 2870 37 24 the
101 2873 114 32 principal
225 2874 141 31 clergymen,
375 2877 46 23 and
433 2885 29 18 an
470 2877 89 26 honour
571 2884 23 19 to
606 2880 40 25 the

51 2905 47 31 city
116 2906 44 24 and
175 2907 38 24 his
231 2912 93 28 county,
343 2917 47 16 was
406 2910 57 24 bred
482 2915 25 19 to
529 2912 115 31 business,

51 2938 44 24 and
106 2939 35 24 his
156 2940 92 26 mother
265 2941 57 32 kept
341 2950 14 16 a
373 2943 68 24 small
458 2952 97 24 grocery
573 2947 25 23 in
616 2955 29 16 an

51 2971 103 33 adjacent
164 2974 93 32 village.
299 2976 54 24 One
371 2977 27 23 of
406 2978 40 23 the
458 2983 101 26 greatest
575 2988 68 16 orna-

50 3011 72 19 ments
135 3011 22 20 to
175 3007 40 25 the
231 3009 51 30 bar,
300 3009 40 25 the
352 3010 83 31 bench,
459 3012 46 23 and
516 3012 126 32 literature,

50 3045 45 17 was
106 3041 56 24 born
174 3042 25 23 in
211 3051 14 15 a
235 3047 78 27 garret
324 3044 47 23 and
380 3044 42 24 the
441 3053 43 15 son
501 3046 27 23 of
550 3047 91 25 barber.

51 3070 46 26 Mr.
110 3074 24 24 A
134 3087 33 4 —
167 3093 8 11 ,
187 3075 40 25 the
239 3077 108 31 optician,
355 3077 42 24 has
406 3078 66 24 made
486 3079 40 24 the
540 3082 101 31 sympie-

50 3111 95 20 someter
163 3108 26 24 of
204 3110 58 23 such
281 3111 141 31 importance
435 3116 23 20 to
477 3121 44 17 our
533 3113 110 33 shipping

49 3138 99 33 interest,
159 3142 50 24 that
220 3143 30 24 he
262 3152 53 23 may
326 3145 30 23 be
368 3145 135 25 considered
514 3155 14 16 a
539 3148 102 25 national

50 3171 135 28 benefactor.
222 3176 92 26 Mr..M
314 3191 36 4 —
350 3196 6 12 ,
370 3187 29 15 an
411 3180 103 24 eminent
528 3180 111 32 jeweller,

49 3206 72 25 whose
133 3210 104 31 superior
245 3215 66 26 taste,
325 3212 46 23 and
382 3212 110 32 elegance
509 3215 26 22 of
550 3215 88 32 design,

48 3241 116 25 combined
185 3243 57 24 with
264 3244 37 24 his
321 3246 120 24 extensive
464 3247 173 34 philantrophy,

48 3274 43 22 and
98 3276 100 30 peculiar
206 3279 90 31 suavity
308 3279 27 23 of
354 3288 97 16 manner
470 3281 45 24 and
535 3282 102 30 address,

48 3305 55 26 have
115 3310 102 32 engaged
234 3312 37 23 for
288 3312 50 24 him
355 3313 40 23 the
415 3314 59 24 kind
491 3315 84 24 wishes
594 3317 45 23 and

47 3346 86 26 respect
144 3344 25 23 of
183 3344 33 24 all
227 3344 36 25 his
269 3345 74 25 fellow
352 3351 136 26 townsmen,
498 3349 45 23 and
554 3350 84 30 gained

46 3371 78 27 him—
124 3378 118 31 unsought
251 3379 35 23 for
286 3392 35 5 —
321 3388 31 16 an
358 3380 115 33 honorary
481 3383 156 33 membership

47 3406 25 24 of
81 3408 36 24 the
129 3409 76 33 Royal
216 3412 101 32 Society,
331 3414 46 24 and
389 3415 50 24 who
446 3415 71 32 lately
526 3416 54 32 paid
585 3417 52 24 four

46 3440 108 27 thousand
164 3446 91 30 pounds
265 3446 37 24 for
313 3447 39 24 the
361 3448 79 32 fitting
450 3457 31 24 up
494 3449 26 24 of
534 3450 37 24 his
582 3459 54 23 pre-

45 3475 67 24 mises
129 3477 73 31 alone,
222 3487 46 16 was
287 3488 13 15 a
316 3486 98 28 country
426 3482 45 32 boy
483 3483 96 25 without
591 3493 45 23 any

46 3512 151 27 expectations
219 3512 61 25 from
300 3516 147 30 progenitors
470 3524 26 16 or
518 3517 115 26 relatives.

44 3540 60 31 And,
126 3544 45 24 last
192 3545 89 33 though
297 3552 42 19 not
356 3549 67 30 least,
443 3550 15 24 I
479 3552 129 24 remember
622 3561 14 15 a

44 3572 59 27 book
115 3578 51 23 stall
178 3587 31 15 on
220 3579 71 25 Leith
300 3581 80 30 Walk,
389 3583 24 23 in
425 3583 63 24 front
498 3585 27 23 of
542 3593 14 15 a
568 3586 67 23 small

45 3607 62 32 shop,
119 3611 23 23 in
158 3611 76 25 which
253 3614 38 23 the
314 3615 90 24 dealers
426 3616 25 24 in
474 3618 160 26 second-hand

44 3639 69 28 books
121 3645 93 24 worked
220 3654 14 16 a
242 3655 55 23 very
306 3647 132 26 indifferent
444 3651 105 32 printing
557 3660 75 24 press.

44 3672 48 26 The
101 3679 139 30 proprietors
248 3681 26 22 of
280 3681 49 23 that
338 3689 106 23 concern,
454 3684 46 28 Sir,
509 3693 51 16 now
568 3686 65 24 wield

44 3707 35 24 the
90 3716 57 19 most
157 3714 112 30 powerful
280 3715 87 23 mental
378 3716 84 30 engine
472 3716 50 25 that
529 3717 43 25 has
580 3727 53 16 ever

43 3738 55 28 been
108 3747 143 23 constructed
266 3747 30 31 by
308 3756 56 15 man
373 3757 6 20 ;
401 3749 63 24 these
477 3757 39 17 are
528 3751 39 24 the
578 3752 54 24 bro-

42 3773 59 26 thers
113 3778 74 25 whose
199 3787 80 17 names
290 3781 203 25 circumambulate
506 3783 37 24 the
555 3785 76 30 globe,

42 3808 44 23 and
96 3810 23 23 of
136 3812 75 24 whom
230 3817 25 20 to
266 3813 69 25 know
345 3815 100 31 nothing
462 3823 54 24 may
527 3816 29 24 be
575 3826 56 15 con-

42 3840 84 27 sidered
142 3846 123 30 ignorance
282 3848 91 24 indeed.
410 3849 14 23 I
436 3849 67 23 could
520 3850 86 25 adduce
618 3860 14 15 a

41 3874 140 36 multiplicity
199 3881 26 23 of
242 3881 117 24 instances
382 3882 59 23 from
493 3883 62 24 mine
580 3892 50 16 own

41 3911 103 23 romantic
251 3914 41 23 but
302 3914 12 24 I
329 3914 66 24 think
406 3915 12 23 I
430 3915 58 24 have
500 3917 69 30 given
580 3918 49 23 suf-

40 3939 73 28 ficient
131 3949 23 19 to
168 3945 62 25 show
249 3955 58 23 your
321 3949 111 22 scientific
450 3950 180 32 correspondent

914 452 201 22 REMARKS

720 483 30 16 On
757 483 36 16 the
801 483 100 24 necessity
912 483 28 24 of
945 485 120 25 protecting
1081 487 37 19 the
1133 487 83 21 Female
1229 489 72 20 Whale

811 508 42 19 and
860 509 39 19 her
910 510 112 26 Offspring,
1034 512 26 25 by
1069 513 137 26 Legislation.

961 544 43 19 No.
1013 544 42 19 IV.

741 594 44 18 Mr.
796 591 126 24 Editor.—
922 595 32 21 At
964 596 37 21 the
1018 598 131 23 conclusion
1159 600 28 21 of
1197 607 39 20 my
1247 600 58 23 third

714 620 77 20 article
801 626 61 20 upon
871 620 43 23 this
924 626 59 18 mast
989 622 134 30 interesting
1130 626 45 21 and
1182 627 123 26 important

714 645 92 26 subject,
819 646 46 22 and
880 648 74 21 which
968 657 45 19 you
1030 650 39 22 did
1086 659 37 14 me
1138 652 38 22 the
1192 654 74 22 honor
1281 658 23 18 to

714 677 36 15 1MS
754 698 10 10 j
764 674 22 18 rt
799 679 24 15 in
843 681 57 19 your
912 675 93 27 journal
1022 677 26 22 of
1065 678 40 22 the
1121 679 54 22 27th
1189 680 87 28 ultimo,
1292 681 12 22 I

714 700 96 25 pledged
817 701 84 26 myself
911 706 22 17 to
943 702 88 23 furnish
1040 711 46 20 you
1095 705 54 22 with
1158 714 61 15 some
1230 708 74 21 obser-

713 727 87 21 vations
801 737 27 4 —
830 727 47 27 Ist.,
897 735 28 15 on
940 729 38 22 the
994 731 89 22 natural
1094 731 85 29 history
1194 734 45 22 and
1254 742 50 14 eco-

714 758 69 21 nomy
798 753 27 22 of
842 753 37 22 the
897 758 101 24 cetacea;
1024 758 108 28 secondly
1151 767 30 14 on
1201 760 37 22 the
1257 761 46 22 real

713 781 79 19 nature
807 780 46 21 and
868 788 50 15 uses
929 782 27 22 of
966 782 37 23 the
1021 784 88 28 baleen,
1121 785 101 29 vulgarly
1232 788 70 22 called

711 807 137 27 whalebone,
863 807 49 28 fins,
924 809 49 27 &c,
988 810 45 22 and
1049 810 74 28 lastly,
1135 819 29 14 on
1179 813 38 22 the
1234 815 69 26 possi-

712 833 64 26 bility
792 833 26 21 of
828 835 92 27 turning
935 835 38 22 the
987 844 89 15 carcase
1092 838 26 21 of
1130 838 38 22 the
1182 840 71 22 whale
1271 842 31 26 (at

709 862 91 23 present
810 861 94 27 entirely
913 862 51 27 lost,
975 863 46 22 and
1029 864 24 21 in
1064 864 47 22 fact
1120 872 13 14 a
1141 866 126 28 nuisance,)
1279 872 22 18 to

709 892 62 15 some
782 887 72 21 useful
864 888 44 21 and
917 889 118 27 profitable
1046 898 103 20 purpose.

736 911 134 24 Naturalists
887 915 22 21 in
925 917 123 27 arranging
1064 919 182 29 systematically,
1264 921 36 22 the

709 940 85 20 animal
802 940 115 29 kingdom,
928 941 57 23 have
1002 944 117 28 evidently
1127 945 42 22 felt
1177 948 68 21 much
1255 952 24 18 at
1286 956 14 14 a

707 965 45 21 loss
768 965 34 22 for
817 967 39 21 the
872 972 49 18 true
937 976 26 14 or
971 970 89 22 natural
1076 972 105 28 position,
1198 974 74 22 which
1286 982 14 15 a

707 995 66 22 great
781 993 85 28 variety
872 995 27 20 of
904 995 102 28 animals,
1012 996 90 23 formed
1109 1001 22 18 to
1138 998 53 24 lead
1199 1007 14 15 a
1221 1002 79 26 purely

707 1019 89 25 aquatic
818 1019 47 28 life,
885 1021 82 23 should
989 1022 55 23 hold
1067 1024 24 21 in
1116 1024 59 23 their
1197 1031 101 23 systems,

709 1047 71 19 lnese
797 1047 94 22 animals
907 1048 59 22 have
975 1049 57 22 been
1050 1050 87 23 classed
1153 1054 102 26 together
1264 1055 36 22 for

705 1078 59 20 ages,
776 1072 71 22 under
857 1073 38 23 the
903 1077 59 20 term
971 1080 91 19 cetacea
1069 1085 5 19 ;
1087 1078 46 22 and
1140 1079 38 22 the
1188 1080 109 29 difficulty

704 1100 42 19 felt
754 1100 30 25 by
793 1101 128 22 naturalists
931 1102 40 22 has
986 1103 74 22 arisen
1076 1104 59 23 from
1151 1113 13 15 a
1178 1108 87 26 variety
1275 1109 25 22 of

705 1131 84 16 causes.
824 1126 72 29 First;
920 1136 14 14 a
949 1130 120 23 naturalist
1083 1132 19 21 is
1126 1133 30 27 by
1173 1141 30 15 no
1218 1142 79 16 means

703 1155 136 25 necessarily
848 1162 14 14 a
870 1157 151 26 comparative
1032 1159 127 26 anatomist,
1171 1161 45 22 and
1225 1162 72 22 hence

702 1185 20 15 is
733 1181 148 22 necessitated
891 1185 22 18 to
929 1182 60 23 draw
997 1183 34 23 his
1042 1185 142 25 conclusions
1193 1188 58 23 from
1262 1196 35 14 ex-

703 1207 70 19 ternal
777 1207 125 24 characters
906 1217 6 19 ;
924 1210 46 21 and
974 1210 35 22 for
1015 1218 13 15 a
1032 1210 87 29 history
1124 1213 27 22 of
1151 1214 38 22 the
1193 1216 93 23 animals

703 1235 37 19 too
755 1233 61 23 often
830 1237 58 20 trust
908 1240 25 17 to
954 1237 147 24 information
1125 1240 59 23 from
1206 1250 89 16 sources

701 1260 95 22 without
811 1261 38 22 the
868 1262 103 28 slightest
987 1265 85 27 vestige
1093 1266 28 21 of
1137 1268 155 28 authenticity,

701 1288 48 20 and
765 1288 125 26 altogether
904 1290 99 23 beneath
1019 1292 83 23 notice.
1140 1294 45 22 Mr.
1206 1296 87 27 George

700 1313 83 23 Cuvier
792 1320 44 16 was
846 1323 28 14 an
886 1318 126 27 anatomist,
1024 1318 46 23 and
1084 1320 20 22 it
1117 1321 45 22 will
1171 1322 27 22 be
1207 1323 85 27 readily

699 1341 110 21 admitted
825 1342 30 27 by
864 1343 30 22 all
909 1351 100 21 persons,
1021 1345 49 22 that
1078 1346 29 22 he
1122 1355 44 14 was
1180 1356 14 14 a
1209 1354 48 18 sort
1271 1351 26 22 of

698 1369 73 20 whale
780 1375 23 14 in
814 1369 37 22 the
866 1371 131 27 magnitude
1007 1372 27 21 of
1046 1374 162 24 contributions
1220 1377 70 23 which

698 1395 30 20 he
737 1395 66 21 made
813 1398 23 19 to
844 1396 37 21 the
892 1398 89 22 science
991 1398 27 22 of
1029 1400 90 22 natural
1133 1401 92 29 histoiy.
1255 1405 36 21 He

698 1428 57 19 gave
765 1428 27 15 us
807 1429 13 14 a
836 1426 85 24 system
935 1426 134 28 apparently
1079 1435 25 14 so
1120 1430 109 26 complete
1248 1432 43 22 and

698 1449 141 27 satisfactory
850 1449 49 23 that
906 1451 36 22 his
952 1454 174 26 cotemporarie3
1133 1457 133 23 considered
1275 1459 16 21 it

692 1475 104 26 perfect!
827 1477 70 22 Alas!
932 1478 67 23 Alas!
1038 1480 49 22 The
1102 1481 52 23 idea
1173 1490 44 15 was
1235 1485 55 22 alto-

695 1503 81 26 gether
785 1506 105 25 contrary
900 1508 21 18 to
939 1506 141 28 experience,
1092 1508 46 22 and
1150 1509 25 22 in
1190 1510 46 23 fact
1252 1520 38 17 op-

696 1529 72 27 posed
777 1532 22 19 to
810 1532 98 21 nature's
918 1532 61 23 laws.

723 1556 60 21 That
791 1560 63 23 great
871 1558 96 23 division
983 1560 26 22 of
1027 1560 38 23 the
1082 1562 85 23 animal
1182 1563 106 29 kingdom

695 1584 158 22 denominated
865 1586 124 23 vertebrate
999 1588 103 28 animals,
1113 1589 40 23 has
1166 1591 55 27 long
1230 1593 56 21 been

694 1610 92 21 divided
799 1610 31 28 by
847 1612 129 23 naturalists
993 1614 49 22 into
1043 1626 28 5 —
1072 1617 20 20 1.
1112 1619 119 21 mammals
1268 1621 12 20 2

693 1636 101 28 birds,—
793 1639 20 20 3.
832 1639 127 27 reptiles,—
959 1642 21 21 4.
1001 1642 73 28 fishes,
1100 1644 45 21 and
1168 1644 37 22 the
1228 1646 59 22 loco-

693 1668 85 17 motive
787 1671 86 20 powers
883 1666 26 21 of
920 1667 56 22 each
986 1668 57 22 class
1053 1669 42 22 has
1103 1670 59 22 been
1172 1671 76 24 shewn
1258 1674 29 27 by

693 1690 158 28 physiologists
861 1696 23 19 to
895 1693 87 28 depend
997 1703 29 14 on
1036 1696 38 22 the
1091 1701 80 19 extent
1180 1699 45 22 and
1236 1708 48 19 per-

691 1718 86 21 fection
787 1719 25 21 of
819 1718 38 23 the
863 1720 134 30 respiratory
1006 1726 92 25 system,
1107 1731 24 15 as
1141 1726 146 28 constituting

692 1745 39 21 the
750 1749 63 23 great
827 1753 77 16 source
919 1748 26 21 of
965 1748 128 30 irritability
1111 1751 46 22 and
1176 1755 107 26 strength.

694 1772 46 21 The
750 1776 58 18 most
816 1774 86 26 perfect
909 1778 84 24 system
1003 1776 26 22 of
1039 1777 135 28 respiration
1190 1780 45 22 will
1245 1789 40 14 un-

691 1799 157 28 questionably
855 1800 28 23 be
893 1801 49 22 that
952 1802 73 22 where
1035 1804 39 22 the
1083 1809 100 22 greatest
1191 1807 93 24 relative

691 1829 95 18 amount
796 1826 26 22 of
832 1825 68 24 blood
908 1828 20 22 is
940 1829 78 23 forced
1030 1831 48 21 into
1097 1831 37 22 the
1150 1834 134 28 respiratory

690 1859 70 20 organ
771 1853 24 21 in
805 1861 13 14 a
827 1854 66 26 given
903 1863 67 20 space
980 1857 26 21 of
1017 1858 60 27 time,
1090 1859 45 21 and
1145 1859 38 22 the
1192 1861 91 23 relative

689 1883 97 18 amount
802 1881 27 21 of
847 1889 90 20 oxygen
954 1883 73 22 which
1046 1889 102 23 operates
1166 1894 62 21 upon
1247 1889 36 22 the

679 1912 2 5 '
689 1908 24 19 bl
714 1908 50 20 °od.
790 1908 47 21 The
847 1909 135 28 respiratory
993 1918 81 20 organs
1086 1912 26 22 of
1119 1915 118 23 mammals
1247 1924 36 15 are

689 1934 117 27 evidently
825 1935 27 21 of
871 1936 38 21 the
930 1940 59 18 most
1003 1939 87 26 perfect
1104 1939 62 28 kind,
1183 1942 45 22 and
1246 1943 37 22 the

688 1962 91 24 greater
801 1962 96 22 number
914 1963 70 27 being
1002 1965 87 27 strictly
1109 1968 116 27 terrestial,
1246 1970 36 21 the

687 1986 103 22 function
800 1988 19 21 is
829 1989 128 26 performed
966 1990 72 22 under
1048 1991 38 23 the
1097 1997 59 17 most
1169 1994 113 25 favorable
1290 2007 2 5 •

687 2016 182 21 circumstances.
898 2015 65 27 Now,
975 2016 29 22 all
1015 2017 38 21 the
1063 2022 91 18 cetacea
1163 2026 38 16 are
1211 2029 70 15 mam-
1287 2022 4 8 *

686 2039 86 22 mals—
773 2040 53 28 they
841 2042 77 22 suckle
935 2042 58 23 their
1008 2051 86 21 young,
1111 2046 45 22 and
1177 2051 38 23 yet
1228 2049 53 26 they

686 2068 89 21 inhabit
785 2068 36 21 the
831 2068 80 28 depths
921 2070 26 21 of
957 2070 38 22 the
1006 2078 70 15 ocean
1083 2080 6 19 ;
1101 2071 58 23 their
1169 2073 86 24 habitat
1264 2077 17 21 is

686 2094 110 28 perfectly
812 2096 102 26 aquatic!
954 2097 99 28 Perhaps
1070 2106 31 14 no
1119 2100 63 22 other
1198 2102 82 23 animal

685 2121 123 22 illustrates
814 2122 49 22 that
869 2124 134 27 mysterious
1009 2125 42 21 law
1062 2125 24 22 in
1094 2128 100 22 nature's
1201 2130 72 22 works

708 2149 37 20 the
753 2150 61 25 unity
823 2151 23 20 in
857 2152 35 19 the
902 2152 48 25 type
966 2152 27 26 of
1003 2153 36 20 the
1233 2157 25 22 in
1267 2165 13 14 a

685 2182 64 15 more
757 2176 96 28 striking
862 2178 80 27 degree
954 2178 54 23 than
1024 2179 39 23 the
1079 2181 57 23 tribe
1147 2183 27 21 of
1184 2183 95 23 animals

685 2205 23 18 to
719 2202 73 23 which
803 2203 37 23 the
857 2205 86 27 subject
959 2206 26 22 of
996 2206 63 23 these
1076 2208 155 24 observations
1241 2211 38 22 be-

684 2229 63 28 long,
758 2232 39 20 viz.
810 2231 37 22 the
858 2231 77 23 whale.
957 2233 117 28 Although
1084 2242 15 14 a
1107 2237 108 22 mammal
1226 2238 53 22 with

684 2263 14 14 a
706 2258 135 27 respiratory
852 2262 83 23 system
950 2267 25 14 so
989 2261 89 22 formed
1093 2269 25 15 as
1132 2266 24 19 to
1166 2264 89 28 require
1266 2272 13 15 a

684 2287 106 19 constant
797 2285 80 28 supply
884 2285 25 23 of
916 2287 150 27 atmospheric
1074 2289 41 27 air,
1123 2290 53 22 with
1182 2298 14 15 a
1202 2291 45 22 tide
1257 2292 24 22 of

683 2317 69 15 warm
757 2312 67 22 blood
829 2312 119 28 flowingin
953 2313 35 23 his
992 2315 64 21 veins
1061 2315 73 23 which
1140 2317 80 23 strikes
1225 2319 53 22 with

683 2338 92 22 wonder
785 2346 55 15 even
851 2339 38 22 the
905 2341 109 26 practical
1024 2342 83 23 whaler
1118 2344 26 21 of
1154 2345 56 22 New
1221 2345 57 23 Zea-

682 2364 56 22 land
745 2365 5 21 !
771 2366 44 21 Yet
823 2366 39 22 the
870 2367 54 22 food
933 2367 71 23 which
1013 2368 30 23 he
1052 2371 101 26 requires
1162 2372 19 21 is
1191 2372 86 28 strictly

682 2393 98 26 aquatic,
791 2393 45 21 and
844 2393 35 23 his
889 2394 68 22 hours
967 2395 25 23 of
1001 2400 53 23 rest,
1066 2397 47 22 and
1122 2398 74 23 whilst
1204 2400 73 22 under

681 2418 39 22 the
731 2420 44 21 soft
785 2420 44 22 and
838 2420 77 29 balmy
921 2421 114 24 influence
1046 2424 26 21 of
1083 2425 68 27 sleep,
1163 2433 38 15 are
1211 2432 65 22 spent

681 2452 30 15 on
729 2446 37 23 the
785 2447 87 23 surface
897 2449 26 21 of
942 2449 38 22 the
999 2451 105 22 troubled
1122 2452 47 22 and
1186 2454 89 23 restless

681 2479 71 16 ocean
770 2474 51 22 with
835 2482 25 14 as
879 2475 69 23 much
964 2484 51 15 ease
1032 2478 45 22 and
1095 2480 96 21 comfort
1203 2488 24 15 as
1237 2481 37 22 the

680 2504 61 18 most
749 2501 92 23 favored
851 2502 26 22 of
888 2502 37 22 the
935 2503 87 23 human
1036 2512 52 15 race
1106 2507 80 28 enjoys
1196 2515 30 14 on
1236 2508 38 23 the

679 2526 84 29 downy
786 2529 81 26 pillow.
898 2529 28 23 In
950 2531 67 22 order
1039 2534 24 19 to
1088 2533 66 22 effect
1177 2534 44 23 this
1244 2543 30 14 no

679 2554 86 22 violent
775 2556 86 27 change
870 2557 19 21 is
900 2557 65 22 made
981 2566 62 19 upon
1053 2559 38 22 the
1102 2561 95 27 original
1209 2562 65 28 plans

679 2581 26 21 of
716 2585 108 19 nature—
825 2590 30 15 no
873 2591 50 15 new
938 2592 27 14 or
978 2585 120 28 improved
1111 2588 64 27 piece
1190 2590 26 21 of
1226 2597 48 14 me-

677 2607 110 25 chanism.
817 2611 37 22 On
869 2611 38 22 the
923 2614 112 26 contrary,
1054 2613 39 22 the
1110 2615 95 27 original
1219 2617 53 27 plan

677 2634 41 23 has
738 2636 58 23 been
815 2638 82 27 simply
913 2639 112 22 rendered
1044 2641 40 20 less
1102 2642 111 28 complex,
1234 2644 38 22 the

676 2663 154 24 modification
844 2665 69 28 being
928 2666 79 28 nearly
1018 2668 139 29 exclusively
1168 2670 104 23 confined

676 2691 24 19 to
711 2690 39 22 the
765 2691 135 24 locomotive
917 2700 77 20 organ.
1023 2694 49 23 The
1081 2696 101 26 pectoral
1199 2701 73 19 extre-

677 2720 75 20 mities
761 2726 38 15 are
809 2719 109 28 retained,
926 2719 112 29 however,
1048 2722 45 23 and
1104 2722 37 23 the
1151 2725 121 22 anatomist

675 2750 19 15 is
703 2745 78 28 amply
790 2747 77 27 repaid
876 2747 34 22 for
920 2747 38 22 the
974 2747 80 24 labour
1064 2750 27 21 of
1103 2752 117 27 removing
1232 2752 39 22 the

675 2774 133 25 lntegment,
829 2774 30 27 by
877 2774 89 27 finding
983 2775 74 23 under
1075 2776 51 23 that
1142 2777 63 23 thick
1225 2779 46 22 and

675 2798 70 22 dense
764 2800 106 28 covering
889 2800 37 23 the
942 2802 72 22 entire
1030 2804 142 23 mechanism
1191 2806 27 22 of
1232 2806 38 22 the

674 2825 85 22 human
771 2834 47 14 arm
825 2828 6 21 !
862 2828 22 21 It
893 2828 18 21 is
919 2835 14 14 a
940 2828 111 29 shocking
1057 2831 130 29 misnomer,
1196 2833 74 22 there-

673 2851 55 27 fore,
740 2856 23 18 to
773 2854 42 21 call
826 2854 43 22 this
880 2862 69 20 organ
958 2856 25 21 in
994 2856 38 22 the
1043 2857 72 23 whale
1129 2866 13 14 a
1157 2859 39 28 fin,
1206 2860 42 22 but
1258 2861 11 21 I

674 2879 66 21 think
757 2879 39 23 the
815 2884 57 19 term
891 2881 89 28 paddle,
999 2883 69 27 given
1087 2887 24 20 to
1130 2886 17 21 it
1162 2886 31 28 by
1206 2894 63 15 some

673 2906 114 23 would-be
823 2908 124 28 naturalist,
971 2910 91 28 equally
1084 2913 94 27 puerile.
1220 2914 48 22 The

674 2934 78 27 whale,
763 2934 46 22 like
819 2935 64 22 other
893 2941 126 23 mammals,
1030 2938 41 21 has
1081 2939 29 22 its
1119 2941 100 26 pectoral
1229 2948 39 15 ex-

673 2960 116 27 tremities,
796 2961 73 22 which
879 2969 38 16 are
925 2964 107 23 moulded
1040 2965 49 22 into
1098 2966 37 22 the
1150 2966 51 23 best
1209 2968 58 22 form

672 2986 35 21 for
716 2988 94 27 moving
823 2989 24 22 in
862 2989 35 22 his
910 2993 84 25 watery
1004 2990 113 30 element,-
1132 2994 43 22 but
1188 3002 79 15 nume-

670 3020 54 15 rous
735 3014 64 23 other
808 3015 114 24 functions
938 3018 89 27 require
1045 3022 23 19 to
1088 3020 28 22 be
1130 3021 135 29 performed,

671 3041 39 20 the
719 3041 83 23 female
816 3042 82 23 carries
912 3044 42 21 her
965 3045 42 22 cub
1017 3045 66 23 when
1098 3047 24 22 in
1133 3048 91 28 danger,
1242 3057 25 14 or

669 3070 77 19 intent
754 3075 60 21 upon
823 3077 14 14 a
846 3070 54 22 visit
912 3075 23 17 to
945 3070 85 23 distant
1044 3073 101 24 climates
1145 3087 30 4 —
1177 3079 21 19 to
1211 3077 55 21 emi-

669 3097 64 24 grate
743 3094 23 23 in
777 3096 68 23 short.
874 3098 48 21 The
934 3100 108 24 posterior
1050 3108 24 14 or
1083 3101 74 27 pelvic
1166 3102 99 23 locomo-

670 3124 45 19 tive
726 3129 80 20 organs
816 3131 38 15 are
865 3124 118 28 dispensed
993 3127 53 21 with
1056 3128 126 27 altogether
1191 3130 24 22 in
1227 3131 37 22 the

669 3150 73 21 whale
750 3157 6 19 ;
771 3150 45 23 and
826 3150 44 23 this
879 3152 66 22 could
961 3153 28 21 be
998 3154 85 27 shewn,
1094 3155 45 23 had
1156 3164 41 14 our
1210 3157 54 23 time

669 3176 47 21 and
735 3183 65 21 space
815 3178 101 28 allowed,
934 3183 23 18 to
971 3180 28 22 be
1018 3183 152 23 necessitated
1186 3184 30 27 by
1226 3185 38 22 the

669 3206 50 18 vast
728 3203 54 22 bulk
792 3204 26 22 of
825 3204 38 23 the
878 3206 43 22 cub
935 3209 24 19 at
973 3207 67 28 birth,
1055 3212 24 18 at
1088 3209 39 22 the
1137 3218 61 15 same
1209 3211 54 23 time

667 3236 14 14 a
687 3230 69 22 much
765 3238 62 15 more
835 3232 99 23 efficient
940 3234 136 23 locomotive
1084 3243 70 20 organ
1163 3237 53 23 than
1224 3239 39 22 the

667 3263 108 19 presence
780 3258 27 22 of
808 3259 31 22 all
843 3259 38 22 the
886 3260 50 22 four
940 3261 66 22 limbs
1011 3261 40 23 has
1055 3263 59 22 been
1120 3266 142 22 constructed

666 3283 32 32 by_
706 3291 14 14 a
730 3284 79 28 simple
818 3286 154 23 modification
982 3295 29 15 on
1022 3289 38 22 the
1070 3291 121 28 extremity
1202 3293 26 21 of
1234 3293 28 22 its

666 3310 74 28 spinal
750 3312 89 23 column
857 3321 25 14 or
892 3314 45 22 tail.
968 3315 33 22 As
1015 3315 39 23 the
1072 3317 72 23 frame
1161 3319 61 22 work
1238 3328 24 14 or

665 3338 72 22 bones
753 3346 44 21 are,
809 3347 23 15 so
850 3340 34 22 far
894 3348 24 15 as
935 3342 132 29 developed,
1079 3345 87 28 strictly
1177 3347 85 22 similar

665 3368 23 18 to
706 3366 65 22 those
787 3367 26 21 of
829 3368 30 21 all
874 3369 132 28 mammals;
1029 3378 24 14 so
1071 3371 38 22 the
1125 3373 96 22 muscles
1237 3381 25 14 or

665 3392 75 28 acting
751 3393 72 23 forces
832 3402 38 14 are
879 3395 24 22 in
911 3402 69 21 every
985 3401 88 24 respect
1079 3399 94 23 similar.
1188 3401 73 27 Many

665 3419 26 22 of
704 3419 40 23 the
759 3421 97 23 muscles
871 3422 107 22 attached
994 3427 23 19 to
1027 3425 47 21 and
1083 3427 77 26 acting
1177 3435 29 14 on
1222 3428 38 21 the

664 3446 74 28 pelvic
755 3449 137 22 extremities
907 3449 25 22 of
949 3450 65 22 other
1028 3453 127 28 mammals,
1172 3462 37 14 are
1225 3462 35 15 re-

665 3474 77 21 tained
752 3475 44 22 and
814 3476 86 22 carried
915 3481 41 18 out
970 3485 29 14 on
1019 3479 55 21 each
1091 3480 47 22 side
1150 3481 37 21 the
1204 3482 40 21 tail
1251 3490 7 18 ;

664 3500 38 22 the
718 3502 97 22 tendons
824 3503 27 21 of
864 3503 62 23 these
937 3505 97 22 muscles
1044 3513 37 15 are
1093 3508 111 27 arranged
1213 3509 45 22 and

664 3528 103 27 wrought
775 3529 31 27 in,
815 3529 31 27 (if
852 3529 12 22 I
870 3538 52 20 may
930 3531 27 22 be
964 3531 94 23 allowed
1069 3533 36 22 the
1117 3535 139 27 expression)

663 3555 54 22 with
726 3555 168 30 microscopical
908 3558 141 23 minuteness
1058 3561 46 21 and
1117 3562 141 23 mechanical

663 3586 112 24 neatness,
792 3583 37 22 the
843 3584 139 23 mechanism
999 3586 19 22 is
1031 3586 110 23 flattened
1152 3593 40 17 out
1200 3590 57 20 hori-

662 3611 93 25 zontally
773 3610 48 22 into
837 3619 15 14 a
867 3611 70 23 broad
953 3613 46 21 and
1013 3613 112 23 flattened
1136 3615 88 24 surface
1234 3618 27 21 of

662 3644 62 15 some
744 3637 103 23 hundred
862 3646 79 21 square
951 3640 51 27 feet,
1014 3641 46 21 and
1070 3641 38 22 the
1119 3644 45 19 tout
1180 3650 77 15 ensem-

662 3665 31 20 ble
701 3664 71 22 forms
780 3672 13 14 a
802 3665 88 28 subject
897 3666 24 22 of
928 3666 38 22 the
973 3670 59 19 most
1042 3669 114 26 profound
1165 3672 92 21 wonder

662 3695 21 18 to
693 3691 40 22 the
742 3691 82 28 rightly
834 3693 137 23 constituted
986 3695 45 22 and
1048 3695 123 24 instructed
1185 3698 69 22 mind.

662 3718 21 22 It
690 3719 26 27 is,
729 3719 23 22 in
769 3719 51 27 fact,
831 3726 13 15 a
861 3720 109 28 perfectly
980 3721 96 22 finished
1091 3723 64 27 piece
1170 3726 26 20 of
1209 3733 47 14 me-

661 3745 109 28 chanism,
784 3746 45 22 and
840 3747 29 22 its
879 3747 114 22 functions
1004 3756 38 14 are
1053 3750 91 28 equally
1154 3752 101 22 wonder-

660 3772 39 27 ful,
718 3773 111 27 complex,
839 3774 46 22 and
900 3775 89 22 various
996 3782 5 14 :
1018 3775 38 22 the
1067 3776 46 26 tail,
1124 3777 24 22 in
1159 3778 38 22 (he
1207 3778 49 23 first

659 3799 72 27 place,
750 3800 131 23 constitutes
896 3801 38 22 the
948 3801 63 22 chief
1024 3802 135 23 locomotive
1170 3811 68 21 organ
1247 3814 6 19 ;

659 3825 80 28 taking
757 3826 39 22 the
813 3827 64 26 place
897 3828 26 21 of
937 3828 39 22 the
994 3829 52 21 four
1064 3829 67 22 limbs
1148 3832 26 20 of
1190 3832 65 23 other

659 3853 126 27 mammals,
804 3854 19 21 it
841 3855 92 21 enables
953 3855 37 21 the
1010 3856 71 21 whale
1101 3860 23 17 to
1144 3859 65 27 equal
1229 3860 23 21 in

658 3879 70 26 speed
738 3879 37 21 the
791 3879 87 23 fleetest
893 3881 73 26 horse,
977 3882 52 27 and,
1040 3882 65 22 when
1119 3883 23 21 in
1152 3886 101 27 sporting

658 3905 75 26 mood,
752 3909 23 18 to
794 3906 85 22 imitate
899 3908 38 21 the
956 3908 130 28 harlequin;
1102 3909 19 22 it
1137 3910 40 22 has
1195 3912 57 23 been

657 3931 85 23 known
754 3936 21 18 to
786 3936 50 23 cut,.
841 3933 52 22 with
907 3942 44 14 one
968 3942 80 21 sweep,
1064 3943 13 14 a
1093 3937 54 26 light
1161 3938 53 22 boat
1227 3940 24 22 in

657 3962 43 19 two
712 3959 5 21 !
743 3966 13 15 a
776 3959 46 23 feat
839 3960 91 28 beyond
950 3961 37 22 the
1005 3970 76 19 power
1097 3965 26 21 of
1138 3964 37 23 the
1194 3965 57 24 lion-

572 30 101 32 THE
695 33 111 33 NEW
819 36 231 35 ZEALAND
1070 41 228 34 GAZETTE
1317 45 102 32 AND
1439 47 327 37 WELLINGTON
1791 56 279 33 SPECTATOR

719 116 39 24 the
770 118 113 30 prudence
896 120 25 23 of
935 120 170 33 endeavouring
1117 128 22 19 to
1157 126 92 30 acquire
1268 127 44 23 and

719 149 69 32 beget
798 159 14 15 a
824 156 143 27 temperance
983 155 25 23 in
1025 155 37 23 his
1081 157 165 25 contributions
1264 160 48 23 that

719 190 54 23 may
788 185 51 29 give
852 185 60 24 them
925 194 13 15 a
950 188 153 29 smoothness,
1121 190 88 24 instead
1229 192 26 23 of
1271 200 40 23 ap-

718 216 96 31 pearing
831 221 23 19 to
866 218 74 31 blight
960 219 38 24 the
1008 220 60 24 little
1088 221 40 25 the
1138 223 171 32 working-man

718 248 42 24 has
767 248 42 24 left
816 254 21 19 to
845 251 48 30 gild
902 251 35 24 his
949 252 84 31 gloom,
1047 261 25 16 or
1083 255 154 33 annihilating
1248 258 60 24 them

718 288 29 15 en
757 289 80 17 masse.
847 297 4 4 •

943 317 14 23 I
969 326 44 21 am,
1027 319 45 29 Sir,

734 346 23 25 A
770 346 268 35 WORKIXG-MAN,
1052 353 46 23 and
1107 353 183 27 CONSTANT

939 383 156 26 READER.

1990 141 50 24 The
2060 144 152 30 propositions
2231 147 25 22 of
2277 147 155 27 Government
2455 161 36 16 are
2515 162 26 15 as

1955 173 74 24 follow
2038 183 5 20 ;
2064 176 50 29 and,
2133 177 110 32 although
2261 180 77 25 Coffee
2349 190 47 16 was
2413 186 39 22 hot
2464 193 42 16 one
2518 187 27 22 of

1957 206 36 23 the
2006 208 88 23 articles
2112 217 24 15 in
2150 210 38 23 the
2201 211 99 32 Budget,
2319 219 45 25 yet,
2376 225 32 14 .as
2419 218 18 22 it
2449 226 44 15 was
2506 220 36 22 in-

1956 239 81 24 tended
2054 245 23 19 to
2097 242 57 23 have
2174 244 58 23 been
2249 247 132 24 introduced
2401 250 23 22 in
2436 251 37 22 the
2491 259 58 16 new.

1956 271 105 25 Customs
2080 273 53 30 Bill,
2146 283 33 15 we
2190 276 58 24 have
2263 278 106 25 included
2381 282 18 22 it
2411 282 23 23 in
2447 284 36 22 the
2496 284 45 23 fol-

1955 304 84 32 lowing
2050 306 46 30 list,
2110 308 45 23 and
2166 310 68 30 adopt
2246 311 38 23 the
2296 314 111 29 proposed
2418 315 54 30 duty
2483 317 57 23 from

1955 337 47 23 Mr.
2016 338 146 33 M'Gregor's
2175 350 41 22 pro
2227 343 74 24 forma
2312 346 68 23 table.

1955 368 92 17 SuoAnof
2058 371 66 16 British
2135 372 102 18 Plantation
2249 376 68 19 growth
2322 377 11 20 \
2340 380 73 17 present
2444 381 85 19 proposed

1975 391 74 40 Fo4n
2051 395 5 11 <
2321 384 12 32 >
2361 399 31 36 p:
2444 404 96 28 =*»•-<•

1974 430 260 43 &;»:•:::::
2361 430 30 46 t
2446 442 8 15 3
2454 443 11 34 S
2466 447 8 11 S

1975 473 276 42 uefineasSt:::::::::::::::
2310 470 7 26 :
2478 484 23 15 cd

1954 512 76 17 Covpee
2039 514 20 16 of
2065 515 68 17 British
2140 517 103 17 Plantation
2251 520 68 19 growth
2371 522 23 16 (id
2454 513 23 26 sk

1974 533 75 23 Foreign
2058 536 65 18 growth
2374 543 6 14 l
2383 544 35 15 sad
2454 531 23 22 Z1

1953 553 86 21 Timber,
2048 556 67 16 British
2123 558 79 16 Colonial
2211 561 69 18 growth
2298 573 17 5 ...
2361 564 28 15 10s
2442 565 30 16 20b
2481 571 9 12 p
2498 566 41 17 load

1973 574 74 22 Foreign
2054 578 68 19 growth
2359 585 30 14 5Us
2480 571 59 15 I>>lofltt

1953 614 79 22 Wheat,
2040 617 75 22 Foreign
2122 621 68 19 growth
2279 612 12 31 )
2421 621 11 11 a
2442 617 45 16 (lxea
2495 618 32 16 dvt
2528 623 12 16 X

2279 635 9 16 >
2334 645 44 20 duty
2399 637 41 15 °of
2446 639 23 15 Bs.
2476 642 31 16 per
2512 644 26 15 (jr.

1971 662 81 33 Wilhan
2048 663 11 11 o
2059 663 192 47 aSduionai-du^of-5
2261 677 84 28 percent.
2355 670 18 12 "'
2383 671 21 16 Pr
2404 672 10 11 °
2415 668 69 19 l)im!oU

1985 700 92 30 Where,
2096 710 31 16 we
2140 705 96 29 inquire,
2259 707 19 22 is
2292 708 39 23 the
2345 708 137 33 thoroughly
2494 720 44 16 un-

1951 733 129 31 prejudiced
2092 743 51 16 man
2164 738 23 22 in
2201 738 37 24 the
2251 739 63 25 three
2336 741 129 32 kinguoms,
2488 745 50 24 who

1953 773 46 21 can,
2009 767 23 23 in
2039 767 36 24 his
2086 769 78 23 candid
2169 770 129 32 judgment,
2308 774 74 30 object
2390 780 23 19 to
2423 785 113 17 measures

1951 799 72 23 which
2035 808 38 16 are
2085 809 25 16 so
2122 802 170 34 self-evidently
2305 807 54 23 both
2376 809 106 24 intended
2493 811 45 24 and

1951 832 123 24 calculated
2086 839 22 18 to
2119 835 85 25 benefit
2213 837 38 24 the
2264 842 150 28 commercial,
2428 842 37 24 the
2477 846 61 29 agri-

1950 865 103 30 cultural,
2073 868 44 23 and
2138 868 37 25 the
2195 872 185 33 manufacturing
2398 876 104 24 interests
2514 878 27 23 of

1950 898 37 23 the
1996 898 53 25 land
2061 901 9 22 ?
2105 901 34 23 At
2148 910 55 16 once
2216 912 32 15 we
2261 905 95 29 declare,
2370 907 48 24 that
2426 909 37 24 the
2475 911 61 29 price

1950 931 24 22 of
1983 931 75 24 Bread
2069 934 23 23 in
2105 934 36 23 the
2155 936 54 23 time
2221 938 26 22 of
2263 946 67 23 peace
2342 941 71 30 ought
2431 950 67 16 never
2511 948 22 19 to

1949 966 82 22 exceed
2043 967 106 30 sixpence
2162 969 37 23 the
2209 970 51 23 four
2267 973 76 29 pound
2356 973 79 24 loaf—
2437 983 39 16 nor
2488 976 49 24 that

1949 997 25 23 of
1983 998 75 31 Sugar
2069 1001 106 30 sixpence
2187 1011 14 14 a
2213 1004 84 29 pound,
2312 1013 40 15 nor
2365 1006 49 24 that
2423 1008 26 22 of
2458 1009 77 24 Coffee

1947 1030 77 24 fifteen
2032 1040 71 23 pence
2115 1034 38 24 the
2164 1037 85 29 pound.
2286 1037 44 24 We
2341 1040 89 23 confess
2443 1041 47 24 that
2503 1051 32 15 we

1948 1070 73 24 regret
2039 1066 38 23 the
2089 1068 110 30 proposed
2221 1070 118 24 alteration
2352 1073 21 22 in
2387 1074 38 23 the
2441 1075 94 24 Timber

1948 1096 90 31 Duties,
2058 1099 96 25 because
2170 1102 29 22 its
2214 1103 52 31 only
2277 1104 66 23 effect
2361 1107 45 22 will
2420 1107 28 23 be
2460 1112 21 19 to
2494 1109 40 22 ad-

1947 1138 69 16 vance
2028 1131 38 24 the
2077 1134 61 29 price
2150 1134 24 23 of
2185 1135 105 24 Colonial
2303 1138 101 29 Timber,
2418 1140 65 24 while
2495 1142 39 23 the

1946 1163 115 25 reduction
2072 1166 24 23 of
2112 1167 36 23 the
2161 1167 56 32 duty
2229 1177 29 15 on
2270 1170 100 32 Foreign
2382 1173 93 24 Timber
2488 1175 46 24 will

1946 1195 27 24 be
1983 1197 25 23 of
2018 1205 28 15 no
2060 1198 81 25 benefit
2154 1205 22 18 to
2189 1201 39 24 the
2241 1210 128 18 consumer.
2406 1207 37 23 No
2455 1207 77 30 doubt,

1945 1228 110 32 however,
2078 1232 47 24 that
2148 1234 38 23 the
2210 1235 98 25 advance
2329 1239 25 22 of
2374 1239 38 22 the
2430 1240 54 30 duty
2503 1249 29 16 on

1946 1262 103 25 Colonial
2065 1265 94 24 Timber
2171 1275 49 16 was
2234 1271 123 29 suggested
2368 1275 23 19 to
2404 1272 37 24 the
2453 1274 78 24 Chan-

1944 1296 68 23 cellor
2025 1298 24 23 of
2063 1298 37 24 the
2119 1300 139 32 Exchequer
2276 1303 31 30 by
2321 1303 38 24 the
2380 1310 59 19 state
2451 1307 24 22 of
2493 1307 38 24 the

1943 1336 96 18 revenue
2048 1340 6 19 ;
2074 1340 32 15 we
2117 1338 78 25 regret
2211 1334 36 23 his
2260 1336 107 25 intended
2379 1347 103 16 measure
2493 1341 36 23 for

1943 1369 60 16 more
2022 1371 92 17 reasons
2133 1366 54 24 than
2208 1375 51 17 one.
2294 1370 36 23 At
2345 1370 36 24 the
2395 1380 61 15 same
2468 1374 61 28 time,

1941 1394 32 24 let
1985 1397 64 23 these
2067 1406 114 17 measures
2199 1400 28 24 be
2239 1402 70 23 taken
2327 1411 25 16 as
2364 1413 14 14 a
2389 1405 78 30 whole,
2486 1407 45 23 and

1947 1436 27 15 >ye
1986 1429 27 24 do
2027 1435 38 19 not
2076 1431 94 25 hesitate
2183 1438 23 18 to
2218 1434 88 25 declare
2319 1436 48 24 that
2378 1438 52 31 they
2442 1448 37 14 are
2491 1441 38 22 the

1941 1461 49 25 best
2002 1464 74 24 which
2096 1465 56 23 have
2171 1466 57 24 been
2242 1468 83 24 offered
2345 1475 22 18 to
2380 1471 38 24 the
2433 1479 96 24 country

1940 1495 34 23 for
1981 1503 68 25 many
2058 1506 72 22 years.
2133 1512 33 3 —
2167 1498 96 26 Lcndon
2271 1500 141 27 Mercantile
2420 1505 106 25 Journal.

2056 1555 96 25 NEWS
2171 1557 100 25 FROM
2292 1560 117 24 CHINA.

1972 1597 121 33 Although
2104 1608 40 16 our
2155 1601 50 23 files
2224 1602 25 23 of
2264 1603 83 24 Indian
2359 1612 82 24 papers
2453 1614 36 16 are
2502 1616 25 15 so

1939 1630 134 33 incomplete
2086 1633 46 24 that
2144 1642 33 15 we
2189 1642 38 16 are
2240 1637 82 23 unable
2335 1642 23 19 to
2374 1640 52 28 give
2446 1645 21 18 to
2487 1649 40 15 oar

1939 1664 89 23 readers
2048 1674 14 15 a
2085 1668 123 23 connected
2231 1675 97 18 account
2351 1671 26 23 of
2403 1672 58 24 what
2482 1673 45 24 had

1939 1697 66 23 taken
2019 1698 64 31 place
2094 1700 61 24 since
2167 1701 39 23 the
2215 1702 62 23 dates
2287 1703 24 23 of
2323 1711 40 16 our
2371 1704 44 24 last
2423 1707 102 29 arrivals,

1938 1737 33 16 we
1982 1731 57 24 have
2052 1733 113 24 sufficient
2177 1739 22 19 to
2208 1736 54 30 give
2274 1744 28 15 an
2323 1738 86 24 outline
2421 1739 26 23 of
2467 1740 60 24 what

1937 1763 44 23 had
1993 1766 114 23 occurred.

1970 1797 24 23 It
2009 1798 46 24 will
2068 1800 27 23 be
2114 1802 154 24 remembered
2281 1803 50 23 that
2342 1804 91 25 Canton
2445 1814 44 16 was
2501 1808 24 23 in

1936 1830 38 23 the
1984 1833 130 28 possession
2127 1834 25 22 of
2167 1834 38 24 the
2224 1835 109 31 English,
2353 1838 45 23 and
2418 1840 23 22 in
2460 1840 65 24 order

1936 1868 22 18 to
1970 1871 91 18 ransom
2074 1866 37 24 the
2123 1868 53 30 city,
2190 1876 33 16 we
2235 1870 47 22 find
2294 1870 49 24 that
2363 1871 38 23 the
2424 1872 100 25 Chinese

1936 1896 44 24 had
1991 1899 98 31 actually
2107 1901 53 30 paid
2179 1901 40 24 the
2238 1902 90 24 British
2346 1903 40 24 the
2405 1913 119 18 enormous

1935 1938 49 16 sum
1997 1932 25 22 of
2045 1933 54 23 nine
2111 1934 99 24 millions
2222 1936 26 22 of
2263 1936 91 29 dollars,
2370 1938 37 24 the
2417 1939 71 24 whole
2501 1941 25 23 of

1934 1964 72 24 which
2026 1965 44 24 had
2090 1967 57 23 been
2170 1970 118 22 extracted
2309 1971 60 23 from
2392 1972 38 23 the
2451 1972 72 33 Hong

1935 1997 141 31 Merchants,
2105 2000 71 24 under
2205 2001 39 24 the
2271 2008 108 26 pretence
2400 2005 48 24 that
2469 2007 55 31 they

1933 2031 72 23 would
2015 2031 28 24 be
2055 2033 38 23 the
2104 2038 101 27 greatest
2216 2035 108 24 sufferers
2332 2037 21 23 if
2373 2037 38 24 the
2423 2040 45 30 city
2476 2047 45 16 was

1934 2063 128 30 destroyed.

1966 2097 35 23 Of
2017 2098 44 24 this
2073 2103 100 21 treasure
2193 2105 47 20 two
2260 2102 100 24 millions
2376 2105 45 23 and
2440 2113 14 16 a
2473 2106 51 24 half

1933 2129 25 24 of
1972 2131 83 24 dollars
2067 2140 56 17 were
2137 2138 22 19 to
2179 2134 29 24 be
2226 2135 127 25 forwarded
2372 2142 23 18 to
2414 2139 106 24 Calcutta

1932 2164 29 31 by
1973 2164 38 24 the
2024 2164 107 33 Calliope,
2141 2167 69 31 Capt.
2220 2167 90 33 Kuper,
2323 2170 63 31 (first
2398 2171 123 26 lieutenant

1932 2197 25 22 of
1972 2198 37 23 the
2027 2198 118 32 Alligator
2160 2200 67 25 when
2238 2202 41 24 she
2298 2211 44 15 was
2361 2205 25 22 in
2407 2205 113 33 Sydney,)

1930 2230 45 24 and
1986 2239 43 16 one
2038 2232 85 24 million
2136 2234 43 23 and
2193 2242 14 16 a
2217 2233 55 26 half
2278 2240 22 19 to
2318 2237 97 24 London
2434 2239 29 31 by
2481 2239 39 24 the

1932 2263 102 33 Contoay,
2049 2265 95 31 Captain
2158 2268 113 24 Bethune.

1963 2298 24 23 It
1998 2306 46 16 was
2063 2300 131 24 considered
2215 2306 37 19 too
2270 2303 46 23 late
2328 2308 23 19 to
2371 2305 66 23 effect
2449 2306 67 23 much

1929 2338 62 17 more
2002 2331 86 33 during
2099 2332 36 25 the
2157 2342 90 22 season,
2268 2336 46 24 and
2332 2338 58 23 after
2402 2346 28 16 an
2440 2340 76 23 attack

1929 2372 29 16 on
1980 2365 84 31 Annoy,
2079 2366 37 24 the
2133 2371 79 28 troops
2234 2376 59 17 were
2312 2374 23 19 to
2355 2379 54 23 pass
2432 2377 22 18 to
2478 2372 38 25 the

1928 2398 127 25 northward
2079 2404 22 19 to
2123 2402 89 29 winter,
2236 2403 45 23 and
2304 2407 23 20 to
2347 2405 53 23 wait
2421 2406 36 23 for
2477 2406 39 24 the

1927 2432 185 24 reinforcements
2123 2435 111 31 expected
2246 2436 58 23 from
2315 2437 75 24 India.

1961 2465 38 23 Sir
2012 2466 34 23 H.
2060 2466 35 25 Le
2105 2467 108 32 Fleming
2224 2469 128 31 Senhouse,
2373 2473 143 25 commander

1927 2498 26 23 of
1968 2498 102 26 H.M.S.
2083 2499 124 32 Blenheim,
2222 2502 50 24 died
2285 2504 26 23 of
2325 2505 78 23 marsh
2412 2506 68 27 fever,.

1959 2532 25 23 It
2003 2533 47 23 will
2069 2534 28 23 be
2119 2542 61 22 seen,
2205 2536 121 30 therefore,
2349 2538 51 24 that
2422 2541 94 23 another

1925 2573 54 22 year
2005 2571 63 19 must
2093 2575 53 24 pass
2169 2576 64 24 away
2257 2570 78 24 hefore
2365 2571 38 24 the
2422 2581 47 16 war
2490 2574 24 23 in

1926 2598 74 24 China
2010 2607 43 16 can
2063 2600 29 24 be
2103 2606 41 26 put
2156 2609 28 16 an
2197 2602 44 24 end
2254 2607 30 25 to,
2297 2604 42 23 hut
2349 2605 31 31 by
2389 2606 49 24 that
2451 2607 61 29 time,

1924 2640 25 14 as
1960 2633 19 23 it
1989 2633 20 23 is
2022 2633 136 25 understood
2180 2635 51 25 that
2243 2636 38 24 Sir
2295 2637 35 24 11.
2349 2638 122 33 Pottinger
2492 2641 19 23 is

1923 2665 126 25 instructed
2067 2672 22 19 to
2107 2672 36 19 act
2161 2668 141 33 vigorously,
2321 2679 34 16 we
2375 2672 58 24 have
2454 2673 59 25 little

1924 2699 69 24 doubt
2010 2700 50 24 that
2075 2709 69 23 peace
2162 2703 47 23 will
2231 2703 29 24 be
2283 2705 102 24 restored
2394 2715 6 19 ;
2422 2707 27 23 in
2471 2707 40 24 the

1923 2740 66 16 mean
2000 2734 62 30 time,
2082 2734 37 24 the
2131 2735 63 24 trade
2207 2736 45 24 will
2267 2739 88 22 remaiii
2365 2740 24 22 in
2401 2740 39 23 the
2452 2748 61 16 same

1922 2767 113 24 unsettled
2049 2773 58 19 state
2125 2768 48 24 that
2184 2770 19 23 it
2215 2769 41 24 has
2265 2770 59 24 been
2335 2773 25 22 in
2371 2772 36 24 for
2419 2773 38 24 the
2467 2774 46 24 last

1922 2804 43 19 two
1977 2808 75 24 years.
2053 2814 35 4 —
2088 2800 91 32 Sydney
2191 2802 101 26 Herald.

1979 2858 215 26 COLONIAL
2226 2861 229 26 EXTRACTS.

1339 126 93 23 hearted
1441 128 103 29 Richard,
1556 131 53 22 with
1619 132 34 22 his
1668 133 123 24 invincible
1801 136 68 22 battle
1879 145 48 15 axe.

1366 157 52 23 ■But,
1429 157 43 20 Mr.
1481 157 82 27 Lditor,
1573 158 10 21 I
1592 159 130 23 mentioned
1732 161 48 22 that
1786 163 36 21 the
1831 163 97 23 internal

1339 182 139 21 mechanism
1488 183 26 20 of
1520 182 36 23 the
1565 184 39 21 tail
1613 192 46 15 was
1669 187 124 23 wonderful
1802 189 34 21 for
1845 191 28 20 its
1883 191 45 22 fine

1339 208 45 19 and
1395 208 102 26 complex
1506 209 66 22 finish
1580 219 5 18 ;
1601 212 47 21 and
1657 212 44 22 this
1711 215 66 21 could
1792 217 98 25 scarcely
1900 218 27 21 be

1339 234 103 26 required
1453 234 70 23 either
1532 239 22 18 to
1594 237 54 28 ding
1663 239 47 21 o'er
1719 247 13 14 a
1829 250 25 14 or
1864 247 37 18 cut
1915 252 11 14 a

1340 261 51 20 boat
1399 267 24 14 in
1433 264 72 18 two—
1506 263 99 22 no—but
1615 271 33 15 we
1657 265 48 22 find
1715 266 38 22 the
1763 267 70 23 whale
1841 269 85 23 formed

1339 288 53 19 with
1410 288 73 26 lungs,
1502 289 54 22 with
1575 297 13 14 a
1606 290 65 23 heart
1690 293 28 20 of
1732 297 50 18 vast
1800 295 59 27 bulk,
1874 297 52 21 with

1338 316 96 24 arteries,
1446 314 113 29 receiving
1569 320 23 18 at
1606 317 57 22 each
1675 319 112 26 pulsation
1799 321 25 21 of
1835 322 38 22 the
1887 323 39 22 left

1338 340 107 21 ventricle
1464 347 14 15 a
1495 342 45 21 tide
1559 343 26 22 of
1599 342 60 23 from
1678 346 25 20 10
1724 350 22 17 to
1768 349 26 19 12
1812 349 114 25 gallons-

1337 365 157 31 gallons!—of
1505 369 89 22 arterial
1603 370 75 27 blood,
1690 372 74 22 whose
1779 377 146 25 temperature

1336 398 18 14 is
1364 394 70 20 above
1514 394 47 23 that
1570 396 18 21 is
1599 403 94 16 warmer
1706 398 53 22 than
1771 400 47 22 that
1828 402 27 22 of
1865 410 60 18 man,

1336 424 114 23 requiring
1460 428 13 14 a
1483 425 104 19 constant
1596 424 82 27 supply
1688 425 27 22 of
1722 427 149 27 atmospheric
1881 430 42 22 air!

1336 452 112 22 roquirmg
1459 448 47 20 that
1519 449 81 27 supply
1610 450 27 21 of
1648 452 33 21 air
1696 452 102 23 whether
1810 455 75 27 asleep
1901 464 24 14 or

1335 478 61 20 upon
1406 480 14 14 a
1425 481 96 25 journey
1529 475 5 21 !
1549 476 18 21 it
1576 476 18 21 is
1605 476 38 22 the
1652 480 151 22 construction
1813 482 45 21 and
1869 483 55 22 form

1335 501 23 18 of
1372 501 39 19 the
1422 501 43 27 tail,
1478 501 72 22 which
1560 509 89 16 secures
1659 503 40 23 her
1709 507 89 25 against
1807 507 117 28 drowning

1334 528 73 19 under
1425 534 44 20 any
1488 528 179 29 circumstances,
1686 533 46 21 and
1750 537 50 17 vast
1819 542 23 14 as
1862 536 19 21 is
1897 537 26 22 its

1335 555 84 24 extent,
1429 557 29 18 its
1467 555 165 26 performances
1641 564 37 15 are
1686 565 25 14 as
1718 560 51 21 nice
1779 561 45 21 and
1831 559 92 26 delicate

1333 584 25 15 as
1367 581 38 19 the
1417 581 59 21 hand
1486 582 25 20 of
1522 589 53 15 man
1584 582 66 23 aided
1661 584 53 22 with
1725 585 34 22 his
1768 587 59 27 sight
1836 589 45 21 and
1890 590 33 22 in-

1334 605 83 23 tellect.
1445 607 47 22 The
1503 608 138 28 diaphragm,
1652 610 34 22 for
1693 611 109 29 instance,
1810 614 19 22 is
1839 615 26 21 of
1876 621 47 17 vast

1333 634 79 20 extent
1419 634 44 21 and
1472 641 73 20 power
1555 635 23 22 in
1589 634 38 23 the
1636 636 70 23 whale
1714 646 5 19 ;
1737 639 19 22 it
1765 640 19 21 is
1795 643 127 25 essentially

1333 660 141 21 subservient
1489 664 23 18 to
1528 662 132 28 respiration
1674 664 25 22 in
1716 666 30 21 alt
1762 667 101 28 animals,
1879 670 43 22 and

1333 688 44 18 like
1392 688 30 20 all
1434 688 60 26 truly
1508 689 135 27 respiratory
1657 692 96 21 muscles
1770 698 46 17 acts
1831 695 90 23 without

1332 713 37 19 the
1392 714 166 22 consciousness
1582 716 26 21 of
1629 717 37 21 the
1690 718 152 24 individual—
1843 721 17 22 is
1885 723 36 22 the

1330 740 108 23 guardian
1446 740 66 28 angle
1521 742 26 21 of
1551 742 36 22 the
1596 743 73 27 lungs,
1678 745 47 22 and
1734 746 48 22 aids
1788 747 24 21 in
1820 749 101 26 securing

1323 786 3 6 ,
1331 771 13 14 a
1349 767 82 26 supply
1440 767 26 21 of
1473 768 149 28 atmospheric
1632 770 33 21 air
1673 771 97 28 through
1778 768 108 33 tne'lunps
1900 780 21 18 to

1330 793 38 20 the
1378 800 52 14 ever
1439 795 93 26 moving
1541 796 45 21 and
1596 796 58 28 truly
1665 798 82 22 fearful
1758 800 46 22 tide
1813 801 27 21 of
1848 802 65 23 blood

1330 820 104 25 impelled
1445 821 31 26 by
1486 828 13 14 a
1508 822 74 26 piston
1593 827 41 17 not
1644 824 76 23 unlike
1732 826 48 21 that
1791 828 26 20 of
1828 835 13 14 a
1851 821 69 31 steani

1330 851 82 20 engine
1423 847 25 21 of
1459 851 50 18 vast
1518 855 97 21 powers;
1632 857 25 14 so
1666 852 86 26 perfect
1761 853 24 22 in
1796 854 45 22 fact
1850 856 18 20 ia
1879 857 40 21 this

1329 878 62 19 piece
1408 875 26 19 of
1453 875 144 27 mechanism,
1615 876 50 23 that
1681 885 56 16 were
1753 880 19 21 it
1786 882 97 25 possible
1898 887 21 18 to

1328 905 96 25 suppose
1433 900 38 22 the
1482 901 69 22 whale
1561 903 72 27 guilty
1644 904 25 21 of
1675 912 30 14 an
1712 906 75 22 intent
1797 911 22 17 to
1829 911 90 21 commit

1328 928 85 19 suicide
1423 928 29 34 by
1460 928 122 28 drowning,
1594 930 28 21 he
1633 934 61 19 must
1705 932 25 21 in
1746 933 37 22 the
1801 934 47 22 first
1857 936 62 26 place

1328 955 58 24 dive,
1405 955 45 20 and
1465 956 86 21 remain
1568 956 72 23 below
1657 958 29 26 by
1704 966 14 14 a
1734 959 71 23 direct
1818 963 45 20 and
1873 970 45 15 sus-

1327 980 78 20 tained
1415 980 117 29 voluntary
1542 986 49 24 act;
1608 984 44 21 this
1667 986 66 21 could
1750 987 55 27 only
1813 989 105 23 continue

1326 1012 25 14 so
1361 1007 54 26 long
1431 1014 23 14 as
1470 1009 101 27 strength
1587 1010 97 23 enabled
1700 1012 46 22 him
1764 1016 22 19 to
1802 1015 65 21 resist
1882 1016 36 22 the

1326 1036 84 22 urgent
1426 1033 97 23 demand
1540 1043 29 14 on
1579 1036 38 22 the
1633 1042 50 22 part
1700 1040 28 21 of
1737 1039 39 25 the
1786 1042 132 26 respiratory

1326 1064 81 17 nerves
1427 1061 35 21 for
1485 1061 60 23 fresh
1566 1063 40 27 air,
1626 1064 39 22 the
1689 1066 132 23 exhaustion
1846 1070 71 22 would

1327 1088 92 20 become
1437 1094 112 17 excessive
1567 1090 59 23 from
1650 1091 38 22 the
1707 1094 165 23 accumulation
1897 1098 20 20 oi

1325 1118 86 16 venous
1432 1115 75 26 blood,
1526 1116 46 22 and
1599 1117 39 22 the
1662 1120 136 28 respiratory
1824 1123 92 23 muscles

1324 1141 94 26 making
1427 1142 129 23 convulsive
1566 1144 83 28 efforts,
1660 1145 38 22 the
1709 1148 124 26 spasmodic
1843 1149 73 23 action

1324 1168 24 18 ot
1362 1168 39 20 the
1411 1168 40 21 tail
1460 1169 74 22 would
1542 1170 67 28 bring
1619 1170 38 23 the
1666 1172 60 28 body
1737 1176 22 19 to
1770 1174 38 22 the
1822 1177 87 21 surface

1352 1219 27 11 jj
1445 1198 48 19 acts
1517 1200 23 17 at
1558 1197 66 22 times
1641 1206 23 14 as
1684 1199 37 22 tlle
1740 1205 60 18 most
1822 1202 94 24 delicate

1323 1221 90 26 rudder,
1431 1228 78 21 giving
1526 1228 141 19 movements
1687 1229 23 18 to
1734 1226 39 23 the
1798 1235 117 17 enormous

1323 1253 90 15 carcase
1431 1248 26 21 of
1466 1248 38 22 the
1520 1253 85 20 utmost
1620 1252 112 26 precision
1748 1254 46 22 and
1808 1255 100 27 delicacy

1323 1275 22 19 It
1354 1280 19 14 is
1384 1281 30 14 on
1424 1275 85 28 record,
1519 1276 50 23 that
1578 1277 38 22 the
1625 1278 71 23 whale
1707 1283 23 18 at
1740 1280 66 23 times
1814 1284 100 22 remains

1399 1327 6 11 i
1408 1308 11 14 r
1432 1302 60 22 Unde
1493 1309 12 29 ?
1523 1307 67 19 water
1595 1313 6 19 >'
1617 1313 54 14 man
1687 1314 43 14 can
1747 1308 54 21 with
1815 1313 99 19 extreme

1321 1329 117 26 difficulty,
1459 1329 45 21 and
1529 1330 57 23 after
1608 1333 70 21 much
1703 1334 104 28 practice,
1827 1337 87 23 remain

1322 1356 71 20 below
1404 1356 35 21 the
1455 1356 87 22 surface
1551 1365 62 15 some
1629 1359 63 22 three
1709 1368 25 15 or
1750 1364 25 19 at
1790 1366 58 18 most
1864 1364 50 22 four

1319 1384 106 19 minutes.
1455 1383 58 22 How
1523 1384 19 21 is
1559 1384 43 22 this
1609 1386 10 21 ?
1633 1387 78 26 seeing
1727 1387 49 22 that
1790 1389 38 21 the
1845 1391 68 26 respi-

1320 1410 77 25 ratory
1406 1411 82 24 system
1500 1410 26 21 of
1532 1411 54 22 both
1596 1419 38 15 are
1641 1413 23 22 in
1674 1414 30 21 all
1712 1418 98 24 respects
1817 1416 96 24 similar?

1322 1436 53 20 Ihis
1393 1442 45 15 was
1454 1443 13 14 a
1486 1436 108 29 difficulty
1610 1439 74 22 which
1707 1440 38 23 the
1763 1445 150 25 comparative

1319 1464 122 19 anatomist
1448 1463 66 22 alone
1525 1465 66 22 could
1600 1466 99 28 explain.
1729 1468 22 21 It
1768 1476 44 14 was
1829 1477 12 14 a
1851 1471 62 22 favo-

1318 1490 41 19 rite
1376 1488 79 28 theory
1472 1490 27 21 of
1516 1491 38 22 the
1573 1492 63 23 older
1655 1495 136 28 naturalists,
1810 1496 47 22 that
1876 1498 36 22 the

1319 1516 72 20 whale
1408 1517 116 26 possessed
1539 1526 13 14 a
1562 1518 56 23 kind
1632 1520 27 22 of
1677 1522 123 28 sweeming
1809 1523 101 29 bladder,

1318 1543 44 20 and
1372 1543 53 21 thus
1431 1544 120 23 combined
1557 1546 24 21 in
1585 1551 51 23 part
1643 1547 38 22 the
1689 1549 134 28 respiratory
1828 1555 83 22 system

1318 1569 26 20 of
1355 1569 68 22 fishes
1438 1570 47 21 and
1500 1573 125 22 mammals.
1656 1574 12 22 I
1684 1575 58 22 need
1759 1580 41 18 not
1817 1577 37 22 tell
1866 1586 45 19 you

1317 1597 49 19 that
1383 1597 44 20 this
1445 1597 79 27 theory
1534 1606 44 15 was
1594 1607 57 15 soon
1668 1604 122 25 supported
1806 1604 30 27 by
1846 1612 63 16 some

1316 1628 50 21 one,
1377 1624 49 20 who
1436 1624 71 22 found
1518 1632 24 15 or
1551 1628 124 25 pretended
1686 1631 22 19 to
1725 1629 47 22 find
1788 1638 14 14 a
1818 1631 93 23 bladder

1316 1649 137 22 somewhere
1469 1651 73 23 under
1558 1653 37 22 the
1615 1654 81 28 throat,
1716 1656 45 22 and
1780 1665 24 13 so
1824 1658 85 23 seldom

1316 1677 54 20 does
1378 1677 39 21 the
1426 1680 144 27 opportunity
1580 1681 25 21 of
1612 1681 122 29 dissecting
1741 1690 14 14 a
1765 1684 69 22 whale
1843 1693 67 15 occur

1315 1705 23 19 to
1349 1704 38 21 the
1398 1707 113 24 competent
1519 1713 89 21 person,
1620 1708 49 22 that
1680 1708 38 23 the
1729 1710 79 28 theory
1819 1711 52 25 held
1880 1713 29 22 its

1313 1731 90 25 ground
1418 1739 29 20 up
1464 1736 23 18 to
1502 1740 14 14 a
1528 1741 54 20 very
1598 1738 79 19 recent
1694 1736 58 22 date.
1782 1738 23 21 It
1819 1738 44 23 had
1879 1747 30 15 no

1314 1757 134 23 foundation
1457 1758 24 23 in
1492 1759 46 22 fact
1552 1760 112 28 however,
1676 1763 46 21 and
1737 1769 77 17 recent
1830 1770 77 18 anato-

1313 1784 67 21 mical
1390 1786 103 22 research
1501 1786 40 23 has
1549 1788 96 28 entirely
1653 1790 119 27 disproved
1779 1791 35 22 the
1820 1793 88 22 balder-

1314 1811 55 21 dash
1380 1812 26 21 of
1413 1819 13 14 a
1436 1814 120 28 sweeming
1565 1814 100 29 bladder,
1675 1820 41 18 not
1723 1817 29 27 by
1763 1819 144 28 substituting

1313 1838 96 22 another
1418 1838 85 30 theory,
1516 1843 38 20 but
1564 1842 178 29 demonstrating
1752 1845 39 21 the
1800 1853 107 20 presence

1314 1865 26 20 of
1351 1871 29 15 an
1391 1866 114 23 extensive
1516 1871 83 25 system
1609 1870 27 21 of
1642 1871 121 22 reservoirs
1773 1872 35 22 for
1817 1875 90 21 arterial

1312 1892 74 26 blood,
1398 1894 99 27 grouped
1506 1896 86 21 around
1608 1896 63 22 those
1688 1901 60 23 parts
1766 1899 28 21 of
1805 1899 36 23 the
1856 1908 50 15 ner-

1312 1924 55 16 vous
1386 1923 90 24 system,
1490 1922 120 26 positively
1626 1924 139 28 demanding
1780 1933 29 15 an
1824 1934 82 16 uncea-

1311 1952 50 20 sing
1377 1947 80 27 supply
1474 1948 27 21 of
1515 1945 90 26 arterial
1621 1950 75 22 blood.
1726 1952 129 24 Reservoirs
1872 1955 35 21 for

1311 1979 86 16 venous
1408 1974 66 23 blood
1484 1975 56 22 have
1550 1976 55 28 long
1620 1978 58 21 been
1689 1978 83 22 known
1784 1983 22 18 to
1815 1981 59 21 exist
1882 1982 23 22 in

1311 2000 29 19 all
1351 2000 88 23 amiatic
1446 2002 101 27 animals,
1558 2011 25 14 as
1591 2004 38 21 the
1639 2005 89 26 beaver,
1739 2007 54 26 seal,
1805 2007 39 22 &c.
1855 2009 49 26 &c,

1312 2026 39 20 but
1361 2026 63 21 these
1432 2027 96 23 animals
1537 2036 45 19 you
1592 2037 39 15 are
1641 2038 73 14 aware
1724 2031 44 23 live
1779 2040 29 14 on
1819 2042 13 13 a
1841 2034 62 28 large

1310 2058 61 20 prey,
1383 2052 45 22 and
1438 2061 50 20 pass
1498 2062 13 15 a
1526 2055 50 23 deal
1591 2058 28 20 of
1630 2057 58 22 their
1704 2058 82 24 leisure
1803 2060 53 23 time
1875 2070 28 14 on

1311 2081 59 19 terra
1379 2080 71 22 firma.

1337 2105 11 22 I
1357 2105 58 23 have
1425 2107 91 28 already
1525 2109 97 29 alluded,
1632 2111 23 22 in
1666 2119 63 15 some
1739 2113 26 21 of
1772 2121 38 20 my
1820 2115 84 23 former

1309 2134 208 27 communications,
1537 2139 23 19 to
1580 2137 38 22 the
1634 2140 131 25 generative
1782 2145 84 22 system
1881 2143 24 21 of

1308 2161 39 20 the
1358 2161 78 27 whale,
1448 2162 45 22 and
1508 2162 11 22 I
1530 2171 49 15 now
1589 2172 66 15 recur
1665 2169 23 18 to
1704 2167 18 21 it
1732 2167 82 28 chiefly
1826 2176 28 14 on
1867 2177 36 15 ac-

1308 2190 75 24 count,
1399 2188 48 21 that
1463 2189 18 21 it
1490 2189 19 22 is
1518 2190 23 21 in
1559 2191 47 22 fact
1622 2193 35 20 the
1671 2200 62 14 cause
1742 2195 28 24 of
1777 2196 34 20 the
1825 2200 78 22 parent

1307 2214 44 20 and
1363 2215 38 20 her
1411 2216 100 26 offspring
1521 2217 72 23 which
1610 2226 33 15 we
1654 2227 51 15 now
1715 2221 72 28 plead,
1801 2223 44 21 and
1856 2224 20 21 it
1884 2225 18 20 is

1307 2242 52 20 here
1369 2242 74 23 where
1454 2251 13 14 a
1477 2244 115 28 desperate
1610 2247 64 21 effort
1684 2252 61 18 must
1761 2249 28 21 be
1799 2250 65 22 made
1879 2254 23 19 to

1307 2271 41 23 put
1357 2269 39 22 the
1406 2270 73 22 minds
1489 2271 26 21 of
1528 2272 117 24 otherwise
1662 2275 50 21 well
1728 2275 110 23 educated
1852 2285 50 18 per-

1306 2301 52 16 sons
1373 2296 67 26 right.
1470 2297 13 22 I
1502 2298 57 22 have
1574 2299 70 28 lately
1658 2301 58 22 been
1731 2303 103 22 inforned
1853 2305 49 22 that

1306 2324 83 21 whales
1399 2324 56 21 have
1465 2324 58 22 been
1532 2332 51 16 seen
1594 2328 89 22 around
1693 2329 38 21 the
1740 2333 64 19 coast
1812 2331 26 21 of
1845 2331 55 23 New

1305 2349 101 23 Zealand
1415 2350 22 22 in
1455 2355 87 23 greater
1556 2353 135 24 abundance
1703 2355 53 23 than
1773 2357 54 28 they
1842 2358 57 23 have

1305 2382 52 15 ever
1362 2377 77 23 before
1446 2378 57 22 been
1511 2379 115 24 observed.
1657 2383 50 21 One
1716 2390 79 20 person
1803 2386 96 26 actually

1304 2404 74 21 stated
1396 2404 48 23 that
1458 2407 91 21 tchooles
1569 2407 93 28 (shoals)
1679 2409 26 22 of
1720 2412 41 20 600
1777 2411 63 28 (they
1855 2412 44 23 had

1303 2430 72 22 better
1385 2435 24 18 at
1421 2440 56 15 once
1494 2434 65 22 made
1569 2435 18 21 it
1596 2435 109 28 millions)
1716 2437 46 22 had
1777 2439 55 21 been
1844 2447 54 14 seen

1303 2461 23 17 at
1335 2465 44 14 one
1389 2459 61 22 time.
1479 2460 54 22 This
1543 2469 89 21 person,
1643 2463 21 21 if
1672 2465 139 27 questioned,
1824 2467 74 22 would

1301 2491 24 14 in
1336 2485 30 21 all
1377 2486 136 29 probability
1525 2487 57 23 have
1596 2489 47 22 had
1658 2491 37 21 the
1711 2492 100 22 candour
1827 2496 23 18 to
1859 2494 39 21 ad-

1302 2514 41 19 mit
1353 2512 49 22 that
1410 2512 28 22 he
1448 2513 93 23 himself
1548 2515 45 23 had
1604 2520 41 18 not
1659 2525 53 14 seen
1728 2519 62 21 these
1806 2520 89 27 whales,

1302 2539 40 21 but
1352 2539 48 21 that
1410 2547 13 15 a
1431 2541 75 22 friend
1516 2543 26 21 of
1547 2543 35 21 his
1593 2543 71 23 heard
1674 2545 18 21 it
1702 2552 24 14 so
1736 2546 84 21 stated!
1849 2548 48 22 The

1301 2566 124 30 possibility
1435 2568 27 22 of
1467 2569 110 28 counting
1585 2570 39 22 the
1634 2571 70 27 shoal,
1720 2573 45 21 and
1776 2574 121 23 ascertain-

1300 2599 40 20 ing
1349 2593 38 22 the
1394 2593 45 23 fact
1449 2595 49 22 that
1507 2595 52 29 they
1571 2605 58 15 were
1636 2598 90 28 whales,
1734 2600 74 21 would
1816 2601 57 22 form
1883 2610 13 14 a

1300 2623 87 25 variety
1398 2621 26 21 of
1435 2623 88 26 queries
1533 2626 22 19 to
1566 2624 63 22 these
1639 2629 60 24 pests
1710 2630 22 17 to
1742 2627 85 27 society
1833 2636 6 18 ;
1855 2629 40 22 but

1300 2646 63 22 these
1373 2651 132 20 statements
1515 2658 37 14 are
1562 2651 45 22 like
1619 2652 142 28 themselves,
1777 2655 117 28 positively

1299 2673 98 23 beneath
1413 2676 80 23 notice.
1523 2677 63 23 Even
1605 2680 125 27 supposing
1747 2680 51 23 that
1812 2689 29 14 an
1860 2682 35 23 in-

1300 2701 99 23 dividual
1410 2703 25 21 of
1440 2703 38 22 the
1488 2704 48 22 said
1545 2705 63 22 shoal
1619 2706 45 22 had
1678 2707 84 22 landed
1772 2708 44 21 and
1826 2708 68 27 given

1298 2729 39 20 the
1356 2733 104 19 accurate
1478 2731 147 23 information
1650 2736 22 19 to
1697 2734 38 21 the
1756 2736 51 26 busy
1827 2737 65 26 body.

1298 2754 66 28 what,
1377 2756 12 21 I
1399 2756 80 24 should
1489 2758 44 22 like
1544 2762 22 18 to
1577 2759 73 26 know,
1662 2760 54 22 does
1725 2762 18 21 it
1752 2762 53 23 lead
1813 2767 23 18 to
1843 2764 10 21 ?
1873 2764 24 22 If

1298 2782 28 20 he
1335 2782 42 22 has
1392 2790 14 14 a
1415 2783 64 23 share
1489 2785 23 22 in
1524 2793 13 14 a
1547 2786 99 28 whaling
1656 2788 90 28 station,
1756 2790 25 21 in
1792 2790 100 23 addition

1298 2811 22 18 to
1330 2810 35 21 his
1375 2810 73 29 heavy
1458 2811 53 23 load
1526 2813 25 21 of
1564 2813 61 28 land,
1638 2814 24 27 (a
1677 2814 54 23 load
1746 2824 25 14 so
1786 2817 72 29 heavy
1869 2826 23 14 as

1297 2837 100 27 actually
1406 2840 22 19 to
1445 2839 66 22 make
1527 2839 48 22 him
1592 2841 122 28 complain)
1732 2842 54 23 then
1803 2851 31 15 we
1850 2853 42 14 can

1296 2863 86 28 readily
1392 2865 140 23 understand
1547 2867 51 22 how
1617 2868 29 21 he
1663 2869 79 22 wishes
1758 2874 23 18 to
1796 2872 65 21 make
1874 2873 19 21 it

1296 2896 83 26 appear
1390 2891 48 22 that
1447 2892 38 22 the
1495 2894 96 22 number
1601 2895 26 21 of
1641 2895 83 23 whales
1733 2898 87 22 around
1834 2899 58 23 New

1295 2917 103 23 Zealand
1407 2919 18 21 is
1434 2919 77 22 rather
1524 2928 28 14 on
1563 2921 38 22 the
1617 2922 110 28 increase,
1739 2924 45 22 and
1795 2925 48 22 that
1855 2926 36 22 in-

1295 2943 152 24 discriminate
1471 2947 113 27 slaughter
1608 2949 46 22 will
1677 2950 77 23 rather
1773 2956 37 17 act
1829 2960 24 14 as
1877 2961 13 14 a

1295 2971 135 23 wholesome
1446 2977 83 24 system
1545 2975 27 22 of
1587 2975 114 28 thinning.
1731 2978 10 21 I
1759 2979 73 22 would
1849 2981 41 21 ask

1294 2998 49 21 that
1350 3006 81 19 person
1439 3001 60 22 what
1504 3001 40 22 has
1554 3002 94 23 become
1656 3004 27 21 of
1689 3004 37 22 the
1735 3006 57 21 seals
1803 3007 86 22 around

1293 3025 38 21 the
1342 3027 77 21 coast?
1432 3027 46 22 and
1488 3028 59 23 what
1562 3037 44 14 was
1622 3030 38 22 the
1674 3031 66 22 effect
1755 3032 26 21 of
1791 3032 98 29 glutting

1293 3051 38 22 the
1339 3053 89 22 market
1438 3054 53 23 with
1497 3055 38 22 the
1540 3056 44 22 last
1593 3064 39 15 sea
1637 3058 47 21 lion
1690 3059 9 20 ?
1727 3058 48 22 The
1782 3060 106 28 practical

1293 3078 90 29 whaler,
1393 3088 25 14 as
1426 3082 71 28 usual,
1506 3082 58 22 finds
1575 3087 39 18 not
1622 3084 38 22 the
1667 3085 103 27 slightest
1779 3086 109 29 difficulty

1292 3112 22 14 m
1330 3106 43 22 this
1388 3111 87 25 matter,
1488 3110 45 21 and
1546 3110 69 27 speak
1632 3111 27 22 of
1669 3112 83 22 whales
1770 3114 45 21 and
1830 3114 58 22 their

1292 3133 107 28 offspring
1418 3143 23 14 as
1461 3136 18 21 if
1497 3137 54 27 they
1564 3137 44 22 had
1702 3143 105 24 amongst
1826 3141 61 22 them

1291 3166 61 20 upon
1372 3161 39 22 the
1427 3170 61 15 same
1504 3163 80 28 kindly
1603 3166 46 21 and
1663 3166 99 22 familiar
1779 3171 67 19 terms
1862 3176 24 14 as

1291 3187 54 27 they
1358 3187 29 22 do
1406 3190 53 21 with
1475 3191 37 21 the
1530 3191 124 27 aboriginal
1674 3193 77 23 bipeds
1767 3201 30 14 on
1812 3195 73 22 shore.

1291 3214 63 27 They
1363 3215 59 23 have
1431 3224 14 14 a
1461 3218 78 22 notion
1556 3218 47 22 that
1613 3226 14 15 a
1636 3220 83 21 female
1735 3221 71 22 whale
1822 3221 40 23 lias
1873 3230 13 14 a

1290 3248 77 24 young
1380 3250 44 15 one
1434 3251 67 21 every
1516 3252 61 20 year,
1587 3246 52 26 and,
1654 3247 71 21 above
1736 3248 37 27 all,
1785 3248 48 22 that
1847 3249 38 22 the

1290 3268 82 22 female
1397 3270 24 22 in
1443 3271 39 22 the
1504 3274 75 19 second
1601 3280 56 19 year
1678 3281 144 15 commences
1844 3276 41 22 her

1290 3295 90 23 labours
1399 3304 24 15 as
1440 3305 14 14 a
1463 3299 98 22 mother!
1591 3299 55 23 This
1660 3300 19 22 is
1695 3301 73 28 really
1784 3302 29 22 all
1830 3310 54 20 very

1290 3322 51 28 fine,
1353 3324 53 27 and,
1417 3324 20 22 if
1444 3328 56 25 true,
1519 3326 73 22 would
1610 3327 110 28 certainly
1730 3329 82 21 render
1827 3329 17 22 it
1854 3337 29 15 an

1289 3352 36 18 act
1335 3350 26 21 of
1367 3352 125 25 gratuitous
1502 3352 107 23 kindness
1620 3357 23 18 to
1654 3355 83 21 extend
1747 3355 39 23 the
1799 3364 84 19 powers

1289 3375 26 22 of
1321 3383 14 14 a
1345 3377 116 24 Protector
1476 3383 22 18 to
1512 3379 70 23 them.
1611 3381 23 21 It
1644 3381 18 21 is
1673 3382 111 28 certainly
1794 3387 40 18 not
1845 3384 38 22 the

1288 3409 50 16 case
1349 3404 55 23 with
1413 3405 37 22 the
1461 3406 57 22 New
1534 3407 144 27 Zealanders,
1690 3409 23 21 in
1732 3409 38 22 the
1787 3410 45 22 Pah
1848 3411 33 21 Te

1288 3430 55 28 Aro,
1354 3431 75 24 where
1439 3432 38 23 the
1485 3433 78 22 deaths
1570 3435 87 31 greatly
1665 3436 84 22 exceed
1758 3436 38 22 the
1803 3437 77 28 births,

1288 3460 39 18 out
1336 3458 27 21 of
1373 3458 63 28 eight
1445 3460 101 22 children
1556 3461 57 22 born
1625 3462 77 22 within
1721 3463 37 21 the
1776 3471 60 21 year,
1847 3465 34 21 six

1288 3483 64 23 died!
1391 3486 130 28 According
1538 3491 23 19 to
1579 3496 39 19 my
1636 3496 51 14 own
1707 3489 138 30 dissections,
1868 3492 11 22 I

1287 3511 80 22 should
1384 3520 41 20 say
1434 3513 49 22 that
1498 3514 37 22 the
1552 3515 98 22 number
1665 3516 28 22 of
1703 3524 78 19 young
1798 3526 54 14 ones
1868 3526 13 14 a

1287 3537 69 23 whale
1374 3547 53 24 may
1436 3541 98 27 produce
1549 3542 82 27 during
1649 3542 39 22 the
1704 3544 79 26 period
1801 3545 26 21 of
1841 3545 40 22 her

1286 3566 89 21 natural
1385 3567 119 28 existence,
1515 3569 74 22 would
1598 3572 42 19 not
1649 3569 28 23 be
1686 3577 70 20 many
1763 3579 5 18 ;
1784 3571 96 26 perhaps

1286 3592 79 22 twelve
1375 3601 26 14 or
1410 3594 84 22 fifteen.

1821 3626 22 21 K.

1407 3647 41 27 [To
1460 3649 24 20 be
1493 3650 112 20 continued
1613 3651 23 20 in
1646 3657 40 15 our
1694 3652 72 27 next.']

1402 3710 197 26 ENGLISH
1623 3713 132 24 NEWS.

102 104 14 23 hi
