3380 4419
337 19 3001 27 THE

337 46 1200 319 OXFORD
1737 46 1601 319 OBSERVER

1249 432 221 35 CIRCTj
1486 433 290 36 IuA^TTNGt
1822 435 515 40 THEOUGHOUT

1651 674 222 31 Established
1912 678 89 29 1889.
3142 688 4 7 ,

61 848 146 29 Volumn
237 846 58 31 IX.
338 847 100 30 NEW
464 846 152 31 SERIES.

1171 844 108 31 EAST
1324 844 184 37 OXFORD,
1554 846 244 40 SATURDAY,
1843 850 147 32 MARCH
2032 854 40 30 19
2136 856 89 30 1898.

2935 866 230 32 Price-,ONS
3186 867 150 31 PENNY.;

2478 1001 208 62 JOHN
2744 1006 83 77 JH.
2891 1007 294 68 eOOKE,

2389 1196 116 34 178
2570 1200 229 36 Cashel
2844 1205 227 43 Street,
3139 1206 132 34 ISO.

2617 1275 164 41 )Opposite
2796 1278 50 31 the
2861 1279 39 30 A.
2924 1278 43 41 I.)
3247 1293 5 4 -

2432 1340 785 50 OBaiBTOBtaOB-

2364 1503 103 31 Allow
2489 1517 48 20 me
2559 1512 33 25 to
2615 1509 115 31 submit
2751 1514 33 26 to
2798 1523 80 28 your
2893 1515 224 31 consideration
3134 1517 54 30 the
3203 1517 162 40 following

2282 1552 201 42 Specialities,
2508 1559 42 29 all
2572 1561 32 28 of
2625 1561 103 31 which
2748 1563 95 40 being
2866 1575 52 29 roy
2932 1576 69 20 own
3017 1569 243 39 compounding,
3276 1570 17 29 I
3308 1580 57 19 can

2281 1606 192 42 confidently
2494 1613 204 36 recommend,
2719 1613 119 41 having
2851 1618 210 40 successfully
3093 1620 75 29 used
3199 1620 85 30 them
3316 1620 46 30 for

2281 1666 83 22 some
2386 1669 90 21 years
2486 1673 9 18 ;
2497 1679 42 4 —

2415 1715 14 20 I
2443 1723 36 14 am
2493 1719 146 28 exceedingly
2653 1722 124 21 successful
2790 1723 25 21 m
2830 1730 39 20 my
2878 1725 109 21 remedies
2998 1726 35 20 for
3049 1726 65 22 these
3125 1728 140 26 complaints,
3279 1729 59 21 have
3351 1735 14 15 a

2390 1754 65 26 large
2463 1756 98 21 number
2574 1757 23 21 of
2610 1758 159 23 testimonials.

2284 1797 86 28 NEW
2388 1798 154 29 REMEDY
2559 1802 72 28 FOR
2650 1803 104 29 LIVER
2765 1806 239 30 COMPLAINTS
3014 1810 58 27 W*
3085 1811 280 29 INDIGESTION;?-:

2418 1837 56 21 This
2483 1839 41 21 has
2535 1840 58 22 been
2602 1842 51 22 well
2662 1843 76 22 tested
2747 1844 46 21 and
2801 1848 87 24 proved
2897 1847 82 27 highly
2989 1850 152 27 satisfactory.

2281 1880 168 29 GOLDEN
2472 1884 125 28 CROSS
2619 1888 239 29 NEURALGIA
2875 1892 185 28 MIXTURE
3074 1902 26 17 :-

2391 1926 37 27 By
2436 1928 76 21 which
2524 1930 40 21 the
2573 1931 55 26 pain
2637 1931 21 21 is
2668 1933 75 26 cured,
2754 1940 51 16 ease
2815 1929 113 32 obtained,
2943 1938 32 26 by
2984 1945 14 14 a
3006 1938 44 21 few
3060 1938 71 21 doses:
3174 1949 3 4 •
3357 1954 3 8 ,

2281 1975 171 28 Bronchitis
2464 1978 60 25 and
2535 1978 129 26 Asthma
2674 1988 40 16 :—

2391 2020 113 23 Relieved
2519 2023 47 20 and
2578 2023 102 27 rapidly.
2684 2025 71 20 cured
2767 2025 32 26 by
2812 2031 39 20 my
2865 2025 87 21 Acacia
2966 2032 110 15 mixture.

2281 2060 222 28 CHILDREN'S
2519 2062 203 30 WHOOPING
2738 2067 165 27 COUGH-

2392 2098 45 20 For
2445 2098 72 22 which
2535 2100 13 20 I
2557 2100 58 22 have
2629 2102 40 21 the
2683 2104 52 21 best
2747 2105 99 21 mixture
2859 2107 25 19 m
2898 2106 169 25 Christchurch,
3082 2108 62 26 gives
3155 2109 85 26 speedy
3253 2109 73 21 relief.

2283 2144 199 29 DIARRHOEA
2497 2147 74 26 AND
2599 2149 227 29 DYSENTERY
2879 2154 28 26 In
2927 2155 118 26 Infants
3061 2156 58 26 and
3135 2151 147 33 Adults-

2283 2205 21 7 ,.
2321 2205 2 2 .
2338 2200 11 10 r
2415 2184 12 20 I
2441 2191 42 15 can
2491 2186 62 26 ,give,
2563 2192 15 14 a
2592 2187 48 21 safe
2653 2188 47 20 and
2713 2190 85 26 speedy
2811 2198 53 15 cure
2878 2193 32 25 by
2924 2200 15 13 a,
2952 2194 44 20 few
3011 2193 71 20 doses.

2281 2228 76 26 Sore
2375 2231 101 26 Heads
2492 2235 25 23 &
2536 2236 107 31 Legs—

2389 2268 75 22 Cured
2472 2271 32 26 by
2513 2278 31 14 an
2552 2274 120 25 agreeable
2681 2275 47 21 and
2736 2276 105 26 pleasant
2855 2279 146 27 application,
3016 2283 48 21 also
3074 2284 97 21 relieves
3180 2287 63 25 pain,

2283 2321 189 27 Influenza-

2387 2361 73 21 Cared
2469 2362 36 22 for
2514 2364 31 20 2s.
2560 2365 36 20 6d.
2606 2365 123 24 Hundreds
2744 2374 42 15 can
2799 2369 82 27 testify
2895 2371 25 20 to
2942 2372 42 22 the
2994 2374 59 25 good
3064 2376 90 26 quality
3164 2377 25 20 of
3197 2377 49 21 this
3255 2379 105 22 mixture.

2281 2413 189 32 Superlative
2494 2418 130 27 Mixture
2634 2420 48 26 for
2698 2422 59 26 Bad
2770 2415 164 40 Coughs*—

2390 2452 84 29 Brings
2489 2462 64 21 away
2566 2457 101 28 phlegm,
2682 2459 73 27 allays
2768 2460 134 27 irritations,
2917 2464 46 20 and
2980 2465 94 27 quickly
3088 2473 72 15 cures.

2283 2493 116 27 Eureka
2408 2506 28 4 —

2390 2532 21 21 A
2425 2540 52 15 sure
2491 2542 54 15 cure
2559 2537 36 21 for
2608 2539 32 20 all
2653 2539 68 22 kinds
2735 2540 24 21 of
2772 2540 52 22 skin
2837 2541 125 23 irritation.

2282 2575 181 24 CHILDREN'S
2477 2580 149 21 TASTLESS
2641 2581 157 21 TEETHING
2811 2582 145 23 POWDEItS
2961 2598 28 3 —

2390 2631 49 21 The
2456 2631 53 21 best
2523 2632 25 21 m
2561 2633 150 27 Canterbury,
2725 2641 15 14 a
2752 2635 56 20 trial
2820 2636 49 21 will
2886 2643 71 20 prove
2970 2639 27 20 it.
3016 2639 84 27 highly
3114 2643 170 21 recommended
3297 2643 32 26 by

2430 2669 97 22 medical
2540 2677 60 15 men.

2408 2740 612 41 CONSULTATIONS
3041 2748 204 36 FREE.

2297 2812 289 28 PRESCRIPTIONS
2600 2815 214 27 CAREFULLY
2829 2819 76 25 AND
2925 2820 211 27 CORRECTLY
3144 2823 215 26 DISPENSED.

2577 2982 124 45 Just
2732 2983 321 47 Purchased

2283 3075 30 31 a
2335 3074 266 35 wholesale
2625 3079 389 35 warehousemans
3037 3085 162 31 entice
3225 3087 138 34 stock

2780 3146 39 21 OF

2286 3191 311 87 Black
2639 3196 81 83 &
2763 3196 296 117 Navy
3104 3203 255 87 Blue

2501 3339 175 31 DOUBLE
2705 3341 149 33 WIDTH
2876 3344 81 31 ALL
2980 3346 122 33 WOOL

2284 3406 455 96 DRESS
2808 3416 551 94 SEJiGES

2311 3575 240 49 Reduced
2571 3576 131 45 from
2734 3575 65 46 2s.
2831 3579 53 42 to
2914 3575 51 46 Is
2998 3576 71 45 6d.
3087 3590 93 43 per
3195 3580 133 55 yard.

2696 3668 244 41 ALSO

2456 3739 88 45 750
2569 3737 204 45 YARDS
2798 3737 74 44 OF
2897 3737 285 45 GENUINE
3227 3762 2 3 ■
3285 3739 29 31 ■■■'
3336 3720 3 5 '

2307 3820 252 102 ROUGH
2637 3817 267 102 BROWN
2991 3820 340 104 HOLLAND

2603 3982 101 55 6cL
2740 3998 113 54 per
2877 3984 161 68 yard

2281 4078 62 32 this
2356 4078 26 31 is
2396 4078 53 30 the
2463 4078 84 40 good
2561 4078 49 29 old
2626 4077 91 31 make
2731 4077 35 31 of
2776 4078 105 30 brown
2898 4078 136 38 holland,
3058 4077 15 30 I
3088 4078 78 30 have
3180 4077 175 40 purchased

2383 4130 44 30 all
2439 4130 36 32 of
2485 4130 62 30 this
2561 4129 169 40 particular
2744 4129 62 29 line
2820 4134 33 24 at
2867 4132 123 37 present
3005 4129 33 29 m
3053 4129 52 29 the
3120 4129 131 31 market.

2241 4234 2 1 ■
2317 4202 63 46 .r
2378 4210 12 7 *
2402 4204 51 44 ■::'-■
2602 4228 2 3 '
2664 4202 3 2 '
2733 4244 2 2 .
2820 4195 117 58 ')■-"■
2958 4238 31 11 ..-,
3011 4236 18 11 .■
3064 4219 2 2 •
3150 4238 1 1 ■
3278 4232 1 3 ■

2300 4260 73 32 R.
2409 4259 78 32 M.
2524 4256 312 41 PARISH,
2866 4254 4 35 I
2902 4256 154 32 East
3078 4255 257 37 Oxford.

1710 992 176 47 JOHN
1919 996 269 50 INGRAM.

1681 1294 161 39 LICENSED
1874 1295 84 38 LAND
1982 1295 137 38 BROKER,
2144 1296 72 37 VAL-

1681 1347 120 43 UATOR,
1836 1347 17 36 E
1863 1346 110 44 STATE,
2017 1347 198 45 INSURANCE,

1680 1398 23 38 &
1720 1397 148 39 GENERAL
1881 1397 334 39 COMMISBIONAGENT.

1711 1451 78 30 Agent
1800 1452 41 27 for
1852 1451 37 23 the
1910 1451 122 24 National
2053 1451 132 24 Insurance

1891 1494 120 31 Company

1829 1529 31 29 of
1865 1528 61 24 New
1949 1528 118 23 Zealand.
2120 1530 2 1 '
2138 1528 30 30 .'£•

1702 1560 174 31 OXFORD
1893 1561 26 30 &
1945 1552 251 39 SHEFFIEIS).

1935 1639 50 18 «»-
2074 1645 5 4 ■

1677 1737 153 29 Fortnightly
1851 1738 106 23 Auction
1979 1737 72 25 Sales
2066 1737 64 25 held'
2144 1737 26 24 m
2183 1737 37 24 the

1678 1770 98 24 Market
1799 1771 89 28 Yards,
1915 1770 102 32 Oxford,
2044 1778 69 22 every
2135 1772 85 22 second

1680 1803 135 31 Thursday.
1849 1804 112 28 Monthly
1982 1804 71 24 Sales
2064 1804 57 24 held
2135 1808 26 19 at
2180 1804 38 24 the

1677 1837 101 24 Market
1808 1838 89 27 Yards,
1928 1838 123 31 Sheffield.
2121 1838 99 24 Privvte

1678 1871 105 23 Auction
1796 1870 72 25 Sales
1878 1871 150 24 undertaken
2051 1872 25 23 m
2100 1878 47 23 any
2159 1874 63 29 part

1679 1905 30 26 of
1716 1904 36 23 the
1763 1908 106 27 country.
1904 1905 121 31 Property
2033 1904 93 31 Bought
2150 1905 62 25 Sold

1679 1945 28 14 or
1717 1937 52 28 Let,
1789 1938 50 23 and
1851 1938 143 24 Valuations
2011 1938 119 30 carefully
2142 1940 76 21 made.

1679 1970 71 24 Land
1761 1971 94 32 Bought
1865 1972 77 23 under
1958 1971 40 24 the
2022 1972 118 30 Transfer
2163 1972 56 27 Act,

1681 2004 136 30 Transfers,
1830 2005 96 27 Leases,
1940 2006 48 22 and
2013 2005 71 24 deeds
2101 2006 30 28 of
2144 2006 75 23 Mort-

1677 2045 73 24 gages
1762 2038 84 23 drawn
1864 2046 40 23 up.
1938 2039 89 29 Money
2046 2038 105 24 invested
2170 2039 50 22 and

1680 2070 109 23 obtained
1801 2077 41 24 for
1861 2072 89 23 Clients
1961 2079 30 15 on
2013 2071 134 30 Mortgage.
2177 2072 41 23 In-

1707 2112 100 15 surance
1816 2104 93 30 effected
1921 2112 30 15 on
1963 2104 132 30 Buildings
2107 2105 31 29 of
2144 2112 47 22 any

1749 2137 144 31 description
1905 2138 48 22 and
1969 2137 62 23 their
2037 2140 115 21 contents.

1709 2540 48 21 The
1766 2540 116 28 following
1891 2540 72 22 farms
1972 2547 38 16 are
2029 2541 36 21 for
2074 2542 47 21 sale
2130 2542 31 27 by
2170 2542 52 28 pri-

1681 2580 54 20 vate
1744 2580 84 26 treaty.

1709 2640 45 19 3Tor
1773 2639 47 21 sale
1839 2640 31 26 by
1883 2640 86 26 privite
1986 2641 83 26 treaty,
2089 2647 15 13 a
2121 2643 102 24 compact

1682 2678 68 20 Farm
1761 2677 24 20 of
1794 2678 41 21 200
1845 2684 62 15 acres
1917 2678 23 21 of
1958 2678 60 26 good
2036 2678 56 21 land
2110 2680 26 20 at
2157 2679 64 21 View

1682 2715 57 21 Hill.

1710 2814 41 20 3GO
1769 2820 63 14 acres
1851 2814 57 20 with
1921 2814 59 26 good
1997 2814 118 27 buildings
2125 2814 46 21 and
2189 2814 33 21 all

1682 2852 82 21 fenced
1783 2852 46 20 and
1848 2852 140 21 subdivided.
2028 2852 40 21 17S
2086 2859 63 14 acres
2162 2853 60 25 good

1681 2888 150 26 agricultural
1844 2888 71 20 Land.

1708 2996 41 22 796
1759 3003 62 14 acres
1831 2997 59 27 good
1903 2998 96 26 grazing
2008 2997 57 21 land
2083 2998 82 21 fenced
2174 2998 46 21 and

1682 3034 142 21 subdivided.

1703 3729 171 47 JOHN
1924 3729 255 47 INGRAM

1778 3828 307 35 OXFORD-

1679 4084 158 31 WATCH
1930 4101 20 17 o,
2028 4084 27 30 &
2082 4082 138 33 CLOCK

1681 4166 150 50 Hands
1846 4138 158 103 |^p
2036 4165 181 49 61a$$o$.

1777 4249 335 38 PITTED

1931 4308 26 21 at

1717 4352 165 44 iPamsh's,
1916 4351 92 35 East
2031 4346 144 49 Oxford,
2225 4338 2 48 \

1140 982 244 20 EXTRAORDINAY
1408 982 220 23 OPPORTUNITY.

1112 1016 83 21 FROM
1206 1016 61 20 THE
1424 1017 110 20 DIRECT
1544 1017 37 21 TO
1593 1018 62 21 THE

1303 1053 165 22 CUSTOMER.

1115 1091 67 21 aOR
1192 1091 111 25 Company
1327 1091 19 19 is
1360 1091 76 25 selling
1456 1092 66 20 direct;
1568 1094 22 19 to
1619 1094 37 20 the

1114 1112 22 31 \J
1157 1119 114 23 customer,
1286 1118 52 20 thus
1350 1119 115 25 proeuriug
1475 1121 35 18 for
1521 1119 36 20 the
1566 1120 66 20 latter
1643 1127 13 13 a

1115 1145 77 23 double
1211 1150 111 20 eoonomy,
1341 1145 93 26 namely,
1455 1146 36 20 the
1506 1147 65 25 profit
1582 1148 22 19 of
1619 1147 37 21 the

1114 1173 114 21 wholesale
1239 1172 75 25 dealer,
1333 1172 43 21 and
1387 1172 36 21 the
1440 1180 59 14 more
1509 1174 147 21 considerable

1114 1200 73 23 one*o£
1196 1200 38 20 the
1243 1199 63 19 retail
1317 1199 76 24 dealer,
1404 1211 2 4 •
1418 1201 129 24 amounting
1558 1202 22 18 to
1599 1201 56 21 from

1114 1229 30 20 ss.
1173 1233 12 14 o
1193 1228 46 20 ,£lO
1249 1232 57 18 upon
1316 1232 13 14 a
1339 1227 70 25 single
1416 1227 76 21 watch.
1508 1227 72 21 Retail
1587 1228 69 20 watch

1114 1249 83 27 dea'ers
1208 1253 43 21 and
1269 1252 111 26 jewellers,
1391 1254 86 24 usually
1491 1253 79 28 selling
1590 1254 39 21 but
1644 1262 12 13 a

1114 1283 38 19 few
1166 1280 92 20 watches
1268 1279 65 25 daily,
1348 1286 37 14 are
1404 1281 71 19 forced
1493 1283 24 18 to
1541 1281 63 21 make
1628 1288 27 14 an

1114 1308 165 25 extraordinary
1293 1307 64 26 profit
1368 1313 57 19 upon
1445 1308 52 20 each
1512 1314 40 15 one
1566 1310 48 20 sold
1632 1309 24 20 m

1114 1335 64 21 order
1188 1337 23 17 to
1221 1335 75 26 defray
1307 1340 109 19 expences.

1141 1361 42 20 We
1202 1362 159 20 manufacture
1369 1366 25 15 as
1404 1366 44 14 our
1462 1363 121 26 speciality
1601 1363 55 26 only

1115 1388 96 26 sterling
1225 1388 69 21 silver
1303 1394 25 14 or
1347 1388 54 26 gold
1409 1388 156 23 stemwinders
1594 1390 62 27 (key-

1114 1417 33 19 lss
1161 1415 99 21 watches.

1143 1441 47 21 The
1199 1442 85 27 keyless
1301 1441 136 22 mechanism
1446 1442 23 20 of
1482 1443 95 21 watches
1585 1444 19 20 is
1613 1450 43 15 one

1115 1470 22 21 of
1151 1468 37 21 the
1198 1471 57 19 most
1265 1470 108 25 importar
1379 1471 8 19 t
1397 1469 43 20 and
1451 1470 71 20 useful
1531 1468 125 23 inventions

1115 1498 22 19 of
1154 1497 90 20 modern
1263 1497 75 21 tinies,
1366 1497 87 19 instead
1467 1497 23 19 of
1503 1497 113 28 fumbling
1632 1498 23 19 m

1115 1524 61 20 one's
1185 1523 92 27 pockets
1286 1518 29 26 'to
1324 1523 47 21 find
1387 1523 40 21 the
1444 1524 48 26 key,
1509 1524 70 21 which
1593 1525 63 22 when

1116 1550 68 22 found
1199 1552 18 19 is
1232 1549 59 22 most
1303 1551 84 26 always
1395 1550 61 21 filled
1467 1551 54 20 with
1531 1552 75 21 dust—
1610 1552 46 21 this

1116 1579 22 20 of
1147 1585 78 16 course
1234 1578 67 26 being
1317 1578 129 21 transferred
1460 1579 25 20 to
1500 1578 40 21 the
1554 1580 73 20 watch
1629 1591 27 3 —

1116 1612 42 15 one
1168 1607 41 20 has
1219 1606 42 20 }<ut
1269 1606 25 19 to
1304 1605 55 20 turn
1368 1611 11 14 a
1391 1605 96 21 knurled
1498 1606 81 21 button
1588 1606 68 21 fitted

1115 1634 25 20 to
1149 1634 41 21 the
1203 1632 103 28 pendant
1322 1632 32 26 (or
1364 1632 67 27 ring),
1442 1632 54 21 thus
1505 1633 151 27 windingVbhe

1117 1661 71 20 watch
1208 1660 45 21 and
1282 1659 131 27 regulating
1430 1660 42 20 the
1488 1660 73 21 hands
1573 1661 32 26 by
1609 1658 47 23 'the

1117 1694 61 15 same
1188 1692 84 17 means.

1143 1716 48 21 Our
1199 1715 98 21 watches
1316 1722 38 15 are
1364 1716 143 26 everywhere
1524 1716 133 26 recognised

1116 1744 24 20 to
1150 1743 28 21 be
1197 1742 40 21 the
1251 1742 51 21 best
1317 1743 26 20 m
1361 1742 41 21 the
1412 1744 96 22 market,
1522 1744 134 26 surpassing

1117 1770 32 21 all
1159 1770 76 21 others
1244 1770 32 26 by
1295 1770 40 21 the
1345 1771 113 26 precision
1468 1771 24 20 of
1510 1770 62 21 their
1581 1777 75 14 move-

1117 1799 74 19 ments
1210 1804 25 14 as
1253 1798 52 20 well
1315 1804 25 14 as
1358 1798 31 27 by
1407 1798 62 21 their
1482 1803 110 21 accuracy
1610 1798 46 20 and

1117 1825 131 27 cheapness.

1145 1853 46 20 Our
1200 1853 95 25 factory,
1307 1852 61 21 since
1378 1852 30 21 its
1414 1851 136 22 foundation
1559 1852 26 21 m
1595 1853 61 24 1852,

1117 1881 42 19 has
1169 1879 96 28 aquired
1274 1886 14 14 a
1298 1880 141 20 world-wide
1449 1879 142 27 replication,
1606 1879 48 21 and

1117 1908 108 20 obtained
1234 1908 40 20 the
1284 1907 93 26 highest
1387 1907 88 21 awards
1493 1907 59 20 from
1566 1908 32 20 all
1616 1907 40 21 the

1117 1936 127 25 important
1257 1935 152 21 Exhibitions.
1439 1935 35 20 No
1487 1935 75 19 watch
1580 1935 76 21 leaves

1117 1968 42 16 our
1171 1963 89 26 factory
1273 1962 96 21 without
1385 1962 87 27 haring
1479 1962 58 21 been
1547 1962 110 26 carefully

1117 1990 120 21 examined
1250 1989 46 21 and
1312 1990 100 24 verified,
1426 1990 55 20 thus
1499 1989 70 28 being
1587 1990 70 26 ready

1117 2018 37 20 for
1162 2017 132 21 immediate
1305 2024 45 13 use.
1379 2018 64 20 Each
1453 2024 41 14 one
1503 2017 21 19 is
1538 2018 44 25 put
1590 2025 32 19 up
1632 2018 26 19 m

1119 2052 29 13 an
1157 2045 92 26 elegant
1259 2045 121 20 silk-lined
1389 2052 57 17 ease,
1463 2044 45 21 and
1522 2052 137 19 accompan-;

1118 2072 37 21 ied
1164 2072 30 26 by
1205 2079 14 13 a
1227 2074 115 24 warranty
1350 2072 36 20 for
1395 2072 65 20 three
1470 2079 71 19 years.
1655 2073 3 4 '

1145 2099 48 20 The
1198 2099 73 26 buyer
1279 2105 52 20 may
1338 2100 77 19 return
1425 2106 45 19 any
1477 2100 23 19 of
1510 2106 40 13 <mr
1561 2099 96 21 watches

1119 2126 80 21 within
1208 2127 36 20 six
1262 2126 90 21 months
1367 2126 81 21 should
1467 2126 41 21 the
1526 2127 73 20 latter
1616 2128 42 19 not

1119 2154 71 21 afford
1199 2154 49 19 him
1256 2154 41 20 the
1307 2154 60 20 most
1376 2154 110 26 complete
1493 2154 150 21 satisfaction.

1145 2181 40 20 All
1194 2180 92 21 articles
1296 2180 51 21 sold
1366 2187 38 14 are
1414 2181 113 20 delivered
1542 2182 52 24 post
1602 2181 56 24 free,

1119 2208 45 20 and
1173 2208 103 20 Customs
1290 2208 58 26 duty
1357 2207 56 27 paid
1427 2209 25 19 to
1461 2214 47 20 any
1522 2209 54 25 part
1585 2208 24 20 of
1618 2208 40 21 the

1119 2235 75 24 world,
1210 2235 54 20 thus
1276 2235 95 21 without
1390 2235 40 20 the
1441 2236 109 26 slightest
1568 2235 90 21 trouble

1119 2269 26 15 or
1153 2262 117 26 formality
1279 2264 24 19 to
1312 2262 42 21 the
1362 2263 107 20 receiver.

1147 2290 38 19 All
1199 2290 86 26 repairs
1305 2290 84 26 during
1407 2290 40 20 the
1467 2290 66 19 three
1551 2296 66 19 yeai's
1636 2289 24 20 of

1119 2318 125 26 guarantee
1264 2323 38 14 are
1322 2317 110 21 executed
1447 2317 180 27 gratuitously,
1642 2317 17 19 if

1120 2345 39 20 the
1178 2345 75 20 watch
1275 2345 28 20 be
1321 2345 124 20 forwarded
1463 2346 25 19 to
1507 2351 42 13 our
1566 2344 93 21 London

1121 2372 66 21 office.

1120 2400 48 20 The
1191 2399 117 26 following
1327 2405 38 14 are
1389 2399 54 20 cash
1466 2399 74 25 prices
1559 2399 101 20 without

1121 2426 110 21 discount.

1594 2454 19 19 £
1641 2459 17 14 s.

1147 2481 27 19 A.
1185 2479 162 25 Stem-windei*,
1355 2480 176 26 sterlingsilver,
1540 2479 49 20 hall

1201 2506 100 24 marked,
1315 2506 103 27 jewelled
1427 2507 25 19 m
1460 2507 14 20 6
1483 2507 95 23 actions,

1201 2533 85 27 crystal
1293 2534 62 26 glass
1364 2541 15 13 a
1388 2534 80 27 strong
1474 2534 46 21 and
1524 2533 54 21 dur-

1202 2561 50 23 able
1266 2562 75 21 watch
1633 2564 27 19 12

1121 2589 53 21 A.A.
1185 2589 49 21 The
1254 2595 60 15 same
1333 2589 57 21 with
1418 2589 83 21 double
1522 2589 70 21 silver

1205 2623 49 15 case
1268 2616 121 29 (Hunter),
1409 2617 116 26 elegantly
1541 2623 38 14 en-

1189 2644 87 27 graved
1385 2653 14 12 .-.
1540 2659 23 5 ...
1573 2647 3 3 '
1645 2646 13 19 8

1159 2671 88 21 B.Gold
1257 2672 66 20 stem-
1324 2671 92 25 winder,
1427 2672 48 20 hall
1489 2671 100 24 marked,

1204 2700 78 25 strong
1292 2699 89 26 keyless
1388 2700 82 24 action,
1479 2699 104 27 jewelled

1201 2727 38 19 ml
1244 2728 12 18 3
1261 2727 93 24 actions,
1364 2727 54 20 with
1427 2727 54 26 gold
1490 2734 25 13 or
1523 2726 56 20 steel

1202 2753 80 24 hands,
1296 2754 66 20 small
1377 2754 82 22 second
1477 2754 53 23 dial,
1540 2760 38 14 en-

1204 2781 85 26 graved
1302 2782 25 19 m
1345 2782 115 20 beautiful
1479 2781 98 26 designs,

1202 2808 82 26 engine
1293 2808 83 21 turned
1385 2815 26 13 or
1419 2809 63 26 plain
1491 2808 89 27 polish-

1202 2836 35 24 ed,
1260 2835 56 21 with
1334 2842 138 20 monogram,
1495 2835 83 24 initial,

1202 2868 58 13 arms
1271 2862 29 19 &c
1592 2863 12 18 2
1646 2862 14 19 0

1121 2887 53 20 8.8.
1194 2887 45 21 The
1258 2894 60 15 same
1347 2895 23 14 as
1387 2888 25 25 B,
1434 2890 52 19 with
1503 2891 75 23 strong

1201 2914 78 21 doable
1288 2916 48 25 gold
1352 2923 55 17 case,
1427 2923 28 14 an
1472 2916 104 21 excellent

1202 2943 42 19 and
1256 2948 49 19 very
1314 2944 83 24 elegant
1409 2943 134 26 timekeeper.
1555 2960 22 5 ...
1590 2944 12 19 3
1633 2944 27 20 10

1147 2968 24 20 0.
1181 2968 69 22 Pvoxal
1257 2968 156 30 chtonoeraph,
1428 2972 25 19 18
1462 2972 116 25 caratgold

1201 3000 57 17 most
1284 2998 99 26 superior
1403 2999 80 24 keyless
1507 3004 68 14 move-

1201 3028 67 20 ment,
1293 3026 22 18 of
1339 3025 37 20 the
1399 3028 58 17 most
1476 3029 100 17 accurate

1201 3051 168 26 workmanship,
1389 3053 43 19 and
1451 3059 40 13 one
1501 3054 22 18 of
1542 3053 36 20 the

1202 3077 46 22 best
1260 3079 165 25 wear-resisting
1436 3079 91 20 watches
1539 3095 23 5 ...
1590 3081 15 19 4

1121 3103 48 22 C.C.
1180 3104 45 21 The
1239 3113 59 13 same
1308 3107 70 20 watch
1389 3106 52 21 with
1451 3107 76 20 double
1535 3107 43 20 and

1203 3134 59 20 extra
1272 3134 76 24 fctrong
1358 3140 54 18 case,
1423 3135 96 20 18-carat
1527 3134 49 25 gold

1202 3160 133 26 artistically
1350 3161 110 25 engraved,
1486 3161 92 24 engine-

1201 3188 77 19 turned
1289 3193 25 14 or
1333 3188 57 25 plain
1406 3188 103 25 polished;
1524 3189 52 19 with

1202 3220 146 18 monograms,
1362 3215 89 23 initials,
1462 3215 36 21 &o.
1538 3231 23 5 ...
1591 3217 12 20 6
1632 3217 26 19 10

1147 3242 26 20 D.
1195 3241 105 27 Impaiial
1310 3241 100 21 calendar
1419 3242 156 24 chronometer,

1202 3269 97 19 18-carat
1322 3269 56 23 gold,
1401 3269 120 25 indicating
1541 3270 36 19 the

1201 3295 48 25 day,
1260 3295 36 19 the
1306 3295 65 23 week,
1383 3294 36 21 the
1429 3295 83 25 month,
1530 3296 45 19 and

1201 3321 48 20 dare
1268 3322 22 19 of
1300 3322 84 23 niontb,
1394 3321 97 26 jewelled
1506 3323 23 18 m
1540 3323 35 19 18-

1202 3348 91 24 --actions,
1313 3348 49 20 with
1373 3348 31 21 all
1415 3348 36 21 the
1460 3348 65 21 latest
1535 3349 41 20 im-

1188 3393 4 3 .
1202 3376 145 26 proveinents
1370 3375 46 21 and
1439 3375 136 24 inveniions,

1202 3409 42 14 one
1255 3403 23 19 of
1287 3403 40 20 the
1336 3403 52 20 best
1397 3403 45 20 and
1448 3405 57 19 most
1514 3410 63 21 mag-

1201 3430 94 20 nificent
1299 3431 98 20 watches
1404 3431 173 21 manufactured

1202 3457 55 21 such
1268 3463 24 14 as
1308 3464 38 13 are
1355 3463 70 15 never
1435 3457 54 23 sold,
1502 3457 31 26 by
1543 3464 33 15 re-

1201 3485 44 20 tail
1255 3484 87 21 dealers
1350 3485 36 20 for
1395 3484 44 21 less
1448 3484 58 21 than
1515 3485 47 21 £25
1591 3487 27 20 10
1645 3487 14 19 0

1147 3512 39 20 All
1195 3518 40 14 our
1244 3512 98 20 watches
1352 3518 38 14 are
1398 3513 173 20 manulactured
1579 3513 25 21 m
1613 3515 45 19 two

1121 3539 105 21 different
1235 3539 63 24 size.«,
1312 3539 63 27 large
1385 3539 45 20 and
1439 3539 68 21 small
1518 3539 45 26 (for
1572 3541 87 26 gentle-

1120 3573 52 14 men
1191 3567 47 20 and
1260 3566 90 25 ladies,)
1373 3567 98 21 without
1494 3567 122 22 difference
1635 3569 24 20 of

1119 3595 68 26 price.
1453 3606 78 7 -!...

1148 3621 45 21 Old
1201 3621 105 24 watches,
1321 3621 37 20 old
1368 3621 54 27 gold
1430 3621 46 21 and
1494 3621 70 21 silver
1573 3623 47 20 will
1629 3623 29 21 be

1119 3649 70 20 taken
1197 3649 26 19 m
1231 3649 109 26 payment
1349 3649 26 20 at
1383 3648 41 20 the
1432 3649 95 26 highest
1539 3650 75 21 value:
1639 3651 19 20 if

1121 3676 127 21 forwarded
1256 3675 31 26 by
1296 3676 76 25 parcel
1380 3676 54 26 post
1443 3676 24 20 to
1478 3682 41 14 our
1528 3676 102 23 address.

1148 3704 155 20 Remittances
1323 3709 53 19 may
1398 3703 29 20 be
1449 3704 66 20 made
1534 3704 75 21 either
1627 3705 31 25 by

1121 3730 79 21 Postal
1209 3730 78 23 Order,
1298 3729 98 27 Cheque,
1406 3729 66 21 Bank
1481 3730 66 21 notes
1553 3730 105 28 (postage

1121 3759 85 25 stamps
1216 3758 36 19 for
1262 3756 67 20 small
1335 3757 120 26 amounts,)
1472 3758 24 19 of
1505 3763 46 21 any
1554 3761 103 24 country,

1121 3786 24 19 m
1154 3783 125 27 registered
1288 3783 67 20 letter.

1148 3810 23 21 It
1180 3812 21 19 is
1211 3817 40 14 our
1259 3810 47 20 aim
1315 3810 25 20 to
1350 3810 46 26 give
1406 3810 40 21 the
1463 3811 87 20 utmost
1558 3812 101 25 possible,

1121 3837 140 33 satisfaction
1270 3838 26 20 to
1306 3843 40 14 our
1462 3833 107 33 kno;vsng
1576 3840 48 21 this
1633 3840 25 21 to

1121 3867 27 20 be
1158 3866 40 20 the
1210 3866 49 20 nest
1268 3864 171 21 a-iveitisement
1447 3866 36 19 for
1496 3872 42 14 our
1547 3867 111 25 products,

1121 3893 47 20 and
1176 3893 32 20 all
1216 3892 49 19 who
1275 3892 59 19 have
1346 3898 55 13 once
1415 3893 96 20 entered
1528 3893 48 20 into
1592 3894 66 20 busi-

1121 3926 52 14 ness
1182 3917 175 22 relationswith
1377 3925 26 13 us
1420 3919 76 26 gladly
1515 3920 143 21 recommend

1122 3953 26 15 us
1158 3948 24 20 to
1192 3946 59 21 their
1260 3945 87 21 friends
1357 3946 46 21 and
1412 3946 180 28 acquaintances.
1629 3944 3 6 '
1660 3953 6 28 |

1176 4015 100 21 Address
1286 4014 35 21 for
1330 4014 82 22 letters
1419 4016 46 20 and
1474 4015 74 22 orders
1555 4033 6 5 .

1136 4084 98 21 MORSE
1244 4083 259 21 MANUFACTURING
1513 4085 138 23 COMPANY

1286 4110 19 26 7,
1318 4111 29 21 ed
1355 4105 143 31 LionJSourt,

1367 4138 154 24 LoifabnE.C;
1542 4136 3 24 '.

1122 4192 2 2 •
1197 4187 66 13 ■■.;■■
1303 4186 4 2 ■
1317 4186 2 2 ■
1481 4190 3 5 ■
1530 4187 13 10 •.•
1568 4184 4 9 >
1629 4183 17 10 ■'■
1657 4195 1 2 .

1328 4234 26 20 at
1362 4239 67 20 once,*
1438 4234 25 21 m
1473 4240 69 21 every
1559 4235 99 27 locality,

1122 4266 29 16 an
1161 4261 123 24 intelligent
1301 4266 79 21 pen-on
1396 4263 23 19 to
1428 4263 37 19 act
1482 4268 27 15 as
1524 4268 42 16 otr
1584 4265 73 23 Agent.

1122 4287 36 22 No
1168 4288 88 26 special'
1260 4287 127 26 knowledge
1395 4289 107 26 requiiei,
1511 4289 43 21 aid
1564 4290 94 21 without

1122 4314 126 27 interfering
1270 4314 56 22 with
1348 4312 86 33 present
1453 4315 129 28 ccsnpation
1624 4318 34 20 An

1123 4342 111 22 excellent
1249 4343 134 26 occupation
1401 4342 36 22 for
1446 4350 14 15 a
1478 4344 94 27 capable
1580 4351 79 20 young

1124 4369 87 22 minor
1218 4370 62 25 lady.
1555 4376 2 4 ■
1589 4382 3 4 •

656 990 364 65 BEAMING

708 1095 249 45 Saddler

779 1182 107 33 AND

581 1236 260 54 H*BK£gS
879 1234 203 48 MitEEE

722 1314 68 25 Near
809 1311 141 32 Saleyards.

667 1387 338 42 o2zfo:r.d>

570 1472 114 32 Orders
700 1472 61 30 and
790 1471 118 40 repairs
943 1469 156 41 promptly

569 1514 59 31 and
643 1514 105 40 neatly
762 1512 151 32 executed
938 1516 33 26 at
994 1510 105 32 lowest

788 1563 92 22 rates.
1011 1576 28 13 ,-.

664 1637 143 32 HOESE
832 1635 167 32 COVERS
1031 1627 10 24 v

590 1721 89 31 made
694 1726 32 25 to
741 1721 91 30 order
846 1719 62 31 and
932 1718 150 41 repaired.

611 1794 21 21 A
641 1794 65 20 stock
715 1794 22 20 of
746 1793 67 20 horse
823 1791 122 22 medicines
955 1797 30 14 on
993 1790 69 25 hand,

637 1847 164 22 SOLOMON'S
826 1846 148 21 SOLUTION
1000 1845 37 20 &c.

571 1982 54 44 a
646 1978 72 46 w.
740 1977 43 45 j.
804 1975 295 47 parsons

591 2082 314 44 IGMMEiTAI:
920 2079 164 42 MASON.

651 2153 61 26 Begs
721 2153 25 20 to
755 2157 117 15 announce
880 2150 54 21 that
943 2150 30 20 he
982 2149 43 21 has

600 2207 148 26 removed
753 2208 33 22 to
797 2205 39 24 56
846 2205 60 24 and
914 2204 40 24 58
966 2201 107 26 MAN-

662 2266 187 27 CHESTER
860 2264 156 26 STREET

688 2334 125 31 {Opposite
832 2332 64 25 Scot.
908 2330 82 33 Bros.)

571 2404 80 27 Every
674 2401 142 29 description
839 2401 25 27 of
885 2398 158 23 monumental
1060 2398 39 22 and

586 2460 90 26 marble
689 2461 64 22 work
765 2459 102 24 excuted
886 2462 25 19 at
923 2459 79 22 loioest
1020 2461 70 19 rates.

707 2525 129 31 TelepJione
855 2525 48 28 No.
919 2525 55 23 682.

706 2602 93 30 Oxford
810 2601 78 32 Agent

764 2664 31 23 R.
813 2663 34 24 E.
866 2661 143 26 PARISH.

644 2815 52 46 G.
757 2814 289 46 SMITH,

716 2913 86 45 TUT,
829 2912 93 39 AND
953 2910 141 40 SHEET

650 2996 138 41 STEEL
803 2994 219 45 WORKER.

592 3080 80 40 HIGH
692 3079 137 39 STREET.
850 3078 82 38 EAST
947 3076 137 40 OXFORD.

568 3174 45 23 All
623 3173 82 24 Kinds
717 3173 30 30 of
753 3172 91 31 Pumps
854 3170 80 24 Fixed
942 3170 50 24 and
1002 3170 97 30 Repair-

676 3238 29 23 ed
716 3240 28 21 at
755 3236 37 24 the
804 3236 101 24 shortest
915 3236 83 26 notice,

595 3363 72 46 W.
699 3361 381 48 H..ALFORD.

569 3587 150 26 WORKING
728 3584 173 26 JEWELLER,
917 3584 144 21 OPTICIAN
1071 3584 28 21 &c.

638 3647 173 33 IVlaira.
846 3644 219 40 street,

615 3736 450 44 OXPOBD.

573 3819 168 40 Jewellery
756 3819 32 30 of
804 3828 97 29 every
917 3816 182 41 description

610 3882 86 31 made
711 3885 32 26 to
759 3882 101 34 order,
882 3878 117 31 altered
1013 3878 62 30 arid

764 3938 150 41 repaired.

827 3986 30 18 ♦

574 4025 104 50 Pipes
691 4022 171 41 mounted
874 4021 70 40 and
952 4019 147 52 repaired

576 4093 59 40 Old
651 4092 81 40 Gold
746 4091 70 40 and
832 4091 110 39 silver
956 4089 143 51 bought.

659 4161 136 33 Spectacles
812 4164 22 20 to
851 4161 48 23 suit
915 4160 38 23 all
969 4155 76 42 splits

573 4243 80 31 Agent
654 4241 47 30 for
711 4239 101 25 Adam's
821 4233 59 39 S\ar
892 4238 75 30 Gyclt
980 4235 119 37 Company,

619 4294 95 33 -w:
741 4292 52 34 h;
823 4280 226 44 alSford

734 4348 78 30 East
827 4346 128 31 Oxford.

139 55 21 18 H

77 127 38 20 °
139 138 19 19 Q

75 198 39 44 fe
138 181 20 46 g
213 167 20 60 §

75 303 159 98 ajri

75 430 40 23 fc,
137 428 20 18 hi
176 429 57 19 nH

75 440 83 39 go
212 448 20 23 W

73 668 39 21 CO
136 671 19 22 3

148 1419 268 49 NOTICE.

44 1523 116 47 JOB
175 1516 350 50 PRINTING.

31 1613 114 45 JOB
176 1604 366 51 PRINTING!

76 1688 171 35 OXFORD
281 1683 225 34 OBSERVER

101 1762 162 40 Machine
299 1758 173 48 Printing

193 1805 178 41 WORKS.

66 1857 96 24 MAIN
178 1853 146 28 STREET,
355 1849 150 27 OXFORD.

125 1923 88 24 FINE
230 1917 183 28 PRINTING.

41 1965 42 39 In
96 1973 73 39 any
183 1959 154 49 Variety
353 1967 36 29 or
409 1955 112 48 Style.

18 2107 38 38 m
71 2114 82 30 new
169 2102 70 40 and
255 2100 123 40 chaste
399 2097 153 49 designs.

167 2157 52 39 ss.
249 2164 61 39 per
335 2152 71 39 doz.

104 2201 205 42 Statement
327 2198 127 44 Heads,

103 2262 78 40 Ball
195 2262 258 48 Programmes,

103 2311 151 40 Posters,
279 2304 211 45 Handbills,.

103 2365 189 45 Billheads,
320 2363 162 48 Cheques,

102 2427 122 39 Letter
240 2422 69 41 and
323 2421 88 39 Hote
426 2418 127 45 Heads,

105 2483 181 42 Circulars,
313 2478 136 43 Menus,

56 2542 219 50 Catalogues,
301 2537 57 39 &c.
378 2535 57 39 &c.
461 2533 61 40 &c

61 2605 78 31 T3ew
155 2601 24 31 si
185 2601 63 30 vies
263 2599 32 28 m
310 2596 131 38 visiting
455 2594 62 29 and

158 2659 138 29 business
319 2653 99 32 cards.

21 2721 71 39 The
105 2715 137 42 newest
269 2712 115 49 styles
399 2710 38 37 m
451 2709 102 49 types

99 2774 70 41 and
195 2766 282 45 OBNAiniHTS.

138 3604 245 54 Wartfoim,

114 3812 82 49 and
235 3809 239 52 Hwsefo*M

62 4089 120 48 From
200 4089 55 48 !$•
276 4099 71 47 par
381 4085 147 49 imm.

259 4164 43 22 AT

113 4254 360 44 PARISH'S

41 4355 192 34 FAST
252 4354 296 35 OXFORD
