3520 4630
2327 1877 82 121 The
2436 1877 165 121 Oxford
2628 1877 246 121 Observer.

2423 1998 193 19 PUBLISHED
2635 1999 160 22 WEEKLY.

2416 2071 164 22 SATURDAY
2593 2073 85 21 March
2695 2074 26 20 19
2748 2074 61 21 1898.

2355 2183 332 33 INDIVIDUALISM
2710 2185 148 32 UNDER

2493 2242 229 32 SOCIALISM.

2384 2323 64 31 The
2470 2324 146 40 meaning
2646 2325 61 30 and
2744 2326 130 40 applica-

2341 2365 66 29 tion
2433 2365 34 29 of
2480 2365 53 29 the
2558 2368 105 36 terms,
2686 2366 188 32 IndividuaJ-

2341 2406 58 30 ism
2414 2406 61 30 and
2492 2405 167 40 Socialism,
2683 2418 52 20 are
2746 2408 81 39 held,
2843 2411 31 29 m

2341 2448 54 30 the
2409 2448 102 30 miuds
2540 2449 33 29 of
2587 2459 18 19 a
2633 2449 85 40 large
2747 2452 127 30 number

2342 2489 33 30 of
2384 2499 135 29 persons,
2535 2495 139 35 amongst
2689 2491 85 30 them
2787 2493 87 40 being

2343 2540 93 26 many
2450 2532 219 30 authoritative
2683 2533 62 30 and
2763 2533 111 41 widely

2341 2573 145 39 accepted
2500 2579 170 34 exponents
2686 2573 34 31 of
2738 2575 136 40 political

2341 2624 158 29 economy,
2521 2618 32 27 to
2575 2615 38 31 be
2627 2626 34 19 as
2675 2617 79 30 wide
2769 2627 33 20 as
2825 2617 49 31 the

2342 2654 90 32 Poles
2456 2657 142 30 asunder.
2641 2656 72 41 Any
2726 2657 91 32 claim
2837 2662 34 27 to

2341 2697 185 30 correlation
2540 2699 26 29 is
2581 2699 126 30 scouted
2718 2710 33 20 as
2761 2700 113 30 absurd

2340 2739 33 29 m
2400 2739 54 31 the
2482 2742 146 28 extreme.
2712 2741 50 31 He
2797 2742 77 36 who,

2341 2780 136 41 through
2492 2781 53 31 the
2573 2781 83 31 force
2685 2783 33 29 of
2747 2783 127 31 circum-

2341 2824 132 34 stances,
2495 2823 33 29 of
2548 2823 94 36 birth,
2672 2834 35 20 or
2734 2825 140 30 environ-

2341 2867 95 34 ment,
2480 2874 34 20 or
2550 2866 238 40 extraordinary
2825 2877 49 29 op-

2340 2906 172 40 portunity,
2529 2917 35 20 or
2578 2909 296 39 unscrupulousness

2340 2947 34 32 m
2388 2948 48 30 his
2451 2948 139 40 dealings
2607 2949 72 32 with
2695 2951 48 30 his
2771 2950 103 31 fellow

2341 2998 80 26 men,
2431 2989 106 40 forges
2552 2986 98 34 ahead
2663 2992 32 29 m
2710 2992 54 30 the
2774 2995 100 36 strug-

2341 3029 51 40 gle
2416 3031 51 30 for
2491 3031 120 38 wealth,
2647 3033 62 29 and
2736 3034 138 30 becomes

2341 3071 84 30 what
2438 3073 28 29 is
2495 3073 217 41 conveniently
2733 3076 99 30 called
2860 3087 14 18 a

2574 3115 27 30 is
2615 3115 161 32 instanced
2792 3128 33 20 as
2837 3128 37 20 an

2341 3155 141 40 example
2507 3156 33 29 of
2566 3155 54 31 the
2649 3158 169 37 perfection
2846 3160 28 30 of

2339 3196 249 30 Individualism.
2617 3196 60 32 His
2693 3199 118 30 actions
2825 3212 49 19 are

2341 3237 235 31 untrammelled
2611 3238 43 39 by
2689 3250 63 29 any
2780 3243 94 29 moral

2341 3279 186 41 obligations
2541 3283 32 26 to
2597 3278 48 31 his
2660 3284 198 37 compatriots
2870 3296 4 24 ;

2341 3320 58 31 His
2431 3320 76 31 aims
2536 3321 61 30 and
2633 3322 165 33 ambitions
2827 3336 47 20 are

2341 3361 176 41 absolutely
2548 3363 162 30 unlimited
2745 3366 43 39 by
2816 3377 58 20 any

2340 3403 83 40 legal
2437 3403 176 32 definitions
2628 3415 35 20 or
2677 3405 197 40 boundaries;

2341 3445 49 31 his
2404 3446 110 39 profits
2538 3446 113 30 render
2679 3458 41 20 no
2749 3448 75 32 item
2849 3450 25 30 of

2342 3487 138 30 taxation
2504 3490 33 28 to
2560 3488 53 30 the
2635 3491 89 35 state,
2747 3490 47 31 his
2817 3502 57 21 em-

2341 3528 105 41 ployes
2462 3529 74 31 dare
2566 3532 56 26 not
2650 3534 80 27 treat
2752 3532 66 31 him
2845 3545 29 19 as

2341 3580 72 20 man
2428 3574 33 26 to
2475 3581 83 26 man,
2595 3571 53 31 the
2674 3574 93 29 touch
2783 3575 32 29 of
2829 3576 45 29 the

2341 3611 55 31 hat
2418 3613 94 38 behuj
2536 3612 118 41 always
2678 3614 32 29 m
2734 3616 140 31 evidence

2341 3663 35 20 as
2390 3653 92 31 token
2499 3654 34 30 of
2554 3654 146 42 humility
2724 3657 62 30 and
2811 3668 63 21 ser-

2341 3695 75 30 vice.
2470 3695 59 30 His
2555 3696 87 40 right
2668 3701 34 27 to
2730 3693 144 37 withhold

2341 3736 53 31 the
2421 3746 107 21 means
2563 3739 32 29 of
2622 3738 166 32 livelihood
2788 3758 41 4 —
2829 3741 45 30 the

2341 3779 122 30 natural
2487 3780 234 39 opportunities,
2755 3791 33 21 as
2809 3781 65 31 well

2341 3829 34 20 as
2388 3820 54 30 the
2466 3821 131 30 benefits
2617 3821 34 29 of
2675 3823 52 29 the
2743 3823 131 31 advance

2341 3861 33 29 of
2388 3861 119 31 science
2522 3863 59 29 and
2597 3866 50 27 art
2661 3864 62 30 and
2737 3864 137 31 mechan-

2340 3903 43 29 ics
2385 3921 40 3 —
2425 3904 80 30 from
2520 3904 54 30 the
2593 3905 118 43 people,
2727 3906 28 30 is
2773 3916 101 29 recog-

2340 3944 88 31 nised
2463 3955 32 19 as
2531 3946 109 30 sacred
2668 3957 34 19 as
2731 3957 63 20 was
2821 3948 53 30 the

2340 3985 104 31 divine
2468 3986 86 40 right
2583 3987 33 30 of
2643 3986 92 42 kings
2760 3988 33 30 m
2823 3989 51 30 the

2339 4026 89 31 Dark
2451 4028 85 39 Ages
2546 4039 9 25 ;
2577 4028 50 30 He
2650 4039 72 29 may
2743 4030 131 40 padlock

2341 4068 51 31 the
2416 4072 87 37 gates
2532 4079 19 20 a
2578 4070 119 30 million
2726 4080 85 22 acres
2842 4072 32 29 of

2338 4113 128 35 pasture
2479 4110 74 31 land
2561 4121 10 25 ;
2593 4111 39 30 he
2646 4121 73 30 may
2734 4112 79 31 close
2827 4112 47 30 his

2339 4151 91 30 doors
2451 4160 85 31 upon
2561 4162 93 29 many
2676 4153 142 31 fortunes
2842 4154 32 29 m

2338 4191 54 32 the
2407 4193 96 39 shape
2516 4193 35 31 of
2572 4193 220 41 commodities,
2822 4195 52 31 the

2339 4233 90 31 while
2455 4234 52 33 the.
2537 4234 184 30 labourer—
2720 4235 54 30 the
2802 4245 69 30 pro-

2338 4273 94 32 ducer
2446 4275 33 29 of
2493 4275 41 29 all
2548 4275 63 30 this
2634 4275 114 31 wealth
2751 4292 37 6 —
2790 4279 84 27 star-

2337 4325 52 31 yes
2406 4326 81 30 upon
2502 4315 54 32 the
2569 4316 152 36 roadside,
2735 4317 139 40 through

2336 4367 40 21 no
2390 4357 81 32 fault
2485 4349 35 39 o£
2529 4358 48 30 his
2592 4369 78 20 own.
2696 4357 65 32 The
2775 4362 99 28 starv-

2336 4398 55 40 ing
2404 4409 68 27 onej
2507 4400 27 30 if
2547 4400 161 39 impudent
2728 4400 62 30 and
2803 4401 71 31 dis-

2336 4440 110 31 honest
2460 4440 124 40 enough
2607 4444 34 27 to
2654 4441 62 39 beg
2738 4451 19 20 a
2776 4445 94 35 crust,

2336 4480 26 33 is
2376 4482 183 31 threatened
2573 4481 74 32 with
2663 4481 66 32 dire
2743 4483 127 39 punish-

2335 4528 93 33 ment,
2450 4524 62 30 and
2527 4524 184 37 acquainted
2729 4524 77 31 with
2818 4525 55 31 the

2901 197 65 30 fact
2980 198 70 30 that
3071 200 38 31 he
3138 207 82 25 must
3288 207 78 28 arn''
3396 208 45 31 his

2904 237 101 33 hread.
3029 239 81 41 This,
3137 244 89 30 while
3241 245 54 30 the
3311 247 130 33 ch-emes

2902 280 33 29 of
2955 281 86 30 work
3064 292 52 21 are
3140 285 148 32 debarred
3313 288 74 38 him,
3411 291 30 30 m

2902 331 39 19 an
2956 322 243 34 individualistic
3215 338 65 29 age.

3043 498 22 21 A
3097 499 205 28 CORRECTION.

2935 567 40 26 Mr
2986 569 32 26 D.
3030 570 78 32 Burk,
3131 574 87 26 wishes
3231 585 29 17 us
3271 581 26 22 to
3309 582 95 23 correct
3422 589 15 16 a

2902 617 80 25 report
2993 613 56 26 thai;
3061 618 121 30 appeared
3201 619 26 25 m
3239 629 44 17 our
3295 623 113 27 columns
3420 633 15 17 a

2904 654 68 25 short
2984 657 60 25 time
3056 659 68 25 since
3266 664 170 32 Magistrate's

2904 696 109 28 Court—
3013 699 61 26 East
3086 701 93 27 Oxford
3185 704 94 28 'School
3288 708 149 27 Committee

2904 748 23 16 v.
2944 741 32 24 D.
3109 746 42 25 the
3170 749 52 24 said
3245 753 83 29 report
3346 760 27 17 so
3398 753 40 25 Mr

2905 783 68 26 Burk
2992 787 94 30 thinks,
3112 790 77 26 infers
3210 794 54 24 that
3284 794 32 25 he
3336 804 49 16 was
3406 806 32 18 an

2905 827 38 24 oia
2956 830 109 26 offender
3075 834 96 31 against
3183 835 41 25 the
3232 836 138 28 Education
3384 842 53 28 Act,

2905 871 80 26 which
3001 875 183 31 impeachment
3204 879 50 25 Mr.
3264 881 67 25 Bark
3352 884 86 25 wishss

2906 921 29 17 us
2946 915 26 24 to
2983 916 72 32 deny.
3091 919 64 26 True
3174 921 31 25 he
3224 924 88 26 admits
3333 927 54 24 that
3406 926 33 26 ha

2906 956 45 25 has
2974 958 58 26 been
3052 966 159 23 summonsed
3232 975 33 16 on
3287 976 16 16 a
3324 971 114 28 pravioua

2906 1002 128 29 occasion,,
3056 1003 44 26 but
3119 1006 70 25 when
3209 1007 32 26 he
3264 1011 125 26 explained
3414 1018 25 23 Ijo

2908 1044 40 24 the
2959 1044 85 26 Bench
3057 1048 54 25 that
3122 1049 30 26 he
3166 1059 49 17 was
3228 1058 115 26 fgnorant
3354 1057 28 23 of
3398 1057 41 25 the

2909 1087 114 28 factthat
3043 1090 40 26 his
3095 1092 111 28 children
3227 1096 42 25 did
3288 1104 45 20 not
3353 1102 86 29 attend,

2907 1131 43 24 the
2972 1133 85 25 school
3086 1136 42 24 the
3156 1140 113 30 required
3291 1143 105 25 number
3415 1146 26 25 of

2907 1175 80 31 times,
3003 1177 212 41 y*he^se^was;
3215 1183 152 31 --dismissed,
3398 1188 42 25 tha

2907 1221 90 23 second
3004 1216 437 42 lin^ilieJComiiiitteebiitnirionsea

2907 1263 54 24 him
2976 1260 41 34 W;
3027 1268 305 35 was'ieq'v^llv'V-'ignoranc
3351 1275 26 23 of
3398 1276 43 25 the

2906 1306 50 25 fact
2977 1308 56 25 that
3056 1309 40 25 his
3119 1312 109 26 children
3251 1324 63 17 were
3337 1319 45 24 not
3404 1322 36 21 at-

2907 1351 115 32 tending,
3032 1353 102 34 school,;
3152 1355 59 25 M
3232 1359 26 24 to
3282 1360 48 25 add
3353 1363 26 23 to
3403 1362 38 25 his

2907 1394 155 26 misfortune,
3074 1397 43 25 the
3130 1406 127 20 summons
3276 1411 50 17 was
3337 1408 43 22 not
3400 1406 40 24 de-

2906 1433 91 30 livered
3010 1442 26 23 to
3046 1440 54 26 him
3113 1442 45 25 but
3161 1434 57 35 Jeff
3223 1446 76 25 atlns
3309 1448 130 32 residence,

2907 1481 43 25 the
2961 1483 125 26 members
3098 1486 28 24 of
3142 1486 41 26 his
3202 1487 88 34 family
3310 1491 55 25 who
3385 1493 56 26 took

2907 1525 107 33 delivery
3033 1527 27 25 of
3077 1528 44 26 the
3138 1530 91 25 o^cial
3248 1533 131 28 document
3398 1539 43 23 not

2907 1569 116 33 thinking
3034 1571 21 24 it
3066 1572 27 24 of
3103 1581 50 24 any
3163 1574 161 33 importance,
3337 1579 50 25 laid
3399 1581 42 24 the

2907 1612 67 31 piece
2986 1614 26 25 of
3022 1614 57 25 blue
3091 1623 75 25 paper
3176 1618 67 26 aside
3252 1616 50 29 aiid
3312 1622 116 32 judgmen
3434 1627 7 21 t

2907 1658 66 23 went
2983 1656 34 34 by
3027 1658 102 27 default.

2940 1700 41 26 Mr
2989 1701 70 26 Burk
3069 1703 22 25 is
3100 1705 78 24 under
3187 1705 42 26 the
3239 1707 144 32 impression
3388 1710 53 25 thafc

2907 1743 47 25 had
2979 1745 36 24 he'
3023 1747 119 25 attended
3152 1748 44 25 the
3208 1749 84 30 Court,
3315 1754 126 29 explained

2909 1790 106 23 matters
3016 1804 34 3 —
3050 1797 33 16 an
3084 1790 8 15 ;
3090 1790 10 25 t
3119 1791 32 32 by
3163 1792 73 32 using
3246 1802 14 15 a
3271 1795 65 25 little
3347 1799 94 22 natural

2908 1830 131 33 eloquence
3051 1833 32 24 he
3095 1835 80 25 would
3198 1837 73 30 again
3284 1837 63 26 have
3359 1839 82 26 induc-

2908 1873 30 25 ed
2950 1875 42 25 the
3004 1875 87 27 Bench
3102 1879 27 24 to
3140 1879 100 26 dismiss
3261 1881 43 26 the
3316 1890 55 17 case
3384 1884 57 26 with

2908 1920 64 23 coats
2985 1921 99 31 against
3096 1922 43 25 the
3152 1922 157 28 Committee.

2942 1962 39 25 Mr
2992 1964 70 25 Burk
3080 1966 44 24 has
3136 1968 96 24 assured
3253 1977 30 17 us
3303 1971 72 31 again
3394 1973 47 24 and

2909 2005 55 27 that
2991 2007 32 26 he
3051 2010 82 25 would
3155 2011 121 33 willingly
3300 2015 71 24 make
3395 2024 46 24 any

2908 2051 117 30 sacrifice,
3072 2055 85 23 rather
3185 2056 63 25 than
3271 2058 40 24 his
3333 2059 108 26 children

2907 2093 43 24 fail
2962 2096 25 23 to
3006 2096 94 25 receive
3112 2098 35 24 all
3165 2098 41 24 the
3218 2100 151 33 advantages
3389 2103 52 25 that

2908 2145 46 16 our
2964 2139 81 30 grand
3065 2143 93 28 system
3170 2142 27 25 of
3214 2142 136 27 Education
3363 2147 78 29 offers,

2908 2181 49 24 and
2968 2182 96 25 further
3075 2184 20 24 if
3106 2185 43 24 the
3163 2185 135 35 Secretary,
3322 2189 44 25 the
3378 2198 63 18 mas-

2908 2227 44 28 ter,
2993 2235 28 16 or
3047 2228 136 26 individual
3208 2232 122 25 members
3353 2234 28 24 of
3401 2234 40 25 the

2907 2269 90 25 School
3011 2270 148 27 Committee
3170 2273 51 25 had
3232 2276 46 24 feit
3291 2276 43 24 the
3354 2277 87 32 slight-

2906 2319 37 16 est
2954 2314 89 30 regard
3053 2314 38 24 for
3102 2316 40 24 his
3154 2316 104 33 feelings
3270 2327 28 16 or
3317 2319 41 25 his
3368 2322 73 30 pock-

2906 2357 37 23 eofc
2955 2357 60 32 they
3025 2358 82 25 would
3118 2359 62 25 have
3191 2363 140 32 personally
3339 2364 102 25 inform-

2907 2399 29 24 ed
2947 2399 52 26 him
3019 2401 64 25 from
3102 2403 61 25 time
3184 2407 25 22 to
3229 2406 61 24 time
3311 2408 72 25 when
3405 2410 36 25 his

2906 2443 110 25 children
3039 2453 63 17 were
3125 2448 119 31 irregular
3266 2450 27 24 m
3317 2451 65 24 their
3404 2456 37 21 at-

2907 2487 126 30 tendance,
3053 2489 106 26 whereas
3173 2491 41 25 the
3225 2493 54 24 said
3297 2493 144 28 Cormnittes

2904 2530 98 33 issuing
3006 2531 68 25 three
3079 2540 157 21 summonses
3242 2537 67 25 when
3315 2545 44 17 one
3365 2540 76 24 would

2904 2573 62 26 have
2978 2577 126 24 answered
3115 2577 43 26 the
3165 2587 113 24 purpose,
3288 2582 47 24 and
3344 2583 97 32 thereby

2905 2617 62 26 have
2989 2621 46 29 put
3057 2620 53 26 him
3131 2624 26 22 to
3180 2630 16 17 a
3215 2624 35 25 lot
3269 2625 27 24 of
3324 2634 117 21 unnece.s,

2905 2669 57 24 sary
2973 2670 113 24 expense,
3105 2665 56 25 that
3172 2674 13 16 a
3206 2674 59 18 man
3279 2669 59 24 with
3350 2677 14 17 a
3375 2671 66 32 largii

2905 2705 88 33 family
3004 2707 48 24 and
3070 2715 59 25 very
3140 2709 97 26 limited
3257 2719 87 18 means
3357 2721 47 17 can
3416 2716 25 27 ill

2905 2749 87 26 afford.

2905 2926 120 26 DEATH
3044 2926 43 26 OF
3104 2928 45 25 AN
3175 2928 67 26 OLD
3262 2930 175 27 COLONIST.

2939 2993 53 24 The
3004 2994 72 24 death
3089 2995 25 23 of
3123 2995 40 23 Mr
3174 2995 90 25 Enoch
3277 2996 59 25 Cole
3345 2997 27 24 of
3382 2997 59 25 Ensfc

2907 3036 100 29 Oxford,
3025 3036 47 25 has
3084 3039 44 23 not
3145 3037 75 26 taken
3234 3048 27 16 us
3281 3039 33 33 by
3326 3041 115 31 surprise,

2906 3088 28 16 as
2956 3088 36 17 we
3017 3080 72 25 know
3111 3081 27 25 of
3157 3082 39 24 his
3220 3084 136 30 affections,
3392 3086 49 24 and

2906 3123 90 25 shared
3006 3124 43 25 the
3060 3125 112 30 opinions
3184 3126 27 24 of
3220 3126 40 25 his
3272 3127 108 30 friends,,
3386 3129 55 24 that

2907 3167 36 24 M
2943 3167 36 24 3
2956 3167 132 32 sufferings
3106 3171 26 21 at
3147 3169 72 25 times
3236 3178 64 18 were
3311 3178 27 17 so
3359 3179 82 17 severe

2906 3211 57 24 that
2973 3211 33 24 he
3017 3211 73 25 could
3102 3213 42 23 not
3163 3212 61 31 long
3245 3214 106 24 survive.
3397 3215 44 24 We

2906 3253 48 25 feel
2965 3262 68 24 sorry
3044 3254 55 25 that
3110 3255 44 24 the
3161 3255 99 33 'closing
3271 3265 85 17 scenes
3368 3258 26 25 of
3403 3258 38 25 his

2907 3298 51 29 life,
2977 3307 63 16 were
3051 3300 46 24 not
3108 3299 27 25 of
3155 3300 56 24 that
3222 3302 113 30 pleasant
3354 3305 87 23 nature

2907 3343 27 23 m
2963 3344 82 23 which
3073 3352 37 16 we
3138 3345 91 24 should
3246 3346 64 24 wish
3328 3354 52 16 our.
3403 3347 38 25 old

2907 3385 92 26 friends
3022 3389 26 22 to
3068 3387 65 32 glide
3145 3388 124 33 smoothly
3289 3397 67 24 away
3368 3399 5 22 ;
3392 3395 25 20 to
3428 3398 13 19 a

2882 3449 3 8 ,
2908 3438 59 17 man
2979 3431 25 24 of
3023 3430 41 25 his
3083 3439 69 24 years
3170 3431 40 25 his
3232 3435 84 22 recent
3336 3435 105 24 troubles

2909 3474 49 24 and
2980 3474 142 25 adversities
3129 3476 68 24 must
3222 3476 61 24 hava
3305 3477 49 24 had
3370 3486 65 17 some

2909 3517 70 26 effect
2989 3518 28 24 m
3027 3518 134 33 hastening
3171 3519 40 26 his
3223 3521 81 24 death.

2881 3587 2 9 t
2942 3561 48 26 His
3009 3563 107 24 troubles
3135 3571 63 16 were
3217 3565 44 23 not
3281 3572 15 17 a
3315 3565 55 29 few,
3394 3566 47 25 and

2881 3629 2 8 ,
2909 3613 61 18 even
2990 3606 67 32 quite
3075 3606 99 32 enough
3193 3608 26 24 to
3241 3608 62 24 have
3322 3608 53 26 laid
3398 3609 43 26 low

2881 3674 2 5 .
2910 3657 73 23 many
2994 3658 14 15 a
3020 3651 112 31 stronger
3142 3658 67 17 man.
3243 3651 25 25 It
3288 3652 52 25 will
3359 3652 30 26 be
3405 3662 36 16 re-

2909 3693 149 30 membered,
3077 3694 56 25 that
3144 3694 63 25 after
3218 3695 103 33 gaining
3331 3697 110 26 convaie-

2881 3752 2 9 .
2909 3745 84 16 scence
3004 3737 148 32 subsequent
3172 3739 26 23 to
3209 3747 15 15 a
3234 3738 61 32 long
3305 3740 49 24 and
3373 3741 68 31 pain-

2907 3780 37 25 ful
2965 3780 85 26 illness
3067 3780 41 26 his
3130 3780 126 27 residence
3277 3782 51 26 and
3351 3784 34 25 all
3409 3784 32 26 its

2881 3836 2 14 i
2908 3826 113 24 contents
3033 3832 61 18 were
3113 3825 128 33 destroyed
3251 3826 33 33 by
3301 3827 45 25 fire
3363 3829 50 24 and
3423 3829 18 24 if

2907 3866 111 28 this'was
3030 3870 44 24 not
3086 3869 107 33 enough,
3211 3870 51 26 this
3279 3871 94 26 trouble
3392 3881 49 17 was

2906 3912 131 26 succeeded
3056 3912 34 33 by
3109 3913 43 26 the
3163 3921 83 19 severe
3257 3914 95 35 [illness
3363 3917 26 25 of
3403 3916 38 26 bis

2906 3956 40 24 his
2957 3959 98 29 partner
3065 3957 28 25 m
3104 3956 43 26 life
3156 3965 7 22 ;
3176 3957 81 27 which
3269 3959 172 33 subsequently

2906 4000 91 25 caused
3008 4000 45 25 her
3070 4001 84 30 death,
3173 4001 51 25 and
3244 4003 67 25 since
3322 4003 83 26 which
3421 4005 20 25 it

2906 4050 56 25 may
2981 4043 31 26 be
3023 4043 54 26 said
3098 4044 55 26 that
3163 4044 34 26 he
3214 4045 46 26 has
3275 4047 44 24 not
3339 4047 102 33 eDJoyed

2905 4095 59 16 even
2975 4087 152 32 moderately
3137 4088 64 31 good
3211 4088 88 26 health
3315 4097 34 24 up
3361 4091 26 25 to
3398 4091 43 25 the

2904 4130 60 26 time
2975 4130 28 25 of
3011 4130 40 25 his
3063 4130 75 26 death
3149 4139 33 17 on
3194 4131 117 34 Monday,
3323 4132 43 26 the
3379 4134 62 27 14th

2903 4173 27 25 of
2945 4173 96 25 March.

2937 4217 83 25 When
3042 4217 41 25 Mr
3102 4217 59 26 Cole
3183 4219 60 26 took
3263 4221 140 31 possession
3414 4223 27 25 of

2903 4260 44 25 the
2957 4260 61 26 land
3028 4260 60 25 held
3099 4262 26 24 at
3137 4261 42 25 the
3198 4262 62 26 time
3271 4263 27 25 of
3306 4264 41 25 his
3358 4266 80 30 death,

2902 4304 44 25 the
2957 4304 166 34 surrounding
3133 4307 104 33 country
3247 4314 51 19 was
3309 4307 29 26 m
3349 4316 15 17 a
3376 4310 63 25 state

2902 4347 29 26 of
2945 4349 96 30 nature,
3059 4350 48 25 not
3122 4356 16 18 a
3157 4350 84 30 house,
3259 4359 16 17 a
3293 4352 71 25 fence
3384 4361 29 17 or
3424 4361 15 18 a

2901 4392 69 30 road,
2987 4391 45 26 but
3053 4396 42 28 yet
3116 4393 45 25 the
3182 4394 84 26 native
3388 4405 51 18 was

2902 4434 129 32 beautiful,
3041 4436 57 26 and.
3102 4436 43 25 the
3164 4436 68 28 birds
3244 4437 63 34 s^ng
3324 4440 98 31 sweetly
3431 4449 7 21 ;

2902 4478 66 33 Very
2973 4482 5 6 '
2986 4478 74 26 small
3067 4476 337 32 -'indicaHons'no'frremmn
3413 4484 28 25 of

2900 4522 44 26 the
2972 4523 90 33 stately
3079 4525 65 24 trees
3163 4523 81 28 which
3265 4525 115 31 formerly
3399 4528 37 25 in*

1213 53 169 32 OXFORD
1419 52 230 34 OBSERVER
1695 53 239 37 SATURDAY,
1977 52 149 33 MARCH
2149 55 38 30 19
2232 55 79 30 1898

2338 205 183 44 VIEW
2552 208 171 45 HILL
2749 210 122 45 DIP.

2337 302 80 24 fTIHE
2442 303 95 24 VIEW
2565 305 87 24 HILL
2677 307 115 25 SHEEP
2812 307 60 26 DIP

2330 329 34 37 ,1
2385 336 52 24 will
2448 336 30 28 bp
2490 344 62 24 open
2564 341 37 21 for
2613 339 108 31 Dipping
2737 344 25 21 sit
2782 342 30 24 7s
2832 342 40 24 6d.

2338 376 44 22 per
2398 369 114 40 hundred
2525 371 63 25 until
2609 372 61 24 80fch
2695 373 77 32 April.
2816 375 56 25 Ud.

2338 402 60 24 each
2417 402 151 26 afterwards.

2538 475 40 24 W.
2596 477 124 25 DUDER

2669 542 127 33 Manager.

2427 727 135 45 FOE
2606 729 181 46 SALE.

2591 827 29 17 «»
2657 829 3 3 ■

2340 887 127 58 BACON
2496 888 50 24 and
2578 888 82 30 hams,
2695 890 51 24 this
2767 892 107 23 season's

2399 928 66 21 cure,
2500 921 61 29 lard,
2585 921 54 25 axle
2657 930 85 23 grease
2755 930 15 17 a
2786 924 88 30 special

2340 953 148 32 compound.

2398 1000 42 45 J.
2506 1000 310 48 PARLANE

2547 1086 78 33 East
2647 1087 130 33 Oxford.

2355 1252 293 46 WILLIAM
2676 1254 173 45 FEBE

2343 1339 108 31 BEGS
2472 1342 33 27 to
2529 1340 103 38 notify
2648 1343 33 27 to
2695 1341 49 29 his
2759 1339 115 31 friends

2343 1380 57 30 and
2417 1385 180 36 supporters
2612 1382 69 29 that
2705 1382 38 30 he
2758 1382 57 29 has
2830 1393 44 19 re-

2342 1423 109 30 moved
2465 1427 33 25 to
2521 1422 88 40 High
2635 1423 110 36 Street,
2772 1422 102 32 EAST

2342 1463 213 31 OXFOKD—
2556 1465 148 39 premises
2782 1464 92 42 lately

2341 1506 147 39 occupied
2544 1508 42 38 by
2641 1506 52 30 Mr
2738 1505 136 32 JAMES

2341 1546 169 37 BROWN,
2533 1549 101 29 where
2648 1547 39 31 he
2704 1548 123 30 intends
2845 1552 29 26 to

2341 1588 78 40 keep
2435 1598 18 19 a
2464 1588 80 40 good
2558 1588 88 31 stock
2660 1589 35 29 of
2704 1589 96 30 Boots
2816 1589 58 30 and

2342 1629 104 36 Shoes,
2467 1640 93 30 every
2575 1630 108 30 article
2699 1630 127 29 marked
2845 1634 29 26 at

2341 1671 109 32 lowest
2471 1671 93 40 price.

2374 1740 104 30 Repaii'3
2502 1741 84 30 neatly
2615 1740 49 23 and
2688 1741 124 30 promptly
2837 1748 37 17 ex-

2342 1773 95 24 ecuted.

1773 156 11 2 •-
1897 155 1 2 ■
1984 155 1 2 ■
2060 156 1 1 ■
2117 156 6 7 r

1853 196 370 48 BAB&1IHS

1830 307 166 43 tostwt
2032 301 219 50 t&rtixftss

1764 431 6 14 .«
1791 415 25 31 L
1836 417 83 29 adies
1935 420 95 27 straw
2056 416 69 31 hats
2140 415 136 32 reduced

1856 499 81 28 from
1954 499 43 29 2s.
2014 501 32 26 to
2063 497 49 30 6d.
2128 497 83 30 each.

1864 581 92 39 Baby
1971 580 147 40 Leghorn
2132 580 85 30 Hats

1836 663 147 29 Reduced
1998 663 80 29 from
2091 663 34 28 3s
2147 667 33 25 to
2196 662 50 30 6d.

1932 744 88 32 Mens
2047 745 103 31 Shirts

1835 827 146 32 Reduced
1997 829 80 29 from
2092 829 35 29 3s
2154 833 32 25 to
2202 829 46 33 2s,

1816 909 112 31 Cotton
1945 909 144 40 Shirting
2105 909 148 31 Reduced

1907 992 94 29 From
2017 992 40 29 9d
2072 995 34 26 to
2123 992 41 29 6d

1836 1074 106 30 White
1957 1073 136 32 Colonial
2109 1074 130 31 Flannel

1808 1156 149 30 Reduced
1971 1157 84 29 from
2077 1157 35 29 Is
2148 1160 34 27 to
2204 1158 49 29 9d.

1847 1224 55 40 R.
1930 1224 57 38 H.
2008 1224 225 41 PARISH

1918 1301 85 29 East
2025 1301 142 31 Oxfoed.

1814 1403 140 32 Another
1968 1405 88 40 large
2084 1405 63 31 line
2170 1405 34 30 of
2229 1405 84 41 Boys

1774 1473 62 30 and
1880 1472 123 32 Youths
2045 1475 90 30 three
2170 1478 144 37 garmeut

1775 1541 139 31 Colonial
1929 1543 113 31 Tweed
2065 1543 85 32 Suits
2180 1544 134 31 reduced

1773 1610 81 30 from
1870 1611 64 29 255.
1949 1613 34 27 to
2001 1612 57 29 12s
2073 1612 51 30 6d.

1846 1747 55 30 TO
1924 1746 207 33 TOURISTS
2153 1748 88 30 AND

1950 1826 182 32 OTHERS.

1776 1916 40 79 A
1838 1915 317 42 newly-constructed
2184 1927 129 30 convey-

1838 1967 86 26 ance,
1947 1958 167 39 especially
2130 1959 135 39 adapted
2279 1962 34 27 to

1775 2009 120 29 convey
1937 1999 228 39 picnic-parties
2201 2004 34 26 to
2260 2001 54 30 the

1775 2040 88 29 West
1886 2038 102 38 Coasts
2019 2041 78 29 witli
2125 2052 39 18 an
2190 2042 122 38 experi-

1776 2082 95 29 enced
1903 2082 98 40 guard
2037 2092 35 20 or
2108 2083 104 30 driver
2244 2094 69 30 pro-

1775 2122 101 33 vided,

1907 2244 54 24 For
1979 2248 70 19 terms

1991 2309 84 30 Apply
2093 2313 21 19 to

1879 2374 37 24 W.
1935 2375 24 24 J.
1979 2375 166 29 JENKINS,
2166 2383 35 21 or,

1973 2458 25 24 J.
2017 2456 228 30 ARMSTRONG,
2271 2461 3 10 '

2112 2524 172 31 Waddington.

1778 2588 168 26 Christchurch
1956 2590 87 32 Agent,
2065 2590 30 24 G.
2124 2591 39 24 W.
2184 2591 111 32 Drayton

1942 2633 118 28 Saddler,

1875 2755 126 47 FOR
2031 2757 182 47 SALE.

1775 2854 103 81 THE
1915 2860 149 36 property
2093 2858 33 29 of
2168 2857 54 31 the
2251 2858 61 30 late

1832 2896 140 31 JAMES
1984 2898 238 38 FLANAGAN,
2233 2899 79 31 East

1775 2938 135 36 Oxford,
1932 2940 173 40 consisting
2119 2941 33 30 of
2168 2941 38 30 23
2227 2952 85 20 acres

1775 2980 33 29 of
1834 2980 99 37 Land,
1971 2991 19 19 a
2019 2981 89 30 Good
2142 2983 22 28 4
2187 2983 124 30 roomed

1775 3020 116 37 House,
1925 3020 126 32 Garden
2081 3023 61 30 and
2179 3034 18 19 a
2232 3024 81 39 good

1776 3061 90 40 Well,
1891 3063 18 29 3
1926 3061 117 32 Stalled
2067 3064 114 39 Stable,
2210 3064 102 32 Coach

1774 3103 109 30 House
1897 3104 62 29 and
1974 3105 141 31 Harness
2131 3107 100 29 Room
2243 3117 69 20 cov-

1775 3145 73 29 ered
1862 3144 77 31 with
1963 3145 83 36 Iron,
2083 3147 55 30 the
2166 3148 90 29 Land
2285 3148 27 30 is

1775 3185 71 29 well
1874 3185 111 30 fenced
2010 3188 63 28 and
2105 3189 207 36 sub-divided,

1777 3225 109 31 Water
1914 3226 83 31 Rase
2011 3228 140 41 running
2176 3229 136 41 through

1774 3267 55 30 the
1863 3267 98 31 Land.
2029 3269 62 30 For
2126 3270 187 41 particulars

1775 3308 97 40 apply
1901 3313 34 27 to
1964 3310 82 31 Mks.
2076 3311 237 38 FLANAGAN,

1775 3360 35 20 or
1835 3353 33 27 to
1893 3349 64 32 Mb.
1983 3351 32 36 J,
2043 3351 162 39 LOUGH,
2239 3354 75 29 East

1776 3390 130 32 Oxford.

1815 3432 74 31 Also
1904 3434 95 29 about
2028 3434 96 32 501bs.
2154 3436 35 30 of
2208 3437 104 31 cocks-

1776 3474 66 31 foot
1856 3475 63 30 and
1945 3476 40 29 50
2000 3477 34 29 of
2043 3477 71 39 Rye
2129 3477 96 31 Grass
2240 3479 74 30 seed

1775 3515 50 31 for
1846 3517 71 30 sale.

1775 4034 228 67 CYCLES,
2065 4039 229 66 CYCLES,
2293 4044 5 14 1
2302 4095 7 8 .

1913 4138 42 45 J.
1983 4138 218 49 lough

2055 4220 4 12 :
2055 4220 21 23 \
2156 4234 2 2 ■
2222 4223 2 3 ■

1814 4246 34 31 Is
1863 4245 167 40 appointed
2058 4244 105 41 Agent
2191 4246 52 30 for
2256 4246 55 31 the

1772 4286 130 31 Austral
1918 4284 95 42 Cycle
2029 4284 170 44 Company,
2222 4288 89 29 Lad-

1773 4329 44 30 ies
1832 4328 63 31 and
1909 4327 98 30 Gents
2036 4326 111 42 Cyoles
2175 4328 49 31 for
2239 4329 71 32 Sale

1774 4381 41 20 on
1829 4370 76 31 time
1933 4373 150 37 payment
2100 4370 33 32 iif
2153 4371 154 40 required,

1774 4411 42 32 oil
1830 4411 63 32 and
1907 4408 43 33 all
1963 4415 104 26 extras
2081 4411 74 42 kept
2168 4412 34 31 m
2211 4413 96 31 stock.

1775 4486 81 32 Agent
1866 4484 38 27 for
1915 4484 161 27 Manchester
2092 4475 57 36 ifare
2168 4486 141 26 Assurance

1977 4529 134 33 Company.
2123 4529 6 8 '

1250 198 286 45 AUTUMN
1568 198 126 44 1898.

1228 314 72 40 XL.
1326 315 71 39 H-
1425 314 296 40 PARISH

1322 383 107 32 EAST
1467 383 173 32 OXFORD

1324 451 134 22 INTENDS
1472 453 37 20 TO
1524 452 73 21 SELL

1207 495 176 30 seasonable
1392 496 96 37 goods
1498 502 33 23 at
1536 497 100 38 prices
1646 495 99 30 below

1207 546 68 29 that
1295 547 33 29 of
1342 556 62 30 any
1427 546 224 32 Christchurch
1675 547 68 30 firm

1248 598 74 30 Just
1356 599 140 30 received
1530 599 98 30 direct
1665 598 80 30 from

1211 649 129 29 London
1368 660 18 18 a
1414 650 86 38 large
1516 650 228 38 .consignment

1208 700 33 29 of
1250 699 134 31 General
1394 700 142 40 Drapery
1537 718 40 4 —
1578 711 40 19 no
1629 700 116 31 middle

1208 753 93 29 men's
1311 753 120 39 profits,
1449 763 18 19 a
1482 752 98 41 single
1590 752 79 41 yard
1684 753 60 30 and

1236 805 103 39 single
1369 805 109 30 article
1509 811 32 23 at
1573 805 167 31 wholesale

1209 856 100 39 prices
1311 874 41 3 —

1297 917 111 24 Another
1416 918 66 30 large
1493 917 120 31 purchase
1621 918 25 24 of

1291 987 353 39 FLAOTELLTTES.

1329 1068 49 23 AT
1391 1068 98 24 HALF
1503 1068 118 24 PRICE.

1214 1135 106 50 QAO
1335 1134 144 31 YARDS
1495 1135 33 30 of
1550 1135 195 32 Flannellett

1215 1166 105 49 uIIU
1333 1175 134 32 reduced
1482 1175 80 32 from
1575 1177 40 30 8d
1641 1181 33 26 to
1686 1178 56 32 4d.

1251 1259 50 30 All
1322 1260 86 29 these
1430 1261 96 38 goods
1549 1271 52 19 are
1615 1261 130 40 cheaper

1208 1307 76 30 than
1307 1318 57 19 can
1386 1308 39 29 be
1446 1308 174 39 purchased
1636 1313 32 25 at
1683 1319 62 30 any

1209 1353 225 33 Christchurch
1465 1355 118 41 Selling
1615 1357 43 29 off
1685 1356 59 32 Es-

1208 1401 201 31 tablishment
1431 1412 35 20 or
1486 1403 82 30 from
1596 1403 149 31 itinerant

1208 1443 140 35 drapers.

1462 1527 34 19 <*.

1311 1577 132 23 SPECIAL
1464 1577 58 23 JOB
1552 1579 75 21 LINE

1293 1638 363 58 KAIAPOI

1234 1736 154 31 TWEED
1406 1737 117 31 SUITS
1540 1738 73 40 21/6
1636 1737 74 41 21/6

1322 1800 81 24 •worth
1421 1802 53 24 30s.
1491 1809 45 23 per
1553 1802 61 24 suit.

1208 1863 153 31 TWEED
1378 1863 120 32 SUITS
1515 1864 67 42 25/-
1595 1865 101 31 worth
1707 1866 38 30 35

1460 1929 38 17 «•-

1462 1966 241 34 WOOL

1208 2094 131 40 cheaper
1354 2096 76 30 than
1446 2107 56 20 can
1524 2097 37 30 be
1573 2098 172 40 purchased

1208 2150 32 26 at
1268 2148 126 30 auction
1423 2159 35 19 or
1476 2149 83 30 from
1597 2151 150 30 itinerant

1392 2197 137 41 drapers:

1251 2287 80 31 1897
1380 2287 184 32 SUMMER
1608 2289 93 31 1897.

1207 2434 83 22 SUITS
1300 2435 87 20 MADE
1397 2436 38 21 TO
1445 2436 147 21 MEASURE
1606 2438 140 23 FEOM<SOs.

1207 2478 121 79 FULL
1343 2479 144 33 RANGE
1499 2483 36 30 of
1541 2483 63 30 this
1618 2484 117 30 Season
1738 2483 6 13 1

1284 2520 146 33 Patterns
1449 2527 34 26 to
1512 2524 94 31 hand,

1462 2576 27 23 at

1310 2633 38 32 R,
1373 2633 42 30 .H
1436 2635 198 33 PARISH'S

1208 2701 520 48 BLANKETS!

1225 2801 519 49 BLANKETS!

1273 2893 248 26 EXCEPTIONAL
1549 2894 130 26 VALUE.

1208 2948 120 25 WHITE
1347 2949 174 25 COLONIAL
1532 2950 202 28 BLANKETS..

1208 3001 101 34 Bought
1320 3002 39 26 for
1368 3002 65 26 Cash
1446 3005 26 23 at
1490 3004 99 26 Lowest
1601 3005 57 25 Mill
1669 3006 76 31 prices

1596 3048 88 32 Larga
1693 3049 52 25 size

1210 3079 87 32 Single
1309 3080 62 25 Bed.
1396 3080 100 25 Double
1508 3080 56 26 bed.
1595 3082 91 25 double
1698 3082 48 25 bed

1243 3114 53 23 15s.
1310 3114 40 24 6d.
1420 3115 47 24 18s
1486 3114 41 24 6d.
1629 3115 46 25 2Gs
1688 3115 41 26 6d.

1248 3183 54 37 R.
1342 3183 52 39 H.
1437 3184 265 38 PARISH

1359 3267 72 22 JUST
1446 3267 37 21 TO
1498 3267 88 22 HAND

1244 3329 216 35 BARGAINS
1475 3334 49 30 for
1538 3336 64 30 tills
1618 3336 108 30 month

1211 3413 162 40 Another
1389 3414 112 52 Large
1516 3416 179 40 Purchase
1714 3418 38 38 of

1246 3496 237 42 SANITARY
1505 3497 212 42 FLATOEL

1209 3575 37 38 to
1260 3575 42 39 be
1317 3575 74 39 sold
1404 3576 114 39 below
1531 3575 127 40 landed
1673 3578 74 38 cost

1209 3658 17 31 I
1239 3659 79 32 have
1333 3660 68 31 sold
1423 3660 146 40 upwards
1585 3661 33 30 of
1631 3670 19 21 a
1665 3661 80 31 1000

1208 3743 95 40 yards
1317 3743 33 30 of
1364 3742 62 31 this
1439 3743 63 30 line
1515 3745 34 28 to
1557 3754 53 29 my
1625 3743 121 31 Oxford

1434 3825 118 31 clients,

1209 3921 181 26 COLONIAL
1410 3922 129 24 TWEED
1559 3922 187 25 TROUSERS

1373 3985 36 24 6s.
1432 3986 70 24 ALL
1526 3986 106 25 WOOL,

1289 4086 226 32 PURCHASE
1542 4086 118 31 YOUR

1343 4184 208 33 DRAPERY
1561 4183 54 32 AT
1751 4175 3 45 \

1371 4288 205 40 PARISH'S,

1207 4397 28 30 A
1257 4394 293 34 Warehouseman's
1577 4394 98 31 Stock
1711 4393 36 31 of

1208 4437 94 32 men's
1317 4437 104 39 shirts,
1444 4436 101 36 socks,
1561 4436 61 31 and
1643 4438 113 38 pants,,

1207 4478 173 43 purchased
1394 4483 33 26 at
1442 4488 19 20 a
1485 4477 88 42 large
1602 4476 145 32 discount

1207 4523 39 30 be
1261 4521 70 33 sold
1345 4518 101 34 below
1461 4519 116 32 landed
1594 4522 68 28 cost

787 188 41 24 TO
846 189 177 25 FARMERS.

636 258 45 58 IF
698 267 47 22 you
766 263 65 22 want
849 264 26 22 to
905 263 45 24 sell
979 271 62 23 your
1059 266 114 30 produce,

677 292 120 26 advertise
809 294 27 24 m
849 295 43 25 the
1161 308 14 16 a

637 333 56 17 sure
719 327 49 25 sale
785 327 48 24 will
850 327 31 26 be
898 329 43 24 the
959 332 84 24 result.

672 420 160 25 TERMS.—
834 423 37 24 2s.
894 431 44 20 per
966 424 60 25 inch
1054 427 39 24 for
1121 426 55 26 first

639 452 130 26 insertion.

673 520 41 25 All
731 522 75 24 small
823 522 205 28 advertisements
1046 527 26 23 to
1085 527 27 23 be
1120 527 58 30 paid

641 560 27 25 m
687 561 118 27 advance.

746 713 330 50 TENDERS.

647 810 211 44 rg^ENDERS
887 822 40 17 are
957 815 92 25 invited
1073 818 25 23 to
1121 816 60 33 keep

667 839 27 34 JL
734 847 70 23 clown
817 846 30 24 all
865 848 96 30 growth
978 849 40 24 &c.
1032 858 32 16 on
1076 850 43 24 the
1138 851 42 24 Bi-

644 874 68 31 cycle
735 879 87 26 Track,
849 879 104 26 Pearson
977 881 73 29 Park,
1079 883 101 29 Oxford,

644 908 38 24 for
691 910 29 26 10
729 912 111 24 months.
860 913 109 25 Tenders
977 915 65 24 close
1051 924 32 15 on
1095 916 86 25 March

645 941 58 25 25th
717 948 26 21 at
755 946 15 24 8
781 953 59 23 p.m.
876 946 53 25 The
941 946 86 27 lowest
1039 948 86 25 tender
1136 952 45 22 not

645 979 145 23 necessarily
805 979 122 30 accepted.

677 1009 51 26 For
739 1011 96 24 further
846 1012 147 31 particulars
1004 1014 73 32 apply
1089 1016 26 23 to

866 1086 40 26 W.
924 1086 35 26 H.
978 1087 137 26 ALFORD

977 1153 102 26 Oxford.

751 1276 314 47 WANTED.

653 1374 217 65 WANTED
882 1378 26 22 to
927 1376 124 31 purchase
1062 1377 66 25 from
1148 1379 32 23 50

768 1412 27 21 to
807 1409 50 24 200
867 1417 68 17 acres
952 1409 27 25 of
995 1410 67 30 land,
1082 1411 98 25 accord-

644 1440 44 32 ing
700 1442 26 23 to
737 1442 105 31 quality,
860 1443 27 24 m
898 1443 43 24 the
959 1443 92 25 Oxford
1064 1444 114 30 District,

644 1482 96 23 anyone
755 1475 91 32 having
866 1484 15 16 a
900 1476 74 25 Farm
994 1477 39 25 for
1056 1477 58 26 Sale
1138 1486 42 17 are

644 1508 129 31 requested
793 1510 26 23 to
841 1509 62 24 send
921 1510 147 31 particulars

763 1576 27 23 to
807 1574 40 25 W.

809 1640 76 26 Office
896 1641 28 25 of
933 1641 50 24 this
995 1649 84 25 paper.

776 1776 270 46 NOTICE.

639 1874 23 58 I
679 1874 54 32 Beg
750 1875 26 24 to
798 1874 91 25 inform
912 1874 43 25 the
982 1874 156 26 inhabitants
1155 1874 27 26 of

675 1907 96 26 Oxford
778 1907 50 24 and
840 1907 43 25 the
894 1908 84 31 public
986 1908 126 32 generally
1122 1908 58 25 that

638 1941 14 24 I
663 1941 61 25 have
736 1940 74 26 taken
830 1948 59 18 over
901 1942 44 24 the
969 1942 117 24 Business
1103 1941 77 32 lately

638 1975 95 24 carried
751 1982 34 17 on
807 1974 32 31 by
866 1975 58 29 MR,
946 1975 28 24 C.
996 1976 31 23 A.
1053 1975 125 28 TYLER,

639 2008 106 24 General
768 2008 105 29 Carrier,
893 2008 50 24 and
964 2011 67 22 trust
1054 2009 30 30 by
1108 2009 72 24 strict

637 2041 125 24 attention
774 2043 27 22 to
814 2041 116 24 business
949 2046 25 19 to
987 2042 74 24 merit
1080 2049 15 16 a
1107 2041 73 24 share

637 2074 26 25 of
672 2073 85 32 public
767 2076 112 29 support.

637 2140 108 24 Covered
757 2140 70 25 Vans
839 2140 49 26 will
900 2149 48 15 run
960 2140 66 25 from
1040 2140 139 24 OXFORD

746 2200 25 23 to
790 2197 273 26 CHRISTCHURCH

635 2285 94 30 every
760 2274 190 39 MONDAY,
980 2275 198 32 WEDNES-

697 2354 90 30 DAY
810 2353 88 31 AND
934 2354 177 31 FRIDAY.

834 2428 141 32 Returning

640 2490 209 37 TUESDAY,
876 2491 237 33 THURSDAY
1151 2494 27 30 &

790 2571 242 32 SATURDAY.

640 2644 133 25 Furniture
785 2644 50 25 and
855 2646 76 31 goods
943 2646 28 24 of
988 2655 73 24 every
1074 2647 104 32 descrip-

640 2679 53 24 tion
705 2678 95 32 packed
823 2681 49 22 and
891 2681 117 24 removed
1025 2686 27 18 at
1072 2681 107 25 shortest

865 2713 83 24 notice

741 2784 136 31 Receiving
889 2784 77 24 Order
989 2785 54 25 Box
1054 2786 27 23 at

642 2815 40 24 Mv
698 2815 141 26 Earnshaw
990 2818 70 25 West
1077 2817 101 26 Oxford.

642 2850 25 24 J.
680 2850 25 24 J.
719 2850 102 25 Weeber
995 2851 65 25 East
1077 2851 101 25 Oxford.

642 2883 35 24 H.
694 2883 129 26 Davidson
907 2884 123 26 Bennetts
1051 2884 128 26 Junction.

644 2916 27 26 C.
689 2918 31 24 A.
739 2917 73 31 Tyler
1044 2918 135 33 Rangiora.

643 2951 32 23 R.
694 2950 33 25 H.
745 2950 122 32 Hodgson
1110 2951 69 26 Oust.

660 3004 54 25 The
726 3005 75 24 above
812 3011 102 25 waggon
931 3013 49 16 run
999 3006 26 23 m
1046 3005 119 33 conjunc-

710 3038 53 25 tion
774 3038 62 24 with
854 3038 145 26 TYLER'S
1010 3046 105 25 waggon

688 3071 83 25 which
781 3071 84 25 leaves
886 3071 180 26 RANGIORA
1086 3072 50 25 and

644 3104 273 26 CHRISTCHURCH
929 3112 71 24 every
1018 3106 55 30 day,
1098 3106 83 25 orders

644 3138 45 24 left
701 3140 26 22 at
744 3137 43 25 the
797 3137 127 32 following
934 3138 83 31 places
1037 3140 27 23 m
1084 3138 96 27 Christ-

644 3170 94 25 church
752 3170 52 25 will
824 3171 97 24 receive
938 3176 99 27 prompt
1058 3173 124 25 attention

644 3220 31 24 E.
689 3220 80 26 Recce
781 3222 19 23 &
813 3220 61 26 Son.
1009 3222 120 24 Colombo
1142 3222 38 26 St.

644 3253 154 26 Rotherfield
814 3253 79 26 Hotel
977 3253 90 27 Cashel
1089 3254 91 27 Street.

644 3287 24 24 J.
687 3287 31 25 B.
736 3287 106 25 Watson
927 3287 137 27 Cathedral
1076 3289 104 31 Square.

646 3321 47 24 130
711 3321 109 25 Kilmore
839 3321 90 26 Street.
959 3321 146 32 Telephone
1132 3323 47 27 727

700 3430 48 46 J.
780 3427 276 59 CARTER,

853 3529 96 25 FERN
954 3529 93 30 HILL,

849 3604 105 31 EAST
976 3605 188 31 OXFOKD.

698 3781 108 45 MR
846 3780 275 56 MAYSON,

823 3870 165 27 TEACHER

891 3946 31 16 OF

689 4003 105 26 PIANO
815 4003 71 26 AND
909 4003 145 26 SINGING
1078 4004 48 25 etc.

882 4070 45 26 has

826 4138 162 30 vacancies

888 4212 40 24 for

731 4276 84 34 pupils
831 4276 29 26 m
877 4276 77 26 above
971 4277 115 32 subjects.

869 4344 88 26 Terms
969 4350 32 18 on
1013 4342 165 33 Application.

662 4389 499 70 PlANdrtlNiM
1173 4386 15 22 '

642 4504 92 26 Pianos
745 4502 77 27 tuned
838 4501 33 33 by
890 4501 44 26 the
953 4509 59 32 year
1030 4501 38 26 for
1088 4501 47 26 25s
1154 4500 29 27 of

824 4535 71 26 three
919 4535 78 26 visits.

64 187 220 50 gtfHBAY
319 186 281 45 EYEHIKfiS

88 271 192 42 LIME-LIGHT
298 268 280 41 ENTERTAINMENT

264 334 42 22 AT
327 334 66 21 THE

89 377 228 44 TO*WIT
357 375 216 43 HALL

176 440 110 31 EAST
310 439 169 32 OXFORD

149 505 83 30 First
247 505 32 29 of
294 504 52 30 the
363 503 93 29 series
472 512 40 20 on

125 555 180 38 SUNDAY,
329 553 129 32 APRIL
484 554 73 35 3rd,

233 615 32 25 at
282 610 69 30 7.30
374 618 66 29 p.m

237 690 134 23 SUBJECT
386 692 7 18 :
397 698 42 3 —

106 759 453 59 POMPEII

169 858 85 30 Past
272 865 67 21 and
355 855 150 30 Present

87 932 164 31 llustrated
260 933 41 38 by
317 942 17 19 a
345 930 113 41 special
468 940 68 19 new.
548 939 63 21 ser-

75 986 42 30 ies
139 987 32 29 of
199 986 139 29 Pictures
375 983 237 41 photographed

80 1037 78 31 from
172 1037 117 29 Nature
313 1036 60 30 and
398 1035 155 39 drawings
580 1034 32 30 of

72 1092 53 30 the
141 1091 71 40 City
226 1101 33 19 as
273 1091 25 29 it
313 1088 146 41 formerly
478 1088 102 31 stood.

171 1178 149 28 Admission,
351 1177 76 25 silver
444 1177 65 24 coin.

210 1318 265 48 NOTICE.

99 1418 44 25 TO
162 1417 164 25 FARMERS
344 1416 70 24 AND
433 1414 150 26 OTHERS.

73 1509 40 57 A
132 1505 160 26 MEETING
312 1505 50 24 will
387 1505 31 24 be
440 1504 59 24 held
517 1505 26 22 at
570 1503 42 24 Mr

132 1540 143 25 PAGET'S
298 1538 85 28 Hotel,
413 1536 198 29 THURSDAY,

72 1574 88 25 March
171 1573 70 28 24tb,
261 1576 25 20 at
299 1574 15 23 8
327 1580 58 23 p.m.

105 1607 119 24 Business
240 1614 6 20 ;
274 1604 79 31 Sheep
373 1604 74 30 yards
470 1605 26 23 at
514 1602 97 26 WEST

73 1639 137 26 OXFORD
230 1637 157 26 STATION.

85 1784 206 60 PUBLIC
337 1781 255 60 MEETING

104 1886 20 24 A
145 1884 125 26 PUBLIC
289 1883 162 25 MEETING
470 1883 51 24 will
544 1882 30 25 be

255 1946 58 24 held
331 1947 25 23 at
375 1945 42 24 the

185 2008 292 44 LIBRARY

314 2100 32 17 ox
367 2105 3 3 •

66 2153 277 36 WEDNESDAY,
373 2150 155 39 MARCH,
552 2151 48 29 23.

266 2217 25 23 at
310 2216 14 24 8
343 2223 59 23 p.m.

99 2260 36 24 To
156 2260 62 24 elect
241 2258 42 25 the
306 2258 122 31 delegates
446 2256 49 25 and
519 2256 85 24 confer

66 2304 59 24 with
148 2304 43 24 the
214 2301 183 25 Wainiakariri-
401 2300 93 31 Ashley
518 2298 86 25 Water

67 2347 95 31 Supply
174 2346 83 25 Board
268 2353 26 17 re
490 2343 27 25 of
534 2342 69 25 valu-

66 2392 77 24 ation.

159 2524 136 47 FOR
327 2523 178 46 SALE.

104 2627 45 28 To
165 2632 120 23 owners
300 2625 33 29 of
357 2624 216 33 Race-horses,

154 2667 149 35 Hunters,
326 2665 62 30 and
410 2664 113 31 others.

72 2707 167 82 OFFERS
265 2717 52 20 are
338 2707 120 29 invited
482 2706 51 29 for
555 2704 54 30 the

138 2749 163 41 purchase,
332 2748 32 30 of
393 2758 19 19 a
440 2746 169 40 thorough-

69 2792 77 29 bred
183 2791 83 40 Filly
305 2789 154 40 (Flossie),
511 2789 100 38 rising

69 2834 88 29 three
170 2843 88 19 years
273 2832 62 35 old,
357 2832 40 39 by
414 2829 195 35 Chancellor,

71 2879 54 26 out
141 2878 35 27 of
187 2875 152 30 Chestnut
350 2883 85 19 mare
450 2871 160 41 (Maggie),

71 2916 171 31 unbroken.
286 2915 87 40 Very
390 2914 94 40 quiet.
522 2913 87 31 Good

72 2969 81 29 goer.

116 2999 102 30 Offers
233 2998 82 30 close
330 3008 39 19 on
385 2996 111 30 March
512 2996 84 29 19th.

167 3080 174 32 GEORGE
366 3079 226 32 GARDINER

295 3161 79 30 East
397 3159 130 31 Oxford.

73 3319 54 30 TO
144 3319 170 30 OXFORD
332 3316 279 33 SAWMILLERS

85 3393 109 31 Please
216 3398 81 26 meet
319 3392 51 31 Mr
387 3392 156 32 Meredith
565 3394 33 28 at

317 3445 51 30 the

201 3497 293 47 LIBRARY

322 3583 35 17 on

115 3623 205 37 TUESDAY,
343 3622 153 31 MARCH
519 3624 48 29 22.

246 3685 26 21 at
289 3683 16 23 8
323 3683 32 23 30
373 3689 59 24 p.m.

109 3775 34 25 To
155 3782 105 23 arrange
283 3775 36 24 for
339 3774 43 25 the
402 3773 157 26 distribution
583 3775 27 23 of

73 3808 43 25 the
125 3809 82 24 order*
219 3809 37 23 for
268 3808 106 31 sleepers
383 3807 50 25 and
446 3807 67 26 birch
520 3807 87 32 plank-

75 3842 50 31 ing.

207 4024 117 21 EATING
337 4023 56 22 ACT
413 4024 60 20 1894.

147 4052 51 21 Sale
207 4053 35 19 tor
251 4051 162 27 non-payment
422 4051 25 20 of
455 4051 76 20 Bates.

73 4080 126 48 MESSRS
209 4079 99 20 TONKS
327 4078 122 21 NORTON
461 4078 17 19 &
493 4078 37 21 Co.
548 4078 60 21 have

120 4107 98 20 received
228 4106 146 21 instructions
379 4106 59 20 from
447 4105 40 21 the
491 4105 118 26 Registrar

73 4135 24 20 of
105 4134 41 20 the
165 4134 85 26 Supren
259 4140 13 14 c
291 4134 71 20 Court
379 4133 79 27 acting
475 4132 74 21 under
567 4132 41 21 the

73 4162 127 26 provisions
209 4162 24 20 of
242 4161 39 21 the
300 4162 72 20 above
381 4160 131 21 mentioned
531 4160 44 21 Act
583 4160 26 20 to

73 4189 42 21 sell
124 4189 30 26 by
172 4189 77 27 public
258 4189 92 20 auction
369 4189 26 19 at
404 4188 62 20 their
484 4188 125 20 Salerooms

73 4217 105 20 Colombo
190 4217 31 20 St.
232 4215 162 22 Christchurch
404 4221 30 15 on
443 4215 112 25 Saturday
567 4215 41 21 the

73 4244 45 19 2nd
125 4244 44 25 day
179 4245 23 19 of
220 4243 66 26 April
305 4245 7 17 1
318 4245 40 18 80S
367 4244 26 19 at
404 4244 25 18 12
448 4242 83 21 o'clock
549 4248 60 14 noon

73 4271 58 19 ALL
142 4271 81 19 THAT
241 4271 76 26 parcel
326 4271 24 19 cf
367 4269 56 21 land
432 4270 85 20 situate
526 4269 24 19 m
566 4269 41 20 the

75 4297 85 21 Oxford
170 4298 86 26 Survey
265 4297 97 21 District
367 4297 134 27 containing
511 4297 28 19 20
546 4302 62 15 acres

75 4332 25 14 or
109 4325 146 21 thereabouts
273 4325 70 26 being
361 4325 72 20 Rural
456 4324 92 22 Section
565 4324 42 20 No.

74 4353 69 21 23473
152 4349 50 25 and'
205 4353 41 21 the
255 4352 72 22 whole
336 4353 24 21 of
378 4352 40 21 the
428 4352 55 21 land
500 4351 107 22 included

73 4381 25 20 m
108 4381 127 21 Certificate
245 4381 24 20 of
287 4381 60 20 Title
357 4380 90 21 volume
456 4382 28 19 80
500 4380 56 20 folio
566 4380 40 20 163

73 4408 113 26 Together
205 4408 54 20 with
270 4408 32 20 all
314 4408 41 21 the
371 4407 116 27 buildings
497 4407 46 21 and
560 4407 47 21 im-

75 4436 144 26 provements
227 4435 101 21 thereon.

100 4462 45 21 For
163 4462 89 21 furthrr
269 4462 135 27 particulars
423 4462 70 27 apply
515 4462 25 20 to
566 4462 41 20 the

72 4490 146 21 Auctioneers
228 4495 24 15 or
261 4490 25 20 to
295 4490 29 21 H.
333 4491 26 19 O.
370 4490 28 20 D.
408 4490 83 24 Mears,
502 4489 107 21 Solicitor

72 4520 41 19 203
124 4518 132 21 Gloucester
265 4517 82 22 Street.

233 4544 167 19 Christchurch.
