3520 4630
1203 46 174 36 OXFORD
1400 51 225 33 OBbfcKVEB
1662 53 241 36 SATURDAY,
1940 50 152 33 MARCH
2116 48 51 35 19,
2199 46 89 30 1898.

2924 4339 105 26 Printed
3041 4339 50 26 and
3102 4337 134 34 published
3246 4340 132 33 by'UAiißA
3387 4343 80 26 Anne:

2916 4380 9 29 •i
2927 4385 4 10 :
2957 4379 101 33 Parish,
3077 4386 26 22 at
3114 4382 47 26 her
3180 4384 148 32 Eegi3tered
3347 4387 117 33 Printing

2915 4421 9 16 ::
2959 4427 84 29 Office,
3049 4424 96 34 v'^High
3169 4427 89 30 Street,
3277 4429 65 25 East

2959 4470 167 33 Canterbury.

3009 4527 132 26 Saturday
3158 4526 94 26 March
3272 4529 30 24 19
3332 4530 65 25 1898

2924 173 25 37 P
2978 166 479 44 MANNINGofiOMPANY

3122 256 138 23 LIMITED.

2954 317 270 27 CHRISTCHUBCH
3245 315 184 25 BREWERY.

3154 378 62 21 THE

3073 417 227 35 ALES

3056 461 132 21 BREWED
3197 461 40 20 BY
3252 460 72 20 THIS

3015 503 369 35 COMIP-AJSrY

3111 557 85 21 FROM
3206 558 63 20 TBE

2928 611 532 43 CttOIC£BTMMT«-ttofß

3040 664 46 21 Are
3096 663 174 27 acknowledged
3279 665 24 19 to
3312 664 29 20 be

2926 703 147 21 SUPERIOR
3082 703 37 21 IN
3128 703 137 23 QUALITY
3275 703 37 20 TO
3320 703 65 23 ANY
3391 703 19 19 P
3430 705 30 20 0-

2992 745 103 22 DUCED
3108 745 36 21 IN
3157 745 77 21 NEW.
3245 745 149 21 ZEALAND.

2953 783 110 28 Supplied
3067 785 25 20 to
3095 783 82 21 Hotels
3183 783 46 21 and
3236 783 93 21 Private
3335 783 127 22 Customer

2926 811 24 21 m
2959 811 143 26 Hogsheads,
3112 811 99 25 Barrels,
3223 811 139 25 Kilderkins,
3372 811 45 21 and
3427 813 34 19 10-

2926 839 88 26 --gallons
3025 839 62 27 Kegs
3097 839 60 26 only.
3291 846 42 7 ->

2928 891 116 42 PALE
3067 891 92 42 ALE
3180 891 96 42 AND
3306 891 155 42 EXTRA

3121 943 135 42 STODT

3011 995 92 23 Bottled
3126 997 24 20 m
3160 997 84 25 Quarts
3255 997 47 20 and
3309 997 71 21 Pints.

3013 1131 124 59 lIED
3149 1132 218 46 jraLLER,
3422 1145 4 32 :

3014 1180 5 22 !
3019 1183 3 7 '
3038 1202 4 9 :
3066 1185 20 38 Vf
3095 1186 12 29 /
3116 1190 163 24 SOLICITOR.

2978 1230 226 42 Cathedr^|iquai;e,
3219 1241 190 21 Chkistchukch.

2928 1272 49 21 Nos.
2990 1272 15 19 5
3017 1262 94 41 -wffitioi
3283 1272 99 22 Morten's
3390 1274 67 19 Build
3455 1286 9 15 j

3051 1297 70 27 'djigs;
3140 1300 48 21 nedi
3198 1301 51 20 Post
3260 1302 66 24 Office.

2969 1376 187 56 Money
3184 1374 55 46 to
3275 1376 142 45 Lend

2929 1449 30 14 on
2968 1443 33 20 all
3008 1443 57 20 kind
3076 1443 24 20 of
3110 1443 112 27 Security,
3230 1444 26 21 at
3276 1443 56 21 Low
3346 1444 77 20 Bates
3443 1444 22 21 of

3245 1485 5 4 ,
3274 1481 4 7 :
3293 1473 5 3 '
3309 1473 21 21 f

2957 1488 106 21 Interest.
3093 1488 88 27 Spscial
3194 1488 123 22 Terms^for
3321 1488 115 22 'Farmers.

2991 1633 424 47 EUCALYPTUS

3193 1705 14 13 ♦

2992 1733 61 19 THE
3067 1732 73 20 BEST
3154 1732 89 21 HOME
3258 1732 153 21 BEMEDIES

3048 1770 36 15 are
3098 1763 36 21 the
3143 1764 135 26 preparation
3289 1764 25 22 of
3321 1764 36 21 the

2933 1802 169 22 TASMANIAN
3121 1801 186 21 EUCALYPTUS
3322 1803 47 20 OIL
3383 1803 76 20 COMP

2961 1840 136 25 Universally
3107 1839 104 21 admitted
3220 1839 36 21 the
3265 1840 78 25 BEST,
3355 1840 114 22 PUREST

2933 1879 43 19 and
2985 1881 57 17 most
3052 1877 95 21 effective
3157 1877 136 25 Eucalyptus
3316 1877 142 21 Globulus'O

2932 1911 33 19 for
2985 1909 172 24 INFLUENZA,
3178 1909 92 25 Coughs,
3290 1909 64 21 Colds
3379 1910 43 20 and
3438 1910 31 20 all

2933 1942 65 21 Chest
3015 1942 43 21 and
3066 1941 63 25 Lung
3145 1941 113 21 affections
3272 1941 77 26 speedy
3359 1942 59 21 relief
3427 1942 42 21 and

2933 1975 56 20 Cure
3006 1975 34 19 for
3056 1973 157 25 Rheumatism,
3234 1974 122 25 Neuralgia,
3371 1975 98 26 Sprains-

2933 2002 71 20 Burns
3025 2003 34 19 &c.

2959 2036 134 25 Eucalyptus
3111 2034 105 21 Globulus
3234 2035 92 22 Extract
3335 2036 89 26 sprayed
3438 2036 31 21 in-

2934 2069 62 19 baled
3012 2068 43 20 and
3069 2068 66 20 taken
3144 2067 118 26 internally
3279 2068 33 20 for
3328 2068 35 20 the
3381 2069 87 26 'Jhroat,

2934 2100 98 26 Catarrh,
3049 2100 60 25 Hay,
3135 2100 101 25 Typhoid
3253 2100 43 20 and
3311 2100 83 21 Scarlet
3404 2102 65 20 Fever

2936 2133 128 20 MEASLES
3076 2133 97 20 thecrost
3183 2133 136 25 satisfactory
3329 2135 140 23 pieventative

2935 2165 42 19 and
2992 2165 61 20 Cure.
3081 2165 55 20 Send
3150 2165 51 19 Post
3218 2165 54 20 Card
3283 2168 22 17 to
3316 2165 36 20 the
3361 2166 62 20 Office
3437 2166 32 21 for

2935 2196 95 21 Circular
3044 2196 120 26 describing
3183 2198 136 19 treatment.-
3332 2197 137 27 Eucalyptus,

2934 2230 111 21 Ointment
3056 2231 35 20 the
3102 2230 69 25 Magic
3180 2231 80 21 Healer
3274 2231 21 20 of
3310 2231 69 23 Sous,
3393 2232 70 21 Burns

2934 2262 102 24 Wounds,
3052 2263 60 20 Boils
3130 2264 45 22 cfec,
3199 2263 135 25 Eucalyptus
3354 2264 57 26 Soap
3427 2264 42 22 Fra

2933 2296 62 23 grant
3006 2295 42 19 and
3057 2295 125 24 refreshing.
3206 2295 134 25 Eucalyptus
3349 2296 88 25 Jujubes
3448 2304 21 13 or

2933 2326 103 19 Pastilles
3045 2326 34 19 for
3088 2326 36 19 the
3150 2326 80 20 Throat
3241 2326 42 20 and
3293 2326 64 23 yoice
3373 2334 28 13 an
3415 2329 54 20 anti-

2935 2358 66 26 septic
3011 2359 42 19 and
3063 2358 122 21 stimulant.

2934 2391 126 26 Veterinary
3077 2392 35 20 Oil
3122 2392 42 21 and
3175 2392 111 21 Ointment
3296 2394 33 19 for
3340 2391 35 23 the
3385 2394 84 23 stables.

2961 2427 30 20 Be
3001 2432 48 15 sure
3058 2433 44 19 you
3112 2427 107 21 Purchase
3234 2427 38 21 the
3284 2427 102 27 Platypus
3405 2429 64 21 brand

2934 2460 52 24 only
2994 2460 22 18 of
3023 2460 30 19 all
3062 2460 114 24 Ohemists,
3182 2460 88 20 Grocers
3276 2461 43 18 and
3326 2460 143 26 Storekeepers

2934 2491 43 20 and
2990 2493 23 18 at
3028 2492 36 20 the
3075 2492 63 20 Office
3149 2493 12 20 9
3170 2492 114 20 Cathedral
3295 2498 75 20 square
3380 2493 89 21 between

2933 2523 101 21 Morten's
3048 2525 113 25 Buildings
3169 2526 40 19 and
3223 2525 35 21 the
3267 2526 52 20 Post
3330 2526 69 20 Office.

3099 2558 88 21 Oxford
3197 2559 79 27 Agent

2989 2594 26 21 R.
3025 2594 30 21 H.
3069 2594 120 26 PARISH,
3212 2596 77 21 EAST
3303 2597 119 21 OXFORD

3015 2633 141 26 Eucalyptus
3166 2633 38 20 Oil
3218 2633 30 27 1/-
3262 2641 41 19 per
3312 2635 77 21 bottle.

2954 2735 28 31 A
3003 2735 172 31 RECENT
3199 2737 250 33 DISCOVERY.

2934 2822 148 78 Ainost
3110 2821 179 39 efficacious,
3328 2823 140 40 pleasing

2995 2863 61 29 aud
3072 2862 155 40 palatable

3016 2920 139 41 CODBH
3176 2921 207 43 ffIXTOBE

2968 2984 460 57 MASGOTTE

3048 3066 21 22 A
3089 3065 94 23 certain
3201 3067 97 30 remedy
3316 3066 36 24 for
3387 3083 2 2 ■
3400 3087 2 3 .

2935 3110 105 31 SORE
3064 3105 293 40 THROATS,;.-;.':;
3377 3113 6 21 :

2993 3174 236 36 WHOOPING
3251 3177 155 38 COIIGrH,

3199 3233 266 35 BRONCHITIS

2930 3306 73 29 And
3019 3306 40 29 all
3076 3306 159 31 affections
3249 3308 34 29 of
3295 3308 58 30 tile.
3360 3309 106 31 throat

2931 3348 61 29 and
3008 3348 101 40 lungs.
3126 3349 3 10 :
3288 3356 6 24 .:
3297 3356 45 28 "''

3053 3421 70 27 Price
3141 3424 35 22 Is.
3195 3431 42 22 per
3255 3422 85 26 bottle.

3093 3504 96 17 OXFORD
3206 3506 88 16 AGENT.

2992 3535 400 49 E.H.PAEISH

2928 3619 141 24 Wholesale
3086 3620 95 30 Agents
3202 3621 173 24 McINTYEE
3389 3623 18 23 &
3420 3623 42 24 Co.

3055 3675 21 24 9i,
3088 3673 133 27 Cathedral
3235 3674 102 33 Square.-

2948 3934 221 22 oslzfozestd
3196 3935 3 4 '
3213 3936 239 22 bakbey

3030 3990 214 30 Established
3269 3993 80 28 1862
3409 3989 3 14 ;

2975 4056 125 29 FLOUE,
3112 4057 56 25 best
3179 4057 81 25 brand
3271 4059 60 31 only
3342 4059 68 31 kept.

2927 4108 144 31 SHAEPS,
3082 4136 4 3 .
3108 4110 81 26 OAT
3200 4111 27 25 M
3237 4111 79 30 EAL,
3352 4113 109 26 BEAN

3017 4165 293 32 CHICKENWHEAT,
3330 4169 42 25 &c.

2943 4219 40 21 AT
3011 4220 125 22 LOWEST
3164 4220 143 23 CUEEENT
3334 4223 102 22 EATE3

2445 173 55 44 F.
2531 171 50 46 B.
2604 171 186 57 LANE.

2462 253 92 40 (Late
2568 252 38 30 E.
2626 252 159 41 Butcher.)

2359 310 250 38 Watchmaker,
2638 312 184 36 Jeweller,
2838 311 53 30 &c.

2357 361 124 32 Importer
2514 364 27 23 of
2581 362 107 26 Musical
2723 362 170 25 Instruments

2457 406 111 24 Victoria
2589 406 38 25 Sfc.
2658 407 135 30 Eangiora.

2360 484 100 31 Special
2471 485 70 25 value
2564 484 27 25 m
2614 484 81 25 Extra
2717 486 87 29 strong
2816 483 77 26 Cased

2358 527 89 33 highly
2455 527 109 26 finished
2578 527 109 32 English
2704 528 81 25 Lever
2793 527 100 26 Watch-

2359 579 35 16 es.
2441 571 191 24 Manufactured
2649 573 27 22 to
2698 579 43 23 my
2769 571 73 24 order
2863 571 33 31 by

2360 611 56 25 best
2427 611 104 24 London
2550 610 108 25 makers.
2692 611 158 31 Unequalled
2858 611 39 24 for

2360 654 124 25 excellent
2497 653 178 33 Timekeeping
2688 654 53 25 and
2752 653 144 33 durability.

2393 698 30 24 F.
2442 698 31 24 B.
2486 697 96 25 LANE
2594 698 141 31 personally
2756 698 72 24 visits
2849 697 47 25 Ox-

2360 741 56 26 ford
2436 741 125 32 monthly,
2585 741 115 35 carrying
2720 749 15 17 a
2757 741 69 32 large
2848 741 48 25 and

2361 785 86 25 choice
2481 785 71 25 stock
2580 784 28 25 of
2639 784 127 29 Watches,
2795 785 101 29 Chains,

2361 828 136 28 Brooches,
2507 829 88 30 Rings,
2607 828 86 28 Studs,
2710 828 129 25 Pendants
2851 831 47 27 etc,

2364 872 143 32 Spectacles
2528 871 123 34 (Pebbles,
2668 872 169 26 Pantoscop&c
2849 872 49 25 and

2362 915 109 33 Crystal)
2484 915 97 29 Clocks,
2600 915 108 33 (Marble
2729 915 51 25 and
2798 915 100 33 Wood,)

2463 959 158 26 Accordeons
2632 959 50 25 and
2693 959 107 27 Violins.

2395 1025 82 24 Exact
2489 1024 58 25 date
2559 1023 27 25 of
2595 1024 62 25 each
2668 1024 60 25 visit
2750 1024 23 25 is
2784 1024 105 25 notified

2512 1068 28 25 m

2363 1112 150 25 Bepaibs.—
2515 1111 41 26 AH
2567 1112 94 31 repairs
2678 1120 43 17 are
2738 1112 118 25 executed
2867 1112 29 33 bj

2362 1156 94 32 myself
2476 1164 29 16 or
2521 1155 80 25 under
2616 1164 43 23 my
2679 1156 221 32 superintendence

2357 1223 6 13 ;
2364 1208 28 17 so
2413 1200 57 25 that
2489 1202 103 30 patrons
2604 1208 47 17 can
2673 1201 52 32 rely
2748 1208 32 18 on
2803 1201 98 32 getting

2364 1243 155 26 satisfaction
2529 1245 26 24 at
2567 1243 44 26 the
2622 1252 59 24 very
2691 1244 87 25 lowest
2787 1244 112 32 charges.

2397 1288 105 31 Eepairs
2514 1296 28 17 or
2550 1288 85 25 orders
2643 1296 58 24 may
2713 1288 30 25 be
2751 1289 45 25 left
2808 1291 26 23 at
2834 1303 34 4 —

2364 1336 26 25 J.
2409 1336 134 31 Weeber's,
2578 1336 66 25 East
2667 1337 101 25 Oxford,

2364 1382 26 23 at
2413 1380 41 25 W.
2478 1381 36 24 M.
2539 1380 38 28 C.,
2601 1381 64 25 East
2689 1381 101 25 Oxford.

2364 1423 24 25 J.
2406 1423 101 30 Brown,
2520 1423 160 31 Bootmaker,
2705 1424 70 25 West
2800 1424 100 25 Oxford.

2364 1467 78 26 W.J.
2457 1467 218 27 Crothers&Co..
2698 1469 70 25 Cust.

2398 1512 50 24 and
2465 1512 52 26 will
2523 1512 31 26 be
2565 1512 126 32 promptly
2703 1513 119 25 attended
2832 1515 35 23 to.

2364 1564 56 31 All
2431 1564 100 31 Work
2543 1564 78 31 done
2633 1575 44 20 on.
2686 1565 54 31 the
2752 1565 149 31 Premises

2490 1618 62 30 and
2567 1618 199 39 guaranteed.

2406 1731 475 56 HOLBROOK

2593 1818 69 21 AND

2367 1858 468 54 VALLANCE

2429 2019 203 32 COOPER'S
2686 2019 155 32 CREEK.

2471 2119 143 35 VIEW
2658 2120 141 39 HILL,

2366 2177 85 57 BEG
2475 2182 25 20 to
2521 2178 114 24 intimate
2655 2180 26 22 to
2710 2178 44 24 the
2776 2177 83 31 public
2882 2182 19 19 o,

2418 2211 93 25 Oxford
2528 2210 47 26 and
2594 2211 167 32 surrounding
2778 2210 106 24 District-

2366 2244 55 24 that
2434 2253 36 16 we
2489 2245 65 24 have
2577 2245 158 23 commenced
2747 2245 119 23 Business
2898 2248 3 10 '

2367 2278 166 27 saw-millers,
2559 2278 50 23 and
2629 2277 64 31 hope
2715 2277 32 31 by
2771 2278 73 24 strict
2862 2285 15 16 a
2878 2281 11 14 ll
2894 2281 7 14 *

2366 2310 97 24 tention
2472 2313 26 22 to
2510 2310 117 25 Business
2642 2312 25 22 to
2680 2310 30 24 be
2721 2309 115 26 favoured
2844 2310 57 24 with

2367 2343 63 23 their
2458 2345 111 29 support.
2616 2343 87 24 White
2728 2344 66 30 pine,
2826 2344 75 23 Eim

2366 2375 74 26 Birch
2453 2377 51 24 and
2517 2376 60 25 Coal
2599 2376 38 32 pit
2651 2384 77 24 props
2740 2377 27 24 m
2777 2379 80 29 anytq
2875 2385 26 16 ta

2367 2410 56 31 tity.

2367 2456 45 44 S.
2425 2456 57 44 B.
2497 2457 245 55 Seymour
2753 2457 41 42 &
2805 2454 96 45 Son

2568 2539 139 26 DENTIST,

2408 2582 27 21 21
2438 2582 12 19 5
2465 2580 106 21 Colombo
2586 2580 81 23 Street,
2691 2579 169 21 Cliristclmrch.

2435 2623 47 20 and
2496 2622 100 21 Burnett
2610 2622 76 20 Street
2698 2622 139 21 Ashburton.

2538 2693 179 20 CHAEG-ES:—

2435 2733 94 27 Filling,
2545 2733 23 20 5e
2576 2740 7 16 ;
2619 2732 133 22 Extraction
2762 2734 25 19 2s
2801 2733 36 20 6d.

2393 2811 97 20 Nitrous
2501 2810 60 21 Oxid
2571 2810 46 20 G-as
2628 2810 171 21 Administered
2803 2810 38 21 for
2846 2811 55 20 Pain

2364 2852 47 21 less
2420 2852 135 21 Extraction
2565 2852 24 20 of
2598 2852 80 21 Teeth.
2712 2853 46 20 Pee
2767 2852 36 21 for
2812 2852 89 20 Admin-

2367 2890 101 21 stration
2480 2892 32 19 ss.

2366 3266 207 33 GENERAL
2592 3266 309 35 IRONMONGER-

2407 3349 153 31 Builder's
2576 3349 155 31 materials
2752 3350 33 31 of
2808 3361 93 29 every

2364 3391 187 40 description
2568 3391 76 40 kept
2659 3392 32 29 m
2706 3391 98 36 stock,
2823 3393 78 28 roof-

2363 3432 65 40 fing
2443 3432 85 37 Iron,
2544 3432 98 41 Sheep
2658 3433 60 29 and
2733 3433 89 29 other
2835 3438 66 25 net-

2363 3475 78 38 ting.
2465 3474 83 30 Barb
2564 3474 61 30 and
2646 3473 91 33 Plain
2754 3475 80 37 wire,
2860 3475 41 29 all

2363 3514 93 32 kinds
2472 3515 42 31 of
2521 3515 64 31 Oils
2601 3516 74 39 kept
2689 3516 33 30 m
2738 3516 99 30 stock.

2390 3561 75 27 Agent
2473 3562 36 20 for
2611 3562 28 20 A.
2649 3562 91 20 Wood's
2748 3563 100 26 Eeapers
2855 3563 46 19 and

2362 3588 105 26 Binders,,
2480 3590 33 19 all
2522 3590 75 20 extras
2607 3590 56 25 kept
2672 3596 29 14 on
2710 3590 68 19 hand.

2362 3641 77 32 N.B.
2455 3643 151 30 Funerals
2618 3643 163 31 furnished
2795 3654 40 20 on
2846 3643 53 30 the

2486 3716 3 2 .
2503 3685 133 30 shortest
2651 3686 117 36 notice,,

2362 3727 61 29 and
2438 3737 39 19 on
2492 3730 82 27 most
2597 3728 178 29 reasonable
2794 3730 103 27 terms.

2394 3808 24 25 A
2434 3810 115 32 quantity
2567 3809 27 25 of
2609 3809 49 26 Oat
2671 3805 81 30 StWw
2769 3809 75 26 Chaff
2858 3810 40 25 for

2356 3841 65 25 'sale,
2468 3848 4 4 '
2534 3851 2 2 ■
2571 3849 3 3 '
2712 3841 6 11 ''
2800 3842 2 3 '
2839 3846 6 8 '-
2852 3847 10 10 v

2354 3887 4 23 ;
2386 3880 2 35 :
2427 3885 20 16 -:'
2474 3880 5 28 1
2503 3895 3 2 ■
2524 3901 1 1 .
2551 3894 13 12 ■.
2613 3889 26 9 ■■'■
2678 3884 3 3 ■
2716 3896 10 2 •■
2761 3885 85 27 >■•!■.>
2863 3889 17 15 '.•

2357 3939 33 4 —
2437 3923 26 16 "'•
2482 3924 18 30 I
2519 3934 7 9 '■
2526 3941 50 2 —
2602 3937 2 2 •
2747 3932 12 2 ••
2786 3929 1 1 •
2811 3933 2 2 •
2838 3933 3 22 :
2841 3940 55 4 —

2360 3986 47 44 J.
2430 3971 444 62 T^BfiOwisrife'-Syn.

2409 4054 95 23 •■-.(■'
2574 4054 2 2 '
2621 4055 124 17 :■■■•■-.

2376 4079 172 42 TIMBSJE&
2562 4079 90 25 COAL
2668 4080 191 25 LERCHANT

2481 4140 24 9 ■"'

2444 4176 96 24 *.-•*••••:.•
2588 4197 1 1 .
2645 4182 115 14 ■.•■-

2359 4227 35 30 --of
2405 4221 163 36 TIMBER
2590 4228 61 29 and
2677 4228 48 29 air
2745 4228 94 30 kinds
2865 4230 33 28 of

2373 4311 226 55 ■BUj-uji^ja
2620 4311 254 34 mao:eeials.

2435 4402 2 5 •
2541 4381 141 31 .'Corner
2701 4411 2 3 .
2726 4407 2 5 .
2744 4401 2 1 ■

2363 4454 117 33 -3:uam
2495 4455 64 31 and
2576 4454 151 33 Colombo
2755 4456 122 31 Streets
2886 4480 7 8 .

2411 4532 347 33 CHRISTCHUBCH

1263 181 114 89 B.
1473 186 133 87 H.
1674 181 513 92 PARISH

1448 334 198 61 EAST
1694 334 328 61 OXFORD

1519 467 36 11 •%U>-
1559 467 25 10 '111
1585 467 4 5 •
1592 467 32 12 'III*
1627 468 36 11 •«!«»•
1666 468 105 11 •lll*-lU'*«lir
1774 468 104 11 •Wl'Mlir-ttir
1880 468 31 11 •«•'
1919 467 30 11 <W

1179 526 381 90 Becord
1656 528 329 111 Reign
2065 523 267 90 Suits

1354 682 339 47 ENORMOUS
1753 681 390 47 SEDUCTIONS

1178 782 394 114 Kaapoi
1622 782 354 88 Tweed
2069 781 264 86 Suits

1180 937 455 86 Reduced
1682 943 103 80 to
1829 940 174 85 21s
2130 936 163 86 6d.

1448 1096 330 89 worth
1868 1096 192 86 30so

1176 1263 432 113 Kaiapoi
1659 1265 289 85 Coats
2012 1260 164 86 10s
2210 1260 123 86 6d

1176 1417 808 93 Trousers&Vest
2018 1417 164 86 10s
2209 1415 120 92 6d

1176 1577 224 33 Christdmrcli
1421 1577 125 30 Houses
1576 1576 155 30 advertise
1753 1586 19 20 a
1793 1575 101 40 single
1924 1578 144 38 garment
2097 1578 33 26 at
2166 1572 172 32 wholesale

1456 1629 103 39 single
1588 1631 146 38 garment
1750 1632 32 26 at
1797 1627 101 31 LESS
1912 1628 76 30 than
2004 1625 176 32 Wholesale
2195 1624 78 31 Cost

1179 1709 536 88 American
1860 1705 477 89 Leathers

1176 1872 125 81 Is.
1359 1896 183 84 per
1583 1867 162 114 yd.
1791 1863 312 89 worth
2143 1865 103 84 Is
2272 1862 62 89 7

1177 2020 222 33 Christchurch
1413 2023 112 30 houses
1541 2022 154 31 advertise
1715 2033 19 18 a
1756 2022 100 40 single
1872 2025 142 37 garment
2030 2024 32 26 at
2077 2018 162 32 wholesale
2254 2017 84 41 price

1315 2075 16 30 I
1343 2076 55 29 sell
1414 2086 18 19 a
1448 2076 105 39 Single
1569 2086 13 30 j
1583 2086 7 7 T
1592 2075 54 30 ard
1663 2079 33 25 at
1710 2074 102 31 LESS
1830 2075 75 30 than
1920 2073 176 31 Wholesale
2112 2072 85 31 Cost.

1181 2212 233 86 This
1453 2211 272 85 beats
1763 2211 170 85 the
1979 2206 353 90 travel-

1405 2348 221 109 ling
1677 2347 445 113 Drapers.

1176 2547 80 23 fTYHE
1275 2546 116 32 question
1401 2546 22 24 is
1435 2545 99 24 natural
1535 2558 34 5 —
1594 2544 67 31 Why
1673 2545 61 23 send
1748 2546 26 23 to
1787 2545 116 24 Christen
1907 2546 59 23 urch
1985 2546 39 24 for
2041 2553 62 24 your
2120 2546 111 30 Drapery
2239 2546 12 22 ?
2286 2545 52 24 The

1182 2570 21 33 JL
1240 2579 103 31 drapery
1355 2578 54 25 sold
1418 2579 26 23 m
1452 2578 58 24 that
1521 2577 51 31 city
1583 2586 73 22 every
1668 2586 46 15 one
1726 2578 94 28 knows,
1833 2578 22 24 is
1867 2580 45 23 not
1923 2579 72 24 made
2007 2579 77 28 there,
2103 2578 46 25 but
2159 2578 131 31 imported.
2325 2578 14 24 I

1177 2614 84 30 mport
1271 2613 67 23 from
1349 2612 44 24 the
1405 2611 54 24 best
1471 2610 108 31 English
1592 2610 50 24 and
1660 2610 88 24 Scotch
1761 2610 101 25 houses.
1909 2611 72 25 lam
1993 2611 106 25 enabled
2110 2613 27 23 to
2148 2613 124 30 purchase
2290 2612 49 24 low

1176 2646 50 24 and
1235 2646 47 24 sell
1294 2647 26 23 at
1329 2653 15 16 a
1355 2647 54 22 rate
1421 2644 26 24 of
1456 2643 75 32 profit
1544 2644 53 32 (my
1609 2651 119 23 expenses
1740 2643 73 32 being
1824 2644 82 32 small)
1919 2645 57 24 that
1988 2645 82 25 would
2081 2645 31 26 be
2130 2645 145 25 considered
2296 2645 42 24 ab-

1177 2679 58 25 surd
1247 2679 31 31 by
1295 2686 48 23 any
1364 2677 179 25 Christchurch
1567 2676 200 24 establishment.
1820 2677 45 31 My
1886 2677 76 25 Stock
1981 2678 22 24 is
2022 2678 44 24 the
2085 2678 95 32 largest
2198 2678 51 24 and
2270 2680 68 23 most

1175 2713 84 23 varied
1278 2711 58 25 that
1346 2711 46 24 lias
1404 2718 56 17 ever
1470 2711 64 23 been
1545 2709 88 24 shown
1643 2709 28 24 m
1682 2709 44 24 the
1737 2710 104 29 district,
1855 2710 50 23 and
1916 2711 39 24 for
1965 2711 93 31 quality
2078 2712 49 23 and
2146 2711 73 25 value
2235 2713 59 29 puts
2311 2713 27 23 m

1175 2746 30 24 he
1217 2746 78 24 shade
1312 2744 76 33 goods
1400 2744 92 24 offered
1504 2742 33 31 by
1548 2742 104 31 visiting
1663 2742 116 25 hawkers
1793 2744 62 23 Srotn
1867 2743 44 25 the
1929 2744 183 25 Christchurch
2124 2753 46 24 rag
2181 2746 89 24 marts.

1207 2799 94 25 Dress
1313 2798 166 31 Materials,
1492 2797 88 25 Plain
1592 2797 60 24 and
1663 2796 104 31 Fancy
1778 2796 80 25 from

1207 2855 27 25 A
1251 2855 110 30 Strong
1378 2855 87 25 Stout
1482 2853 133 26 Durable
1633 2852 127 31 Kaiapoi
1777 2852 114 25 Tweed
1907 2853 52 32 2/6
1971 2859 55 25 per
2036 2854 77 30 yard
2120 2874 3 4 .

1807 2896 108 25 Makes
1927 2897 157 26 first-class
2101 2897 91 33 Boys'
2211 2898 91 27 Suits.

1207 2954 57 25 Art
1281 2954 139 30 Muslins,
1440 2953 157 31 Cretones,
1617 2952 80 27 Lace
1715 2952 139 25 Curtains
1873 2953 54 24 &c.

1207 3017 24 30 A
1250 3016 110 26 Choice
1378 3015 168 26 Collection
1565 3016 33 25 of
1612 3015 121 32 Gloves,
1761 3015 78 32 Ties,
1868 3015 131 33 Aprons,
2030 3017 166 27 Insertions
2214 3019 54 24 &c.

1410 3087 581 15 >♦♦♦♦♦♦♦♦♦♦♦♦♦♦»♦♦♦»»♦♦♦♦♦♦♦♦♦♦♦♦♦«♦♦♦•♦?»

1207 3142 102 25 Prints
1321 3141 79 24 from
1413 3139 52 25 4d.
1478 3144 54 26 per
1544 3138 84 30 yard.
1642 3137 141 31 Muslins,
1796 3137 139 30 Selesias,
1950 3135 126 30 Calicos,
2091 3134 54 26 &c.

1794 3181 88 25 With
1899 3180 88 25 other
2004 3178 195 26 Manchester
2215 3179 87 31 lines.

1206 3236 88 31 Hats,
1313 3235 104 31 Fancy
1434 3233 60 26 and
1512 3231 106 32 Sailor,
1637 3232 31 24 m
1684 3230 106 26 White
1807 3231 61 24 and
1885 3229 125 26 Colors.'

1280 3273 5 10 '
1752 3274 127 25 Newest
1896 3273 124 31 Shapes.
2054 3272 98 31 Large
2169 3274 132 32 Variety,

1205 3332 148 30 Flowers,
1372 3330 155 28 Feathers,
1546 3327 150 29 Ribbons,
1715 3324 106 32 Laces,
1840 3323 75 32 Jets,
1935 3323 55 25 &c.

1679 3367 87 24 With
1783 3367 42 23 all
1841 3365 186 24 necessaries
2044 3363 48 25 for
2109 3363 191 30 Trimmings.

1204 3419 103 31 Fancy
1324 3418 140 30 Frillings
1484 3417 76 31 3yds
1572 3417 47 24 for
1629 3415 37 33 1/-
1683 3414 103 26 worth
1797 3413 50 30 9d,
1866 3417 56 26 per
1933 3412 83 31 yard,

1741 3457 184 30 Umbrellas,
1943 3455 153 30 Parasols,
2116 3455 184 32 Sunshades,

1492 3509 244 46 DOUBLE
1797 3508 215 43 WIDTH

2134 3649 10 5 ...
2169 3636 6 7 '■
2235 3643 10 14 5.
2273 3641 1 3 '
2297 3645 1 2 ■

2073 3765 3 3 ■
2092 3758 12 19 ".'
2125 3770 15 11 •'.
2159 3758 13 24 j
2203 3759 11 22 '";
2241 3757 7 21 '.
2279 3760 2 2 '
2293 3759 3 2 '

1178 4043 10 7 ■./
2101 4042 2 2 •
2145 4043 2 2 ■
2247 4047 2 2 .

1409 4061 320 89 worth
1763 4063 108 81 Is
1936 4059 160 85 6cL

1476 4191 3 7 ■
1524 4194 40 11 •■■•
1835 4174 21 32 1-
2321 4177 6 32 ]

1174 4336 133 35 English
1321 4333 128 38 Witney
1459 4329 149 33 Blankets
1623 4330 33 28 to
1666 4310 159 61 |JHP§:'B'
1825 4328 14 26 t
1849 4324 146 31 fessthan
1998 4335 4 9 !
2006 4322 182 46 -Mel%Jii|ne
2202 4325 130 33 Whole-

1174 4392 63 29 sale
1258 4390 130 38 price—
1388 4386 121 31 Double
1524 4383 69 31 Bed
1610 4376 149 52 Sps|p
1760 4399 7 18 ?
1767 4406 9 7 ..
1793 4377 49 30 Qd.
1858 4395 20 11 .«
1894 4377 102 30 worth
2011 4376 94 38 16s.£-
2117 4377 50 40 §£.
2188 4388 58 29 per
2260 4390 71 29 pair

1314 4430 157 38 ...cheaper
1485 4426 78 30 than
1578 4419 225 50 Cl|qtt|lMirgh
1816 4419 114 30 houses
1944 4417 138 47 will^sell
2096 4417 94 32 them.

1183 4522 105 33 v«.
1311 4526 7 13 :
1337 4509 113 44 Hf'
1464 4519 2 8 ;
1483 4510 324 40 F&RXSHD
1861 4510 156 35 East
2053 4508 241 49 Oxfjpi^cl
2309 4532 14 12 .

1481 4576 4 19 i

598 172 176 34 KAIAPOI
809 176 153 31 TWEED
1006 179 130 32 SUITS.

827 230 55 30 21s

683 269 147 31 STRAW
850 270 148 31 HATS!!
1022 274 34 29 Is

771 357 326 36 STEAWHATS!!!

760 440 96 27 HALF
873 442 112 27 PRICE.

606 484 81 25 UST
700 487 25 23 to
737 485 101 25 hand—
840 487 49 25 late
901 488 39 24 for
957 489 43 24 the
1010 497 94 22 season,
1117 493 26 21 to

605 525 13 16 c
654 518 54 25 sold
730 521 27 22 at.
783 519 128 32 half-price
912 535 32 5 —
946 521 91 26 Ladies
1064 522 80 25 Saiolr

605 550 66 24 Hats
683 554 27 21 at
722 553 37 23 Is.
794 554 79 23 worth
889 555 38 23 2s.
962 555 83 24 Men's
1078 555 65 31 Leg-

607 584 59 24 horn
677 584 73 25 Hats.
784 585 74 33 Boy's
870 586 105 27 Boaters
989 591 25 22 at
1022 588 36 25 Is.
1066 588 78 25 worth

608 617 36 24 2s.

609 665 261 47 JHULL-SIZE,
914 668 232 26 ALL-WOOL

824 740 119 26 WHITE

635 811 210 50 KAIAPOI
870 814 249 49 BLANKETS

710 899 80 46 19s
822 900 61 45 6d
924 901 132 46 Pair.

654 1011 73 21 BEST
743 1011 101 23 VALTJE
861 1014 82 20 EVER
957 1015 135 20 OFFERED

626 1233 179 178 Hf
854 1309 250 45 youths
1104 1310 13 18 '

654 1379 134 90 /iiiSi
884 1407 66 35 mi
979 1407 46 36 w
1023 1419 43 24 °°
1068 1408 16 35 i

642 1470 20 65 I
687 1504 79 31 WW
816 1491 179 26 GOLONIAL
1018 1493 128 25 TWEED

612 1538 138 83 Nt^M
861 1566 218 35 SUITS

651 1681 118 32 BOY'S
799 1683 305 31 DEPAKTMENT.

612 1737 201 412 tT
828 1787 58 17 now
895 1780 117 24 continue
1023 1784 25 20 to
1060 1782 88 24 devote

790 1806 23 31 JL
850 1813 99 31 Special
967 1814 132 25 Attention
1120 1819 28 20 to

789 1846 52 25 this
856 1846 172 32 Department,
1042 1849 49 23 and
1108 1856 40 17 am

837 1906 73 21 NOW
937 1907 156 21 OFFERING

870 1977 198 34 XARGIfLINE

844 2061 141 20 KNICKER
1007 2057 85 33 SttlTS

791 2097 26 21 at
831 2096 40 21 the
891 2095 118 27 following
1023 2096 126 27 SPECIAL

669 2177 32 21 To
711 2177 28 21 fit
748 2178 60 26 Boys
817 2178 13 19 3
840 2177 73 20 Years
924 2175 34 26 5/6
983 2175 12 20 5

829 2211 13 21 7
853 2211 72 20 Years
938 2210 36 27 5/6

610 2270 86 39 Boys
720 2270 132 30 Blouses
886 2269 43 29 Is.
969 2268 59 35 6d.,
1047 2265 102 32 worth

819 2312 44 29 2s.
887 2310 49 35 6d,

610 2379 115 36 Prints,
746 2378 115 32 checks
877 2378 61 30 and
961 2376 114 39 stripes

610 2433 96 31 Table
728 2432 161 37 Damasks,
914 2429 231 33 unbleached-

751 2485 114 40 special
907 2484 92 30 value

608 2558 115 29 Brown
759 2556 138 29 Holland
934 2565 78 28 very
1049 2554 99 38 cheap

610 2608 191 30 Flannelette
818 2607 60 29 and
895 2606 153 39 Shirting,
1067 2605 81 40 good

690 2660 91 30 value
802 2659 80 30 from
904 2659 51 29 4d.

749 2741 32 24 R.
800 2741 35 23 H.
855 2740 144 25 PARISH.

734 2817 103 31 Easfe
861 2814 160 33 Oxford

750 2909 31 24 R.
800 2910 35 23 H.
856 2910 142 24 PARISH.

805 2982 64 23 East
889 2981 102 31 Oxford.

638 3062 102 25 MOBE
750 3062 184 25 BABGAINS
945 3062 71 25 FOB
1028 3062 84 25 THIS

805 3102 137 24 MONTH.

605 3155 75 24 500.
689 3155 99 25 Yards
812 3156 33 23 of
865 3154 145 31 Winceys
1040 3154 104 25 reduced

733 3201 3 4 •
779 3188 65 24 from
857 3188 32 24 9d
901 3191 24 21 to
939 3189 31 23 Gd

605 3221 111 26 Cotton
733 3222 114 25 Tweed
867 3221 105 25 reduced
992 3221 64 24 from
1069 3222 28 23 Is
1118 3222 26 23 to

855 3255 40 24 9d.

605 3302 133 27 JHr^HIS
752 3302 95 25 Season
871 3302 108 32 Figured
1000 3302 68 25 dress
1080 3304 63 23 mat-

618 3327 32 41 j|
694 3336 71 24 erials
777 3336 105 24 reduced
895 3337 63 23 from
971 3337 37 23 3s.
1022 3335 41 26 Gd.
1077 3342 24 18 to
1114 3337 29 24 2s

603 3369 22 23 A
647 3368 96 26 further
1009 3378 33 15 on
1066 3370 78 24 Dress

603 3402 108 30 Tweeds,
732 3410 43 24 my
788 3405 27 22 Is
833 3403 33 24 4d
878 3403 49 24 line
949 3410 54 18 now
1016 3403 88 31 selling
1117 3405 26 23 at

604 3438 35 21 Is.

602 3469 56 25 Art
676 3469 129 25 Muslins
824 3469 40 24 3d.
885 3477 45 24 per
941 3469 68 31 y&.rd-

728 3518 110 24 NAVY
870 3516 141 26 SERGES

686 3552 111 23 Reduced
811 3552 68 29 from
891 3552 29 22 2s
943 3555 22 19 to
976 3551 30 23 Is
1019 3551 38 24 6d.

621 3594 118 23 WHITE
753 3593 158 24 ENGLISH
930 3593 194 24 BLANKETS.

986 3625 142 30 Large-size

603 3659 87 31 Single
704 3659 61 24 Bed.
784 3658 100 25 Double
896 3658 62 25 Bed.
977 3657 99 25 Double
1089 3657 51 25 Bed

635 3750 85 57 7/6.
812 3751 115 58 10/6.
996 3751 117 59 12/6.

621 3843 94 31 Special
725 3843 72 25 Note.
801 3858 31 3 —
835 3844 64 24 Cash
918 3845 123 24 Discount
1054 3847 28 22 Is
1094 3845 36 24 off

814 3889 71 24 every
904 3883 25 23 £.

744 3972 127 22 DOUBLE
893 3971 112 22 WIDTH

658 4047 433 43 CHEVIOT

620 4130 196 47 DRESS
871 4130 258 46 TWEEDS

785 4245 80 38 (half
880 4245 96 37 price)

619 4356 120 30 Melton
758 4351 113 33 Tweed
887 4351 51 32 6d.
956 4349 103 32 worth
1074 4348 60 41 10£

605 4404 119 30 Melton
739 4402 115 31 Tweed
869 4402 45 29 Is.
930 4399 102 31 worth
1047 4399 45 29 ls\
1106 4398 40 28 6d

619 4457 102 30 better
745 4453 92 32 value
861 4451 78 31 than
964 4448 169 39 travelling

607 4512 135 39 drapers
760 4508 70 33 will
847 4508 73 39 give
937 4517 72 30 you.

43 173 122 31 WAIM
169 173 198 32 AKARIRI-
371 176 83 31 ASH
463 176 79 31 LEY

27 239 158 31 WATER
208 239 171 31 SUPPLY
416 242 151 30 BOAED

68 314 144 31 Election
228 315 33 30 of
285 325 80 20 mom
370 315 52 30 her
435 316 31 29 m
482 316 88 39 place

29 357 32 29 of
76 355 50 30 Mr
139 355 82 31 John
240 355 189 32 O'Hallaran
454 358 106 40 resign

31 400 48 32 ed,
95 399 76 29 took
193 399 89 38 place
297 409 40 19 on
358 399 126 41 Friday,
510 401 63 29 and

40 440 135 33 resulted
193 449 33 21 as
240 439 132 31 follows.

237 538 129 30 Oxford.

35 589 121 40 Dalley,
182 590 145 37 Richard,
349 592 38 30 B.
537 594 39 29 88

38 646 121 41 Burgin
182 647 131 31 Thomas
537 651 40 30 48

83 768 151 40 Majority
256 768 50 31 for
327 769 123 40 Dalley,
473 770 50 36 40,

45 960 39 41 A
98 961 256 40 Snowstorm
365 960 47 39 m
424 959 152 40 Russia

47 1606 20 21 !b
89 1613 13 14 a
124 1606 89 21 terrible
228 1606 72 26 thing,
323 1606 41 20 but
382 1606 51 20 that
450 1610 89 21 scourge
557 1604 22 21 >>1

47 1634 140 23 civilization,
205 1632 64 21 Liver
285 1632 42 21 and
343 1632 89 26 Kidney
448 1632 96 24 Disease,
561 1631 18 20 ia

47 1660 133 26 responsible
189 1660 34 19 for
233 1659 33 20 far
275 1665 59 13 more
344 1659 112 25 u.orcality
466 1658 55 19 than
534 1663 44 20 any

48 1686 63 20 other
130 1692 69 14 cause.
238 1685 108 20 Warner's
369 1685 50 21 Safe
443 1684 58 21 Cure
518 1690 61 14 cures

48 1712 65 21 Liver
122 1712 95 24 Disease,
229 1712 85 20 becavsi
328 1714 17 18 it
362 1712 40 20 his
417 1718 14 13 a
444 1710 81 26 specific
535 1710 44 21 and

45 1739 90 25 positive
153 1739 70 20 a<tion
242 1745 26 12 on
284 1739 33 19 the
334 1738 59 25 liver,
412 1738 120 25 increasing
541 1737 38 20 the

48 1766 105 19 secretion
175 1765 42 20 and
236 1764 49 20 flow
303 1765 22 20 of
344 1765 50 24 bile,
414 1764 122 26 regulating
549 1763 30 20 its

48 1792 134 25 elaborating
199 1792 117 23 functions,
336 1792 111 25 removiug
458 1790 121 25 unhealthy

47 1818 127 21 formations
176 1830 26 3 —
203 1819 22 19 m
243 1818 52 24 fact,
317 1820 107 24 restoring
443 1817 30 20 its
491 1817 88 19 natural

47 1846 101 25 activity,
163 1846 94 19 without
272 1845 70 20 which
358 1844 56 27 good
428 1843 73 21 health
511 1844 19 20 is
539 1844 38 20 im-

47 1872 99 26 possible.

76 1898 40 20 We
131 1898 54 19 wish
205 1900 23 17 to
247 1898 89 25 impress
351 1904 58 19 upon
421 1903 64 18 every
499 1902 78 20 person

47 1925 38 20 the
94 1925 106 25 necessity
210 1924 23 20 of
248 1924 92 26 keeping
353 1924 38 20 the
407 1924 54 20 liver
475 1923 22 19 m
508 1929 12 13 a
529 1929 48 20 per-

46 1952 68 25 fectly
125 1952 89 24 healthy
224 1951 118 22 condition,
353 1957 24 13 so
386 1951 50 19 that
445 1950 19 19 it
473 1950 46 20 will
528 1956 48 19 pro-

45 1978 62 26 perly
117 1981 98 23 separate
229 1978 39 19 the
282 1977 135 20 albuminous
431 1976 110 24 elements,
552 1982 24 14 as

45 2005 49 19 well
108 2011 23 13 as
148 2004 75 19 enable
240 2004 19 19 it
274 2008 23 15 to
312 2004 78 19 relieve
400 2004 38 19 the
447 2003 129 19 overloaded

45 2031 123 20 bile-ducts.
198 2030 94 25 Regular
301 2030 41 20 and
360 2028 89 22 faithful
457 2031 119 17 treatment

45 2058 54 19 with
109 2058 108 18 Warner's
228 2057 49 19 Safe
287 2057 56 20 Cure
352 2057 18 19 is
386 2057 81 25 always
482 2062 93 14 success-

45 2084 39 20 ful.
114 2083 110 21 Warner's
233 2084 50 20 Safe
298 2083 54 20 Pills
360 2090 37 13 are
406 2083 45 19 also
461 2082 80 26 always
551 2085 23 17 to

44 2111 27 20 be
80 2111 59 20 used.

74 2260 79 42 W.
186 2259 64 43 H.
282 2257 277 45 ALFOKD

63 2342 231 37 WATCHMAKER
319 2342 22 37 &
385 2342 173 37 JEWELLER

118 2415 86 23 MAIN
221 2413 135 26 STREET
375 2414 138 24 OXFORD

173 2549 269 45 NOTICE.

37 2647 53 25 The
121 2647 93 24 Oxford
241 2646 106 32 Library
374 2646 22 25 is
424 2653 61 24 open
509 2653 70 23 every

38 2691 113 30 Tuesday
164 2691 50 23 and
236 2690 123 31 Saturday
389 2690 96 30 niglits,
513 2689 65 24 from

36 2736 58 22 G3O
108 2742 68 23 p.m.,
200 2737 24 21 to
247 2735 14 23 8
274 2742 70 23 p.m.,
369 2733 50 24 and
451 2740 32 16 on
508 2740 71 23 every

38 2778 123 25 alternate
174 2777 132 33 Thursday
331 2777 141 28 afternoon,
505 2775 71 34 (Sale

36 2823 79 32 Days)
140 2823 64 24 from
218 2824 13 22 2
246 2824 32 23 30
290 2830 66 23 p.m..
373 2824 26 23 to
412 2824 14 22 5
438 2829 60 24 p.m.

228 2895 24 21 L.
271 2894 125 30 REEVES,

322 2928 62 23 Hon
395 2926 146 25 Librarian.

87 2974 177 23 Subscription
289 2973 36 23 2/-
339 2980 50 16 per
407 2972 120 29 Quarter

56 3106 127 41 TIME
217 3109 47 39 IS
295 3107 264 41 PRECIOUS,

299 3168 16 19 ♦

147 3236 63 37 Wm
226 3244 4 29 i
254 3234 107 39 Pi§FP
392 3234 6 39 1
430 3230 9 43 1
466 3233 7 40 i

112 3801 32 75 i
170 3838 40 77 ,j
198 3861 46 53 r
261 3807 16 70 \

71 3927 61 21 Time
141 3928 19 20 is
169 3928 99 27 precious
278 3929 62 19 when
349 3935 44 19 you
403 3930 60 19 want
475 3930 24 19 to
514 3929 61 20 catcfc

44 3961 13 13 a
66 3955 66 22 train,
142 3955 40 20 but
192 3956 19 19 it
221 3955 18 20 is
248 3955 101 26 priceless
360 3956 62 20 when
431 3956 38 20 the
475 3956 100 25 question

44 3981 23 20 of
85 3982 73 19 health
176 3982 19 19 is
211 3982 131 20 considered.
377 3982 34 20 Do
428 3984 39 18 not
485 3982 64 26 delay
564 3989 11 13 a

43 4011 96 17 moment
149 4008 17 19 if
181 4014 43 19 you
238 4009 65 19 suffer
313 4015 43 18 any
369 4009 23 19 of
409 4009 38 19 the
456 4011 120 23 symptoms

44 4035 22 19 of
92 4034 95 27 Bright's
212 4034 94 25 Disease,
328 4035 102 23 Bladder,
456 4034 72 25 Liver,
552 4041 24 15 or

43 4061 89 26 Kidney
144 4061 94 24 Disease,
249 4061 157 24 Rheumatism,
417 4061 157 25 Nervousness,

43 4087 129 26 Dyspepsia,
209 4087 94 26 Dropsy,
341 4087 110 24 Diabetes,
487 4087 87 24 Gravel,

43 4113 87 21 Female
140 4113 149 26 Weaknesses,
300 4120 25 14 or
333 4113 143 21 Prostration.
516 4113 60 21 Take

44 4147 41 13 one
94 4147 24 13 or
127 4141 62 19 other
199 4141 22 19 of
231 4140 111 21 Warner's
351 4140 50 21 Safe
417 4140 68 22 Cures
496 4146 24 14 as
529 4146 46 21 pre-

45 4167 84 21 scribed
158 4168 23 20 m
210 4167 92 21 Warner
331 4167 44 21 and
384 4172 4 4 '
402 4167 36 21 Co.
464 4166 113 22 Limited's

45 4195 130 26 pamphlets.
278 4213 4 4 ,

73 4221 109 21 Warner's
193 4221 49 21 Safe
257 4221 56 21 Cure
326 4227 44 15 was
386 4228 13 13 a
414 4222 62 25 graat
485 4220 92 22 medical

45 4247 119 25 discovery,
177 4252 40 16 not
226 4254 14 13 a
248 4248 105 25 sneaking
365 4247 108 21 imitation
482 4247 23 20 of
518 4254 59 14 some

45 4273 63 20 other
117 4273 91 21 medical
217 4274 147 27 preparation.

72 4299 109 22 Warner's
200 4301 50 21 Safe
272 4301 114 20 Remedies
409 4307 37 13 are
464 4300 63 20 made
548 4306 28 14 on

45 4326 75 25 honor,
142 4334 55 14 none
215 4328 40 20 but
271 4327 38 21 the
323 4329 76 24 purest
416 4327 43 21 and
475 4327 48 20 best
544 4327 32 21 in-

44 4353 111 26 gredients
173 4354 98 27 entering
289 4355 48 20 into
353 4354 57 21 their
425 4354 150 26 composition.

45 4380 62 26 They
116 4387 37 13 are
161 4384 39 18 not
209 4382 67 25 cheap
282 4381 23 21 m
312 4388 42 19 any
363 4388 61 14 sense
431 4381 23 21 of
463 4382 39 19 the
507 4381 72 24 word,,

45 4407 44 19 and
107 4409 78 19 cannot
204 4407 27 21 be
248 4407 47 21 sold
313 4408 24 20 m
362 4407 141 26 competition
522 4407 54 21 with

45 4433 68 25 cheap
123 4433 43 19 and
174 4437 66 22 nasty
249 4434 128 20 decoctions.
409 4434 40 20 We
464 4435 59 18 trust
537 4440 40 14 our

44 4459 90 25 friends,
151 4459 35 21 for
200 4460 57 20 their
273 4466 49 14 own
337 4459 63 27 good,
412 4458 47 22 will
469 4459 66 20 insist
548 4466 29 14 on

44 4485 82 27 having
134 4486 61 21 what
203 4487 53 25 they
265 4486 40 21 ask
313 4487 58 20 their
380 4486 92 21 chemist
480 4485 42 25 for,
533 4486 44 21 and

44 4515 41 18 not
101 4513 26 20 be
136 4516 41 23 put
186 4513 32 21 off
231 4513 54 21 with
300 4520 43 19 any
358 4513 44 21 vile
417 4512 122 22 substitute
553 4520 24 14 or

44 4539 112 22 imitation,
164 4540 35 20 for
236 4540 109 21 Warner's
354 4539 51 22 Safe
414 4534 109 39 (|Si^9.t
533 4546 28 14 an
561 4546 16 20 X

45 4567 63 21 other
118 4567 22 21 of
173 4567 92 21 Warner
267 4566 15 22 'b
292 4567 50 21 Safe
352 4560 156 41 Reni||sp?F''
