3330 4330
162 154 239 33 JOTTINGS.

92 215 14 16 A
116 219 39 12 new
165 216 61 18 paper,
236 209 32 17 the
276 208 61 18 WaiM
351 208 68 19 Miner,
433 208 16 16 is
462 212 23 12 an-

68 236 81 19 nounced
160 240 19 12 to
189 233 51 18 muke
250 233 23 15 its
282 236 114 17 appearance
405 231 19 16 at
436 229 61 16 Waihi

68 260 75 18 shortly-
177 257 30 17 Mr
222 255 12 17 J
237 252 3 26 -
259 253 97 19 Galbraith
371 253 38 16 will
426 253 24 14 be
463 252 33 16 the

67 277 101 23 editor*and
181 280 29 17 Mr
217 279 21 17 T.
246 277 71 18 Collins
335 276 36 17 late
382 276 20 16 of
411 275 32 17 the
456 275 40 21 Buy

67 306 20 17 of
94 305 66 21 Plenty
167 303 62 17 Times
237 300 36 18 will
287 300 47 17 have
348 299 69 21 charge
431 298 20 16 of
464 297 33 17 the

68 325 139 25 typographical
219 323 122 23 department.

230 376 12 11 a
245 368 120 23 becomingly
370 367 72 17 modest
447 365 49 18 little

69 395 75 24 journal,
176 394 71 18 written
257 393 24 22 by
291 397 71 11 women
379 390 28 17 for
423 394 72 11 women
506 390 2 29 I

67 419 52 17 nbout
231 415 35 18 and
276 413 98 24 published
378 413 20 16 in
403 412 82 21 Welling-

68 445 30 14 ton
106 441 16 18 is
130 442 20 17 to
158 440 56 18 hand.
242 440 15 15 It
267 439 15 16 is
297 436 61 19 edited
375 436 25 21 by
417 435 40 17 Mrs
473 432 35 19 L.I

68 464 72 20 Adams,
151 462 72 24 printed
233 462 16 17 at
258 461 31 17 the
294 460 47 17 New
347 457 83 19 Zealand
435 457 62 18 Times

68 487 55 18 office,
134 487 36 17 and
181 487 21 15 its
212 485 73 17 mission
295 488 58 12 seems
369 483 20 16 to
407 480 90 23 comprise

68 510 42 18 mild
121 509 125 18 dissertations
255 512 22 12 on
287 506 73 21 politics
371 504 38 17 and
417 504 33 16 the
459 503 28 18 dis-

67 533 71 18 cussion
153 532 19 17 of
184 532 31 16 the
227 531 57 16 corset
298 528 92 23 question.

93 579 30 17 Mr
129 577 60 19 Lilian
198 575 75 19 showed
280 580 22 11 us
311 574 31 17 the
360 574 54 16 other
436 572 32 23 'ay
485 578 9 11 a

69 601 81 23 peculiar
166 599 76 22 looking
262 597 93 22 specimen
379 596 19 18 of
414 596 51 16 what
482 596 15 16 is

70 624 57 18 called
137 624 23 21 by
170 622 31 18 the
209 621 71 18 natives
289 621 61 17 totara
359 621 46 20 tapu
420 619 42 20 wai,
477 624 21 12 or

70 648 58 17 totarii
139 646 85 22 growing
231 644 18 17 in
259 643 32 18 the
298 644 65 19 water,
379 642 31 17 the
424 641 73 18 habitat

70 671 19 17 of
98 669 57 18 which
166 669 31 17 lies
207 667 82 18 between
298 666 78 17 Maketu
384 665 38 17 and
433 665 64 16 Motiti

71 699 20 12 or
99 692 42 18 Flat
149 690 69 18 Island.
250 690 68 16 Others
334 694 54 12 name
405 688 14 16 it
436 689 61 15 totara

71 721 62 13 moann
144 720 19 11 or
174 719 27 12 sen
212 713 66 17 totara.
304 713 38 15 The
351 711 72 17 natives
438 711 59 22 allege

71 739 37 18 thai
124 739 50 15 there
190 737 14 16 is
222 742 7 10 a
246 735 87 23 growing
349 735 58 16 forest
424 735 20 15 of
461 734 36 16 this

70 761 79 23 peculiar
158 758 56 19 shrub
223 764 24 12 on
255 758 32 17 the
296 764 29 10 sea
334 758 73 16 bottom
413 757 84 17 between

71 785 30 17 the
109 784 61 23 points
175 781 66 19 named
248 781 36 17 and
290 781 42 17 that
339 781 44 21 they
391 779 106 23 frequently

71 807 36 18 find
117 807 13 16 it
146 804 98 24 entangled
259 805 18 16 in
294 803 48 18 their
358 803 71 22 fishing
445 803 51 16 lines.

69 831 39 16 The
117 828 51 19 wood
179 829 14 16 is
208 828 47 16 hnrd
270 827 37 16 and
320 832 45 16 very
381 826 66 16 brittle
463 825 34 16 but

71 857 88 19 possesses
169 852 50 17 siirns
228 850 19 18 of
255 851 61 15 recent
327 846 80 25 vitality.

94 899 88 17 Rumours
191 896 85 17 continue
286 899 20 13 to
316 895 44 16 float
370 894 58 17 about
438 894 19 17 of
466 894 31 17 the

72 923 88 16 existence
170 920 19 17 of
197 918 101 19 auriferous
308 920 52 14 stone
365 918 19 16 in
391 917 33 18 the
429 916 56 23 neigh-

71 943 86 20 borhood.
182 941 96 24 Although
289 941 50 17 there
349 940 15 18 is
370 946 56 16 every
431 945 65 12 reason

71 970 18 15 to
99 967 68 18 believe
175 967 19 15 in
203 966 31 16 the
243 970 85 17 presence
336 964 20 16 of
364 963 81 23 payable
449 963 47 17 reefs

71 993 15 15 id
99 989 106 19 Horo-horo
215 988 36 17 and
264 987 103 17 elsewhere,
383 985 113 23 underlying

71 1014 30 17 the
109 1012 77 24 pumice,
196 1012 13 16 it
220 1012 13 16 is
243 1016 19 12 as
268 1010 41 18 well
319 1011 19 16 to
348 1009 102 17 remember
455 1008 42 17 that

69 1038 14 16 it
92 1037 15 16 is
115 1037 33 15 not
156 1035 23 17 all
190 1033 43 24 gold
243 1033 41 18 that
292 1033 80 23 glitters.
386 1033 55 15 Some
452 1031 44 17 time

71 1065 34 16 ngo
114 1059 49 17 what
179 1057 65 18 looked
261 1058 19 15 to
297 1054 141 24 inexperienced
455 1061 41 15 eyes

72 1083 33 17 like
115 1088 7 11 a
133 1081 48 23 piece
191 1082 19 15 of
219 1079 43 23 gold
269 1080 73 22 quartz,
356 1078 81 23 brought
449 1078 47 16 from

71 1111 43 12 near
120 1105 69 22 Taupo,
199 1108 37 12 was
245 1102 102 17 submitted
353 1104 19 14 to
382 1102 32 16 the
423 1102 73 21 experts

71 1132 17 14 :it
99 1129 30 16 the
137 1127 77 17 Thames
223 1126 66 16 School
299 1126 19 16 of
331 1125 62 17 Mines
407 1124 36 17 and
452 1130 33 16 pro-

71 1150 80 19 nounced
161 1153 18 14 to
186 1149 22 17 be
216 1148 80 19 mundic.
322 1149 76 16 Miners,
404 1148 91 17 however,

70 1179 45 12 term
125 1172 72 19 mundic
265 1171 72 17 mother
347 1172 19 16 of

93 1221 23 17 Te
126 1218 72 21 Whniti,
210 1222 33 13 one
252 1218 19 16 of
286 1217 32 17 the
334 1216 88 19 Urcwera
440 1216 56 16 chiefs

72 1244 39 16 who
120 1240 127 24 accompanied
257 1241 30 16 the
297 1239 110 23 deputation
411 1240 22 16 to
438 1238 46 18 Well-

72 1267 70 22 ington,
153 1267 55 15 states
216 1264 40 16 that
266 1264 31 16 the
313 1263 83 17 Premier
404 1261 92 18 informed

72 1290 37 18 him
118 1289 42 17 that
167 1294 20 12 as
194 1292 45 13 soon
246 1292 20 12 as
281 1286 32 16 the
329 1286 83 16 business
429 1285 20 17 of
465 1285 32 16 the

73 1313 66 18 session
149 1316 35 13 was
193 1316 42 11 over
243 1309 28 21 he,
282 1309 36 16 and
332 1309 31 16 the
372 1309 51 16 Hon.
438 1308 31 17 Mr
477 1308 18 16 J.

73 1335 75 18 Carroll,
159 1334 59 17 would
226 1339 35 16 pay
271 1339 10 10 a
290 1332 42 17 visit
342 1333 19 15 to
370 1331 37 17 this
417 1331 78 17 district.

72 1358 30 18 Mr
116 1357 72 19 Scddon
205 1356 38 18 also
256 1355 60 18 stated
332 1355 42 16 that
391 1360 23 11 an
432 1356 64 20 expert

73 1381 59 18 would
141 1381 22 15 be
172 1381 38 15 sent
221 1385 24 16 up
254 1381 18 14 to
282 1377 83 19 examine
383 1377 37 17 and
434 1377 63 22 report

73 1410 45 16 upon
128 1403 32 17 the
176 1402 132 24 gold-bearing
325 1402 45 15 reefs
388 1400 60 17 which
465 1400 32 16 the

73 1427 68 18 natives
145 1426 57 17 assert
208 1425 48 18 exist
259 1424 20 18 in
282 1424 33 18 the
319 1424 85 18 Urcwera
411 1424 84 20 country.

72 1450 41 18 This
122 1454 67 16 course,
199 1449 24 17 Te
236 1448 68 16 Whaiti
313 1449 63 15 states,
387 1447 14 16 is
418 1446 78 22 entirely

73 1475 15 15 in
101 1471 108 19 accordance
217 1471 44 16 with
271 1471 31 16 the
311 1470 44 17 wish
362 1470 20 16 of
391 1470 28 17 his
424 1470 71 21 people,

73 1496 33 17 and
116 1496 21 16 he
144 1495 44 16 adds
194 1494 40 18 that
241 1494 22 17 he
269 1494 74 16 himself
350 1494 34 16 has
390 1492 106 18 discovered

74 1528 7 8 ;i
92 1519 30 22 big
131 1518 36 17 reef
179 1518 17 16 in
210 1517 32 17 the
255 1516 75 23 vicinity
342 1517 20 16 of
376 1515 120 19 Buatahuna.

97 1565 36 17 The
146 1563 96 22 following
255 1563 14 17 is
284 1562 96 18 extracted
389 1563 48 16 from
447 1568 10 10 a
468 1567 19 11 re-

75 1591 39 14 cent
123 1588 46 17 issue
178 1587 19 16 of
206 1586 31 18 the
246 1586 69 17 British
324 1585 134 18 Australasian,
466 1584 31 18 the

76 1610 69 25 journal
156 1616 21 10 en
189 1610 59 16 which
260 1610 32 16 the
303 1609 83 17 Colonial
400 1609 98 16 Treasurer

76 1636 40 21 pins
125 1634 27 16 his
161 1633 45 17 faith
214 1631 3 26 :
268 1633 15 16 A
294 1635 61 14 recent
366 1632 64 17 visitor
438 1633 19 15 to
466 1631 32 17 the

76 1659 34 17 Hot
134 1657 57 16 Lakes
212 1656 77 16 District
311 1656 19 16 of
350 1656 46 16 New
417 1654 80 17 Zealand

74 1684 54 14 states
137 1680 39 16 that
186 1680 31 16 the
226 1679 47 16 Pink
286 1678 36 18 and
337 1678 61 17 White
407 1678 90 18 Terraces,
508 1672 2 26 |

75 1704 57 17 which
142 1708 46 11 were
197 1702 81 17 recently
287 1701 138 23 destroyed.are
435 1700 51 22 rapid-

75 1728 17 21 ly
106 1725 115 23 re-forming,
238 1724 31 18 but
287 1725 36 18 thai
337 1725 31 17 the
376 1724 81 17 Maorics
465 1729 22 12 ex-

75 1755 48 17 press
132 1750 30 15 the
172 1748 73 22 opinion
255 1748 41 16 that
304 1748 14 17 it
328 1748 36 16 will
375 1747 22 18 be
407 1750 29 14 ten
447 1753 52 16 years

76 1773 59 18 before
147 1772 42 22 they
204 1771 36 17 will
251 1771 45 17 rival
311 1771 52 17 those
377 1770 59 17 which
452 1776 47 10 were

75 1795 101 22 destroyed.
187 1795 16 16 It
213 1795 15 15 is
237 1794 86 22 expected
334 1795 41 15 that
389 1794 32 16 the
430 1793 57 17 forma-

76 1819 38 18 tion
124 1819 18 17 of
156 1818 30 17 the
200 1823 40 11 new
254 1819 78 15 terraces
346 1817 37 16 will
397 1817 24 16 lie
434 1822 65 11 nenrer

77 1842 64 23 perfect
154 1842 43 15 than
204 1840 51 17 those
265 1840 57 17 which
339 1846 42 11 now
389 1840 24 17 lie
428 1839 70 18 buried,

75 1866 29 16 but
122 1866 12 16 it
143 1865 13 15 is
165 1863 86 18 doubtful
258 1864 83 16 whether
349 1864 33 17 the
391 1863 63 17 colour
462 1863 37 16 will

73 1889 21 16 be
104 1889 51 16 other
163 1888 44 16 than
216 1893 10 10 a
235 1887 49 21 dirty

99 1934 36 17 The
146 1932 106 24 September
260 1933 79 17 number
347 1933 20 17 of
376 1933 31 17 the
440 1932 48 23 Help-

75 1958 33 22 ing
202 1957 31 16 the
240 1957 72 21 journal
323 1955 98 24 published
429 1956 19 16 in
457 1961 33 12 con-

75 1981 73 17 nection
158 1980 43 16 with
211 1979 31 17 the
250 1979 85 26 Helping
351 1979 58 17 Hand
425 1979 76 16 Mission

76 2004 49 16 work
135 2004 18 15 in
161 2003 105 16 Freeman's
275 2003 39 21 Bay
323 2003 14 16 is
352 2008 34 11 one
403 2002 19 17 of
435 2002 66 22 special

75 2028 82 16 interest.
182 2025 38 18 The
233 2026 75 16 terrible
322 2025 90 17 outbreak
429 2024 74 24 against

75 2050 31 18 the
116 2048 121 18 missionaries
246 2049 18 17 at
279 2048 93 23 Kucheng
385 2049 15 16 is
414 2049 31 16 the
459 2048 32 18 sub-

76 2073 35 23 ject
122 2072 19 17 of
154 2072 30 17 the
200 2071 75 23 leading
290 2072 64 17 article
371 2071 36 17 and
425 2078 10 10 a
452 2072 50 16 short

76 2094 124 24 biographical
210 2094 62 17 sketch
283 2094 45 18 with
337 2095 89 22 portraits
440 2095 19 16 of
471 2095 32 16 the

78 2120 70 16 victims
155 2118 33 16 lias
198 2124 10 10 a
222 2118 93 16 mournful
332 2118 83 17 interest,
433 2124 19 10 as
469 2118 34 16 has

71 2145 42 17 .also
122 2148 7 10 a
140 2141 54 17 letter
202 2141 73 16 written
284 2140 25 22 by
317 2140 46 18 Miss
372 2141 61 16 Nellie
442 2140 48 18 Saun-

78 2167 45 16 ders,
133 2170 33 10 one
176 2164 19 16 of
208 2163 31 16 the
252 2163 103 16 massacred
370 2165 60 20 party,
439 2169 11 11 a
467 2164 35 15 few

80 2188 56 17 weeks
148 2186 60 16 before
220 2186 33 16 her
269 2186 62 17 death.
364 2186 74 18 Letters
454 2186 48 17 from

80 2212 55 17 Sister
149 2208 90 23 Blakeloy,
255 2209 78 23 Kiangsi
351 2209 96 20 Province,
466 2209 37 17 and

80 2235 44 17 from
146 2233 29 18 Mr
195 2232 85 22 Murphy,
299 2229 68 26 japan,
386 2232 50 17 show
461 2233 42 16 how

79 2258 72 17 mission
169 2255 47 17 work
237 2255 13 18 is
271 2255 122 23 progressing
412 2256 19 17 in
451 2256 52 17 these

78 2282 66 22 places.
168 2278 36 18 The
221 2279 83 17 contents
323 2278 96 23 generally
436 2279 67 22 justify

78 2305 23 17 its
109 2302 54 20 claim
171 2302 29 16 for
207 2301 134 19 consideration
356 2308 20 11 as
389 2308 11 11 a
415 2308 77 11 non-sec-

78 2328 58 18 tarian
146 2325 84 23 religious
238 2324 80 22 journal.

100 2374 32 16 We
142 2379 28 11 are
179 2372 17 16 in
206 2371 67 22 receipt
282 2372 19 16 of
311 2372 32 17 the
358 2373 75 15 current
448 2377 42 12 num-

78 2398 30 17 ber
128 2396 20 17 of
163 2395 31 17 the
210 2393 76 18 Journal
307 2395 20 16 of
343 2395 32 17 the
392 2395 111 21 Polynesian

77 2420 72 21 Society
158 2418 59 17 issued
226 2417 17 17 in
256 2417 120 24 Wellington,
408 2419 18 16 Tt
441 2418 15 17 is
469 2418 35 17 full

78 2444 19 17 of
110 2443 74 17 interest
198 2441 31 17 not
247 2441 42 21 only
307 2442 19 17 to
344 2441 31 18 the
392 2441 77 17 student
485 2441 19 18 of

78 2465 99 22 ethnology
188 2469 19 12 or
216 2463 95 24 philology
320 2464 34 18 but
363 2466 19 16 to
389 2465 33 17 the
429 2464 75 23 general

79 2489 62 17 reader
145 2489 40 16 who
189 2492 42 16 may
237 2487 46 16 have
287 2493 22 11 no
313 2487 116 23 pretensions
436 2489 19 15 to
460 2488 43 16 such

78 2511 113 23 knowledge.
205 2509 299 24 MrShandcontiuueshispapers

80 2542 21 11 on
118 2535 30 18 the
301 2534 36 17 and
351 2534 79 22 History
445 2534 19 16 of
473 2534 31 17 the

80 2558 65 23 People
155 2557 18 19 of
182 2557 30 17 the
222 2557 89 17 Chatham
425 2557 37 17 and
473 2557 32 17 the

81 2583 42 17 Rev.
134 2581 16 18 J.
162 2581 19 17 B.
193 2579 48 18 Stair
249 2580 33 16 has
291 2581 79 16 another
378 2580 64 18 artie.le
453 2579 41 19 deal-

80 2606 31 22 ing
118 2604 45 18 with
172 2603 78 18 Snmoan
264 2604 111 17 settlement.
464 2604 27 17 An-

81 2628 42 18 cient
139 2626 87 18 Methods
239 2626 19 16 of
273 2626 132 23 Bird-snaring
418 2628 87 20 amongst

81 2652 28 16 the
238 2649 26 22 by
277 2650 71 16 Tainati
367 2650 88 23 Ranapiri
468 2649 37 17 and

81 2673 97 18 translated
188 2673 24 21 by
226 2673 31 16 Mr
272 2673 58 22 Percy
344 2673 59 17 Smith
421 2673 84 17 contains

81 2698 50 17 much
141 2697 72 17 curious
222 2696 120 17 information
352 2696 112 23 concerning
474 2697 31 16 the

81 2720 83 23 catching
172 2726 21 11 or
201 2719 68 21 killing
281 2720 20 16 of
315 2720 31 16 the
360 2720 55 18 kaka,
430 2720 31 16 the
470 2719 34 21 tui,

82 2744 28 17 the
130 2743 40 17 kiwi
196 2742 35 17 and
254 2743 31 16 the
304 2743 66 16 kereru
391 2743 62 16 before
474 2743 32 17 the

81 2767 62 22 deadly
156 2766 77 22 fowling
250 2765 51 23 piece
318 2772 37 10 was
369 2766 83 23 brought
466 2766 39 17 into

82 2790 107 23 requisition.
229 2789 79 17 Various
329 2789 123 17 illustrations
473 2795 22 11 ex-

83 2814 44 21 plain
137 2813 29 17 the
175 2812 97 21 ingenious
282 2812 85 17 methods
376 2812 87 20 adopted.

123 2861 13 15 A
145 2859 60 16 native
215 2859 19 16 of
381 2858 77 22 writing
465 2860 20 15 to
495 2865 9 10 n

84 2882 107 23 Wellington
200 2887 62 16 paper,
276 2882 59 16 under
348 2882 33 16 the
392 2887 55 11 name
460 2882 19 16 of
496 2887 9 11 a

102 2905 62 17 Friend
174 2905 18 17 of
200 2905 31 16 the
339 2905 36 17 and
385 2905 42 17 who
433 2910 60 12 accom-

85 2928 60 23 panied
155 2929 29 16 the
193 2927 127 23 co-operative
328 2928 83 17 laborers
425 2934 23 11 on
457 2928 50 17 their

85 2952 33 22 trip
127 2958 22 15 up
158 2955 18 13 to
186 2951 82 18 Galatea,
278 2952 67 15 relates
360 2958 21 10 an
396 2951 111 23 interesting

84 2974 68 23 episode
155 2975 19 17 of
177 2974 31 18 the
210 2974 85 23 journey.
310 2974 45 18 Two
358 2974 60 18 incnit
421 2980 84 17 appears,

85 3000 28 19 got
123 2999 38 16 last,
172 2998 35 16 and
217 3004 47 10 were
272 2999 34 15 not.
315 2998 57 16 found
382 2998 27 16 lill
418 2997 32 18 the
455 2997 52 17 third

85 3021 38 22 day.
152 3022 50 15 when
212 3021 43 21 they
266 3027 47 10 were
327 3021 64 21 nearly
400 3021 53 17 dead,
460 3021 35 16 hav-

85 3045 30 20 ing
123 3045 33 16 hail
165 3051 23 10 no
196 3044 42 16 food
257 3044 25 16 all
298 3044 32 17 the
438 3044 40 17 One
487 3044 20 17 of

84 3068 52 17 them,
147 3067 28 18 the
184 3067 142 22 correspondent
341 3067 72 17 farther
427 3067 68 22 ingenu-

83 3091 50 22 ously
250 3096 39 11 was
297 3097 11 10 a
319 3093 53 19 great
388 3091 85 21 explorer
488 3090 18 17 in

83 3114 87 17 Australia
177 3114 16 16 in
201 3114 31 16 the
238 3114 51 21 early
296 3114 53 21 days,
356 3114 72 22 having
432 3112 74 19 worked

83 3136 26 18 his
118 3143 38 16 way
165 3138 45 16 from
220 3137 30 17 the
261 3138 60 16 Yarra
330 3138 19 16 to
358 3138 66 15 Torres
432 3136 73 18 Straits.

83 3160 80 22 working
172 3161 23 20 by
212 3160 46 16 dead
274 3159 109 22 reckoning,
399 3159 70 22 having
482 3166 25 10 no

84 3189 78 17 compass
171 3183 34 17 and
214 3183 43 21 only
266 3183 90 23 stopping
365 3187 20 12 to
395 3183 40 16 skin
445 3188 11 12 a
459 3182 36 17 kan-

84 3212 53 18 garoo
146 3206 24 22 by
179 3206 30 17 the
308 3207 26 16 To
343 3213 9 10 a
370 3212 43 11 man
431 3205 77 23 capable

83 3230 19 18 of
109 3229 83 23 strolling
200 3235 10 11 a
226 3229 65 23 couple
309 3230 19 16 of
344 3229 94 17 thousand
456 3229 52 17 miles

81 3260 58 11 across
148 3253 29 16 the
192 3253 105 17 Australian
314 3253 103 16 continent,
435 3252 36 16 and
489 3253 19 15 of

85 3277 96 20 subsisting
195 3282 22 10 on
234 3282 9 10 a
261 3275 77 23 solitary
362 3275 97 21 kangaroo
476 3275 32 17 the

83 3300 57 19 while,
150 3306 8 9 a
169 3300 33 20 day
211 3306 20 9 or
240 3301 42 15 two.
292 3305 51 10 more
353 3305 21 11 or
386 3299 42 17 less,
442 3299 18 16 in
476 3298 32 17 the

85 3324 42 16 New
134 3322 80 18 Zealand
221 3322 47 18 bush
275 3322 67 18 should
359 3323 47 15 have
421 3321 45 18 been
483 3326 25 13 no

83 3345 140 19 inconvenience.

106 3375 28 15 Mr
144 3375 19 15 A.
174 3374 17 15 T.
202 3373 113 22 Higgiason,
326 3373 20 15 of
355 3372 100 18 Montreal,
466 3371 42 17 who

84 3403 36 10 was
127 3397 17 16 in
154 3397 80 16 Rotorua
242 3396 32 17 the
283 3396 54 16 other
346 3395 42 21 day,
404 3395 66 17 relates
484 3401 24 10 an

83 3420 83 21 amusing
172 3418 82 19 incident
261 3419 20 18 of
288 3418 59 18 travel
363 3419 18 16 in
400 3417 58 18 which
476 3418 32 16 the

87 3444 35 16 Rev
130 3443 28 17 Mr
167 3442 78 21 Hawcis,
255 3442 58 22 lately
318 3441 96 22 lecturing
419 3441 19 17 in
445 3441 51 17 Auck-

83 3467 41 16 land
134 3465 34 18 had
176 3472 10 10 a
192 3466 58 16 share.
275 3465 50 23 They
335 3471 47 10 were
391 3464 107 22 fellow-pas-

83 3495 71 17 sengers
162 3489 24 21 by
195 3489 31 16 the
235 3489 88 16 Miowera
334 3488 37 17 and
385 3488 50 16 after
443 3488 66 16 dinner

83 3519 33 10 niie
125 3512 33 22 day
168 3519 9 9 a
186 3512 126 19 conversation
327 3516 53 13 arose
389 3512 17 16 in
416 3510 93 18 reference

85 3541 17 11 to
112 3536 29 16 the
149 3535 120 22 adaptability
280 3535 18 17 of
307 3542 11 9 a.
334 3535 69 15 certain
422 3536 46 14 tract
487 3534 19 16 of

85 3562 74 18 country
168 3559 17 16 in
195 3559 78 16 Arizona
282 3559 29 16 for
320 3557 138 23 sheep-raising
462 3562 35 17 pur-

85 3587 55 17 poses.
153 3581 92 21 Knowing
255 3581 30 16 the
294 3582 68 16 nature
367 3580 21 17 of
393 3580 32 17 the
429 3580 68 22 vegeta-

84 3605 37 17 tion
130 3606 49 16 there
188 3604 29 17 Mr
226 3604 108 21 Higfjinson
344 3603 65 17 denied
424 3603 32 17 the
465 3608 33 17 pos-

82 3628 67 22 sibility
159 3629 18 15 of
185 3628 23 16 its
215 3627 58 22 being
278 3626 75 18 utilised
360 3627 29 16 for
395 3627 44 16 such
447 3632 9 10 a
462 3631 35 17 pur-

85 3656 46 18 pose,
142 3657 18 10 as
168 3651 54 21 sheep
231 3650 60 17 would
301 3650 23 16 be
341 3649 68 17 unable
418 3651 20 15 to
454 3655 55 15 graze

85 3681 41 10 over
134 3675 19 18 it,
163 3675 28 15 not
203 3673 56 23 being
268 3673 88 21 provided
365 3673 45 16 with
420 3672 49 17 teeth
488 3672 18 17 in

85 3697 30 17 the
123 3702 56 17 upper
188 3697 41 21 jaw.
255 3696 37 17 The
302 3702 37 10 rev.
349 3696 80 18 lecturer
435 3696 34 16 and
476 3696 33 16 the

82 3720 59 23 genial
150 3719 76 23 Captain
242 3719 57 21 Stott,
321 3719 20 17 of
360 3719 32 16 the
412 3719 95 19 Miowera,

83 3743 73 19 SCOllted
165 3743 30 16 the
204 3743 38 16 idea
253 3743 19 16 of
285 3743 44 16 such
344 3742 58 20 being
414 3742 31 16 the
461 3747 46 14 ease,

85 3766 34 17 and
135 3766 73 17 averred
222 3766 42 16 that
280 3765 56 23 sheep
358 3765 37 17 bad
416 3771 20 10 as
453 3771 56 16 many

86 3789 47 17 teeth
142 3789 18 17 in
169 3789 46 17 their
224 3794 59 17 upper
292 3789 36 21 jaw
338 3794 19 10 as
364 3789 30 15 Mr
400 3788 108 21 Higjrinson

85 3812 40 17 had.
149 3812 37 17 The
200 3812 78 22 Captain
295 3811 68 18 offered
380 3813 20 15 to
416 3811 46 16 back
480 3811 28 16 his

85 3835 72 23 opinion
163 3837 18 14 to
188 3836 29 15 the
227 3836 63 17 extent
297 3836 19 15 of
324 3834 55 20 'l2oo,
386 3834 35 18 but
425 3834 84 22 thought

85 3858 22 17 he
116 3858 33 17 had
158 3858 59 17 better
225 3858 110 22 strengthen
347 3858 28 16 his
389 3857 80 22 position
483 3857 26 22 by

85 3881 66 24 having
160 3882 29 16 the
198 3881 95 22 authority
302 3881 19 17 of
329 3881 32 16 the
367 3881 57 21 ship's
431 3880 79 16 butcher

85 3910 23 11 on
116 3905 30 16 the
155 3904 57 22 point,
229 3904 37 17 and
283 3903 113 23 despatched
410 3910 11 10 a
429 3903 79 17 steward

86 3927 27 16 for
121 3928 30 17 the
160 3928 67 16 verdict
236 3928 19 15 of
264 3928 40 16 that
315 3927 80 21 worthy.
410 3927 33 16 His
450 3932 49 11 asser-

85 3950 50 19 tions,
144 3951 88 18 however,
243 3950 36 17 and
289 3950 53 17 those
350 3950 20 16 of
382 3950 30 16 Mr
426 3949 82 19 Haweis,

86 3979 18 11 as
113 3975 17 15 to
139 3974 30 16 the
178 3974 132 21 completeness
319 3974 20 15 of
347 3973 32 17 the
388 3971 62 25 gentle
457 3977 39 12 rum-

85 3996 64 18 inant's
154 3996 118 22 masticatory
284 3996 110 22 equipment
399 4001 48 12 were
459 4001 50 11 some

84 4019 49 18 what
139 4019 85 18 modified
238 4025 23 11 on
275 4019 78 23 hearing
368 4020 32 16 the
415 4019 94 16 butcher's

83 4041 73 22 dictum,
165 4043 42 17 that
233 4048 57 16 every
299 4041 77 19 blamed
392 4042 37 16 fool
447 4048 43 10 save
499 4048 10 10 a

83 4071 63 15 parson
156 4072 19 10 or
184 4072 11 10 a
208 4065 56 17 sailor
276 4065 56 18 knew
344 4065 43 16 that
401 4065 56 22 sheep
471 4064 37 17 had

82 4094 45 17 nary
142 4095 11 10 a
169 4088 52 18 tooth
233 4094 33 13 .on
287 4088 31 17 the
333 4093 58 16 upper
404 4088 43 21 jaw,
464 4088 45 22 only

200 4112 50 16 With
261 4111 43 17 such
314 4110 89 18 innocent
409 4110 99 23 persiflage

81 4141 36 11 was
127 4135 29 17 the
165 4135 68 17 tedium
244 4134 19 17 of
269 4134 32 16 the
307 4133 37 22 trip
351 4133 66 20 wl|il/;d
424 4140 58 15 away.

603 154 16 15 A
632 151 105 18 LOVER'S
750 151 107 17 LAMENT.

519 199 36 23 [an
568 201 109 15 afflicted
687 201 86 13 patient
782 200 23 14 to
815 200 33 12 his
857 200 93 13 equally

617 218 110 23 alti.lctei)
740 218 110 23 mistress.]

541 267 39 17 The
589 265 105 22 folllowing
702 265 53 20 lines,
769 264 95 22 evidently
875 263 74 17 written

518 290 25 22 by
557 295 34 11 one
608 290 20 15 of
644 288 54 17 those
714 286 170 24 hypochondriacal
901 285 40 18 indi-

518 312 73 18 viduals
604 311 43 17 who
661 316 51 12 come
726 312 20 15 to
761 310 84 18 Ro+orua
862 309 89 21 thinking

518 335 44 18 that
569 341 12 12 a
588 334 76 18 miracle
671 333 17 18 is
696 334 19 17 to
729 333 22 16 he
769 332 74 18 worked
860 332 29 16 for
901 332 50 17 their

519 358 77 22 especial
605 356 76 21 benefit,
690 356 48 17 have
746 355 47 18 been
803 354 75 18 handed
892 356 19 15 to
929 361 21 10 us

520 382 28 16 for
556 380 122 23 publication,
688 379 45 21 they
742 384 48 11 were
798 377 67 23 picked
873 382 31 17 up,
911 377 16 17 it
935 377 15 17 is

518 403 79 24 alleged,
613 403 20 17 in
653 403 32 17 the
704 401 79 22 vicinity
802 401 21 16 of
838 401 32 16 the
890 400 48 17 Sana-

520 427 68 18 torium
595 433 28 10 :

520 459 34 17 Oil.
565 464 51 12 come
628 457 58 17 where
694 456 33 17 the
740 455 79 21 sulphur
833 454 33 17 lies
879 454 72 17 frosted

589 480 37 19 and
635 480 72 22 yellow.

520 505 42 16 And
571 505 32 16 the
612 502 82 19 chlorine
703 501 36 19 and
748 501 102 17 brimstone
859 506 30 10 are
898 499 52 17 thick

589 528 19 16 in
617 527 32 17 the
658 526 36 20 air;

520 551 43 22 Say,
571 551 50 17 dear,
631 549 48 18 shall
688 549 9 16 I
708 548 57 22 bring
779 553 38 16 you
830 551 48 17 your
894 544 56 18 sticks

589 579 21 11 or
617 578 48 17 your
674 571 90 20 crutches,

520 597 26 17 Or
555 597 47 17 shall
612 596 31 17 the
653 601 43 11 man
705 594 58 17 wheel
772 599 37 13 you
818 592 57 23 along
890 591 20 17 in
918 591 32 16 the

589 619 51 17 chair
649 618 7 18 ?

520 652 35 17 Oh.
570 652 15 15 is
599 651 14 16 it
628 651 31 16 not
673 650 67 21 joyous
755 650 20 16 to
791 647 56 18 bathe
864 647 19 16 in
899 646 52 16 these

589 675 67 15 waters

520 698 50 16 With
578 696 109 19 rheumatic,
694 695 99 17 scorbutic,
800 694 63 17 sciatic
868 692 36 17 and
911 691 40 18 old!'

519 721 50 16 Take
577 726 48 16 your
640 719 63 22 pillow
719 717 37 18 and
770 717 75 23 plaster,
861 715 90 17 umbrella

589 742 38 17 and
635 741 65 18 shawl,
715 741 49 20 dear,

520 767 54 16 After
583 766 70 20 having
661 770 9 11 a
682 763 76 19 Priest's
766 763 46 17 bath
821 763 64 18 you're
890 762 34 21 apt
930 762 21 15 to

590 788 43 19 take
643 786 46 19 cold.

520 822 21 16 In
553 821 31 16 the
592 819 56 17 baths
656 819 26 16 all
691 819 32 16 the
730 818 67 22 people
811 823 31 11 are
859 815 92 24 growling

589 842 37 18 and
635 841 99 24 groaning,

520 867 36 16 For
565 866 49 17 their
623 866 63 15 homes
702 864 38 17 and
753 864 50 17 their
816 864 74 16 doctors
906 862 44 21 they

589 894 44 16 very
643 894 45 10 soon
697 888 49 21 pino.

518 912 79 18 Neither
611 910 76 21 Bnehel,
705 911 39 16 The
761 910 66 20 Priest,
845 915 35 11 nor
896 909 44 16 Post-

588 935 69 16 master
668 939 33 12 can
710 939 42 11 cure
761 934 57 16 them.

518 958 37 17 WE
563 958 39 17 also
611 962 52 17 grow
673 962 64 14 worse,
748 956 50 18 dear,
809 956 34 16 but
876 955 51 17 thats
941 960 9 10 a

588 979 50 24 good
650 979 41 24 Sign

518 1012 51 22 They
579 1012 31 16 tell
621 1017 21 11 us
651 1012 54 16 when
714 1011 81 22 bathing
811 1010 38 17 and
863 1009 88 21 drinking

588 1041 31 10 are
628 1040 49 12 over.

518 1059 44 16 And
571 1058 57 17 we've
644 1057 35 17 left
692 1057 85 18 Rotorua
790 1062 34 12 our
839 1055 112 18 rheumatics

588 1081 37 16 will
639 1080 32 22 fly.

518 1105 63 16 We've
587 1104 46 16 been
644 1103 42 18 hero
695 1110 9 10 a
715 1103 57 19 week,
782 1103 61 19 love,-
855 1102 48 16 we'll
910 1102 41 21 stay

588 1129 33 14 out
633 1127 84 17 another.

518 1151 43 16 And
570 1151 14 16 if
593 1150 54 17 we're
656 1151 34 15 not
698 1149 57 17 cured
760 1149 45 17 then
812 1149 47 16 we'll
868 1153 24 18 go
896 1147 55 18 homo

588 1175 19 15 to
617 1173 33 17 die.

600 1226 128 16 THERMAL
743 1224 126 18 ACTIVITY.

541 1273 43 17 The
602 1272 114 18 Scientific
740 1272 114 18 American,
873 1272 79 20 quoting

518 1301 24 11 an
551 1295 65 17 artiele
625 1296 48 15 from
683 1295 81 16 another
780 1294 70 17 science
867 1292 74 23 publica-

519 1319 46 17 tion,
581 1318 33 17 the
624 1317 74 21 EPOCH,
717 1318 63 16 makes
790 1323 10 11 a
817 1317 73 17 curious
908 1316 33 16 mis-

519 1343 100 15 statement
638 1341 101 21 regarding
757 1341 36 16 this
810 1340 79 16 district.
915 1338 24 18 Re-

519 1364 71 23 ferring
599 1367 19 14 to
628 1364 31 16 the
669 1364 128 16 Yellowstone
805 1362 89 17 National
904 1362 48 16 Park

518 1388 33 16 the
558 1388 62 15 writer
626 1393 43 15 says
675 1387 61 16 that'
744 1387 49 16 since
800 1386 31 17 the
838 1385 115 17 destruction

520 1411 19 17 of
548 1410 31 18 the
588 1410 48 17 New
645 1410 82 16 Zealand
737 1416 66 15 geyser
813 1415 41 11 area
872 1409 18 16 in
910 1408 43 17 1886

518 1434 33 16 the
557 1435 54 21 great
619 1433 85 17 national
713 1438 71 12 reserve
793 1433 15 16 is
817 1431 78 18 entitled
904 1432 19 15 to
930 1431 23 16 be

519 1457 58 16 called
587 1456 32 18 the
628 1455 127 19 Wonderland
764 1457 19 16 of
792 1456 32 16 the
934 1454 20 16 It

518 1480 16 16 is
543 1479 81 22 scarcely
635 1478 80 19 credible
724 1480 43 16 that
783 1484 37 17 any
837 1476 117 20 contributor

520 1504 19 15 to
548 1510 11 9 a
568 1503 70 17 science
647 1503 98 20 magazine
754 1502 67 16 should
830 1501 22 17 be
861 1501 19 16 in
889 1501 54 21 ignor-

519 1532 45 11 ance
573 1527 20 16 of
601 1526 32 17 the
642 1526 40 17 fact
694 1526 43 17 that
753 1525 49 17 since
819 1525 31 16 the
867 1523 87 22 eruption

520 1549 19 17 of
546 1550 99 15 Tarawcra
654 1549 32 16 the
695 1554 76 16 geysers
779 1548 37 17 and
830 1548 33 16 hot
880 1546 74 23 springs

521 1571 117 24 throughout
647 1572 32 16 the
689 1571 61 19 whole
758 1572 19 16 of
786 1572 31 16 the
827 1570 79 18 thermal
915 1570 29 16 dis-

520 1595 43 18 trict
572 1596 19 16 of
600 1595 46 17 New
656 1594 82 18 Zealand
748 1595 46 17 have
807 1595 65 15 shown
881 1593 74 23 greater

520 1619 77 21 activity
615 1618 46 17 than
678 1624 48 13 ever,
743 1618 36 17 and
797 1617 41 17 that
854 1622 100 11 numerous

520 1642 54 16 other
583 1642 74 21 springs
666 1642 47 16 have
722 1642 54 16 burst
784 1642 33 15 out
824 1640 19 17 in
849 1640 61 22 places
918 1644 24 12 un-

520 1664 98 19 disturbed
625 1664 71 19 before.
722 1665 19 17 If
748 1664 15 18 it
772 1670 47 11 were
828 1670 11 10 a.
854 1669 49 11 mere
920 1663 35 20 slip

521 1689 20 16 of
549 1689 32 15 the
589 1694 36 16 pen
636 1694 23 10 on
669 1689 32 16 the
710 1689 43 21 part,
762 1688 19 16 of
790 1687 32 17 the
826 1686 64 18 writer
898 1685 19 17 in
924 1685 31 17 the

521 1711 67 18 EPOCH
598 1712 16 16 it
623 1711 62 22 might
701 1711 48 17 have
765 1711 47 16 been
828 1708 67 24 passed
912 1714 43 11 over

522 1735 81 16 without,
611 1736 100 17 comment,
729 1734 35 17 but
780 1734 55 16 when
852 1739 19 10 so
889 1734 55 14 exten-

521 1758 58 21 sively
588 1758 101 17 circulated
699 1764 9 10 a
718 1757 75 23 journal
808 1763 20 10 as
837 1757 32 16 the
886 1756 58 16 SCIEN-

522 1785 51 13 TIFIC
582 1781 108 17 A.MKIUCAJN'
700 1781 87 16 endorses
796 1780 31 17 the
840 1778 80 18 blunder
929 1784 26 10 we

522 1805 50 16 must
586 1806 53 15 enter
654 1810 10 11 a
682 1804 78 23 protest.
794 1803 38 16 The
849 1802 106 17 Americans

522 1834 31 13 are
563 1828 60 22 justly
632 1828 61 22 proud
702 1828 20 16 of
735 1827 49 17 their
800 1825 89 18 National
906 1824 49 18 Park

522 1857 20 12 as
565 1854 75 16 witness
662 1851 32 17 the
719 1850 98 21 following
837 1848 117 22 description,

522 1877 56 17 taken
584 1877 49 17 from
642 1877 32 15 the
681 1874 65 17 article
752 1875 17 15 in
777 1873 98 23 question:-
896 1872 48 17 With-

522 1900 19 17 in
550 1900 24 17 its
583 1900 57 17 limits
649 1900 32 17 the
691 1899 48 15 most
755 1897 62 16 varied
834 1898 20 18 of
870 1896 87 17 Nature's

523 1923 94 23 workings
628 1929 42 16 may
678 1924 23 16 be
710 1920 95 20 observed.
826 1922 28 16 Its
863 1919 94 18 hundreds

523 1948 20 16 of
551 1947 33 16 hot
593 1946 75 23 springs
677 1946 37 17 and
723 1950 81 19 geysers,
815 1944 24 18 its
843 1943 114 25 precipitous

523 1976 69 12 canons
602 1970 35 16 and
647 1969 80 24 rushing
739 1971 98 17 cataracts,
855 1969 24 16 its
896 1974 48 11 snow-

525 1993 70 23 capped
611 1993 99 17 mountain
732 1992 58 23 peaks
814 1992 37 17 and
868 1992 89 17 mirrored

524 2018 51 16 lakes
585 2017 53 16 make
647 2017 14 16 it
671 2016 21 16 of
700 2016 109 21 surpassing
818 2016 83 16 interest.
919 2015 38 16 The

525 2040 51 17 lover
584 2040 20 17 of
612 2038 76 19 natural
698 2045 76 16 scenery
784 2045 43 16 may
836 2038 61 23 linger
913 2039 45 20 Ion;;

525 2070 44 10 over
576 2063 25 17 its
609 2063 83 16 beauties
705 2062 38 17 and
751 2063 24 15 its
792 2062 91 16 wonders.
885 2062 73 16 How

526 2087 52 21 aptly
587 2086 44 16 does
640 2086 36 16 this
686 2085 83 17 describe
777 2085 32 16 the
821 2085 46 17 New
877 2085 81 16 Zealand

525 2108 136 19 Wonderland!
687 2109 54 16 Were
758 2108 82 17 Rotorua
859 2108 65 17 within
939 2114 19 10 as

525 2139 42 15 easy
574 2138 60 11 access
643 2132 20 16 of
671 2138 35 11 one
715 2132 20 16 of
743 2132 32 16 the
791 2131 52 21 large
860 2131 98 17 American

525 2156 51 16 cities
586 2162 19 10 us
615 2155 14 17 it
638 2155 15 17 is
663 2156 19 15 of
692 2155 97 17 Auckland
800 2155 16 16 it
824 2154 63 17 would
896 2154 22 17 be
927 2154 31 17 the

526 2179 58 16 resort
595 2179 19 16 of
630 2180 42 15 tens
689 2178 19 17 of
725 2178 105 17 thousands
846 2178 20 16 of
882 2177 77 16 tourists

525 2201 96 22 annually.
648 2201 18 16 If
674 2201 32 17 the
722 2201 125 16 Government
865 2200 94 16 remained

525 2225 66 21 supine
600 2225 17 16 in
628 2224 31 16 the
676 2225 75 19 matter,
769 2223 33 17 the
818 2223 106 17 merchants
941 2223 18 16 of

525 2247 31 18 the
565 2247 38 22 city
613 2247 62 16 would
685 2252 28 11 see
722 2247 32 16 the
767 2246 106 21 advantage
890 2247 20 16 of
925 2247 23 16 ad-

526 2271 90 21 vertising
626 2270 32 17 the
666 2270 59 22 place.

569 2319 22 16 Tn
600 2319 47 17 New
656 2318 89 19 Zealand,
755 2318 61 17 where
826 2318 134 22 grasshoppers

526 2348 30 11 are
568 2344 50 15 most
626 2342 105 19 abundant,
741 2342 45 21 tliey
792 2347 32 11 are
829 2341 45 18 used
881 2342 30 16 for
915 2341 45 18 food

526 2366 24 21 by
699 2370 42 17 says
748 2371 11 11 a
764 2365 79 17 London
849 2369 112 17 newspaper

526 2389 45 16 with
581 2395 12 10 a
601 2387 113 23 knowledge
722 2388 20 17 of
751 2388 37 17 this
795 2387 72 23 Colony
875 2387 61 18 whieli
945 2388 16 16 is

526 2412 69 22 simply
613 2411 110 17 wonderful.
929 2417 32 11 are

526 2434 121 23 pronounced
656 2441 11 10 a
675 2436 56 21 great
739 2434 82 22 delicacy
830 2434 17 16 in
857 2434 47 17 New
914 2434 35 17 Zea-

526 2455 45 20 land
580 2458 55 17 when
644 2457 92 22 prepared
745 2457 100 21 according
853 2459 20 15 to
882 2457 32 17 the
923 2457 27 17 fol-

526 2482 71 20 lowing
605 2481 88 17 formula:
707 2481 40 16 One
753 2480 66 18 bushel
825 2481 19 16 of
853 2481 31 16 the
893 2481 68 17 insects

526 2505 15 16 is
550 2504 99 17 immersed
657 2505 38 16 two
704 2504 57 17 hours
770 2504 18 16 in
797 2504 41 17 half
846 2510 12 10 a
866 2504 63 21 gallon
940 2505 21 16 of

526 2528 47 22 pork
579 2528 60 16 brine.
664 2527 39 17 The
708 2527 69 17 insects
784 2532 32 12 are
821 2527 44 17 then
874 2526 61 18 boiled
941 2528 20 16 in

526 2551 32 17 the
567 2551 59 22 liquid
635 2551 30 16 for
673 2551 23 15 20
710 2550 134 20 minutes,then
857 2551 104 22 throughly

527 2574 63 17 rinsed
597 2574 24 18 !in
637 2579 59 12 warm
706 2574 59 17 water
780 2573 36 17 and
829 2573 65 22 placed
903 2574 17 16 in
937 2580 24 11 an

527 2603 47 12 oven
590 2598 20 16 to
623 2596 77 18 become
714 2596 54 23 crisp.
799 2596 61 17 When
874 2597 40 16 cold
929 2598 32 16 the

526 2620 59 18 heads
593 2626 31 12 arc
633 2619 94 21 removed,
737 2619 37 17 and
783 2620 45 21 they
836 2626 31 11 are
875 2620 58 22 ready
940 2622 21 15 to

526 2644 24 16 be
559 2645 61 15 eaten.
645 2643 40 17 The
693 2643 59 17 flavor
765 2643 15 16 is
795 2643 39 16 said
844 2645 18 15 to
871 2643 90 17 resemble

528 2667 42 17 that
578 2667 21 17 of
607 2667 32 16 the
765 2666 39 17 Our
819 2667 142 21 contemporary

527 2690 16 17 is
551 2690 93 22 perfectly
651 2690 72 17 correct
730 2689 35 17 but
774 2689 32 17 the
815 2690 59 16 flavor
882 2690 14 16 is
910 2695 51 12 more

527 2713 109 22 suggestive
645 2713 20 17 of
672 2713 73 16 caviare
758 2712 47 17 than
819 2712 76 22 shrimp,
910 2719 51 11 more

527 2736 101 23 especially
637 2736 14 17 if
660 2736 45 22 they
714 2742 31 11 are
754 2735 79 18 allowed
842 2737 19 16 to
870 2737 49 16 toast
928 2736 22 17 he-

527 2760 40 17 fore
585 2760 31 16 the
630 2759 33 17 fire
678 2759 20 17 of
711 2765 11 10 a
740 2765 34 15 gas
790 2760 52 16 stove
855 2759 73 17 instead
941 2759 21 17 of

527 2782 59 23 being
593 2782 67 23 placed
673 2782 19 17 in
707 2787 25 12 an
745 2787 53 12 oven.
828 2782 132 21 Cockroaches,

528 2806 45 19 also,
584 2812 27 10 we
620 2805 63 18 would
691 2805 69 17 inform
771 2811 33 11 our
820 2806 142 21 contemporary

528 2835 31 11 are
567 2829 80 17 another
652 2829 47 16 New
705 2828 83 17 Zealand
802 2828 82 22 delicacy
898 2829 53 16 exclu-

528 2852 58 22 sively
595 2851 92 23 indulged
694 2852 19 16 in
731 2852 25 21 by
770 2852 31 16 the
815 2857 60 17 upper
888 2852 73 17 classes.

528 2876 58 16 These
592 2881 31 11 are
629 2874 80 18 allowed
715 2876 19 16 to
740 2874 76 18 simmer
820 2874 19 18 in
845 2874 117 23 champagne

528 2899 49 16 until
586 2899 46 21 they
646 2899 76 16 become
737 2904 11 10 a
760 2897 67 23 bright
840 2897 69 23 golden
926 2898 36 16 hue

528 2921 37 18 and
574 2927 33 12 are
614 2921 65 18 served
689 2927 25 16 up
731 2927 23 10 011
769 2920 98 23 parboiled
879 2920 83 18 bananas

529 2951 22 10 011
562 2945 31 16 the
602 2945 41 16 half
651 2944 55 17 shelf.
732 2944 64 17 Tracts
805 2944 20 17 of
833 2945 79 21 country
922 2950 30 11 car-

528 2968 57 22 rying
593 2968 66 22 plenty
669 2968 19 16 of
697 2968 52 16 these
764 2967 68 17 insects
847 2967 49 17 fetch
910 2966 52 23 large

528 2991 60 22 prices
596 2991 18 16 in
625 2991 32 17 the
666 2997 47 15 open
724 2991 79 17 market.
828 2989 63 24 Next!

1182 86 58 19 THE
1268 86 56 19 HOT
1351 85 91 20 LAKES
1472 85 172 24 CHRONICLE,
1673 85 195 23 WEDNESDAY,
1897 85 126 20 OCTOBER
2051 86 19 22 2,
2088 86 49 18 1895

533 3049 151 45 Rotor
686 3060 63 32 ua
768 3047 194 55 Bakery

533 3193 53 51 T.
612 3193 47 50 S.
685 3190 278 62 SAMSON,

544 3268 103 31 BAKER
662 3268 25 29 &
698 3265 254 33 CONFECTIONER.

585 3353 84 22 Bread
682 3353 132 22 delivered
831 3352 77 29 daily.

585 3425 164 23 GROCERIES,

729 3456 142 20 DRAPERY,

725 3495 42 12 AM)

533 3521 122 17 GENERAL
663 3520 205 17 STOREKEEPER'S
875 3519 89 18 GOODS.

534 3568 162 42 ROTORDA
720 3567 91 40 BOOT
832 3567 26 40 &
875 3567 89 40 SHOE

685 3621 126 41 DEPOT,
850 3655 8 8 .

590 3694 44 52 J.
659 3691 247 52 LARKIN.

532 3956 18 19 A
656 3955 61 19 Stock
737 3956 21 17 of
775 3954 94 22 German,
887 3951 77 19 French

600 3981 41 19 and
651 3981 91 19 Colonial
753 3981 62 18 Boots
825 3979 75 24 always

696 4007 22 19 in
734 4006 67 19 Stock.

532 4040 68 19 BEST
609 4040 76 18 MATE
690 4038 70 19 RIAL.
797 4036 68 20 BEST
873 4035 91 20 WORK.

611 4070 158 20 AUCKLAND
779 4068 106 20 PRICES.

531 4122 165 26 Hand-sewn
706 4120 79 23 Boots
795 4126 14 18 a
825 4117 139 31 Specialty.

975 149 240 46 KUSABS
1248 148 154 45 BROS

1080 212 216 33 MAHAKIT

971 250 75 40 SAW
1061 252 26 40 &
1112 250 151 40 PLAMNG
1285 250 117 40 MILLS,

974 321 268 23 MOUNTHIN
1266 320 137 25 RI7HSX7,

1132 364 40 14 THE
1185 364 53 13 ONLY

973 396 134 20 GENUINE
1120 396 60 20 DkY
1197 396 77 19 LAND
1293 396 111 19 TIMBER

1077 431 29 16 IN
1118 431 53 16 THE
1184 430 113 17 MARKET.

973 475 127 41 MESSES
1119 476 99 17 KUSABS
1236 476 69 17 BROS,
1320 476 38 22 beg
1374 482 20 11 re-

1049 499 125 22 spcctfuUy.to
1182 499 70 17 inform
1260 499 32 17 the
1305 499 67 17 Public
1385 499 20 17 of

974 523 77 14 huturua
1059 523 33 13 and
1103 522 72 20 vicinity
1184 522 37 15 that
1231 523 40 18 they
1286 521 43 16 have
1345 523 48 14 estab-

973 541 54 17 lished
1036 548 11 9 a
1055 542 44 20 yaid
1106 542 18 15 in
1138 541 125 21 Hintmoa-st.,
1272 543 33 15 and
1320 547 31 11 can
1366 548 38 9 now

973 565 62 18 supply
1045 563 28 14 the
1082 563 50 16 fiuest
1139 563 44 16 class
1197 564 18 14 of
1229 563 80 20 Building
1324 562 80 17 Material

973 583 16 15 in
999 584 28 14 the
1037 583 74 17 Market.
1128 584 17 15 It
1153 584 14 15 is
1174 584 101 20 unequalled
1284 584 17 16 in
1310 584 94 21 durability

974 603 32 17 and
1018 604 15 15 in
1042 605 79 20 pervious
1130 607 16 13 to
1156 606 29 15 the
1193 605 67 16 attacks
1275 605 18 16 of
1306 606 50 15 borer
1370 605 34 15 and

973 625 31 20 dry
1017 629 32 13 rot.
1072 626 53 14 Their
1133 626 81 15 sawmills
1223 631 28 11 ere
1259 626 49 16 fitted
1319 626 41 15 with
1376 627 28 14 the

974 650 44 11 most
1026 646 70 16 modern
1105 645 98 22 appliances
1212 647 33 15 and
1254 647 29 16 the
1291 647 38 16 firm
1342 647 15 16 is
1367 647 37 15 ahle

973 671 17 11 to
1007 668 62 19 supply
1085 673 33 14 any
1135 668 81 20 quantity
1232 668 18 15 of
1265 668 36 21 Dry
1320 668 84 20 Building

973 688 81 15 Material
1063 694 21 9 on
1093 689 29 15 the
1131 690 74 14 shortest
1212 690 61 15 notice.

974 730 139 29 Skirtings,
1120 730 179 28 Architraves,
1305 731 83 24 Mould-

1009 761 68 28 ings,
1089 760 51 23 and
1150 760 111 23 Dressed
1270 762 102 22 Timber

1039 791 27 23 of
1075 797 80 22 every
1171 791 165 30 description,

1065 821 109 29 Always
1185 828 33 15 on
1227 821 84 23 Hand.

1002 855 118 23 HENAU
1131 855 107 23 HOUSE
1248 856 129 22 BLOCKS.

973 932 224 34 KUSABS
1234 932 170 37 BEOS.,

1049 974 116 17 MAMAKU
1178 978 24 12 on
1216 974 112 17 OHAUPO.

1101 1002 26 19 Or
1135 1004 19 15 ;it
1164 1002 31 17 the
1208 1002 67 21 Yards,

997 1031 123 18 HINEMOA
1133 1030 101 19 STREET,
1254 1029 127 18 ROTORUA.

974 1087 136 24 BARBER
1125 1087 21 23 &
1161 1086 238 23 HAIRDRESSER

1001 1268 56 19 HAS
1070 1266 112 20 OPENED
1202 1265 48 19 HIS
1264 1264 114 23 SALOON,

976 1324 78 19 NEXT
1070 1322 74 21 DOOR
1158 1322 32 19 TO
1204 1321 42 19 MR
1263 1320 141 20 SAMSON'S.

1012 1486 161 32 CLEARING
1200 1485 59 31 OUT
1292 1484 80 31 SALE

1178 1523 32 16 OF

1038 1552 138 24 WINTER
1186 1550 158 24 DRAPERY

1179 1584 31 16 AT

1005 1617 150 20 HOWARD'S
1178 1616 90 19 COMET
1288 1616 95 19 HOUSE

978 1652 44 18 Will
1031 1652 87 18 continue
1125 1652 29 16 for
1160 1652 9 16 .'1
1176 1651 90 17 WEEKS
1273 1651 72 22 longer.
1360 1651 36 16 Fur-

977 1681 43 17 ther
1029 1679 105 19 reductions
1143 1679 20 17 in
1171 1678 55 23 price.
1252 1679 17 16 A
1277 1678 27 18 lot
1319 1679 20 16 of
1352 1678 42 18 Rem-

977 1710 56 17 nants
1042 1709 37 17 and
1088 1707 72 19 Ladies'
1174 1708 37 16 and
1221 1707 103 17 Children's
1331 1707 76 20 Ulsters,

978 1738 56 17 Hilts,
1045 1738 39 17 &C.,
1095 1741 69 12 UXDKK
1177 1741 46 12 COST
1236 1739 63 14 PRICE.

1009 1797 183 45 Robert
1227 1795 154 45 Wake

981 1870 98 47 BEGS
1087 1872 20 17 to
1116 1869 91 19 intimate
1216 1872 20 15 to
1242 1869 34 18 the
1286 1868 124 20 inhabitants

1055 1896 20 19 of
1090 1895 91 20 Rotorua
1194 1894 40 20 and
1250 1894 34 19 the
1303 1894 108 26 travelling

980 1923 69 25 public
1060 1921 103 26 generally
1178 1920 45 20 that
1239 1921 25 19 he
1281 1921 36 18 has
1334 1927 12 12 a
1366 1923 45 22 trap

980 1948 90 26 running
1080 1954 59 17 every
1151 1947 54 19 week
1213 1947 90 19 between
1314 1945 95 23 Rotorua,

981 1975 85 19 Galatea
1077 1973 39 19 and
1127 1974 28 18 To
1170 1973 79 18 Whaiti
1267 1974 31 17 for
1314 1973 34 18 the
1364 1979 47 12 con

980 2007 87 18 veyanee
1078 2001 21 17 of
1110 2006 126 18 passengers,
1249 1999 84 24 parcels,
1353 2000 32 17 &c.

1007 2027 79 19 Parcels
1098 2026 78 18 recived
1187 2025 39 18 and
1238 2025 27 18 all
1282 2024 129 19 information

981 2053 60 24 given
1061 2055 21 16 at
1100 2052 24 18 R.
1145 2051 87 19 Wake's
1250 2051 64 23 Store,
1335 2050 76 19 Fenton

980 2079 73 19 Street.

1079 2148 243 20 ANNOUNCEMENT.

983 2222 23 21 JL
1035 2227 69 24 drugs,
1120 2226 112 23 chemicals,
1251 2227 40 21 &c,
1309 2226 40 18 and
1362 2226 51 18 have

1023 2253 52 24 aged
1086 2260 12 11 a
1107 2255 113 21 competent
1230 2258 46 12 man
1289 2255 19 15 to
1321 2252 92 25 dispense

982 2279 34 18 tho
1031 2286 54 12 same
1102 2284 20 12 at
1139 2279 34 17 the
1192 2284 43 13 new
1254 2278 50 25 shop
1324 2277 90 26 opposite

983 2305 33 18 the
1028 2305 69 19 Grand
1108 2304 67 19 Hotel.

1166 2335 111 19 ROBEET
1293 2335 94 19 WAKE.

985 2453 60 41 MT.
1073 2453 136 41 HOBSOH
1244 2453 169 46 NURSERY,

1009 2507 173 28 KEMUERA,
1199 2507 189 28 AUCKLAND,

1089 2543 61 22 [long
1157 2542 152 23 established.]

985 2570 60 46 SU
1053 2569 43 21 PP
1102 2570 36 20 LI
1146 2571 16 18 E
1171 2571 13 18 S
1195 2570 104 19 advanced
1310 2571 59 18 Fruit
1376 2570 39 19 and

1045 2596 130 19 Ornamental
1190 2596 66 19 Trees.

1013 2628 74 19 Native
1098 2627 71 19 Plants
1180 2627 39 18 and
1229 2627 70 23 Ferns,
1317 2627 99 25 prepared

983 2654 32 18 for
1028 2653 86 25 sending
1123 2656 20 16 to
1155 2653 26 19 all
1193 2656 55 21 parts
1267 2659 21 13 or
1303 2653 34 19 the
1354 2653 62 19 world

984 2681 48 17 with
1045 2679 209 24 successincluding
1264 2679 35 19 the
1306 2679 110 19 handsome

984 2707 76 24 species
1070 2706 21 18 of
1100 2705 125 19 Tree-Ferns
1235 2706 21 17 of
1264 2705 56 19 these
1329 2705 86 21 Islands,

984 2732 39 18 and
1034 2732 27 18 all
1072 2731 57 19 other
1140 2732 59 18 items
1212 2732 94 24 required
1316 2731 27 25 by
1358 2731 49 18 culti-

984 2761 72 16 vators.

1011 2784 85 19 Current
1115 2783 85 20 circular
1221 2783 113 20 forwarded
1350 2789 26 13 on
1386 2789 20 13 re-

984 2811 53 24 ceipt
1047 2811 21 18 of
1078 2810 89 19 address.

1014 2862 49 46 C.
1096 2861 285 56 T.WREN,

1074 2930 254 31 BKMUERA,

989 2989 48 43 T.
1073 2991 63 41 M.
1176 2989 49 43 H

1230 2990 116 20 A.RRISON,
1363 2991 46 16 B.A.

1022 3041 142 18 BARRISTER
1177 3041 52 17 AND
1241 3041 140 19 SOLICITOR,

1011 3065 36 18 lis,
1061 3064 98 18 Victoeia
1171 3064 88 21 Arcade,
1274 3064 119 18 Auckland.

1172 3111 56 20 Also,

985 3133 92 18 Barrister
1090 3133 37 17 and
1143 3133 86 17 Solicitor
1246 3134 19 17 of
1279 3134 33 17 the
1328 3134 89 22 Supreme

1032 3156 63 19 Court,
1107 3156 83 20 Ontario,
1200 3156 82 19 Canada.

1037 3213 134 40 HORACE
1191 3213 178 40 STEWART,

989 3272 107 19 SADDLE,
1110 3271 123 21 HARNESS,
1247 3272 54 16 AND
1319 3272 100 17 COLLAR

1155 3299 98 20 MAKER,

988 3333 72 16 Wislies
1068 3333 21 15 to
1100 3331 62 21 notify
1175 3332 32 16 the
1220 3332 67 17 Public
1303 3333 19 16 of
1336 3333 84 16 Rotorua

989 3356 38 17 and
1036 3354 127 23 surrounding
1171 3355 73 17 diHtrict
1249 3357 42 15 that
1298 3357 22 15 he
1327 3356 38 16 will
1372 3361 24 11 on

1042 3384 91 17 Monday
1143 3387 59 17 next,
1211 3382 119 19 September
1336 3385 28 19 2:i,

988 3415 106 14 commence
1102 3410 84 17 business
1198 3410 19 16 in
1233 3411 31 16 the
1277 3411 59 17 above
1350 3411 37 17 line
1401 3412 19 17 in

988 3436 32 16 the
1029 3434 88 23 premises
1126 3433 102 22 belonging
1237 3435 20 15 to
1268 3434 22 16 B.
1305 3434 19 17 S.
1341 3434 77 22 Corlett,

988 3458 73 17 Fenton
1072 3457 66 17 Street,
1148 3462 25 10 on
1181 3456 32 16 the
1225 3457 84 21 opposite
1322 3463 65 11 corner
1401 3459 19 15 to

988 3481 32 18 tho
1030 3480 64 17 Grand
1103 3478 64 22 Hotel,
1177 3479 37 17 and
1223 3479 69 18 solicits
1301 3486 11 10 a
1321 3480 35 17 fair
1367 3480 53 17 share

988 3505 20 16 of
1017 3504 109 22 patronage;

1012 3526 72 18 Collars
1093 3526 54 17 made
1160 3526 20 16 to
1194 3531 83 11 measure
1290 3532 24 10 on
1331 3526 32 16 the
1377 3532 33 16 pre-

988 3551 55 16 mises
1052 3556 10 10 a
1072 3549 101 23 speciality.

1012 3572 122 24 Lengthened
1145 3571 108 22 experience
1258 3571 23 16 in
1289 3571 25 16 all
1324 3572 66 16 classes
1401 3573 19 16 of

989 3596 93 17 Saddler's
1092 3595 56 17 work.
1175 3594 31 17 All
1214 3594 63 16 orders
1286 3594 95 23 promptly
1390 3596 20 16 at-

988 3619 68 18 tended
1068 3619 26 17 to.

1016 3673 152 20 FIREWOOD
1178 3672 3 21 !
1230 3672 164 19 FIREWOOD!

1086 3726 76 19 RATA
1174 3731 41 13 and
1230 3723 91 21 TAWA.

988 3753 109 19 Delivered
1117 3752 26 25 by
1162 3751 84 19 Kusabs
1267 3750 57 18 Bros,
1341 3751 21 17 to
1380 3756 40 18 any

988 3781 47 24 part
1047 3779 21 19 of
1079 3779 35 18 the
1124 3777 99 25 township
1234 3779 20 16 at

1061 3805 85 19 Lowest
1159 3803 99 19 Current
1270 3801 75 19 Rates.

1016 3831 73 19 Orders
1098 3829 91 20 received
1202 3833 19 15 at
1232 3829 33 18 the
1276 3828 66 24 yards,
1353 3827 52 19 Hine-

988 3864 46 12 moa
1044 3859 72 16 Street.

1054 3904 164 24 COTTAGES
1233 3903 39 23 TO
1285 3902 69 24 LET.

990 3958 85 46 ONE
1085 3956 147 20 Four-roomed
1243 3962 24 12 on
1279 3955 33 19 the
1327 3954 93 19 Utuhina

1063 3983 70 20 Creek.

990 4011 44 18 One
1044 4008 138 21 Two.roomed
1192 4008 20 18 in-

991 4037 52 24 ship.

1017 4063 39 18 For
1067 4060 119 23 particulars
1198 4059 65 26 apply,

1173 4086 33 19 W.
1225 4085 115 23 ROGEPS,

1214 4111 103 19 Ilinumoa
1330 4111 62 19 Store.

1545 174 264 75 LAKE
1864 173 332 76 HOUSE

1458 265 337 55 Hydropathic
1839 263 160 52 Hotel,
2048 262 231 45 Rotorua.

1710 320 222 32 ESTABLISHED
1954 319 76 31 1881.

1428 360 71 19 Under
1512 359 35 19 the
1559 360 109 23 patronage
1679 359 22 17 of
1710 364 33 14 Mr
1755 359 33 20 W.
1809 359 85 22 Jervois,
1912 358 47 18 Karl
1978 359 37 17 and
2034 357 102 19 Countess
2154 357 22 18 of
2196 356 116 26 Hopttoun,

1597 384 34 19 the
1644 385 54 19 Hoi;.
1710 385 88 19 Premier
1808 385 37 19 anl
1862 383 101 19 Members
1980 383 21 19 of
2012 383 129 19 Parliament.

1453 437 42 19 The
1505 437 63 18 Hotel
1582 436 15 18 is
1608 436 87 19 situated
1707 443 24 11 on
1743 442 25 13 an
1778 436 90 19 elevated
1881 435 86 25 pot-ition
1978 441 25 13 on
2015 435 34 19 the
2060 435 68 19 shores
2145 434 20 19 of
2182 435 54 18 Lake
2251 434 51 19 Roto-

1428 470 42 16 rua,
1481 462 121 20 convenient
1613 466 21 15 to
1644 462 24 19 all
1681 461 34 20 fhn
1725 463 63 22 nights
1799 462 19 19 in
1830 462 34 18 the
1874 461 86 19 district.

1499 487 112 30 Sulphur
1624 488 51 22 and
1689 487 113 23 Mineral
1816 487 81 23 Baths
1912 487 20 18 iu
1943 486 36 20 the
1990 486 97 20 Grounds
2097 486 22 19 of
2129 486 34 19 the
2174 486 69 18 Hotel.

1453 541 29 18 'J'o
1494 542 51 17 meet
1557 539 34 19 the
1611 540 82 19 dulnees
1704 541 22 16 of
1736 540 34 18 ihe
1780 540 57 17 limts
1848 545 12 12 a
1869 538 71 25 charge
1950 538 21 19 of
1982 539 30 18 2
2023 540 23 17 2s
2056 545 36 18 per
2103 537 54 20 week
2168 537 40 19 will
2218 537 24 19 be
2259 538 57 19 made

1428 566 32 19 for
1471 573 11 12 a
1494 565 120 23 lengthened
1626 569 50 21 stay.
1705 566 72 19 Under
1788 572 38 11 one
1836 564 54 19 week
1902 569 22 14 bs
1935 571 34 17 per
1980 563 45 27 day.

1428 617 129 19 .N.B.Mrs
1567 616 87 19 Graham
1666 618 38 18 will
1715 618 42 18 also
1768 616 94 20 continue
1872 618 21 17 to
1904 616 103 23 supervise
2018 616 33 18 the

1548 648 132 23 GEYSER
1699 649 108 23 HOUSE
1828 647 241 23 HYDROPATHIC
2082 648 115 29 HOTEL,

1776 674 117 19 WAIEa
1905 674 19 19 K
1935 674 38 22 hli,

1428 700 63 19 which
1507 700 34 19 has
1561 700 80 19 become
1656 707 11 12 a
1688 701 86 25 popular
1791 707 38 12 an.i
1848 702 38 16 iavi
1897 700 51 19 mite
1967 703 65 16 i'sort
2048 705 93 20 amorgi-t
2154 701 106 19 travellers
2276 701 40 20 and

1825 726 72 18 invalid
1902 736 13 9 p.

1559 752 19 18 A
1595 752 105 19 reduction
1717 752 16 19 is
1753 752 58 19 made
1828 755 21 15 to
1860 751 75 26 weekly
1947 759 22 12 or
1979 752 91 24 monthly
2081 752 104 20 boarders.

1429 778 69 19 Guide
1508 778 66 18 Books
1585 778 38 18 and
1634 778 132 19 information
1776 778 63 23 giatis
1855 781 20 16 at
1886 778 54 19 Cook
1957 779 38 18 and
2015 778 34 19 Soi
2058 778 15 19 s'
2089 779 51 24 (sole
2156 780 80 24 agents)
2252 780 65 19 cffices

1739 804 124 24 throughout
1876 803 33 19 the
1921 804 83 25 Colony.

1430 851 100 46 Mrs
1549 851 53 46 R.
1624 851 272 55 GRAHAM,
1922 878 20 8 -
1963 851 352 57 Proprietress.

1430 996 437 60 GEYSER
1944 997 373 61 HOUSE

1459 1072 343 57 Hydropathic
1832 1072 162 55 Hotel,
2018 1074 270 48 Wairakei.

1623 1130 34 18 bix
1672 1129 56 19 unles
1744 1129 50 19 from
1806 1129 56 20 Lake
1872 1129 70 21 Tauro
1954 1129 102 21 (Rniorun
2069 1131 59 25 pide).

1529 1155 240 33 SUPERIOR
1803 1156 418 35 ACCOMMODATION,

1599 1197 55 18 ALL
1670 1196 58 19 THE
1749 1196 146 20 COMFOK'Js
1912 1199 36 18 UP
1964 1202 14 15 A
2001 1199 81 19 HOME
2098 1199 54 19 FOR

1662 1228 160 23 TOURISTS
1835 1228 70 24 AND
1921 1229 170 25 INVALIDS.

1428 1281 54 23 Hot
1501 1281 154 27 Swimming
1677 1281 93 26 Baths,
1796 1281 220 24 Kiri-o-hine-Kai
2036 1289 28 16 or
2079 1283 66 23 New
2165 1283 64 24 Skin
2244 1284 77 29 Bath,

1623 1309 54 23 Hot
1687 1305 107 26 Douche
1805 1307 90 28 Baths,
1912 1308 87 23 Grand
2009 1308 115 24 Climate.

1585 1333 243 29 Elevationl,3so
1853 1334 54 23 feet
1926 1335 82 22 ahove
2021 1342 44 15 sea
2088 1335 75 24 level.

1867 1368 10 11 0

1430 1385 196 25 COMPETENT
1641 1386 125 24 GUIDES
1788 1392 122 21 accompany
1928 1389 87 17 tourit-ts
2031 1389 21 17 to
2070 1387 34 20 the
2121 1388 78 20 various
2218 1389 66 24 places
2303 1390 21 19 of

1517 1411 92 26 interest,
1618 1413 64 20 which
1694 1413 57 19 baffle
1759 1413 35 19 the
1802 1413 60 19 facile
1871 1420 46 17 pen,
1926 1413 39 19 and
1974 1420 35 13 can
2022 1414 46 25 only
2079 1414 23 19 be
2112 1415 84 19 realised
2204 1415 55 20 when
2271 1423 52 13 seen.

1430 1464 197 24 G6YS6R
1643 1466 198 22 VHLL9Y
1860 1465 94 20 contains
1963 1465 36 21 the
2020 1467 105 24 following
2142 1467 121 26 unequalled.
2279 1468 28 20 Na-

1509 1491 52 19 tural
1572 1493 91 18 wonders
1671 1491 3 27 :
1678 1492 146 24 Tuhuatabi,
1835 1498 22 12 or
1868 1492 65 19 Great
1942 1492 128 25 Champagne
2079 1493 101 19 Cauldron
2190 1491 4 27 ;
2209 1494 33 19 the
2251 1497 66 17 (Treat

1508 1517 105 20 Wairakei
1626 1519 91 26 Geyser;
1732 1519 36 19 the
1777 1517 85 26 Donkey
1877 1517 94 25 Engine;
1989 1519 34 19 the
2034 1519 85 19 Fairies'
2129 1519 54 19 Bath
2193 1517 4 29 ;
2213 1520 34 18 the
2255 1521 58 25 Light-

1510 1543 48 24 ning
1569 1544 44 19 Pool
1623 1543 3 28 ;
1638 1545 33 19 the
1682 1545 89 19 Cascade
1783 1544 77 26 Geyser
1872 1551 23 12 or
1905 1545 103 25 Dragon's
2019 1545 86 24 Mouth;
2119 1546 36 18 the
2164 1545 63 20 Black
2238 1547 88 24 Geyser;

1510 1570 34 18 the
1555 1570 51 19 Mud
1618 1572 77 24 Geyser
1704 1570 4 28 ;
1725 1571 34 19 the
1769 1571 51 19 Blue
1830 1570 56 20 Lake
1895 1570 3 28 ;
1915 1571 34 19 the
1964 1571 34 19 Oil
2023 1572 66 23 Bath;
2113 1572 33 19 the
2165 1572 78 24 Eagle's
2260 1573 50 19 ftesl
2322 1570 4 28 ;

1508 1596 37 19 the
1555 1596 76 19 Devil's
1645 1598 67 19 Punch
1724 1598 54 19 Bowl
1788 1596 4 28 ;
1807 1597 34 18 the
1853 1597 69 20 Prince
1935 1597 22 20 of
1968 1597 76 20 Wales'
2062 1598 107 23 Feathers;
2185 1600 35 18 the
2233 1599 88 25 Mirror;

1510 1622 35 19 the
1555 1624 55 18 Twin
1623 1624 91 24 Geyser;
1730 1624 35 19 the
1775 1624 60 19 Coral
1844 1623 77 25 Geyser
1929 1622 4 26 ;
1948 1624 34 19 the
1993 1624 68 19 Green
2077 1625 61 23 Poo];
2154 1625 44 19 Ten
2206 1625 72 20 kerebe
2295 1634 23 10 or

1510 1648 48 19 Hell
1571 1649 78 25 Geyser
1658 1648 4 30 ;
1677 1650 35 19 the
1722 1651 68 18 Steam
1802 1650 102 19 Hammer.
1935 1650 85 20 Guide's
2032 1651 31 19 fee
2074 1653 21 17 to
2110 1651 77 25 Geyser
2199 1652 70 26 Valley
2287 1654 23 18 5s
2321 1648 3 30 ;

1510 1674 91 20 distance
1612 1676 51 19 from
1675 1676 35 19 the
1722 1676 70 21 Hotel,
1802 1682 37 13 one
1850 1676 52 19 mile.

1884 1703 2 26 '
1910 1709 23 12 or
1950 1703 80 20 Ladder
2048 1704 85 25 Eapids.
2162 1704 42 19 The
2224 1704 101 20 Grandest

1515 1729 77 25 Kapids
1602 1735 19 12 in
1633 1730 35 19 the
1679 1730 83 19 SoUthei
1769 1736 11 12 n
1799 1730 26 18 Hi
1834 1730 98 24 misphere
1941 1729 4 26 ;
1961 1730 71 25 falhrg
2050 1731 19 18 in
2088 1731 28 18 six
2133 1730 85 20 distinct
2234 1732 92 19 cascades

1512 1757 93 23 amorgst
1617 1756 60 19 weird
1691 1756 38 19 and
1743 1756 75 24 rugged
1828 1762 89 18 scenery.
1946 1756 68 19 Distai
2023 1763 22 13 ce
2062 1756 50 19 from
2131 1756 34 19 the
2182 1757 70 23 Hotel,
2270 1757 56 20 three

1514 1780 64 19 miles,
1608 1784 9 15 f*
1621 1782 24 19 ad
1649 1782 32 20 die
1693 1783 69 18 horses
1774 1785 21 16 to
1806 1782 46 19 visit
1863 1782 35 19 the
1908 1781 85 27 Eapids,
2004 1784 23 18 7s
2039 1783 24 19 6d
2074 1783 55 20 each.

1436 1806 231 25 KSRHPITI
1685 1815 23 12 or
1718 1808 34 18 the
1763 1808 74 19 Devil's
1855 1811 93 21 trumpet
1965 1809 15 18 is
1999 1810 40 18 said
2058 1811 19 17 to
2097 1809 49 19 emit
2162 1816 11 12 a
2194 1817 93 15 pressure
2305 1811 21 19 of

1514 1835 43 18 ISO.
1564 1834 3 25 I
1574 1841 9 12 a
1599 1838 17 16 iij
1631 1840 63 14 steam
1707 1839 21 14 to
1739 1834 34 19 the
1783 1834 52 23 inch,
1848 1834 52 19 from
1911 1841 24 12 an
1951 1838 95 21 aperture
2063 1836 22 19 of
2100 1836 62 19 about
2178 1836 24 19 12
2220 1836 68 20 inches
2305 1844 19 13 in

1514 1860 104 21 diameter.
1647 1861 100 20 Distance
1756 1864 51 15 Irom
1820 1861 33 18 the
1865 1860 70 24 Hotel,
1947 1862 57 19 thiee
2015 1862 39 19 and
2070 1869 12 12 a
2100 1862 41 19 half
2157 1862 63 19 miles.
2254 1863 72 20 Saddle

1514 1886 71 20 horses
1595 1891 21 15 to
1628 1888 46 19 visit
1686 1888 35 19 the
1731 1888 68 21 above,
1816 1888 21 17 2b
1848 1887 24 19 6d
1884 1887 54 20 each.

1852 1919 50 13 ALSO

1434 1939 99 22 THG
1552 1941 141 22 HUKK
1712 1940 167 24 FHLLS,
1896 1939 34 20 the
1943 1940 104 19 Grandest
2064 1941 54 20 Falls
2133 1941 21 19 in
2171 1942 35 18 the
2225 1942 101 20 Southern

1516 1966 137 24 Hemisphere.
1682 1966 42 21 The
1736 1966 54 20 Falls
1803 1973 40 18 may
1858 1974 23 11 oo
1894 1965 73 21 visited
1984 1973 25 12 on
2020 1967 35 19 the
2065 1974 54 13 same
2129 1968 115 24 expedition
2256 1975 21 12 as
2295 1969 32 19 the

1515 1992 74 19 Devil's
1599 1992 106 25 Trumpet.
1735 1993 97 19 Distance
1851 1992 52 19 from
1920 1992 33 20 the
1969 1993 61 19 Hotel
2047 1994 58 19 three
2115 1994 38 19 aDd
2173 2001 10 12 a
2203 1994 43 19 half
2265 1995 61 20 miles.

1514 2018 73 20 Saddle
1602 2018 57 21 horse
1670 2027 21 11 or
1703 2020 66 25 buggy
1781 2020 21 18 '2>
1813 2019 25 19 Od
1848 2019 55 19 each.

1437 2050 115 39 MRS
1579 2051 48 39 R.
1654 2051 265 45 GRAHAM,
2072 2068 254 26 proprietress.

1501 2246 68 53 H.
1628 2246 93 54 W.
1783 2246 481 65 NEIGHBOUR,

1601 2401 130 41 TAILOR
1785 2400 70 42 AND
1906 2401 257 49 HABIT-MAKER,

1586 2967 45 19 One
1646 2967 22 20 of
1685 2968 34 18 the
1730 2968 118 20 necessities
1859 2968 22 19 of
1891 2969 35 20 the
1935 2970 81 25 comiDg
2026 2970 74 19 Season
2111 2971 41 18 will
2162 2971 25 19 be

1442 2998 23 23 A
1503 2998 114 23 COOL
1658 3000 100 23 AND
1800 3000 332 25 REFRESHING
2172 3003 161 23 DRINK

1467 3031 140 19 Untiiictured
1621 3031 23 24 by
1654 3038 37 14 any
1704 3031 127 19 Deleterious
1848 3032 100 19 ihemical
1960 3033 138 23 Compounds.
2126 3033 19 19 A
2156 3034 57 19 drink
2225 3036 21 17 at
2257 3041 49 12 once

1665 3062 184 30 Exhilarating
1870 3064 52 23 and
1938 3063 166 31 Refreshing,

1442 3094 36 18 and
1492 3092 64 19 which
1571 3092 35 19 jrhl
1619 3099 61 19 prove
1690 3100 12 12 a
1714 3094 115 22 preventive
1840 3094 22 19 of
1874 3095 113 24 Dyspepsia
2003 3096 38 17 and
2060 3095 26 19 ail
2103 3095 94 20 Internal
2216 3096 115 20 Disorders.

1467 3119 87 20 Aerated
1566 3119 83 19 Waters
1660 3120 40 17 and
1711 3120 98 22 Cordials,
1828 3121 122 25 comprising
1967 3121 34 20 the
2011 3121 74 20 Purest
2095 3122 120 24 Lemonade,
2232 3123 35 19 the
2277 3123 56 20 Most

1442 3146 101 19 Delicious
1555 3146 77 24 Ginger
1642 3145 45 24 Ale,
1702 3145 174 26 Highly-charged
1895 3147 53 19 Soda
1961 3147 76 24 Water,

1757 3176 262 38 OLAKONE,

1442 3221 11 12 a
1462 3221 43 12 new
1513 3212 133 26 Enervating,
1664 3213 147 20 non-a'eoholic
1828 3214 115 26 Beverage;
1962 3216 54 18 L:me
2035 3215 59 20 Juice
2110 3215 87 25 Cordial,
2209 3216 124 26 Raspberry,

1444 3240 135 26 Peppermint,
1591 3238 77 24 Cloves,
1679 3240 39 19 and
1730 3240 75 19 Ltmon
1816 3241 77 25 Syrups
1903 3248 34 13 are
1948 3241 26 20 all
1987 3242 155 20 manufactured
2152 3249 25 12 on
2187 3243 35 19 the
2230 3243 103 25 premises.

1472 3339 54 29 .<=
1618 3345 25 23 Ak

1731 3337 91 52 n
1868 3339 42 50 a
1925 3341 202 48 Din?
2220 3344 28 45 if

2204 3386 103 36 <JK,

1448 3490 402 57 SEDDON'S
1879 3492 201 54 LAKE
2114 3494 215 64 VIEW,

1561 3569 137 24 Overlooking
1710 3569 35 17 the
1755 3567 37 23 Pa,
1803 3567 83 27 Boiling
1901 3569 87 26 Springs
2001 3569 40 20 and
2050 3570 92 19 Rotorua
2151 3570 63 19 Lake.

1587 3673 175 24 TeR7VTS
1773 3678 5 16 :
1794 3671 47 23 30s
1849 3679 47 22 per
1905 3674 84 27 week,
2001 3681 28 16 or
2041 3675 29 22 5s
2080 3681 46 23 per
2135 3675 57 29 day.

1444 3709 103 30 Special
1554 3709 208 30 Arrangements
1771 3709 40 23 for
1821 3716 15 16 a
1842 3709 162 29 lengthened
2011 3712 134 22 residence
2152 3711 52 24 and
2212 3711 121 26 families,

1714 3784 170 21 CUISINE.A
1898 3785 173 20 SPECIALITY.

1482 3823 124 20 References
1615 3824 128 25 throughout
1759 3825 50 19 Now
1822 3824 91 19 Zealand
1923 3825 41 18 and
1973 3825 34 20 the
2015 3826 118 19 Australian
2140 3826 94 19 Colonies
2243 3826 53 19 from

1784 3851 95 25 previous
1900 3850 93 19 Visitors.

1443 3880 34 19 No
1488 3882 55 17 touts
1553 3881 106 24 employed
1670 3883 20 17 at
1703 3882 106 19 Auckland
1818 3889 23 12 or
1856 3882 91 19 Eotorua
1964 3882 94 26 Railway
2076 3883 90 20 Stations
2185 3890 22 13 or
2225 3883 107 21 Steamers.

1694 3913 32 19 No
1741 3915 34 17 ten
1785 3920 35 18 per
1830 3918 46 16 cent
1885 3914 94 26 Coupons
1989 3915 99 25 accepted.

1634 3979 32 19 for
1677 3979 108 23 Skdbon's,
1795 3981 39 18 and
1846 3987 33 13 see
1888 3988 41 17 you
1939 3988 35 12 are
1986 3981 38 19 loft
2033 3982 63 20 thero.

1859 4117 13 20 ,
1908 4105 20 10 -
1980 4078 351 58 Proprietress.

932 4210 102 42 Ask
1062 4210 70 37 fcr
1158 4203 266 46 EaECCcVs
1451 4201 283 45 Celebrated
1760 4199 188 46 iXXXX
1975 4199 111 40 Ales
2114 4204 93 36 and
2233 4203 148 43 Stout,

2420 146 21 22 J.
2457 146 32 23 W
2510 145 168 27 WRIGLEY,

2406 196 26 18 >E
2465 197 16 19 C
2516 199 20 18 H
2573 198 9 18 I
2611 197 15 19 T
2655 197 17 19 E
2700 196 15 18 C
2742 196 22 23 T,

2478 243 142 22 BOTORUA.

2362 294 70 23 Agent
2448 294 31 18 for
2489 294 35 19 the
2541 295 62 19 South
2622 294 78 21 British
2720 294 45 19 Fire

2336 320 16 19 &
2364 320 80 18 Marine
2456 320 108 19 Insurance
2578 323 108 23 <'ompany.

2382 369 31 39 A,
2441 369 69 39 AND
2536 370 30 38 G,
2593 370 126 47 BROOK,

2337 420 81 23 BOOT
2432 419 70 23 AND
2518 419 81 23 SHOE
2620 421 146 28 MAKERS,

2396 451 86 19 FEKTOS
2498 454 87 19 STREET,
2610 453 103 19 hoTOHUA.

2337 484 46 18 And
2407 485 20 17 at
2458 482 81 20 Parnell
2562 483 40 18 aid
2632 483 136 20 Newmarket.

2366 534 65 25 Large
2442 535 38 18 and
2492 535 66 18 vaiied
2574 534 62 19 Stock
2647 534 22 19 of
2679 534 89 25 English,

2340 560 87 25 Foreign
2439 561 38 18 and
2489 560 90 20 Colonial
2588 560 63 19 Boots
2662 561 37 18 and
2708 560 61 20 Shoes

2401 588 22 17 to
2434 586 71 19 choose
2516 588 50 18 from
2577 589 22 17 at
2610 586 34 19 the
2655 588 51 17 most

2374 618 213 32 REASONABLE
2610 618 126 33 PRICES.

2408 660 94 19 GREAT
2515 660 190 20 REDUCTIONS.

2367 690 94 26 Clearing
2479 694 37 15 out
2536 691 60 19 Stock
2615 691 33 19 for
2671 691 74 25 Spring

2493 717 121 24 Shipments.

2341 749 34 18 All
2390 749 70 19 orders
2477 749 39 18 and
2533 749 74 25 repairs
2624 749 146 25 expeditiously

2503 776 101 18 executed.

2383 823 31 41 I.
2439 823 38 40 f.
2510 823 119 41 PBil
2632 823 85 41 S#M
2720 851 9 21 S

2470 891 171 20 FRUITEREK.

2368 943 56 19 Next
2434 941 99 21 Saddler's
2547 943 56 24 shop,
2614 943 132 19 Ohinemutu.

2343 975 46 19 Has
2399 976 74 24 always
2488 981 11 12 a
2514 981 17 18 g<
2540 974 26 20 od
2580 975 74 25 supply
2670 974 21 20 of
2711 975 62 20 Fresh

2417 1001 65 23 Fruit,
2493 1001 47 19 both
2556 1001 50 19 local
2616 1001 38 19 and
2665 1001 23 19 im-

2469 1027 69 26 ported
2550 1034 25 12 on
2587 1027 59 20 hand.

2510 1053 89 24 Also,

2466 1080 18 18 A
2505 1079 42 19 well
2559 1081 92 19 assorted

2397 1106 56 18 stock
2463 1106 22 18 of
2496 1105 85 24 Biscuit,
2594 1107 118 19 Confection-

2343 1138 35 19 ery
2389 1133 39 18 and
2439 1134 90 18 Summer
2543 1132 77 20 Drinks
2632 1136 22 16 at
2670 1134 106 20 Moderate

2523 1158 73 20 Prices.

2371 1287 186 41 MARAEROA
2579 1287 171 42 SAWMILL.

2353 1369 38 20 *-*
2426 1375 39 22 for
2480 1377 59 27 past
2554 1376 89 22 favors
2662 1376 51 23 and
2730 1376 49 23 bea

2348 1409 27 21 to
2400 1413 135 17 announce
2557 1407 60 23 that
2639 1408 100 27 having
2763 1403 15 22 %

2348 1438 73 29 large
2442 1437 75 23 stock
2539 1438 27 22 of
2581 1437 199 23 well-seasoned

2347 1470 136 23 first-class
2493 1470 94 22 timber
2599 1476 33 15 on
2639 1469 70 22 hand
2715 1469 65 29 they

2349 1503 43 16 are
2407 1496 124 30 prepared
2542 1499 26 20 to
2580 1495 68 23 fulfil
2658 1495 87 22 orders
2754 1497 26 21 at

2349 1526 113 23 reduced
2469 1528 76 21 rates.

2348 1573 54 43 B.
2444 1571 42 44 S.
2535 1571 34 44 C

2591 1572 119 17 OKLE
2728 1572 15 17 T
2759 1572 20 20 T,

2455 1646 15 19 A
2482 1644 19 20 E
2509 1646 15 18 C
2535 1645 17 18 II
2563 1645 10 19 I
2583 1645 15 19 T
2606 1645 17 18 E
2630 1645 16 19 C
2656 1644 21 24 T,

2431 1681 95 24 Building
2542 1681 107 24 Surveyor,
2668 1680 35 19 &c.

2350 1721 70 24 4gent
2444 1718 31 20 for
2494 1718 34 18 the
2551 1717 98 20 National
2674 1717 45 20 Fire
2743 1717 39 19 and

2442 1745 80 18 Marine
2529 1745 114 19 Insurance
2655 1744 34 20 Co.

2350 1811 163 41 ROTORUA
2541 1811 164 41 SAWMILL
2729 1811 51 41 CO.

2493 1938 52 17 AND
2564 1936 52 18 KED
2636 1937 63 17 PINE
2716 1937 19 17 of
2752 1937 32 17 the

2368 1964 27 14 TT
2438 1960 56 18 finest
2502 1960 73 23 quality
2590 1960 37 18 and
2640 1960 90 22 carefully
2745 1961 37 17 cut.

2543 1989 49 14 ALSO

2365 2013 90 29 Matai,
2479 2014 120 23 Pukatea
2620 2014 51 23 and
2693 2013 78 24 Tawa

2354 2045 128 30 Shingles,
2494 2046 115 28 Palings,
2622 2046 94 23 Blocks
2733 2046 51 22 and

2528 2077 83 27 Posts,

2379 2115 18 18 A
2409 2113 50 25 good
2470 2113 37 18 arc!
2520 2114 88 18 asiorted
2621 2112 73 26 supply
2711 2113 73 24 always

2351 2147 25 12 on
2386 2140 53 19 hand
2449 2142 21 16 at
2480 2140 34 17 the
2523 2140 81 18 Timber
2615 2139 62 18 Yard.

2481 2173 64 19 ROT
2554 2173 44 19 OR
2606 2174 17 19 LI
2632 2175 25 18 A.

2354 2227 160 24 N.BSpecial
2525 2234 44 11 care
2583 2226 62 19 taken
2656 2227 20 19 in
2694 2227 34 19 the
2743 2233 41 13 sea-

2355 2306 96 20 PRiCES
2475 2305 34 19 AT
2533 2305 134 19 CURRENT
2691 2304 92 20 BATES.

2353 2359 34 20 W.
2404 2358 155 24 HENSHAW,

2411 2429 113 46 FOR
2557 2429 162 46 SALE.

2355 2547 36 17 MP
2395 2547 70 19 OTAE
2468 2547 18 18 A
2491 2545 95 21 HOUSE
2593 2546 112 19 BLOCKS.
2711 2546 30 20 Sti
2745 2551 39 15 am'

2375 2567 10 23 L
2420 2580 38 18 ers,
2471 2573 39 18 and
2521 2573 136 19 Government
2667 2573 40 18 size
2720 2572 64 22 Posts,

2355 2599 20 19 ill
2388 2606 39 18 any
2439 2599 100 25 quantity,
2551 2598 101 19 delivered
2662 2601 21 16 to
2693 2605 38 17 any
2741 2601 46 22 part

2353 2626 21 17 of
2386 2626 35 18 the
2436 2625 175 26 listriet.Apply
2624 2627 21 17 at
2655 2626 35 17 the
2700 2625 87 18 Auction

2353 2651 61 22 Man,

2536 2686 20 19 J.
2573 2686 29 18 H.
2617 2685 117 19 TAYLOR.

2377 2740 43 44 G
2434 2740 52 18 Ea
2506 2739 137 45 MA
2655 2739 47 18 Bl
2712 2739 52 20 "'

2449 2860 129 19 TUTANEKAI
2598 2860 91 21 StHEET,

2356 2970 219 33 HOTOHUA
2615 2970 171 35 HOTEL,

2449 3012 73 26 Facing
2533 3012 55 20 Lake
2596 3012 97 19 Rotorua.

2420 3071 139 21 NATURAL
2573 3071 59 20 HOT
2649 3071 77 19 BATH

2356 3106 92 20 attached
2465 3106 21 17 to
2497 3104 34 19 the
2541 3104 63 19 house
2613 3104 43 19 free
2666 3106 20 17 to
2700 3104 87 18 visitors.

2356 3159 89 19 Phaeton
2457 3158 50 25 kept
2517 3157 32 19 for
2560 3163 35 13 use
2606 3156 22 19 of
2646 3156 86 19 tourists
2749 3156 38 19 and

2525 3182 92 20 invalids.

2382 3237 69 19 Terms
2462 3234 3 27 :
2481 3238 22 17 6s
2515 3243 35 18 per
2560 3236 45 24 day,
2612 3241 22 13 or
2641 3236 35 17 3os
2684 3241 11 13 a
2702 3234 60 20 week.

2514 3288 19 19 J.
2549 3286 160 25 FALLOONA,

2636 3314 125 23 Proprietor.

2344 3360 2 38 1
2385 3367 141 31 TEf.n.TW
2561 3367 22 27 to
2618 3366 136 32 MATTER

2434 3436 113 19 FAMILY
2562 3434 155 25 BUTCHERS,

2410 3487 80 18 AIiAWA
2513 3485 91 24 SIBEET,
2629 3485 106 19 RoTOHUA.

2384 3535 59 20 Have
2452 3537 21 17 to
2484 3535 65 20 thank
2560 3535 36 19 the
2605 3535 74 18 Public
2695 3534 21 19 of
2726 3535 49 19 Roto-

2357 3568 36 13 rua
2408 3561 33 20 for
2450 3564 45 21 past
2504 3561 85 19 favours
2599 3561 37 20 and
2650 3561 37 21 beg
2698 3563 20 16 to
2735 3564 52 15 statp

2357 3588 48 25 they
2419 3588 39 18 will
2475 3589 97 18 continue
2591 3591 21 14 to
2628 3587 59 20 merit
2704 3588 83 24 support

2357 3615 25 25 by
2394 3614 107 24 providing
2511 3614 35 19 the
2557 3614 44 19 best
2609 3614 78 24 quality
2697 3613 22 19 of
2737 3617 50 15 meat

2429 3663 36 19 AT
2479 3662 118 21 LOWEST
2612 3662 104 20 PRICES.

2387 3718 90 19 TOK
2491 3718 18 20 O
2524 3718 11 19 I
2552 3719 18 18 A

2359 3810 429 33 BOAHDIKGHOUSK,

2358 3869 108 28 Opposite
2483 3870 38 19 the
2537 3871 54 18 Post
2602 3871 45 18 and
2661 3871 127 26 Telegraph

2535 3896 78 19 Office.

2358 3928 45 19 And
2425 3934 49 12 near
2494 3927 33 19 the
2547 3927 120 19 Celebrated
2693 3927 96 22 PRIEST

2398 3953 117 19 RACHEL
2531 3954 40 18 and
2584 3953 56 19 other
2651 3953 98 25 BATHS,

2502 3979 143 20 ROTORUA.

2392 4031 113 40 MRS

2491 4079 173 20 PIiOPniETSESS.

2437 4110 94 21 TERMS
2548 4111 164 20 MODERATE.

2813 146 111 24 Visitors
2935 150 26 20 to
2977 146 44 23 the
3036 146 24 22 II
3125 145 64 22 ikes.

2820 223 171 47 Palace
3025 223 161 54 Hotel,

2871 279 10 17 d
2907 280 18 17 in
2949 282 35 18 the
3007 282 47 19 New
3080 281 15 19 0
3116 281 103 18 lernmeut

2791 304 105 24 Township
2913 312 18 12 in
2948 306 52 21 ciose
3017 308 106 26 proximity
3145 313 20 13 10
3184 306 35 19 the

2790 329 71 24 Baths,
2878 329 132 26 Sanatorium,
3031 334 45 19 Poet
3101 332 60 20 Office
3179 332 40 19 and

2790 355 90 24 Railway
2888 357 84 19 Station.

2817 407 41 18 The
2869 407 61 19 Hotel
2941 409 16 18 is
2973 409 122 28 luxuriously
3112 411 107 19 furnished

2791 433 39 18 and
2841 433 77 23 replete
2928 435 47 19 with
2981 442 53 19 ever}
3050 437 169 21 lonveriiencefor

2791 459 86 18 tourists
2888 459 38 18 and
2936 461 72 19 others.
3038 464 17 17 Ji
3078 463 115 20 command's
3207 469 12 13 a

2792 485 92 23 splendid
2895 492 47 12 view
2953 488 21 17 of
2984 487 34 19 the
3025 489 54 19 Lake
3090 490 36 18 and
3136 490 17 18 is
3162 489 46 19 with-

2793 511 20 17 in
2824 518 44 17 easy
2880 517 65 14 accesa
2958 512 21 20 of
2995 513 32 20 the
3045 515 74 25 Geyser
3135 516 84 24 Springs

2793 536 21 18 of
2825 536 183 23 Wbskirewarewa
3018 546 37 13 am
3066 541 26 19 all
3105 541 32 21 the
3156 542 64 22 sights

2794 562 21 21 i>f
2824 562 35 20 the
2868 564 84 19 district.

2807 589 32 18 All
2850 590 104 24 telegrams
2966 592 100 24 promptly
3076 594 94 19 attended
3179 597 27 16 to.

2860 626 292 56 JOHN~JOKNSTON,

2926 681 167 19 PROPRIETOR.

2812 728 121 25 Government
2952 729 101 26 Insurance
3072 729 124 29 Department.

2829 795 62 12 rowth
2902 795 21 12 of
2930 795 90 14 Business
3025 800 21 8 :

2838 817 38 12 Sum
2886 816 73 16 Assuiod,
2970 818 40 12 1875
3028 824 6 3 -
3059 816 140 19 1,837,000

2972 837 40 12 18S5
3030 844 6 3 -
3054 837 145 18 6,468,000

2972 856 41 13 1895
3031 863 6 3 -
3055 856 144 19 9,250,000

2951 888 15 13 J.
2975 887 19 13 H.
3003 888 131 13 JUCHAKDSON,

3016 974 33 40 M,
3085 974 114 45 SIMON,

2994 1027 59 23 (Late
3060 1027 21 17 of
3092 1027 131 24 Melbourne.)

3003 1075 113 18 Pbactical
3134 1075 73 19 Tailob

2992 1147 105 23 Clothes
3109 1148 74 21 made
3201 1150 26 20 to

3020 1173 73 22 order
3111 1180 33 15 on
3159 1173 44 22 the

3045 1199 133 22 shortest

3064 1225 93 22 notice.

3005 1320 55 25 Style
3071 1321 38 18 and
3120 1320 36 19 Fit
3166 1322 35 16 not
3210 1322 21 17 to

2933 1357 33 9 .==
2996 1348 22 17 bo
3027 1347 92 25 equalled
3135 1352 19 13 in
3172 1348 60 18 town.

2918 1382 56 21 gfSr
2995 1384 110 18 Address:
3122 1385 110 18 ArawaSt.

3065 1408 100 22 Rotorua.

2909 1488 153 20 Established
3072 1489 33 19 187
3105 1489 23 19 G.

2808 1621 57 12 under
2873 1621 29 12 the
2911 1621 96 17 ratronage
3016 1621 17 11 ot
3043 1621 32 11 ma
3089 1621 102 18 excellency
3206 1621 28 13 tne

2896 1638 88 16 Governor
2992 1638 18 16 of
3018 1638 43 15 New
3068 1638 81 16 Zealand.

2805 1665 163 54 JOHN
2992 1665 44 54 J.
3063 1665 171 63 KEYS,

2839 1727 127 20 BTJLLDir.E
2982 1729 16 18 &
3012 1726 191 25 CONTRACTOR,

2968 1759 110 19 RoTOItOA.

2806 1790 92 16 Estimates
2916 1791 50 20 given
2982 1792 26 14 for
3024 1790 95 19 Buildings,
3138 1790 98 16 alterations

2829 1812 32 15 and
2870 1813 64 20 repairs
2943 1812 17 17 in
2970 1813 22 15 all
3008 1812 81 16 branches
3097 1813 18 15 of
3124 1811 28 16 the
3160 1811 53 16 trade.

2828 1838 88 22 Painting,
2938 1839 141 22 Paperhangiriar,
3102 1839 33 16 and
3156 1839 80 19 Glazing,

2805 1860 85 17 Venetian
2900 1862 33 15 and
2948 1862 48 16 other
3011 1862 60 15 Blinds
3085 1863 17 14 to
3114 1861 49 16 order
3176 1865 19 11 or
3209 1865 18 11 re-

2806 1883 69 19 painted
2883 1884 33 15 and
2926 1884 84 19 re-taped.

2856 1905 48 16 Good
2916 1906 56 15 stocks
2979 1906 19 15 of
3005 1904 73 17 Funeral
3087 1903 103 21 Requisites.

2806 1941 10 15 R
2838 1941 86 15 FUNK
2934 1941 38 15 RA
2982 1941 14 15 L
3015 1941 81 15 FURN
3104 1941 27 15 IS
3137 1941 17 15 H
3164 1942 11 14 E
3182 1942 22 14 It.

2808 1992 126 40 GREAT
2962 1992 276 43 DISTRIBUTION

2923 2038 40 22 OF
2989 2039 132 23 SYDNEY

2808 2063 59 30 City
2882 2064 51 23 and
2956 2064 135 24 Suburban
3112 2065 128 25 Freehold

2955 2090 133 31 Property,

2989 2116 26 17 By
3027 2119 29 13 the

2819 2138 147 18 EQUITABLE
2976 2138 128 18 BUILDING
3112 2140 114 20 SOCIETY,

2956 2161 134 21 BRISBANE,

2809 2184 129 20 (Incorporated
2943 2190 32 10 ace.
2983 2184 50 20 rding
3037 2189 18 12 to
3058 2186 34 15 Act
3097 2186 19 15 of
3121 2184 117 23 Parliament.)

2808 2228 75 23 Issue
2891 2229 29 22 of
2925 2229 132 26 150,000
3064 2229 93 24 Shares
3167 2231 72 26 atl-

2808 2256 71 18 Anyone
2888 2260 30 10 can
2927 2255 52 22 apply
2989 2258 26 14 for
3024 2259 57 13 shares
3090 2255 3 22 !
3107 2257 28 15 No
3143 2257 82 20 Liability
3234 2255 4 22 !

2845 2298 94 17 BALLOT
2951 2301 43 16 20th
3006 2300 137 21 DECEMBER,
3158 2302 47 15 189,',.

2881 2344 103 17 CoMMITTF.K
2995 2351 20 10 OF
3027 2345 126 16 MaNAOKSIKNT
3159 2351 5 10 :

2809 2364 47 16 Hon.
2865 2364 20 18 B,
2896 2365 20 16 B.
2926 2366 78 16 Moreton
3020 2364 2 23 |
3033 2367 47 15 Hon.
3085 2366 46 16 John
3139 2367 97 16 Donnldsor

2883 2387 77 16 Achesou
2970 2388 82 18 Overend,
3062 2388 48 20 E>q.,
3125 2388 42 16 C.E.

2869 2414 72 16 Sydney
2959 2416 58 14 Board
3027 2420 21 11 of
3062 2415 104 17 Refkwnce
3173 2414 3 18 :

2809 2434 53 16 Bruce
2872 2436 58 18 Smith,
2942 2435 45 22 Esq..
3020 2434 3 24 |
3043 2436 19 16 J.
3071 2436 19 17 F.
3098 2437 61 20 Burns,
3168 2438 49 20 Esq.,

2938 2457 26 16 \V.
2976 2457 17 16 J.
3005 2457 60 20 Green,
3076 2458 41 21 Esq.

2810 2484 82 15 Bankers
2899 2484 4 22 :
2918 2484 38 16 The
2964 2484 108 17 Commercial
3085 2485 81 21 Banking
3178 2486 29 16 Co.
3223 2487 17 16 of

2961 2507 70 19 Sydney.
3048 2506 40 17 Ltd.

2832 2533 30 14 508
2871 2531 57 17 Prizes
2937 2533 61 16 valued
3006 2534 44 15 from
3065 2535 32 15 2O
3112 2537 17 13 to
3139 2535 80 18 '28,500.

2831 2562 96 21 Properties
2937 2568 28 10 are
2973 2563 58 22 nearly
3040 2565 22 15 all
3076 2565 40 19 City
3130 2565 34 15 and
3178 2565 50 16 subur-

2810 2584 39 19 ban,
2860 2589 51 16 many
2918 2584 65 21 having
2991 2585 48 20 large
3048 2587 54 14 rental
3116 2588 72 14 returns.
3212 2587 28 15 See

2810 2605 106 19 Prosprctus.

2813 2627 27 16 Ist
2849 2627 52 17 Prize
2910 2627 86 21 28,500,
3054 2629 36 16 2nd
3100 2629 52 17 Prize
3161 2628 79 20 21,00(1

2834 2650 33 17 3rd
2876 2650 52 17 Prize
2938 2651 79 18 IO,OOO
3035 2652 32 16 4th
3078 2652 52 17 Prize
3139 2651 79 19 11,250

2813 2673 30 18 sth
2853 2674 51 16 Prize
2921 2674 74 19 7.000,
3011 2674 36 17 arc]
3066 2676 33 16 .30.')
3113 2675 53 18 other
3180 2676 62 16 Prizes

2873 2697 83 23 ranging
2965 2699 47 15 from
3029 2697 68 21 0,500
3106 2700 19 16 to
3135 2697 43 19 2O.

2813 2726 21 16 1
2844 2730 39 16 mny
2892 2726 34 15 win
2942 2727 84 15 125.910
3042 2727 53 15 worth
3109 2728 17 14 of
3139 2726 102 22 Properties.

2832 2753 34 15 For
2875 2752 58 17 shares
2945 2753 32 15 and
2991 2753 22 15 all
3029 2753 110 17 information
3156 2754 50 21 npply
3224 2757 17 13 to

2813 2776 89 18 socreJnry,
2912 2775 31 14 212
2959 2775 85 18 Qdeen-h'

2813 2794 21 16 G.
2846 2795 19 15 C.
2875 2795 100 20 Ciiaimeks,
2986 2797 19 15 72
3015 2796 29 16 Pn

2814 2816 34 15 will
2857 2819 26 12 act
2892 2822 19 9 as
2919 2820 53 18 agent
2980 2817 27 16 for
3015 2817 29 16 the
3052 2817 65 21 Society
3125 2819 16 14 in
3148 2818 70 16 N.s.W.

2869 2861 38 41 W.
2937 2861 30 41 A.
2999 2861 184 42 WILLIAMS'

2815 2934 219 23 PIONEER
3078 2935 165 26 STORE,

2890 2972 101 25 Opposite
3007 2972 72 19 Pa'acc
3098 2973 64 19 Hotel.

2812 3024 137 24 GROCERY,

2853 3055 138 20 OILMEN'S
3005 3055 110 24 STORES,

2892 3085 219 24 IRONMONGERY;

2946 3116 154 21 CROCKERY
3104 3116 90 24 WARE,

2998 3151 141 25 DRAPERY,
3156 3153 42 21 Ac,
3208 3153 33 19 &c

2840 3187 15 14 A
2872 3182 148 20 wt-li-assorted
3038 3183 55 18 stick
3113 3190 19 12 in
3150 3183 25 19 all
3193 3183 50 20 lines

2812 3210 21 18 of
2843 3209 34 19 the
2885 3210 63 18 above
2958 3213 21 15 at
2989 3209 70 19 lowest
3070 3216 70 16 prices.

2813 3245 49 19 New
2874 3245 86 19 Zealand
2969 3245 64 24 Dairy
3042 3243 145 21 Association's
3196 3245 36 19 Fac-

2849 3273 44 22 tory
2905 3270 74 20 Butter
2990 3271 54 19 fresh
3055 3271 57 19 twice
3123 3271 81 24 weekly.

2887 3306 50 19 New
2947 3306 50 19 Laid
3008 3306 59 22 Easjs,
3079 3306 42 22 &c,
3133 3307 33 18 &c.

2829 3435 45 31 H.
2887 3433 57 33 W,
2959 3434 266 36 MITCHELL,

2910 3492 116 21 Sluthortect)
3036 3492 110 23 jsurbcnor,

2957 3550 142 24 I^OTORUA.

2815 3607 75 44 W.
2929 3607 57 44 R.
3034 3607 206 48 W-*".'*

2869 3669 81 17 STOCK
2963 3669 15 16 &
2991 3668 195 19 SHAREBROKER,

2812 3705 61 17 liAXD,
2888 3706 74 12 ESTATE
2975 3705 42 14 AND
3033 3706 119 13 COMMISSION*
3170 3704 69 17 AGEXT,

2812 3739 36 17 No.
2858 3739 28 19 S2,
2897 3739 132 18 Queen-street
3038 3737 79 26 (Arcade
3130 3736 110 24 Buildings,)

2970 3770 118 18 Auckland.

2841 3820 173 23 WYNYARD
3028 3821 20 22 &
3056 3819 157 26 PURCHAS,

2875 3855 128 20 BARRISTERS
3011 3861 41 12 AND
3064 3855 117 21 SOLICITORS,

2813 3894 83 26 Temple
2904 3894 119 23 Chambers,
3032 3894 56 26 High
3096 3894 27 23 St,
3132 3890 102 21 Auckland

2814 3955 81 43 WE
2909 3957 51 19 have
2970 3963 71 18 money
3051 3960 19 14 to
3081 3955 44 19 lend
3137 3960 24 12 on
3177 3953 49 18 Mort-

2905 3989 52 18 gage
2967 3983 21 18 of
3003 3981 97 20 Freehold
3114 3980 39 19 and
3168 3979 59 18 Lease-

2815 4008 47 19 hold
2872 4012 94 21 property
2977 4011 25 16 at
3008 4012 78 15 current
3094 4010 58 14 rates.

2861 4063 51 19 OTE
2932 4068 62 19 paper
3014 4061 39 19 and
3069 4059 108 23 Envelopes
3194 4059 46 16 with.

2816 4090 18 15 A-
2895 4087 81 28 printed
2989 4087 86 23 heading
3086 4087 20 17 at
3115 4084 61 25 pheap
3184 4086 56 17 rates,

2816 4118 20 15 at
2846 4115 106 19 Chronicle
2967 4115 60 18 office.
