3254 4229
129 137 103 21 RESCUE
249 137 35 21 AT
303 137 57 19 SEA.

62 190 42 20 The
118 189 45 25 ship
172 187 141 20 Dbarwarhaa
329 186 77 20 arrived
413 185 52 19 from

37 216 91 20 London.
235 214 80 25 passing
329 213 34 19 the
378 212 55 21 Cape
447 209 21 19 of

40 242 57 21 Good
114 241 61 25 Hope
197 241 35 19 sVio
254 240 71 26 picked
350 244 31 19 up,
397 243 10 13 a
423 236 44 19 boat

39 268 120 25 containing
176 269 77 18 several
268 273 45 12 men
451 268 17 12 lu

40 296 35 19 the
89 294 45 24 ship
159 294 74 19 Prince
247 293 70 22 Oscar,
339 290 63 18 which
418 289 39 18 Lon-

40 321 40 20 don
90 320 67 21 cables
172 320 89 23 recently
275 316 78 21 advised
369 322 40 12 was
418 313 52 20 sunk

41 348 27 26 by
82 347 97 25 colliding
193 346 48 19 with
256 351 24 12 an
291 343 99 19 unknown
401 339 69 21 vessel.

41 375 43 20 The
97 374 134 20 uufortunate
253 370 97 20 mariners
360 367 40 19 had
422 366 49 19 been

42 402 21 19 in
87 401 34 18 the
143 400 47 19 boat
210 398 32 18 for
263 395 73 20 several
357 393 55 25 days,
433 391 38 21 and

45 426 88 21 Buffered
147 426 57 24 great
218 421 111 26 hardships.
357 420 41 19 The
407 418 52 20 Dhar-

46 460 41 12 war
188 449 11 21 d
211 456 10 12 a
233 449 81 24 passing
324 446 43 25 ship
377 446 23 24 by
409 445 63 18 which

44 479 57 19 those
128 477 84 19 rescued
235 482 52 13 were
314 472 110 20 forwarded
453 472 21 17 to

45 504 91 21 London.

71 529 42 21 The
126 529 49 19 boat
190 527 71 27 picked
275 533 27 18 up
318 526 27 24 by
361 524 34 19 the
409 523 55 20 Dliar-

45 563 40 13 war
99 555 108 21 contained
230 554 33 20 the
277 552 86 25 captain,
378 551 45 19 first
437 550 38 19 and

45 583 73 20 second
144 581 86 23 officers,
252 581 111 23 carpenter,
379 579 41 18 two
434 582 31 13 sea-

45 616 52 16 men,
114 608 38 20 and
169 612 39 14 two
231 607 21 19 of
273 606 35 18 the
328 605 49 24 boys
400 604 22 18 of
443 603 32 18 the

46 635 73 20 Prince
139 635 69 19 Oscar.

488 140 18 19 A
523 136 110 21 TIMELY
651 134 74 19 HINT
743 134 35 19 TO
803 134 93 20 STRAW-

571 161 96 20 BERRY
678 160 150 21 GROWERS.

515 221 92 24 Writing
616 220 62 20 about
688 220 145 24 strawberries,
849 227 24 12 an
885 226 22 12 ex-

491 250 43 17 •iprt
544 250 63 17 states
618 246 45 19 'hat
673 246 62 22 sex.in
748 247 68 24 plants
824 253 17 12 is
851 253 12 12 a
871 251 47 18 very

491 273 120 26 interesting
620 273 79 20 feature
709 273 20 18 in
735 273 53 20 their
795 273 65 26 pbysk
868 272 50 23 logy,

491 300 39 20 and
543 300 17 19 is
574 300 21 19 of
621 301 44 17 vast
687 300 125 24 importance
832 298 50 19 both
901 300 19 15 to

491 326 108 26 gardeners
609 326 38 19 and
660 326 156 24 agriculturists.
849 324 72 19 Hants

554 353 21 18 in
586 352 57 19 three
660 352 69 19 sexual
746 351 120 22 conditions,
877 350 45 19 tbuc

492 380 22 21 is,
525 379 35 19 the
570 378 66 20 flower
652 378 64 19 which
727 380 92 17 contains
838 377 36 18 the
892 381 20 14 or-

493 412 48 18 gans
552 405 21 20 of
583 405 126 26 production,
720 404 59 24 be>ing
789 403 67 19 either
866 402 56 22 male,

494 432 77 23 female,
596 438 23 12 or
651 430 168 26 hermaphrodite.
882 428 42 19 The

494 458 71 24 special
577 464 72 18 organs
661 458 19 18 in
692 456 33 19 tho
743 456 48 19 male
803 456 77 18 flowers
891 460 33 14 are

496 485 33 19 the
539 491 95 16 stamens,
643 483 61 19 which
715 482 82 19 furnish
807 481 73 27 pollen,
889 481 36 19 but

497 517 59 16 pever
567 509 87 27 produce
670 514 62 18 seeds,
749 508 41 19 and
809 514 35 13 are
863 503 72 33 called]

495 538 107 19 staminate
609 535 83 20 flowers.
720 534 41 20 The
768 534 73 20 female
848 534 79 19 flowers
934 534 1 27 [

496 564 80 19 contain
589 562 33 20 the
640 561 71 26 pistils;
727 561 21 19 in
768 561 33 19 tho
819 560 76 19 cvarics
906 560 20 18 of

497 590 61 20 which
567 588 28 20 lie
613 588 34 20 the
671 587 83 19 nucleus
774 587 21 19 of
814 587 33 19 the
864 586 63 19 seeds.

498 616 62 19 These
567 621 32 13 are
608 614 62 20 called
679 612 97 25 pistillate
788 613 82 19 (lowers.
885 612 42 19 The

498 643 50 18 third
561 640 74 27 variety
647 647 21 11 or
679 640 46 18 kind
747 639 20 19 of
787 639 76 19 flowers
882 645 33 12 con-

498 670 51 18 tains
560 667 49 20 both
620 670 87 15 stamens
718 665 40 19 and
770 665 72 25 pistils.
871 665 56 25 They

497 702 33 12 are
541 694 62 20 called
614 691 163 26 hermaphrodite
788 692 83 18 flowers.
887 691 41 19 The

498 720 121 25 strawberry
636 719 58 24 plant
712 718 61 19 exists
794 718 18 19 in
831 718 26 19 all
873 718 56 18 three

499 747 67 19 sexual
576 746 120 22 conditions,
711 745 38 18 and
767 745 68 19 unless
855 743 38 20 this
912 745 17 17 is

499 773 120 20 understood
629 778 38 17 you
675 770 153 25 mayhavemost
837 770 82 19 flourish-

499 801 33 21 ing
543 797 168 25 strawberry-bed
722 797 40 19 and
772 799 34 24 yet
824 799 35 23 get
877 795 52 21 little

499 834 22 12 ir
529 833 24 11 no
563 825 58 19 fruit.
648 825 12 18 I
670 824 55 18 knew
737 830 11 12 a
759 823 36 19 bed
813 823 18 19 in
845 830 12 12 a
876 827 53 15 town

499 860 24 12 on
532 852 35 18 the
582 851 85 19 frontier
686 850 46 18 that
751 856 40 12 was
808 849 79 19 famous
899 849 31 19 for

501 879 31 19 Tie
542 881 93 22 quantity
647 876 22 20 of
679 877 51 18 fruit
744 876 86 25 yielded.
865 877 21 18 it
897 878 33 20 got

499 905 43 19 into
553 905 57 18 otlier
622 903 68 21 hands,
702 902 39 19 and
758 908 40 14 was
814 904 53 17 most
877 909 42 13 care-

500 931 51 23 fully
562 929 116 24 cultivated,
694 929 39 19 and
750 935 54 17 soon,
816 929 25 25 by
851 928 79 26 thiuiiig

500 961 36 15 out
557 957 34 19 the
607 962 55 13 more
678 955 158 25 i'eeb!e-lookmg
856 955 74 24 plants,

500 984 34 19 the
542 989 66 13 owner
618 981 109 20 succeeded
736 982 18 18 iu
763 983 80 23 getting
852 982 17 18 it
878 982 52 19 filled

501 1010 47 19 with
563 1009 108 19 etaminate
690 1015 22 12 or
729 1008 50 19 male
799 1008 74 24 plants,
893 1008 37 19 and

501 1036 46 25 only
562 1042 22 13 or
597 1035 87 25 perhaps
706 1041 11 12 a
738 1034 39 20 few
798 1034 47 19 with
867 1034 63 19 mixed

502 1063 82 19 flowers.
613 1061 41 20 The
669 1063 50 18 next
734 1060 59 26 thing
812 1061 11 19 I
838 1067 40 13 saw
892 1067 39 13 was

502 1089 33 19 the
558 1088 38 20 bed
610 1088 41 24 dug
675 1095 26 17 up
725 1090 39 17 and
789 1087 83 25 planted
885 1087 46 19 with

502 1117 97 24 potatoes.
629 1115 89 23 Anyone
736 1115 43 18 who
796 1114 35 18 has
856 1120 24 12 an
897 1120 22 11 un-

502 1140 117 28 productive
633 1139 167 27 strawberry-bed
816 1140 70 18 should
901 1146 21 12 ex-

501 1168 64 20 amine
576 1168 35 19 the
623 1168 74 19 flowers
712 1169 21 17 to
751 1173 31 12 see
796 1166 16 19 if
834 1166 46 24 thoy
896 1172 34 13 run

503 1199 32 15 too
556 1194 60 20 much
636 1198 21 14 to
680 1192 108 20 staminate
810 1199 23 12 or
854 1191 67 26 pollon-

502 1222 82 24 bcaring
595 1220 81 19 flowers.
706 1218 55 25 Only
776 1225 10 12 a
796 1218 39 19 few
845 1218 22 18 of
878 1218 54 18 these

504 1248 68 24 purely
592 1246 109 20 staminate
724 1244 69 26 plants
812 1244 73 19 should
909 1244 23 19 be

502 1274 39 19 left
551 1274 20 18 iu
580 1274 33 17 the
625 1272 42 23 bed,
678 1271 40 20 and
729 1277 50 13 even
791 1270 57 19 those
863 1270 69 25 plants

503 1300 45 19 witli
576 1299 111 22 compound
716 1298 75 18 flowers
814 1296 72 20 should
908 1296 25 20 be

502 1327 56 18 made
572 1328 21 17 to
605 1325 44 24 give
660 1331 41 19 way
712 1325 20 17 to
742 1324 34 19 the
791 1323 70 26 purely
869 1323 54 26 pistil-

501 1352 40 18 late
556 1357 53 13 oues.
941 1351 2 19 |

542 1393 112 23 FROZEN
664 1392 87 28 (LIVE)
769 1392 123 21 MUTTON.

581 1448 50 19 have
642 1453 10 14 a
663 1446 94 26 practical
773 1446 126 19 illustration
911 1446 21 19 of

503 1477 33 20 the
556 1475 68 27 length
645 1474 21 20 of
687 1473 47 21 time
754 1472 56 21 stock
833 1472 39 21 will
894 1472 38 21 live

503 1503 83 21 without
602 1501 47 20 food
664 1500 55 20 when
736 1500 78 22 allowed
830 1506 34 20 up.
899 1498 33 23 Mr

503 1530 80 25 George
598 1526 128 26 Sutherland,
738 1528 45 19 who
798 1526 92 26 occupies
896 1535 35 12 one

503 1557 19 21 of
545 1557 35 20 tbe
600 1555 156 20 MuerowlicnUa
776 1561 55 17 runs,
847 1553 85 20 informs

503 1584 73 20 uathat
587 1589 25 14 oil
628 1582 34 19 tho
676 1581 47 20 13th
734 1580 54 21 .lure
799 1587 54 14 snow
869 1580 61 27 began

503 1615 20 16 to
533 1610 44 24 fall,
591 1609 38 21 and
645 1616 24 13 on
685 1608 44 21 that
751 1611 46 18 uate
812 1608 63 19 about
894 1608 38 20 200

503 1638 59 25 sheep
574 1634 108 29 belonging
697 1637 20 18 to
733 1642 11 13 a
751 1634 100 26 Kyeburu
863 1635 68 21 settler

503 1670 52 15 were
569 1665 80 19 »nowed
661 1669 26 19 up
697 1669 49 13 near
760 1661 99 26 Dansey'a
875 1668 56 19 pass:

503 1691 79 21 Several
593 1691 58 20 times
661 1690 33 19 Mr
710 1688 82 26 Danaey
809 1689 36 19 bad
855 1689 77 20 noticed

503 1722 55 16 these
569 1717 59 25 sheep
638 1716 55 20 when
706 1719 35 17 out
756 1715 79 27 getting
849 1715 29 20 his
889 1723 43 12 own

504 1746 59 25 sheep
579 1745 63 23 down,
661 1744 38 19 and
715 1744 62 19 about
793 1750 11 12 a
819 1742 53 20 week
896 1749 36 19 ago

505 1772 23 20 bo
539 1771 57 26 again
612 1778 38 12 saw
665 1771 62 18 about
744 1769 90 20 one-half
845 1770 20 19 of
880 1769 53 21 tbern

506 1799 40 19 still
570 1798 57 24 alive,
648 1795 96 27 although
769 1796 16 19 it
809 1797 55 18 must
885 1796 49 19 have

506 1827 48 18 been
569 1830 59 14 seven
652 1822 63 21 weeks
744 1829 37 19 ago
809 1823 54 19 since
887 1823 46 24 they

506 1859 50 13 were
570 1851 44 20 iirst
628 1850 79 20 snowed
724 1854 32 21 Up.
801 1849 79 25 During
896 1850 39 18 this

506 1878 47 20 time
577 1878 46 25 tbey
637 1877 56 18 could
716 1876 47 19 have
787 1876 36 18 bad
849 1883 25 12 no
889 1876 13 19 fi
910 1876 24 18 od

507 1905 57 19 othor
576 1904 47 19 than
637 1903 34 20 the
692 1902 47 20 wool
755 1902 28 19 off
798 1903 46 18 each
860 1902 76 21 other's

508 1931 66 25 backs,
588 1931 17 19 if
616 1930 43 19 that
666 1936 35 12 can
713 1929 23 19 be
746 1929 61 18 called
819 1929 54 18 food.
903 1929 33 19 Mr

508 1956 119 22 Sutherland
652 1963 44 18 says
717 1956 34 18 the
770 1955 61 25 sheep
856 1956 23 19 bo
902 1955 34 20 has

508 1984 88 20 removed
617 1983 52 19 from
684 1982 34 19 the
739 1988 53 13 snow
813 1987 84 21 country
912 1989 24 11 on

508 2014 21 17 to
539 2011 35 19 the
583 2010 60 19 lower
662 2013 86 20 country
769 2008 51 19 have
836 2008 100 25 generally

510 2038 36 19 had
561 2036 63 20 about
633 2036 45 19 four
689 2035 68 18 inches
772 2034 21 19 of
804 2036 29 18 ice
843 2041 25 12 on
886 2034 53 20 their

509 2063 68 25 backs,
584 2062 39 20 and
629 2068 53 13 some
697 2062 45 19 wild
759 2060 60 26 sbeep
837 2062 102 25 (carrying

509 2092 61 18 about
581 2089 55 20 three
650 2087 63 25 years'
726 2088 60 23 wool)
800 2091 48 16 have
863 2095 12 12 a
885 2091 42 16 coat-

509 2118 35 23 ing
560 2116 21 20 of
598 2116 51 18 abou
677 2121 29 12 six
730 2114 68 19 inches
808 2114 21 19 of
847 2114 34 24 ice,
901 2114 36 19 and

512 2144 41 19 ioi.lt
563 2151 10 11 a
585 2142 50 26 good
649 2140 41 19 d>.-.l
703 2140 37 20 like
757 2140 103 20 armadillo
874 2140 3 28 ,
892 2141 44 24 only

512 2170 57 24 being
583 2171 43 17 able
642 2172 18 14 to
676 2173 17 12 m
709 2174 21 11 ve
748 2166 32 19 the
795 2166 11 19 b
820 2167 23 18 ad
860 2174 26 15 u\<
901 2173 31 12 an.

511 2202 63 13 nowu.
622 2195 58 18 These
694 2193 59 26 sheep
778 2201 34 12 are
828 2194 111 24 invariably

511 2224 70 19 frozen
592 2221 41 20 firm
647 2223 19 16 to
682 2220 33 19 the
731 2227 53 12 snow
800 2220 25 24 by
840 2220 35 19 the
887 2222 46 16 wool

511 2250 26 19 At
552 2250 33 18 the
596 2253 54 14 sane
663 2247 47 18 time
722 2246 54 19 there
788 2253 50 12 were
862 2246 77 19 snowed

512 2283 25 17 up
561 2281 20 13 in
605 2272 98 27 Dtinsey's
728 2273 47 19 Pass
791 2272 36 20 five
845 2272 2 28 '
858 2272 83 25 ullocks,

511 2302 37 19 and
564 2300 57 20 these
638 2307 32 12 are
688 2305 40 13 now
746 2299 124 20 su'rrounoed
887 2299 24 24 by
932 2306 7 12 a

513 2328 42 19 wail
568 2328 20 18 of
599 2332 54 14 snow
663 2326 31 19 six
708 2326 43 19 feet
762 2326 19 18 in
797 2325 69 26 height
901 2326 40 18 111-'

513 2356 37 18 last
574 2354 47 19 time
645 2352 46 25 they
707 2358 50 13 were
771 2358 46 14 seen
833 2352 47 26 they
904 2352 36 20 had

513 2382 48 17 been
586 2386 57 13 seven
668 2378 64 20 weeks
756 2379 128 25 imprisoned,
904 2378 37 20 and

513 2407 46 20 four
566 2406 21 20 of
595 2406 54 20 them
660 2412 50 12 were
722 2404 40 20 stili
774 2406 55 23 alive,
842 2406 95 24 although

513 2435 46 24 tiny
584 2434 37 17 had
645 2431 98 20 dwindled
765 2438 55 19 away
849 2436 20 14 to
891 2438 51 13 mere

513 2460 109 19 ske'etons.
651 2458 78 24 During
739 2458 33 18 the
783 2460 47 17 time
840 2459 35 18 the
883 2457 59 26 sheep

513 2486 39 19 and
563 2486 61 19 cattle
636 2485 49 19 have
701 2484 48 19 been
764 2485 122 24 imprisoned
897 2484 45 25 they

513 2513 50 19 have
573 2512 49 19 boen
643 2510 109 20 submitten
773 2513 22 17 to
814 2512 24 18 all
857 2513 33 17 the
909 2511 30 24 icy

514 2540 61 18 blasts
587 2537 95 21 thafchave
689 2537 47 19 been
744 2537 156 24 prevalent,and
908 2537 33 19 had

513 2566 58 19 these
581 2565 61 18 winds
649 2564 47 18 been
703 2563 38 19 loss
753 2564 96 25 frequent
854 2563 38 20 itis
897 2570 33 19 pos-

513 2591 50 20 sible
568 2591 45 19 that
620 2589 131 26 ambngetthe
764 2591 60 22 sheep
835 2589 107 21 thedeaths

514 2618 65 20 would
594 2617 49 20 have
654 2617 48 19 been
718 2615 49 21 few.
769 2615 139 27 —Excbauge.

540 2672 17 18 A
574 2676 106 19 passenger
696 2670 23 24 by
735 2669 34 20 the
784 2676 31 12 ss.
830 2669 111 19 Kalonmba

515 2697 61 20 which
592 2697 34 19 b:is
651 2695 77 20 arrived
743 2701 21 15 at
788 2695 79 26 Sydney
891 2695 50 20 from

513 2725 34 19 the
563 2724 49 20 New
636 2722 103 24 Hebrides,
757 2721 147 26 t-aya:—There
927 2721 15 19 is

514 2750 114 25 something
643 2750 19 18 i'i
678 2745 33 23 the
737 2749 58 23 wind,
816 2749 38 18 and
872 2755 10 13 a
897 2754 43 19 very

514 2777 52 20 little
572 2779 49 17 tune
638 2775 37 20 will
693 2782 58 19 prove
762 2775 15 19 it
814 2774 127 24 Annexation

513 2805 21 18 of
584 2803 33 19 the
642 2802 48 20 New
734 2802 99 19 Hebrides
878 2801 63 19 either

513 2831 25 21 bv
550 2830 34 18 the
603 2828 71 21 British
692 2836 21 12 or
737 2829 33 19 the
788 2827 75 21 French
878 2827 16 20 ia
918 2825 23 21 Sri

515 2858 32 18 tho
563 2860 57 16 ta:iu.
654 2855 101 20 Statistics
772 2861 32 13 are
824 2854 59 25 being
892 2860 39 14 com-

515 2883 50 26 piled
584 2883 23 24 by
623 2881 31 21 the
670 2881 76 21 French
770 2881 68 25 people
849 2880 38 19 and
903 2880 30 20 for-

515 2909 75 19 warded
609 2913 18 15 to
647 2908 95 20 Noumea.
784 2907 29 19 On
829 2907 34 19 the
886 2907 57 20 other

515 2937 50 18 hand
588 2935 88 19 Admiral
702 2934 73 24 Bridge
797 2935 34 18 has
847 2933 35 20 had
900 2940 32 18 pre-

516 2961 59 27 pared
587 2961 97 19 Matisties
699 2961 89 25 showing
810 2960 34 19 the
866 2960 75 19 British

514 2991 96 17 interests
620 2988 20 20 in
656 2988 33 19 the
703 2987 81 24 islands,
799 2987 38 19 and
849 2987 34 18 the
899 2993 33 19 cap-

514 3018 41 17 tun
571 3015 22 19 or'
608 3013 33 21 the
657 3013 115 21 Katoomba
795 3013 17 20 is
835 3012 79 26 making
932 3020 11 13 a

514 3041 136 25 independent
659 3041 76 24 roport.
764 3041 17 18 A
806 3041 63 18 round
886 3040 56 19 robin

515 3069 33 19 has
565 3068 47 19 been
637 3067 110 19 forwarded
772 3068 21 17 ti
808 3066 35 19 tlm
863 3066 78 20 French

515 3095 55 19 home
581 3093 118 21 authorities
706 3092 72 26 asking
790 3093 31 18 for
831 3092 112 21 immediate

515 3121 125 19 annexation.

541 3148 28 19 Ar
579 3154 24 12 an
614 3146 90 20 instance
715 3144 21 21 of
746 3147 35 18 the
791 3144 120 26 peculiarity
923 3146 20 19 of

514 3174 33 19 the
558 3174 32 24 lay
609 3172 21 20 of
647 3172 32 20 the
690 3173 88 18 artesian
795 3174 60 16 water
869 3172 72 26 supply

514 3200 19 19 in
545 3207 54 12 some
610 3200 55 24 parts
676 3198 21 19 of
708 3196 94 22 Bawke's
816 3198 48 24 Bay,
877 3204 10 13 a
900 3200 43 23 pipe

516 3233 37 12 nas
573 3224 88 26 roeehtly
673 3225 66 18 driven
755 3231 48 12 nvrv
819 3226 38 16 300
868 3224 41 19 faot
923 3228 20 15 at

517 3251 100 21 Havelock
630 3252 84 18 without
724 3250 79 26 getting
814 3250 99 26 anything
924 3251 20 19 of

515 3279 70 19 allow.
616 3278 88 19 Another
725 3276 46 26 pipe
781 3283 40 13 was
840 3278 39 24 put
887 3277 56 20 down

514 3306 48 21 only
581 3311 12 12 a
603 3304 39 19 few
652 3304 42 19 feet
708 3309 55 19 away
774 3304 37 18 and
823 3306 21 15 at
854 3310 11 12 a
883 3303 60 25 depth

515 3332 21 18 of
556 3330 38 21 170
605 3330 41 19 feet
660 3337 11 12 a
691 3329 91 24 splendid
800 3329 43 19 ilow
855 3336 38 13 was
910 3330 34 19 ob-

2757 117 108 20 WHERE
2876 118 56 18 THE
2945 118 80 19 GOLD
3038 118 72 20 GOES
3121 119 34 19 TO.

2772 177 40 19 The
2832 177 59 19 Bank
2909 177 22 20 of
2948 179 78 19 France
3043 179 35 20 lias
3096 187 26 13 no
3139 181 39 21 less

2746 204 49 18 than
2815 207 154 21 seventy-seven
2986 206 87 20 millions
3093 209 85 25 sterling

2745 230 21 19 in
2777 230 46 24 gold
2832 234 67 15 stored
2911 230 19 19 in
2941 231 25 20 its
2977 233 73 23 vaults,
3061 239 22 13 as
3102 234 44 19 well
3157 242 21 12 as

2747 256 61 19 about
2823 256 47 26 fifty
2894 257 88 20 millions
3006 257 21 20 in
3047 259 61 19 silver
3127 261 51 24 coin,

2748 282 69 23 which,
2829 283 60 23 being
2899 283 51 25 legal
2962 285 77 23 tender,
3047 286 18 18 it
3075 286 60 19 could
3143 292 37 19 put

2747 308 43 19 into
2800 308 117 21 circulation
2927 311 22 18 to
2967 313 53 16 meet
3035 318 40 18 any
3094 312 86 21 demand

2750 334 62 19 which
2824 335 65 24 might
2898 336 52 19 arise
2968 336 33 19 for
3018 344 24 11 an
3059 338 90 20 increase
3159 339 21 20 in

2750 360 33 19 the
2793 367 103 19 currency.
2924 362 42 19 The
2976 364 97 24 Imperial
3089 365 59 19 Bank
3159 366 22 19 of

2750 387 104 25 Germany
2869 387 57 20 holds
2943 389 132 25 thirty-seven
3094 391 87 21 millions

2750 413 20 19 in
2780 413 53 25 gold,
2844 413 40 20 and
2894 415 93 23 upwards
3002 416 21 19 of
3037 419 34 16 ten
3082 417 21 19 in
3122 418 60 20 silver

2750 439 33 19 the
2812 439 199 26 Anglo-Hungarian
3034 443 59 20 Bank
3120 444 63 21 about

2751 466 68 19 fifteen
2831 466 88 19 millions
2929 473 21 12 in
2966 469 48 18 each
3033 470 67 19 metal.
3142 471 41 20 The

2750 492 41 19 fact
2800 499 17 12 is
2827 492 55 26 (says
2901 492 110 21 Chambers
3026 495 96 27 Journal)
3138 497 45 20 that

2751 518 34 20 the
2795 522 79 21 greater
2889 522 46 21 part
2950 520 22 19 of
2986 521 41 19 this
3049 522 46 24 gold
3115 517 19 25 is
3155 531 19 12 re-

2752 545 73 24 garded
2842 552 21 12 as
2887 552 11 12 a
2923 552 39 13 war
2985 553 86 19 reserve,
3094 549 41 19 and
3150 550 33 19 the

2751 572 110 24 respective
2885 571 150 23 Governments
3060 575 67 19 would
3150 578 33 17 not

2753 598 63 19 under
2825 598 38 18 and
2872 598 156 21 circumstances
3037 600 57 20 allow
3105 602 16 19 it
3130 604 20 17 to
3162 602 21 20 be

2753 623 71 26 parted
2840 624 54 18 with.

2766 675 77 20 MILK
2854 675 58 19 AND
2929 676 130 21 TYPHOID
3070 679 94 22 AGAIN.

2778 727 64 20 There
2864 735 34 12 are
2918 735 50 18 now,
2988 731 65 19 wn'tes
3073 732 35 20 the
3136 732 49 21 t\ew

2753 754 58 20 York
2834 755 158 24 correspondent
3014 758 22 18 of
3059 757 35 21 the
3117 760 68 25 Argus

2753 781 64 19 under
2825 781 45 18 date
2878 780 48 22 M'ir
2934 782 54 23 21th,
2995 784 113 26 prevailing
3115 786 70 20 within

2753 808 39 18 200
2802 807 56 19 miles
2868 807 22 19 of
2899 808 15 18 JS
2915 807 2 25 T
2921 814 27 12 ew
2964 809 56 19 York
3032 810 57 20 three
3110 813 75 19 serious

2755 833 49 19 local
2812 833 107 26 epidemics
2929 833 22 21 of
2962 836 85 23 typhoid
3065 837 61 24 fever,
3146 840 39 19 and

2754 860 35 19 the
2799 863 60 21 agent
2869 859 21 20 of
2901 860 96 20 infection
3009 862 19 18 in
3039 863 48 19 each
3099 865 21 19 of
3132 865 54 20 thesa

2756 892 38 13 was
2805 886 34 19 the
2849 886 47 19 milk
2912 887 100 19 delivered
3030 889 25 24 by
3065 896 38 13 one
3113 891 72 21 dealer.

2755 913 42 19 The
2815 919 66 18 germs
2900 914 22 18 of
2941 913 34 20 the
2995 915 76 20 disease
3086 917 36 19 had
3138 917 48 21 been

2756 938 117 21 introduced
2898 939 43 19 into
2959 939 34 20 the
3011 941 48 19 milk
3077 943 52 19 from
3150 951 36 13 one

2755 965 85 25 original
2855 972 44 12 case
2916 966 22 19 of
2952 966 36 19 the
3007 967 63 25 fever,
3086 970 34 19 the
3138 971 49 19 milk

2756 998 48 13 cans
2815 992 73 25 having
2898 992 49 19 been
2960 993 84 25 washed,
3064 1002 22 12 or
3096 996 35 20 the
3141 997 47 19 milk

2757 1018 135 23 adulterated,
2902 1025 20 12 il
2933 1019 50 19 each
2993 1019 91 21 instance
3095 1022 48 19 with
3155 1023 32 19 the

2758 1046 61 17 water
2830 1044 22 19 of
2861 1051 11 12 a
2888 1046 43 17 well
2941 1046 43 19 into
2999 1047 64 19 which
3079 1047 34 20 the
3123 1055 65 18 germs

2759 1070 36 19 had
2806 1071 51 19 been
2867 1071 76 19 carried
2962 1072 26 25 by
3006 1073 62 20 house
3087 1075 100 26 drainage.

2758 1098 24 18 In
2793 1098 35 18 the
2843 1098 56 17 smali
2924 1098 41 24 city
2989 1099 22 18 of
3034 1100 111 27 Stamford,
3164 1103 23 17 20

2759 1124 55 19 miles
2822 1123 51 19 from
2887 1122 47 21 New
2947 1124 60 25 York,
3027 1126 57 19 there
3100 1134 33 12 are
3152 1129 36 19 340

2758 1157 56 12 cases
2838 1150 61 19 which
2919 1150 47 20 thus
2983 1152 114 24 originated
3116 1154 20 19 in
3157 1155 32 19 the

2760 1176 98 25 pollution
2875 1176 39 19 and
2933 1177 98 26 injection
3051 1180 22 18 of
3089 1180 35 19 the
3143 1181 45 19 milk

2758 1202 123 19 distributed
2893 1204 25 24 by
2936 1210 38 12 one
2995 1211 51 12 man.
3087 1206 102 26 Repeated

2760 1233 89 21 example
2859 1230 22 17 of
2891 1230 39 18 ibis
2940 1229 48 20 kind
3004 1231 24 18 do
3039 1233 42 23 not,
3094 1233 95 25 however,

2760 1261 58 14 cause
2842 1254 108 26 municipal
2969 1257 119 20 authorities
3112 1262 21 16 to
3149 1267 30 17 pro-

2760 1282 46 19 vide
2815 1282 33 19 for
2864 1282 89 25 sanitary
2971 1284 116 24 inspection
3106 1286 22 19 of
3145 1286 44 21 milk

2760 1309 90 25 supplies
2860 1310 39 17 and
2910 1310 115 19 surburbau
3033 1311 58 26 dairy
3100 1312 70 21 farms.

2801 1364 17 19 A
2830 1363 202 22 MISSIONARY'S
3043 1365 66 22 LIFE
3119 1367 31 20 IN

2905 1396 130 19 DANGER.

2788 1455 41 20 The
2838 1455 35 19 life
2884 1455 21 20 of
2912 1463 11 13 a
2932 1456 118 26 missionary
3059 1457 20 20 in
3088 1458 34 20 the
3129 1457 63 23 Santa

2763 1482 52 20 Cruz
2827 1481 70 27 Group
2906 1483 16 20 ie
2933 1485 36 18 not
2979 1491 11 12 a
3001 1490 46 20 very
3064 1484 65 27 happy
3149 1491 41 20 one,

2761 1508 87 28 judging
2858 1509 52 20 from
2921 1516 11 14 a
2942 1512 72 25 report
3031 1511 91 21 received
3140 1510 51 24 from

2763 1537 33 19 the
2807 1535 86 28 flagship
2899 1535 97 29 Orlando,
3014 1538 63 21 which
3096 1539 95 22 returned

2763 1566 21 17 to
2794 1562 81 27 Sydney
2886 1563 53 21 from
2956 1564 36 20 her
3011 1564 65 21 island
3087 1566 66 21 cruise
3168 1574 25 13 on

2763 1590 35 20 the
2806 1589 35 21 7th
2851 1589 83 22 instant,
2962 1591 41 20 The
3015 1592 97 26 Orlando,
3123 1592 20 21 in
3160 1595 32 20 the

2763 1623 70 14 course
2844 1616 21 20 of
2876 1616 34 21 her
2918 1618 47 27 trip,
2976 1619 79 20 cruised
3062 1619 88 27 through
3160 1622 33 19 the

2763 1650 65 20 group
2839 1643 113 22 mentioned
2963 1646 40 19 and
3015 1646 88 21 roceived
3123 1651 10 16 a
3149 1648 45 21 visit

2764 1673 50 18 from
2824 1677 36 14 <>ne
2871 1671 21 20 of
2902 1672 33 19 the
2945 1672 32 26 lay
2986 1672 133 22 missionaries
3130 1675 63 20 there.

2764 1697 34 20 He
2806 1698 67 19 stated
2885 1698 43 20 that
2937 1697 29 22 his
2977 1700 36 19 life
3024 1706 39 14 was
3074 1700 19 21 in
3112 1700 80 28 daagflr,

2763 1724 40 20 and
2811 1724 61 20 asked
2878 1725 33 20 the
2916 1726 115 25 protection
3038 1728 21 19 of
3064 1728 33 19 the
3104 1728 89 21 Admiral

2763 1752 52 19 from
2836 1751 35 20 the
2892 1752 71 21 hostile
2982 1753 59 20 tribe.
3071 1754 20 20 It
3110 1760 83 20 appears

2763 1778 45 20 that
2816 1777 56 21 there
2884 1786 37 13 was
2933 1786 25 14 an
2964 1779 100 26 epidemic
3069 1781 21 20 of
3096 1780 98 23 influtiaza

2764 1811 54 19 upon
2829 1806 33 18 the
2872 1805 81 26 islands,
2963 1806 41 20 and
3023 1807 34 20 the
3076 1807 117 27 missionary

2763 1838 39 13 was
2810 1831 72 26 Binged
2892 1834 37 19 out
2937 1839 21 13 as
2969 1833 35 19 the
3019 1834 37 19 evil
3073 1834 59 25 spirit
3150 1835 44 20 that

2763 1858 40 20 had
2818 1858 86 26 brought
2921 1859 35 20 the
2973 1860 77 25 malady
3062 1861 64 20 there.
3153 1861 41 20 The

2763 1886 76 18 natives
2855 1886 113 25 thereupon
2979 1887 124 19 determined
3123 1890 22 17 to
3159 1888 35 19 kill

2762 1911 35 19 the
2807 1911 42 19 said
2860 1912 126 26 missionary,
2997 1914 39 18 and
3046 1913 108 26 aocordiug
3172 1917 21 17 to

2763 1937 28 19 his
2803 1940 68 21 report
2886 1938 16 19 it
2921 1938 47 20 took
2989 1939 40 20 him
3048 1940 28 19 all
3096 1939 29 20 bis
3146 1940 47 21 time

2761 1964 89 25 dodging
2860 1965 75 19 bullets
2946 1965 40 20 and
2996 1973 76 18 spear.-'.
3101 1966 32 20 On
3148 1967 46 20 nine

2762 1990 95 19 diil'eient
2868 1992 100 19 occasions
2979 1992 20 19 in
3018 2000 11 11 a
3048 1992 103 26 fortnight
3170 1994 23 19 he

2763 2017 36 18 had
2815 2017 49 19 been
2876 2018 56 19 made
2940 2018 35 20 the
2985 2021 67 23 target
3070 2019 32 20 for
3121 2019 72 20 Snider

2761 2042 76 20 bullets
2848 2043 38 19 and
2898 2045 95 24 poisoned
3013 2052 75 18 spears,
3108 2046 41 20 and
3168 2046 23 19 he

2761 2069 56 19 owed
2834 2069 28 19 his
2881 2070 37 20 life
2933 2073 21 18 to
2983 2072 35 20 the
3034 2072 44 20 fact
3094 2072 46 20 that
3160 2072 33 20 the

2761 2095 70 19 hostile
2852 2096 78 20 natives
2968 2098 78 23 proved
3075 2098 118 21 indifferent

2759 2121 121 20 marksmen.
2909 2125 33 17 An
2952 2124 67 20 officer
3034 2125 53 19 from
3103 2126 34 19 the
3147 2126 40 23 i'.ag-

2759 2147 46 25 ship
2820 2151 54 15 went
2892 2148 71 20 ashoro
2983 2150 40 19 and
3040 2149 107 21 cautioned
3159 2151 33 19 the

2759 2174 79 18 natives
2848 2180 21 13 as
2880 2175 20 17 to
2911 2175 52 19 their
2974 2175 72 20 future
3052 2176 111 20 behaviour
3173 2180 20 16 to

2760 2199 34 19 the
2804 2199 126 27 missionary,
2938 2201 41 20 and
2999 2203 98 24 probably
3116 2210 38 13 one
3172 2203 21 19 of

2759 2225 35 20 the
2803 2225 47 20 fleet
2858 2227 40 18 will
2907 2227 24 19 be
2940 2230 47 17 scut
2996 2236 26 18 up
3033 2229 77 26 shortly
3117 2232 22 17 to
3148 2229 45 20 bold

2758 2258 12 13 a
2779 2252 38 19 full
2838 2253 147 26 investigation
3002 2255 44 19 into
3064 2255 35 20 the
3114 2259 79 17 matter.

2758 2278 41 19 The
2825 2279 78 20 natives
2930 2287 34 13 are
2994 2281 42 19 said
3055 2284 20 18 to
3105 2282 25 20 be
3146 2289 47 18 very

2759 2304 113 24 dangerous
2882 2306 38 19 and
2931 2308 133 20 treacherous.
3093 2309 35 19 All
3140 2309 51 20 their

2759 2337 72 14 arrows
2841 2339 34 12 are
2891 2333 82 25 pointed
2988 2335 50 19 with
3056 2335 96 25 splinters
3171 2336 22 20 of

2759 2356 73 22 human
2845 2358 44 20 shin
2901 2359 69 20 bones.

2847 2408 147 22 SWEETEST
3005 2412 87 20 MUSIC.

2759 2464 64 20 There
2834 2465 16 18 is
2858 2465 65 19 music
2932 2466 20 18 in
2960 2466 34 19 tho
3000 2467 66 19 voices
3076 2468 21 19 of
3106 2466 34 21 the
3147 2474 46 14 ones

2812 2498 29 11 we
2852 2491 43 19 love
2905 2495 53 16 most
2968 2492 59 25 dear;

2759 2516 65 20 There
2834 2517 17 18 is
2861 2518 64 19 music
2934 2518 20 19 in
2974 2519 34 18 the
3027 2519 92 26 sunlight
3138 2527 21 13 as
3177 2521 16 18 it

2812 2543 50 19 rises
2872 2543 71 26 bright
2952 2545 40 19 and
3003 2545 59 19 clear.

2785 2569 65 18 There
2860 2569 17 20 is
2887 2570 63 19 music
2958 2571 21 18 in
2987 2571 34 19 the
3028 2571 95 26 laughter
3132 2573 20 19 of
3159 2573 33 19 tho

2812 2595 80 19 maiden
2902 2596 41 20 and
2951 2597 34 18 tho
2995 2597 53 25 wife,

2759 2620 65 19 There
2841 2620 16 20 is
2876 2622 63 19 music
2957 2622 28 19 all
3004 2624 77 19 around
3099 2631 22 12 us
3133 2632 21 12 as
3164 2630 29 16 we

2812 2647 85 25 journey
2907 2648 91 26 through
3008 2649 40 20 this
3058 2650 42 20 life.

2760 2679 26 17 In
2795 2679 34 19 the
2839 2679 74 25 prattle
2924 2680 20 20 of
2954 2681 34 18 the
2999 2681 90 20 children
3105 2689 21 13 as
3146 2682 47 26 thoy

2813 2705 44 25 skip
2867 2706 40 18 and
2917 2712 38 13 run
2963 2709 21 17 at
2993 2707 53 25 play,

2761 2730 25 20 In
2794 2730 34 19 the
2838 2738 90 12 murmur
2938 2733 21 19 of
2969 2733 34 19 tho
3012 2733 53 20 river
3075 2741 21 13 as
3103 2735 15 19 it
3124 2742 68 19 passes

2813 2762 26 13 on
2848 2757 26 19 its
2884 2764 49 19 way.

2761 2782 27 19 In
2796 2783 35 18 the
2841 2783 106 27 humming
2954 2785 21 19 of
2985 2785 34 19 the
3029 2785 73 21 insects
3110 2782 3 29 ;
3121 2788 22 18 in
3159 2788 34 19 the

2813 2808 87 26 buzzing
2910 2810 21 19 of
2942 2811 33 19 the
2986 2812 46 19 bees
3042 2808 4 28 ;

2761 2834 27 20 In
2796 2835 35 19 the
2841 2836 83 26 sighing
2938 2837 21 19 of
2969 2837 34 19 tho
3012 2838 81 21 breezes
3104 2846 21 13 a3
3144 2840 47 25 they

2798 2862 4 29 _
2813 2862 47 25 play
2871 2869 73 20 among
2954 2863 34 20 the
2998 2866 58 18 trees.

2761 2886 21 19 It
2797 2886 17 20 is
2831 2888 99 26 dwelling,
2942 2889 21 20 in
2982 2890 34 19 tho
3039 2893 72 18 waters
3125 2898 26 14 on
3159 2892 34 20 the

2816 2914 62 24 earth,
2889 2916 40 18 and
2939 2916 20 19 in
2970 2916 33 19 the
3013 2914 42 27 air;

2762 2939 46 20 And
2817 2940 102 21 wherever
2927 2949 48 12 man
2984 2949 47 19 may
3046 2945 64 19 travel
3118 2945 26 20 ho
3153 2944 40 21 will

2814 2966 41 20 find
2865 2967 15 19 it
2888 2968 133 26 everywhere.

2761 2999 26 21 In
2796 3001 34 19 the
2839 3001 56 26 quiet
2905 3003 20 19 of
2935 3003 35 19 the
2979 3003 60 26 night
3050 3006 47 19 time
3105 2999 4 31 ;
3128 3006 21 19 in
3159 3006 34 20 tho

2813 3026 62 27 hurry
2885 3029 21 18 of
2916 3028 33 20 tho
2958 3029 45 25 day,

2762 3053 69 20 Comes
2841 3061 53 13 somo
2907 3055 94 20 welcome
3011 3058 63 19 strain
3091 3060 21 17 of
3130 3058 63 20 music

2813 3083 44 17 sent
2867 3086 23 14 us
2900 3088 26 12 on
2936 3081 34 19 the
2978 3089 51 19 way.

2761 3104 40 20 But
2811 3105 33 20 tho
2854 3110 91 16 sweetest
2953 3108 21 19 of
2981 3108 28 21 all
3018 3110 64 20 music
3092 3117 46 14 ever
3147 3113 44 18 sent

2812 3133 20 19 to
2839 3133 59 19 make
2908 3140 24 12 us
2940 3134 54 25 glad,

2761 3157 21 20 Is
2798 3158 34 20 the
2850 3159 66 26 jingle
2933 3161 21 18 in
2971 3167 37 13 our
3025 3163 82 25 pockets
3126 3164 21 19 of
3156 3164 35 19 the

2812 3191 71 19 money
2893 3186 21 19 of
2923 3192 37 14 our
2970 3187 45 20 dad.

1143 74 59 21 THE
1215 73 61 22 HOT
1290 72 96 22 LAKES
1402 72 175 25 CHRONICLE,
1594 72 192 25 WEDNESDAY,
1811 72 155 21 OCTOMBER
1980 71 20 26 2,
2013 71 56 23 1*95,

2761 4063 70 18 Printed
2843 4065 33 15 iiuii
2888 4065 91 20 published
2998 4065 26 15 for
3041 4066 30 15 the
3087 4066 101 20 proprietor,

2783 4088 18 14 at
2816 4086 27 15 his
2863 4085 94 17 veiristi-roil
2963 4086 78 20 printing
3047 4087 48 16 office
3107 4087 79 17 Botoruu

2782 4106 22 21 by
2812 4107 57 16 Pskov
2881 4107 57 16 Jajies
2947 4107 100 18 xlaukond,
3060 4108 18 15 of
3085 4108 83 17 Eotoruu.

2791 4132 161 23 WEDNESDAY,
2961 4132 111 19 OCTOBER
3080 4134 67 21 2,1596

72 694 34 20 Mr
115 694 24 19 E.
149 694 25 19 A.
184 694 90 24 Haggan
293 691 36 19 has
338 690 94 25 resigned
445 689 34 19 the

46 720 116 26 Mayoralty
180 720 21 19 of
218 718 122 23 Woodville,
359 723 23 12 as
409 716 26 19 bo
460 715 17 19 is

45 746 72 25 taking
126 752 28 19 up
164 745 31 20 his
201 745 102 19 residence
314 746 20 17 at
344 743 133 24 Wellington.

93 802 163 37 Rotoi°ua
271 801 158 40 Library.

51 863 113 48 OPEN
181 863 51 20 from
244 865 25 17 10
281 869 44 13 a.m.
334 863 21 18 to
366 862 11 18 5
385 867 45 19 p.m.
442 859 36 18 and

110 891 13 19 6
130 891 27 18 30
165 894 21 14 to
196 891 25 18 10
230 896 45 19 p.m.
287 889 94 23 .Sundays
388 887 31 18 till
427 887 53 23 9p.m

52 921 193 22 Subscription:
254 921 52 17 SOs
319 924 48 17 per
379 921 99 14 milium

77 952 88 21 Visitors
184 959 44 17 may
247 957 84 20 procure
347 948 67 20 Books
429 947 51 19 from

50 979 35 21 the
103 979 86 25 Library
206 985 24 12 ou
249 978 80 23 making
347 982 11 13 a
371 975 79 23 deposit
461 974 20 18 of

51 1007 37 18 not
103 1004 40 20 less
162 1004 48 19 than
228 1011 29 14 os,
275 1002 40 20 and
330 1000 119 27 purchasing
459 1001 22 18 la

51 1037 80 19 coupon
141 1030 33 19 for
183 1037 56 18 erer}
239 1037 5 7 r
255 1030 55 19 Four
320 1027 69 21 books.

76 1063 42 19 The
136 1062 88 24 Library
242 1061 19 20 is
283 1067 51 19 open
357 1059 72 25 during
448 1058 34 19 the

49 1088 92 26 evening.

73 1151 45 39 M
124 1150 17 15 K
168 1148 51 37 W
259 1148 40 37 J.
324 1145 112 38 N™
437 1145 6 15 T
444 1157 5 8 '

101 1192 151 19 BARRISTER
264 1190 16 18 &
289 1188 141 20 SOLICITOR.

52 1213 146 20 Commissioner
207 1213 19 18 of
236 1213 31 17 the
284 1211 88 24 Supreme
389 1211 59 17 Court
462 1210 20 17 of

243 1234 54 24 Fiji.)

52 1261 88 18 Solicitor
153 1262 19 16 to
181 1260 31 17 the
221 1260 24 17 N.
256 1258 19 18 Z.
286 1258 126 18 Government
426 1257 58 17 under

160 1281 96 21 Advances
265 1285 18 14 to
292 1281 75 17 Settlers

53 1319 97 20 Victoria
159 1319 89 22 Akcade,
257 1318 113 20 Queen-st.,
379 1314 103 20 Auckland;

76 1356 69 22 Money
155 1357 19 15 to
183 1354 50 18 lend
243 1359 23 12 on
276 1351 81 20 freehold
370 1352 80 21 security
464 1354 19 14 at

53 1379 37 19 low
98 1380 49 16 rates
153 1378 19 18 of
176 1378 82 17 interest.
283 1376 70 22 Money
363 1375 84 17 invested
454 1374 30 18 for

56 1402 66 18 clients
131 1401 38 18 free
179 1401 19 18 of
207 1401 73 22 charge.

57 1463 270 50 PHOENIX
351 1462 88 46 FIR

157 1510 219 47 OFFICE.

52 1620 81 21 Losses
158 1616 103 23 Paid,,,.
344 1615 140 26 £20,000,000

52 1671 54 23 Fihe
114 1672 106 21 Premium
230 1670 98 21 Exceeds
371 1669 34 26 1,5'
412 1670 30 20 I\\
459 1668 26 20 00

52 1727 162 20 ACCUMULATED
263 1723 69 21 FffNDC

53 1753 89 20 Exceed
371 1747 111 23 -£loo<>ooo

52 1801 24 27 W\
93 1806 58 22 WARD
160 1804 72 26 BAKER,
336 1803 11 20 A
360 1801 101 24 WILLIAMS

92 1831 71 22 District
171 1830 81 25 Manager,
332 1827 47 22 Local
407 1827 50 25 Agent

149 1855 93 22 Auckland.
360 1853 77 23 Rotorua,

66 1901 11 15 A
92 1900 77 19 DVICE,
189 1898 149 18 PERSONALLY
356 1898 30 16 OR
397 1898 30 16 BY
439 1897 40 15 LEI

54 1916 36 20 .3.
229 1919 125 20 TER,FREE.

73 1959 37 15 DR.
127 1958 55 16 NEIL
193 1958 30 15 lins
239 1959 74 19 plcasuro
328 1957 16 16 in
360 1956 90 20 informing
464 1956 25 14 his

54 1980 71 19 patrons
132 1979 33 15 and
173 1978 29 16 the
210 1978 54 19 public
273 1977 36 16 that
318 1978 21 14 lie
346 1977 29 15 has
386 1976 103 25 securedJjtio

54 1997 68 17 services
130 1999 18 14 of
158 2003 8 10 a
174 1998 92 19 competent
273 2001 77 16 manager
361 1996 26 16 for
398 1996 25 14 his
434 1996 13 15 A
454 1996 35 20 fol;

56 2017 38 16 land
111 2017 80 20 business,
209 2018 54 14 whose
281 2017 68 14 medical
367 2015 73 19 traihiag
457 2014 33 15 'ml

54 2036 72 21 hospital
141 2041 95 15 experience
247 2036 66 16 enables
331 2036 32 14 him
382 2036 16 14 to
410 2034 36 20 givo
464 2034 26 15 the

54 2057 36 15 best
97 2056 58 16 advice
162 2057 26 14 for
196 2057 27 14 the
235 2057 88 14 treatment
330 2055 18 16 of
355 2054 76 17 diseenso.

75 2082 65 16 BALM
158 2083 29 15 OF
205 2081 146 18 GILEAD.—The
367 2079 73 21 greatest
450 2079 40 16 Cold

56 2107 48 11 curer
122 2102 17 15 of
149 2102 27 15 the
188 2099 40 22 age;
247 2102 29 14 has
290 2100 47 16 cured
355 2100 43 15 colds
416 2099 18 15 of

57 2126 49 11 scveu
113 2123 17 14 to
137 2123 29 14 ten
177 2126 49 16 years
236 2119 81 21 standing.
341 2119 52 19 Price,
405 2119 16 15 lis
432 2119 20 15 Cd
463 2123 14 15 pi

57 2141 58 16 bottle.

76 2161 65 16 LUNG
154 2159 151 18 BALSAM—WiII
316 2163 46 19 cure_
372 2158 118 19 Coiisumpbon

212 2180 43 15 iddle
264 2180 42 18 stag!

59 2199 74 16 Woollen
152 2199 50 16 Mills.
221 2198 96 20 Ouehunga,
336 2199 62 18 speaks:
459 2201 33 10 was

59 2218 50 21 gsveii
116 2223 23 16 up
146 2219 23 20 by
174 2220 33 15 two
221 2219 64 15 doetois
299 2217 54 17 defoie
369 2217 8 15 I
388 2216 104 16 commenced

59 2239 58 18 taking
130 2243 42 14 your
188 2239 48 18 Lung
256 2238 71 15 Balsam,
345 2236 32 15 and
402 2238 7 13 I
428 2236 64 15 declare

59 2253 74 21 without'
141 2262 32 15 any
184 2257 119 20 exaggeration
315 2257 36 15 that
369 2256 12 15 it
398 2255 49 16 saved
466 2259 26 14 my

60 2278 35 15 '•'fe.
116 2278 39 19 Any
174 2278 69 16 sufferer
254 2276 57 16 should
323 2275 117 17 communicate
453 2272 39 18 with

77 2302 13 10 e.
94 2295 3 20 1
100 2295 4 20 '
126 2297 48 15 Price
182 2298 18 14 '-'s
207 2297 19 14 (id
233 2301 28 14 per
269 2297 56 14 bottle:
343 2295 31 16 five
385 2295 26 16 for
422 2295 31 15 10s.

83 2316 103 17 OASCARA
203 2314 152 18 BITTERS—The
366 2315 39 18 only
416 2315 34 15 real
463 2318 29 11 cur

104 2340 13 2 -
131 2336 76 18 tivonoss,
225 2335 107 19 Indigestion,
348 2333 92 17 Headache
461 2333 32 15 and

152 2361 10 13 ;,
173 2355 67 19 making
256 2359 9 11 a
282 2354 85 16 miserable
385 2354 28 15 life
431 2353 61 19 happy:

153 2375 14 14 :d
178 2374 22 24 by
211 2375 46 15 those
268 2374 35 15 who
313 2374 42 14 have
366 2373 41 15 used
418 2373 14 16 it

152 2394 18 14 i's
183 2391 87 17 i'ltiKxn."
293 2392 45 18 Price
344 2392 19 17 2s
370 2392 21 16 6d
398 2397 30 14 per
433 2392 51 16 bottle-

90 2457 1 24 •
102 2458 70 17 LIVER
183 2457 74 24 TONIC,
270 2457 52 15 which
332 2457 14 15 is
357 2457 33 14 also
408 2457 27 14 the
452 2461 5 10 i

90 2478 61 16 cessful
158 2482 40 12 cure
203 2477 28 16 for
236 2477 101 16 Biliousness
348 2476 31 15 and
390 2476 22 16 all
425 2475 42 17 disen

61 2498 18 16 of
87 2498 28 14 the
124 2497 46 15 liver.
193 2497 47 15 Price
246 2497 17 15 is
270 2497 19 15 iiu
296 2502 29 13 per
330 2495 58 19 boitlo;
396 2497 31 14 iive
435 2495 26 15 for
469 2495 26 15 10s

82 2523 63 16 IRISH
163 2521 58 16 MOSS
238 2521 48 16 AND
307 2521 46 16 COD
370 2520 70 16 LIVER
458 2520 37 15 OIL

62 2542 174 17 EMULSION—The
244 2542 36 14 best
286 2541 32 15 and
324 2541 81 18 Cheapest
410 2539 84 17 Emulsion

62 2563 17 14 in
87 2562 28 15 the
125 2561 70 16 market:
203 2566 10 10 a
227 2561 60 19 special
300 2565 37 10 cure
353 2561 26 14 for
386 2559 70 20 wasting
463 2559 32 14 and

62 2581 80 19 debility.
164 2581 48 15 Price
220 2581 17 14 'is
249 2585 29 14 per
289 2580 57 15 bottle.

84 2601 32 15 DR
127 2600 81 15 NEIL'S.
227 2598 152 21 Wollesley-street
392 2598 43 15 East
464 2598 23 19 (In-

63 2620 50 16 doors
121 2620 53 15 above
183 2620 51 15 Jlilne
242 2619 32 15 and
280 2618 83 20 Choyce's,
370 2619 13 13 is
390 2619 29 15 the
426 2618 69 19 cheapes

62 2640 51 15 house
119 2641 18 14 to
141 2639 34 20 buy
179 2639 63 15 Patent
249 2637 243 21 andHomcopatbicMedicine

62 2659 56 16 Toiht
137 2659 95 15 Ueouisites
253 2658 32 16 and
305 2656 90 21 Druggists
416 2657 79 15 Sundries

200 2706 85 17 ADVICE
301 2705 58 15 FREE

89 2770 46 39 W.
155 2768 184 37 Blomfield
355 2766 35 37 &
405 2766 65 47 Co,,

66 2827 207 22 TOTALISATOR
292 2825 202 27 PROPRIETORS-

92 2862 42 18 Are
143 2858 95 27 prepared
248 2860 19 17 In
282 2857 54 19 make
343 2860 153 21 arrangements

67 2892 25 14 on
112 2886 118 20 favourable
249 2886 61 18 terms
334 2883 31 19 for
381 2883 36 19 the
426 2889 38 14 use
475 2883 21 20 of

67 2912 54 21 tbeir
130 2913 107 19 machines.

238 2946 99 19 Address

66 2987 46 40 W,
148 2984 186 38 Blomfield
369 2983 36 37 &
440 2983 55 41 Go,

134 3058 105 35 QUEEN
299 3055 129 34 STREET,

195 3104 169 27 AUCKLAND.

143 3173 26 39 J,
186 3172 38 40 T,
239 3170 185 46 Hensfeaw,

162 3219 54 20 THE
242 3217 157 21 BUNGALOW,

64 3254 188 21 KAKATJAMEA,
280 3252 126 20 GALATEA
438 3252 58 20 AND

86 3334 84 20 Horse
185 3332 56 22 feed
279 3332 50 21 and
357 3331 139 22 Luncheon

214 3358 134 26 provided.

979 1801 71 20 Under
1065 1800 35 20 the
1117 1798 149 27 distinguished
1283 1798 115 26 Patronage
1416 1798 19 20 of
1451 1798 31 20 his
1493 1797 120 26 Excellency
1623 1797 35 20 the
1668 1797 105 20 Governor
1783 1797 35 20 the

1308 1824 50 20 Earl
1373 1825 21 19 of
1404 1825 86 19 Onslow.

1190 1982 38 29 T
1242 1982 39 29 @
1336 1982 97 28 MR
1448 1981 36 29 O
1503 1981 40 28 H
1562 1982 50 27 7X.

1023 2043 53 24 The
1089 2043 57 24 best
1171 2041 129 29 Situated,
1322 2042 46 23 tlic
1381 2043 68 22 most
1463 2039 183 30 Comfortable,
1660 2041 45 23 the
1718 2040 58 23 best

1190 2075 137 30 appointed
1341 2074 80 24 Hotel
1430 2074 28 23 in
1471 2074 34 23 Te
1524 2074 93 24 Aroha.

991 2114 109 31 Adjoins
1126 2113 74 32 (with
1223 2112 103 25 Private
1352 2110 141 32 Entrance)
1521 2111 44 25 the
1595 2111 123 24 Thermal
1741 2110 107 32 Spring's

960 2147 118 25 Domain.
1091 2146 94 24 Tennis
1200 2145 80 25 Court
1289 2145 28 24 in
1329 2144 120 26 Domain.

1144 2232 156 23 Terms—6s
1319 2238 45 24 per
1383 2230 57 32 day,
1460 2231 45 22 30s
1522 2237 45 24 per
1580 2228 81 31 Aveek,

962 2300 45 38 W.
1037 2299 39 39 H.
1105 2298 159 42 KJiOCK,

986 2385 40 19 The
1046 2384 59 19 baths
1125 2384 39 19 and
1185 2382 95 24 drinking
1299 2384 64 17 water
1382 2387 34 14 are
1432 2380 108 26 especially
1559 2381 115 20 efficacious
1694 2380 20 20 in
1738 2381 57 19 Gout
1811 2378 37 20 and

960 2410 122 21 Rheumatic
1094 2410 113 22 affections,
1218 2408 88 21 Chronic
1314 2407 122 26 Dyspepsia,
1448 2408 107 19 Disorders
1575 2408 20 19 of
1606 2408 34 19 the
1651 2407 90 26 Urinery
1764 2406 85 26 Organs;

962 2439 103 19 Cutanous
1077 2437 99 23 Diseases,
1192 2435 79 25 Splenic
1282 2435 40 19 and
1339 2434 88 25 llopahe
1440 2434 115 24 Disorders,
1576 2434 91 19 Diseases
1682 2434 39 19 duo
1739 2436 20 16 to
1776 2432 73 21 Exeess

970 2464 81 26 dciditj)
1061 2463 119 25 Neuralgia,
1191 2462 95 19 Sciatica.

1072 2530 70 20 Public
1157 2530 49 19 Hall
1217 2529 38 20 and
1267 2528 80 25 Sample
1357 2528 78 19 llooms
1451 2528 92 20 connect*

1110 2636 214 26 OFFICIAL
1347 2635 281 25 TESTIMONY.

1065 2699 39 36 HI
1113 2696 192 37 TOKEN'S
1334 2695 149 38 BLOOD
1507 2693 241 39 RESTORER

1080 2750 39 12 ours
1126 2746 19 15 at
1151 2744 30 15 the
1188 2743 76 16 Colouial
1270 2744 23 15 In
1298 2743 62 17 ustrial
1367 2743 99 16 Exhibition
1479 2742 39 16 held
1524 2742 19 17 in
1552 2742 110 19 Wellington,
1672 2741 33 17 and
1726 2747 10 9 n
1752 2741 26 15 the
1800 2739 49 17 ofiicit

1000 2766 56 16 rcclort
1063 2764 90 18 submitted
1161 2766 16 13 to
1185 2764 27 15 tin;
1221 2763 112 16 Government
1343 2764 28 15 the
1380 2763 85 19 following
1474 2763 82 15 reference
1565 2766 32 11 was
1604 2763 49 14 made
1660 2763 17 13 to
1684 2761 36 15 it.—

1058 2787 19 14 A.
1090 2785 21 15 Jt.
1120 2784 86 20 Hitchensj
1211 2782 95 20 Auckland;
1314 2784 48 14 sends
1368 2788 10 10 a
1385 2782 54 19 small,
1447 2782 31 16 but
1486 2782 76 16 valuable
1570 2781 69 18 exhibit,
1648 2780 90 19 consisting
1753 2780 18 15 of
1784 2784 10 10 a
1801 2784 39 14 vege-

962 2806 42 16 table
1013 2806 92 19 compound
1112 2805 43 14 from
1163 2803 42 16 Now
1212 2802 71 17 Zealand
1291 2803 52 17 herbs,
1350 2802 27 16 for
1383 2803 28 14 the
1418 2806 38 11 cure
1465 2801 17 16 of
1496 2800 106 22 Indigestion,
1617 2799 122 19 Bheumatism,
1752 2799 97 16 Khoumatic

962 2826 45 16 Gout
1018 2825 33 15 and
1057 2823 96 18 Impurities
1160 2822 18 16 of
1183 2822 28 15 the
1218 2822 59 16 Blood.
1298 2822 35 15 The
1337 2822 58 16 maker
1402 2825 34 12 ana
1442 2820 82 16 exhibitor
1540 2820 55 18 claims
1609 2820 26 16 for
1653 2820 32 14 this
1696 2819 80 16 medicine
1789 2817 60 17 several

962 2845 89 18 important
1059 2848 20 15 qu
1087 2843 53 16 ilities.
1148 2841 32 16 and
1190 2842 28 15 has
1225 2841 58 20 gained
1291 2841 28 15 the
1330 2841 36 16 first
1374 2841 47 14 order
1428 2841 18 15 of
1457 2840 48 15 merit
1514 2841 41 14 from
1564 2841 28 14 the
1602 2839 66 20 judges.
1696 2839 35 16 The
1747 2838 102 21 preparation

962 2865 11 16 is
981 2867 30 13 not
1019 2865 18 15 to
1044 2864 19 16 be
1071 2861 104 18 confounded
1183 2861 39 16 with
1230 2860 76 20 ordiuary
1314 2860 54 21 quack
1376 2860 94 16 medicines,
1479 2859 86 17 inasmuch
1570 2864 18 11 as
1596 2860 12 14 it
1621 2860 14 14 is
1651 2859 26 16 the
1685 2859 70 19 product
1771 2858 16 15 of
1801 2858 48 14 muriv

962 2889 47 14 years
1016 2883 17 16 of
1044 2883 50 19 study
1103 2882 32 17 and
1143 2881 115 19 investigation
1266 2881 19 19 by
1293 2885 20 11 an
1322 2881 72 14 eminent
1403 2881 83 18 physician
1494 2881 51 14 ottlie
1555 2882 48 16 Army
1611 2881 71 13 Medical
1694 2881 47 15 bum,
1750 2881 39 12 wren
1797 2881 45 11 wnor

962 2904 28 17 the
997 2902 82 17 exhibitor
1086 2900 59 18 served
1151 2900 60 19 during
1218 2899 29 17 the
1259 2899 119 16 NewZealaud
1390 2904 35 11 war
1439 2904 17 9 as
1470 2899 77 15 assistant
1559 2899 88 19 Dispenser
1654 2899 18 14 to
1689 2898 28 15 the
1731 2897 42 15 New
1780 2896 62 16 Zealani

1000 2928 21 11 es.
1043 2922 28 16 Mr
1077 2920 84 17 Hitohens
1168 2919 75 20 explains
1249 2919 39 16 that
1293 2919 29 16 the
1329 2923 48 12 cures
1383 2918 19 16 of
1409 2918 121 19 Rheumatism,
1538 2918 31 18 etc,
1576 2918 71 15 effected
1653 2918 22 19 by
1690 2917 25 15 his
1726 2916 87 18 medicine,
1823 2920 16 11 ai

961 2944 31 15 due
999 2943 68 18 entirely
1074 2944 18 13 to
1099 2942 21 14 its
1128 2939 92 17 wonderful
1227 2939 48 15 ell'oct
1282 2944 44 14 upon
1334 2938 27 16 the
1369 2938 48 15 blood
1431 2939 21 18 by
1467 2938 20 15 its
1495 2937 88 21 cleansing,
1592 2937 92 21 puiifying,
1696 2937 33 15 and
1740 2935 102 21 invigoratini

1031 2963 16 15 It
1059 2963 13 14 is
1081 2961 49 16 made
1138 2960 44 15 from
1190 2958 41 17 New
1239 2959 73 15 Zealand
1324 2958 49 15 herbs
1379 2958 33 15 and

1199 3019 221 25 NOTABLE
1455 3018 161 24 CURES.

962 3076 90 21 Mention
1061 3077 17 18 is
1088 3074 58 21 rnado
1156 3073 22 20 of
1187 3073 34 19 the
1230 3072 105 24 following
1343 3078 22 13 as
1375 3078 12 12 a
1396 3071 8 19 t

980 3109 135 20 Sciatica—Gapt
1138 3107 92 20 Farquhar,
1240 3112 12 10 s.
1261 3111 13 10 s.
1295 3105 101 16 'Clansman'

962 3130 86 17 Auckland
1054 3130 54 15 whose
1115 3133 35 11 case
1157 3133 33 10 was
1197 3126 92 17 considered
1296 3127 18 14 to
1320 3126 19 14 lie
1346 3126 40 18 hope-

962 3151 37 15 losa.
1216 3165 9 1 _
1252 3150 3 20 ,

983 3169 110 17 Rheumatism
1099 3168 17 16 of
1120 3165 138 19 thoFoet—Oapt
1277 3166 57 14 Jamos
1338 3165 47 15 Avon-

962 3190 41 18 dale,
1011 3188 90 17 Auckland
1114 3188 17 15 IT
1140 3191 47 15 years
1195 3185 83 19 standing.

981 3208 99 17 lthcumatic
1088 3208 52 17 Gout,
1147 3211 17 10 so
1172 3205 31 16 bad
1213 3204 36 16 that
1256 3205 28 13 the
1291 3203 66 19 pationt
1365 3203 32 16 had

962 3229 36 15 olm
1006 3228 48 16 lifted
1061 3227 17 16 in
1086 3227 33 15 and
1126 3227 31 14 out
1164 3225 18 15 of
1188 3224 81 16 bed—Mr
1279 3223 24 21 \V.
1321 3223 75 19 Hunter,

962 3248 73 17 Ormond
1044 3247 70 18 Poverty
1126 3246 42 18 Bay.

983 3267 104 18 Rhoumatio
1095 3264 106 18 Fever—Mr
1219 3264 67 19 Brown,
1304 3263 93 15 Britannia

962 3288 76 21 Height,
1053 3288 72 16 Nelson.

983 3309 105 17 Rhoumatio
1103 3308 52 18 Gout,
1172 3307 76 20 Dropsy,
1268 3306 60 20 Ague,
1345 3304 52 17 Liver

963 3331 104 21 Complaint,
1077 3330 34 15 and
1120 3330 81 15 Stomach
1218 3327 67 20 Cougb,
1303 3328 47 15 most
1359 3326 28 16 dis-

964 3354 95 19 tressing—
1060 3351 29 17 Mr
1105 3350 78 21 Waugta,
1201 3349 82 19 Bombay,
1307 3347 88 19 Waikato;

962 3374 51 22 givon
1022 3379 29 15 up,
1061 3378 22 10 no
1091 3373 45 19 liopc
1144 3371 40 16 liold
1193 3374 35 16 nut,
1240 3369 129 16 recommended
1380 3371 17 14 to

963 3401 22 15 go
993 3395 49 16 home
1051 3394 33 16 and
1096 3394 34 16 die.

985 3415 129 18 Inflammation
1129 3415 18 15 of
1162 3414 30 16 the
1205 3413 52 16 Liver
1277 3412 34 15 and
1328 3412 69 15 Gastric

962 3438 50 16 Juico
1018 3438 18 15 of
1045 3437 28 16 the
1086 3434 132 19 Stomach—Mr
1232 3434 77 16 Ihomus
1324 3432 70 21 Maoky,

963 3459 97 19 merchant,
1069 3457 100 17 Auckland.

983 3480 61 20 Lupus
1051 3480 17 15 of
1074 3480 29 15 the
1108 3477 96 18 Face—Mr
1210 3476 83 19 Dickson,
1303 3476 93 16 Auckland

983 3500 105 18 Rheumatic
1096 3499 100 17 Gout—Mr
1213 3497 102 20 Blackmail,
1329 3497 57 16 'liven-

963 3524 29 19 ing
1002 3523 44 15 Star'
1056 3522 53 19 ofliec,
1123 3519 100 18 Auckland.

983 3543 122 18 Rheumatism
1114 3543 17 15 of
1148 3542 20 16 23
1188 3540 54 21 years'
1260 3539 136 21 standing—Mr

962 3566 78 16 William
1049 3563 84 22 MoEvoy,
1143 3563 38 16 l'itt
1188 3561 79 24 Terrace,
1274 3561 99 16 Auckland.

984 3586 78 19 Sciatica,
1073 3586 34 15 and
1114 3582 142 22 .Lumbago—Mr
1265 3583 21 16 N.
1295 3582 99 20 McMillan,

963 3608 67 16 Vulcan
1039 3608 54 18 Lane,
1103 3605 98 17 Auckland.

984 3627 151 21 Lumbago—Mr3
1145 3627 52 20 Mary
1204 3625 60 20 Kuox,
1274 3625 73 22 Rokeby
1361 3626 33 16 St..

962 3650 99 17 Auckland.

983 3670 133 18 Sciatica—Mr.i
1124 3669 18 16 J.
1152 3669 89 18 Rcnv/ick,
1256 3668 58 17 Drake
1329 3668 65 20 Street,

962 3692 99 19 Auckland:

983 3713 121 18 Rheumatism
1112 3712 17 16 of
1139 3713 20 14 20
1168 3711 55 21 years'
1240 3711 81 21 standing
1338 3711 56 16 which

962 3735 77 19 brought
1048 3740 20 10 on
1076 3734 74 15 Asthma
1159 3733 33 15 and
1198 3733 121 20 Dropsy—Mr
1325 3733 69 16 Samuel

962 3757 54 16 Field,
1028 3755 47 16 Lorn
1084 3755 57 17 SUeet
1147 3754 97 16 Auckland.

983 3777 121 17 Rheumatism
1107 3775 48 16 —Mr
1162 3775 25 16 11.
1196 3775 62 21 Lewis,
1269 3775 59 19 Queen
1338 3776 58 15 Street

962 3798 98 17 Auckland.

983 3819 73 17 Sciatica
1067 3819 34 16 and
1108 3819 141 20 Lumbago—Mr
1259 3819 50 17 Chftl.
1321 3820 60 21 Honey-

962 3841 66 20 combo,
1038 3840 98 18 Auckland.

988 3862 104 17 Rheumatic
1112 3862 97 16 Gout—Mr
1224 3861 60 22 Elliot,
1303 3862 90 21 McGuire,

962 3885 106 19 Contractor,
1080 3883 98 16 Auckland.

983 3906 72 15 Chronic
1077 3904 171 16 Rheumatism—Mr
1267 3905 68 16 Ronald
1355 3905 38 16 Mc-

962 3926 72 20 Donald,
1044 3926 89 17 Rolleston
1147 3926 61 20 Street,
1220 3926 79 16 Thames.

981 3947 114 21 Indigestion,
1110 3947 73 16 General
1198 3944 84 24 Debility,
1298 3947 34 16 and
1348 3948 45 15 Con-

961 3982 64 19 Theso
1034 3988 55 13 cures
1101 3987 33 13 are
1141 3980 27 20 all
1177 3980 85 19 attested
1271 3980 28 25 by
1307 3980 93 20 testimon

1195 4005 103 20 hundreds
1308 4006 20 19 of
1338 4007 66 18 others

484 3485 51 26 OF

111 3543 190 44 Cutlery,
327 3543 257 41 Hardware,
611 3542 286 38 Brasswares.,

200 3595 148 35 House
366 3595 278 43 Furnishing
660 3593 143 35 Goods

342 3647 53 31 (in
407 3647 99 31 great
518 3645 145 33 variety)

60 3685 158 37 Nickle
245 3684 87 34 and
357 3685 96 33 E.P.
482 3686 164 43 Spoons
682 3681 87 36 and
803 3680 140 36 Forks

362 3730 94 38 E.P.
486 3731 155 34 Cruets

200 3782 88 35 Tea
314 3780 113 41 Pots,
453 3782 155 34 Butter
637 3780 157 34 Dishes

62 3834 102 35 Jam
183 3834 164 44 Spoons
603 3832 156 34 Butter
777 3829 166 36 Knives

319 3884 145 44 Sugar
514 3885 147 43 Tongs

239 3933 80 34 etc.
461 3933 77 35 etc.
683 3931 79 33 etc.

107 4080 81 48 CT.
213 4079 175 47 &J.
421 4075 507 60 DICKBT,

270 4136 92 43 234,
397 4135 147 45 Queen
581 4139 151 41 Street,

1407 3072 29 20 lew
1444 3072 21 18 of
1472 3072 35 18 the
1517 3071 106 20 multitude
1634 3071 21 19 of
1665 3078 57 12 cures
1732 3071 117 19 effected:—

1417 3113 50 15 stunt
1476 3111 109 22 Dysentery,
1596 3112 64 16 caused
1674 3111 23 20 by
1707 3111 81 19 working
1797 3111 18 15 in
1833 3111 9 15 1.

1418 3134 27 15 air
1455 3135 33 14 and
1496 3136 32 14 wet
1538 3134 55 15 mines
1603 3136 19 13 i-t
1629 3133 27 16 the
1664 3128 125 21 Thames—D.
1805 3132 16 15 E
1835 3131 13 17 11

1440 3154 173 17 RkeumUtisin—Mr
1622 3154 66 17 Jamos
1696 3153 54 20 Pook,
1760 3154 50 16 Anck
1823 3153 26 17 las

1439 3175 99 17 Cancerous
1565 3176 51 16 Ulcer
1637 3176 18 15 in
1678 3175 97 16 Face—Mr
1792 3175 16 16 Vs
1809 3175 5 7 7
1818 3175 3 17 .

1416 3196 81 21 Walker,
1507 3197 97 17 Auckland.

1438 3218 103 17 Rheutnatio
1561 3218 96 17 Gout—Mr
1677 3217 85 17 Edwards
1775 3217 74 19 Waters'

1416 3239 127 20 Confectioner,
1560 3239 93 20 Auckland;
1664 3239 29 17 Mr
1698 3239 101 16 Alexander
1806 3239 33 16 Bar-

1416 3263 39 16 rett,
1467 3260 57 19 Queen
1542 3261 61 20 Street,
1620 3261 91 16 Auckland
1722 3260 3 21 ;
1741 3260 28 16 Mr
1788 3261 21 15 K.
1827 3261 21 15 1).

1416 3282 92 20 Halstoad,
1518 3281 105 23 Veterinary
1630 3282 86 20 Surgeon,
1729 3281 99 17 Auckland.

1555 3305 18 14 iu
1578 3304 30 15 the
1615 3303 57 17 Knees
1679 3304 32 15 and
1718 3303 48 21 Fei-t,
1774 3303 75 21 brought

1416 3331 21 9 on
1446 3325 23 20 by
1479 3325 78 21 working
1566 3326 17 15 in
1593 3325 105 16 water—Mr
1711 3324 85 16 Matthew
1813 3325 36 15 Box

1416 3346 82 17 Thames.

1437 3367 128 19 Rheumatism,
1576 3368 73 21 causing
1660 3368 68 16 intonso
1736 3367 49 22 pain,
1794 3366 54 18 which

1416 3389 93 21 prevented
1518 3390 29 15 the
1555 3390 67 19 patient
1630 3391 44 14 from
1685 3389 50 20 being
1743 3394 39 10 ever
1788 3389 60 16 turned

1415 3412 19 13 in
1443 3410 85 16 bed-Mr
1536 3410 58 17 David
1602 3410 62 21 Barry,

1438 3431 232 22 Chromo-Dysentery—Hr
1677 3433 23 15 A.
1709 3431 83 21 Bettany,
1802 3431 33 16 Pon-

1416 3453 54 20 sonby
1478 3452 56 19 Road,
1551 3453 96 17 Auckland.

1438 3474 76 16 Chronic
1528 3474 102 16 Bheumatis
1639 3484 10 6 ~
1669 3474 18 16 in
1706 3474 30 16 the
1745 3475 54 20 spice,
1811 3474 36 20 hi]),

1416 3496 48 19 knee,
1472 3495 59 20 joints,
1546 3495 60 16 cull'of
1616 3496 30 15 tlie
1659 3497 34 19 leg,
1715 3495 32 16 aud
1769 3494 79 18 toe3—T.

1415 3516 80 21 Morgan.
1505 3516 63 17 Mount
1575 3516 50 17 Eden
1634 3516 55 21 Road,
1699 3517 97 16 Auckland.

1415 3538 104 16 Rheumatic)
1528 3539 52 19 (Jour,
1591 3539 57 15 which
1657 3538 79 16 confined
1747 3539 28 15 the
1782 3539 67 20 patient,

1415 3561 18 14 to
1441 3559 27 16 his
1477 3559 31 16 bed
1516 3558 27 17 for
1555 3559 107 16 weeks—Mr
1668 3559 21 17 T.
1698 3559 19 16 J.
1735 3560 43 15 Bain
1783 3560 63 20 bridge,

1415 3580 97 21 Ponsonby,
1522 3580 98 17 Auckland.

1442 3601 74 17 General
1535 3601 78 21 Debility
1625 3602 35 16 and
1680 3601 117 22 Indigestion,
1815 3602 33 15 and

1415 3623 81 20 inability
1505 3625 17 14 to
1532 3624 41 19 Jcet-p
1616 3624 49 19 thing
1680 3629 21 10 on
1712 3624 29 15 the
1749 3624 97 16 stomach—

1415 3644 28 16 Mr
1452 3643 63 17 Gerald
1526 3644 60 20 Grace,
1595 3644 60 22 Kyber
1663 3644 46 20 Pass,
1717 3645 97 16 Aucklund,

1449 3664 124 18 Sciatica—Mr
1589 3666 46 15 John
1651 3666 50 20 Ross,
1718 3666 51 15 Duke
1784 3666 62 17 Street.

1415 3686 100 17 Auckland.

1437 3707 96 21 Discharge
1538 3708 18 17 of
1565 3709 53 16 8100.l
1627 3711 44 14 from
1679 3709 28 16 thu
1714 3709 66 16 Bowels
1782 3709 66 15 —Cant

1415 3729 20 17 T.
1445 3728 92 22 Aldrjdge.

1436 3751 53 15 Great
1497 3751 77 21 Debility
1582 3752 34 15 and
1622 3751 86 21 Bleeding
1716 3753 19 15 at
1742 3752 30 15 the
1780 3750 67 17 Nose—

1413 3772 29 16 Mr
1451 3772 74 15 Thomas
1533 3772 80 21 Peljican,
1630 3773 99 20 ponsonby.

1435 3793 97 20 Neuralgia
1540 3794 33 16 and
1582 3794 81 16 Nervous
1670 3793 140 21 Debility—Mrs
1822 3792 23 17 11.

1415 3811 64 23 Waite,
1489 3814 98 18 Auckland.

1435 3836 52 15 After
1495 3832 58 20 bifeots
1569 3837 18 15 of
1594 3836 103 17 Rheumatic
1716 3836 60 19 Fever,
1792 3834 53 17 which

1415 3857 32 16 loft
1456 3857 29 15 the
1493 3858 68 19 patient
1568 3859 128 17 helpless—Mr
1703 3858 47 15 John
1761 3857 24 16 11.
1794 3856 52 17 Jones

1415 3875 99 21 Auckland.

1435 3899 71 21 Kidney
1514 3900 72 16 Disease
1595 3900 34 16 nnd
1637 3900 92 20 Lumbago
1742 3899 18 17 of
1768 3901 20 13 litl
1796 3903 49 17 years

1424 3920 135 20 standing—Mr
1568 3921 81 18 William
1659 3923 11 14 '1
1683 3922 42 20 lice,
1736 3917 65 24 Poplar
1815 3920 31 15 I'm

1415 3947 41 11 near
1464 3941 80 19 Howick.

1407 3980 42 23 ials,
1458 3978 66 22 which
1533 3979 34 19 the
1582 3978 151 21 manufacturer
1742 3977 42 19 has.
1797 3975 49 21 with

1407 4014 6 16 ;,
1423 4007 21 17 in
1450 4005 32 19 his
1491 4005 117 25 possession.

1046 4084 40 17 Sold
1096 4083 23 22 by
1131 4081 133 22 allrespe'otable
1274 4081 84 18 Chemists
1365 4080 34 18 and
1410 4080 125 21 Storekeepers,
1546 4079 34 17 and
1591 4080 23 20 by
1626 4079 29 16 the
1664 4079 96 20 proprietor

1064 4124 29 21 H.
1103 4124 25 20 A.
1139 4124 27 21 H.
1177 4117 150 30 EJTOHENS,
1340 4123 23 19 50
1384 4122 124 21 SiiortlaVb
1520 4121 83 24 Sxkeet,
1614 4119 123 20 AucKJ-.sm

942 327 57 26 HIGH
1018 327 35 26 ST.
1073 326 37 27 and
1130 326 111 26 VICTORIA
1261 326 35 27 ST.
1319 324 64 31 EAST,

967 435 43 20 Tho
1026 435 64 20 above
1108 435 110 21 Favourite
1232 435 40 19 and
1281 433 95 21 Coreraod-

943 463 44 17 ious
1018 461 64 19 Hotel
1115 461 75 21 affords
1222 459 165 22 EXCELLENT

943 486 241 22 ACCOMMODATION
1199 487 31 20 for
1246 484 141 25 TOURISTS,

944 513 182 21 TRAVELLERS
1154 515 15 19 &
1197 512 128 22 VISITORS
1342 510 45 21 who

945 539 40 20 will
993 539 77 20 receive
1080 546 60 20 every
1155 540 91 20 Comfoit
1263 540 40 19 and
1317 538 70 19 Atten-

973 665 104 20 Excollent
1100 666 88 20 Cuisine.
1230 664 96 25 Spacious
1351 661 41 20 and

948 700 181 19 Well-Ventilated
1147 700 117 20 Bedrooms.
1305 696 88 21 Billiard

947 734 64 20 Room
1021 734 49 21 with
1081 737 39 17 two
1131 734 104 20 first-class
1249 733 71 19 tallies.
1348 731 44 19 Hot

948 834 15 19 &
975 833 50 21 Cold
1039 834 80 26 Plunge
1130 835 14 18 >S:
1157 832 82 21 Shower
1248 832 69 21 Baths.

948 860 76 24 Wines,
1056 860 71 26 Spirits
1144 860 41 19 and
1200 859 48 19 Ales
1266 859 21 19 of
1305 859 34 19 tho
1348 858 46 22 best
1458 858 9 17 ''■

1100 886 80 19 Brands
1188 886 53 24 only.
1437 886 16 24 ..

2307 434 80 27 Sample
2405 437 75 19 Ecjirs
2494 437 30 19 for
2534 431 141 25 COMMEEC.
2691 429 32 20 »Ii

2283 472 181 23 TRAVELLERS
2480 473 100 23 available
2598 475 22 17 at
2630 470 51 20 a"lt'
2691 475 26 13 no

2220 588 10 18 2
2309 574 89 27 Charges
2448 577 108 21 Moderate.
2617 573 116 23 SPECIAL

2192 606 45 45 llj;
2284 614 89 19 KATES
2389 614 33 19 TO
2447 615 174 22 PERMANENT
2646 612 67 22 80/R-

2285 651 79 19 ---

2415 874 204 47 Proprietor.

1902 973 680 67 4NATORIUM

953 1195 86 32 Only
1067 1195 42 25 30
1142 1194 99 26 miles
1274 1192 112 27 North
1417 1192 36 26 of
1479 1188 193 32 Auckland,
1705 1188 87 27 with
1822 1187 94 32 daily
1948 1190 295 29 communication
2272 1192 87 28 with
2389 1194 109 26 Coach
2530 1201 37 20 or
2587 1194 152 26 steamer

1279 1234 54 21 See
1348 1232 167 21 advertised
1526 1231 82 21 Time
1624 1230 78 21 table
1714 1230 30 19 of
1754 1235 44 14 s.s.
1815 1229 77 20 Rose
1903 1229 98 27 Casey
2012 1231 58 20 and
2087 1231 128 22 Butler's
2227 1234 31 21 R.
2272 1235 37 20 M.
2328 1235 106 20 Coach.

953 1270 101 30 JHTCHE
1080 1271 118 24 ABOVE
1213 1268 297 25 ESTABLISHMENT
1521 1267 138 24 STANDS
1674 1265 231 24 UNRIVALLED
1918 1273 26 16 as
1963 1274 13 15 a
1989 1265 90 25 Health
2089 1276 27 14 or
2129 1268 110 31 pleasure
2253 1270 97 27 Resort,
2364 1270 47 23 and
2425 1270 42 25 has
2479 1270 87 31 special
2587 1271 152 28 advantages

965 1296 21 33 '\{
1037 1305 37 23 for
1087 1304 77 24 either
1188 1303 112 24 Tourists
1315 1311 28 15 or
1357 1302 117 24 Invalids,

1316 1400 174 28 Beautiful
1509 1400 157 32 Scenery,
1687 1398 241 33 Sea-Bathing,
1947 1397 157 36 Boating,
2125 1401 150 38 Fishing,
2290 1401 56 31 &c,

1504 1433 124 28 Cusine
1643 1433 69 26 and
1727 1432 207 29 attendance
1953 1431 36 27 of
2011 1433 59 26 the
2092 1434 83 31 best.

952 1477 93 26 Famed
1055 1478 37 25 for
1105 1477 30 26 its
1149 1477 109 26 curative
1269 1477 94 24 natural
1377 1475 104 26 medical
1496 1475 52 26 Hot
1561 1476 102 32 Springs
1675 1476 50 23 and
1739 1476 83 23 Baths.
1858 1475 37 23 As
1908 1473 40 25 the
1963 1473 101 34 Springs
2077 1476 47 24 and
2139 1477 73 24 Baths
2225 1485 41 15 arc
2277 1477 40 23 the
2331 1482 114 27 property
2458 1476 24 25 of
2495 1476 37 25 the
2546 1475 84 30 Hotel,
2645 1475 86 24 visitor
2732 1472 10 17 5

983 1519 41 17 are
1034 1510 110 35 supplied
1154 1510 58 27 with
1222 1510 103 29 Towels,
1339 1510 48 25 and
1400 1518 43 17 can
1453 1509 56 25 take
1519 1517 30 17 an
1562 1509 127 25 unlimited
1703 1509 104 26 number
1821 1508 24 25 of
1857 1507 74 25 Baths
1943 1512 25 19 at
1981 1516 45 23 any
2040 1509 58 25 rime
2111 1510 25 25 of
2146 1510 40 26 the
2200 1510 47 33 day
2261 1510 78 28 FREE
2352 1510 63 24 from
2429 1517 45 27 any
2483 1510 84 33 charge
2579 1509 131 26 whatever.

1137 1552 223 41 TARIFF
1379 1552 121 41 PER
1514 1551 141 48 DAY,
1675 1551 53 41 7s
1748 1553 66 46 8s;
1862 1550 120 40 PER
1996 1551 193 49 WEEK,
2211 1552 64 41 £1
2318 1552 85 41 15s
2421 1553 48 40 to
2494 1553 69 40 £2
2581 1552 67 41 Bs.

1360 1608 158 34 Cottages
1532 1608 33 27 to
1580 1607 47 28 let
1639 1607 48 33 Toy
1700 1607 58 28 the
1777 1607 106 32 week,
1895 1606 131 34 month,
2042 1614 38 21 or
2101 1607 55 29 the
2176 1615 131 22 season.

952 1658 46 30 For
1017 1667 46 27 any
1075 1658 156 29 information
1243 1656 113 38 required
1370 1657 81 36 please
1464 1656 71 36 apply
1549 1663 25 21 to
1586 1656 146 35 Proprietor.

1999 2471 2 25 i
2002 2471 44 24 vanr
2051 2472 46 23 old
2105 2472 72 24 sp£ckc

2192 2323 18 29 '"'■
2216 2322 103 33 WwTm-
2324 2333 80 22 ''■M-.-'Mi
2411 2322 4 33 ■
2511 2346 6 4 -
2521 2327 59 28 •■'il

2220 2733 179 47 Proprietors
2402 2756 7 12 :
2410 2760 15 5 -
2490 2726 32 41 L

2216 2802 11 22 p
2252 2794 25 30 11
2289 2794 6 30 i
2305 2794 19 30 S
2446 2806 17 18 r
2511 2807 13 17 %
2590 2800 14 22 i

1870 2930 268 34 WHOLESALE
2159 2929 181 36 AGENTS,

2102 3206 570 67 OHTNTGLIN

2054 3347 516 50 BETWEEN

2135 3712 343 34 TKURKNGH

1866 3749 79 40 Smith
1976 3751 47 39 and
2042 3751 113 49 Carriage
2177 3752 104 44 Works,
2311 3747 78 41 Coach
2417 3748 48 39 and
2494 3747 109 51 Waggon
2637 3746 103 50 Factory

2071 3813 212 21 ESTABLISHED
2298 3809 80 22 OVER
2394 3809 26 20 10
2435 3809 107 22 YEARS.

1883 3858 38 16 The
1924 3859 120 21 .undersigned
2053 3865 29 11 aro
2090 3860 137 16 manufacturers
2236 3860 17 16 of
2261 3859 21 16 all
2293 3859 60 15 classes
2361 3857 18 15 of
2390 3856 77 18 Vehicles
2475 3857 14 17 &
2498 3856 119 22 Agricultural
2625 3854 116 21 Implements.

1884 3880 263 23 Our.well-knownimputation
2155 3887 19 10 as
2181 3881 84 17 Practical
2280 3878 100 18 Weehaiiica
2396 3878 34 16 and
2514 3880 19 16 27
2549 3883 49 16 yours
2609 3875 98 22 experience
2725 3876 17 16 in

1863 3900 28 16 the
1895 3901 120 17 Australasian
2022 3902 87 20 Colonies,
2117 3903 65 21 justify
2189 3908 20 10 us
2216 3903 19 15 in
2251 3900 80 20 claiming
2343 3901 39 14 that
2397 3904 25 11 we
2440 3904 30 12 cau
2484 3899 70 17 furnish
2569 3904 9 11 a
2594 3899 54 15 better
2662 3896 45 17 ch.ss
2725 3899 17 14 of

1865 3922 73 15 vehicles
1946 3923 94 16 consistent
2049 3924 41 15 with
2098 3925 62 14 honest
2169 3924 46 16 work
2224 3927 17 12 at
2250 3929 9 9 a
2268 3922 73 19 cheaper
2352 3922 36 14 rate
2397 3920 42 16 than
2448 3926 34 15 any
2490 3922 19 15 of
2517 3926 32 11 mir
2557 3918 113 23 competitors.

1870 3938 4 24 ••
1882 3943 37 17 The
1926 3943 63 17 Puhlic
1995 3944 37 17 will
2041 3945 37 16 find
2086 3945 15 16 it
2110 3947 19 14 to
2144 3946 44 14 thou-
2203 3945 95 17 advantage
2315 3943 16 15 to
2348 3941 149 18 ENCOURAGE
2516 3941 78 18 LOCAL
2612 3938 128 23 INDTJSTkY,

1863 3965 54 15 whore
1926 3965 40 21 they
1983 3970 32 11 can
2022 3966 44 16 have
2072 3966 30 16 the
2108 3966 78 20 pleasure
2194 3967 17 15 :.f
2220 3965 57 20 seeing
2290 3963 91 16 first-cliLss
2397 3963 77 16 material
2488 3964 33 15 au'l
2538 3960 124 21 worlcnianship
2678 3961 32 20 put
2726 3962 16 15 in

1883 3986 42 19 closf
1931 3986 50 17 mode
1988 3989 18 14 to
2013 3987 46 16 their
2064 3987 64 16 valued
2134 3988 63 15 orders,

1882 4007 47 18 N,B.
1931 4007 100 17 —Vehicles
2039 4008 18 16 of
2062 4008 25 16 all
2093 4008 112 22 descriptions
2215 4006 82 22 repaired,
2307 4005 78 21 painted,
2396 4007 93 16 renovated
2498 4007 32 16 and
2541 4005 46 16 male
2602 4005 17 15 to
2635 4003 39 16 look
2692 4009 49 10 ec>u°<

1863 4031 16 12 to
1888 4034 44 10 new.

2196 4076 68 30 .jSR,
2286 4075 256 31 Coachbuilder.

2212 4111 136 29 JAMES
2368 4113 132 33 HAXJA,
2521 4109 210 31 Blacksmith

2133 4145 144 20 DEVONI'OKT
2294 4144 72 22 ROAD,
2380 4145 129 20 TAURAGA-

2788 3240 28 19 At
2825 3239 92 28 Nagoya,
2928 3242 20 20 in
2960 3243 72 24 China,
3048 3250 11 12 a
3081 3243 110 26 merchant,

2763 3264 43 21 who
2824 3266 16 19 is
2859 3266 21 20 in
2897 3268 32 19 his
2953 3269 48 19 65th
3015 3276 54 18 year,
3090 3269 37 21 hus
3150 3270 42 25 just

2762 3290 91 21 divorced
2862 3294 32 19 his
2904 3295 49 18 2(!th
2960 3295 47 18 wifo
3016 3295 41 19 and
3073 3295 17 19 is
3101 3295 62 20 about
3172 3299 20 16 to

2762 3324 65 18 marry
2845 3319 34 20 the
2899 3321 54 18 27th.
2981 3321 34 18 He
3042 3321 42 19 had
3102 3322 90 20 resolved

2762 3344 56 19 when
2828 3344 26 20 ho
2864 3351 40 14 was
2913 3353 70 18 young
2990 3347 20 19 to
3017 3353 68 17 marry
3092 3349 24 17 30
3125 3348 66 24 wives,

2762 3370 39 19 and
2810 3370 17 20 is
2836 3371 103 25 delighted
2948 3372 45 19 that
3002 3372 26 19 ho
3038 3373 37 19 has
3091 3380 45 13 now
3146 3374 46 25 only

2766 3396 56 19 thrco
2833 3403 54 14 more
2897 3400 21 17 to
2927 3405 69 18 marry
3005 3401 21 16 to
3033 3399 50 25 keep
3090 3400 31 19 his
3131 3407 51 13 vow.

2787 3438 21 19 It
2817 3438 16 19 is
2848 3439 41 19 said
2900 3440 46 19 that
2962 3440 36 19 the
3085 3441 63 20 Office
3158 3441 34 20 has

2762 3468 90 22 amongst
2872 3466 25 19 its
2926 3466 90 20 archives
3036 3467 34 19 the
3089 3467 103 26 following

2864 3493 15 18 A
2890 3494 101 18 workman
3001 3494 90 24 engaged
3102 3499 19 15 in
3142 3496 40 17 cast-

2762 3515 32 26 ing
2805 3518 59 19 metal
2874 3518 33 19 for
2918 3519 34 18 tlie
2962 3519 100 20 ordnance
3082 3522 22 17 at
3123 3520 58 20 AVool-

2762 3543 48 18 wich
2826 3545 80 18 Arsenal
2921 3545 41 20 lost
2972 3545 31 19 his
3014 3546 85 19 halance
3108 3547 39 18 and
3157 3546 35 19 fell

2762 3568 41 20 into
2822 3577 11 12 a
2852 3572 97 18 cauldron
2961 3572 120 24 containing
3105 3573 23 19 12
3147 3575 45 17 tons

2762 3594 20 20 of
2792 3598 74 17 molten
2878 3598 65 18 metal.
2972 3598 33 19 He
3025 3604 40 13 was
3085 3599 107 19 consumed

2763 3624 19 15 at
2788 3629 54 12 once.
2871 3623 43 20 The
2921 3622 122 22 authorities
3054 3624 81 20 decided
3147 3626 45 18 that

2763 3647 14 19 it
2793 3649 63 19 would
2874 3650 23 19 l)o
2916 3649 130 24 profanation
3066 3652 20 17 to
3106 3657 35 13 use
3156 3652 35 19 the

2763 3675 87 20 innterial
2862 3675 32 20 for
2905 3676 34 19 the
2949 3683 89 18 purpose
3057 3677 33 19 for
3101 3677 62 20 which
3175 3677 17 19 it

2763 3707 37 13 was
2810 3701 102 24 intended,
2928 3703 40 18 and
2979 3702 16 19 it
3007 3709 45 18 was,
3063 3703 129 25 accordingly

2763 3726 73 25 buried,
2854 3728 37 20 and
2903 3728 35 20 the
2958 3728 74 20 service
3048 3735 23 13 or
3090 3729 35 20 the
3142 3729 50 20 dead

2763 3758 37 15 was
2810 3755 47 19 read
2869 3761 52 13 over.

2784 3791 119 19 Hallenstein
2918 3793 60 21 Bros.,
3001 3794 100 20 Clothiers,
3121 3795 71 17 Tailors

2762 3815 36 17 and
2807 3817 99 19 outfitters,
2917 3817 34 16 220
2958 3817 36 17 and
3003 3819 39 17 I>-JS,
3052 3817 64 19 Queen
3125 3817 67 21 .Street,

2762 3836 103 21 Auckland.
2891 3840 38 17 The
2946 3842 48 14 most
3008 3840 77 18 roliable
3101 3841 57 17 house
3173 3841 19 17 in

2762 3860 30 18 the
2802 3863 86 20 province
2899 3862 28 18 for
2935 3863 73 22 variety
3022 3864 38 16 and
3076 3863 54 17 value
3139 3864 19 17 in
3168 3864 24 16 all

2762 3883 132 24 departments.
2919 3885 89 19 Patterns
3016 3886 39 18 and
3062 3886 25 18 all
3102 3886 79 18 informa-

2762 3906 39 19 tion
2817 3908 86 23 supplied
2916 3909 19 18 to
2957 3911 80 20 country
3050 3910 102 17 customers
3169 3916 23 11 on

2762 3930 118 24 application.
2906 3933 31 16 ~Nr
2954 3932 66 23 Jaggs,
3031 3932 42 17 who
3090 3934 102 22 supervises

2762 3953 30 18 the
2807 3955 96 22 Tailoring
2915 3955 125 23 Department
3052 3955 16 17 is
3082 3962 36 11 one
3133 3956 13 17 >l
3161 3956 31 18 the

2762 3978 48 16 most
2830 3977 76 19 reliable
2927 3979 69 17 cutters
3021 3978 20 17 in
3061 3979 33 17 the
3114 3979 78 23 Colony,

2762 4000 140 23 N\Z.Clothing
2908 4002 86 21 Factory,
3001 4001 191 20 Auckland.—Adtt
