2559 4050
662 155 103 29 pression
783 154 45 24 and
845 154 160 32 despondency
1017 152 91 38 already
1119 154 125 30 sufficienly

663 187 157 31 wide-spread,
832 187 44 24 and
889 192 22 19 to
931 188 105 23 threaten
1054 188 37 24 the
1103 187 141 24 commercial

662 220 43 22 and
716 225 119 25 monetary
847 220 76 23 affairs
935 221 25 22 of
979 220 44 23 this
1037 228 54 16 once
1110 227 134 24 prosperous

662 254 141 29 community
814 253 54 23 With
878 253 31 23 all
921 253 41 23 but
972 253 106 30 hopeless
1090 254 58 23 ruin.

696 284 34 24 Of
746 285 37 23 the
804 284 131 31 prevalence
956 286 34 23 of'
997 286 38 23 the
1047 286 87 30 alleged
1150 285 94 24 distress

662 317 61 23 there
747 317 66 24 could
822 325 2 3 '
834 319 27 22 be
882 326 29 16 no
918 324 3 4 '
930 317 84 30 doubt;
1035 319 44 24 and
1091 319 37 23 the
1140 319 104 31 question

685 349 70 24 What
778 351 19 22 is
821 354 22 19 to
862 350 94 24 become
979 351 26 23 of
1029 351 38 24 the
1095 350 151 32 unemployed'

661 383 123 30 emigrants
828 392 43 14 was
891 383 69 32 being
971 383 118 25 discussed
1099 385 23 22 in
1135 384 37 24 the
1184 383 58 23 colo-

661 416 45 23 nial
717 423 90 23 papers,
819 416 41 23 but
872 424 29 16 no
919 417 95 23 feasible
1030 417 153 31 propositions
1200 415 42 24 had

662 449 55 23 been
740 448 85 24 started
840 450 35 22 ior
896 449 38 23 the
951 449 156 24 amelioration
1131 450 26 23 of
1183 449 60 23 their

661 481 105 23 destitute
778 486 67 20 state.
882 482 52 23 One
946 483 26 22 of
989 482 39 23 the
1039 483 75 31 public
1131 481 111 32 journals,

661 514 87 29 indeed,
768 514 123 31 suggested
983 523 42 15 one
1049 523 76 15 means
1148 515 35 23 for
1206 514 37 23 the

662 552 126 26 temporary
799 548 153 30 employment
964 548 24 23 of
998 548 38 23 the
1048 549 15 11 '•
1074 548 116 31 penniless
1200 546 43 24 and

661 581 79 30 pining
758 580 120 31 labouring
995 580 49 24 that
1063 581 36 23 the
1116 580 126 31 Surveyor-

662 613 100 24 General
781 613 82 24 should
880 613 28 24 be
927 613 126 24 instructed
1073 619 22 17 to
1116 613 67 24 mark
1205 618 39 18 out

661 653 62 16 some
746 646 73 23 fertile
838 647 98 22 sections
955 646 26 23 of
1004 646 155 23 Government
1182 646 60 28 land,

661 679 70 30 easily
748 679 125 23 accessible
891 679 29 30 by
936 678 54 24 land
1011 678 44 23 and
1067 683 67 18 water
1146 685 97 24 convey-

660 719 62 21 ance,
737 719 24 16 or
771 712 20 23 if
805 719 60 16 none
876 711 56 23 such
952 710 66 24 could
1037 710 26 23 be
1084 712 77 28 found,
1179 716 21 19 to
1212 712 32 23 fix

661 752 59 22 upon
732 752 64 15 some
814 744 21 23 of
854 744 37 23 the
933 744 38 22 the
990 742 92 25 Church

660 777 44 22 and
713 777 125 30 thereupon
851 781 22 18 to
891 777 73 22 locate
983 776 44 23 five
1043 775 101 24 hundred
1164 784 26 15 or
1209 777 35 23 six

661 809 101 23 hundred
781 809 26 23 of
828 809 38 23 the
885 809 145 30 immigrants
1039 809 23 22 in
1074 808 65 24 small
1152 810 90 29 parties,

659 842 49 23 who
732 841 82 24 should
835 843 28 21 be
885 841 105 31 supplied
1013 841 54 23 with
1095 841 66 29 tools,
1184 842 59 28 seed,

659 876 73 29 grain,
745 874 45 23 and
824 874 61 31 plain
897 874 87 23 rations
993 874 26 23 of
1028 873 56 24 flesh
1096 879 59 18 meat
1164 883 6 20 ;
1205 874 40 24 but

661 907 36 23 the
710 907 51 31 plan
775 915 75 15 seems
857 913 23 17 to
892 907 27 23 be
931 914 29 16 an
972 907 26 23 ill
1008 907 100 31 digested
1129 915 52 21 one,
1202 908 43 23 and

661 940 123 24 calculated
797 940 74 24 rather
885 945 21 18 to
924 940 59 24 form
1002 948 12 15 a
1037 940 90 23 distinct
1147 939 60 32 body
1223 940 23 24 of

688 973 141 24 industrious
849 978 121 26 peasantry
1007 973 52 24 than
1072 978 22 19 to
1107 975 88 22 sustain
1208 974 38 23 the

660 1008 142 22 necessitous
814 1006 96 31 body^of
925 1015 53 15 men
987 1007 31 31 by
1031 1006 37 23 the
1080 1006 51 32 help
1145 1007 24 22 of
1187 1007 58 23 their

661 1048 48 15 own
722 1041 164 30 co-operation,
901 1039 35 23 till
948 1040 54 31 they
1015 1039 65 25 could
1092 1040 66 31 fairly
1171 1046 75 25 merge

662 1074 46 21 into
720 1073 37 22 the
771 1072 114 30 regularly
897 1073 119 29 employed
1026 1073 61 24 rural
1099 1072 94 25 classes.

695 1107 116 30 Amongst
830 1106 38 23 the
887 1106 77 31 public
984 1105 115 32 buildings
1119 1106 26 23 of
1160 1112 51 18 note
1224 1107 22 22 in

663 1139 100 31 Sydney,
777 1140 72 29 ought
868 1145 22 17 to
909 1139 28 22 be
958 1139 145 31 particularly
1114 1138 131 24 mentioned

663 1171 37 24 the
721 1172 111 24 churches
851 1172 43 23 and
916 1172 101 31 chapels.
1053 1171 50 24 The
1125 1172 122 31 Wesleyan

663 1205 137 23 Methodists
814 1213 37 15 are
862 1205 104 31 building
978 1213 13 16 a
1004 1212 48 17 new
1065 1205 78 31 chapel
1155 1205 92 31 capable

663 1238 24 23 of
709 1238 95 31 holding
823 1240 74 26 2,000
916 1246 103 23 persons,
1032 1238 43 24 and
1096 1238 38 24 the
1155 1238 91 24 Roman

664 1271 114 23 Catholics
792 1279 13 15 a
813 1271 129 28 Cathedral,
951 1271 72 23 which
1032 1271 44 24 will
1087 1272 35 23 vie
1134 1272 24 23 in
1171 1272 76 30 splen-

663 1305 55 23 dour
729 1304 45 23 and
786 1304 102 31 pictorial
906 1304 184 24 embellishment
1108 1304 54 24 with
1181 1312 67 23 many

663 1337 86 24 similar
774 1338 111 23 erections
913 1338 24 22 in
969 1337 38 23 the
1038 1337 208 31 Mother-country.

663 1371 50 23 The
726 1378 48 16 new
788 1368 139 33 Legislative
941 1370 97 24 Council
1056 1370 122 24 Chamber-
1189 1371 18 23 is
1219 1379 29 15 an

663 1405 89 29 elegant
764 1403 45 23 and
821 1403 103 31 spacious
936 1403 119 31 building..
1085 1403 37 24 On
1132 1404 39 23 the
1179 1412 69 24 open-

663 1438 39 29 ing
713 1438 25 22 of
753 1438 29 21 its
795 1437 90 30 sittings
898 1437 17 22 it
936 1436 119 31 presented
1067 1445 13 15 a
1091 1442 61 18 most
1162 1438 86 30 impos-

664 1471 39 29 ing
722 1478 148 23 appearance,
891 1469 44 24 and
957 1478 13 14 a
988 1470 79 22 visitor
1089 1470 50 23 who
1158 1470 91 23 strolled

663 1504 62 22 there
746 1504 34 22 for
802 1503 37 23 the
858 1503 48 23 first
927 1503 56 23 time
1003 1502 74 31 might
1094 1503 71 31 easily
1185 1504 64 29 fancy

664 1537 93 23 himself
772 1536 78 23 within
870 1535 38 24 the
927 1535 63 23 walls
1012 1537 23 22 of
1061 1536 35 23 St.
1117 1536 130 31 Stephen's.

663 1570 23 23 A
698 1570 62 22 chair
772 1571 20 21 is
811 1569 106 31 provided
929 1569 35 23 for
1004 1569 46 23 Mr.
1206 1569 43 23 and

664 1603 94 23 another
771 1603 34 23 for
818 1603 36 23 his
866 1601 140 31 Excellency
1019 1603 37 22 the
1068 1602 120 24 Governor
1197 1612 6 19 ;
1215 1603 34 23 al-

665 1636 85 31 though
764 1636 17 23 it
793 1643 44 16 was
851 1644 13 15 a
884 1640 81 19 matter
985 1635 26 23 of
1025 1643 67 23 grave
1113 1635 88 30 debate,
1213 1636 36 23 for

664 1677 63 15 some
746 1670 63 27 tfrae,
830 1669 101 23 whether
950 1676 24 16 or
1000 1673 39 19 not
1057 1668 35 24 his
1110 1668 141 32 Excellency

664 1702 82 24 should
757 1702 29 23 be
797 1702 125 31 privileged
934 1701 54 27 with
1007 1710 14 15 a
1033 1707 47 18 seat
1092 1707 105 25 amongst
1208 1702 38 23 the

849 1735 43 23 and
912 1734 92 24 learned
1219 1735 34 23 Of

665 1769 37 23 the
714 1768 81 24 earlier
807 1770 85 22 notices
905 1768 24 23 of
946 1768 84 23 motion
1049 1775 57 16 were
1119 1773 43 18 two
1175 1768 72 23 which

665 1810 37 16 are
713 1802 35 23 far
760 1806 37 19 too
809 1803 121 30 important
951 1806 22 18 to
995 1801 28 24 be
1043 1801 93 24 omitted
1157 1803 24 21 in
1202 1801 45 24 this

666 1843 92 23 cursory
770 1835 80 31 glance
861 1844 5 19 ;
887 1834 79 24 indeed
989 1834 53 32 they
1052 1834 74 35 might
1138 1834 29 23 be
1180 1835 69 23 bene-

665 1868 83 31 ficially
769 1867 89 25 mooted
878 1868 23 23 iv
920 1867 38 24 ihe
978 1868 92 31 sittings
1089 1868 24 22 of
1124 1868 4 3 '
1138 1875 43 17 our
1201 1875 49 16 own

667 1901 103 24 Council.
791 1901 47 24 Mr.
852 1900 141 24 Wentworth
1005 1908 57 24 gave
1073 1901 74 23 notice
1160 1900 48 24 that
1220 1901 28 23 he

665 1935 81 23 should
758 1942 65 16 move
839 1935 34 23 for
894 1934 64 24 leave
976 1939 23 18 to
1103 1933 25 23 in
1148 1942 13 16 a
1173 1933 41 24 bill
1226 1939 22 18 to

667 1973 93 26 prevent
771 1968 38 23 the
821 1972 68 19 waste
901 1967 45 25 and
957 1967 139 23 destruction
1108 1967 25 23 of
1143 1972 109 26 property,

666 2001 26 23 of
705 2000 91 24 solvent
807 2000 88 24 debtors
908 2000 72 23 under
992 2007 90 24 process
1095 2000 25 22 of
1130 2000 42 23 law
1183 2008 7 20 ;
1203 2000 45 24 and
1256 2003 3 4 '

667 2034 116 30 secondly,
795 2033 35 24 for
840 2033 63 23 leave
917 2038 22 19 to
950 2033 67 31 bring
1025 2034 22 22 in
1059 2041 14 15 a
1084 2033 41 24 bill
1137 2038 23 18 to
1173 2033 78 24 enable

666 2067 37 23 the
715 2067 138 31 proprietors
874 2067 25 22 of
913 2066 70 31 sheep
1006 2072 23 18 to
1041 2067 50 30 give
1103 2074 13 15 a
1128 2066 123 33 preferable

666 2100 46 23 lien
732 2108 28 15 on
781 2100 58 23 their
856 2099 57 32 clips
936 2100 25 23 of
976 2100 56 23 wool
1051 2100 57 23 from
1116 2106 4 4 '
1128 2107 80 16 season
1230 2104 22 19 to

667 2141 81 15 season
757 2142 6 20 ;
784 2141 29 15 an
823 2134 4 21 I
840 2133 95 28 further,
950 2137 21 19 to
993 2134 51 29 give
1064 2132 60 24 valid
1136 2137 115 27 mortgage

667 2167 118 23 securities
804 2174 28 15 on
846 2166 74 28 cattle,
933 2166 78 30 sheep,
1025 2165 43 24 and
1085 2165 89 29 horses,
1188 2166 63 23 with-

668 2205 39 18 out
718 2200 99 30 delivery
830 2200 24 22 of
870 2200 37 22 the
918 2207 64 16 same
995 2205 22 17 to
1030 2199 37 23 the
1080 2205 138 26 mortgagee.

829 2240 92 23 PORT
941 2239 153 25 PHILLIP.

656 2283 2 15 i
702 2274 38 23 On
888 2273 58 23 Port
967 2273 86 31 Phillip
1070 2280 40 16 our
1130 2273 124 24 informant

668 2306 68 24 found
750 2307 50 23 that
811 2306 162 31 bankruptcies
986 2306 45 24 had
1048 2306 69 23 taken
1129 2306 64 31 place
1206 2311 22 19 to
1238 2314 16 16 a

669 2339 81 24 fearful
771 2344 85 24 extent,
869 2339 44 24 and
925 2339 95 23 distress
1038 2347 82 23 among
1131 2339 40 24 the
1188 2339 66 24 lower

668 2373 77 23 orders
757 2381 45 15 was
812 2372 76 31 nearly
898 2381 26 15 as
934 2372 41 24 rife
983 2380 26 15 as
1021 2373 22 26 iq
1055 2372 100 31 Sydney.
1181 2372 74 24 Cattle

668 2407 44 22 and
725 2407 69 30 sheep
807 2414 57 15 were
877 2413 54 23 very
943 2406 50 28 low,
1007 2413 66 23 many
1084 2405 46 25 lots
1143 2407 25 21 of
1183 2406 68 31 sheep

668 2440 68 30 being
748 2440 50 23 sold
811 2439 28 31 by
851 2440 91 22 auction
954 2443 23 19 at
990 2440 35 23 3s.
1037 2433 38 32 9d\
1088 2439 44 23 and
1140 2447 57 15 even
1207 2439 46 23 less

668 2473 91 28 a-head,
782 2473 43 22 and
849 2472 74 23 mixed
949 2472 67 23 herds
1038 2476 23 19 at
1084 2474 52 22 255.
1162 2471 90 25 a-liead.

669 2506 72 23 Grain
756 2514 44 15 was
812 2506 82 23 almost
913 2513 26 15 as
951 2505 43 23 low
1005 2513 26 15 as
1049 2511 23 17 at
1083 2505 65 24 other
1169 2505 82 31 places,

668 2541 35 22 4s.
718 2539 39 24 9d.
771 2547 40 23 per
823 2539 91 23 bushel!
938 2538 68 30 being
1017 2538 38 24 the
1066 2538 93 31 highest
1176 2543 79 27 quota-

670 2574 45 22 tion
725 2581 6 20 ;
751 2573 23 22 in
787 2577 155 26 Consequence
953 2572 25 23 of
989 2572 78 29 which,
1082 2579 66 24 many
1161 2572 94 24 farmers

669 2605 49 24 who
730 2605 46 24 had
794 2606 114 30 ploughed
920 2605 59 24 their
998 2605 53 24 land
1070 2605 42 23 had
1124 2605 43 24 left
1178 2606 17 22 it
1212 2612 44 17 un-

669 2646 70 16 sown.
775 2640 24 22 A
811 2639 85 31 sample
908 2638 26 23 of
952 2638 112 23 chevalier
1081 2638 85 31 barley,
1180 2637 83 32 gr-eiwtf

670 2673 28 30 by
711 2672 102 23 William
832 2672 78 29 Jacob,
929 2671 69 31 Esq.,
1012 2673 25 22 of
1052 2673 45 22 this
1117 2671 101 32 ColoiVy,'
1228 2671 28 24 dn

670 2706 68 30 being
749 2706 76 23 shewn
838 2711 22 18 to
873 2705 89 24 several
971 2705 154 29 connoiseurs,
1139 2713 47 15 was
1201 2713 54 24 .pro-

671 2739 103 23 nounced
787 2744 22 18 to
821 2739 27 23 be
857 2747 54 22 very
921 2739 59 30 good
992 2739 35 23 for
1037 2738 102 31 malting.

704 2772 53 23 The
776 2772 97 23 licensed
891 2773 103 30 graziers
1007 2772 26 23 of
1047 2772 37 23 the
1098 2772 57 23 Port
1173 2772 85 31 Phillip

671 2805 89 23 district
781 2813 38 16 are
841 2805 121 31 possessed
987 2805 25 23 of
1032 2805 67 23 about
1124 2807 134 28 1,600,000

671 2838 76 31 sheep,
757 2838 43 24 and
816 2841 106 25 100,000
931 2838 57 24 head
997 2838 25 23 of
1032 2838 73 30 cattle,
1119 2838 139 31 exclusively

673 2872 24 23 of
715 2872 69 23 about
806 2873 135 28 3,500,000
954 2872 25 23 of
995 2871 69 32 sheep
1077 2871 149 32 depasturing
1235 2872 24 23 in

671 2904 39 24 the
721 2905 65 23 other
805 2905 99 24 districts
925 2905 88 31 beyond
1032 2904 37 23 the
1089 2904 136 25 boundaries
1237 2905 25 23 of

671 2937 108 25 location.

705 2971 34 24 At
759 2971 38 24 the
815 2971 44 24 last
878 2978 90 21 census,
988 2978 50 16 now
1057 2971 107 31 upwards
1176 2971 25 23 of
1216 2976 42 18 two

671 3012 67 22 years
751 3012 51 23 ago,
814 3004 37 23 the
865 3003 132 32 population
1009 3003 98 24 resident
1120 3004 89 31 beyond
1221 3004 38 23 the

674 3036 135 24 boundaries
826 3036 122 24 amounted
965 3036 79 31 nearly
1057 3041 22 19 to
1093 3038 92 28 13,000
1197 3036 62 24 souls

673 3078 25 15 or
709 3070 70 23 about
797 3070 119 23 one-tenth
928 3070 25 23 of
971 3069 40 24 the
1023 3070 55 23 total
1094 3070 133 31 population
1239 3071 24 23 of

675 3103 38 23 the
726 3103 98 30 Colony.

708 3136 51 23 The
776 3140 81 27 export
873 3136 25 23 of
913 3135 58 23 wool
988 3135 45 24 this
1054 3143 52 24 year
1125 3135 59 24 from
1205 3136 56 24 Port

674 3169 86 31 Phillip
774 3169 64 23 alone
850 3169 46 23 will
908 3173 96 19 amount
1011 3174 22 18 to
1045 3170 69 23 about
1125 3170 136 28 4,000,000

673 3203 98 30 pounds,
783 3202 38 24 the
833 3202 66 24 value
911 3202 27 23 of
952 3202 76 24 which
1047 3203 24 23 in
1092 3201 100 25 London
1209 3210 53 24 may

673 3237 27 22 be
713 3236 68 23 taken
796 3240 23 19 at
837 3236 131 28 £250,000
978 3244 7 19 ;
1005 3235 38 25 the
1060 3235 84 24 annual
1162 3237 101 23 increase

672 3270 24 22 in
709 3269 38 23 the
759 3273 81 27 export
851 3269 27 23 of
886 3268 47 24 this
945 3269 80 23 article
1033 3269 20 22 is
1066 3269 69 23 about
1144 3269 118 24 one-third

673 3303 25 24 of
708 3303 39 23 the
760 3302 81 24 whole.

707 3336 51 23 The
777 3340 82 27 export
877 3335 25 23 of
922 3335 45 24 salt
985 3335 54 24 beef
1052 3335 42 24 has
1105 3335 158 29 commenced,

673 3370 44 23 and
727 3370 21 22 is
760 3369 71 32 likely
847 3374 23 18 to
890 3376 71 24 prove
984 3377 14 15 a
1017 3368 104 24 valuable
1143 3376 80 16 source
1241 3369 25 24 of

673 3402 82 24 wealth
768 3407 23 19 to
803 3403 37 23 the
852 3402 100 30 Colony.

706 3436 52 23 The
770 3435 91 31 Sydney
879 3433 95 26 Herald
990 3437 103 22 contains
1114 3442 30 17 an
1167 3440 98 19 account

673 3470 47 23 sale
732 3470 25 22 of
768 3469 104 31 eighteen
884 3468 70 25 casks
963 3470 26 22 of
998 3469 84 29 tallow,
1094 3468 99 32 shipped
1204 3468 59 24 from
1270 3464 2 40 |

674 3502 58 24 Port
750 3503 88 31 Phillip
861 3510 40 24 per
918 3501 74 31 Mary
1014 3501 78 24 hixon
1093 3519 6 11 %
1122 3502 45 23 and
1179 3501 49 24 sold
1240 3502 25 23 in

674 3535 98 24 London
794 3536 30 31 by
847 3536 92 24 Messrs
955 3536 105 28 Walker,
1079 3536 121 28 Brothers,
1220 3535 45 23 and

676 3567 42 24 Co.
765 3568 52 23 The
837 3576 65 23 gross
929 3569 85 31 weight
1042 3576 46 17 was
1116 3571 32 22 91
1174 3573 51 19 cwt.
1251 3571 12 21 1

675 3605 92 26 quarter
777 3601 75 24 191b5.
863 3611 7 19 ;
883 3604 15 22 5
911 3602 70 23 casks
992 3610 57 16 were
1061 3601 51 25 sold
1121 3607 24 18 at
1157 3603 53 22 455.
1223 3601 39 24 9d;

675 3641 40 23 per
728 3638 61 25 cwt.,
802 3636 14 22 5
829 3639 23 19 at
863 3636 54 23 445.
932 3636 50 28 9d.,
995 3638 16 22 5
1024 3640 23 19 at
1059 3637 63 27 445.,
1143 3634 44 24 and
1204 3633 18 26 $
1243 3638 23 20 at

675 3668 54 22 445.
742 3666 41 25 9d.
794 3675 8 20 ;
818 3667 70 32 being
898 3676 31 15 an
941 3677 97 23 average
1050 3668 33 24 for
1097 3668 39 24 the
1153 3668 71 24 whole
1243 3667 25 24 of

675 3700 70 24 about
756 3698 34 34 4|
801 3706 41 24 per
851 3700 32 24 lb.
920 3701 52 24 The
981 3710 70 22 gross
1063 3701 110 33 proceeds
1186 3701 25 23 of
1227 3701 38 23 the

675 3732 73 25 whole
769 3734 31 23 18
823 3732 68 25 casks
901 3736 123 23 amounted
1037 3739 23 19 to
1071 3736 71 23 £161
1158 3736 35 25 7.5.
1205 3734 39 26 7d.
1258 3742 10 21 r

677 3765 37 25 the
735 3766 97 30 charges
854 3767 112 31 complete
986 3768 60 24 from
1067 3768 76 24 wharf
1163 3772 22 19 at
1208 3767 60 25 Port

676 3798 96 33 Phillip,
785 3799 55 24 £33
856 3800 35 23 Is.
906 3801 13 22 1
925 3800 37 23 Id.
972 3809 7 19 ;
998 3801 90 31 leaving
1100 3805 41 20 net
1149 3800 117 33 proceeds,

675 3832 73 24 £128
760 3833 38 23 ss.
812 3831 41 24 9d.

956 3863 37 16 *»>

711 3890 51 24 Tho
771 3890 44 23 last
826 3894 76 26 report
913 3896 24 17 to
955 3891 39 24 the
1006 3892 149 31 Proprietors
1165 3892 24 23 in
1202 3891 64 24 Lon-

677 3922 44 24 don
732 3924 26 23 of
767 3923 38 24 the
818 3922 83 24 Union
911 3923 72 24 Bank
995 3924 25 24 of
1033 3924 138 28 Australia,.
1176 3924 55 24 wilL
1237 3924 34 26 be.

676 3954 70 25 fonnd
767 3956 80 25 below..
885 3956 25 23 It
930 3956 47 24 will
989 3957 28 22 be
1037 3964 54 16 seen
1110 3956 31 31 by
1152 3956 49 25 that
1218 3957 48 24 that

1884 155 38 24 the
1933 155 89 31 subject
2036 155 25 23 of
2079 155 160 28 examination,
2251 161 23 19 at
2285 155 67 28 least,
2364 155 103 23 between

1884 189 38 22 the
1945 188 100 30 Spanish
2067 191 147 27 government
2233 189 43 22 and
2288 188 50 24 that
2348 189 27 21 of
2394 187 75 23 Great

1884 220 96 29 Britain,
1993 227 37 16 we
2041 220 63 24 deem
2116 221 19 22 it
2146 219 59 30 right
2221 223 23 19 to
2255 222 50 28 give
2324 229 13 15 a
2348 227 117 22 summary

1884 255 25 21 of
1924 253 38 23 the
1981 258 97 18 account
2096 252 25 24 of
2136 251 39 25 the
2192 254 137 23 transaction
2346 251 121 26 furnished

1884 291 22 18 to
1918 285 38 24 the
1969 285 121 24 Savannah
2105 283 120 32 Georgian,
2236 284 31 31 by
2278 285 39 24 the
2328 291 140 26 passengers

1884 319 23 22 in
1919 317 38 23 the
1967 317 111 25 schoones
2088 316 146 32 Burlington,
2244 318 89 24 arrived
2345 322 23 19 at
2377 319 92 23 Savan-

1884 350 44 23 nah
1946 350 59 23 from
2026 350 93 28 Givara,
2138 351 24 22 in
2182 350 64 23 Cuba
2256 357 6 16 :
2263 361 34 5 —
2298 350 39 23 On
2348 350 39 24 the
2408 350 61 24 16th
2484 363 4 4 •

1883 383 42 30 day
1941 382 34 23 ~of
1995 382 107 29 OctolreY,
2119 382 116 31 -appeared
2243 382 50 24 ''off
2312 382 43 23 the'
2371 382 98 31 port~of

1885 415 85 23 Givara
1975 422 14 15 a
1998 415 66 22 small
2071 415 71 31 sloop,
2148 415 103 31 showing
2260 415 100 31 English
2368 415 100 28 colours,

1883 448 59 23 from
1951 447 77 23 which
2039 455 14 14 a
2063 448 52 22 boat
2135 453 42 25 put
2188 448 37 29 off,
2237 448 45 24 and
2293 455 64 16 came
2368 448 48 22 into
2429 447 40 23 the

1883 480 115 27 harbour,-
2009 479 86 31 having
2112 487 30 16 on
2159 480 69 24 board
2245 481 77 24 David
2343 478 125 29 Turnbull,

1884 513 67 30 Esq.,
1964 519 44 17 one
2020 512 25 23 of
2054 512 37 23 the
2103 512 77 23 mixed
2191 513 190 24 Commissioners
2393 512 26 23 of
2428 512 41 23 the

1884 545 95 25 African
1999 544 84 29 Board,
2096 544 54 24 with
2168 544 38 24 the
2221 547 114 30 authority
2350 546 59 24 from
2430 544 39 24 the

1884 578 101 31 English
1995 577 156 24 Government
2162 582 22 18 to
2195 578 96 23 demand
2298 579 38 24 the
2347 578 121 25 liberation

1884 612 24 23 of
1918 617 40 18 not
1969 611 56 30 only
2035 610 39 24 the
2085 609 100 32 English
2195 610 81 24 blacks
2285 612 23 23 in
2322 611 45 23 this
2382 615 52 27 part
2446 610 26 24 of

1884 644 37 23 the
1933 643 83 29 island,
2028 643 42 23 but
2081 643 26 22 of
2122 643 32 23 all
2165 643 37 23 the
2215 644 106 23 Africans
2333 643 136 25 introduced

1884 677 62 23 since
1963 677 39 22 the
2020 680 73 25 treaty
2110 676 25 22 of
2155 677 71 23 1821.
2262 677 158 30 Immediately
2439 683 31 15 on

1884 709 101 30 landing,
2005 707 93 24 dressed
2117 709 24 22 in
2162 709 41 22 full
2223 709 105 29 uniform,
2349 710 27 23 he
2396 709 73 24 called

1884 749 62 23 upon
1964 742 40 22 the
2025 741 157 22 commandant
2200 738 25 26 of
2242 742 39 22 the
2291 746 60 26 port,
2364 745 106 28 present-

1884 775 41 29 ing
1936 774 37 22 his
1983 777 115 27 passport,
2110 773 45 23 and
2164 773 99 31 desiring
2274 775 20 21 if
2304 775 28 22 he
2343 773 67 24 could
2416 781 54 23 pro-

1886 806 54 23 ceed
1973 804 156 31 immediately
2157 810 23 18 to
2208 807 85 22 certain
2323 806 148 31 plantations,

1886 838 73 24 which
1969 838 30 24 he
2012 836 89 29 named,
2113 837 55 23 with
2184 846 14 15 a
2216 838 56 23 view
2285 839 25 23 of
2326 838 147 31 prosecuting

1886 872 36 23 his
1940 871 132 28 intentions,
2093 871 85 29 stating
2197 870 49 23 that
2257 871 38 22 his
2312 871 75 24 vessel
2397 871 75 23 would

1886 905 36 30 lay
1934 904 34 24 off
1983 904 40 23 the
2035 903 97 23 harbour
2150 902 82 31 during
2242 904 37 22 his
2289 903 65 24 short
2366 904 105 23 absence.

1887 938 58 23 This
1970 937 40 23 the
2037 936 156 24 commandant
2223 937 120 31 positively
2371 936 101 28 refused,

1887 971 114 30 ordering,
2014 975 23 18 at
2048 970 39 23 the
2099 976 62 16 same
2173 969 59 29 time,
2244 969 38 23 the
2291 969 75 24 vessel
2376 974 23 19 to
2409 975 65 17 enter

1887 1004 38 23 the
1936 1010 59 25 port.
2006 1022 3 5 .
2033 1002 39 24 On
2083 1002 125 32 anchoring
2218 1002 41 23 she
2270 1008 47 17 was
2331 1002 100 24 boarded
2442 1002 32 31 by
2481 1008 2 5 '

1887 1038 38 22 the
1945 1036 143 28 authorities,
2100 1036 44 23 and
2164 1035 69 24 found
2251 1036 99 23 manned
2365 1034 55 24 with
2432 1043 42 15 ne-

1886 1078 67 24 groes
1964 1078 6 16 :
1989 1070 39 23 the
2039 1069 58 31 pilot
2108 1076 26 16 or
2145 1070 88 30 captain
2246 1069 26 22 of
2281 1069 37 23 the
2331 1069 49 23 said
2392 1068 82 29 vessel,

1887 1111 43 15 one
1941 1102 61 24 Tom
2016 1103 80 23 Carter
2114 1102 114 31 byname,
2249 1110 13 15 a
2281 1102 46 23 free
2338 1102 103 28 mulatto,
2461 1109 14 16 a

1887 1135 101 32 Spanish
2001 1135 89 28 outlaw,
2103 1135 45 24 and
2156 1140 139 27 perpetrator
2307 1135 24 24 of
2339 1135 77 31 illegal
2424 1139 52 19 act*

1887 1177 28 16 on
1929 1170 45 22 this
1985 1169 51 23 side
2049 1169 25 23 of
2093 1169 37 23 the
2142 1169 81 27 island,
2236 1168 45 23 and
2293 1168 34 24 for
2344 1169 74 23 whom
2438 1168 38 23 for
2477 1171 4 7 1

1887 1210 69 23 many
1968 1210 67 22 years
2047 1202 39 23 the
2098 1201 101 32 Spanish
2207 1201 134 24 authorities
2348 1201 58 23 have
2414 1200 63 24 been

1889 1243 29 16 on
1930 1236 38 22 the
1988 1234 39 32 gui
2043 1234 58 24 vive.
2145 1234 25 24 A
2185 1234 73 31 guard
2280 1241 47 16 was
2347 1232 80 32 placed
2447 1241 30 15 on.

1887 1268 72 24 board
1969 1272 25 19 to
2006 1272 95 27 prevent
2112 1275 44 22 any
2176 1267 86 23 further
2283 1266 194 24 communication

1890 1301 53 24 with
1956 1302 39 23 the
2003 1301 76 23 shore.
2105 1300 49 23 Mr.
2163 1298 112 25 Turnbull
2288 1299 55 24 then
2357 1298 121 32 requested

1889 1335 138 31 permission
2038 1338 23 18 to
2071 1332 97 32 proceed
2176 1337 22 19 to
2208 1333 38 23 the
2258 1337 59 19 town
2326 1332 26 24 of
2362 1332 114 31 Holguin,

1889 1368 75 23 where
1975 1366 40 25 the
2035 1366 120 23 Governor
2176 1366 25 23 of
2222 1365 38 24 the
2267 1365 99 24 'district
2382 1365 94 29 resides,
2506 1370 3 4 '

1889 1401 103 30 desiring
2001 1405 24 19 at
2035 1399 39 23 the
2094 1406 62 16 same
2175 1399 54 23 time
2251 1399 38 23 the
2306 1399 126 31 protection
2454 1398 26 24 of

1889 1433 40 24 the
1940 1433 142 27 authorities,
2096 1432 44 23 and
2153 1431 99 24 whether
2263 1432 18 23 it
2294 1439 58 16 were
2373 1431 50 24 safe
2442 1431 37 24 for

1889 1467 49 23 him
1962 1471 24 19 to
2008 1474 27 23 go
2054 1465 96 23 without
2170 1472 67 21 arms,
2249 1473 26 15 as
2283 1464 30 24 he
2325 1464 46 24 had
2382 1464 98 31 uothing

1890 1500 43 23 but
1948 1500 38 23 his
2006 1498 81 25 sword.
2135 1498 49 24 The
2205 1498 158 23 commandant
2383 1498 96 23 assured

1891 1533 48 24 him
1958 1533 51 23 that
2031 1532 29 24 be
2071 1542 3 4 -
2083 1531 74 23 would
2178 1532 29 22 be
2229 1531 109 31 perfectly
2357 1531 56 28 safe,
2434 1530 46 24 and

1892 1566 94 25 ordered
1998 1574 15 16 a
2024 1565 103 31 corporal
2138 1564 43 24 and
2192 1569 43 18 two
2248 1572 51 15 men
2309 1568 22 19 to
2340 1572 139 24 accompany

1892 1599 56 30 him,
1961 1599 56 23 with
2028 1599 66 23 strict
2104 1598 138 31 injunctions
2254 1602 40 19 not
2306 1603 23 17 to
2341 1597 65 23 allow
2428 1597 49 24 Mr.

1894 1633 116 24 Turnbull
2032 1636 22 19 to
2077 1636 64 19 enter
2159 1632 47 22 into
2227 1638 44 24 any
2291 1631 136 30 plantation,
2451 1639 28 14 or

1894 1667 166 23 communicate
2072 1664 54 24 with
2138 1671 42 24 any
2192 1671 43 16 one
2248 1672 27 16 on
2287 1664 37 24 his
2335 1668 72 20 route.
2439 1663 41 24 On

1893 1699 135 31 presenting
2035 1711 4 4 •
2048 1697 95 24 himself
2169 1702 22 19 at
2215 1697 38 24 the
2276 1697 147 29 Governor's,
2450 1696 39 24 he'

1895 1740 46 16 was
1953 1732 135 31 recognized
2100 1739 25 17 as
2145 1731 38 23 the
2201 1730 101 31 English
2321 1730 87 24 Consul
2429 1730 51 24 who

1894 1766 46 23 had
1956 1765 85 25 caused
2056 1773 25 15 so
2100 1764 67 23 much
2178 1763 88 24 trouble
2278 1765 24 22 in
2315 1763 131 24 Havannah
2467 1771 14 15 a

1895 1800 64 23 short
1971 1800 56 23 time
2038 1806 51 23 ago,
2101 1797 46 23 and
2161 1798 48 22 who
2229 1797 53 31 only
2300 1797 68 23 saved
2386 1796 37 23 his
2441 1796 40 24 life

1895 1833 31 30 by
1948 1833 74 30 flying
2043 1831 36 24 for
2099 1831 124 31 protection
2246 1838 29 15 on
2297 1829 70 24 board
2391 1829 25 24 of
2442 1829 48 24 the'

1890 1866 107 31 .English
2009 1864 136 33 guard-ship
2158 1864 53 23 here
2217 1871 6 21 ;
2237 1863 45 24 and
2291 1864 24 23 in
2325 1870 157 24 consequence
2489 1876 3 2 -

1896 1899 32 24 of.
1936 1899 107 31 opinions
2054 1898 45 23 and
2110 1902 49 19 acts
2169 1895 121 33 expressed
2302 1897 29 30 by
2343 1897 48 22 him
2404 1900 23 19 to
2443 1896 39 24 the
2491 1902 2 3 '

1893 1932 80 31 injury
1983 1933 38 22 •of
2046 1931 38 23 the
2103 1930 101 31 planters
2227 1930 25 23 of
2266 1949 2 4 .
2277 1929 47 23 this
2342 1928 81 29 island,
2437 1936 45 17 was
2489 1940 4 4 -

1898 1965 95 24 ordered
1991 1971 5 6 1
1996 1973 12 6 -
2014 1964 34 23 off
2057 1963 72 24 *nd—
2129 1962 74 26 fprbid
2214 1966 206 27 to-TBtmrirto''any
2431 1965 60 28 fir?
2498 1965 24 12 ■'•■'

1897 1998 95 28 thereof,
2012 1998 30 29 by
2058 1996 38 24 the
2114 1994 219 32 Captain-General.
2359 2000 6 14 -'
2382 1994 40 24 He
2434 2002 46 17 was

1896 2030 156 31 immediately
2070 2028 101 26 arrested
2190 2028 45 24 and
2255 2027 81 33 placed
2354 2028 72 24 under
2446 2028 38 24 the

1898 2064 149 24 surveillance
2058 2063 24 24 of
2090 2082 3 4 .
2099 2071 14 15 a
2124 2061 82 25 double
2216 2060 79 32 guard,
2307 2069 30 16 no
2352 2069 43 16 one
2414 2061 70 33 being

1898 2097 96 24 allowed
2005 2102 22 19 to
2039 2104 37 17 see
2089 2104 25 16 or
2126 2095 71 32 speak
2209 2099 22 19 to
2243 2095 55 23 him.
2315 2109 2 4 •
2329 2094 88 24 Orders
2425 2102 59 17 were

1897 2131 104 25 likewise
2012 2130 77 24 issued
2101 2134 23 19 to
2136 2129 63 31 place
2215 2127 38 24 the
2265 2135 57 17 crew
2335 2128 45 23 and
2394 2129 91 31 captain

1898 2165 24 23 of
1939 2165 39 23 the
1990 2163 74 25 vessel
2072 2164 24 22 in
2108 2163 39 23 the
2157 2162 52 29 fort,
2221 2161 54 24 with
2296 2161 39 23 the
2354 2168 62 18 same
2435 2169 50 17 res-

1898 2198 118 28 trictions,,
2030 2196 74 25 where
2114 2195 55 31 they
2180 2196 50 23 how
2241 2202 46 16 are.
2304 2205 4 3 ■
2333 2194 49 25 Mr.
2404 2194 80 25 Turn'-
2493 2207 5 5 •
2509 2208 3 4 ■

1898 2231 48 24 bull
1958 2231 45 23 aud
2015 2237 111 25 company
2138 2228 44 24 will
2195 2229 28 23 be
2234 2233 51 18 sent
2295 2236 29 16 on
2335 2227 92 32 shortly,
2432 2228 32 31 by
2472 2236 14 16 a
2496 2231 4 16 :
2522 2243 2 4 •

1898 2264 148 28 steam-boat,
2069 2262 75 25 which
2171 2262 20 23 is
2220 2261 109 31 expected
2351 2266 24 19 at
2398 2261 88 24 Givara
2495 2268 3 11 1
2522 2269 2 3 ■

1898 2299 68 31 daily,
1980 2303 23 18 to
2016 2297 37 24 the
2067 2295 137 29 Havannah,
2218 2299 22 19 to
2260 2295 28 23 be
2306 2294 79 32 placed
2403 2299 25 19 at
2448 2295 38 23 the
2495 2311 5 3 -

1899 2332 102 31 disposal
2008 2330 24 24 of
2042 2330 39 24 the
2091 2327 219 34 Captain-General,
2319 2328 38 23 the
2365 2328 121 25 Governor

1898 2370 40 18 not
1950 2365 70 31 being
2030 2362 140 33 empowered
2177 2366 23 20 to
2211 2367 37 18 act
2260 2362 23 22 in
2295 2361 57 24 such
2364 2369 14 16 a
2389 2369 60 16 case.

1933 2398 60 24 The
2012 2398 100 23 Ladies
2134 2403 30 17 or
2191 2395 90 24 Paris.
2282 2407 35 5 —
2317 2395 52 24 The
2390 2395 98 24 cavalier

1899 2432 67 30 style,
1988 2431 39 24 the
2048 2430 123 24 masculine
2192 2428 155 29 disinvaitura,
2366 2436 38 16 are
2425 2428 63 31 daily

1900 2465 95 31 making
2008 2472 61 16 more
2081 2462 65 33 rapid
2157 2462 81 25 strides
2255 2466 106 27 amongst
2378 2462 39 23 the
2429 2467 60 19 most

1900 2499 90 31 elegant
2002 2497 25 25 of
2037 2497 107 24 Parisian
2156 2495 74 25 ladies.
2236 2504 6 20 ;
2262 2495 71 23 ladies
2345 2495 67 24 affect
2424 2495 63 32 daily

1900 2540 62 15 more
1981 2532 39 23 the
2037 2530 114 25 exercises
2162 2529 26 24 of
2205 2535 52 16 men
2257 2541 32 3 —
2291 2528 84 31 riding,
2387 2528 101 33 fencing,

1900 2565 45 23 and
1955 2564 138 31 swimming,
2106 2570 39 16 are
2157 2562 37 24 the
2206 2566 60 19 most
2275 2561 114 24 favourite
2398 2569 90 17 recrea-
2500 2563 5 4 *

1901 2598 60 24 tions
1973 2598 26 23 of
2016 2597 37 24 the
2065 2597 131 30 elegantes:
2218 2595 21 23 le
2251 2600 64 26 sport
2326 2595 20 22 is
2358 2594 48 24 still
2423 2603 66 18 more
2498 2603 16 15 ).

1900 2633 24 22 in
1935 2640 74 22 vogue
2021 2631 55 23 with
2095 2629 40 25 the
2154 2629 78 28 ladies,
2253 2628 45 23 and
2315 2628 60 24 their
2397 2628 92 24 mouths
2502 2638 5 14 >

1900 2673 38 16 are
1948 2665 44 24 full
2005 2664 24 24 of
2047 2664 145 31 expressions
2201 2685 3 3 .
2213 2661 69 24 taken
2293 2661 59 24 from
2373 2661 39 24 the
2430 2661 59 24 hunt

1900 2699 45 23 and
1964 2698 39 24 the
2016 2697 53 24 turf.
2106 2696 76 24 These
2197 2695 77 23 habits
2291 2694 59 24 have
2361 2694 129 25 influenced

1901 2732 91 24 fashion
2009 2732 26 23 in
2054 2731 74 24 dresa.
2175 2729 52 24 The
2249 2729 64 30 gigot
2330 2728 88 23 sleeves
2418 2741 33 5 —
2453 2732 36 21 too

1901 2766 110 23 feminine
2019 2764 44 24 and
2073 2769 37 18 too
2121 2762 159 25 inconvenient
2280 2774 33 4 —
2313 2762 58 24 have
2383 2762 59 24 been
2453 2762 38 24 the

1901 2800 54 23 first
1964 2798 101 24 victims.
2067 2810 34 4 —
2101 2795 56 26 You
2166 2803 55 23 very
2230 2795 128 31 commonly
2371 2800 68 24 meet,
2452 2800 40 20 out

1903 2833 107 30 hunting,
2023 2833 25 22 in
2060 2840 14 15 a
2084 2831 66 31 rainy
2162 2829 51 32 day,
2225 2836 28 16 an
2265 2829 105 30 elegante
2381 2829 112 24 buttoned

1903 2875 31 22 up
1957 2866 24 23 in
2006 2865 40 24 her
2070 2863 157 29 Mackintosh,
2245 2862 81 28 .which
2347 2863 42 23 her
2411 2870 80 24 groom

1904 2899 101 31 brought
2016 2897 104 25 fastened
2130 2896 73 25 round
2221 2896 37 24 his
2268 2897 74 23 waist.
2379 2896 60 24 This
2449 2896 45 25 last

1905 2933 90 23 fashion
2007 2939 46 16 was
2074 2930 99 32 brought
2190 2931 23 22 in
2230 2929 31 31 by
2274 2930 38 25 the
2333 2929 114 24 Countess
2465 2929 28 25 de

1906 2966 20 24 L
1997 2974 37 15 am
2043 2974 6 19 ;
2061 2965 44 23 but
2117 2963 120 30 smocking
2248 2963 20 23 is
2280 2962 48 24 still
2341 2970 72 16 more.
2416 2967 77 20 extra-

1905 3000 115 30 ordinary,
2033 2998 45 24 and
2087 2997 46 24 still
2150 3004 61 17 more
2223 2995 125 33 prevalent.
2383 2995 56 25 You
2446 2996 48 24 find

1905 3033 80 28 ladies,
2003 3040 13 16 a
2025 3031 62 25 word
2097 3031 60 24 from
2168 3030 75 24 whose
2263 3029 66 23 small
2340 3028 58 32 ruby
2411 3029 46 32 lips
2474 3030 20 23 is

1905 3066 39 24 the
1955 3070 102 27 greatest
2068 3064 24 24 of
2103 3064 99 29 favours,
2215 3062 93 25 dressed
2319 3062 56 25 with
2385 3062 38 24 the
2435 3067 60 19 most

1906 3100 98 31 equisite
2025 3098 107 32 elegance
2155 3097 44 23 and
2224 3092 128 33 recherche,
2376 3094 119 33 perfumed

1906 3133 60 24 from
1983 3131 60 25 head
2053 3136 24 19 to
2093 3130 50 25 foot
2159 3130 54 24 with
2232 3129 38 24 the
2290 3134 74 19 rarest
2380 3136 113 22 essences,

1907 3165 109 32 smoking
2027 3165 24 23 in
2064 3172 68 24 every
2138 3163 73 30 node,
2224 3163 58 23 from
2292 3170 14 17 a
2314 3162 40 31 big
2366 3161 129 25 Havaunah

1907 3200 64 32 cigar
1982 3205 25 19 to
2018 3206 30 17 an
2066 3198 95 24 oriental
2173 3196 108 28 chibouk,
2295 3195 53 24 with
2361 3203 13 16 a
2385 3199 60 20 stem
2460 3195 36 25 six

1906 3233 47 24 feet
1969 3233 64 31 long.
2070 3231 51 25 The
2138 3230 79 31 highly
2229 3228 139 25 aristocratic
2381 3228 114 25 Countess

1907 3266 29 24 de
1948 3266 25 24 G
2025 3278 24 16 -,
2062 3264 65 25 when
2148 3264 39 24 she
2199 3270 45 16 was
2264 3267 39 25 yet
2314 3261 54 32 only
2380 3261 76 25 Mdle.
2469 3261 26 25 de

1907 3299 25 25 V
2002 3317 7 14 ,
2030 3306 46 16 was
2096 3297 100 25 satisfied
2216 3294 54 25 with
2294 3294 96 33 offering
2411 3299 23 19 to
2456 3295 40 26 her
2510 3319 2 5 ,

1908 3334 100 30 evening
2020 3333 92 22 visitors
2124 3330 65 24 small
2202 3327 130 32 cigarreßos
2343 3329 113 31 prepared
2467 3329 29 32 by

1909 3367 41 24 her
1969 3365 75 32 lovely
2054 3365 94 30 fingers.
2184 3362 48 24 But
2251 3368 51 16 now
2314 3362 96 31 nothing
2432 3363 40 23 but
2483 3371 14 17 a

1910 3400 101 24 chibouk
2021 3398 46 24 will
2079 3397 37 24 do.
2151 3395 46 31 J^ct
2208 3395 41 23 ha*
2260 3393 90 35 already
2359 3395 66 25 made
2437 3396 63 25 itself

1910 3433 111 31 ancillary
2032 3436 23 19 to
2075 3430 45 24 this
2133 3436 47 17 new
2194 3432 58 20 ta6te
2262 3435 7 21 ;
2292 3435 43 17 one
2347 3428 25 25 of
2388 3429 39 24 the
2439 3434 59 20 raoit

1911 3466 113 33 exquisite
2046 3462 92 27 articles
2154 3462 25 24 of
2197 3462 59 23 virtu
2279 3461 69 32 lately
2366 3463 66 24 made
2455 3463 19 24 is
2486 3471 13 16 a

1912 3498 141 34 spirit-lamp
2065 3501 22 19 to
2098 3495 60 32 light
2167 3495 37 23 the
2217 3495 75 32 cigars
2304 3495 25 23 of
2345 3496 38 24 the
2394 3496 104 30 boudoir,

1912 3532 138 25 Sometimes
2061 3530 18 26 it
2090 3533 128 29 represents
2230 3536 14 15 a
2255 3527 82 26 demon
2347 3538 7 20 ;
2368 3530 132 25 sometimes

1912 3574 12 14 a
1936 3565 85 30 dragon
2034 3571 25 15 or
2077 3570 13 15 a
2102 3560 151 31 salamander,
2263 3561 126 34 launching
2400 3567 42 21 out
2453 3569 46 19 tor-

1911 3603 63 19 rente
1988 3597 25 24 of
2020 3590 207 34 flkiae.~L6ndQn
2237 3592 115 36 Morning
2360 3596 84 25 Post...
2458 3615 3 8 ,

1945 3630 25 25 A
1981 3630 195 24 Grammatical
2187 3628 195 26 Discovery.—
2383 3629 30 25 ln
2423 3637 43 15 one
2477 3628 26 24 of

1912 3664 39 24 the
1970 3656 112 41 principal
2101 3662 96 33 schools,
2209 3663 25 23 in
2255 3662 146 32 Edinburgh,
2424 3670 14 16 a
2458 3661 41 24 few

1912 3693 78 29 weeks
2001 3703 51 24 ago,
2065 3703 24 16 ass
2101 3695 40 25 the
2159 3700 85 20 master
2262 3704 46 16 was
2320 3695 134 30 examining
2464 3694 36 24 his

1912 3730 78 32 pupils
2003 3734 28 19 on
2052 3729 39 24 the
2103 3729 74 33 plural
2197 3729 26 24 of
2237 3737 83 21 nouns,
2340 3729 57 24 after
2415 3728 85 31 haviog

1912 3761 85 34 passed
2014 3762 58 30 dice,
2094 3763 69 29 teeth,
2175 3770 76 26 geese,
2265 3762 43 24 and
2329 3767 70 25 many
2415 3760 85 32 others,

1913 3797 28 24 he
1954 3795 73 25 asked
2045 3804 50 21 one,
2108 3797 73 24 whom
2201 3796 28 23 he
2248 3795 45 25 had
2313 3798 40 20 not
2371 3794 131 32 previously

1913 3829 142 33 questioned,
2077 3829 61 28 what
2154 3837 47 17 was
2219 3828 39 24 the
2275 3826 77 33 plural
2371 3826 24 25 of
2416 3834 85 25 penny.

1914 3863 52 24 The
1978 3863 53 31 boy,
2044 3863 54 24 with
2110 3867 65 27 great
2185 3861 111 29 coolness,
2309 3860 45 25 and
2368 3861 135 31 apparently

1914 3897 88 25 certain
2013 3896 26 24 of
2048 3897 68 31 being
2128 3899 93 24 correct,
2233 3892 95 33 replied,
2336 3894 7 11 *
2352 3892 150 36 Twopence!*

1914 3930 52 23 The
1987 3929 104 34 laughter
2117 3929 47 24 that
2191 3927 124 25 succeeded
2333 3934 52 25 may
2406 3927 52 25 well

554 63 96 47 &t)t
675 65 117 41 Nrta
821 65 211 41 Zealand
1056 56 190 56 m&tttt
1271 55 95 50 fttifr
1388 65 303 49 mcUtugton
1715 65 255 49 Spectator.

1272 152 38 23 the
1323 153 126 31 Managers
1461 156 25 23 of
1501 156 47 24 this
1559 155 142 30 Institution,
1714 163 57 16 were
1784 156 72 24 better

1272 187 141 29 acquainted,
1417 188 52 23 with
1491 188 38 23 the
1540 189 104 23 financial
1657 194 58 17 state
1726 189 43 22 and
1788 196 66 22 pros-

1271 219 95 29 pects'of
1373 216 126 32 Australia,
1507 222 53 22 than
1571 222 38 22 the
1619 226 72 25 report
1701 221 26 23 of
1738 221 36 23 the
1784 221 19 23 B
1809 220 49 24 ank

1264 250 33 23 'of
1304 250 152 32 Australasia,
1469 254 84 30 proved
1574 254 39 23 the
1625 254 123 30 Managers
1769 253 25 23 of
1808 254 50 22 that

1272 282 135 28 Institution
1419 290 22 18 to
1454 286 28 23 be
1492 294 6 16 :—:
1501 298 32 5 —
1665 304 3 4 .

1304 316 90 24 Union
1407 317 77 25 Bank
1503 326 30 16 of
1553 319 157 24 Australia.
1713 329 33 5 —
1747 317 50 24 The
1811 326 44 15 an-

1270 349 53 22 nual
1335 350 100 31 meeting
1447 352 25 22 of
1487 352 37 23 the
1536 352 137 31 proprietors
1686 350 24 23 of
1723 350 44 23 this
1781 350 72 23 Com-

1270 389 60 24 pany
1341 389 45 17 was
1391 382 59 25 'held
1508 384 131 29 Thursday,
1651 383 58 24 Juue
1722 384 38 26 22,
1774 387 23 18 at
1817 383 38 23 the

1270 413 83 30 offices,
1363 416 40 28 38,
1413 416 46 24 Old
1467 416 166 25 Broad-street.
1660 415 65 31 Capt.
1738 415 116 29 Mangles,

1270 446 76 30 R.N.,
1359 455 45 16 was
1416 449 23 23 in
1459 449 38 23 the
1519 449 81 27 Chair..
1632 448 75 24 There
1729 455 44 15 was
1785 456 12 14 a
1809 448 46 22 full

1270 480 133 24 attendance
1410 505 4 5 ,
1416 481 24 24 of
1456 481 167 24 shareholders.
1653 502 5 5 ,

1303 512 50 24 The
1366 513 120 32 Secretary
1500 514 83 31 having
1604 513 53 23 read
1677 513 38 23 the
1727 512 124 24 advertise-

1271 550 61 18 ment
1343 547 126 30 convening
1480 547 39 23 the
1531 547 107 29 meeting,
1651 545 43 25 laid
1708 543 37 26 the
1763 545 87 24 follow-

1270 578 39 30 ing
1320 578 90 31 Report
1421 580 77 23 before
1511 580 37 23 the
1562 579 143 31 Proprietors
1720 588 5 15 :—:
1729 591 31 5 —

1524 626 109 18 REPORT.

1331 650 50 24 The
1393 651 119 24 Directors
1533 653 56 22 have
1603 657 64 25 great
1678 651 140 24 satisfaction
1829 653 25 23 in

1272 684 120 30 reporting,
1406 690 24 17 at
1440 684 46 24 this
1508 685 37 23 ihe
1562 684 49 24 fifth
1624 685 82 23 annual
1719 685 99 29 meeting
1829 685 27 23 of

1272 716 36 24 the
1328 718 146 29 proprietors,
1494 717 38 23 the
1552 717 79 30 steady
1651 724 104 24 progress
1774 716 25 24 of
1814 717 39 23 the

1273 749 77 24 Union
1362 749 69 24 Bank
1451 750 26 23 of
1492 750 125 28 Australia,
1630 750 43 23 and
1685 750 30 23 its
1734 749 122 24 continued

1274 789 100 16 success.

1364 814 73 23 would
1449 815 58 23 have
1527 815 73 23 added
1620 819 23 19 to
1655 815 45 22 this
1713 815 142 22 satisfaction'

1272 848 18 23 if
1305 847 38 24 the
1364 847 110 24 directors
1493 855 59 16 were
1570 846 94 25 enabled
1682 851 24 19 to
1726 854 130 20 announce,

1273 880 51 24 with
1345 879 139 30 confidence,
1506 880 49 24 that
1575 887 45 23 any
1632 887 52 23 very
1696 879 93 24 decided
1809 881 45 21 im-

1273 918 131 27 provement
1414 913 45 24 had
1472 921 25 15 as
1509 917 38 27 yet
1567 912 70 25 taken
1656 912 64 31 place
1732 913 23 22 in
1769 912 36 24 the
1816 920 43 23 ge-

1273 947 61 23 neral
1355 947 108 23 interests
1491 947 25 23 of
1540 946 38 24 the
1598 945 133 25 Australian
1750 945 107 28 colonies,

1273 979 106 31 although
1392 980 19 23 it
1422 978 66 26 could
1499 984 41 19 not
1550 980 57 23 have
1619 978 56 24 been
1686 978 109 32 expected
1807 978 53 23 that

1273 1013 37 23 the
1328 1013 78 23 effects
1425 1014 26 23 of
1465 1013 57 23 such
1543 1020 14 16 a
1576 1012 77 31 period
1674 1012 25 23 of
1715 1011 143 24 commercial

1273 1046 102 29 distress,
1397 1054 26 15 as
1439 1047 18 23 it
1479 1053 45 16 was
1545 1046 59 23 their
1623 1046 54 30 duty
1698 1050 23 19 to
1741 1046 73 23 notice
1835 1045 25 23 in

1272 1079 83 23 former
1366 1084 97 26 reports,
1476 1079 83 24 should
1580 1086 24 16 so
1624 1086 55 16 soon
1699 1078 58 24 have
1775 1078 85 31 passed

1273 1119 70 24 away.
1380 1112 52 24 The
1444 1112 116 29 directors,
1574 1112 109 28 however,
1696 1111 29 24 do
1745 1116 40 19 not
1795 1111 63 24 nesi-

1274 1149 45 19 tate
1332 1150 23 20 to
1368 1153 41 23 say
1423 1145 49 24 that
1486 1145 38 24 the
1531 1145 106 25 business
1644 1150 23 18 at
1674 1145 81 23 almost
1762 1144 28 24 all
1801 1144 59 24 their

1273 1178 112 26 branches
1409 1183 104 27 presents
1533 1184 80 25 strong
1623 1178 134 24 indications
1776 1177 25 24 of
1815 1178 45 23 im-

1273 1217 141 26 provement.
1451 1212 80 24 Trade
1540 1211 42 24 has
1594 1212 91 23 become
1697 1210 119 24 restricted
1828 1215 31 24 to,

1273 1245 97 32 perhaps
1381 1245 37 23 for
1437 1253 15 15 a
1470 1247 63 27 time,
1545 1245 45 23 less
1611 1245 54 23 than
1684 1245 30 22 its
1735 1244 126 31 legitimate

1274 1278 95 29 bounds,
1392 1278 59 24 from
1472 1279 38 23 the
1531 1279 98 28 caution,
1648 1278 148 27 moderation,
1817 1276 44 24 and

1275 1319 104 23 economy
1396 1319 50 15 now
1467 1319 55 23 very
1533 1311 116 31 generally
1660 1310 95 31 adopted
1776 1310 30 30 by
1823 1309 38 24 the

1275 1345 108 23 colonists
1394 1354 6 19 ;
1421 1345 45 23 and
1477 1352 57 23 your
1545 1344 118 24 Directors
1674 1342 136 31 confidently
1820 1350 41 16 ex-

1275 1384 51 26 pect
1337 1378 49 23 that
1399 1378 76 23 future
1487 1378 104 29 industry
1604 1377 45 24 and
1664 1377 131 30 enterprise,
1808 1375 54 23 thus

1276 1411 124 30 regulated,
1414 1410 45 24 will
1471 1418 56 16 soon
1538 1410 51 23 lead
1606 1414 22 18 to
1647 1417 61 15 more
1728 1412 135 27 permanent

1276 1445 136 32 prosperity.

1336 1478 93 30 During
1449 1478 39 22 the
1517 1481 52 27 past
1590 1484 54 23 year
1672 1483 13 15 a
1707 1474 86 25 branch
1816 1474 43 24 has

1275 1512 60 22 been
1357 1510 88 32 opened
1462 1515 24 18 at
1504 1509 112 31 Geelong,
1637 1509 43 23 and
1695 1507 80 32 placed
1787 1508 73 23 under

1277 1544 38 24 the
1333 1547 161 27 management
1512 1543 25 23 of
1564 1543 98 30 Mervyn
1684 1542 83 27 Mann,
1791 1540 70 32 Esq.,

1277 1578 45 23 late
1334 1581 136 20 accountant
1487 1581 23 18 at
1527 1576 40 23 the
1586 1576 147 23 Launceston
1754 1574 93 24 Branch
1856 1583 7 20 ;

1277 1610 43 24 and
1334 1610 38 24 the
1381 1610 130 31 operations
1524 1609 71 29 there,
1608 1610 62 23 since
1681 1608 31 23 its
1722 1615 142 16 commence-

1278 1648 70 24 ment,
1358 1643 51 24 lead
1421 1648 23 19 to
1457 1643 38 23 the
1504 1643 143 31 expectation
1657 1641 50 24 that
1713 1641 38 23 the
1759 1641 106 23 business

1278 1677 25 23 of
1318 1678 37 22 the
1367 1677 86 23 branch
1466 1676 46 24 will
1523 1677 28 23 be
1561 1674 162 32 satisfactorily
1745 1674 44 24 and
1809 1681 54 24 pro-

1278 1711 90 23 fitable.

1414 1743 120 24 Directors
1555 1747 84 19 cannot
1661 1742 55 23 omit
1743 1740 124 31 recording

1279 1777 58 24 their
1345 1777 61 31 high
1414 1777 93 30 opinion
1520 1776 25 24 of
1560 1777 39 23 the
1611 1775 56 28 zeal,
1679 1774 121 32 prudence,
1820 1773 46 25 and

1267 1808 144 33 .judgement
1423 1809 134 25 manifested
1569 1810 29 30 by
1612 1809 38 23 the
1663 1809 111 31 inspector
1792 1807 75 24 in-the

1271 1844 150 31 .supervision
1434 1844 25 23 of
1475 1843 38 24 the
1533 1843 90 23 Bank's
1640 1841 84 29 affairs,
1747 1842 22 22 in
1792 1840 75 24 which

1277 1870 83 38 Kshas
1372 1877 57 23 been
1442 1876 52 31 ably
1506 1876 124 31 supported
1642 1874 42 24 and
1704 1874 110 24 seconded
1834 1874 36 30 by

1279 1911 38 22 the
1329 1910 255 31 respective-managers
1597 1909 43 23 and
1651 1908 59 24 local
1719 1908 119 23 directors.

1337 1947 51 25 The
1410 1947 120 24 Directors
1552 1954 50 18 now
1623 1946 94 32 proceed
1735 1949 23 20 to
1773 1945 95 34 ;submrt

1273 1981 65 26 Hheir
1347 1981 200 24 usUar*statetaent
1559 1980 25 24 of
1599 1977 119 30 account's,"
1727 1976 46 25 ~tlie
1794 1977 74 24 result

1280 2015 25 23 of
1312 2022 26 16 -jW
1341 2012 54 28 lnch
1406 2014 92 24 enables
1512 2014 61 24 them
1585 2018 22 18 to
1626 2012 87 24 declare
1733 2019 13 15 a
1762 2010 108 24 dividend

1280 2048 26 23 of
1319 2048 44 23 five
1374 2055 42 24 per
1428 2052 59 19 cent,
1500 2048 36 23 for
1548 2047 37 24 the
1604 2046 120 30 half-year,
1746 2052 61 24 upon
1828 2044 40 23 the

1270 2092 3 3 ■
1281 2082 70 22 entire
1364 2081 52 33 paid
1425 2088 31 23 up
1469 2080 83 33 capital
1561 2081 26 23 of
1604 2080 36 23 the
1652 2079 70 28 bank,
1738 2083 21 18 to
1771 2078 28 23 be
1809 2084 59 25 pay-

1282 2114 49 24 able
1341 2115 24 22 in
1378 2114 97 23 London
1494 2122 30 15 on
1545 2113 38 24 the
1602 2113 42 23 sth
1660 2112 61 30 July,
1741 2111 44 24 and
1794 2111 24 23 in
1830 2110 39 24 ihe

1282 2147 99 27 colonies,
1406 2156 26 14 as
1451 2154 57 16 soon
1528 2154 24 16 as
1570 2147 37 23 the
1627 2147 113 30 inspector
1758 2144 58 24 shall
1827 2144 40 28 fix,

1282 2181 57 24 after
1347 2182 86 30 receipt
1445 2181 25 24 of
1486 2181 86 23 adv-ice.

1264 3771 2 19 t
1294 3763 49 23 Not
1361 3762 106 26 included
1467 3762 3 14 1
1477 3764 34 24 in'
1515 3764 71 24 above
1605 3764 94 25 balance
1717 3762 25 24 of
1760 3761 124 24 undivided

1264 3817 1 2 .
1295 3795 76 30 profit,
1383 3796 44 24 and
1438 3796 55 25 held
1503 3798 25 23 in
1540 3797 100 24 addition
1788 3799 4 5 '

1636 3825 63 34 ;•-£
1721 3832 3 3 ■

1319 3856 125 29 •'Seizure
1470 3870 31 17 oy
1527 3863 56 24 Mr.
1602 3862 152 24 Turnbtjm.
1757 3872 33 5 —
1792 3859 36 25 As
1846 3858 38 26 the

1264 3905 2 5 ■
1295 3894 71 25 insult
1377 3899 31 23 to,
1421 3895 45 24 and
1477 3896 89 23 seizure
1579 3894 26 25 of
1614 3894 48 25 Mr.
1674 3891 123 31 Turnbull,
1809 3893 30 32 by
1847 3892 37 25 the

1264 3931 2 24 \
1269 3946 4 9 :
1294 3927 137 27 authorities:
1442 3927 25 24 of
1477 3926 177 31 Cuba/noticed
1654 3927 40 24 'Ift'
1706 3934 43 16 our
1762 3925 122 26 American

1264 3962 2 18 t
1296 3969 69 21 news,
1376 3965 72 25 must,
1460 3960 26 25 in
1504 3968 63 17 some
1580 3954 78 36 shape'
1665 3967 26 16 or
1710 3959 72 29 other,
1795 3960 89 30 become

68 173 11 16 a
89 164 26 23 fat
125 156 94 26 weather
228 155 37 23 for
276 154 39 24 the
334 154 101 27 butcher,
447 154 52 29 (the
512 154 123 23 Colonist's

68 197 57 26 being
146 188 79 31 wholly
245 186 127 32 dependent
392 192 59 24 upon
473 184 39 24 the
531 186 104 30 adjacent

68 227 125 26 settlements
212 220 24 23 of
252 220 57 23 Port
327 218 94 31 Phillip,
443 217 95 32 Gipps's
559 218 74 31 Land,

68 256 95 30 Portland
181 254 57 28 Bay,
252 253 52 28 &c,
316 251 42 24 for'
363 251 58 24 their
432 251 100 24 choicest
545 253 89 23 market

67 288 107 35 supplies*)
183 286 43 24 and
233 286 39 23 the
279 285 102 31 quantity
390 284 24 24 of
419 284 57 24 wool
483 284 43 24 had
534 286 99 31 scarcely

68 319 134 37 experienced
212 326 44 23 any
263 319 102 21 increase
376 317 82 31 during
470 317 39 24 the
513 322 52 27 past
570 326 61 23 year.

67 359 30 25 No
113 357 63 23 fewer
192 351 54 24 than
264 351 52 22 nine
336 351 87 23 vessels
440 357 57 17 were
517 351 116 25 chartered

67 395 27 23 for
109 389 34 24 the
162 390 141 24 conveyance
320 383 26 23 of
359 383 33 23 fat
409 383 67 24 stock
496 383 58 24 from
577 385 56 23 Port

67 422 72 30 Phillip
150 425 22 18 to
188 416 91 25 Hobart
291 416 79 29 Town,
386 417 44 23 aud
442 416 145 25 instructions
600 418 33 23 for

68 459 30 24 the
108 455 81 23 charter
198 449 24 24 of
231 449 88 23 several
331 449 75 24 others
424 449 46 23 had
480 449 57 24 been
549 456 49 18 sent
609 455 23 19 to

68 489 128 27 Melbourne.
231 482 53 23 The
294 483 73 30 prices
376 483 95 23 realised
481 483 29 30 by
520 483 38 23 the
570 484 62 31 ship-

68 526 60 23 ments
139 519 23 22 of
170 516 69 30 sheep
251 516 85 30 ranged
350 516 57 23 from
418 516 36 26 7s.
469 520 21 18 to
506 517 50 23 13s.
570 517 61 28 each,

68 564 21 17 an
92 555 11 24 d
111 553 30 24 fat
151 550 66 24 cattle
228 549 38 25 £7
278 554 23 17 to
313 549 37 24 £8
363 551 35 22 Bs.

161 608 77 25 NEW
256 608 119 25 SOUTH
392 608 132 25 WALES,

94 645 90 32 Sydney,
197 645 38 20 the
247 645 131 27 metropolis
397 645 26 20 of
438 645 38 20 the
495 645 136 20 Australian

68 678 97 28 Colonies,
176 676 24 22 in
212 675 59 30 spite
285 675 24 23 of
324 675 30 22 its
366 676 32 21 50
406 674 73 31 years'
492 676 139 29 experience,

48 711 2 12 1
68 717 15 21 is
93 714 18 23 in
119 719 12 15 a
145 712 58 21 state
222 708 26 23 of
262 707 106 24 financial
386 707 190 24 embarrasrnents
591 715 40 15 ex-

68 745 77 28 ceeding
155 742 24 22 in
192 741 83 31 degree
287 748 25 15 as
324 740 48 23 well
384 747 26 16 as
430 744 78 19 extent
522 740 111 31 anything

69 774 130 36 experienced
218 775 24 22 in
262 772 73 25 South
359 772 119 24 Australia
494 771 83 32 during
595 773 36 23 the

69 815 46 22 ,nost
132 808 132 23 disastrous
287 804 77 32 period
383 805 25 22 of
423 806 29 21 its
471 804 96 31 history,
588 805 42 24 and

70 851 48 19 more
138 846 76 18 severe
236 838 56 24 than
314 837 50 23 that
385 837 72 24 under
480 837 73 23 which
576 837 56 24 Port

69 876 69 29 Phillip
149 872 43 25 and
203 871 53 24 Van
268 871 118 24 Diemen's
398 870 66 25 Land
482 877 38 17 are
539 875 24 18 at
581 879 50 23 pre-

70 914 39 21 sent
118 906 112 29 suffering.
273 904 71 23 From
364 904 116 29 February
503 905 43 26 Ist,
562 905 69 28 1842,

69 950 18 17 to
96 940 58 32 April
165 938 66 28 29th,
246 938 73 27 1843,
329 937 80 23 failure
422 942 22 18 to
456 937 38 23 the
507 942 92 18 amount
610 937 25 22 of

70 972 136 32 £1,754,977
230 973 36 21 ss.
292 970 64 29 lid.,
380 970 55 23 took
456 968 64 33 place
543 971 24 22 in
595 970 38 24 the

69 1006 67 27 settled
147 1004 98 25 districts
263 1003 24 23 of
303 1003 57 23 New
379 1003 72 23 South
475 1003 84 28 Wales,
580 1002 52 31 (ex-

70 1041 70 24 clusive
151 1039 23 23 of
190 1038 56 22 Port
264 1035 106 32 Phillip,)
390 1036 44 24 and
450 1038 56 21 from
520 1037 49 22 that
580 1038 53 21 time

69 1081 18 18 to
97 1074 32 23 the
139 1075 88 29 present
239 1069 38 23 the
297 1071 56 22 ratio
373 1070 25 23 of
420 1069 91 24 failures
533 1070 41 23 has
595 1074 38 19 not

69 1109 46 22 been
127 1113 26 15 on
164 1104 37 23 the
213 1103 105 23 decrease
329 1111 7 20 ;
357 1111 41 15 nor
416 1109 57 17 were
487 1103 37 23 the
536 1104 97 22 remain-

69 1142 31 29 ing
109 1137 122 26 merchants
243 1140 91 26 exempt
345 1135 57 24 from
410 1137 115 29 suspicion
534 1144 7 21 ;
555 1135 79 24 indeed

69 1182 34 15 one
109 1171 22 25 of
140 1171 36 23 the
186 1170 84 29 largest
282 1168 69 30 firms,
366 1169 72 23 which
450 1171 18 21 it
478 1176 46 16 was
530 1169 104 30 reported

69 1206 35 24 had
120 1203 123 31 suspended
260 1206 126 27 payments,
407 1210 45 14 was
472 1202 53 30 only
539 1202 54 23 -able
611 1206 23 19 to

69 1238 48 24 ward
134 1237 31 23 off
180 1236 37 23 the
237 1235 130 23 threatened
386 1235 58 23 blow
466 1235 30 30 by
507 1239 127 27 temporary

70 1273 107 22 assistance
200 1273 22 19 to
240 1276 14 16 a
277 1268 153 24 considerable
452 1273 101 19 amount.
599 1267 35 24 As

69 1304 61 32 might
147 1302 110 30 naturally
276 1302 28 23 be
334 1302 108 30 expected
472 1302 36 23 the
532 1301 37 23 old
591 1301 43 24 and

69 1340 79 22 ruinous
159 1339 85 27 system
256 1335 26 23 of
296 1334 54 31 long
358 1335 72 23 credit
440 1335 20 23 is
476 1335 82 23 almost
578 1335 57 23 done

69 1378 52 23 away
137 1369 59 28 with,
210 1368 29 23 all
260 1368 148 23 transactions
421 1368 69 31 being
501 1368 133 31 principally

68 1404 50 23 cash.

96 1436 140 25 Auctioneers
247 1442 37 16 are
297 1434 37 24 the
343 1434 52 31 only
408 1434 100 31 thriving
524 1435 109 23 members

69 1471 20 23 of
102 1470 33 23 the
146 1469 136 30 community
295 1473 23 18 at
330 1473 99 26 present,
447 1476 26 15 as
492 1468 63 23 there
575 1468 20 22 is
607 1475 28 15 no

69 1504 74 30 private
150 1501 88 24 market
244 1501 36 23 for
289 1508 43 23 any
343 1501 135 31 description
487 1501 24 24 of
520 1506 113 27 property;

71 1544 44 15 even
127 1535 61 28 wool,
206 1534 37 24 the
264 1534 73 31 staple
357 1535 135 30 commodity
510 1535 19 23 is
550 1534 85 30 greatly

70 1568 128 32 depreciated
208 1568 23 23 iv
243 1568 70 30 price,
325 1567 44 24 and
380 1567 53 24 land
453 1567 46 24 and
517 1567 64 24 stock
598 1575 38 15 are

72 1601 73 31 merely
156 1606 23 18 at
191 1609 14 15 a
216 1600 98 24 nominal
334 1599 72 25 value.
451 1600 111 31 Building
581 1601 16 22 it
618 1600 19 22 is

71 1641 41 18 true
132 1636 17 22 is
170 1635 70 30 going
258 1641 29 16 on
305 1639 22 17 to
346 1641 62 16 some
421 1638 84 24 extent;
518 1634 41 23 but
570 1641 65 22 many

71 1669 59 30 shops
147 1676 37 15 are
203 1671 84 27 empty,
303 1667 44 23 and
369 1667 155 23 considerable
545 1667 92 23 distress

69 1702 60 22 exists
141 1705 104 27 amongst
256 1700 38 23 the
306 1699 128 24 mechanics
447 1700 44 24 and
504 1701 132 30 operatives,

69 1734 96 31 although
177 1733 125 31 shepherds
319 1733 42 23 and
382 1733 88 23 others-
477 1733 117 32 -employed
614 1734 22 22 in

68 1767 52 24 rural
141 1766 133 32 occupation
290 1766 27 23 do
341 1771 38 18 not
400 1767 131 31 participate
555 1767 91 26 in.'ltße-'-

67 1801 80 29 general
160 1800 94 23 distress
266 1808 24 14 so
300 1799 67 23 much
379 1807 25 15 as
417 1799 83 25 others.

96 1833 22 23 A
134 1838 64 26 great
219 1833 77 31 public
320 1833 99 30 meeting
437 1833 24 23 of
480 1833 37 23 the
537 1833 101 30 working

69 1866 74 24 classes
161 1867 25 22 of
203 1864 100 32 Sydney,
322 1873 45 15 was
386 1865 51 24 held
458 1874 29 15 on
506 1866 38 23 the
564 1866 40 25 7th
616 1867 22 23 of

69 1899 88 31 August,
176 1899 34 23 for
231 1899 39 23 the
289 1906 95 24 purpose
404 1899 25 22 of
445 1899 81 31 taking
544 1900 22 21 in
584 1905 53 17 con-

69 1932 110 24 sideration
193 1932 36 23 the
250 1932 51 22 best
318 1939 77 16 means
407 1932 27 22 of
447 1932 117 30 obtaining
576 1932 65 24 relief

69 1965 28 23 for
108 1965 35 24 the
151 1964 100 25 dreadful
259 1964 92 23 distress
361 1964 23 23 of
395 1965 38 23 the
441 1965 103 31 working
555 1965 82 24 classes

67 1998 113 29 generally,
193 1998 41 22 but
246 1998 118 30 especially
374 1998 64 23 those
447 1998 26 23 of
481 1998 37 23 the
528 1999 111 30 emigrant

69 2030 51 23 class
132 2031 54 28 who,
201 2030 53 23 with
271 2031 58 22 their
340 2031 67 23 wives
426 2031 44 23 and
480 2031 97 24 families
594 2031 44 24 had

68 2064 48 23 been
134 2064 96 23 induced
250 2064 70 23 under
332 2063 56 24 false
409 2066 188 29 representations
616 2069 22 18 to

68 2097 98 30 emigrate
184 2102 22 18 to
218 2097 39 25 the
268 2096 61 24 elder
342 2096 111 31 Colony.*
487 2098 68 23 After
573 2097 65 24 much

70 2128 114 25 discussion
205 2130 43 23 and
261 2138 14 15 a
285 2134 78 26 strong
374 2135 50 18 vote
437 2131 25 23 of
471 2139 95 15 censure
577 2139 61 22 upon

68 2161 32 25 the
106 2163 149 31 immigration
264 2167 77 26 agents
350 2163 24 23 of
380 2163 72 24 Great
459 2164 97 28 Britain,
565 2164 74 23 whom

67 2203 36 16 one
115 2196 22 23 of
147 2196 37 23 the
196 2196 108 32 speakers
316 2196 130 24 considered
456 2205 24 15 as
487 2196 42 25 .the
544 2198 96 23 Murat's

69 2229 19 23 &
100 2229 168 32 Uobespierre's
278 2229 24 23 of
310 2229 48 23 that
367 2235 103 26 country,
482 2231 116 24 fna'srauch
604 2238 34 22 as,

68 2262 98 32 although
186 2262 52 32 they
252 2262 55 24 used
327 2262 87 25 neither
433 2263 37 24 the
483 2271 41 16 axe
544 2272 39 16 nor
602 2264 38 24 the

68 2294 63 30 knife,
149 2296 53 31 they
218 2304 58 15 were
296 2295 38 24 the
350 2303 78 16 means
445 2297 26 23 of
486 2297 75 31 luring
578 2297 62 31 large

68 2329 99 23 numbers
179 2329 26 23 of
220 2329 58 24 their
289 2328 245 32 fellow-countrymen,,
544 2330 29 31 by
586 2331 54 23 false

68 2363 191 29 representations,
283 2367 23 18 to
325 2363 49 30 quit
401 2363 37 23 the
465 2363 53 24 land
539 2364 24 22 of
583 2363 57 24 their

67 2393 61 29 birth,
145 2396 24 23 in
181 2395 66 24 order
269 2400 22 19 to
308 2395 52 24 take
379 2396 77 30 refuge
475 2397 22 23 in
516 2405 14 15 a
547 2401 93 27 country

68 2428 65 23 where
144 2429 97 30 nothing
253 2428 41 24 but
303 2428 92 24 distress
408 2429 92 24 awaited
513 2431 68 23 them.
617 2430 24 24 It

68 2468 39 15 was
127 2462 126 30 ultimately
276 2462 101 23 resolved
405 2462 49 23 that
477 2471 13 15 a
511 2464 129 30 deputation

68 2494 72 24 should
152 2496 51 22 wait
215 2502 62 25 upon
285 2495 35 23 his
334 2495 134 32 Excellency
477 2496 36 24 the
523 2497 117 23 Governor

68 2531 19 18 to
97 2527 78 24 induce
184 2528 47 23 him
243 2533 24 19 at
276 2535 55 16 once
338 2534 22 17 to
369 2528 116 25 withdraw
496 2528 37 25 the
541 2531 99 22 convicts

67 2559 48 24 both
125 2562 57 22 from
195 2562 75 31 public
282 2561 43 23 and
336 2562 86 31 private
435 2563 74 23 works
518 2572 6 20 ;
539 2563 50 28 and,
603 2563 37 23 the

67 2593 96 32 majority
174 2595 25 22 of
209 2595 60 23 them
283 2596 66 30 being
360 2595 72 31 single
446 2604 50 15 men
508 2596 44 24 and
560 2596 81 31 chiefly

68 2628 133 23 accustomed
212 2633 23 18 to
249 2628 36 24 the
297 2628 66 28 bush,
374 2633 21 18 to
406 2629 57 23 send
470 2629 62 24 them
544 2630 46 23 into
604 2630 37 22 the

68 2659 85 26 interior
162 2661 73 24 where
246 2661 79 24 labour
335 2669 44 15 was
388 2662 70 31 really
468 2662 68 24 much
546 2663 94 29 wanted,

67 2691 82 34 leaving
166 2695 23 22 in
202 2694 38 24 the
252 2699 59 19 town
323 2695 37 23 the
377 2695 132 32 immigrant
526 2696 115 24 labourers
647 2685 2 34 !

67 2725 43 23 who
136 2734 57 17 were
220 2729 135 30 principally
382 2730 98 22 married
508 2737 51 16 men
588 2730 54 23 with

68 2758 95 31 families,
185 2762 43 22 and
247 2762 57 27 who,
323 2762 74 31 owing
417 2767 21 18 to
461 2762 57 24 their
539 2763 103 23 incumß-

68 2798 78 24 rances,
160 2802 24 15 as
196 2795 53 31 they
260 2803 58 15 were
328 2795 81 30 styled,
421 2803 57 16 were
488 2796 34 23 for
534 2795 37 24 the
583 2801 60 18 most

68 2830 51 24 part,
131 2828 80 24 unable
224 2833 23 18 to
259 2835 94 24 procure
365 2836 14 14 a
388 2828 122 24 livelihood
524 2830 21 22 in
558 2829 36 23 the
607 2829 35 23 in-

68 2857 46 25 land
124 2860 99 25 districts
235 2861 26 23 of
270 2861 37 23 the
319 2865 102 27 country.

99 2892 68 32 Many
179 2895 65 30 ships
256 2902 38 15 are
304 2894 46 23 laid
362 2901 30 24 up
401 2895 24 22 in
435 2894 106 30 harbour,
550 2896 42 22 and
601 2903 42 15 one

69 2925 65 24 vessel
145 2927 38 24 the
195 2927 113 30 Chelydra
319 2935 44 15 was
383 2927 117 24 chartered
511 2929 66 22 home
590 2929 54 23 with

64 2958 54 23 •wool
129 2963 25 20 at
163 2960 47 23 less
219 2960 56 24 than
286 2959 63 24 three
351 2959 126 32 farthings
492 2969 43 22 per
548 2962 78 29 pound
635 2971 8 18 ;

69 2991 37 23 and
117 2992 18 23 it
146 3001 46 15 was
204 2998 40 19 not
255 2993 139 31 improbable
405 2993 51 23 that
466 2993 38 24 the
518 2993 127 24 Strathisla

69 3025 66 24 would
146 3026 29 23 be
185 3031 53 18 sent
250 3030 22 19 to
283 3026 75 23 South
367 3026 118 23 Australia
497 3026 35 24 for
544 3026 36 25 the
589 3028 56 22 wool

69 3064 74 18 season
163 3059 32 28 by
217 3059 39 23 the
277 3059 90 24 brother
390 3059 25 23 of
436 3067 41 16 our
499 3059 79 24 liberal
601 3061 43 22 and

69 3092 89 29 spirited
169 3092 104 24 Colonist
285 3092 47 25 Mr.
346 3092 30 24 £.
390 3092 117 25 Solomon.

98 3123 49 25 The
158 3130 101 26 greatest
271 3125 91 32 anxiety
374 3133 45 16 was
431 3125 42 25 felt
485 3130 103 27 amongst
607 3126 38 24 the

68 3158 123 23 merchants
212 3167 30 16 on
261 3163 94 20 account
365 3159 27 24 of
409 3158 37 25 the
462 3160 74 31 prices
548 3160 97 23 realized

69 3194 20 18 at
99 3190 36 24 the
145 3191 46 24 last
202 3191 57 25 wool
277 3191 67 30 sales,
357 3192 37 24 the
412 3193 92 30 general
517 3200 94 24 average
623 3193 25 24 of

69 3223 34 24 the
115 3224 32 24 H.
160 3224 50 25 Me.
223 3226 33 23 A.
269 3225 42 24 and
325 3226 21 23 I.
359 3226 50 24 Me.
423 3227 31 23 A.
467 3224 69 33 being
548 3227 52 30 only
609 3228 35 22 Is.

69 3256 34 24 7d.
116 3264 40 24 per
166 3257 43 29 lb.,
221 3258 72 24 which
311 3259 20 24 is
344 3267 13 15 a
373 3260 146 23 tremendous
531 3259 39 25 fall
582 3268 63 16 com-

67 3290 66 28 pared
144 3289 54 24 with
209 3292 127 31 previously
346 3292 104 25 obtained
461 3294 83 31 prices.
563 3293 82 24 Added

61 3325 28 19 .to
94 3322 46 23 this
149 3322 39 23 the
198 3324 90 31 gloomy
300 3331 105 18 accounts
417 3322 73 28 which
496 3326 45 24 had
550 3327 95 24 reached

68 3354 35 24 the
115 3355 89 31 Colony
216 3356 57 24 from
292 3357 37 24 the
346 3359 183 32 manufacturing
544 3360 100 24 districts

68 3387 21 24 in
107 3388 116 31 England,
235 3390 80 22 served
332 3391 41 23 but
384 3396 23 18 to
427 3399 108 24 augment
556 3393 37 24 the
605 3394 39 23 de-

93 3449 13 12 •
122 3445 66 25 Some
196 3449 53 21 idea
259 3456 51 20 may
323 3450 27 21 be
365 3451 85 22 formed
466 3452 25 21 of
505 3453 37 22 the
558 3454 87 22 distress

69 3475 112 26 prevalent
189 3475 24 23 in
223 3475 38 22 the
278 3477 128 21 Australian
422 3478 102 23 Colonies
540 3480 62 22 when
613 3488 32 15 we

69 3505 53 18 state
137 3502 50 23 that
195 3505 25 19 at
236 3502 53 22 Port
298 3502 80 29 Phillip
395 3504 85 22 several
489 3512 87 19 persons
588 3507 56 27 who,

69 3527 53 23 from
130 3529 39 22 the
178 3536 102 20 pressure
292 3529 26 21 of
329 3529 36 22 the
376 3530 71 27 times,
457 3531 47 22 find
515 3532 17 21 it
548 3532 98 29 impossi-

69 3553 34 23 ble
117 3558 22 19 to
156 3555 77 23 obtain
248 3562 14 16 a
282 3555 123 23 livelihood
418 3557 35 22 for
470 3558 58 22 their
546 3558 99 29 families,

70 3579 52 24 have
133 3582 140 22 determined
288 3589 65 23 upon,
361 3583 95 28 starting
470 3584 35 21 for
515 3585 36 22 the
566 3586 81 22 islands

70 3607 20 21 in
108 3609 36 22 the
165 3609 81 22 Straits
265 3616 29 15 on
311 3616 14 15 a
343 3609 85 28 sealing
447 3611 131 27 expedition.
616 3613 32 22 At

72 3633 135 25 Launceston
217 3643 15 15 a
241 3642 60 20 man,
313 3635 49 23 who
371 3636 41 22 has
421 3637 57 21 been
487 3638 67 21 about
567 3642 81 25 twenty

70 3660 39 23 five
127 3670 64 19 years
209 3663 24 21 in
252 3662 37 22 the
308 3663 92 28 Colony,
420 3663 44 22 and
482 3665 113 26 possessed
611 3666 36 22 the

71 3687 129 30 indulgence
214 3689 27 22 of
252 3696 14 15 a
280 3689 176 23 ticket-of-leave
471 3690 33 22 for
517 3699 59 15 some
587 3692 60 26 time,

71 3715 83 26 applied
162 3719 24 19 to
196 3716 39 22 the
245 3715 74 23 Police
336 3717 132 27 Magistrate
480 3722 23 16 to
518 3724 74 16 return
600 3719 47 23 him

72 3745 20 17 to
106 3741 37 23 the
159 3743 164 26 Government,
333 3743 134 27 voluntarily
483 3745 78 27 giving
574 3753 31 19 up
614 3746 34 22 bis

72 3767 77 24 ticket..
169 3769 48 23 The
228 3769 118 29 applicant,
358 3770 49 22 who
417 3771 18 21 is
445 3771 28 27 by
482 3771 62 22 trade
554 3779 13 14 a
576 3772 71 28 tailor,

72 3794 96 27 assigned
182 3796 35 23 his
232 3796 103 29 inability
350 3800 24 19 to
387 3804 93 21 procure
494 3798 61 21 work
570 3805 25 15 as
611 3798 37 23 the

72 3826 60 17 cause
146 3823 26 22 of
189 3824 38 21 the
246 3823 169 28 extraordinary
433 3825 139 27 proceeding.
601 3826 47 22 The

72 3847 126 28 application
209 3850 67 23 could
284 3855 40 17 not
334 3851 27 21 be
370 3851 101 22 refused:
487 3851 29 22 he
525 3852 123 23 wasthere-

72 3873 43 22 fore
129 3877 105 22 returned
243 3880 22 19 to
281 3878 39 21 the
330 3878 84 21 service
423 3877 27 22 of
457 3879 37 20 the
508 3885 80 16 crown.
617 3880 31 21 At

73 3899 82 30 Sydney
165 3903 18 21 it
191 3903 19 22 is
219 3904 49 23 said
278 3904 47 22 that
330 3910 38 15 one
377 3905 97 21 hundred
482 3905 113 24 labourers
604 3905 44 23 had

73 3926 52 22 been
148 3929 92 28 making
259 3931 107 28 inquiries
389 3932 67 22 about
478 3939 14 14 a
514 3940 93 20 passage
626 3936 22 19 to

75 3954 128 26 Valparaiso.
217 3959 86 13 -.--•>■■

1302 2224 22 14 v:
1368 2235 2 3 .
1464 2229 3 3 ■
1553 2220 20 22 £

1282 2250 45 22 Net
1365 2251 68 19 assets
1461 2252 23 17 to

1309 2277 60 21 June
1381 2275 33 26 17,
1429 2276 60 24 1.843,

1283 2303 99 26 Paid-up
1412 2301 80 29 capital

1309 2327 23 25 in
1340 2328 133 24 London...
1482 2343 5 5 .
1505 2328 89 26 629J815

1283 2358 63 21 Ditto
1381 2355 55 23 ditto

1311 2383 103 23 Colonies
1507 2382 89 25 176,315

1604 2226 17 14 a.

1623 2331 3 17 I

1624 2386 2 13 i

1617 2236 4 4 .
1650 2227 4 11 <

1623 2330 13 20 0

1624 2383 14 19 0

1650 2220 19 21 d.
1753 2220 19 20 £
1799 2225 17 13 *.

1696 2272 89 24 983,768
1800 2273 26 21 10

1663 2332 13 19 0

1664 2383 13 19 0

1845 2220 23 18 d.

1856 2273 12 20 9

1509 2437 91 25 806,130
1626 2437 14 20 0
1666 2437 14 18 0
1704 2456 4 5 ,
1837 2454 3 6 ,
1882 2432 2 23 I

1285 2463 129 23 Undivided
1426 2463 66 28 profit

1311 2494 23 19 at
1344 2491 148 21 Midsummer

1310 2519 61 25 1842,
1525 2517 73 25 64,101
1616 2517 25 21 13
1656 2516 22 20 11

1285 2545 45 22 Net
1361 2544 66 27 profit
1457 2544 35 22 for
1567 2564 3 3 .
1750 2563 4 3 .

1311 2574 50 25 past
1382 2578 60 20 year,
1469 2578 24 14 as
1707 2589 4 8 4
1722 2584 15 12 ..,

1312 2604 39 22 per
1374 2600 122 19 statement
1524 2597 76 26 84,465
1629 2599 12 19 0
1668 2597 14 20 6
1883 2614 1 3 .

1285 2625 98 22 Reserve
1402 2624 57 22 fund
1474 2639 6 7 .
1487 2639 5 6 .
1523 2625 77 25 29,063
1616 2624 26 20 16
1668 2623 13 20 5
1882 2619 2 16 '

1498 2663 18 4 _
1702 2649 88 28 983,768
1806 2649 26 21 10
1860 2649 13 20 Q

1345 2698 136 15 STATEMENT
1496 2698 27 14 OF
1539 2698 94 14 PROFITS
1648 2697 26 14 OF
1690 2694 44 18 THE
1750 2695 68 15 BANK.

1287 2724 102 23 Amount
1405 2723 26 22 of
1443 2721 125 24 undivided
1575 2721 76 29 pvofits
1661 2724 22 18 at

1310 2750 69 27 June,
1391 2751 54 22 1842
1714 2748 77 26 63,109
1807 2748 24 20 13
1849 2748 21 20 11

1286 2778 33 21 To
1327 2777 73 22 which
1417 2778 18 20 is
1445 2784 50 15 now
1617 2785 3 8 >

1315 2804 54 22 tobe
1378 2803 71 23 added
1457 2804 38 25 the

1314 2831 77 28 profits
1410 2830 26 22 of
1457 2831 37 22 the

1313 2861 50 28 past
1372 2864 59 21 year,
1440 2858 55 23 end-

1314 2892 40 20 ing
1360 2889 22 18 at
1388 2886 36 20 the
1429 2884 72 23 bran-
1513 2886 3 3 '
1571 2893 4 3 •
1617 2890 4 4 •
1649 2891 3 3 •

1315 2912 51 22 ches
1382 2913 24 20 21
1410 2915 21 18 8t
1450 2912 46 21 De-

1314 2939 97 23 cember,
1435 2940 59 24 1842,

1315 2965 44 22 and
1367 2969 24 19 at
1398 2965 98 22 tlieLon-

1316 2992 43 21 don
1366 2992 70 26 office,
1445 2991 51 23 17th

1316 3020 66 25 June,
1435 3020 59 24 1843,

1315 3046 58 21 after
1405 3045 92 22 deduct-

1315 3072 40 27 ing
1362 3075 88 19 current
1458 3079 39 15 ex-

1315 3106 87 21 penses,
1450 3099 44 22 and

1316 3126 92 27 making
1422 3126 75 24 allow-

1317 3159 56 15 ance
1396 3153 36 21 for
1454 3152 44 22 bad

1318 3179 44 22 and
1396 3179 103 23 doubtful

1318 3206 80 22 debts.
1529 3206 78 26 93,850
1633 3207 15 20 0
1674 3207 15 20 6

1291 3233 91 22 Deduct
1386 3234 73 21 MOth
1465 3234 34 22 for
1838 3239 4 11 :

1318 3260 103 24 reserved
1441 3260 56 22 fund
1532 3270 3 7 •
1543 3260 65 26 9,385
1635 3261 14 20 0
1675 3261 15 20 0

1722 3312 75 26 84,465
1825 3313 14 20 0
1866 3312 14 21 6

1709 3366 90 26 148,574
1814 3366 28 21 14
1866 3366 14 21 5

1293 3393 89 24 Deduct
1392 3394 107 23 dividend
1758 3404 3 6 >
1779 3408 2 4 ■

1318 3420 54 28 paid
1393 3423 31 20 at.
1439 3421 62 23 Mid-

1319 3454 104 20 summer,
1445 3447 54 24 1842
1532 3448 78 26 37,000
1636 3449 14 20 0
1677 3449 15 19 0

1294 3474 62 22 Ditto
1369 3474 3 9 '
1384 3474 62 28 ditto,
1479 3479 24 18 at

1320 3501 121 22 Christmas
1445 3503 55 21 1842
1534 3503 78 25 41,000
1638 3503 14 19 0
1678 3503 14 19 0

1723 3528 77 27 78,000
1827 3528 14 21 0
1868 3528 15 19 0

1294 3580 97 23 Balance
1402 3582 26 22 of
1432 3582 122 22 undivided
1565 3582 66 29 profit
1640 3596 33 7 ...
1725 3581 77 27 70,574
1807 3580 3 3 '
1817 3581 27 21 14
1869 3580 14 21 5

1374 3622 143 22 STATEMENT,
1525 3624 28 15 Or
1572 3623 101 16 RESERVE
1690 3622 110 16 ACCOUNT.

1294 3649 32 23 At
1334 3648 69 27 June,
1414 3651 61 26 1842,
1486 3658 25 15 as
1522 3658 41 20 per
1572 3653 120 20 statement
1706 3667 2 7 ,
1725 3649 77 27 19,678
1817 3649 27 21 16
1869 3648 15 21 4

1295 3672 51 26 Add
1357 3679 22 18 to
1390 3676 68 27 June,
1470 3677 61 27 1843,
1543 3684 24 15 as
1577 3677 71 24 above
1666 3691 6 6 .
1681 3691 5 7 .
1738 3676 62 27 9,385
1829 3676 15 20 0
1869 3676 15 19 0

1704 3729 96 26 £29,063
1816 3729 27 20 16

1869 3727 18 22 4'
