3398 4367
328 529 2302 20 THE

328 549 1227 6 OXFORD
1760 549 1637 6 OBSERVER

328 555 1534 5 CIRCULATING
2002 555 1395 5 THROUGHOUT

328 560 959 5 NORTH
1479 560 1918 5 CANTERBURY

1648 629 225 32 Established
1911 632 89 31 1889,

53 832 144 31 Yolumn
227 824 57 32 IX.
326 818 101 34 NEW
452 811 155 37 SERIES.

1184 799 110 32 EAST
1337 799 186 38 OXFORD,
1567 799 247 41 SATURDAY,
1857 803 204 33 JANUARY
2102 808 40 30 22
2186 808 91 32 1898.

2927 818 143 32 Price—
3070 818 88 32 ONE
3178 815 159 35 PENNY.

2473 949 211 64 JOHN
2740 955 86 77 j-l.
2888 956 299 68 eOOKE,

2471 1047 116 47 THE
2620 1050 275 52 PEOPLE'S
2924 1054 269 56 €HEHIST,

2383 1144 118 34 178
2566 1148 231 35 Cashel
2843 1150 230 45 Street,
3139 1154 134 34 XBO.

2615 1219 165 42 )Opposite
2793 1221 53 32 the
2859 1224 42 30 A.
2924 1223 43 40 I.)

2430 1283 692 51 CHRISTCHTJRO
3139 1294 82 42 H.

2363 1447 105 31 Allow
2488 1459 51 20 me
2560 1454 34 25 to
2616 1451 117 30 submit
2752 1454 34 27 to
2800 1463 81 29 your
2895 1454 226 32 consideration
3137 1456 54 31 the
3206 1456 162 41 following

2281 1496 204 41 Specialities,
2508 1500 44 30 all
2573 1501 33 30 of
2627 1501 104 31 which
2750 1503 96 40 being
2868 1515 53 29 roy
2935 1516 70 20 own
3020 1508 245 40 compounding,
3278 1508 19 30 I
3312 1517 57 21 can

2282 1549 193 41 confidently
2495 1553 205 37 recommend,
2721 1553 120 42 having
2855 1557 210 40 successfully
3095 1560 77 29 used
3202 1559 86 31 them
3319 1559 48 31 for

2283 1609 83 22 some
2387 1611 111 30 years:
2499 1619 43 5 —

2418 1655 13 20 I
2446 1662 36 15 am
2497 1657 147 27 exceedingly
2657 1659 125 21 successful
2794 1660 26 20 m
2835 1667 39 20 my
2882 1662 111 21 rfemedies
3003 1662 36 21 for
3054 1663 66 21 these
3130 1664 142 25 complaints,
3285 1666 60 19 have
3357 1672 17 15 a

2392 1692 65 26 large
2466 1693 98 22 number
2577 1694 25 20 of
2614 1694 160 23 testimonials.

2286 1736 87 27 NEW
2391 1737 154 28 REMEDY
2563 1738 73 28 FOR
2653 1739 107 28 LIVER
2770 1741 240 30 COMPLAINTS
3331 1755 43 18 •:-

2421 1774 56 22 This
2486 1775 43 22 has
2538 1776 59 21 been
2606 1778 53 20 well
2666 1778 78 21 tested
2752 1779 47 21 and
2808 1781 86 26 proved
2903 1781 83 28 highly
2995 1783 153 27 satisfactory.

2285 1817 168 28 GOLDEN
2476 1820 125 29 CROSS
2624 1823 240 29 NEURALGIA
2881 1827 185 28 MIXTURE
3080 1837 27 17 :-

2395 1864 37 27 By
2441 1865 75 21 which
2529 1866 41 21 the
2579 1868 54 26 pain
2642 1868 22 21 is
2673 1869 76 26 cured,
2759 1876 52 16 ease
2820 1871 115 26 obtained,
2950 1873 31 28 by
2990 1879 15 15 a
3013 1873 45 22 few
3067 1873 72 23 doses.

2284 1911 173 27 Bronchitis
2468 1913 62 24 and
2540 1913 129 25 Asthma
2679 1923 6 16 :
2687 1929 34 3 —

2396 1955 113 23 Relieved
2524 1957 47 21 and
2584 1957 93 28 rapidly
2690 1958 71 22 cured
2773 1958 33 28 by
2819 1965 40 21 my
2871 1960 88 21 Acacia
2973 1965 111 16 mixture.

2285 1997 224 28 CHILDREN'S
2524 2000 206 30 WHOOPING
2744 2003 167 28 COUGH-

2397 2037 46 20 For
2450 2036 74 22 which
2540 2037 14 21 I
2563 2037 59 22 have
2634 2039 47 21 the-
2690 2040 52 21 best
2754 2040 99 22 mixture
2866 2042 26 21 m
2906 2042 169 26 Christchurch,
3089 2043 64 27 gives
3163 2044 85 28 speedy
3261 2046 74 22 relief.

2287 2082 202 35 DIARRHCEA
2502 2079 77 33 AND
2605 2085 229 31 DYSENTERY
2867 2095 3 28 j
2886 2089 30 27 m
2935 2091 118 27 Infants
3069 2092 59 27 and
3143 2092 114 29 Adults
3262 2106 28 7 -

2420 2122 12 20 I
2446 2128 44 15 can
2502 2123 55 27 give
2570 2129 15 14 a
2598 2123 49 21 safe
2660 2124 47 21 and
2721 2126 84 26 speedy
2819 2133 54 15 cure
2885 2128 33 27 by
2932 2135 15 14 a
2961 2129 44 20 few
3019 2129 72 21 doses.

2286 2166 78 25 Sore
2381 2167 102 27 Heads
2499 2170 26 24 &
2542 2171 108 31 Legs-

2395 2205 76 21 Cured
2479 2206 32 27 by
2521 2212 31 15 an
2560 2208 120 26 agreeable
2689 2209 48 21 and
2744 2210 106 27 pleasant
2863 2212 148 28 application,
3025 2215 49 22 also
3083 2216 98 24 relieves
3190 2219 63 26 pain.

2288 2253 191 27 Influenza—
2602 2255 62 8 ■---■■
2674 2254 60 10 —■...-
2804 2261 2 2 .
2817 2259 101 16 ...^-^
2924 2262 79 6 ._._.,
3137 2265 27 5 _
3176 2265 55 7 _.__,
3241 2263 13 9 v,
3267 2265 13 7 ..
3290 2271 2 1 ,
3306 2269 21 3 ....

2395 2292 74 23 Cured
2477 2294 37 21 for
2522 2296 32 20 2s.
2568 2295 37 22 6d.
2615 2296 124 23 Hundreds
2753 2305 43 15 can
2809 2298 83 29 testify
2906 2300 25 21 to
2953 2301 41 21 the
3005 2302 59 27 good
3075 2303 92 28 quality
3175 2305 26 21 of
3208 2306 49 21 this
3266 2306 108 25 mixture.

2288 2345 190 33 Superlative
2502 2348 131 29 Mixture
2643 2350 49 28 for
2707 2352 61 27 Bad
2779 2351 128 35 Coughs
2916 2367 28 4 —

2398 2385 85 28 Brings
2497 2392 65 22 away
2575 2388 105 27 phlegm;
2691 2389 74 28 allays
2777 2391 136 26 irritations,
2927 2393 46 21 and
2991 2395 94 26 quickly
3099 2401 73 17 cures.

2291 2426 117 27 Eureka
2416 2439 29 4 —

2248 2484 2 10 ,
2398 2466 22 20 A
2433 2472 53 15 sure
2500 2473 54 16 cure
2568 2467 37 22 for
2617 2468 33 22 all
2663 2469 69 22 kinds
2745 2470 25 21 of
2783 2471 52 20 skin
2848 2470 125 23 irritation.

2289 2506 184 26 CHILDEEN'S
2487 2511 150 23 TASTLESS
2650 2512 160 22 TEETHING
2822 2513 179 23 POWDERS—

2399 2562 50 21 The
2466 2563 53 21 best
2532 2563 26 21 m
2572 2564 150 26 Canterbury,
2735 2571 16 14 a
2763 2564 57 22 trial
2832 2565 48 21 will
2897 2572 71 20 prove
2982 2566 28 21 it.
3028 2566 84 28 highly
3126 2569 172 22 recommended
3311 2570 32 27 by

2439 2600 98 21 medical
2550 2607 60 16 men.

2418 2666 616 42 CONSULTATIONS
3054 2673 205 37 FREE.

2307 2741 290 27 PRESCRIPTIONS
2611 2743 216 26 CAREFULLY
2842 2745 76 26 AND
2937 2745 213 26 CORRECTLY
3158 2747 217 27 DISPENSED,

2590 2908 125 46 Just
2746 2908 324 47 Purchased

2294 3004 32 30 A
2346 2999 269 35 WHOLESALE
2639 3002 390 33 WAREHOUSEMAN
3052 3005 162 43 ENTIRE
3240 3005 139 35 STOCK

2794 3068 42 23 OF
3150 3084 3 5 .

2299 3116 314 90 Black
2655 3116 82 89 &
2778 3116 297 118 Navy
3120 3111 262 98 Bli*e

2517 3265 176 35 DOUBLE
2723 3265 149 32 WIDTH
2892 3266 83 30 ALL
2996 3265 124 33 WOOL

2300 3337 458 92 DKESS
2824 3337 556 92 SERGES

2327 3500 243 47 Reduced
2590 3500 132 44 from
2753 3497 66 45 2s.
2849 3498 55 44 to
2933 3495 53 45 Is
3018 3495 72 44 6d.
3109 3509 92 41 per
3214 3496 138 56 yard.

2717 3586 244 44 ALSO

2300 4009 65 30 this
2377 4008 26 29 is
2418 4007 53 30 the
2485 4005 84 41 good
2584 4004 48 29 old
2648 4003 92 29 make
2755 3995 627 55 °^[^^^^^^^^^^^^^^^^^^^H

2405 4058 43 30 all
2461 4058 36 29 of
2507 4056 63 31 this
2584 4053 169 42 particular
2768 4044 614 59 lii^^^^H^^^^

1701 941 179 48 JOHN
1912 943 272 52 INGRAM.

1687 1041 500 37 AUCTIONEER

1682 1239 156 39 LICENSED
1869 1238 86 39 UND
1977 1238 141 39 BROKER,
2139 1238 75 38 VAL-

1682 1290 115 46 UATOR,
1833 1289 140 45 ESTATE,
2015 1289 200 45 INSURANCE,

1682 1342 16 41 fi
1715 1342 151 41 GENERAL
1876 1339 215 41 COMMISSION
2097 1339 117 40 AGENT-

1708 1396 78 29 Agent
1796 1395 42 28 for
1849 1394 38 24 the
1909 1393 122 26 National
2052 1393 133 24 Insurance

1888 1437 122 31 Company

1826 1473 32 29 of
1862 1471 62 25 New
1947 1471 119 23 Zealand.

1698 1504 176 31 OXFORD
1891 1503 26 31 &
1943 1501 254 33 SHEFFIELD.

1933 1581 31 19 ♦

1682 1678 148 30 Fortnightly
1851 1679 106 22 Auction
1979 1678 72 23 Sales
2067 1677 59 24 held
2146 1678 25 21 m
2184 1677 38 23 the

1682 1711 93 24 Market
1797 1711 90 28 Yards,
1914 1710 104 31 Oxford,
2044 1717 70 22 every
2136 1710 85 23 second

1682 1743 133 31 Thursday.
1848 1743 114 29 Monthly
1982 1742 73 24 Sales
2065 1742 58 23 held
2137 1745 26 20 at
2182 1741 38 24 the

1682 1776 95 25 Market
1808 1776 90 28 Yards,
1929 1775 124 32 Sheffield.
2123 1774 100 25 Privvte

1682 1809 101 25 Auction
1796 1808 73 26 Sales
1879 1809 151 24 undertaken
2053 1809 25 24 m
2102 1816 48 22 any
2160 1811 64 29 part

1682 1844 27 28 of
1715 1842 37 24 the
1763 1847 107 26 country.
1905 1843 122 31 Property
2035 1841 93 31 Bought
2153 1842 62 25 Sold

1682 1884 25 15 or
1717 1876 53 30 Let,
1789 1877 50 24 and
1853 1876 144 25 Valuations
2013 1875 120 31 carefully
2145 1877 77 22 made.

1682 1911 70 23 Land
1762 1910 95 32 Bought
1867 1910 76 24 under
1960 1910 40 23 the
2024 1910 119 29 Transfer
2166 1909 57 27 Act,

1682 1943 136 31 Transfers,
1832 1943 96 28 Leases,
1941 1943 50 23 and
2015 1942 72 24 deeds
2104 1943 31 29 of
2147 1941 76 24 Mort-

1682 1984 70 25 gages
1762 1977 86 23 drawn
1865 1985 42 24 up.
1941 1976 89 30 Money
2048 1975 106 25 invested
2173 1974 51 25 and

1682 2009 108 24 obtained
1803 2015 41 25 for
1864 2009 89 26 Clients
1964 2016 31 17 on
2016 2008 135 31 Mortgage.
2180 2009 44 23 In-

1709 2050 100 17 surance
1818 2043 94 30 effected
1923 2050 31 16 on
1966 2041 132 31 Buildings
2111 2042 31 31 of
2148 2048 48 23 any

1750 2075 149 31 description,
1906 2075 50 24 and
1971 2075 64 23 their
2040 2077 116 22 contents.

1714 2487 49 23 The
1771 2487 117 28 following
1897 2487 72 22 farms
1978 2493 39 16 are
2035 2487 37 21 for
2081 2487 48 21 sale
2137 2487 32 26 by
2178 2487 51 26 pri-

1686 2527 54 21 vate
1749 2526 85 27 treaty.
1865 2526 63 25 1,000
1943 2533 64 14 acres
2016 2526 27 21 at
2058 2525 106 22 Sheffield
2175 2525 54 22 with

1686 2565 64 27 large
1759 2564 115 27 Dwelling
1883 2564 47 21 and
1938 2569 119 21 necessary
2072 2564 70 20 Farm
2151 2563 79 21 Build-

1714 2608 26 21 gß
1750 2602 32 21 all
1791 2601 83 22 fenced
1882 2601 48 21 and
1938 2601 49 21 sub-
1991 2600 99 22 divided.

1716 2700 41 22 360
1776 2706 63 16 acres
1858 2700 58 20 with
1928 2699 60 27 good
2004 2698 120 27 buildings
2133 2698 47 21 and
2198 2697 33 22 all

1688 2738 83 23 fenced
1789 2738 47 21 and
1855 2737 141 22 subdivided.
2036 2736 41 23 178
2095 2742 63 15 acres
2171 2734 60 28 good

1688 2776 151 28 agricultural
1852 2775 72 21 Land.

1716 2893 43 22 796
1768 2898 62 16 acres
1840 2893 60 27 good
1912 2891 162 28 grazmg-4and
2091 2891 83 21 fenced
2183 2889 48 23 and

1690 2931 142 22 subdivided.

1717 3049 30 20 60
1756 3054 63 15 acres
1828 3048 56 20 with
1894 3048 65 26 large
1968 3048 122 26 Dwelling.

1696 4024 159 32 WATCH
1949 4037 20 18 o,
2048 4021 26 30 &
2102 4018 138 33 CLOCK

1699 4095 151 61 h^4»
1865 4070 159 108 i^^
2055 4101 183 49 «a«Bw.

1796 4185 337 42 PITTED
2208 4218 4 4 .

1859 4267 3 2 •
1885 4256 32 19 .-,
1951 4245 26 21 at
2066 4251 5 4 '
2086 4254 6 19 :

1743 4291 150 32 Parish's
1895 4319 8 16 }
1945 4288 84 35 East
2052 4285 145 54 fdeford,

1128 933 242 23 EXTRAORDINAY
1398 933 221 23 OPPORTUNITY.

1115 962 69 21 i-ROSI
1193 961 62 21 THE
1412 961 110 22 DIRECT
1532 961 37 21 TO
1580 961 63 22 THE

1292 987 146 22 CUSTOME.
1447 1004 6 5 .

1115 1015 57 52 )UR
1181 1015 112 26 Company
1316 1014 20 20 is
1349 1015 78 25 selling
1447 1015 66 21 direct
1558 1016 24 20 to
1610 1016 38 21 the

1146 1042 115 23 customer,
1276 1041 52 21 tiros
1340 1041 116 26 procuring
1465 1042 37 20 for
1511 1041 38 21 the
1557 1042 68 20 latter
1634 1048 14 15 a

1115 1069 67 22 touble
1200 1073 111 20 economy,
1330 1067 94 26 namely,
1445 1067 38 22 the
1497 1067 66 27 profit
1573 1067 23 21 of
1610 1068 38 21 the

1115 1095 103 23 wholesale
1227 1094 78 25 dealer,
1322 1093 46 22 and
1377 1093 37 22 the
1431 1100 59 15 more
1500 1094 149 22 considerable

1115 1122 62 23 >ne*.of
1186 1121 38 21 the
1233 1121 64 21 retail
1307 1120 78 25 dealer,
1409 1121 130 25 amounting
1549 1122 24 20 to
1591 1121 57 22 from

1115 1150 20 21 is.
1163 1154 14 15 o
1183 1149 47 20 £10
1239 1153 58 20 upon
1307 1154 14 14 a
1330 1147 71 28 single
1407 1147 77 22 watch.
1499 1147 74 22 Retail
1579 1148 70 21 watch

1115 1171 74 28 leaders
1198 1175 44 21 and
1260 1174 112 27 jewellers,
1382 1175 87 26 usually
1483 1175 80 27 selling
1581 1175 40 21 but
1636 1181 14 15 a

1115 1210 28 15 ew
1156 1202 94 21 watoheß
1259 1201 66 26 daily,
1340 1208 37 15 are
1395 1202 72 21 forced
1485 1203 25 20 to
1533 1202 63 21 make
1620 1208 29 15 an

1115 1229 154 26 sxtraordinary
1284 1228 65 27 profit
1359 1234 58 20 upon
1436 1229 54 21 each
1504 1234 41 16 one
1558 1229 49 21 sold
1625 1229 24 21 m

1115 1256 55 22 ytiei
1179 1256 26 21 to
1213 1255 77 28 defray
1299 1260 111 21 espences.

1133 1283 44 21 We
1196 1283 159 21 manufacture
1362 1288 27 15 as
1398 1287 44 15 our
1456 1283 122 27 speciality
1596 1283 55 26 only

1115 1310 90 26 sterling
1218 1310 69 21 silver
1295 1316 27 14 or
1340 1309 54 26 gold
1403 1309 157 22 stemwinders
1588 1309 63 28 (key-

1115 1338 26 21 Iss
1154 1336 100 22 watches.

1136 1363 48 21 The
1193 1364 86 26 keyless
1294 1363 139 22 mechaaism
1441 1363 23 20 of
1477 1363 95 22 watches
1579 1364 21 21 is
1608 1370 44 15 one

1115 1392 17 20 of
1146 1390 38 21 the
1193 1392 57 19 most
1260 1390 122 32 important
1392 1389 44 21 and
1446 1390 72 21 useful
1527 1390 125 22 inventions

1115 1418 17 21 of
1147 1417 91 22 modern
1258 1417 76 24 times,
1360 1416 89 21 instead
1462 1417 24 20 of
1499 1417 114 28 fumbling
1628 1417 24 22 m

1115 1446 56 21 one's
1180 1444 91 28 pockets
1287 1446 23 20 to
1320 1444 47 22 find
1382 1444 40 21 the
1439 1444 49 26 key,
1504 1444 72 21 which
1589 1445 64 21 when

1115 1472 65 22 found
1193 1472 19 21 is
1226 1472 59 21 most
1298 1472 84 26 always
1391 1471 62 21 filled
1462 1471 55 21 with
1527 1471 76 22 dust—
1607 1471 46 22 this

1115 1500 18 21 of
1142 1505 78 18 course
1228 1498 69 28 being
1312 1498 131 22 transfeired
1456 1498 25 21 to
1495 1498 42 22 the
1550 1498 74 22 watch
1625 1510 27 4 —

1115 1533 39 16 one
1163 1529 42 20 has
1213 1527 44 20 but
1265 1526 25 21 to
1300 1526 56 20 turn
1364 1531 13 15 a
1387 1524 98 22 knurled
1494 1525 83 22 button
1586 1526 68 21 fitted

1115 1555 20 20 to
1144 1555 42 22 the
1198 1553 104 28 pendant
1318 1553 33 26 (or
1360 1552 67 28 ring),
1438 1552 54 21 thus
1502 1552 102 28 winding
1613 1552 41 22 the

1115 1582 69 21 watch
1203 1582 45 19 and
1278 1580 131 27 regulating
1427 1580 40 20 the
1484 1580 74 21 hands
1570 1580 31 26 by
1612 1580 42 21 the

1115 1615 60 15 same
1184 1613 84 16 means.

1139 1636 48 21 Our
1195 1634 99 22 watches
1312 1641 39 16 are
1361 1635 143 27 everywhere
1521 1634 134 27 recognised

1115 1664 22 20 to
1146 1664 29 20 be
1193 1662 42 21 the
1247 1662 53 21 best
1315 1662 25 21 m
1359 1662 41 21 the
1410 1662 97 24 market,
1519 1661 136 27 surpassing

1115 1690 31 19 all
1154 1690 79 20 others
1241 1690 32 24 by
1292 1690 40 19 the
1342 1689 114 26 precision,
1465 1689 25 20 of
1493 1707 4 3 .
1507 1688 63 20 their
1579 1694 76 15 move-

1115 1717 72 20 ments
1206 1722 26 15 as
1250 1715 52 21 well
1311 1722 26 15 as
1355 1716 31 26 by
1404 1716 63 21 their
1480 1720 110 22 accuracy
1608 1715 47 21 and

1115 1744 130 26 cheapness.
1525 1748 3 3 '

1140 1770 48 21 Our
1197 1770 95 26 factory,
1305 1768 62 22 since
1375 1769 32 20 its
1412 1768 137 22 foundation
1558 1768 26 21 m
1594 1768 61 24 1852,

1115 1797 41 21 has
1166 1796 96 29 aquired
1271 1803 15 14 a
1295 1796 143 24 world-wide
1447 1795 142 27 reputation,
1605 1795 48 21 and

1115 1825 107 21 obtained
1231 1825 41 20 the
1282 1824 93 26 highest
1382 1823 91 22 awards
1492 1823 59 21 from
1564 1823 34 21 all
1615 1822 41 24 the,

1115 1852 126 27 important
1255 1849 153 25 Exhibitions.
1425 1848 48 24 'No
1485 1850 76 21 watch
1579 1851 77 20 leaves

1169 1879 90 26 factory
1271 1879 98 21 without
1384 1878 87 26 having
1479 1878 58 20 been
1546 1877 110 27 carefully

1115 1907 120 23 examined
1248 1906 47 22 and
1310 1905 101 26 verified,
1421 1906 59 25 .thus
1499 1904 70 28 being
1587 1905 69 26 ready

1115 1935 36 21 for
1160 1934 133 21 immediate
1304 1940 45 14 use.
1378 1933 64 21 Each
1451 1939 43 15 one
1502 1933 22 20 is
1537 1933 45 26 put
1590 1939 32 20 up
1632 1932 24 21 m

1116 1969 30 14 an
1154 1961 94 28 elegant
1257 1961 122 23 silk-lined
1388 1967 57 19 case,
1462 1959 47 22 and
1522 1966 134 21 accompan-

1116 1990 38 21 ied
1162 1991 31 26 by
1203 1996 15 14 a
1226 1989 115 26 warranty
1349 1989 37 21 for
1394 1988 67 21 three
1469 1994 72 21 years.

1143 2017 50 21 The
1197 2017 74 26 buyer
1279 2022 52 20 may
1337 2017 78 19 return
1425 2021 46 21 any
1474 2016 27 20 'of
1510 2022 42 14 our
1560 2014 96 31 watches

1117 2045 81 20 within
1207 2044 36 20 six
1261 2043 91 21 months
1367 2043 82 20 should
1467 2042 42 22 the
1527 2042 73 25 latter
1617 2043 39 20 not

1117 2071 73 21 afford
1198 2071 50 20 him
1255 2070 42 21 the
1306 2071 61 20 most
1375 2070 112 26 complete
1493 2069 152 21 satisfaction.

1145 2099 39 20 All
1192 2097 95 22 articles
1296 2097 51 21 sold
1365 2103 40 15 are
1414 2097 114 21 delivered
1543 2097 52 26 post
1603 2096 53 25 free,

1117 2126 46 21 and
1172 2125 104 22 Customs
1290 2125 58 26 duty
1357 2123 56 28 paid
1427 2125 25 20 to
1462 2130 46 19 any
1523 2125 54 25 part
1586 2123 25 21 of
1619 2123 37 21 the

1118 2152 76 25 world,
1210 2152 55 21 thus
1275 2152 97 20 without
1391 2151 41 21 the
1441 2151 110 26 slightest
1570 2150 86 22 trouble

1118 2187 26 14 or
1153 2179 118 26 formality
1279 2179 25 21 to
1312 2178 42 21 the
1363 2178 107 21 receiver.
1480 2198 3 3 ,
1490 2197 2 2 .

1146 2207 40 20 All
1198 2206 88 27 repairs
1304 2206 86 30 during
1407 2205 42 21 the
1467 2205 68 21 three
1553 2210 66 21 years
1637 2203 19 21 of

1120 2234 125 27 guarantee
1264 2239 39 15 are
1321 2232 113 22 executed
1448 2231 182 29 gratituitously,
1644 2231 12 21 if

1120 2262 40 20 the
1178 2260 75 21 watch
1275 2261 29 20 be
1321 2260 126 21 forwarded
1464 2260 26 19 to
1508 2265 43 14 our
1568 2258 88 21 London

1120 2288 68 22 office.

1120 2316 49 21 The
1192 2314 119 28 following
1327 2319 40 16 are
1391 2312 54 22 cash
1467 2313 76 27 prices
1561 2312 95 21 without

1120 2342 113 22 discount.

1596 2368 21 21 £
1644 2374 12 15 s.

1147 2398 28 20 A.
1187 2395 164 25 Stem-winder,
1357 2394 178 27 sterlingsilver,
1542 2393 51 21 hall

1203 2422 100 26 marked,
1316 2422 105 28 jewelled
1429 2422 26 21 m
1464 2422 13 20 6
1486 2420 96 26 actions,

1203 2450 85 26 crystal
1295 2450 63 27 glass
1367 2456 15 15 a
1391 2450 80 26 strong
1476 2448 47 21 and
1527 2448 54 21 dur-

1203 2478 52 21 able
1269 2477 75 22 watch
1636 2477 20 20 12

1123 2506 26 20 A.
1151 2506 27 20 A.
1188 2504 49 22 The
1257 2511 61 14 same
1335 2504 59 21 with
1422 2503 84 22 double
1526 2502 71 22 silver

1207 2539 51 15 case
1272 2532 121 27 (Hunter),
1412 2530 117 28 elegantly
1546 2537 38 14 en-

1192 2560 88 28 graved
1635 2559 21 20 18

1162 2587 88 21 B.Gold
1260 2586 161 24 stem-winder,
1431 2585 49 22 hall
1494 2584 99 25 marked,

1207 2614 80 26 strong
1296 2613 90 27 keyless
1393 2613 81 25 action,
1485 2611 103 29 jewelled

1205 2641 26 20 m
1236 2642 26 20 13
1266 2641 94 25 actions,
1368 2638 56 24 with
1432 2640 55 27 gold
1495 2647 26 13 or
1528 2638 57 22 steel

1205 2668 82 24 hands,
1301 2667 66 21 small
1382 2668 82 20 second
1482 2667 54 24 dial,
1546 2672 38 15 en-

1207 2695 89 27 graved
1307 2695 25 21 m
1349 2695 117 21 beautiful
1484 2694 99 26 designs,

1206 2723 83 27 engine
1297 2722 84 22 turned
1390 2728 27 16 or
1424 2722 63 27 plain
1496 2721 90 28 polish-

1206 2751 36 24 ed,
1265 2749 57 22 with
1339 2756 139 21 monogram,
1500 2747 84 26 initial,

1207 2777 105 24 arms.&c.
1345 2793 23 6 ...
1401 2793 23 6 ...
1455 2793 24 6 ...
1509 2791 25 7 ...
1598 2775 14 20 2
1653 2775 3 20 (

1125 2803 54 21 8.8.
1199 2803 54 23 The.
1264 2810 60 16 same
1351 2810 26 16 as
1393 2804 26 26 B,
1440 2803 54 22 with
1509 2805 75 24 strong

1207 2831 78 21 doable
1293 2831 50 26 gold
1358 2838 56 18 case,
1433 2838 29 14 an
1479 2831 105 21 excellent

1207 2859 44 19 and
1261 2863 50 20 very
1320 2858 85 25 elegant
1415 2857 135 27 timekeeper.
1562 2873 23 5 ...
1597 2857 13 19 3
1641 2857 15 21 1(

1153 2883 24 22 0.
1187 2883 70 23 Roxal
1263 2882 157 30 chronograph,
1434 2886 26 20 18
1469 2885 59 20 carat
1534 2885 52 26 gold

1207 2913 59 20 most
1290 2911 100 28 superior
1409 2912 82 25 keyless
1514 2916 70 16 move-

1207 2940 68 23 ment,
1299 2941 22 19 of
1346 2939 36 21 the
1406 2941 58 19 most
1471 2951 4 2 -
1483 2939 101 21 accurate

1207 2965 169 26 workmanship,
1396 2966 45 21 and
1458 2971 41 15 one
1509 2966 23 20 of
1549 2965 38 22 the

1208 2992 47 22 best
1266 2993 167 24 wear-resisting
1443 2992 92 21 watches
1547 3007 23 6 ...
1598 2993 16 19 4

1126 3018 49 22 C.C.
1186 3018 45 22 The
1245 3026 61 15 same
1314 3019 72 21 watch
1396 3019 53 21 with
1459 3019 76 21 double
1542 3018 44 21 and

1210 3047 60 20 extra
1280 3048 76 23 strong
1365 3053 55 18 case,
1431 3047 97 21 18-carat
1535 3046 51 25 gold

1208 3073 133 27 artistically
1358 3073 111 27 engraved,
1494 3073 92 26 engine-

1208 3101 79 21 turned
1297 3107 24 15 or
1339 3101 61 26 plain
1414 3100 104 27 polished;
1532 3100 54 21 with

1209 3134 147 19 monograms,
1370 3127 90 24 initials,
1471 3128 36 20 &c.
1547 3142 23 6 ...
1600 3128 13 20 6
1641 3129 15 19 1(

1154 3156 26 20 D.
1203 3155 104 27 Imperial
1317 3154 102 21 calendar
1427 3155 157 24 chronometer,

1210 3183 97 21 18-carat
1330 3181 57 26 gold,
1410 3182 121 26 indicating
1550 3181 37 22 the

1209 3210 48 25 day,
1268 3209 37 21 the
1314 3209 66 24 week,
1392 3208 37 21 the
1438 3208 84 27 month,
1539 3209 46 20 and

1209 3236 49 21 date
1276 3236 23 20 of
1308 3236 85 25 month,
1403 3236 99 26 jewelled
1516 3236 24 20 m
1551 3237 34 19 18-

1210 3264 92 24 --actions,
1321 3262 52 21 with
1382 3262 32 21 all
1424 3262 37 21 the
1470 3262 66 21 latest
1545 3262 41 21 im-

1210 3291 147 27 provements
1380 3290 47 21 and
1449 3290 137 25 inventions,

1210 3325 43 14 one
1263 3318 24 21 of
1295 3318 41 21 the
1346 3318 52 21 best
1407 3317 46 21 and
1457 3318 59 20 most
1525 3324 63 20 mag-

1210 3346 95 21 nificent
1308 3345 100 22 watches
1414 3345 174 22 manufactured

1211 3373 57 21 such
1277 3379 25 14 as
1318 3379 38 15 are
1365 3378 71 15 never
1445 3372 51 21 sold
1513 3372 31 26 by
1554 3379 34 14 re-

1210 3401 45 21 tail
1264 3400 87 21 dealers
1361 3400 36 21 for
1406 3399 45 22 less
1460 3398 58 22 than
1527 3393 47 28 JE2S
1603 3400 27 21 10
1655 3403 2 16 <

1156 3429 39 20 All
1204 3435 41 14 our
1253 3428 100 21 watches
1362 3433 39 16 are
1408 3427 175 21 manufactured
1591 3428 26 20 m
1626 3428 30 21 tw<

1130 3456 106 21 different
1244 3456 64 24 size',
1321 3455 65 27 large
1395 3454 46 21 and
1451 3454 68 21 Bmall
1530 3454 45 26 (for
1584 3455 72 27 gentle

1130 3489 52 15 men
1200 3483 48 20 and
1269 3482 92 26 ladies,)
1384 3482 99 20 without
1506 3482 123 20 difference
1648 3489 8 13 o

1128 3510 70 26 price.

1158 3537 45 21 Old
1212 3537 105 24 watches,
1332 3536 38 20 old
1379 3536 55 26 gold
1442 3536 47 20 and
1507 3536 70 20 silver
1586 3536 47 20 will
1642 3536 14 21 b

1130 3565 70 21 taken
1208 3564 25 20 m
1241 3563 110 28 payment
1360 3564 26 20 at
1394 3562 42 22 the
1444 3563 95 26 highest
1551 3563 76 21 value:
1652 3563 4 21 i

1131 3591 127 21 forwarded
1267 3591 31 26 by
1307 3591 77 26 parcel
1392 3591 55 26 post
1455 3591 25 21 to
1490 3596 42 15 our
1541 3591 102 21 address.

1128 3621 12 22 %
1154 3619 160 26 'Remittances
1334 3624 53 19 may
1410 3617 29 21 be
1462 3617 66 21 made
1547 3617 75 21 either
1640 3618 16 27 b;

1129 3650 4 8 ;
1131 3638 525 39 Post^^f^p^.!(^&9e,^an^not^^postag'

1130 3704 26 21 m
1163 3696 308 36 regssielced^let^^?jSfe^

1128 3741 9 14 r
1158 3730 24 26 Ij
1191 3732 22 20 is
1222 3730 96 32 ojj^aim
1327 3729 83 28 to.give
1419 3730 40 22 the
1476 3730 89 22 utmost
1572 3726 84 31 possiol

1475 3753 113 35 kiiowing,
1591 3753 65 28 tSffit

1133 3814 46 20 and
1187 3814 33 20 all
1229 3812 49 21 who
1288 3812 59 20 have
1360 3817 55 14 once
1429 3802 227 33 entereifTTfflre&SSiii:

1133 3847 51 14 ness
1194 3840 110 21 relations
1313 3837 57 21 with
1389 3843 28 14 us
1433 3838 78 26 gladly
1529 3843 127 16 recommem

1134 3873 27 14 us
1170 3869 24 19 to
1205 3867 59 20 their
1273 3864 88 22 friends
1371 3864 46 21 and
1426 3864 182 27 acquaintances.

1188 3894 101 20 Address
1299 3893 36 20 for
1344 3891 82 21 letters
1433 3891 46 20 and
1488 3891 74 22 orders
1570 3907 5 5 .

1147 3920 98 21 MORSE
1257 3917 261 24 MANUFACTURING
1527 3917 129 22 COMPANY

1299 3946 19 24 7,
1331 3945 29 21 ed
1370 3944 56 21 Lion
1436 3943 77 26 Court,

1380 3971 94 20 London
1483 3971 52 22 B.C.

1342 4167 26 21 at
1377 4172 63 20 once,
1455 4167 25 21 m
1490 4172 69 21 every
1577 4165 79 28 locality

1135 4203 30 15 an
1174 4195 123 26 intelligent
1316 4200 79 22 person
1412 4196 22 19 to
1443 4195 38 21 act
1499 4200 26 15 as
1541 4200 41 23 opr
1598 4195 17 19 A
1618 4198 38 21 gen

1136 4223 36 20 No
1182 4223 82 26 Bpecial
1273 4221 128 25 knowledge
1411 4221 107 26 require!;
1527 4219 45 22 and
1581 4219 75 21 withov

1136 4249 126 25 interfering
1284 4248 61 27 with,
1362 4250 88 24 present
1469 4246 136 28 occupation.
1641 4247 15 19 A

1137 4276 111 22 excellent
1264 4275 136 27 occupation
1417 4274 37 22 for.
1462 4280 16 15 a
1495 4274 161 27 car«bl'e*youn

1138 4310 52 14 man
1200 4309 24 14 or
1233 4303 60 26 lady.

644 954 70 47 H.
739 949 141 50 LAM
900 947 131 48 ING

695 1053 251 45 Saddler

768 1137 108 34 and

574 1193 257 52 HARNESS
870 1187 203 52 MAKER

714 1270 68 26 Near
800 1265 144 35 Saleyarxls.

658 1342 340 46 OXFORD,

574 1430 103 32 Drders
692 1429 63 32 and
782 1427 120 42 repairs
937 1422 160 45 promptly

574 1472 47 31 md
635 1470 106 42 neatly
754 1469 153 33 executed
932 1470 33 27 at
989 1467 109 30 lowest

782 1517 94 24 rates.

657 1593 145 32 HORSE
825 1589 169 35 COVERS

583 1678 90 30 made
688 1682 32 25 to
735 1676 92 31 order
841 1674 63 30 and
928 1671 150 41 repaired.

605 1750 21 20 A
635 1748 65 21 stock
709 1746 23 21 of
740 1747 68 20 horse
817 1744 123 22 medicines
950 1749 30 15 on
988 1741 70 25 hand,

632 1799 164 24 SOLOMON'S
820 1797 150 23 SOLUTION
996 1796 37 21 &c.

574 1936 47 46 GK
641 1932 74 47 W.
735 1931 44 46 J.
800 1927 304 50 PARSONS

587 2035 316 47 MONUMENTAL
918 2031 164 43 MASON.

648 2107 61 26 Begs
718 2106 26 20 to
753 2109 118 17 announce
879 2102 55 22 that
942 2102 30 21 he
980 2101 44 20 has

599 2160 148 28 removed
752 2162 33 22 to
795 2158 41 25 56
844 2157 61 25 and
913 2156 41 25 58
965 2154 108 28 MAN-

660 2215 360 31 CHESTER^STR^EEX

686 2286 126 33 (Opposite
831 2283 65 27 Scot.
909 2281 82 33 Bros.)

574 2356 76 30 Every
673 2353 142 31 description
838 2351 27 31 of
885 2348 158 26 monumental
1060 2347 49 25 and

585 2413 91 26 marble
688 2413 65 24 work
765 2411 102 25 excuted
885 2414 26 20 at
923 2410 80 23 lowest
1020 2412 72 20 rates.

706 2478 130 32 Telephone
856 2478 48 28 No.
919 2476 57 24 682.

707 2553 94 31 Oxford
812 2553 78 32 Agent

765 2615 32 25 R.
813 2615 37 24 H.
867 2612 145 26 PARISH.

645 2767 53 46 G.
759 2763 290 49 SMITH,

586 2866 107 46 ZINC,
719 2865 87 45 TIN,
832 2863 95 39 AND
957 2861 143 40 SHEET

656 2946 136 41 STEEL
807 2944 220 42 WORKER.

595 3030 82 40 HIGH
696 3029 138 39 STREET.
854 3027 83 39 EAST
952 3025 138 40 OXFORD.

574 3123 43 23 All
627 3121 83 25 Kinds
721 3122 31 29 of
758 3121 91 31 Pumps
859 3119 80 23 Fixed
947 3118 51 24 and
1008 3118 101 31 Repair-

681 3186 30 24 ed
721 3188 29 22 at
761 3184 37 25 the
810 3184 101 24 shortest
922 3184 83 26 notice,

601 3314 73 46 W.
707 3310 66 50 H.
805 3311 285 47 ALFORD.

612 3412 462 94 WATCHMAKER,

575 3536 153 23 WORKING
736 3533 174 27 JEWELLER,
925 3534 146 21 OPTICIAN
1081 3534 28 21 &c,

582 3770 168 40 Jewellery
765 3770 33 30 of
813 3781 100 29 every
928 3770 181 40 description

620 3833 86 31 made
721 3836 32 27 to
768 3833 101 35 order,
893 3830 117 31 altered
1026 3832 61 29 and

775 3890 150 40 repaired.

752 3946 53 4 —
810 3945 26 6 —
836 3937 33 19 <*.

584 3975 102 50 Pipes
702 3973 170 40 mounted
883 3973 71 39 and
963 3973 146 49 repaired

585 4042 60 40 Old
660 4041 82 40 Gold
756 4041 71 39 and
843 4040 110 40 silver

669 4111 136 33 Spectacles
822 4115 23 19 to
862 4111 47 22 suit
926 4110 38 23 all
980 4110 77 32 sights

584 4192 20 24 A
608 4195 54 29 gent
665 4191 46 32 for
721 4190 101 25 Adam's
831 4190 61 25 Star
908 4190 71 31 Gycle
993 4188 116 33 Company

648 4245 76 32 W.
752 4244 54 33 H;
817 4242 244 33 -ALFORD

745 4299 77 29 East
837 4297 130 31 Oxford.

138 1380 270 55 NOTICE.

5 1470 147 68 %OB
168 1476 350 57 PRINTING.

25 1580 114 45 JOB
167 1543 368 79 PRINTING!

69 1653 173 37 OXFORD
274 1644 225 39 OBSERVER

95 1726 163 42 Machine
293 1719 174 48 Printing

187 1767 179 44 WORKS.
423 1808 68 14 _

61 1822 96 26 MAIN
173 1816 148 29 STREET,
350 1808 150 30 OXFORD.

120 1887 88 26 FINE
225 1878 184 31 PRINTING.

35 1933 44 38 In
91 1938 73 40 any
178 1923 155 49 Variety
349 1930 36 29 or
403 1915 115 50 Style.

73 1973 218 53 Memorial
344 1966 150 49 €ards.

14 2074 39 38 m
66 2080 84 31 new
165 2065 72 42 and
251 2062 124 42 chaste
395 2057 154 50 designs.

163 2121 54 40 ss.
241 2126 67 42 fer
331 2112 72 42 doz.

100 2163 207 45 Statement
324 2158 129 45 Heads,

98 2226 82 42 Ball
192 2225 258 48 Programmes,

98 2274 154 42 Posters,
276 2265 200 44 Handbills,

100 2328 191 45 Billheads,
318 2325 163 48 Cheques,

98 2391 127 40 Letter
238 2386 71 40 and
321 2383 90 40 Note
425 2378 127 46 Heads,

102 2446 184 43 Circulars,
312 2441 136 42 Menus,

53 2507 222 49 Catalogues,
301 2500 57 39 &c.
377 2498 58 38 &c.
461 2494 62 39 &c.

60 2569 79 32 New
155 2564 95 40 slyles
264 2562 33 29 m
311 2557 131 39 visiting
456 2554 63 31 and

319 2614 101 33 cards.

19 2685 74 40 The
104 2678 140 43 newest
269 2674 116 49 styles
399 2671 40 39 m
452 2669 107 50 types

98 2737 72 42 and
194 2726 285 48 ORNAMENTS.

225 3645 191 61 Singer's
521 3633 46 77 ||

119 3766 84 50 mi
241 3762 242 51 EmwHU

115 3921 190 49 HttMiit
324 3917 170 50 SfetflU*

70 4039 195 48 Frornls.
284 4041 72 56 jter
390 4036 146 49 mm.

268 4113 43 23 AT

122 4205 361 44 PARISH'S

5 4277 18 33 *
49 4305 507 39 EASTOXFORD

72 82 43 22 t^
137 82 23 28 5

69 207 41 25 •i
209 209 21 26 p

68 334 85 38 mS
169 344 21 27 s
206 336 22 37 a
