3550 4590
95 209 46 27 We
153 209 69 24 learn
245 205 44 25 the
311 203 90 24 nature
425 199 27 26 of
472 197 123 32 marriage

62 256 81 25 better
171 253 65 23 from
264 249 78 32 poets,
372 244 141 28 historians,
548 241 48 24 and

62 297 180 33 philosophers,
259 293 62 24 than
333 291 65 24 from
409 290 98 31 priests.
542 284 54 25 The

62 343 133 25 assistance
215 338 26 26 of
252 338 42 25 the
306 334 156 35 philologists
482 333 21 24 is
515 333 45 23 not
571 331 26 23 to

62 388 30 23 he
104 384 120 33 despised.
260 382 80 24 These
368 379 44 25 tell
424 386 30 17 us
474 378 57 25 that
554 376 43 25 the

63 430 67 25 word
142 435 83 18 conies
243 427 63 24 from
320 425 41 25 the
383 423 78 25 Latin
481 421 115 27 maritus,

64 474 48 25 and
125 473 51 24 this
194 472 63 23 from
281 469 77 27 Mars,
377 467 50 24 and
449 466 57 24 that
528 465 70 24 Mars

63 518 50 25 had
125 515 119 33 probably
256 514 43 24 the
322 519 70 19 same
404 510 81 32 origin
508 517 27 17 as
556 509 42 24 the

63 561 108 32 English
182 562 80 22 words
280 565 60 17 man
349 556 51 25 and
411 555 76 28 maid,
500 553 98 31 namely

64 607 42 24 the
120 613 56 24 very
188 604 100 25 ancient
295 601 58 26 verb
366 604 21 21 fo
405 608 53 23 may
468 606 5 22 ;
487 605 109 24 may-en,

63 649 108 32 may-ed,
184 648 68 24 maid
261 655 5 21 ;
285 652 101 24 ruay-er,
411 651 55 17 mar
475 651 6 21 ;
499 643 98 27 mar-is,

63 702 76 17 mars.
175 691 111 26 Chaucer
297 697 64 24 says,
443 686 84 26 which
544 685 54 25 that

64 738 57 24 hath
134 744 31 17 no
177 735 42 25 wif
227 735 14 24 I
259 733 61 26 hold
330 733 53 24 him
407 731 74 25 shent
492 738 6 21 ;
511 730 32 24 he
555 729 43 25 liv-

66 782 41 25 eth
120 780 106 31 helpless
251 777 48 26 and
323 776 35 25 all
545 772 54 26 The

67 824 106 33 original
195 823 57 25 idea
271 829 50 18 was
345 820 56 26 that
421 818 100 26 neither
541 825 58 17 man

66 879 43 16 nor
128 867 68 26 maid
217 866 90 25 should
318 865 50 25 live
379 873 15 15 a
413 863 55 28 full,
480 871 15 16 a
513 862 87 31 manly

65 914 49 24 and
143 911 124 31 womanly
286 909 51 29 life,
365 909 85 30 except
472 907 32 31 by
527 906 74 31 being

66 957 92 26 united.
194 955 61 25 This
268 954 136 25 sentiment
422 952 21 25 is
467 959 25 16 af:
506 950 42 25 old
573 958 27 17 as

64 1001 139 31 humanity,
233 999 50 25 and
311 997 94 25 existed
433 996 59 31 long
521 994 80 25 before

67 1045 164 31 Christianity
243 1052 28 17 or
283 1042 122 25 Judaism.
448 1040 99 30 Among
558 1039 43 25 the

65 1092 119 25 Romans,
203 1089 66 23 Mars
281 1095 50 16 was
344 1086 43 24 the
407 1083 112 33 glorified
532 1091 68 19 man,

66 1133 49 26 and
127 1133 87 25 Venus
238 1132 39 24 the
298 1128 169 31 all-excelling
492 1133 108 19 woman.

66 1180 23 23 It
111 1185 50 17 was
174 1186 13 15 a
205 1175 80 32 poetic
307 1173 131 29 necessity,
468 1170 130 29 therefore,

66 1223 55 23 that
133 1222 24 23 m
172 1222 66 23 them
251 1218 86 26 valour
346 1217 48 24 and
409 1217 89 29 beauty
511 1213 91 26 should

65 1266 30 24 be
106 1264 86 33 joined
203 1261 122 33 together,
338 1268 28 18 or
377 1267 28 18 as
414 1259 102 31 Dryden
527 1258 75 25 wrote

65 1310 27 24 of
102 1309 103 25 another
217 1306 87 33 couple
313 1314 5 16 :

120 1359 106 25 'iHappy,
239 1357 84 26 happy,
335 1355 84 25 happy,
433 1353 50 26 pair
490 1352 6 21 1

230 1391 22 20 If
252 1396 42 15 one
302 1390 45 20 but
355 1389 38 20 the
401 1388 77 24 brave,

229 1423 66 20 None
303 1422 43 21 but
355 1421 41 20 the
404 1420 78 24 brave,

66 1459 64 20 None
140 1458 43 20 but
193 1457 39 19 the
242 1456 70 20 brave
322 1454 92 20 deserve
423 1452 40 21 the
472 1451 46 21 fair

43 1496 195 41 ■A^inshed
259 1497 94 31 applies
373 1496 41 24 the
426 1495 75 29 word,

185 1548 25 21 to
233 1551 15 16 a
271 1549 83 25 young
375 1539 59 32 lady
457 1540 26 23 to
506 1546 96 23 express

134 1590 45 24 she
191 1596 49 17 was
251 1586 126 26 mariable.
404 1584 65 24 True
481 1582 121 31 marriage

66 1636 22 24 is
100 1635 44 25 the
166 1634 75 24 home
253 1631 49 25 and
325 1631 81 24 haven
419 1628 26 25 of
455 1629 65 24 love.
566 1626 37 25 Its

67 1681 65 23 state
142 1678 23 24 is
177 1678 59 23 thus
256 1673 141 31 beautifully
421 1671 127 26 described
570 1670 32 31 by

68 1724 110 24 Chaucer
187 1730 5 16 :

231 1772 47 21 and
286 1771 113 26 Dorigene
408 1769 36 20 his
455 1767 39 20 wif

95 1810 28 19 In
134 1807 116 21 soveraine
259 1805 56 21 blist
323 1803 68 21 leden
400 1800 65 22 forth
475 1800 38 20 hir
521 1798 35 24 lif,

68 1842 75 20 Never
152 1840 35 20 eft
195 1839 30 20 he
234 1844 46 15 was
288 1836 53 21 ther
351 1840 71 20 anger
431 1834 52 19 hem
493 1832 109 23 betwene,

67 1875 37 20 He
114 1871 119 23 cheiished
241 1871 50 20 hire
301 1875 24 14 as
335 1866 89 27 though
435 1866 40 20 she
486 1870 57 15 were
553 1869 15 15 a

363 1901 84 24 Quene.

68 1942 52 21 And
130 1942 41 19 she
181 1946 45 14 was
234 1939 27 20 to
269 1937 47 20 him
327 1937 69 19 tweae
405 1934 35 20 for

68 1981 55 24 Ben
136 1979 116 24 Johnson
264 1975 76 25 wrote
349 1981 5 15 :

68 2029 116 25 Marriage
194 2025 79 23 Love's
282 2022 75 28 object
366 2021 32 25 is;
410 2021 24 20 at
443 2019 75 21 whose
527 2017 80 26 bright

473 2059 51 20 eyes

69 2101 36 20 He
114 2099 75 26 lights
199 2096 36 20 his
244 2094 88 22 torches
342 2091 46 22 and
406 2090 55 21 calls
469 2088 64 21 them
542 2087 37 20 his

458 2123 67 23 skies,

69 2168 45 20 For
123 2167 43 19 her
174 2165 30 19 he
213 2162 73 26 wings
295 2160 37 21 his
342 2156 117 24 shoulders
469 2155 46 20 and
524 2153 56 22 doth

494 2187 31 27 fly

70 2236 32 19 To
112 2235 42 19 her
163 2231 69 21 white
241 2230 76 20 bosom
328 2233 25 14 as
362 2225 36 21 his
408 2223 129 25 sanctuary.

73 2270 44 20 She
128 2268 76 19 makes
213 2264 49 20 him
272 2261 64 22 smile
346 2261 24 19 m
380 2262 100 17 sorrows,
495 2255 47 21 and
551 2255 57 20 doth

459 2289 69 22 stand

78 2337 76 21 Twixt
163 2335 48 20 him
221 2332 45 22 and
276 2330 31 22 all
316 2328 73 21 wants
397 2326 57 22 with
462 2325 42 21 her
515 2323 67 22 silver

106 2413 68 24 Love
184 2412 22 23 is
226 2410 43 24 the
292 2405 115 28 essential
431 2402 27 26 of
478 2400 130 31 marriage,

74 2458 49 26 and
135 2455 105 27 without
252 2452 51 27 this
314 2452 21 25 it
346 2451 21 25 is
388 2446 131 33 unworthy
531 2444 27 27 of
567 2445 43 26 the

74 2510 83 19 name.
191 2501 68 24 Love
270 2500 22 23 is
302 2498 33 24 its
349 2495 50 26 sole
411 2492 149 28 sacrament.
572 2490 39 25 Its

74 2548 105 31 religion
187 2547 22 23 is
221 2545 43 25 the
274 2541 65 26 bond
346 2541 27 25 of
381 2536 146 34 reciprocity
537 2542 6 22 ;
556 2534 55 24 love

75 2595 38 23 for
132 2593 62 26 love,
213 2589 61 31 duty
297 2586 37 25 for
356 2584 69 31 duty,
444 2579 108 31 chastity
574 2577 38 25 for

75 2637 118 29 ahastitp.
228 2633 22 24 A
262 2628 119 28 so-called
403 2625 123 31 marriage
538 2622 71 25 with-

76 2682 44 25 out
132 2678 104 32 religion
258 2676 22 24 is
301 2682 15 17 a
335 2669 176 31 no-marriage,
535 2668 44 24 but
599 2673 15 17 a

76 2725 81 27 sham,
166 2730 15 16 a
192 2718 166 32 meaningless
371 2720 133 24 ceremony,
518 2709 94 32 though

77 2769 35 26 all
125 2768 42 24 the
179 2764 103 26 motives
291 2762 98 29 destroy
400 2758 33 25 its
445 2755 106 31 sancity,
565 2752 50 26 and

76 2812 90 26 sender
177 2812 21 23 it
209 2805 125 32 naturally
346 2803 54 26 null
412 2802 49 25 and
473 2799 64 26 void.
563 2798 52 24 Yet

78 2859 27 23 m
118 2856 35 24 all
165 2852 89 33 grades
274 2849 111 25 matches
397 2854 42 16 are
457 2844 74 25 made
550 2842 65 24 from

78 2902 79 27 these,
170 2896 51 26 and
232 2903 42 17 are
285 2892 80 26 called
377 2889 142 31 marriages.
532 2886 83 31 Every

80 2946 47 31 day
151 2943 43 24 the
216 2946 89 26 papers
316 2937 44 25 tell
386 2943 29 16 us
434 2934 27 24 of
481 2931 148 51 ma^r^ffi*

82 2990 55 24 that
149 2988 62 23 have
222 2984 64 25 been
490 2984 28 17 as
530 2969 98 56 SjjPS

80 3032 52 27 real
142 3028 120 32 marriage
274 3024 72 28 could
358 3024 30 24 be
399 3010 230 60 arranged.l^p

81 3086 46 17 oan
140 3075 64 26 their
216 3070 85 34 sequel
322 3070 38 28 be,
379 3070 85 27 except
487 3056 143 55 rais^^B

81 3122 43 25 the
136 3119 106 25 Divorce
254 3114 79 25 Court
342 3113 12 24 ?
367 3111 83 30 Every
461 3107 87 30 manly
559 3097 70 32 man*

83 3164 49 26 and
145 3159 119 32 womanly
287 3163 99 19 woman
401 3154 65 24 must
477 3150 74 26 needs
572 3148 47 26 feel

84 3217 27 17 as
123 3207 41 25 old
177 3205 107 25 Warner
296 3209 56 23 says
363 3207 5 16 :

164 3247 110 30 peasants
283 3245 73 21 marte
365 3242 60 21 their
434 3239 132 26 marriages,

71 3284 28 23 4f>
166 3283 51 21 And
227 3281 76 22 thrive
312 3279 26 20 at
346 3275 175 29 p-*radventure,

112 3321 11 21 I
132 3320 51 20 love
193 3317 36 21 for
237 3316 58 23 love,
309 3319 30 15 no
348 3310 78 29 gentle
434 3308 68 21 heart

167 3348 87 24 Should
262 3348 65 24 fancy
335 3345 32 26 by

118 3387 66 25 How
196 3390 75 24 many
292 3379 27 26 of
337 3386 45 18 our
401 3377 56 25 bast
476 3380 98 20 women
593 3372 29 25 m

85 3431 83 27 feudal
184 3429 74 25 times
269 3424 91 32 sought
372 3422 83 30 refuge
465 3419 28 25 m
504 3418 117 31 religious

85 3481 68 20 vows
182 3472 65 24 from
275 3466 141 32 disgusting
438 3470 28 18 or
484 3460 138 33 oppressive

86 3517 135 30 marriages
231 3514 12 23 ?
261 3512 64 25 How
337 3516 75 23 m»ny
425 3506 99 25 abstain
536 3506 32 23 to-
575 3503 47 30 day

87 3562 106 26 without
215 3557 79 32 flying
311 3556 26 23 to
358 3550 143 29 nunneries,
520 3550 103 23 because

88 3608 26 25 of
124 3607 42 24 the
177 3600 110 34 unequal
306 3598 137 27 conditions
454 3596 26 25 of
503 3595 44 25 the
559 3601 63 18 mar-

89 3652 69 29 riage
186 3648 92 31 system
302 3642 82 26 which
407 3641 72 24 exact
502 3647 27 16 so
549 3637 75 25 much

88 3696 66 24 from
166 3699 44 17 our
222 3698 51 20 sex,
285 3688 49 24 and
346 3685 104 34 permits
462 3691 27 17 bo
513 3685 73 21 much
598 3683 26 22 to

91 3739 41 26 the
156 3734 89 27 other?
262 3731 66 26 Who
351 3738 45 17 can
418 3727 86 26 reflect
527 3733 33 18 on
582 3725 42 25 the

90 3779 127 35 appalling
227 3776 104 26 amount
348 3774 27 26 of
396 3771 112 28 enforced
532 3771 93 25 mater-

91 3828 55 30 nity
168 3824 27 25 of
216 3823 43 24 the
271 3821 109 25 millions
399 3818 56 26 who
467 3824 42 18 are
520 3814 105 32 morally

92 3870 49 26 and
168 3865 134 34 physically
332 3862 117 31 outraged
481 3859 79 25 under
582 3858 44 25 the

43 3927 12 10 *
94 3912 113 27 sanction
217 3908 26 26 of
252 3908 47 25 law
311 3906 49 25 and
370 3905 124 31 marriage
504 3903 120 26 custom**,

93 3955 107 26 without
212 3950 151 31 shuddering
374 3950 26 23 at
412 3947 59 26 such
495 3952 131 19 enormous

95 3999 92 30 cruelty
199 3997 12 23 ?
240 3995 91 25 Where
353 3993 22 24 is
403 3992 44 24 the
469 3989 104 32 religion
602 3988 27 25 of

95 4041 121 31 marriage
239 4038 69 25 when
331 4035 105 26 delicate
458 4040 96 19 women
577 4031 51 25 and

94 4087 133 25 immature
238 4081 110 25 maidens
359 4087 41 18 are
411 4077 124 33 subjected
546 4078 27 23 to
584 4075 45 25 the

95 4128 119 32 brutality
236 4126 27 26 of
278 4125 66 27 male
365 4124 53 25 lust
445 4121 51 26 and
520 4122 108 30 tyranny

95 4174 105 26 without
210 4171 57 31 help
278 4178 28 17 or
317 4168 105 29 redress,
439 4166 51 26 and
507 4173 42 17 are
560 4171 68 18 com-

95 4216 83 35 pelled
197 4217 26 23 to
242 4214 59 25 bear
323 4211 110 26 children
443 4210 99 32 against
563 4207 67 26 their

97 4262 59 28 will,
185 4267 60 17 even
266 4256 95 33 though
384 4255 66 25 their
471 4253 85 26 health
579 4251 50 26 and

97 4307 63 24 lives
179 4303 31 26 be
222 4300 127 27 sacrificed
370 4299 32 33 by
414 4299 20 25 it
444 4300 11 24 ?
473 4298 26 25 If
509 4295 119 35 splended

222 4345 119 25 demands
368 4343 134 26 inheritors
524 4341 33 32 by
580 4347 50 24 any

98 4399 88 19 means
213 4390 138 28 whatever;
368 4387 22 24 if
409 4393 144 23 mercenary
574 4387 55 21 nat-

101 4444 56 17 ures
168 4442 40 18 Bre
220 4432 93 32 willing
332 4435 27 22 to
379 4434 79 22 marte
480 4428 67 26 their
569 4434 62 18 mar-

102 4482 96 29 riages;
216 4477 20 24 if
255 4484 67 17 some
333 4479 69 21 must
425 4482 84 24 marry
520 4472 61 32 only
593 4472 38 24 be-

102 4531 72 20 cause
185 4522 58 32 they
371 4526 6 23 ;
396 4522 40 30 yet
448 4519 35 25 let
501 4519 46 24 not
558 4515 35 27 all
605 4517 28 23 be

623 184 96 24 classed
742 184 72 25 alike.
851 184 81 26 There
952 187 22 24 is
987 187 51 25 still
1061 197 14 16 a
1095 189 67 31 large

624 228 144 32 proportion
792 229 26 25 of
839 230 56 24 true
915 238 60 17 men
987 231 48 25 and
1058 239 104 21 women,

625 273 56 24 who
693 273 69 24 unite
788 272 65 26 from
876 275 100 24 mutual
999 277 90 23 esteem
1113 274 49 25 and

626 316 66 25 their
721 316 118 32 religious
868 317 113 25 instinct.
1027 318 48 26 Let
1098 327 64 16 mar-

625 360 88 32 riages,
732 360 69 30 then,
814 361 30 25 be
856 361 110 32 guarded
978 363 50 24 and
1039 362 125 25 classified

627 407 24 22 to
666 405 51 24 suit
741 405 33 24 all
799 407 73 26 forts,
902 405 51 25 and
973 406 62 24 then
1058 405 35 25 all
1114 405 50 25 will

626 449 72 25 know
710 449 69 25 what
791 450 26 24 to
829 451 96 30 expect.
961 450 45 25 We
1030 448 66 26 shall
1119 450 45 24 not

626 494 95 31 require
744 493 107 31 honesty
868 494 65 24 from
956 493 43 25 the
1023 494 139 29 dishonest,

627 546 44 17 nor
683 537 133 33 sympathy
825 538 65 25 from
903 538 40 25 the
955 537 138 32 unfeeling,
1115 544 49 24 any

626 590 68 17 more
707 582 63 25 than
793 591 33 16 we
848 582 59 25 look
929 582 39 25 for
990 589 87 25 grapes
1100 581 64 25 from

627 627 97 28 thorns,
743 634 28 17 or
781 626 50 32 figs
845 626 63 24 from
921 626 109 24 thistles-
1066 625 97 27 Barter,

627 672 58 27 sale,
703 671 63 28 love,
780 671 49 23 and
839 670 59 24 each
910 678 16 16 a
936 669 93 25 motive
1042 669 24 24 of
1078 668 84 25 union.

626 714 48 25 Let
686 721 29 16 us
727 715 46 23 not
781 716 106 28 attempt
896 715 26 22 to
935 713 106 31 sanctify
1051 711 35 26 all
1095 711 69 25 these

627 758 61 26 with
712 758 42 24 the
766 765 68 17 same
846 765 139 23 ceremony,
1004 756 21 25 if
1035 762 129 24 ceremony

628 803 70 25 there
710 803 68 25 must
790 802 35 30 be,
844 801 46 25 but
908 802 27 24 to
953 801 55 31 give
1021 808 14 16 a
1059 798 106 26 snirable

628 847 50 24 and
691 846 141 25 distinctive
856 853 47 17 one
923 846 27 23 to
970 844 70 25 each.
1084 842 80 28 Then,

628 890 32 32 by
673 889 148 26 admiration
834 889 27 24 of
872 889 43 24 the
927 887 101 29 loftiest,
1042 886 44 25 the
1095 885 71 25 baser

628 934 77 25 forms
717 933 51 25 will
780 932 38 24 die
841 932 52 24 out.
929 930 72 25 Then
1011 929 106 32 religion
1138 928 28 24 m

629 977 120 32 marriage
778 976 52 25 will
857 976 99 24 become
976 974 188 31 all-important.

629 1022 112 25 Mothers
753 1020 52 25 will
827 1021 71 24 learn
910 1018 74 31 again
996 1019 27 23 to
1046 1024 60 25 pray
1125 1016 39 24 for

629 1066 41 25 the
682 1066 92 24 advent
794 1064 27 24 of
842 1063 64 25 their
928 1062 86 25 babies
1037 1068 27 17 as
1088 1060 38 25 for
1150 1067 16 17 a

628 1116 81 17 crown
721 1107 27 25 of
757 1107 79 31 glory,
855 1105 50 24 and
928 1105 26 24 to
966 1104 60 25 hear
1037 1103 44 24 the
1093 1102 72 25 whis-

629 1152 99 31 perings
740 1150 27 25 of
775 1149 111 32 inspired
898 1148 50 25 and
971 1147 122 30 heavenly
1104 1146 57 24 visi-

630 1197 67 24 tants
709 1194 94 32 saying,
938 1190 57 26 that
1018 1191 40 24 art
1080 1188 87 33 highly

629 1237 118 30 fayoured
758 1238 5 23 !
794 1235 104 26 Blessed
927 1236 39 23 art
990 1233 62 25 thou
1075 1240 92 23 among

630 1289 103 21 women,
746 1280 50 26 and
807 1278 97 26 blessed
914 1279 22 24 is
959 1278 43 25 the
1015 1277 60 24 fruit
1087 1275 27 26 of
1122 1275 45 32 thy

630 1326 80 25 womb

647 1464 71 25 THE
738 1461 140 26 OXFORD
896 1459 131 26 RELIEF
1044 1457 106 31 FUND.

664 1553 52 24 The
744 1550 128 31 following
891 1548 122 32 telegram
1041 1549 47 22 has
1106 1546 50 24 bee]

630 1595 111 27 received
753 1596 31 30 by
796 1594 40 24 Mr
848 1591 137 26 Meredith.

697 1660 31 25 R.
747 1657 132 30 Meredith,
894 1657 63 31 Esq.
994 1655 106 25 M.H.R.

866 1711 104 29 Ashley,
989 1709 134 32 Rangiora.

665 1758 67 32 Very
754 1755 102 34 pleased
875 1754 89 25 indeed
984 1755 26 23 to
1033 1753 60 24 hear
1113 1751 57 25 that

630 1810 49 24 you
692 1808 42 18 are
745 1801 27 23 at
784 1800 43 24 the
839 1806 72 17 scene
923 1792 175 36 ofsuffering,
1119 1794 50 25 and

632 1845 73 21 Wnnw
720 1843 69 28 Jfoat
815 1840 120 34 practical
963 1840 132 33 sympathy
1124 1838 46 25 has

632 1888 63 27 been
724 1887 87 26 shown
834 1888 27 23 to
881 1885 73 25 those
977 1883 57 26 who
1057 1883 62 25 have
1144 1890 26 17 so

632 1931 141 34 repeatedly
791 1932 49 22 met
858 1929 60 24 with
941 1935 119 17 reverses.
1103 1926 69 31 Keep

634 1984 37 18 me
682 1974 88 33 posted
781 1981 33 18 on
835 1974 95 26 events,
949 1971 50 25 and
1018 1970 23 25 if
1058 1970 69 25 there
1149 1969 23 25 is

634 2019 120 33 anything
766 2017 56 26 that
844 2024 49 23 you
914 2016 70 25 deem
996 2021 131 24 necessary
1146 2015 27 23 to

633 2065 31 25 be
684 2064 65 25 done
766 2062 33 32 by
822 2061 174 26 Government
1018 2059 14 24 I
1056 2057 65 26 shall
1144 2057 28 25 be

634 2108 58 32 only
709 2110 42 21 too
770 2104 101 33 pleased
893 2106 25 23 to
941 2104 56 31 give
1019 2102 41 25 the
1082 2102 92 24 matter

634 2149 144 28 favourable
801 2147 193 28 consideration.

733 2217 31 25 R.
784 2216 26 25 J.
831 2214 139 28 SEDDON

869 2280 128 25 Hokitika.

671 2371 41 25 Mr
723 2369 125 26 Meredith
870 2369 55 24 sent
938 2367 43 25 the
1001 2365 127 31 following
1139 2372 37 16 re-

637 2417 42 32 ply
787 2412 87 26 behalf
900 2412 27 24 of
965 2410 93 26 Oxford
1086 2408 93 33 People

637 2464 14 25 I
669 2461 82 28 thank
780 2468 49 25 you
851 2458 39 26 for
907 2466 62 25 your
988 2456 156 33 expressions
1154 2454 28 27 of

639 2508 141 35 sympathy,
805 2507 72 32 spent
897 2504 35 26 all
951 2504 48 32 day
1023 2502 112 32 Monday
1152 2502 27 24 m

640 2555 93 26 Oxford
759 2553 105 26 District
893 2551 85 32 seeing
1008 2550 115 24 sufferers
1152 2556 28 17 or

640 2608 73 18 scene
763 2599 26 24 of
827 2598 53 30 fire,
900 2595 51 26 and
973 2594 127 32 inquiring
1127 2593 53 24 into

641 2648 66 26 their
729 2646 89 29 losses,
844 2644 36 26 all
908 2645 94 30 danger
1030 2649 53 17 now
1112 2648 68 21 over,

641 2694 80 30 heavy
733 2690 56 25 rain
801 2688 110 31 Monday
923 2684 175 34 extinguished
1115 2684 65 28 fires,

643 2737 95 32 though
755 2736 79 24 losses
863 2733 81 32 great,
962 2730 88 33 people
1073 2729 110 26 cheerful

643 2781 50 26 and
705 2777 157 29 self-reliant.
898 2775 91 26 Public
1012 2774 64 25 have
1095 2781 87 25 organ-

643 2826 52 25 ised
712 2823 75 26 relief
805 2821 157 27 Committee,
980 2818 118 32 practical
1119 2826 64 23 sym-

644 2871 77 33 pathy
733 2867 128 34 generally

634 2955 25 19 %
672 2948 211 28 *'*-^v^^B.
902 2944 198 28 MEREDITH.

649 3175 158 60 LOCAL
839 3175 95 60 and
966 3175 222 60 GENERAL

681 3298 132 26 Meeting.
816 3310 32 4 —
850 3295 20 24 A
883 3293 112 32 meeting
1007 3292 27 25 of
1052 3291 44 26 the
1116 3291 73 25 Com-

647 3344 88 24 mittee
747 3340 27 26 of
783 3340 44 25 the
846 3338 94 26 Oxford
953 3337 58 25 Fire
1023 3335 82 26 Relief
1115 3334 75 25 Fund

648 3387 53 26 will
711 3386 30 25 be
752 3384 59 26 held
822 3387 27 22 at
860 3383 44 26 the
915 3381 108 32 Library
1032 3382 27 23 at
1068 3381 16 23 8
1096 3378 94 26 o'clock

650 3429 122 33 to-night.

684 3507 142 26 Wesleyan
858 3504 156 26 .Methodist
1043 3500 114 26 Church.
1159 3513 33 6 —

651 3551 85 32 Owing
764 3550 27 25 to
820 3548 42 26 the
901 3545 124 33 damaged
1065 3543 127 27 condition

651 3594 106 33 through
769 3593 44 25 the
824 3593 51 25 late
886 3592 61 25 Nor'
952 3590 71 25 West
1035 3589 56 32 gale
1103 3588 28 25 of
1149 3588 42 24 the

652 3640 70 25 West
751 3636 93 26 Oxford
867 3634 111 30 Church,
1019 3632 44 25 the
1088 3631 106 31 Sunday

653 3683 110 26 Services
775 3681 50 25 will
847 3679 32 25 be
895 3678 60 25 held
975 3677 27 25 m
1023 3676 42 26 the
1091 3675 101 25 Central

653 3726 136 26 Meihodist
812 3723 103 26 Church
940 3721 66 25 until
1032 3719 97 25 further
1149 3724 44 20 no-

651 3769 62 28 ticed
721 3790 6 7 ,

686 3855 80 25 W.A.
776 3853 71 25 W.S.
863 3852 132 25 Board.—
996 3850 54 24 The
1068 3848 127 31 following

653 3895 73 25 letter
737 3893 47 24 has
796 3891 64 26 been
870 3888 132 28 addressed
1015 3889 25 23 to
1052 3888 42 24 the
1107 3886 86 32 Right.

654 3936 68 25 Hon.
736 3935 42 23 the
789 3931 113 26 Premier
910 3930 33 31 by
952 3929 52 25 the-
1008 3928 85 25 Water
1100 3926 93 26 Board.

721 3975 69 24 Dear
802 3972 50 25 Sir.

687 4015 14 25 I
710 4021 42 18 am
760 4010 133 34 requested
903 4010 32 31 by
947 4010 44 23 tne
997 4007 85 25 Board
1093 4011 24 20 to
1124 4007 71 31 point

654 4055 46 25 out
721 4053 43 25 the
774 4051 155 31 importance
948 4046 28 26 of
994 4045 148 32 instituting
1161 4052 34 18 an

654 4093 100 33 inquiry
766 4090 62 26 with
848 4089 43 25 the
910 4088 63 24 least
993 4084 109 34 possible
1121 4084 74 32 delay

655 4133 54 25 into
721 4131 41 25 the
774 4136 74 18 cause
859 4127 27 25 of
907 4126 44 25 the
970 4126 50 25 late
1039 4123 47 26 fire
1105 4123 28 24 m
1152 4122 43 26 the

656 4170 90 26 Mount
757 4166 94 27 Oxford
868 4164 80 30 Bush,
967 4162 81 27 which
1068 4161 48 25 has
1136 4160 55 26 seri-

656 4211 73 31 ously
747 4207 100 32 injured
870 4212 85 19 source
973 4203 28 25 of
1016 4203 43 25 the
1077 4201 120 32 Cooper's

656 4252 78 26 Creek
747 4248 87 26 Water
855 4245 105 33 Supply,
978 4243 44 26 the
1041 4241 154 26 destruction

657 4290 27 26 of
693 4290 45 25 the
761 4286 78 29 bush.
843 4285 106 30 tending
966 4286 25 21 to
1014 4281 126 31 endanger
1162 4281 35 24 its

656 4333 174 28 permanency.
875 4323 67 24 I»m
954 4321 54 24 also
1027 4319 132 32 requested
1170 4320 27 24 to

658 4368 103 31 suggest
773 4365 56 26 that
838 4359 207 31 thejCommittee
1056 4358 28 26 of
1092 4358 105 32 Inquiry

658 4406 91 28 should
760 4405 84 26 advise
855 4410 29 18 as
896 4404 26 23 to
935 4402 181 23 the-measurcs
1128 4401 26 22 to
1166 4398 31 24 be

660 4445 105 33 adopted
788 4445 26 24 to
830 4441 80 33 repair
931 4441 44 24 the
997 4438 107 43 damage
1113 4428 84 43 jone,

660 4486 50 28 and
722 4488 26 23 to
759 4484 104 33 present
874 4482 34 24 its
919 4485 146 21 recurrenee
1062 4496 18 10 JU
1083 4477 50 25 and
1143 4476 56 35 th£t

660 4526 52 26 this
722 4521 85 30 Board
814 4521 32 26 be
857 4516 158 36 represented
1024 4523 34 19 on
1069 4514 45 28 the
1126 4514 72 27 Com-

1192 192 96 30 mittee,
1307 198 27 18 as
1347 191 20 25 it
1378 191 30 26 is-
1412 191 135 25 interested
1564 191 28 24 m
1610 191 43 24 the
1674 197 56 18 con-

1192 231 123 24 servation
1328 229 27 25 of
1364 230 44 24 the
1418 228 91 26 Forest
1527 229 39 25 for
1577 229 44 25 the
1634 229 59 25 sake
1705 230 26 23 of

1192 269 117 31 Cooper's
1323 268 79 25 Creek
1415 267 85 25 Water
1513 266 104 32 Supply.

1324 306 15 24 I
1356 306 104 28 remain,

1393 344 85 24 Yours
1495 342 142 32 obediently

1194 384 106 33 (signed)
1380 386 100 28 George
1491 382 95 32 Phipps
1600 381 130 29 Williams,

1343 422 126 33 Engineer
1480 424 26 23 to
1518 422 43 25 the
1573 421 90 25 Board.

1226 515 79 25 Note.
1307 529 32 4 —
1342 515 81 24 When
1447 515 65 23 town
1536 511 131 26 travellers
1687 510 44 24 ask

1193 560 36 24 for
1240 559 113 32 printing
1364 558 90 29 orders,
1475 557 30 24 do
1529 555 115 25 business
1673 562 59 17 men

1193 602 149 31 sufficiently
1362 600 113 26 consider
1496 599 65 25 what
1583 598 21 24 it
1623 605 86 17 means
1720 598 12 24 ?

1192 647 26 23 If
1227 645 44 26 the
1284 644 64 25 work
1359 645 20 23 is
1392 644 64 24 done
1467 642 91 32 locally
1579 643 26 22 at
1617 642 63 24 least
1700 642 31 24 75

1193 697 43 24 per
1248 690 66 23 cent,
1326 695 57 23 goes
1396 686 62 25 back
1470 685 132 31 indirectly
1614 685 25 24 to
1651 683 78 25 them.

1194 732 26 24 If
1230 732 56 25 sent
1298 739 69 23 away
1387 730 61 31 they
1471 729 31 24 do
1524 729 46 23 not
1593 728 42 30 get
1657 728 13 22 5
1691 734 42 23 per

1193 777 57 25 cent
1262 776 27 24 of
1300 776 20 24 it
1339 774 72 25 back.
1447 771 94 27 Oxford
1561 769 172 33 tradespeople

1194 821 91 25 should
1296 821 58 24 bear
1376 819 28 24 m
1423 816 72 26 mind
1519 816 49 25 and
1588 814 60 26 send
1668 813 66 25 their

1194 865 82 24 orders
1288 867 26 22 to
1326 863 44 25 the
1383 861 94 26 Oxford
1490 860 119 25 Observer
1622 857 85 25 Office.

1227 946 85 25 Local
1347 944 136 25 Option.—
1487 942 47 25 Wl.
1536 944 27 23 at
1600 941 23 24 is
1657 939 78 26 Local

1195 990 112 32 Option?
1326 988 75 32 Why,
1431 986 112 26 whether
1571 993 49 24 you
1648 991 32 25 go
1709 984 26 24 to

1195 1033 179 27 Christchurch
1394 1031 48 25 and
1467 1038 49 25 pay
1528 1031 54 24 30s.
1603 1028 38 26 for
1651 1035 16 17 a
1685 1027 50 25 suit

1195 1078 26 23 of
1252 1076 107 32 Kaiapoi
1393 1075 90 24 Tweed
1517 1082 28 15 or
1573 1074 41 29 get
1637 1080 46 16 one
1709 1071 26 23 at

1195 1120 120 29 Parish's,
1336 1119 65 25 East
1425 1117 101 28 Oxford,
1545 1117 37 24 for
1605 1117 55 23 21s.

1229 1164 30 24 R.
1277 1163 34 25 H.
1323 1162 90 25 Parish
1425 1162 22 24 is
1458 1169 57 16 now
1528 1158 104 32 making
1653 1157 82 24 Men's

1197 1208 70 25 Suits
1279 1209 26 22 to
1318 1206 72 25 order
1401 1205 64 25 from
1480 1204 38 25 £2
1531 1205 53 23 15s.

1229 1306 180 24 Influenza.—
1415 1302 62 25 Now
1496 1301 51 24 tliis
1576 1299 121 33 epidemic
1715 1298 10 24 i
1726 1297 12 18 s

1196 1349 131 30 becoming
1337 1346 130 32 prevalent
1474 1353 38 17 we
1524 1343 113 32 strongly
1646 1349 90 18 recom-

1197 1391 73 25 mend
1282 1391 44 25 the
1337 1390 51 24 free
1400 1396 45 17 use
1458 1388 26 24 of
1496 1387 125 31 Platypus
1628 1385 86 25 Brand
1723 1391 15 18 o

1197 1435 155 31 Eucalyptus
1366 1432 125 25 Globulus
1519 1431 114 26 Extract,
1662 1428 76 25 taken

1198 1486 67 24 upon
1288 1485 74 23 sugar
1390 1484 28 17 or
1437 1475 28 24 m
1488 1473 72 25 milk.
1596 1471 54 25 The
1672 1471 67 25 most

1197 1522 116 33 pleasant
1324 1528 54 24 way
1389 1520 26 25 to
1424 1518 58 26 tako
1493 1515 157 33 Eucalyptus
1672 1514 22 25 is
1712 1515 27 24 m

1197 1567 44 24 the
1274 1565 116 31 Platypus
1419 1561 88 26 Brand
1535 1560 27 26 of
1584 1558 155 32 Eucalyptus

1197 1598 117 33 Jujubes.
1350 1597 70 32 They
1432 1604 43 17 are
1484 1595 27 25 m
1528 1593 62 26 such
1603 1601 15 17 a
1628 1591 111 33 portable

1197 1640 72 27 form,
1282 1639 116 31 pleasant
1409 1638 26 23 to
1446 1637 75 26 taste,
1540 1633 50 26 and
1608 1632 131 31 antiseptic

1198 1678 141 25 stimulant.

1278 1880 140 40 CYCLING
1443 1879 32 39 IN
1500 1877 161 43 ENGLAND.

1236 2044 53 26 The
1301 2043 71 32 Lady
1392 2042 108 33 Cyclists
1525 2039 153 27 Association
1697 2038 45 25 has

1202 2084 60 25 held
1290 2092 33 16 an
1345 2082 94 25 annual
1461 2080 110 31 meeting
1593 2079 63 24 with
1667 2077 76 25 doors

1202 2122 80 25 closed
1296 2124 26 22 to
1335 2121 34 24 all
1381 2120 46 25 but
1439 2128 14 15 a
1465 2117 137 33 privileged
1613 2117 55 24 few.
1689 2115 54 24 The

1206 2162 155 26 Association
1389 2161 21 24 is
1439 2159 110 25 manned
1578 2157 33 31 by
1634 2164 108 21 women,

1204 2204 91 31 mostly
1316 2202 27 26 of
1361 2201 44 25 the
1430 2200 94 25 newest
1545 2197 51 26 and
1619 2198 125 30 strongest

1204 2244 83 24 views.
1321 2242 38 24 To
1382 2240 66 25 their
1472 2239 132 32 gathering
1627 2244 52 18 was
1700 2237 42 24 ad-

1204 2280 88 26 mitted
1306 2288 15 17 a
1332 2279 60 24 bold
1411 2277 47 25 bad
1471 2284 59 17 man
1550 2277 25 23 m
1589 2275 44 25 the
1653 2281 89 25 person

1205 2322 27 26 of
1249 2321 41 25 Mr
1310 2320 26 25 J.
1359 2319 32 24 K.
1418 2318 106 31 Starley,
1554 2316 57 25 who
1633 2313 111 27 lectured

1206 2361 70 25 them
1288 2357 227 30 condescendingly
1535 2354 62 26 with
1609 2353 135 25 time-hon-

1208 2398 76 26 oured
1293 2396 140 34 platitudes
1444 2403 35 17 on
1502 2393 75 32 going
1589 2391 94 32 slowly,
1708 2400 36 16 es-

1206 2439 106 34 pecially
1334 2436 100 34 up-hill,
1460 2434 50 27 and
1533 2434 74 40 n^uch
1630 2440 70 19 more
1723 2432 21 27 of

1208 2480 42 24 the
1262 2486 69 18 same
1343 2479 61 24 sort.
1559 2476 2 3 '

1470 2529 14 14 if-

1242 2546 54 25 The
1320 2553 45 23 apo
1369 2543 77 26 thesis
1469 2542 27 25 of
1516 2543 41 24 the
1580 2541 85 32 racfng
1688 2547 60 18 man

1209 2595 56 23 may
1288 2587 29 24 be
1329 2584 96 26 carried
1447 2585 42 24 too
1501 2583 46 28 far,
1560 2581 49 26 and
1632 2588 84 18 excess
1727 2580 22 25 is

1209 2627 43 24 the
1265 2625 106 32 keynote
1382 2624 26 25 of
1419 2623 42 24 the
1470 2623 49 24 late
1531 2620 95 26 Arthur
1632 2620 117 24 Linton's

1209 2673 93 18 career.
1338 2664 41 24 He
1390 2662 59 26 rod<3
1462 2663 41 24 too
1515 2660 86 29 much,
1611 2660 50 25 and
1669 2658 81 26 rested

1211 2706 41 23 too
1263 2703 75 26 little,
1363 2702 33 24 he
1408 2700 62 25 nsed
1490 2700 40 24 his
1542 2698 51 25 will
1615 2705 96 24 powers
1724 2704 26 17 so

1211 2752 28 17 as
1251 2745 25 24 to
1289 2743 76 25 abuse
1376 2741 41 25 his
1429 2739 128 26 muscular
1575 2745 102 25 powers,
1702 2736 50 26 and

1211 2783 143 33 prostrated
1377 2780 103 27 himself
1507 2788 28 17 so
1563 2778 57 26 that
1648 2776 104 34 typhoid

1213 2824 68 24 fever
1293 2820 96 26 carried
1400 2820 55 24 him
1465 2819 36 24 off
1510 2818 73 24 when
1594 2818 22 24 it
1636 2815 116 27 attacked

1213 2861 62 25 him.
1310 2860 26 25 It
1349 2867 50 17 was
1411 2865 16 17 a
1439 2857 45 25 sad
1496 2858 69 30 story
1576 2855 28 26 of
1613 2853 139 33 misguided

1213 2900 78 33 youth
1322 2898 49 26 and
1399 2895 159 27 misdirected
1587 2901 98 25 energy,
1718 2892 37 25 for

1216 2940 94 24 Linton
1321 2944 50 17 was
1383 2944 16 17 a
1407 2934 109 32 straight
1524 2933 49 26 and
1580 2933 92 31 plucky
1681 2931 72 29 rider,

1206 3050 245 39 ;Mfe&a9ffirffiSi
1448 3039 74 45 :^

1218 3138 81 24 statue
1312 3136 24 24 to
1349 3133 40 26 his
1410 3124 358 40 memory^rDFtnV*Mim^re

1217 3176 83 24 Place.

1252 3258 39 23 An
1319 3255 139 31 important
1501 3253 73 24 evait
1612 3251 46 24 has
1682 3249 75 25 taken

1218 3299 70 31 place
1299 3296 26 25 m
1346 3295 44 25 the
1409 3292 90 26 formal
1521 3293 42 24 act
1585 3291 27 25 of
1633 3289 125 27 secession

1218 3339 64 25 from
1296 3337 43 24 the
1352 3333 118 27 National
1491 3333 106 31 Cyclists
1618 3331 87 25 Union
1726 3330 33 31 by

1219 3378 44 25 the
1275 3374 81 27 North
1368 3372 72 27 Road
1460 3371 104 33 Cycling
1576 3369 74 30 Club,
1669 3368 89 33 chiefly

1219 3424 34 17 on
1264 3415 43 26 the
1317 3412 97 33 ground
1432 3410 27 26 of
1469 3410 43 26 the
1524 3409 86 25 Union
1630 3408 75 31 lately
1717 3407 41 25 de-

1219 3456 100 30 creeing
1338 3453 58 25 that
1406 3458 66 18 none
1483 3449 27 26 of
1519 3450 35 24 its
1573 3448 110 26 licensed
1700 3455 59 17 men

1220 3495 80 32 might
1312 3493 57 25 take
1381 3492 55 31 part
1444 3491 23 23 m
1481 3498 15 16 a
1505 3490 59 24 road
1574 3491 82 22 event.-

1219 3534 45 31 ing
1286 3532 57 32 part
1486 3526 59 26 held
1568 3528 25 24 to
1617 3533 73 18 cover
1717 3525 42 25 the

1220 3571 115 31 handing
1347 3576 33 25 up
1392 3568 26 25 of
1429 3575 16 16 a
1456 3566 73 25 drink
1541 3568 26 22 to
1578 3573 16 17 a
1605 3571 61 18 man
1688 3563 72 25 while

1220 3610 61 26 road
1293 3608 94 31 racing,
1401 3614 28 17 as
1440 3605 55 25 well
1506 3612 29 17 as
1546 3604 99 31 timing,
1667 3602 91 25 check-

1220 3651 46 30 ing
1277 3657 27 17 or
1324 3646 122 30 assisting
1456 3645 27 24 m
1504 3651 50 25 any
1566 3651 61 23 way,
1651 3643 19 24 it
1683 3643 20 24 is
1715 3643 46 24 not

1221 3693 27 23 to
1259 3690 31 24 be
1310 3684 130 28 wondered
1451 3684 57 25 that
1528 3684 42 25 the
1582 3683 83 25 North
1689 3682 72 26 Road

1222 3730 104 33 Cycling
1338 3726 74 30 Club,
1430 3724 88 32 chiefly
1529 3731 32 18 on
1573 3723 42 25 the
1626 3722 98 33 ground
1736 3722 28 26 of

1222 3770 43 25 the
1277 3767 86 26 Union
1374 3763 77 33 lately
1469 3761 131 31 decreeing
1619 3761 57 25 that
1694 3768 67 19 none

1222 3810 27 25 of
1258 3810 34 24 its
1303 3804 108 28 licensed
1423 3811 60 18 men
1493 3802 84 32 might
1588 3801 58 25 take
1667 3804 56 29 part
1734 3802 27 25 m

1222 3862 16 17 a
1249 3851 61 26 road
1322 3850 83 26 event.
1688 3845 75 32 being

1223 3890 58 26 held
1298 3891 26 23 to
1347 3893 71 21 cover
1439 3884 45 26 the
1505 3883 115 31 handing
1641 3890 35 24 up
1698 3883 28 25 of
1747 3891 16 18 a

1313 3929 27 23 to
1350 3934 15 15 a
1376 3931 67 18 man.
1460 3921 70 26 while
1542 3921 61 25 road
1622 3921 94 31 racing,
1734 3929 28 18 as

1223 3972 58 26 well
1292 3978 26 18 as
1333 3968 100 31 timing,
1451 3964 131 32 checking,
1595 3971 28 17 or
1645 3964 118 32 assisting

1222 4013 27 23 m
1262 4018 50 24 any
1323 4016 63 23 way,
1403 4007 22 24 it
1442 4006 23 24 is
1476 4008 45 24 not
1543 4006 27 24 to
1590 4004 32 25 be
1632 4004 129 25 wondered

1223 4053 57 25 that
1291 4050 44 26 the
1346 4046 84 27 North
1453 4044 72 27 Road
1547 4044 64 27 Club
1634 4044 47 25 has
1704 4045 59 25 thus

1224 4089 112 36 signified
1353 4088 34 25 its
1407 4085 178 32 dissapproval.
1620 4084 55 25 The
1694 4084 69 26 Bath

1224 4131 72 27 Road
1307 4128 64 28 Club
1392 4127 47 25 has
1450 4126 53 26 also
1523 4125 89 26 deided
1630 4132 33 19 on
1676 4125 85 29 revolt,

1225 4170 44 26 the
1280 4166 101 28 Anfield
1392 4164 75 30 Club,
1479 4164 84 26 which
1573 4163 22 26 is
1606 4163 45 26 the
1662 4163 101 33 leadipg

1223 4205 135 33 Liverpool
1380 4203 179 33 organisation,
1583 4202 22 25 is
1624 4201 53 26 also
1700 4210 62 17 non-

1227 4245 92 29 Union,
1345 4242 51 25 and
1418 4241 44 25 the
1481 4240 94 26 annual
1594 4239 125 32 meetings
1738 4240 28 24 of

1225 4285 44 25 the
1296 4280 117 27 Midland
1441 4278 106 34 Cycling
1572 4278 51 26 and
1652 4278 112 26 Athletic

1225 4321 71 29 Club,
1314 4319 84 25 which
1409 4319 23 23 is
1443 4318 45 24 the
1499 4317 123 32 principal
1634 4316 129 32 organisa-

1226 4363 53 25 tion
1299 4361 29 24 m
1346 4356 185 33 Birmingham,
1549 4356 50 25 and
1619 4356 44 25 the
1685 4355 78 26 York-

1226 4401 67 26 shire
1305 4398 71 27 Road
1389 4397 73 28 Club,
1483 4396 84 26 which
1578 4396 116 24 contains
1714 4396 50 24 850

1228 4440 133 29 members,
1380 4446 41 18 are
1432 4436 119 33 expected
1563 4438 27 23 to
1601 4436 56 31 give
1668 4434 98 26 further

1220 4471 219 37 *evidericeDf«the-
1446 4476 81 27 trend,
1538 4476 28 26 of
1575 4475 103 34 cycling;
1692 4476 72 32 lojin-

1759 193 42 25 ion
1814 194 116 30 amongst
1942 193 43 25 the
1996 192 61 25 road
2069 192 76 26 clubs.

2005 232 14 14 #
2038 232 14 14 *

1793 264 39 25 An
1861 265 131 30 impudent
2015 264 104 31 robbery
2147 263 48 25 has
2222 262 74 25 taken

1759 308 70 30 place
1840 309 26 23 at
1889 316 15 16 a
1916 308 66 30 cycle
2006 308 74 30 depot
2099 307 27 23 m
2147 314 47 17 one
2206 306 25 24 of
2253 305 44 25 the

1760 346 69 24 main
1841 345 188 32 thoroughfares
2041 344 26 24 of
2076 344 116 28 London,
2207 351 32 16 on
2253 343 43 25 the

1761 391 43 17 eve
1816 384 25 23 of
1853 384 41 24 the
1914 383 120 25 National
2054 382 67 25 show
2133 382 25 24 of
2178 382 81 31 cycles
2272 382 26 23 at

1761 422 42 26 the
1816 422 100 32 Crystal
1928 422 97 25 Palace.
2062 421 53 25 The
2131 421 64 24 head
2215 420 63 25 sales
2285 434 12 7 -

1761 469 57 16 man
1831 461 27 24 of
1868 461 44 24 the
1924 461 74 31 depot
2020 460 47 24 has
2090 459 64 24 been
2176 459 63 29 busy
2263 458 34 24 all

1761 499 45 31 day
1837 499 96 31 getting
1956 498 43 25 the
2030 498 74 25 Show
2121 497 127 25 machihes
2270 496 27 24 m

1760 538 79 30 order,
1858 538 51 25 and
1917 537 120 25 returned
2048 536 96 31 shortly
2154 535 62 25 after
2234 534 63 26 clos-

1760 581 45 30 ing
1817 579 57 25 time
1886 580 27 23 to
1924 578 41 25 his
1978 577 82 32 depot.
2085 577 81 24 There
2178 576 33 24 he
2220 575 78 25 found

1761 618 35 24 all
1807 617 43 25 the
1861 617 106 30 bicycles
1987 615 51 25 had
2050 615 62 24 been
2132 614 116 24 removed
2266 613 32 32 by

1761 656 103 27 thieves,
1883 655 123 30 although
2018 654 70 24 there
2100 660 63 17 were
2175 659 32 17 no
2217 651 81 24 marks

1761 696 26 24 of
1796 696 111 25 violence
1918 702 33 16 on
1963 694 72 24 doors
2046 701 28 17 or
2086 692 127 26 windows.
2227 691 72 24 £700

1763 734 80 24 worth
1855 734 28 24 of
1903 732 131 24 machines
2057 731 61 24 thus
2138 728 161 33 disappeared

1762 774 92 31 during
1866 774 44 24 the
1923 772 107 31 evening
2043 772 26 24 m
2093 779 14 17 a
2130 770 64 32 busy
2217 770 83 31 artery

1762 813 27 25 of
1799 812 44 26 the
1853 811 153 32 Metropolis,
2019 810 45 26 the
2073 818 58 24 very
2144 809 118 25 boldness
2275 807 25 25 of

1762 854 43 24 the
1834 853 159 31 depredators
2022 850 120 32 probably
2182 849 118 31 assisting

1763 892 70 24 them
1843 892 26 23 m
1881 890 66 26 their
1960 890 48 25 evil
2019 889 97 31 doings.

2024 946 15 14 *

1797 970 50 25 The
1860 969 124 26 Recorder
1995 969 26 24 of
2031 967 104 25 Lincoln
2147 967 27 24 m
2182 966 120 32 charging

1764 1012 41 24 the
1818 1010 87 25 Grand
1916 1012 26 23 at
1954 1010 44 24 tbe
2016 1009 86 24 recent
2114 1007 106 30 Quarter
2244 1007 56 25 Ses-

1764 1050 68 25 sions
1853 1049 59 24 held
1939 1049 27 23 m
1988 1047 100 24 ancient
2107 1046 51 30 city
2187 1045 115 25 declared

1764 1089 56 24 that
1832 1087 43 25 the
1887 1087 101 30 sittings
2008 1085 82 31 might
2102 1084 69 31 aptly
2182 1084 30 24 be
2222 1084 80 24 called

1764 1127 44 25 the
2122 1122 80 31 owing
2222 1123 26 23 to
2260 1122 42 24 the

1764 1165 108 25 number
1884 1163 28 25 of
1921 1170 69 18 cases
2001 1161 109 30 relating
2121 1162 26 22 to
2156 1160 81 30 cycles
2246 1160 56 24 that

1764 1203 51 25 had
1829 1207 24 21 to
1872 1202 30 25 be
1923 1200 66 26 dealt
2011 1199 69 26 with.
2128 1198 38 25 On
2187 1198 52 25 this
2259 1207 44 16 an-

1764 1242 170 27 nouncement
1945 1240 93 26 visions
2058 1247 70 17 arose
2140 1238 28 25 of
2185 1238 117 29 scholars,

1765 1283 120 32 lampless
1897 1282 87 28 riders,
2001 1280 162 28 road-racers,
2190 1279 113 31 footpath

1766 1330 79 21 users,
1864 1321 121 26 colliders,
2015 1320 118 28 coasters,
2152 1317 152 26 bracketless

1766 1363 169 27 hill-rushers,
1954 1360 50 24 and
2015 1360 86 24 others
2114 1358 153 25 marshalled
2278 1358 26 23 m

1766 1403 148 27 thousands,
1934 1400 50 26 and
1996 1398 151 33 grieviously
2170 1398 133 32 punished,

1766 1445 28 24 m
1806 1444 44 25 the
1861 1450 107 18 manner
1990 1442 58 29 only
2069 1441 41 23 too
2121 1438 115 28 familiar,
2259 1438 46 25 but

1768 1485 40 24 the
1820 1483 110 31 analysis
1942 1482 26 24 of
1978 1481 43 24 the
2033 1480 101 31 charges
2145 1478 96 25 shewed
2250 1478 56 24 that

1768 1524 71 25 there
1850 1529 64 18 were
1937 1520 59 31 only
2020 1526 73 18 seven
2116 1525 70 18 cases
2210 1517 26 26 of
2258 1524 48 24 any

1769 1564 50 24 sort
1830 1560 84 26 before
1925 1559 43 25 the
1979 1557 132 26 Recorder.
2142 1555 34 26 Of
2185 1556 72 24 these
2269 1556 38 25 six

1769 1608 63 17 were
1844 1599 37 25 for
1893 1597 110 31 stealing
2017 1596 117 31 bicycles,
2153 1594 27 25 of
2191 1594 67 24 ihese
2271 1595 37 24 six

1769 1638 78 26 thefts
1858 1637 49 24 five
1919 1643 64 17 were
1994 1633 148 25 committed
2154 1632 31 31 by
2198 1640 47 16 one
2257 1632 50 24 and

1770 1679 43 25 the
1825 1685 68 18 same
1904 1684 69 20 maD,
1992 1682 28 17 so
2031 1675 43 23 tbe
2084 1672 101 33 Bicycle
2195 1672 114 27 Sessions

1770 1716 107 26 whittles
1889 1715 74 24 down
1974 1714 81 31 pretty
2065 1710 178 33 considerably.
2257 1711 52 24 The

1770 1755 136 28 arch-thief
1916 1757 42 29 got
1970 1754 54 25 half
2033 1762 15 16 a
2060 1755 82 30 year's
2161 1752 97 31 hiding.

1888 1958 77 23 From
1977 1957 128 24 Kaikoura
2118 1955 67 26 Star.

1805 2046 69 26 Both
1898 2054 45 17 onr
1963 2045 117 31 morning
2100 2044 210 32 contemporaries

1771 2092 26 24 of
1820 2089 181 27 Christchurch
2025 2096 63 23 sang
2108 2090 42 22 the
2170 2095 68 17 same
2250 2088 61 23 tune

1772 2144 15 16 a
1806 2135 47 24 few
1864 2133 82 26 weeks
1968 2140 55 25 ago,
2037 2132 50 25 and
2106 2132 60 32 they
2178 2138 63 25 sang
2252 2130 21 24 it
2283 2130 27 24 m

1773 2179 97 25 unison.
1906 2177 70 32 They
1999 2175 108 26 assailed
2118 2199 3 4 .
2129 2174 44 25 the
2196 2173 117 26 Minister

1773 2224 26 23 of
1810 2222 86 24 Lands
1919 2229 57 16 over
1999 2220 43 24 the
2055 2218 117 32 disposal,
2192 2218 33 32 by
2236 2218 74 28 lease,

1773 2265 27 25 of
1809 2265 44 25 the
1875 2264 120 25 Clarence
2018 2262 71 24 Euns
2112 2262 113 30 country.
2260 2261 53 24 The

1773 2309 64 32 joint
1855 2307 85 26 attack
1962 2314 33 18 on
2018 2306 44 25 the
2084 2305 61 25 Hon
2175 2304 68 26 John
2272 2304 42 25 Me

1774 2352 95 25 Kenzie
1881 2352 32 30 by
1925 2351 61 24 both
2006 2351 42 24 the
2068 2349 85 25 Times
2173 2349 49 24 and
2241 2348 73 25 Press

1775 2405 34 17 on
1821 2396 41 24 the
1874 2403 68 17 same
1953 2394 56 32 day,
2027 2393 52 26 and
2098 2393 45 25 the
2155 2392 159 25 contentions

1775 2441 112 32 running
1905 2438 110 33 through
2027 2439 42 25 the
2081 2439 49 24 two
2150 2437 108 30 articles,
2277 2438 37 24 to-

1776 2485 86 33 gether
1889 2483 64 26 with
1975 2483 72 25 other
2076 2481 126 30 evidence,
2233 2481 83 25 shows

1776 2530 68 24 most
1872 2527 188 31 unmistakably
2091 2526 58 25 that
2171 2525 22 25 if
2209 2533 15 17 a
2247 2525 68 25 well-

1777 2573 90 25 known
1890 2570 113 27 member
2025 2570 28 26 of
2073 2570 43 25 the
2138 2568 179 33 Marlborough

1777 2617 72 26 Land
1862 2615 83 27 Board
1967 2616 23 24 is
2003 2617 44 23 not
2058 2614 44 26 the
2123 2614 90 25 author
2224 2613 26 25 of
2274 2613 43 25 the

1778 2660 98 28 articles
1899 2661 27 24 m
1945 2659 124 32 question,
2098 2658 33 25 he
2156 2658 48 24 has
2206 2671 31 5 —
2239 2657 80 25 either

1779 2706 103 31 directly
1899 2712 28 17 or
1946 2704 132 29 indirectly
2079 2718 32 3 —
2112 2702 91 33 gained
2223 2702 44 25 the
2278 2710 42 17 ear

1780 2750 27 25 of
1816 2750 42 27 the
1870 2749 79 24 editor
1960 2747 28 26 of
2006 2747 62 25 each
2090 2754 85 25 paper.
2222 2746 26 24 If
2268 2746 51 25 this

1780 2794 22 25 is
1813 2795 47 24 not
1870 2793 44 25 the
1933 2800 57 17 case
2013 2791 44 26 the
2080 2790 157 26 coincidence
2260 2790 23 25 is
2305 2798 16 16 a

1781 2841 102 27 strange
1906 2843 56 18 one.
1997 2835 86 29 What,
2102 2834 121 30 however,
2246 2834 21 23 is
2279 2834 42 24 the

1781 2881 52 25 fact
1843 2881 58 25 that
1912 2880 44 25 the
1974 2880 50 24 two
2035 2885 89 26 papers
2136 2885 42 17 are
2190 2877 106 32 making
2307 2884 15 17 a

1783 2926 68 30 great
1863 2924 53 25 fuss
1928 2930 59 18 over
1998 2929 69 18 some
2078 2928 59 24 very
2149 2921 80 32 rough
2246 2928 76 17 coun-

1783 2973 49 27 try,
1850 2967 112 25 whereas
1982 2965 99 25 neither
2092 2965 27 24 of
2136 2964 69 25 them
2216 2965 105 30 protest-

1786 3188 50 25 and
1859 3188 43 24 the
1923 3188 116 24 interests
2052 3186 27 26 of
2088 3186 44 25 the
2156 3186 93 31 Colony
2263 3177 71 48 oavej

1786 3233 61 24 been
1859 3231 123 31 trampled
1994 3231 80 24 under
2084 3230 60 25 foot.
2164 3229 54 25 The
2230 3229 95 25 Christ-

1787 3275 95 26 church
1902 3274 88 25 dailies
2010 3274 64 24 hare
2093 3275 46 23 not
2159 3273 54 24 said
2225 3281 14 16 a
2259 3272 68 25 word

1787 3320 100 32 against
1898 3318 125 33 improper
2046 3318 59 24 land
2128 3316 63 26 sales
2211 3317 67 29 here,
2302 3316 28 25 of

1787 3363 137 33 iniquitous
1943 3363 151 33 exchanges,
2119 3371 28 18 or
2169 3363 101 32 locking
2293 3370 34 25 up

1787 3408 68 27 land.
1889 3408 75 32 Why.

1787 3585 214 26 LYTTELTON
2017 3585 112 25 TIMES
2146 3583 111 32 Monday
2267 3583 59 27 17th

1874 3742 73 25 THE
1965 3742 151 31 OXFORD.
2133 3741 113 29 FIRES.

1952 3800 30 17 TO
1999 3800 50 16 THE
2066 3800 103 17 EDITOR.

1825 3839 49 29 Sir,
1875 3852 35 5 —
1910 3838 35 24 As
1956 3838 45 24 the
2338 3840 2 24 I

1791 3882 29 25 of
1828 3882 44 24 the
1896 3881 96 31 Oxford
2016 3881 124 28 Observer,
2157 3880 15 25 I
2194 3887 40 18 am
2338 3887 2 27 j

1936 3924 63 26 with
2017 3925 43 24 the
2077 3932 73 17 scene
2170 3925 28 24 of
2215 3925 44 25 the
2282 3926 49 24 dis-

1791 3973 110 23 asterous
1914 3969 57 25 fires
1983 3969 50 25 aud
2053 3969 44 26 the
2108 3969 91 26 suffers
2219 3970 112 32 thereby.

1792 4014 35 25 As
1837 4013 106 32 Kipling
1954 4021 27 16 so
2001 4012 74 33 finely
2096 4020 67 25 says,
2291 4022 42 16 are

1792 4060 90 30 twenty
1907 4057 126 25 homeless
2061 4057 108 26 families
2197 4059 56 24 who
2275 4059 57 24 lack

1792 4104 66 26 their
1868 4102 49 27 bed
2094 4103 34 25 At
2138 4110 49 18 one
2197 4103 45 25 fell
2252 4111 81 25 swoop

1791 4149 65 25 have
1875 4148 62 25 been
1956 4148 79 30 swept
2058 4154 71 25 away
2147 4147 67 25 their
2236 4147 95 29 homes,

1792 4193 66 26 their
1868 4191 131 30 furniture,
2018 4191 65 25 their
2094 4192 44 28 all,
2150 4192 51 24 and
2211 4193 59 28 last,
2288 4193 45 25 but

1792 4239 31 31 by
1834 4246 34 17 no
1891 4245 89 18 means
2001 4237 73 28 least,
2093 4237 65 24 their
2177 4236 76 26 bread
2270 4238 59 25 din-

1791 4284 65 25 ners'
1886 4282 101 32 present
2014 4287 86 18 means
2129 4280 27 26 of
2189 4280 143 28 livelihood.

1857 4329 44 22 dat
1920 4328 41 29 gui
1978 4327 45 23 cito
2122 4325 23 25 is
2164 4333 34 17 an
2218 4326 57 28 old.
2282 4326 49 25 and

1783 4371 167 33 -well-known
1980 4369 86 31 adoge,
2096 4369 51 25 and
2167 4377 77 18 never
2266 4379 69 17 more

1793 4416 68 32 truly
1872 4411 158 36 exemplified
2052 4412 64 26 than
2136 4414 22 24 it
2169 4414 50 25 will
2238 4414 34 33 by
2292 4416 43 25 the

1794 4458 86 31 people
1902 4457 28 26 of
1934 4480 6 10 ,
1952 4460 141 29 '!gfcnerous
2307 4459 25 25 m

1795 4507 44 27 the
1856 4507 101 32 present
1979 4511 66 18 case.
2093 4505 93 32 Accept
2209 4512 42 26 my
2274 4509 62 25 mite

2326 198 64 32 (half
2399 207 15 16 a
2425 199 110 33 guinea).
2555 200 56 25 You
2623 199 72 26 know
2707 199 43 25 the
2762 196 101 34 general

2325 244 119 25 financial
2456 246 81 24 status
2549 245 27 24 of
2585 253 15 16 a
2611 245 103 31 literary
2725 251 69 21 man,
2813 243 50 25 and

2325 283 107 32 wishing
2443 284 35 24 all
2490 292 97 17 success
2610 287 26 23 to
2648 286 44 24 the
2712 284 72 25 relief
2800 283 63 24 fund

2324 337 33 4 —
2358 323 14 24 I
2383 331 41 16 am
2438 325 48 27 &c,

2434 369 72 24 THE
2521 369 197 29 S.CGFTHE
2734 369 62 25 0.0.

2327 414 58 33 (We
2397 415 65 25 shall
2474 415 30 25 be
2524 415 58 32 glad
2604 418 26 22 to
2653 416 70 24 hand
2745 423 46 17 our
2811 423 52 16 cor-

2325 459 173 31 respondent's
2511 459 169 25 contribution
2691 461 27 23 to
2730 467 50 24 any
2799 458 64 24 fund

2326 505 55 25 that
2393 513 58 25 may
2464 506 28 24 be
2512 506 95 32 opened
2627 506 38 25 for
2685 507 43 24 the
2747 506 73 25 relief
2840 505 27 25 of

2327 552 43 24 the
2382 552 174 24 suflerers.ED.
2569 552 73 33 L.T.)

2527 738 123 25 NOTES.

2362 820 32 24 In
2416 820 123 30 America,
2567 820 80 24 where
2670 819 130 25 swindlers
2823 826 42 17 are

2328 858 99 31 usually
2448 867 31 15 on
2492 867 15 15 a
2526 858 109 31 gigantic
2646 857 73 29 scale,
2738 858 26 23 to
2782 856 83 24 match

2330 897 41 24 the
2382 898 114 23 vastness
2508 896 28 25 of
2552 895 44 24 the
2607 896 114 30 country,
2734 894 71 25 there
2816 894 21 24 is
2851 902 14 16 a

2329 934 98 26 heavier
2440 934 93 32 weight
2542 934 27 24 of
2580 933 115 32 spurious
2703 931 93 33 capital
2803 931 62 26 than

2329 983 63 16 even
2402 976 28 23 m
2442 974 79 25 Great
2532 974 106 25 Britain.

2427 1012 148 32 forty-eight
2586 1012 79 25 hours
2677 1011 64 24 after
2752 1011 45 24 the
2809 1018 56 23 pas-

2330 1060 58 24 sage
2412 1052 25 24 of
2458 1051 43 24 the
2523 1050 127 25 infamous
2672 1049 73 25 Allen
2768 1048 50 25 Bill
2841 1049 26 24 at

2332 1088 158 33 Springfield,
2519 1088 108 27 Illinois,
2669 1086 135 30 extending
2825 1085 43 24 the

2331 1128 44 24 the
2386 1128 76 23 street
2482 1126 100 30 railway
2782 1124 40 31 (or
2841 1131 27 16 as

2331 1173 36 17 we
2379 1164 110 32 English
2502 1163 92 25 should
2606 1171 51 23 say,
2682 1162 44 24 the
2748 1163 121 29 tramway

2331 1202 148 32 franchises)
2590 1208 79 25 years,
2694 1199 42 26 the
2759 1199 110 31 specula-

2331 1241 50 26 tive
2402 1241 73 24 value
2498 1240 28 24 of
2546 1239 68 24 these
2637 1238 84 25 stocks
2742 1235 127 27 increased

2332 1279 135 31 7,000,000
2669 1276 33 26 So
2725 1277 41 24 the

2430 1319 105 24 informs
2557 1326 40 17 us.
2633 1317 65 25 That
2721 1316 147 28 increment,

2332 1361 27 24 of
2368 1368 96 20 conrse,
2483 1359 60 24 does
2554 1359 46 23 not
2620 1358 127 30 represent
2759 1363 49 24 any
2829 1355 40 23 ad-

2333 1402 106 26 ditional
2450 1404 119 29 tramway
2591 1401 65 24 lines
2667 1400 51 25 laid
2740 1399 79 29 down,
2844 1404 27 18 or

2334 1451 50 24 any
2395 1451 55 17 new
2462 1444 133 23 tram-cars
2608 1448 27 17 or
2648 1441 70 24 other
2729 1441 81 29 plant.
2844 1439 27 23 It

2334 1482 140 32 represents
2496 1479 77 30 solely
2597 1487 33 16 an
2650 1477 140 26 additional
2808 1476 64 31 legal

2335 1528 83 26 power
2430 1521 26 24 to
2467 1518 92 33 exploit
2571 1517 44 26 the
2637 1516 92 33 public.
2766 1515 53 25 Thj
2832 1524 40 16 ex-

2334 1559 131 32 penditure
2475 1558 28 24 m
2522 1556 72 26 order
2611 1558 27 24 to
2649 1555 86 26 obtain
2758 1554 57 26 that
2834 1554 38 24 in-

2336 1598 111 25 crement
2467 1604 49 16 was
2528 1595 95 32 mainly
2635 1594 134 29 1,000,000
2781 1592 93 25 dollars

2336 1646 28 17 or
2376 1636 168 29 thereabouts,
2563 1637 27 23 to
2616 1634 70 25 bribe
2709 1633 44 24 the
2776 1632 97 24 Illinois

2337 1678 150 32 legislators.
2522 1676 26 24 It
2560 1683 52 17 was
2634 1676 47 23 not
2703 1673 52 25 laid
2778 1674 44 24 out
2842 1679 32 18 on

2337 1724 122 24 tramway
2470 1716 82 31 plant.
2588 1713 54 25 The
2655 1712 136 30 7,000.000
2811 1710 63 26 dols.

2338 1763 42 17 are
2400 1755 129 29 obviously
2542 1752 114 31 spurious
2668 1750 89 32 capital
2757 1764 32 4 —
2790 1749 58 32 only
2860 1757 14 17 a

2338 1793 75 26 small
2423 1795 65 29 part,
2507 1792 123 26 however,
2648 1790 27 25 of
2696 1789 44 26 the
2762 1789 112 31 spnrious

2338 1834 92 31 capital
2449 1831 27 26 of
2487 1832 41 24 the
2540 1835 118 27 tramway
2670 1836 129 24 company.

2371 2043 26 25 It
2408 2043 22 25 is
2442 2051 15 17 a
2468 2041 67 28 little
2546 2050 69 17 more
2638 2045 64 21 tnan
2714 2048 14 17 a
2739 2047 58 25 year
2808 2039 68 25 since

2339 2083 40 23 the
2391 2081 78 31 Light
2479 2080 174 25 Locomotives
2674 2079 48 25 Act
2742 2085 70 17 came
2823 2078 54 24 into

2338 2119 67 25 force
2416 2119 27 24 m
2464 2118 52 24 this
2529 2119 114 30 country,
2663 2116 51 25 this
2737 2115 74 32 being
2833 2115 44 24 the

2339 2158 56 25 title
2403 2157 27 25 of
2441 2157 43 25 the
2493 2156 96 32 Magna
2597 2156 95 24 Charta
2700 2154 27 25 of
2734 2154 44 24 the
2784 2157 93 21 motor-

2340 2210 50 16 car.
2427 2200 128 32 Although
2567 2199 44 25 the
2630 2205 72 19 exact,
2720 2198 158 31 anniversary

2341 2248 52 18 was
2404 2243 46 22 not
2462 2239 148 30 celebrated)
2629 2239 82 30 owing
2733 2239 27 23 to
2772 2246 15 16 a
2799 2238 79 23 clash-

2340 2279 45 32 ing
2396 2279 28 23 of
2432 2279 117 23 interests
2561 2277 62 25 with
2635 2276 42 25 the
2691 2277 104 30 Stanley
2804 2275 75 25 Show

2341 2327 15 17 a
2378 2318 218 26 commemorative
2619 2325 49 17 run
2693 2325 51 17 was
2765 2315 60 25 held
2846 2323 33 18 on

2341 2356 119 33 recently,
2473 2356 65 24 from
2562 2356 43 24 the
2629 2355 69 25 West
2709 2354 50 25 end
2770 2354 27 25 of
2813 2354 67 25 Lon-

2342 2398 51 25 don
2404 2399 27 23 to
2446 2396 149 26 Bichuaond.
2630 2396 63 24 This
2716 2403 51 18 was
2785 2395 58 32 only
2866 2403 16 16 a

2343 2439 60 25 nine
2416 2446 28 18 or
2467 2439 44 25 ten
2524 2437 58 26 mile
2594 2437 66 33 spin,
2678 2436 46 26 but
2735 2438 21 24 it
2778 2435 105 27 allowed

2345 2489 14 15 a
2382 2480 69 32 large
2474 2481 95 23 muster
2591 2481 27 23 to
2641 2478 130 29 assemble,
2789 2485 29 17 as
2840 2478 43 24 the

2345 2520 89 26 double
2446 2520 106 32 journey
2564 2528 47 16 was
2623 2518 121 26 rendered
2766 2518 116 32 possible,

2344 2561 27 24 at
2382 2567 14 16 a
2408 2559 145 25 reasonable
2575 2558 74 30 hour,
2674 2558 62 25 after
2757 2557 127 25 luncheon

2345 2600 49 26 and
2406 2607 70 18 races
2488 2601 26 24 at
2534 2598 84 28 Sheen
2630 2598 96 26 House.
2761 2598 123 32 Upwards

2346 2639 27 25 of
2382 2638 56 32 fifty
2450 2641 85 22 motor
2546 2645 64 22 cars,
2629 2638 48 23 and
2700 2638 82 24 motor
2804 2637 80 31 cycles

2349 2676 57 25 took
2417 2678 57 29 part
2492 2676 28 24 m
2540 2676 42 24 the
2602 2683 55 20 run,
2676 2675 44 24 the
2737 2683 55 23 way
2812 2674 74 32 being

2346 2714 98 26 headed
2455 2714 33 32 by
2499 2722 15 17 a
2526 2714 203 31 steam-carriage
2741 2713 145 31 containing

2349 2755 38 25 six
2406 2762 155 25 passengers,
2578 2753 136 26 controlled
2729 2753 31 33 by
2772 2753 41 25 Mr
2824 2753 61 26 Tur-

2347 2794 55 29 rell,
2420 2801 47 18 son
2495 2793 28 25 of
2547 2793 45 25 the
2620 2793 110 25 eminent
2753 2792 61 30 Q.C.
2838 2791 49 26 and

2349 2837 90 25 known
2451 2843 93 24 among
2556 2836 99 31 cyclists
2667 2843 29 17 as
2707 2834 44 25 the
2771 2835 82 25 driver
2864 2834 27 25 of

2350 2876 44 25 the
2423 2877 148 23 motor-cars
2600 2874 56 25 that
2683 2874 87 32 placed
2797 2874 37 24 M.
2857 2874 31 24 A.

2351 2916 114 25 Holbein
2476 2924 33 16 on
2521 2916 41 24 his
2574 2916 33 23 24
2618 2916 78 24 hours
2707 2916 94 23 record.
2838 2915 52 24 The

2350 2954 119 25 identical
2479 2953 117 26 machine
2607 2961 60 18 over
2678 2953 81 25 which
2782 2952 108 26 Holbein

2351 2995 43 25 fell
2418 2995 28 24 m
2474 2994 41 25 his
2538 2995 92 24 second
2653 2996 105 29 attempt
2778 3001 34 18 on
2840 2993 52 25 this

2407 3339 73 24 THE
2496 3338 123 26 PRESS,
2640 3336 108 31 Monday
2768 3336 60 27 17th.

2423 3432 30 15 TO
2474 3432 49 15 THE
2535 3431 92 16 EDITOR
2638 3430 31 17 OF
2681 3430 50 17 THE
2742 3429 84 18 PRESS.

2393 3467 46 30 Sir,
2441 3481 34 4 —
2475 3466 54 25 The
2540 3466 141 33 gentleman
2693 3465 57 25 who
2761 3469 135 28 represents

2358 3520 28 17 us
2395 3511 154 32 throughout
2560 3511 44 25 the
2616 3511 96 24 Oxford
2723 3510 114 31 District,
2858 3519 37 16 as-

2359 3567 69 17 sures
2439 3566 31 17 us
2482 3558 55 24 that
2548 3556 44 26 the
2601 3556 102 26 distress
2716 3556 107 33 brought
2830 3565 66 24 upon

2358 3603 43 25 the
2430 3601 160 26 unfortunate
2618 3601 101 26 victims
2743 3601 28 25 of
2790 3601 42 25 the
2852 3601 46 25 fire

2359 3647 70 26 there
2441 3655 41 17 are
2495 3654 58 25 very
2565 3648 79 30 great,
2657 3646 51 25 and
2719 3645 76 26 needs
2813 3646 85 32 timely

2359 3690 66 33 help.
2460 3690 40 26 He
2511 3690 46 25 has
2567 3689 77 26 asked
2668 3697 30 18 us
2710 3695 26 20 to
2754 3698 61 25 urge
2832 3698 67 24 upon

2358 3745 50 24 you
2417 3737 44 25 the
2474 3736 61 25 need
2547 3736 27 24 of
2583 3738 101 30 prompt
2696 3735 51 25 and
2757 3735 89 25 liberal
2858 3735 42 25 aid

2360 3781 25 24 m
2397 3781 55 24 that
2464 3788 121 24 generous
2596 3788 45 17 use
2653 3780 28 25 of
2695 3788 62 24 your
2778 3787 49 25 pen
2850 3779 51 26 and

2359 3826 115 26 columns
2488 3824 81 26 which
2580 3833 15 17 a
2603 3824 66 33 good
2679 3833 75 17 cause
2766 3833 57 17 ever
2836 3824 64 25 finds

2361 3872 102 25 therein.
2500 3872 89 25 Please
2611 3875 85 29 accept
2719 3871 44 25 the
2785 3869 116 27 enclosed

2360 3918 93 31 cheque
2465 3925 28 16 as
2505 3925 24 17 a,
2540 3917 139 31 beginning
2702 3917 38 23 for
2752 3916 43 25 the
2807 3913 94 26 Oxford

2361 3960 83 26 Relief
2590 3959 88 29 Yours,
2697 3960 52 28 &c,

2367 4015 4 17 ;
2495 4012 36 24 H.
2549 4010 29 26 C.
2597 4010 111 32 Godfrey
2724 4009 51 24 and
2792 4009 45 25 Co.

2395 4062 61 32 (Oui
2467 4059 192 32 correspondent
2668 4058 111 25 encloses
2787 4066 15 17 a
2810 4059 92 31 guinea

2362 4108 82 25 which
2470 4115 37 16 we
2531 4105 66 26 shall
2625 4106 30 25 be
2682 4104 84 33 happy
2794 4106 28 24 to
2842 4105 60 26 take

2360 4151 91 32 charge
2462 4150 33 30 of,
2514 4149 116 33 together
2655 4149 63 25 with
2740 4156 48 25 any
2806 4148 96 26 further

2361 4196 181 25 contributions
2553 4195 27 24 m
2592 4195 42 24 aid
2643 4195 26 24 of
2681 4195 42 24 the
2735 4202 69 17 same
2811 4193 89 33 object.

2361 4254 32 3 —
2394 4239 49 25 Ed.
2461 4238 100 33 Press.)

2970 732 401 33 CORRESPONDENCE.

2900 813 68 21 While
2978 821 39 13 our
3025 816 91 19 columns
3130 822 36 13 are
3181 821 51 20 open
3242 819 20 17 to
3272 817 42 23 all,-
3323 822 29 14 we
3361 817 26 20 do
3401 819 37 17 not

2924 852 91 26 identify
3034 854 100 19 ourselves
3151 853 52 20 with
3220 854 98 24 opinions-
3330 855 106 23 expressed

2926 890 86 20 therein.

3059 958 30 17 TO
3109 958 50 16 THE
3176 958 102 17 EDITOE-

3000 1034 72 25 THE
3091 1034 131 25 BELIEF
3239 1034 108 30 FUND.

2900 1099 110 29 Madam,

2934 1145 39 23 As
2990 1153 61 22 jour
3065 1145 98 30 Special
3176 1145 201 25 Cornmtssioßwr
3387 1152 51 18 Ev-

2900 1182 71 25 ident
2981 1182 27 25 m
3020 1182 189 32 Christchurch,
3228 1184 13 24 I
3253 1192 42 16 am
3312 1184 126 31 naturally

2902 1221 102 24 anxious
3016 1221 55 24 that
3083 1222 42 24 the
3137 1223 162 24 unfortunate
3323 1222 115 25 suffereis

2901 1258 33 32 by
2957 1259 44 24 the
3020 1259 55 29 fire,
3102 1259 90 26 should
3215 1260 86 25 obtain
3324 1262 42 23 the
3391 1259 48 26 fell

2902 1296 105 26 benefits
3019 1297 27 26 of
3051 1300 40 23 the
3105 1298 178 32 subscriptions
3295 1299 56 24 that-

2902 1344 71 16 erous
3185 1337 22 24 is
3231 1337 94 31 -willing
3344 1338 95 30 togßQ-

2902 1375 64 26 vide.

2937 1417 52 24 But
3008 1425 16 16 a
3044 1418 68 30 great
3135 1417 93 31 danger
3257 1417 136 26 threatens;
3413 1418 26 24 to

2904 1455 57 24 dam
2974 1455 57 25 bacl?
3038 1474 6 10 ,
3063 1455 20 24 if
3093 1457 45 23 not
3150 1457 26 24 to
3198 1458 62 27 stop,
3279 1455 66 26 their
3356 1455 66 25 flow.

2937 1493 26 24 Ib
2982 1493 78 25 arises
3071 1493 64 26 from
3158 1494 40 25 the
3215 1502 66 17 same
3301 1501 73 18 cause
3385 1493 55 25 tfa'st

2904 1534 96 32 history
3018 1536 94 29 leports
3125 1543 49 16 was
3192 1535 44 24 the
3248 1542 87 17 means
3355 1534 25 25 of
3398 1534 43 25 like

2964 1573 82 31 losing
3057 1572 41 26 his
3109 1572 78 31 bone';
3212 1581 50 23 you
3274 1573 51 25 will
3337 1580 105 18 remem-

2905 1611 42 24 ber
2958 1611 57 25 how
3025 1611 33 24 he
3070 1611 185 32 endeavouring
3272 1615 26 21 to
3310 1614 42 29 get
3363 1619 80 20 more,

2907 1650 84 25 struck
3008 1660 16 15 a
3034 1652 58 23 loss.

2940 1691 56 32 Any
3008 1693 108 30 attempt
3128 1695 24 21 to
3164 1694 101 29 prevent
3286 1692 42 24 the
3348 1693 50 23 two
3416 1699 28 18 o»

2907 1730 69 24 three
2986 1730 115 25 sufferers
3114 1731 27 23 at
3152 1730 77 24 Birch
3241 1730 54 25 Hill
3309 1730 132 33 benefiting
3441 1739 5 8 1

2908 1770 32 32 by
2958 1770 43 25 the
3020 1770 186 31 subscriptions,
3226 1778 49 24 any
3293 1772 107 30 attempt
3419 1773 27 23 t»

2907 1817 124 31 duplicate
3043 1816 49 25 this
3105 1816 70 29 fund,
3193 1818 69 23 must
3274 1817 49 24 end
3334 1817 26 24 m
3372 1825 15 16 a
3399 1816 47 25 sad

2907 1857 51 24 and
2970 1856 140 30 deplorable
3121 1857 59 24 loss.

2941 1895 116 28 Further,
3074 1895 22 24 it
3106 1895 22 24 is
3138 1903 30 16 an
3186 1896 80 25 insult
3278 1897 25 23 to
3315 1896 43 24 the
3370 1895 78 25 brave-

2909 1933 90 25 fellows
3011 1936 25 21 at
3057 1933 101 29 Oxford,
3177 1933 56 25 who
3245 1934 62 24 have
3330 1933 118 28 suffered*,

2909 1976 25 23 to
2953 1982 106 23 suppose
3078 1973 39 26 for
3137 1982 31 16 an
3189 1974 105 30 instant,
3312 1975 55 24 that
3385 1975 61 31 the;

2909 2013 81 25 would
3002 2013 61 24 wish
3075 2013 28 25 it.

2942 2053 14 25 I
2981 2062 38 16 am
3047 2054 114 29 satisfied,
3208 2054 57 25 that
3293 2062 33 16 on
3356 2053 96 26 secondl

2910 2093 129 32 thoughts,
3067 2093 44 25 the
3131 2094 72 24 wiser
3227 2102 73 16 causa
3326 2094 49 24 will
3391 2102 59 23 pre-

2909 2134 58 25 vail.

2968 2214 73 25 Youb
3062 2214 103 25 Special
3187 2213 194 25 Commissioner.

2947 2362 94 25 Recent
3050 2361 120 25 statistics
3180 2360 69 25 show
3258 2360 56 23 that
3323 2360 128 28 Gennaßy

2914 2408 71 24 takes
2998 2406 43 26 the
3064 2404 57 26 lead
3132 2404 26 26 of
3170 2403 35 25 all
3227 2403 135 32 European
3374 2408 77 19 coubk

2912 2453 63 25 tries
2985 2452 28 24 m
3032 2449 89 33 regard
3132 2450 26 24 to
3180 2448 45 26 the
3245 2456 44 17 use
3307 2448 26 24 of
3351 2448 100 24 electrfb-

2915 2496 123 32 railways.
3082 2494 51 25 She
3144 2493 47 25 has
3212 2494 48 24 398
3272 2491 71 26 miles
3354 2490 27 25 of
3390 2490 61 25 sue&

2915 2540 74 26 roads
2999 2540 28 24 m
3039 2538 134 32 operation.

3193 3565 14 14 #

2964 3590 69 31 Bays
3055 3596 14 16 a
3092 3588 94 24 Doctor
3196 3594 6 16 :
3325 3584 43 25 aiaf
3385 3584 84 24 \dbick

2931 3629 132 32 envelopes
3076 3628 44 24 the
3131 3627 109 32 cyclists'
3253 3633 44 25 eye
3308 3626 24 24 is
3346 3624 126 33 anything

2931 3669 47 25 but
3092 3666 49 24 ard
3161 3665 125 25 therefoae
3297 3664 111 31 cyclists*
3427 3671 46 25 eye

2932 3708 22 24 is
2966 3708 27 24 to
3015 3707 32 23 be
3057 3704 80 25 added
3160 3705 26 23 to
3198 3702 43 26 tbe
3260 3702 45 25 list
3327 3702 29 25 of
3372 3701 99 26 Wheel-

2932 3746 81 24 men's
3035 3742 131 26 maladies.
3200 3741 101 33 Bicycle
3323 3740 74 29 back,
3419 3748 52 24 cyc-

2932 3782 63 26 lists'
3007 3789 54 24 eye,
3080 3781 92 31 bicycle
3189 3788 68 20 nose,
3276 3787 61 22 ear?,
3350 3779 63 27 fa«e,
3436 3778 36 25 all

2933 3823 70 25 these
3031 3820 92 26 fearful
3150 3820 111 25 diseases
3283 3827 44 16 are
3348 3817 123 30 infinitely

2933 3862 77 23 betker
3029 3862 27 23 to
3066 3859 65 24 have
3150 3859 65 24 than
3233 3862 27 20 to
3271 3858 31 24 be
3313 3866 15 15 a
3341 3855 129 32 delicately

2935 4136 67 26 nicer
3013 4136 27 24 m
3052 4134 43 26 the
3108 4133 96 32 taking.

1135 47 175 32 OXFOED
1354 48 235 32 OBSERVER
1632 48 240 37 SATURDAY,
1898 47 197 33 JANUARY
2152 49 40 29 22
2239 48 91 30 1898.

2898 198 150 24 marvellous
3059 198 153 31 jsablication
3215 213 31 4 —
3247 198 150 29 marvellous
3407 203 30 24 itf

2898 240 44 25 the
2953 241 109 24 richness
3074 240 30 26 of
3119 241 44 24 the
3180 241 103 32 literary
3305 245 113 25 contests
3428 252 11 22 ;•

2898 284 42 24 the
2963 284 90 25 wealth
3076 285 28 24 of
3118 284 163 25 information
3295 294 7 21 ;
3331 286 50 25 and
3392 285 44 27 tike

2897 327 93 31 varietj
3014 327 28 25 of
3062 327 109 32 subjects
3194 327 68 26 dealt
3284 328 91 25 with—
3378 330 22 24 is
3423 337 16 17 »

2897 371 194 32 never-ceasing
3103 371 84 25 theme
3198 372 27 24 of
3232 372 167 25 wonderment
3410 375 30 23 to

2898 413 72 24 those
2980 413 55 25 who
3047 413 81 25 think,
3146 414 38 25 for
3198 422 15 16 a
3225 417 121 26 moment,
3359 415 28 24 of
3396 415 42 25 the

2898 464 134 17 enormous
3055 456 89 26 labour
3156 457 49 25 and
3227 465 98 25 energy,
3344 459 26 24 to
3394 466 45 24 say

2897 500 107 32 nothing
3015 500 27 25 of
3052 500 41 25 the
3105 500 87 32 atilitf
3194 519 6 11 ,
3219 502 113 32 repaired
3344 503 25 23 to
3389 504 47 29 put

2897 543 67 25 forth
2975 545 60 24 such
3047 552 15 16 a
3076 545 106 24 'librari'
3200 545 27 25 of
3238 546 146 30 up-to-date
3395 546 40 24 in-

2897 587 135 26 formation
3044 596 72 23 every
3128 589 97 24 month.

2978 4281 91 27 Willie.
3071 4297 33 4 —
3104 4281 14 27 I
3139 4290 54 25 say,
3218 4280 41 27 Mr
3279 4280 85 31 Ricbe,
3382 4289 42 17 are
3441 4288 39 20 we

2939 4326 36 26 all
2987 4326 71 25 made
3069 4327 28 24 of
3107 4325 57 26 dust
3174 4326 12 24 ?

2973 4370 128 25 Mrßiche
3111 4369 141 33 (benignly).
3255 4383 32 5 —
3288 4368 59 29 Yes,
3357 4375 43 25 my
3409 4368 69 26 dear,

2974 4412 85 28 Willie
3084 4413 234 33 (triumphantly).—
3321 4411 41 26 Oh
3384 4412 8 25 I
3415 4411 65 31 well,

2938 4468 49 23 you
3009 4459 74 25 ain't.
3117 4457 37 25 Pa
3178 4464 57 25 says
3257 4464 51 25 you
3330 4463 92 27 spnwg
3445 4463 33 26 up

2940 4504 67 25 from
3021 4501 117 33 nothing.

2931 2755 77 66 \dq
3017 2755 417 66 nofJbepersua(/ecffo\

2931 2808 161 50 \suyany
3102 2808 103 45 of/Ae
3211 2808 224 39 /mi/afions!k

2934 3281 10 51 I
2988 3297 199 45 experience
3206 3306 68 26 can
3290 3298 71 40 Inry.
3419 3281 15 63 \

2935 3331 499 51 \£a/yesfsafemAusnw£m\

2928 3371 38 49 .1^
2994 3371 83 49 5^jLP
3097 3377 38 30 BY
3148 3378 58 29 ALL
3217 3378 148 29 GROCERS
3403 3375 32 45 J

2397 4410 68 26 Eacb
2479 4409 150 33 succeeding
2639 4409 68 25 issue
2719 4409 26 25 of
2764 4408 45 25 tbe

2364 4456 62 24 view
2446 4454 28 26 of
2629 4461 66 17 seem
2708 4456 25 24 to
2745 4453 159 32 suapassjlhe

2380 4497 118 34 receding
2510 4496 103 28 number
2623 4497 29 26 m
2663 4496 148 27 excellence.
2840 4497 65 28 This
