3550 4590
1217 42 174 34 OXFORD
1415 45 226 34 OBfe^HVKB
1679 48 240 35 SATURDAY,
1957 43 203 34 JANUARY
2185 42 51 32 22,
2267 38 88 30 1898.

2947 4297 105 26 Printed
3057 4297 53 25 and
3118 4297 130 33 published
3257 4298 32 33 by
3300 4299 72 25 Axbl
3380 4299 111 26 Eklund

2981 4339 39 26 for
3031 4339 87 25 Laura
3133 4340 232 30 ANNKPABiBS,at
3380 4343 45 25 her
3436 4360 4 12 :
3441 4342 80 27 B.e-..~

2982 4383 108 34 glistered
3099 4384 119 33 Printing
3229 4384 78 27 Office
3316 4386 78 33 ;BLigh
3408 4387 86 34 Sijip#.

2982 4427 69 27 Eaai
3057 4426 107 28 O^ord-
3173 4428 167 35 Canterbury.
3421 4450 6 9 f
3469 4450 24 6 ...

2996 4477 135 32 Sa.tVb»att
3149 4480 115 30 3anuabt
3280 4485 34 25 22
3342 4487 65 24 1898
3450 4504 11 9 v
3466 4503 5 5 .

3029 165 428 51 EUCALYPTUS

3233 240 18 14 ♦-

3001 262 15 17 '■'■
3031 265 60 21 TBE
3106 266 74 21 BEST
3194 267 88 20 HOME
3299 268 58 21 BEM
3362 268 90 23 EBIES

2992 308 4 11 :
2995 310 2 11 ;
3006 303 12 14 :.
3058 315 4 4 .
3083 305 36 14 are
3133 298 37 21 the
3179 300 136 26 preparation
3325 301 26 22 of
3359 301 35 21 the

2968 334 170 22 TASMANIAN
3157 334 187 25 EUOAIiYPTUS
3359 340 47 20 OIL
3421 341 78 21 COMP

2996 373 136 26 Uniyersallj
3142 374 104 22 admitted
3251 374 41 23 ithe
3301 378 79 24 BEST,
3392 379 115 22 PUREST

2966 409 42 21 and
3019 411 58 19 most
3086 411 94 21 effective
3191 412 135 27 Eucalyptus
3349 415 106 21 Globuius
3477 417 27 20 Oi

2966 442 32 19 for
3020 442 170 26 INFLUENZA,
3211 445 93 26 Coughs,
3325 447 63 20 Colds
3414 449 43 19 and
3474 450 31 20 all

2965 472 66 21 Chest
3046 474 44 20 and
3098 474 63 26 Lung
3178 477 113 20 affections
3305 479 78 26 speedy
3392 480 61 21 relief
3462 481 43 21 and

2964 504 56 21 Cure
3038 506 34 20 for
3088 507 157 26 Eheumatism,
3266 510 123 26 Neuralgia,
3405 512 100 24 Sprains-

2964 531 71 21 Burns
3055 534 35 19 &c.

2990 566 133 27 Eucalyptus
3142 567 104 23 Globuius
3265 571 93 22 Extract
3366 574 91 26 sprayed
3471 574 33 22 in-

2963 597 62 21 haled
3041 599 43 20 and
3098 601 66 20 taken
3174 602 117 26 internally
3309 605 33 19 for
3358 606 36 19 the
3412 607 89 27 Uhroafc,

2963 628 97 28 Catarrh,
3077 631 60 25 Hay,
3163 633 103 26 Typhoid
3283 637 43 19 and
3342 637 83 22 Scarlet
3436 640 71 20 Fever

2963 661 129 22 MEASLES
3104 664 97 22 thenrost
3211 668 137 26 satisfactory
3358 673 144 22 preventative

2961 693 43 21 and
3019 693 61 22 Cure.
3108 696 56 21 Send
3178 698 51 21 Post
3245 700 55 21 Card
3311 703 22 19 to
3344 702 36 21 the
3390 703 63 21 Office
3467 705 35 21 for

2961 724 96 22 Circular
3071 727 120 28 describing
3210 731 121 22 treatment.
3359 735 143 27 Eucalyptus,

2961 757 111 24 Ointment
3083 761 36 21 the
3129 762 70 26 Magic
3208 765 80 21 Healer
3301 768 22 19 of
3338 768 70 24 Sores,
3422 753 80 38 Burns'

2962 789 101 27 Wounds,
3079 792 60 22 Boils
3158 796 44 23 4c,
3226 797 135 28 Eucalyptus
3382 801 57 26 Soap
3457 802 43 22 Fra

2959 823 63 22 grant
3032 824 43 20 and
3084 826 125 27 refreshing.
3234 829 133 27 Eucalyptus
3377 833 89 26 Jujubes
3477 842 24 13 or

2959 851 102 24 Pastilles
3071 856 34 19 for
3115 858 35 19 the
3177 860 80 21 Throat
3267 862 43 20 and
3320 862 63 22 Voice
3400 870 28 15 an
3443 867 56 21 anti-

2961 885 66 25 septic
3037 887 42 20 and
3090 889 121 23 stimulant.

2959 917 126 30 Veterinary
3101 923 36 20 Oil
3147 925 42 20 and
3200 926 112 22 Ointment
3321 929 33 19 for
3365 930 36 20 the
3411 932 87 22 stables.

2985 953 30 20 Be
3025 959 49 17 sure
3083 962 43 20 you
3135 958 110 23 Purchase
3260 961 38 21 the
3308 962 104 28 Platypus
3431 966 68 22 brand

2958 985 50 24 only
3018 986 23 20 of
3048 987 29 20 all
3087 989 113 27 Chemists,
3206 992 88 22 Grocers
3300 995 44 20 and
3351 996 148 27 Storekeepers

2958 1016 43 20 and
3015 1018 22 19 at
3052 1018 36 21 the
3099 1020 64 22 Office
3173 1024 12 20 9
3194 1023 115 23 Cathedral
3319 1032 76 19 square
3406 1028 91 23 between

2957 1048 101 22 Morten's
3072 1051 113 28 Buildings
3193 1056 41 20 and
3246 1057 37 20 the
3291 1058 53 20 Post
3354 1060 70 22 Office.

3122 1087 88 22 Oxford
3220 1090 80 27 Agent

3011 1119 26 21 R.
3048 1120 29 22 H.
3091 1122 120 29 PARISH,
3218 1138 7 6 -.
3234 1128 78 21 EAST
3326 1130 120 22 OXFORD

3036 1158 142 31 Eucalyptus
3189 1164 37 21 Oil
3240 1165 31 28 1/-
3284 1173 42 21 per
3335 1168 77 23 bottle.

2959 1276 345 81 SiyTANNINGjIi
3309 1284 155 46 OMFAI
3466 1290 29 41 Y

2994 1322 70 34 ■I*l
3105 1355 2 2 .
3185 1349 7 6 .
3231 1322 72 43 My
3309 1331 24 28 J.

3156 1369 139 24 LIMITED.
3374 1360 118 12 ■■•■■■■.

2986 1425 272 33 CHRISTOHURCH
3279 1433 185 32 BREWERY.

3187 1492 63 21 the
3415 1483 106 47 ~^3^a

3047 1556 15 10 -.
3104 1530 57 34 a.
3176 1532 43 33 r.
3236 1520 101 49 .e.s'
3373 1514 148 50 '.;■■■

3087 1572 131 23 BREWED
3228 1577 41 20 BY
3283 1578 82 25 THISi
3378 1590 6 7 ,
3405 1600 3 4 ,

3043 1600 373 56 COMPAQ

3140 1670 85 23 FROM
3236 1668 72 28 THE?

2954 1719 223 42 CttOiGEST
3180 1709 284 64 'WALT&ffOf
3468 1733 24 37 8

3067 1773 45 23 Are
3122 1775 176 29 acknowledged
3307 1780 26 21 to
3342 1781 28 21 be

2950 1810 150 24 SUPERIOR
3109 1815 36 21 IN
3155 1815 138 24 QUALITY
3304 1820 37 21 TO
3348 1821 67 22 ANY
3420 1824 19 19 P
3461 1825 31 21 0-

3019 1854 102 23 DUCED
3135 1857 36 22 IN
3185 1860 75 21 NEW
3272 1862 152 24 ZEALAND.

2978 1892 110 27 Supplied
3093 1895 25 21 to
3121 1896 83 22 Hotels
3210 1899 47 20 and
3264 1900 93 23 Private
3364 1903 128 25 Customer*

2951 1924 24 14 m
2984 1919 143 28 Hogsheads,
3138 1924 100 28 Barrels,
3250 1927 141 28 Kilderkins,
3401 1932 45 20 and
3457 1934 35 20 10-

2950 1947 89 25 --gallons
3049 1949 63 27 Kegs
3123 1951 60 28 only,

2952 1999 116 44 PALE
3092 2004 90 42 ALE
3206 2006 97 44 AND
3333 2009 157 46 EXTRA

3144 2056 136 46 STODT

3034 2105 93 24 Bottled
3149 2109 25 21 m
3184 2111 85 24 Quarts
3279 2114 47 20 and
3335 2114 71 22 Pints.

3041 2242 120 41 FRED
3204 2247 190 44 FULLER.

3045 2306 3 22 :
3068 2300 6 2 '
3139 2303 165 25 solicitor.

2999 2348 124 24 Cathedral
3133 2352 94 28 Square,
3243 2356 192 24 Chkistchubch.

2947 2381 50 21 Nos.
3011 2382 16 19 5
3044 2384 43 19 and
3095 2385 34 24 10,
3147 2386 70 21 First*
3206 2406 11 8 m
3224 2389 69 25 Floor,
3307 2391 99 21 Morten's
3415 2394 73 25 Build,

3086 2417 54 20 ings,
3163 2415 111 26 neaiJPosf
3284 2418 67 25 Office.

2988 2485 190 60 Money
3206 2492 54 43 to
3297 2493 144 47 Lend

2947 2557 30 15 on
2986 2552 33 21 all
3027 2553 58 21 kind
3095 2554 25 21 of
3130 2555 114 31 Security,
3253 2559 26 21 at
3297 2560 58 22 Low
3368 2563 80 21 Rates
3466 2565 25 21 of

2974 2596 108 23 Interest.
3112 2599 90 28 Special
3215 2603 79 23 Terms
3305 2605 34 22 for
3348 2606 112 25 Farmers.

2968 2733 28 31 A
3016 2734 174 34 RECENT
3215 2737 121 35 DISCO
3339 2740 126 37 VJ^RX

2948 2817 149 79 imosi
3125 2820 180 40 efficacious,
3344 2824 145 42 pleasing

3010 2860 61 29 aud
3086 2861 158 39 palatable

2942 2917 231 62 .J3UGH
3194 2920 208 45 MIXTURE

2950 2967 499 85 WASO6>T^iJ

3065 3062 23 24 -A-
3108 3064 93 24 certain
3220 3067 99 31 remedy
3335 3066 38 26 for

2941 3088 118 49 Wm
3083 3106 203 41 THROATS,

3013 3164 236 34 WHOOPING
3270 3158 157 49 COtrGrH,

3219 3224 267 37 BRONCHITIS

2949 3297 73 30 And
3038 3297 41 30 all
3095 3297 161 32 affections
3270 3301 35 29 of
3316 3301 52 30 the
3382 3299 106 34 throai

2950 3337 63 30 and
3027 3337 102 40 lungs.
3203 3341 109 30 '..-■';

3074 3410 71 25 Price
3163 3413 36 22 Is.
3217 3419 51 24 per.
3278 3412 97 26 bottle-

3115 3494 97 17 OXFORD
3229 3495 89 18 AGENT.

3015 3525 61 46 R.
3095 3525 66 46 H.
3176 3522 240 55 PAEISH

2950 3610 140 25 Wholesale
3108 3610 96 32 Agents
3224 3610 174 27 McINTYBE
3412 3614 19 23 &
3443 3612 47 28 Co/

3077 3664 15 25 9
3111 3663 135 26 Cathedral
3258 3663 101 34 Square.

3052 3936 216 32 Established
3293 3939 80 29 1862
3422 3933 51 39 '
3491 3964 4 3 .

2998 4002 125 30 FLOUR,
3135 4001 57 28 best
3201 4003 83 26 brand
3292 4002 63 35 billy
3366 4005 68 32 kept.

2950 4056 145 29 SHARPS,
3131 4056 82 26 OAT
3224 4057 118 30 MEAL,
3377 4057 109 26 BRAN

3039 4110 296 43 OHICBENW^ATi
3353 4113 43 26 &o.
3467 4116 26 27 \

2965 4165 41 21 AT
3034 4165 126 22 LOWEST
3345 4181 2 2 ■
3359 4167 100 21 RATES
3491 4185 4 3 .

2494 173 53 44 F.
2579 167 261 54 B.LANE.

2509 252 92 40 (Late;
2614 251 40 30 E.
2673 248 160 39 Butcher.)

2403 312 252 35 WATGHMAKEBi
2685 310 183 32 JEWELLER,
2885 305 42 31 &C.

2400 363 125 32 Importer
2559 364 27 23 of
2604 361 128 26 -.Musical
2767 358 160 26 Instruments

2500 408 111 25 Victoria
2633 408 38 26 St.
2702 408 134 32 Eangiora.

2400 485 100 31 Special
2512 486 70 25 value
2605 486 28 24 m
2655 486 81 24 Extra
2759 488 86 29 strong
2857 485 70 25 Cased

2398 528 89 31 highly
2494 529 109 25 finished
2617 530 110 30 English
2745 530 80 24 Lever
2834 528 93 25 Watch-

2398 579 35 17 es.
2480 572 191 26 Manufactured
2688 575 27 24 to
2738 582 43 23 my
2809 574 72 26 order
2902 573 25 33 by

2397 611 55 25 best
2464 612 105 24 London
2588 613 107 25 makers.
2730 613 158 32 Unequalled
2897 614 30 24 for

2396 655 124 25 excellent
2533 655 178 33 Timekeeping
2727 657 50 24 and
2788 657 139 32 durability.

2429 698 30 25 F.
2477 699 31 25 B.
2521 699 96 26 LANE
2629 700 141 33 personally
2793 702 71 24 visits
2885 701 42 26 Ox-

2395 741 55 26 ford
2470 743 125 32 monthly,
2619 744 116 32 carrying
2754 753 15 17 a
2791 744 69 33 large
2883 746 44 24 and

2394 785 86 25 choice
2514 787 71 25 stock
2614 787 27 25 of
2673 787 127 30 Watches,
2828 788 99 30 Chains,

2393 829 135 28 Brooches,
2539 830 88 30 Rings,
2639 831 85 28 Studs,
2742 832 129 25 Pendants
2883 834 44 27 etc,

2394 871 143 32 Spectacles
2559 873 124 33 (Pebbles,
2700 874 169 27 Pantoscoptc
2881 876 46 24 and

2394 915 108 34 Crystal)
2517 916 96 29 Clocks,
2633 917 108 32 (Marble
2761 919 50 23 and
2829 919 98 32 Wood,)

2492 960 158 28 Accord.eons
2661 961 51 25 and
2723 961 107 26 Violins.

2424 1022 82 26 Exact
2518 1024 57 24 date
2588 1024 28 24 of
2625 1025 62 24 each
2698 1026 60 24 visit
2780 1026 23 25 is
2814 1027 105 25 notified

2522 1067 46 25 •m

2390 1108 116 26 Repairs.
2508 1125 32 3 —
2542 1110 42 25 All
2594 1112 95 30 repairs
2706 1120 43 17 are
2766 1114 119 25 executed
2895 1114 30 32 by

2389 1153 93 31 myself
2502 1161 29 18 or
2547 1154 80 25 under
2643 1163 44 24 my
2706 1156 221 32 superintendence

2389 1202 30 18 so'
2439 1197 57 24 that
2514 1200 105 29 patrons
2630 1207 51 16 can.
2699 1201 53 31 rely
2775 1208 32 17 on
2829 1202 98 31 getting

2389 1240 155 26 satisfaction
2554 1243 27 23 at
2592 1241 44 26 the
2647 1250 59 24 very
2717 1242 86 27 lowest
2813 1244 112 32 charges.

2420 1283 107 32 Repairs
2538 1293 29 16 or
2575 1286 84 25 orders
2668 1294 59 24 may
2738 1287 30 25 be
2777 1288 44 25 left
2833 1290 26 23 at
2860 1303 34 4 —

2387 1331 27 24 J.
2433 1332 134 31 Weeber's,
2603 1334 65 24 East
2692 1335 101 25 Oxford,

2387 1375 27 24 at
2436 1375 41 25 W.
2501 1375 36 25 M.
2562 1376 38 29 C,
2624 1377 65 26 East
2713 1378 102 25 Oxford.

2386 1418 24 25 J.
2428 1419 100 30 Brown,
2542 1420 160 32 Bootmaker,
2728 1422 70 25 West
2822 1423 101 25 Oxford.

2386 1462 43 29 W..
2439 1462 25 25 J.
2478 1462 119 27 Crothers
2607 1466 18 23 &
2638 1464 45 26 Co.
2691 1483 6 7 .
2720 1466 69 24 Oust.

2419 1505 50 24 and
2485 1506 52 24 will
2544 1506 31 25 be
2586 1508 127 32 promptly
2724 1509 119 25 attended
2855 1511 34 24 to.

2383 1556 55 30 All
2450 1557 100 30 Work
2562 1558 78 31 done
2652 1569 40 20 on
2707 1560 53 31 the
2772 1560 151 32 Premises

2387 1618 3 12 1
2508 1610 62 30 and
2585 1612 201 37 guaranteed.

2421 1727 226 84 JOSEPH
2683 1732 195 82 LOUGH

2397 1922 178 37 %\\bzxtefox
2575 1953 8 12 t
2614 1925 215 47 Wfytdkxist
2850 1929 59 34 mxb

2384 1983 208 34 GENERAL
2612 1985 309 36 IRONMONGER.

2425 2064 154 32 Builder's
2595 2068 156 31 materials
2771 2070 34 30 of
2827 2081 95 32 every

2383 2106 188 41 description
2587 2108 78 40 kept
2678 2110 33 29 m
2727 2111 98 37 stock,
2844 2113 78 30 roof-

2382 2147 66 41 fing
2462 2147 85 38 Iron,
2563 2149 99 42 Sheep
2678 2151 61 31 and
2753 2153 90 31 other
2856 2157 66 27 net-

2382 2190 78 39 ting,
2483 2190 84 31 Barb
2582 2191 62 31 and
2666 2191 91 33 Plain
2774 2195 81 37 wire,
2879 2196 43 30 all

2381 2230 94 31 kinds
2490 2232 34 29 of
2539 2232 65 31 Oils
2619 2233 75 40 kept
2709 2235 33 29 m
2757 2237 100 30 stock.

2408 2275 75 28 Agent
2492 2277 36 20 for
2629 2279 29 20 A.
2668 2280 91 21 Wood's
2768 2282 100 27 Eeapers
2875 2283 47 21 and

2382 2303 104 25 Binders,
2499 2304 33 21 all
2541 2306 76 20 extras
2626 2306 56 26 kept
2691 2314 30 13 on
2729 2308 70 21 hand.

2380 2357 79 33 N.B.
2474 2359 153 33 Funerals
2638 2362 163 32 furnished
2815 2375 40 20 on
2866 2365 54 30 the
2926 2358 2 7 '

2521 2402 136 31 shortest
2671 2405 110 36 notice,

2381 2442 62 29 and
2458 2452 40 20 on
2512 2446 82 27 most
2617 2447 179 30 reasonable
2814 2450 105 28 terms.

2414 2522 23 26 A
2453 2524 117 33 quantity
2586 2525 28 25 of
2629 2525 48 26 Oat
2690 2526 82 27 Straw
2790 2527 76 26 Chaff
2879 2529 41 25 for

2380 2557 60 24 sale.

2420 2678 475 59 HOLBROOK

2383 2759 6 29 1
2421 2787 2 1 .
2607 2767 70 23 AND

2382 2803 467 60 VALLANOE

2393 3120 123 32 ffljfo
2535 3127 115 25 intimate
2670 3129 26 23 to
2725 3128 43 24 the
2791 3127 83 32 public
2897 3120 28 25 °f

2381 3158 36 25 JJ
2433 3159 94 26 Oxford
2542 3159 49 26 and
2609 3160 168 31 surrounding
2793 3158 127 30 Districts,

2381 3192 56 26 that
2449 3200 36 18 we
2506 3193 63 25 have
2593 3193 158 26 commenced
2763 3193 118 25 Business
2894 3199 27 18 as

2382 3227 167 27 saw-millers,
2575 3227 51 24 and
2646 3226 64 32 hope
2731 3226 33 32 by
2788 3227 71 24 strict
2877 3226 43 25 ab-

2382 3260 97 24 tention
2488 3261 26 24 to
2527 3260 116 25 Business
2659 3261 26 24 to
2697 3260 29 24 be
2737 3260 115 25 favoured
2861 3260 61 25 with

2382 3293 65 24 their
2474 3294 112 30 support.
2633 3293 87 25 White
2743 3293 67 31 pine,
2840 3293 80 25 Rimu

2381 3325 75 25 Birch
2468 3326 52 24 and
2533 3326 60 25 Coal
2615 3326 39 31 pit
2667 3333 77 24 props
2756 3326 27 24 m
2793 3327 129 30 anytguan

2382 3357 56 33 tity.

2382 3402 45 45 S.
2440 3403 57 44 B.
2512 3403 246 57 Seymour
2768 3403 42 44 &
2820 3401 102 46 Son

2583 3484 139 29 DENTIST,

2424 3529 41 23 215
2480 3527 106 23 Colombo
2601 3527 82 25 Street,
2706 3526 170 22 Christchurch.
2892 3538 4 3 •

2450 3571 47 21 and
2511 3570 100 21 Burnett
2625 3570 76 21 Street
2714 3569 139 21 Ashburton.

2553 3641 180 21 CHAEGES:—

2450 3682 95 26 Filling,
2559 3682 25 21 ss
2591 3689 8 18 ;
2634 3681 134 22 Extraction
2777 3682 25 19 2s
2815 3680 38 21 6d.

2407 3757 99 21 Nitrous
2516 3757 61 21 Ozid
2586 3757 47 21 Gas
2644 3757 171 21 Administered
2819 3756 38 21 for
2862 3756 60 24 Pain

2379 3798 47 22 leas
2436 3797 134 23 Extraction
2580 3798 25 22 of
2614 3799 83 21 Teeth?
2728 3799 46 21 Fee
2783 3798 38 21 for
2828 3796 94 22 Admin-

2382 3837 102 21 stration
2495 3837 33 21 Ss.
2839 3855 2 1 .

2381 3950 49 45 J.
2454 3949 50 46 T.
2521 3950 247 45 Brown&
2788 3952 104 42 Son

2396 4042 139 28 TIMJBER
2548 4042 126 28 &XJOAL
2690 4032 207 43 LERCHANTj

2463 4105 17 24 \
2546 4106 200 42 iaCPORI^RS
2811 4105 17 37 \

2379 4192 36 32 of
2425 4189 165 34 TIMBER
2611 4189 62 31 and
2698 4189 42 29 all
2767 4171 95 47 kinias
2887 4188 35 36 pi

2399 4274 223 34 BUILDING
2641 4256 258 54 i^ATKRIAIi^.

2377 4354 118 29 ■'■?-:•.■=.■,■:!■
2511 4363 12 18 i
2553 4352 153 31 -..MPrner
2724 4375 1 2 .
2744 4368 4 3 ,
2763 4370 4 8 ,
2774 4373 8 11 t
2789 4374 1 1 _
2799 4371 13 7 ti
2833 4372 3 3 ,
2843 4372 5 7 t
2866 4372 41 7 .^.
2921 4351 6 31 ;

2372 4428 8 22 ■;
2399 4415 101 36 Tuain
2514 4416 68 39 jind^
2593 4414 149 46 ColpintK)
2751 4413 17 12 '*
2768 4411 133 45 S^ets;
2909 4421 6 7 '
2918 4415 9 8 a

2438 4486 389 45 I;eFRfS^CHURCH

1297 176 351 92 8.-H*
1714 174 515 94 PARISH

1488 329 200 58 EAST
1734 329 328 61 OXFORD

1555 459 104 12 ■'U"«l"1U'
1669 461 24 10 IIW
1702 461 245 13 '111-llP'tW'llP-lor'nl-nl.
1956 464 30 10 .»r
1995 463 22 11 1U

1512 484 8 12 i

1208 505 384 99 fieeord
1690 522 330 112 Eeign
2101 524 252 88 Suite

1384 670 339 56 ENORMOUS
1785 677 391 48 REDUCTIONS

1202 764 399 117 Kaapoi
1653 776 354 89 Tweed
2101 781 252 86 Suits

1202 918 457 94 Reduced
1709 935 101 80 to
1853 935 174 83 21s
2158 936 163 85 6d.

1470 1086 322 86 worth
1893 1088 192 87 30so

1194 1242 433 115 Kaiapoi
1679 1252 290 86 Coats
2035 1253 163 88 10s
2232 1256 121 86 6d

1193 1397 810 96 Trousers&Vest
2039 1409 162 87 10s
2232 1411 118 86 6d

1190 1550 225 33 Christciiurcli
1436 1554 126 31 Houses
1592 1557 155 31 advertise
1770 1570 18 19 a
1810 1560 102 39 single
1941 1567 145 34 garment
2114 1568 34 25 at
2184 1564 169 31 wholesale

1472 1606 102 40 single
1604 1612 146 36 garment
1766 1614 32 26 at
1813 1610 101 33 LESS
1930 1613 75 30 than
2021 1613 175 33 Wholesale
2212 1615 78 31 Cost

1190 1684 539 93 American
1875 1693 478 90 Leathers

1188 1841 126 83 Is.
1372 1868 184 85 per
1598 1846 161 112 yd.
1805 1849 314 88 worth
2159 1853 103 85 Is
2289 1851 64 91 7

1188 1991 223 35 Christchurch
1425 1996 112 32 houses
1553 1999 156 32 advertise
1728 2011 19 20 a
1770 2003 101 40 single
1886 2009 144 35 garment
2045 2009 33 27 at
2092 2006 163 31 wholesale
2270 2007 83 39 price

1326 2046 16 30 I
1353 2048 57 30 sell
1425 2058 19 21 a
1459 2050 106 40 Single
1580 2051 78 40 yard
1674 2056 34 27 at
1723 2053 102 32 LESS
1843 2055 75 31 than
1933 2056 177 32 Wholesale
2125 2058 86 31 Cost.

1189 2180 235 87 This
1465 2182 272 91 beats
1775 2189 170 88 the
1992 2192 355 87 travel-

1415 2318 224 114 ling
1688 2324 447 115 Drapers.

1631 2473 324 19 A\\\\\\\\\\\\\\\\\\v

1186 2510 81 25 TIHE
1286 2512 116 32 question
1413 2513 21 25 is
1606 2516 68 33 Why
1685 2518 60 25 send
1761 2521 26 23 to
1799 2519 179 29 Christchurch
1998 2524 39 26 for
2053 2534 63 24 your
2134 2527 111 31 Drapery
2253 2529 12 24 ?
2299 2528 54 26 The

1192 2546 22 22 J.
1251 2546 103 32 drapery
1366 2546 54 26 sold
1429 2555 26 17 m
1464 2547 57 26 that
1532 2548 51 33 city
1595 2558 73 24 every
1679 2559 47 18 one
1737 2552 95 32 knows,
1845 2554 22 26 is
1878 2557 47 24 not
1935 2558 73 26 made
2019 2559 78 30 there,
2116 2560 45 26 but
2172 2561 131 32 imported.
2338 2563 15 24 I

1186 2580 86 30 mport
1283 2579 66 26 from
1360 2580 44 26 the
1416 2580 54 26 best
1482 2582 109 32 English
1603 2584 51 26 and
1672 2584 89 27 Scotch
1773 2587 101 26 houses.
1922 2589 72 28 lam
2006 2592 106 27 enabled
2123 2596 26 24 to
2161 2596 124 31 purchase
2303 2596 48 26 low

1185 2612 52 24 and
1245 2613 48 25 sell
1304 2615 27 23 at
1339 2622 16 16 a
1365 2616 55 23 rate
1432 2615 26 24 of
1467 2616 75 30 profit
1554 2617 55 31 (my
1620 2626 120 22 expenses
1752 2620 73 32 being
1836 2623 82 32 small)
1932 2624 57 25 that
1999 2627 84 25 would
2094 2627 31 26 be
2142 2630 146 25 considered
2308 2631 43 24 ab-

1186 2645 59 25 surd
1257 2645 33 33 by
1305 2653 49 25 any
1374 2646 180 28 Christchurch
1578 2650 201 28 establishment.
1832 2654 45 32 My
1898 2655 77 27 Stock
1994 2659 21 24 is
2034 2659 45 26 the
2098 2660 95 33 largest
2210 2663 52 25 and
2283 2666 69 23 most

1185 2679 85 25 varied
1290 2679 57 25 that
1357 2679 45 26 has
1414 2688 58 18 ever
1481 2682 64 24 been
1556 2683 88 25 shown
1654 2692 29 17 m
1693 2685 45 25 the
1749 2686 104 32 district,
1867 2689 50 25 and
1928 2690 38 25 for
1977 2692 94 33 quality
2090 2695 50 25 and
2159 2695 72 26 value
2248 2699 60 27 puts
2324 2698 27 25 m

1185 2712 31 25 he
1227 2712 78 26 shade
1323 2714 76 32 goods
1411 2714 93 26 offered
1515 2715 33 33 by
1560 2718 104 32 visiting
1675 2718 116 28 hawkers
1806 2723 62 24 irom
1879 2722 45 26 the
1942 2724 183 30 Christchurch
2137 2736 46 26 rag
2194 2732 89 24 marts.

1217 2766 95 27 Dress
1324 2768 166 33 Materials,
1503 2770 88 26 Plain
1603 2772 61 24 and
1674 2771 104 33 Fancy
1789 2774 81 26 from

1217 2822 27 26 A
1262 2823 111 31 Strong
1389 2824 88 27 Stout
1493 2826 134 26 Durable
1645 2827 127 33 Kaiapoi
1789 2830 114 27 Tweed
1919 2833 52 33 2/6
1983 2840 55 26 per
2049 2838 77 29 yard

1820 2874 109 27 Makes
1940 2878 158 27 first-class
2115 2881 91 32 Boys'
2225 2882 92 28 Suits.

1218 2921 58 25 Art
1292 2921 141 34 Muslins,
1453 2923 157 35 Cretones,
1630 2926 80 27 Lace
1728 2927 140 28 Curtains
1887 2930 55 26 &c.

1725 3142 46 22 3^
1773 3154 10 7 -•
1792 3153 3 1 '
1798 3144 134 41 'with~o
1933 3160 69 25 ther
2020 3160 194 25 Manchester
2231 3161 88 31 lines.

1218 3208 89 32 Hats,
1325 3208 105 31 Fancy
1446 3208 61 25 and
1524 3207 107 33 Sailor,
1650 3209 31 24 m
1698 3208 105 26 White
1821 3210 61 24 and
1899 3208 117 28 Colors.

1766 3252 127 26 Newest
1910 3253 125 32 Shapes.
2071 3254 97 31 Large
2185 3256 133 32 Variety,

1217 3303 150 29 Flowers,
1385 3302 156 30 Feathers,
1560 3301 149 31 Ribbons,
1729 3302 106 31 Laces,
1854 3302 76 31 Jets,
1950 3302 55 25 &c.

1693 3341 89 25 With
1798 3343 42 23 all
1857 3342 186 24 necessaries
2060 3342 48 25 for
2125 3342 193 30 Trimmings.

1217 3389 104 31 Fancy
1337 3388 142 31 Frillings
1497 3389 78 30 3yds
1587 3389 47 24 for
1644 3389 37 32 1/-
1698 3389 103 25 worth
1813 3389 51 30 9d,
1882 3393 57 26 per
1949 3389 84 30 yard,

1757 3431 184 33 Umbrellas,
1961 3432 152 33 Parasols,
2132 3433 186 33 Sunshades,

1507 3482 245 46 DOUBLE
1814 3483 215 45 WIDTH

1246 3646 298 88 Dress
1620 3647 399 87 Tweeds
2129 3647 102 88 Is

1490 3779 334 90 worth
1894 3782 137 86 2s.

1268 3910 464 89 Costume
1795 3904 291 90 Cloth
2166 3911 126 84 Is.

1424 4028 321 92 worth
1785 4028 104 88 Is
1952 4031 164 87 6d.

1185 4302 136 41 English
1334 4296 130 44 Witney
1472 4294 152 35 Blankets
1638 4294 46 31 to'
1689 4300 36 25 be
1739 4293 69 32 sold
1822 4297 33 27 at
1865 4290 150 35 leks'than'
2026 4290 181 35 Melbourne
2212 4287 141 40 -Wibte-

1186 4355 64 32 sale
1271 4339 253 56 price-double
1539 4348 71 33 Bed
1625 4344 160 47 Size^l2ss.
1810 4344 52 40 |6d.
1878 4357 25 18 ./
1912 4336 194 47 wqrtk£(>a*
2119 4345 68 38 (64-
2209 4343 144 45 pecpaliv

1499 4391 79 32 than
1593 4386 228 35 Chnstchurcn
1834 4386 114 32 houses
1962 4385 66 36 irill
2033 4408 6 13 :
2042 4386 58 31 sell
2114 4384 96 34 them.

632 170 178 35 KAIAPOI
846 174 154 31 TWEED
1044 178 121 31 SUITS,

863 228 56 30 21s

716 266 149 32 STRAW
886 268 149 33 HATS!!
1059 273 33 28 Is

804 355 327 36 STKAWHATSm

791 437 95 25 HALF
905 439 112 26 PRICE.

649 479 68 24 UST
729 481 27 23 to
768 481 101 24 hand—
870 482 49 25 late
931 484 39 23 for
987 484 43 25 the
1041 493 94 22 season,
1148 487 17 24 to

649 519 13 16 c
682 512 53 24 sold
758 514 27 24 at
942 530 32 4 —
975 516 90 26 Ladies
1094 519 71 24 Saioh

631 543 67 26 Hats
710 547 26 23 at
749 547 36 24 Is.
822 548 78 24 worth
917 550 37 23 2s.
990 550 84 25 Men's
1107 552 58 32 Leg-

631 577 60 24 horn
700 578 75 26 Hats.
809 580 75 32 Boy's
896 581 107 26 Boaters
1016 587 25 21 at
1050 585 36 24 Is.
1095 586 70 23 worth

631 610 37 24 2s.

630 657 265 44 ■pULL-SIZE,
939 663 226 28 ALL-WOOL

848 734 120 27 WHITE

655 802 212 51 KAIAPOi
891 808 251 50 BLANKETS

728 890 81 46 19s
843 893 59 45 6d
943 894 133 48 Pair.

670 1001 74 22 BEST
761 1002 101 23 VALTJE
880 1006 83 21 EVER
977 1008 137 20 OFFERED

632 1074 189 548 §
871 1298 262 47 YOUTHS'

856 1430 4 2 .
900 1395 65 35 Ml
996 1397 104 37 Wool

830 1477 179 26 COLONIAL
1032 1482 130 25 TWEED

874 1550 219 37 SUITS

661 1665 118 32 BOY'S
811 1667 306 35 DEPARTMENT.

622 1719 201 419 fT
839 1770 57 17 now
905 1764 119 26 continue
1035 1768 25 21 to
1072 1767 87 26 devote

799 1792 23 27 JL
860 1795 100 32 Special
978 1797 133 27 Attention
1133 1804 26 21 to

799 1828 52 25 this
867 1829 174 33 Department,
1053 1834 50 23 and
1120 1841 39 17 am

785 1892 3 24 |
846 1888 73 22 NOW
947 1890 158 24 OFFERING

799 1965 52 27 ZZZ
884 1952 106 35 laugh!
1003 1966 75 25 like

851 2044 144 22 KNICKBR
1015 2046 87 28 SUITS

799 2079 26 21 at
839 2079 41 21 the
899 2078 119 28 following
1032 2080 127 25 SPECIAL

675 2159 33 21 To
717 2159 29 21 fit
754 2159 61 26 Boys
824 2161 13 18 3
847 2158 73 21 Years
931 2158 35 27 5/6
983 2158 13 20 5
1164 2163 2 17 |

836 2193 14 21 7
860 2192 72 22 Tears
943 2192 35 28 5/6
998 2193 13 20 9

617 2251 86 41 Boys
726 2252 133 30 Blouses
893 2252 43 29 Is.
976 2252 60 34 6cL,
1056 2250 102 31 worth

826 2294 44 29 2s.
895 2292 49 36 6d,

616 2360 118 37 Prints,
755 2360 115 31 checks
886 2360 61 30 and
970 2359 115 40 stripes

618 2414 97 31 Table
737 2413 163 37 Damasks,
924 2412 193 31 unbleached
1117 2429 37 5 —
1154 2428 2 6 -

651 2464 17 12 '
760 2464 115 40 special
916 2465 94 30 value

615 2537 117 30 Brown
768 2535 139 31 Holland
943 2546 79 30 very
1060 2535 98 40 cheap

616 2589 194 30 Flannelette
826 2588 61 31 and
903 2587 155 40 Shirting,
1077 2589 82 39 good

697 2640 92 31 value
809 2640 82 31 from
912 2641 52 30 4d.

757 2723 33 24 B.
808 2723 36 24 H.
863 2723 146 25 PAJtISH.

742 2783 102 33 East
869 2782 162 33 Oxford

758 2876 32 24 JJ.
809 2876 35 24 H.
865 2876 145 26 PARISH,

815 2949 64 23 East
899 2948 103 30 Oxford.

647 3029 102 25 MORE
760 3029 184 25 BARGAINS
955 3029 71 25 FOR
1039 3030 119 29 THIS^.

615 3269 134 66 THIS
762 3271 96 24 Season
881 3271 109 31 Figured
1011 3271 70 25 dress
1093 3273 63 23 mat-

704 3303 72 24 erials
787 3304 107 23 reduced
905 3304 65 23 from
982 3305 38 23 3s.
1033 3304 41 24 6d.
1089 3309 24 19 to
1127 3306 29 22 2s

613 3335 22 23 A
658 3335 97 25 further
785 3335 203 25 BEDUCTIOfI
1020 3344 34 16 on
1079 3337 78 24 Dress

613 3367 109 30 Tweeds,
743 3375 42 23 my
799 3370 28 22 Is
844 3368 34 24 4d
889 3368 51 24 line
960 3377 55 16 now
1027 3368 89 32 selling
1130 3371 26 22 at

616 3402 35 23 Is.

613 3433 57 26 Art
687 3434 130 26 Muslins
836 3433 40 25 3d.
897 3442 45 23 per
953 3435 68 31 yard.

740 3482 111 25 NAVY
883 3482 142 26 SERGES

698 3516 113 24 Reduced
823 3517 69 30 from
903 3516 30 23 2s
956 3520 22 19 to
989 3517 30 22 Is
1032 3516 39 24 6d.

632 3557 120 27 WHITE
765 3557 159 27 ENGLISH
943 3557 196 26 BLANKETS.

999 3591 143 31 Large-size

615 3625 87 32 Single
716 3625 62 25 Bed.
797 3624 100 26 Double
909 3624 63 26 Bed.
991 3624 99 26 Double
1102 3624 53 25 Bed

647 3717 85 56 7/6.
825 3718 117 56 10/6.
1009 3717 118 59 12/6.

632 3808 94 32 Special
736 3808 73 25 Note.
811 3822 33 4 —
846 3808 66 25 Cash
929 3809 126 26 Discount
1067 3810 29 25 Is
1107 3809 36 25 off

824 3854 74 24 every
915 3848 27 23 £.

754 3934 129 23 DOUBLE
904 3934 114 22 WIDTH

669 4010 435 44 CHEVIOT

628 4093 197 46 DEESS
881 4092 261 47 TWEEDS

796 4205 81 40 (half
891 4205 98 40 price)

628 4313 121 30 Melton
767 4311 114 32 Tweed
896 4310 53 32 6d.
966 4310 103 31 worth
1084 4310 61 40 10J

615 4360 117 32 Melton
749 4360 114 32 Tweed
878 4360 46 30 Is.
939 4358 104 33 worth
1057 4359 46 30 Is.
1116 4357 41 31 6d

629 4414 101 31 better
754 4412 92 32 value
870 4411 78 31 than
973 4409 172 40 travelling

678 4468 128 40 drapers
822 4465 66 34 will
907 4466 72 40 give
994 4476 74 31 you.

91 173 78 44 W.
199 172 66 44 H.
294 172 279 49 ALFORD

86 255 231 41 WATCHMAKER
340 258 24 38 &
406 256 176 44 JEWELLER

140 327 87 26 WAIN
241 327 137 27 STREET
395 329 140 28 OXFORD

290 398 5 2 -
310 399 4 2 ■
321 394 15 10 ..-

194 456 269 47 NOTICE.

60 554 54 26 The
142 554 94 26 Oxford
263 555 106 33 Library
396 557 22 24 is
446 565 62 24 open
531 567 58 24 ever}

61 597 114 33 Tuesday
187 599 50 24 and
259 599 122 33 Saturday
410 601 98 31 nights,
535 602 54 25 frorr

61 643 59 23 630
131 650 69 23 p.m.,
223 645 25 22 to
269 644 14 23 8
296 651 71 23 p.m.,
391 644 50 24 and
473 652 32 17 on
529 653 60 25 ever}

60 685 120 25 alternate
192 686 132 32 Thursday
348 687 140 29 afternoon,
521 689 68 32 (Sale

61 728 79 33 Days)
164 729 64 25 from
241 731 12 22 2
267 731 34 23 SO
313 738 65 23 p.m..
395 733 26 22 to
434 733 15 22 5
460 740 60 23 p.m.

249 801 25 20 L.
293 802 125 30 KEEVES,

347 834 61 24 Hon
421 834 143 26 Librarian.

110 876 178 25 SCBSCREPTION
311 879 37 22 21-
361 887 50 16 PER
428 880 120 29 QuAKTEB

82 1016 117 42 HELP
216 1018 83 42 FOR
316 1019 86 43 THE
423 1021 150 42 WEAK.

58 1124 179 26 YTEKVOUS
258 1126 71 24 AND
347 1127 239 27 DEBILITATED

58 1150 31 32 li
116 1158 63 27 who,
193 1159 109 31 through
314 1160 60 30 folly
393 1161 49 24 and
454 1163 132 30 ignorance

57 1190 64 24 have
134 1190 78 25 trifled
224 1199 69 24 away
306 1192 62 24 their
379 1194 86 31 vigour
485 1195 27 23 of
522 1195 67 32 body,

58 1223 77 28 mind,
149 1223 50 24 and
211 1225 133 29 manhood,
358 1227 101 31 causing
477 1227 112 26 exhaust-

57 1256 44 31 ing
118 1256 83 25 drains
214 1266 65 22 upon
292 1258 42 24 the
357 1259 129 26 fountains
507 1262 26 24 of
543 1261 46 30 life,

58 1289 63 24 Loss
129 1290 26 23 of
165 1290 100 31 Energy
275 1291 48 24 and
334 1293 128 31 Strength.
475 1294 114 32 Timidity

56 1321 165 26 Basbfulness
256 1323 26 24 m
319 1323 106 33 Society,
449 1326 140 30 Headache,

57 1354 135 30 Backache,
213 1356 178 30 Nervousness,
416 1358 135 25 Weakness
570 1361 19 24 of

57 1387 121 33 Memory,
192 1389 109 25 Restless
312 1389 80 33 Sleep,
404 1392 115 29 Dreams,
529 1393 60 25 Loss

57 1420 81 24 Flesh,
146 1422 49 23 and
208 1422 68 25 Vital
296 1423 91 28 Powe>-,
411 1425 137 31 Eruptions
561 1434 28 17 on

57 1453 43 24 the
109 1454 63 24 Face
184 1455 49 23 atd
245 1455 78 31 Body,
337 1457 76 24 Want
435 1458 28 24 of
472 1458 117 32 Develop-

55 1489 79 25 ment,
155 1487 116 25 Varicose
287 1488 84 29 Veins,
394 1490 143 33 Incapacity
555 1492 34 25 for

55 1518 112 25 business
180 1528 27 15 or
218 1521 120 30 pleasure,
352 1523 104 31 Urinary
465 1524 124 31 Diseases,

56 1552 50 23 and
125 1552 34 23 all
181 1552 44 24 the
248 1554 83 24 effects
354 1556 100 31 leading
475 1561 27 20 to
524 1558 65 31 eariy

56 1584 84 31 decay,
164 1586 105 31 perhaps
291 1587 183 32 Consumption
498 1597 28 17 or
548 1590 32 25 In

55 1618 91 30 sanity,
160 1626 46 16 can
230 1619 29 24 be
271 1620 115 25 obtained
397 1622 32 31 by
449 1623 140 25 consulting

54 1651 140 32 personally
212 1661 27 17 or
248 1653 30 31 by
290 1656 64 28 post,
390 1655 92 25 FKEE
493 1656 96 26 PROF.

55 1679 141 28 KOTMAis
194 1686 7 11 r
202 1686 30 28 N,
263 1686 202 31 M.E..E.M.G.,
518 1690 71 24 Cam-

54 1716 87 31 bridge
154 1717 108 30 Terrace,
287 1720 111 30 opposite
421 1721 117 26 Colombo
552 1722 37 25 St.

56 1749 99 31 Bridge,
185 1750 189 27 Christchurt.'h-
436 1754 53 25 The
531 1756 58 31 only

54 1782 227 28 Electrobotanical
310 1785 96 33 Expert
439 1788 150 33 advertising

54 1815 56 25 who
122 1817 51 24 will
185 1821 136 27 guarantee
338 1828 15 16 a
370 1820 125 33 thorough
524 1830 65 17 cure.

57 1848 58 25 Sole
131 1852 134 29 proprietor
294 1853 50 24 and
360 1856 115 28 patentee
503 1856 28 23 of
548 1855 41 26 the

55 1882 59 31 only
136 1885 149 29 guaranteed
308 1886 109 25 Electric
439 1887 71 25 Belts
542 1889 47 24 and

54 1916 72 22 other
138 1917 89 30 special
250 1918 125 26 electrical
398 1920 143 31 appliances
563 1922 26 24 m

53 1948 42 23 the
104 1949 116 25 colonies.
254 1951 99 25 Ladies'
366 1952 96 26 French
474 1954 115 25 herbace-

54 1989 43 15 ous
108 1982 58 29 pills
187 1982 38 25 for
253 1984 177 31 irregularities
453 1987 64 24 from
541 1995 48 24 any

53 2020 81 23 cause,
161 2016 41 23 10s
225 2017 94 28 posted.
354 2018 146 32 Pamphlets
528 2020 61 25 free.

54 2046 202 27 Testimonial:—
259 2050 100 31 Napier,
369 2051 97 33 August
474 2053 45 26 7th
525 2055 64 24 1895

53 2079 66 25 Prof.
131 2081 131 25 Notmann.
264 2097 33 4 —
298 2084 67 24 Dear
376 2085 47 29 Sir,
426 2100 31 4 —
459 2086 14 24 I
481 2088 108 23 received

53 2118 61 25 your
119 2113 74 25 letter
202 2116 48 24 iasfc
263 2116 75 29 week,
355 2118 51 24 and
418 2118 14 24 I
448 2127 41 17 am
498 2119 90 25 thank-

53 2145 37 25 ful
113 2150 25 20 to
161 2147 53 24 find
235 2157 50 23 you
296 2158 43 17 are
350 2152 105 25 anxious
472 2155 26 22 to
519 2152 68 26 know

53 2178 43 25 the
108 2179 106 27 benefits
232 2182 12 24 1
256 2182 63 26 have
331 2184 99 26 derived
449 2185 61 25 from
528 2194 61 24 your

51 2213 144 25 troatmeut.
231 2215 49 30 bir,
308 2217 20 24 it
355 2218 68 31 gives
452 2227 41 16 me
521 2222 68 29 great

51 2245 114 31 pleasure
178 2250 25 22 to
214 2248 93 25 inform
317 2258 49 22 you
376 2251 56 25 that
441 2260 15 16 a
467 2254 122 30 complete

52 2279 51 23 and
114 2280 92 29 perfect
216 2290 59 16 cure
286 2283 47 24 has
352 2283 63 25 been
437 2286 103 25 effected
563 2287 26 23 of

50 2311 44 25 the
106 2314 116 24 maladies
234 2315 14 23 I
265 2318 160 30 complained
444 2319 26 25 of
481 2321 26 22 to
529 2328 58 23 you.

50 2344 14 24 I
77 2353 40 16 am
129 2347 115 32 enjoying
253 2349 64 30 good
323 2341 105 38 'health,
441 2353 48 22 and
501 2360 41 17 am
552 2361 35 16 re-

49 2379 83 23 Sijred
153 2383 25 21 to
198 2382 86 31 manly
307 2383 95 30 vigour.
437 2384 58 25 P.S.
497 2399 33 5 —
532 2386 55 31 Any

49 2417 12 18 S
67 2411 85 25 jffeier
160 2412 110 27 desirous
277 2415 29 24 of
310 2417 211 33 communicating
526 2419 61 24 with

48 2451 41 16 me
97 2452 48 22 you
159 2453 42 16 are
212 2449 27 21 at
255 2448 90 31 liberty
368 2452 26 22 to
413 2451 55 29 give
489 2459 42 23 my
543 2452 43 24 ad-

49 2476 76 30 dress,
138 2478 36 24 for
187 2478 12 24 I
217 2479 47 25 like
274 2488 62 23 your
352 2483 118 29 practical
483 2485 103 24 method

48 2509 26 24 of
86 2513 175 24 treatment.—
265 2513 28 25 T.
309 2513 27 26 C.
349 2516 119 25 Simpson.

96 2648 48 26 DR
162 2649 215 29 BARNARDO'S
402 2655 131 33 HOMES,

74 3677 45 24 Cr<
134 3678 26 23 of
172 3678 42 24 the
228 3679 77 24 Waifs
318 3680 48 23 and
382 3680 86 32 Strays
483 3681 102 25 resceud

218 3718 69 31 byDr
310 3720 131 25 Barnardo

77 3847 37 43 J
143 3847 58 45 .J.
247 3848 308 57 WEEBER,

46 4089 83 58 JJ.
157 4080 375 43 WEEBT^^in^HlM^gjl
542 4092 43 25 the

79 4141 5 6 .
105 4123 118 25 residents
242 4125 26 23 of
292 4124 140 25 OXFORD
459 4125 51 25 and
533 4133 52 17 sur-

47 4162 124 32 rounding
200 4163 107 25 districts
333 4164 36 24 for
401 4164 64 25 their
486 4165 99 25 favours

48 4202 90 31 during
148 4203 43 24 the
202 4205 58 30 past
281 4205 31 23 18
330 4212 79 23 years.
446 4205 100 25 Wishes
566 4205 21 25 it

47 4247 25 20 to
84 4243 30 25 be
131 4243 56 25 well
205 4244 89 24 known
314 4244 55 25 that
392 4245 32 25 he
445 4245 45 25 has
511 4245 73 32 given

47 4290 33 23 up
100 4283 31 25 all
151 4284 97 24 outside
268 4284 75 29 work,
362 4284 51 24 and
435 4284 101 26 intends
560 4287 26 23 to

46 4322 87 25 devote
144 4323 40 24 his
197 4324 61 24 time
276 4327 26 21 to
314 4324 43 24 the
377 4324 139 24 Wholesale
536 4325 51 24 and

46 4362 71 26 retail
130 4363 69 25 trade
210 4365 25 23 at
247 4363 82 30 home,
348 4364 82 25 where
448 4365 30 23 he
490 4364 47 25 will
557 4364 30 26 be

46 4401 56 32 glad
115 4404 24 22 to
150 4409 38 18 see
211 4401 34 25 all
265 4402 40 24 his
317 4402 42 25 old
381 4404 138 24 customers
536 4402 51 25 and

46 4440 84 31 plenty
142 4440 26 25 of
177 4448 54 18 new
249 4448 68 17 ones.

96 4507 100 24 Picture
216 4508 91 23 frames
325 4507 74 24 made
417 4510 27 21 to
455 4506 81 25 order.
