2520 4029
1228 49 101 32 THE

43 105 465 134 NEW
612 105 881 134 ZEALAND
1600 102 856 142 GAZETTE

1204 269 103 32 AND

41 301 1153 177 WELLINGTON
1309 301 1152 177 SPECTATOR.

577 491 222 37 PUBLISHED
845 491 134 37 EVERY
1023 489 257 39 WEDNESDAY
1325 489 86 38 AND
1459 491 228 38 SATURDAY
1733 491 206 37 MORNING.

566 605 131 34 PORT
721 606 288 39 NICHOLSON,
1030 605 313 35 WEDNESDAY
1365 606 239 39 MORNING,
1627 609 174 32 MARCH
1823 613 52 32 30,
1901 613 89 28 1842.

2270 611 98 40 [Vol.
2390 610 49 31 11.
2458 609 4 40 )

66 610 64 31 No.
148 609 84 39 128.]

2003 699 101 22 Colonial
2116 700 130 28 Secretary's
2257 701 77 26 Office,
2345 701 132 28 Auckland,-

2145 727 79 21 March
2235 728 33 26 15,
2280 729 58 20 1842.

1897 757 76 49 SIR,
1975 769 28 4 —
2005 758 10 22 I
2027 766 35 14 am
2072 759 97 22 directed
2183 759 30 27 by
2223 760 37 21 the
2277 761 115 22 Governor
2408 764 22 19 to
2440 762 35 21 in-

1947 785 55 21 form
2012 793 44 20 you
2073 787 53 26 that,
2136 786 23 21 in
2175 794 152 20 consequence
2337 788 25 20 of
2367 788 43 21 «the
2419 795 56 14 una-

1895 811 87 22 nimous
2006 812 118 22 resolution
2148 813 25 21 of
2194 821 56 18 your
2274 813 123 28 colleagues
2418 814 55 27 that,

1918 837 51 28 they
1979 839 56 22 have
2045 839 43 21 lost
2098 839 28 21 all
2142 839 128 23 confidence
2280 841 23 20 in
2318 848 50 19 you,
2380 841 45 21 and
2434 848 41 14 can

1895 870 28 15 rro
1933 864 76 28 longer
2019 868 35 19 act
2065 867 51 20 with
2126 874 43 19 you
2179 867 22 21 in
2217 874 14 14 a
2241 874 48 19 way
2299 867 47 21 that
2355 867 46 21 will
2410 868 64 21 bene-

1893 891 27 21 fit
1929 891 35 21 the
1975 892 74 26 public
2192 893 42 22 His
2244 893 134 27 Excellency
2389 895 46 25 has,
2446 894 30 32 by

1895 917 37 21 the
1943 919 76 21 advice
2035 919 25 21 of
2072 919 36 21 the
2125 919 121 22 Executive
2262 921 97 25 Council,
2371 925 105 17 removed

1893 952 57 19 your
1964 952 66 14 name
2050 945 57 22 from
2124 945 47 22 that
2185 947 96 26 position
2298 954 29 14 on
2343 947 37 21 the
2399 947 36 22 list
2454 947 25 21 of

1895 971 141 27 Magistrates
2046 972 71 21 which
2127 973 86 21 entitles
2222 980 45 19 you
2277 977 22 17 to
2313 973 27 22 be
2350 981 14 14 a
2376 973 101 22 Member

1895 998 27 20 of
1933 999 35 21 the
1979 999 137 26 Legislature
2126 1000 26 20 of
2163 1000 43 20 this
2221 1000 93 27 Colony.

2044 1025 11 21 I
2065 1025 57 22 have
2133 1026 36 21 the
2179 1026 88 22 honour
2277 1031 23 17 to
2309 1027 33 26 be,
2354 1025 43 28 Sir,

2084 1053 61 21 Your
2153 1056 58 18 most
2220 1053 106 22 obedient
2335 1056 95 25 servant,

1924 1084 99 28 (Signed)
2159 1086 162 22 Willouohby
2331 1087 146 22 Shortland.

1896 1117 87 28 George
1994 1118 78 22 Butler
2081 1119 64 27 Earp,
2157 1119 61 27 Esq.,
2230 1121 40 20 &c.

1898 1163 68 47 ON
1982 1164 85 25 SALE,
2078 1168 22 17 at
2110 1163 37 22 the
2157 1165 73 20 Stores
2240 1164 26 21 of
2270 1164 37 21 the
2317 1164 158 26 undersigned,

1988 1190 151 21 WHALING
2155 1191 86 21 GEAR
2255 1191 45 21 and
2314 1191 120 27 STORES,

2083 1218 98 26 recently
2192 1218 96 21 arrived.

2248 1251 87 21 Willis
2350 1250 46 22 and
2410 1252 40 21 Co.

1922 1277 141 27 Wellington,
2076 1277 78 22 March
2162 1280 18 24 1,
2192 1279 61 21 1842.

1898 1322 85 32 Tj^Oß
1999 1322 83 27 SALE,
2094 1322 28 27 by
2133 1322 36 21 the
2180 1321 175 28 undersigned-

1924 1375 102 27 Superior
2035 1378 49 24 port
2095 1375 43 21 and
2148 1375 76 28 sherry
2233 1376 24 21 in
2269 1383 67 19 cases,

1924 1401 142 27 Champagne
2076 1402 22 21 in
2109 1402 62 27 ditto,

1925 1428 89 27 Bwndy
2024 1429 22 21 in
2058 1432 89 23 quarter
2156 1429 69 27 casks,

1925 1455 43 21 Gin
1977 1455 25 21 in
2012 1455 63 22 hhds.

2216 1483 27 21 T.
2257 1484 32 21 M.
2306 1484 142 22 Partridge.

1900 1509 78 21 March
1987 1510 34 25 2.5,
2033 1510 60 21 1842.

1958 1553 81 21 Flax!
2055 1553 97 21 Flax!!
2169 1560 35 14 ex

1897 1587 86 48 FOR
1994 1587 83 26 SALE,
2086 1592 21 16 at
2116 1587 36 21 the
2163 1589 72 19 Stores
2244 1588 25 20 of
2276 1587 36 21 the
2321 1587 156 28 undersigned,

1968 1615 26 23 b\
2009 1614 77 21 TONS
2109 1615 69 21 NEW
2194 1614 150 22 ZEALAND
2361 1615 90 26 FLAX,

1923 1641 13 19 2
1950 1644 49 18 tons
2009 1641 100 26 cordage,

1923 1668 13 19 4
1950 1671 48 17 tons
2012 1667 43 21 salt
2067 1668 61 27 pork.

1924 1693 52 22 This
1994 1694 66 27 being
2075 1695 36 21 the
2126 1694 81 27 largest
2222 1695 115 21 collection
2349 1695 26 21 of
2387 1695 45 21 flax
2444 1698 37 24 yet

1896 1720 63 22 made
1976 1721 58 21 since
2044 1723 37 19 the
2092 1721 116 23 formation
2224 1721 25 22 of
2262 1723 37 21 the
2314 1723 90 26 Colony,
2416 1723 65 21 otters

1898 1755 28 13 an
1935 1748 87 26 eligible
2030 1749 139 26 opportunity
2176 1749 25 21 of
2206 1749 48 27 ship
2256 1750 51 26 ping
2314 1756 38 20 per
2363 1751 118 24 Brougham

1898 1778 22 18 to
1931 1774 101 22 London.

2155 1803 35 20 W.
2206 1803 26 21 B.
2248 1803 93 21 Rhodes
2356 1803 45 21 and
2415 1803 40 21 Co,

2085 1841 41 19 Ex

1900 1873 90 34 npHE
2006 1872 148 28 undersigned
2168 1873 40 22 has
2222 1874 48 26 just
2286 1874 104 21 received
2405 1882 13 14 a
2429 1881 51 14 con*-

1907 1895 29 25 JL
1973 1900 111 26 signnient
2103 1900 26 21 of
2144 1907 62 20 maps
2225 1900 44 21 ai.d
2290 1901 73 22 charts
2382 1901 57 21 from
2458 1901 23 22 J.

1900 1926 92 27 Wyld's,
2016 1927 95 26 Charing
2135 1927 69 26 Cross,
2231 1928 144 27 Geographer
2399 1932 21 17 to
2444 1928 37 21 the

1900 1953 85 26 Queen,
1997 1954 34 20 viz
2039 1961 4 13 :
2046 1965 28 3 —

1928 1979 70 26 Large
2009 1985 42 15 two
2062 1980 61 21 sheet
2135 1987 49 19 map
2195 1981 25 20 of
2229 1981 54 20 New
2294 1981 106 27 Zealand,

1928 2005 48 21 One
1988 2005 62 22 sheet
2060 2013 50 19 map
2121 2006 24 21 of
2152 2006 54 21 New
2218 2006 106 27 Zealand,

1928 2032 104 21 Chaffers'
2051 2032 61 23 chart
2128 2034 25 20 of
2168 2033 80 22 Cook's
2268 2034 85 26 Straits,
2371 2034 54 22 with
2444 2034 39 22 the-

1900 2058 66 19 latest
1975 2058 116 25 uclditious,

1929 2083 103 21 Chaffers'
2043 2084 62 21 chart
2115 2083 25 21 of
2146 2084 52 21 Port
2208 2083 130 28 Nicholson,

1928 2109 128 23 Mercator's
2067 2111 62 21 chart
2138 2111 24 21 of
2175 2111 36 21 the
2223 2111 76 27 world,
2311 2112 39 21 &c.
2364 2112 39 21 &c.
2413 2112 41 22 &c.

2255 2145 109 22 William
2380 2145 73 22 Lyon.

1899 2178 82 21 Corner
1992 2178 24 21 of
2023 2178 150 21 Willis-street
2183 2178 44 22 and
2239 2178 189 28 Lambton-quay.

2072 2205 76 22 March
2159 2208 19 23 8,
2190 2206 60 21 1812.

2082 2250 43 20 Ex
2457 2238 25 4 ~

1902 2283 69 48 ON
1995 2283 84 27 SALE,
2100 2288 22 16 at
2140 2283 36 22 the
2196 2285 74 20 Stores
2295 2284 25 21 of
2340 2285 38 21 the
2401 2284 82 23 under-

1976 2309 84 28 signed,

1900 2337 95 21 SEVEN
2023 2337 67 21 AND
2114 2337 21 21 A
2159 2337 85 22 HALF
2269 2338 79 22 TONS
2373 2339 110 22 SHING-

2007 2364 77 21 LING
2100 2364 64 21 AND
2180 2365 78 21 ROSE
2272 2365 103 27 NAILS,

1927 2392 39 20 200
1976 2391 54 26 kegs
2039 2391 49 21 best
2098 2391 63 21 white
2171 2391 57 27 lead,

1928 2417 95 22 Linseed
2033 2418 36 25 oil,
2082 2419 131 26 turpentine,
2224 2418 45 22 and
2280 2419 81 27 paints,

1928 2444 100 22 Window
2037 2445 65 26 glass,
2113 2445 29 21 all
2151 2445 63 27 sizes,
2225 2446 40 20 &c.
2276 2447 39 20 &c.

2241 2479 22 22 J.
2278 2479 34 22 M.
2328 2479 102 28 Taylor,

2355 2507 32 21 Te
2401 2509 55 19 Aro.

2096 2551 42 20 Ex

1903 2584 103 49 JOHN
2021 2584 100 22 HALES
2136 2585 52 26 begs
2198 2589 23 17 to
2230 2585 102 21 intimate
2343 2586 49 20 that
2407 2586 29 21 he
2445 2586 40 21 has

1964 2612 45 21 had
2029 2612 119 26 consigned
2166 2616 21 16 to
2201 2612 54 26 him,
2276 2620 39 19 per
2334 2613 86 25 Clifton,
2440 2613 44 21 and

1903 2646 35 14 are
1950 2643 23 17 at
1989 2638 33 22 his
2037 2638 101 28 disposal,
2149 2638 71 22 either
2235 2639 117 22 wholesale
2370 2647 24 14 or
2411 2640 72 26 retail,

1903 2670 21 16 at
1940 2666 40 20 low
1996 2666 78 26 prices,
2093 2665 34 21 for
2145 2666 59 27 cabh,
2224 2666 38 21 the
2278 2666 114 27 following
2407 2666 77 27 goods,

1902 2692 46 21 viz:
1950 2704 28 3 —

1929 2719 93 27 Pickles,
2032 2718 42 22 fish
2084 2726 82 19 sauces,
2178 2719 71 21 currie
2259 2720 97 27 powder,
2366 2723 63 24 paste
2439 2720 45 22 and

1903 2746 68 26 liquid
1989 2746 108 26 blacking,
2115 2746 92 26 English
2223 2746 92 27 leather,
2331 2748 71 26 boots,
2413 2747 70 26 shoes,

1903 2773 43 21 and
1956 2772 147 22 shoemakers'
2113 2773 62 26 tools,
2183 2773 60 21 cloth
2251 2774 45 20 and
2305 2773 85 22 leather
2401 2774 83 31 caps'in

1903 2804 61 22 great
1973 2801 92 25 variety,
2077 2800 96 26 wearing
2182 2801 95 26 apparel,
2290 2804 75 18 cotton
2377 2801 109 21 furniture

1903 2827 33 21 for
1945 2827 71 27 lining
2026 2834 79 18 rooms,
2118 2827 46 25 &c,
2182 2827 89 21 cabinet
2280 2827 46 27 ink,
2337 2827 54 22 seed
2404 2827 80 27 wheat,

1903 2854 83 26 barley,
2002 2857 53 23 oats,
2067 2854 43 20 and
2121 2853 49 21 blue
2180 2854 45 20 and
2236 2854 64 21 white
2309 2861 61 20 peas,
2382 2855 101 26 oatmeal,

1904 2881 79 21 Scotch
2011 2880 45 22 and
2083 2880 59 27 pearl
2169 2880 84 26 barley,
2281 2881 101 26 superior
2408 2884 78 23 patent

1904 2907 109 22 breeched
2035 2907 79 21 double
2138 2907 44 21 and
2206 2906 191 27 single-barrelled
2420 2914 64 20 guns,

1903 2934 66 27 flints,
1986 2934 66 21 flasks
2067 2934 43 20 and
2126 2934 63 26 belts,
2204 2935 51 19 sash
2270 2934 62 27 tools,
2343 2935 59 26 glue,
2420 2935 66 21 horse

1903 2960 53 27 hair,
1968 2961 48 21 hair
2025 2961 91 25 seating,
2126 2960 163 27 ironmongery,
2302 2962 39 22 &c.
2354 2962 39 20 &c.

1929 2988 53 22 Two
1992 2987 69 21 Town
2071 2988 69 20 Acres
2150 2991 22 16 to
2182 2987 31 21 let
2222 2987 23 20 in
2256 2987 106 27 portions.

1930 3021 191 26 Ingestrie-street,
2133 3020 30 21 Te
2174 3020 46 21 Aro
2232 3020 56 21 Flat.

1968 3066 43 20 Ex
2187 3066 55 20 and

1905 3099 113 49 CORD,
2028 3099 54 26 lace,
2092 3098 94 27 quilting
2197 3102 44 23 net,
2253 3099 68 27 gimp,

1973 3125 96 28 Figured
2079 3127 53 24 lace,
2142 3126 67 27 fancy
2220 3127 44 21 and
2272 3126 61 27 plain
2343 3130 46 23 net,

1930 3153 64 21 Wool
2004 3152 84 27 shawls,
2100 3153 38 21 &c.
2150 3153 47 26 &c,

1929 3179 65 22 Duck
2003 3184 107 22 trowsers,
2121 3179 80 28 frocks,
2212 3181 48 26 &c,

1929 3206 112 27 Blankets,
2052 3214 58 19 rugs,
2121 3207 76 26 prints,
2209 3208 48 25 &c,

1930 3234 76 25 Shirts,
2014 3233 93 27 jackets,
2118 3236 107 25 trowsers,
2237 3235 49 26 &c,

1929 3260 96 27 Ploughs
2035 3260 44 21 and
2089 3259 141 28 agricultural
2238 3261 151 28 implements,

1929 3288 38 20 An
1978 3287 112 21 extensive
2100 3288 33 20 lot
2142 3288 26 20 of
2176 3288 65 27 nails,

1930 3313 160 28 Ironmongery
2101 3314 25 21 of
2132 3315 30 20 all
2171 3314 73 23 kinds.

2036 3347 121 27 Wallace,
2175 3348 91 27 White,
2277 3349 45 21 and
2335 3349 122 21 Wallace.

2140 3393 105 25 Bricks,

1903 3426 87 48 FOR
2006 3426 83 27 SALE,
2101 3429 23 19 at
2138 3428 45 20 60s.
2201 3435 40 20 per
2258 3426 117 23 thousand.
2409 3427 76 27 Apply

1961 3457 22 17 to
2001 3454 21 21 J.
2041 3453 90 27 Pimble,
2143 3458 24 17 at
2180 3454 37 22 the
2236 3454 168 27 Sydney-street
2418 3454 68 21 Brick

1903 3480 43 22 and
1955 3480 48 21 Tile
2020 3480 87 27 Works,
2119 3485 21 16 at
2150 3481 37 21 the
2204 3488 49 14 rear
2263 3481 25 21 of
2299 3480 92 22 Colonel
2405 3480 81 22 Wake-

2091 3508 70 21 field's
2174 3507 121 22 residence.

1967 3541 105 21 Terms—
2075 3541 51 22 cash
2136 3549 28 14 on
2176 3541 98 26 delivery
2285 3543 22 18 at
2317 3540 37 22 the
2365 3540 55 22 kiln.

1903 3586 100 33 HpHIS
2020 3586 66 21 DAY
2103 3584 125 28 (Saturday,
2244 3584 80 22 March
2340 3586 32 24 12,
2384 3585 66 26 -1842)
2465 3585 21 21 is

1910 3607 28 27 JL
1975 3612 123 27 published,
2119 3616 22 17 at
2164 3611 82 22 Nelson
2266 3611 88 27 Haven,
2378 3612 37 21 the
2439 3610 47 23 first

1938 3640 92 21 number
2048 3640 26 20 of
2089 3647 13 13 a
2121 3638 83 27 weekly
2222 3645 132 19 newspaper,
2375 3637 71 22 called

2006 3673 65 22 THE
2085 3671 123 23 NELSON
2223 3671 180 26 EXAMINER,

2173 3698 43 22 and

1955 3733 72 22 NEW
2049 3732 148 23 ZEALAND
2223 3729 209 29 CHRONICLE/

1902 3760 22 22 in
1933 3760 72 23 which
2015 3760 43 21 will
2067 3760 28 21 be
2109 3758 67 22 found
2190 3757 67 23 much
2271 3757 102 23 valuable
2383 3758 103 23 informa-

2028 3787 44 21 tion
2082 3785 88 22 relative
2181 3788 21 19 to
2213 3784 47 22 that
2270 3784 89 27 Colony.

1929 3814 75 22 Terms
2004 3824 29 5 —
2033 3815 42 20 10s.
2087 3820 13 14 a
2109 3815 92 24 quarter,
2211 3810 94 29 payable
2318 3810 24 23 in
2352 3808 106 25 advance.

1930 3841 81 21 Orders
2029 3839 44 22 and
2091 3838 178 23 advertisements
2287 3838 103 23 received
2408 3841 24 20 at
2450 3838 37 23 the

1903 3868 68 21 Office
1982 3868 24 20 of
2013 3866 43 21 this
2066 3866 75 27 Paper.

1904 3911 91 50 JUST
2010 3910 130 26 OPENED,
2148 3909 43 21 and
2204 3916 28 14 on
2244 3909 51 21 Sale
2303 3911 24 20 at
2337 3909 38 22 the
2385 3908 71 23 Office
2466 3915 24 21 oj

1966 3937 45 23 tliiti
2020 3937 78 27 Paper,
2108 3936 39 22 ink
2157 3936 77 22 stands
2244 3936 25 22 of
2275 3936 91 23 various
2375 3936 62 24 sizes.

873 697 75 22 THIS
963 697 74 22 DAY.

742 731 154 26 Positively
905 731 118 21 without
1032 732 127 23 Reserve,

745 766 29 19 To
785 766 52 19 close
845 767 157 24 consignments,
1014 771 26 14 ex
1052 766 106 24 Cheerful.

656 798 94 48 MR.
767 799 85 21 JOHN
869 799 94 22 WADE
974 799 44 22 will
1033 799 40 21 sell
1088 799 29 27 by
1128 799 85 21 auction
1225 801 22 19 at

749 825 34 23 his
793 830 63 23 mart,
873 827 32 21 Te
915 827 53 26 Aro,
986 834 29 14 on
1029 825 141 27 Wednesday
1185 828 61 23 next,

656 851 38 21 the
704 853 53 21 30th
772 853 77 21 march
865 855 60 25 1842,
942 857 24 17 at
983 860 40 14 one
1034 852 84 22 o'clock
1134 851 112 28 precisely.

656 879 22 21 A
694 878 61 28 large
773 883 133 18 assortment
922 880 25 20 of
963 879 69 26 goods
1046 879 98 21 selected
1160 879 29 26 by
1210 879 36 21 the

656 905 107 27 importer
778 906 119 27 especially
910 907 36 20 for
960 906 43 21 this
1018 905 93 26 market,
1129 905 119 27 consisting

655 931 34 22 of:
691 943 29 4 —

683 960 10 19 1
706 958 131 28 Mahogany
847 959 62 21 chest
919 959 104 21 drawers.

681 987 28 19 20
720 985 78 21 tierces
809 987 26 20 10
843 986 84 21 barrels
938 986 57 25 beef,
1007 992 52 21 very
1069 985 50 22 fine.

682 1013 14 19 9
708 1011 59 21 hhds
786 1014 26 19 10
828 1015 89 24 quarter
933 1012 64 22 casks
1013 1012 81 27 sherry,
1112 1012 26 22 of
1150 1011 97 28 superior

655 1037 93 27 quality.

682 1064 12 22 7
705 1065 73 21 chests
788 1068 42 23 tea,
842 1065 31 22 all
882 1065 23 22 in
915 1065 38 23 the
964 1065 92 28 Colony.

682 1092 11 19 1
707 1095 38 17 ton
754 1098 60 20 soap.

680 1119 28 19 30
719 1118 50 21 doz.
781 1118 152 28 Champagne,
945 1119 106 28 superior.

681 1144 48 22 The
746 1146 126 22 auctioneer
880 1149 67 19 trusts
963 1147 48 21 that
1021 1147 37 21 the
1067 1147 76 27 public
1153 1146 44 22 will
1207 1149 39 19 not

653 1171 41 21 fail
703 1174 22 18 to
734 1171 51 28 give
801 1172 57 22 their
867 1173 111 21 attention
993 1177 23 18 to
1026 1173 37 22 the
1074 1173 70 22 above
1154 1173 52 27 sale,
1222 1180 24 14 as

654 1197 28 21 he
693 1206 42 13 can
746 1199 100 27 strongly
855 1200 154 22 recomendall
1020 1201 37 21 the
1068 1201 87 21 articles
1165 1208 23 13 as
1197 1200 49 22 well

654 1225 85 26 worth}'
750 1225 25 22 of
789 1226 80 27 notice,
887 1227 144 26 particularly
1040 1227 38 21 the
1092 1228 65 25 wine,
1174 1227 72 21 which

653 1258 45 15 was
709 1252 111 27 imported
832 1253 35 25 (of
873 1253 59 28 good
943 1255 93 26 quality)
1049 1258 23 18 at
1081 1254 38 21 the
1129 1258 87 23 request
1224 1255 25 20 of

654 1279 85 21 several
749 1279 130 26 gentlemen
892 1281 99 21 resident
1005 1281 59 26 here,
1077 1281 49 21 who
1141 1281 56 21 have
1207 1288 39 14 ex-

652 1306 92 26 pressed
760 1306 58 22 their
832 1307 137 27 unqualified
985 1308 144 26 approbation
1146 1308 26 20 of
1188 1307 58 21 what

654 1332 53 26 they
718 1333 57 21 have
791 1334 131 27 purchased,
940 1334 45 21 also
1001 1334 36 22 the
1054 1335 54 21 beef
1123 1333 44 23 and
1181 1334 63 27 flour,

653 1359 74 21 which
746 1367 44 14 was
814 1360 98 22 selected
935 1361 53 21 with
1012 1368 13 14 a
1042 1361 56 21 view
1122 1364 22 18 to
1169 1361 77 28 supply

654 1386 102 21 families.

684 1413 106 21 Terms—
791 1413 78 22 Under
876 1414 48 23 £20
929 1413 59 28 cash,
1000 1414 47 23 £20
1054 1417 22 18 to
1083 1415 47 22 £40
1140 1416 10 20 1
1162 1414 82 27 month,

655 1439 50 24 £40
715 1443 22 17 to
746 1441 49 22 £60
806 1442 10 19 1
828 1441 43 21 and
880 1443 12 19 2
903 1441 96 21 months'
1010 1441 43 21 and
1059 1441 70 22 above
1138 1441 48 24 £60
1196 1443 17 25 1,
1225 1444 19 24 2,

655 1465 45 22 and
712 1468 13 20 3
741 1467 106 27 months',
865 1475 28 14 on
910 1467 111 28 approved
1037 1468 109 22 endorsed
1160 1473 87 22 accept-

655 1500 74 15 ances.

654 1537 99 20 Notice
770 1539 29 19 to
814 1538 101 26 buyers
932 1540 28 19 at
976 1540 52 19 Mr.
1047 1540 74 19 John
1139 1540 107 19 Wade's

655 1564 61 21 Sale
734 1564 40 26 (of
791 1565 141 25 Notions.)
952 1571 36 14 on
1004 1566 44 20 the
1064 1566 64 21 10th
1141 1566 105 24 March,

912 1593 80 20 1842.

656 1624 148 50 NOTICE
819 1625 28 22 IS
867 1625 129 22 HEREBY
1013 1626 108 27 GIVEN,
1143 1626 50 22 that
1218 1627 29 21 all

724 1651 69 27 goods
807 1652 85 27 bought
909 1658 24 16 at
949 1653 37 21 the
1004 1653 70 21 above
1093 1653 48 22 Sale
1153 1653 47 21 that
1209 1660 37 15 are

656 1682 40 17 not
712 1679 90 21 cleared
817 1681 45 19 and
877 1679 80 22 settled
973 1681 35 20 for
1023 1680 31 27 by
1070 1682 26 20 12
1117 1680 83 22 o'clock
1217 1688 29 14 on

657 1705 150 28 Wednesday,
821 1706 52 25 (this
891 1706 61 27 day,)
964 1707 37 21 the
1017 1707 51 21 30th
1086 1707 87 26 March,
1185 1709 60 24 1842,

657 1732 45 22 will
712 1733 27 21 be
750 1733 83 21 re-sold
844 1740 28 14 on
890 1733 48 21 that
948 1733 49 28 day,
1009 1738 22 16 at
1041 1734 38 21 the
1087 1735 46 21 risk
1147 1734 44 22 and
1201 1738 46 18 cost

657 1759 45 21 and
713 1767 28 13 on
753 1763 96 18 account
866 1761 25 20 of
903 1761 38 21 the
957 1760 136 27 purchasers,
1105 1761 45 21 and
1165 1761 29 21 all
1210 1761 37 21 de-

657 1786 113 22 ficiencies
786 1787 44 21 and
847 1787 126 22 forfeitures
990 1788 44 20 ■will
1050 1788 29 21 be
1096 1788 151 27 immediately

657 1813 107 21 enforced
774 1815 87 26 against
872 1813 37 22 the
920 1815 82 32 parties
1019 1822 23 14 so
1058 1814 80 28 failing
1155 1818 21 18 to
1187 1815 59 21 clear

658 1840 33 21 off
707 1840 45 22 and
776 1841 63 21 settle
856 1841 34 21 for
911 1841 38 21 the
965 1842 69 26 goods
1051 1842 53 27 they
1122 1843 56 20 have
1195 1849 51 20 pur-

656 1866 89 23 chased.

1010 1892 63 25 Jo.hn
1084 1895 80 27 Wade,

1076 1923 142 21 Auctioneer.

655 1967 60 20 Sale
727 1967 31 20 of
771 1967 135 21 Valuable
924 1968 135 19 Leashold
1075 1968 132 26 Property
1218 1970 29 19 at

877 1992 5 6 *
896 1994 107 19 Petoni.

655 2018 163 48 MESSRS.
829 2018 152 22 BETHUNE
992 2019 43 22 and
1048 2019 133 22 HUNTER
1189 2020 58 21 have

746 2046 145 19 instructions
900 2050 24 15 to
939 2045 40 20 sell
988 2046 30 25 by
1027 2046 74 25 public
1112 2048 92 23 auction,
1218 2053 27 14 on

654 2071 83 27 Friday
746 2074 63 23 next,
825 2071 37 20 the
878 2073 34 19 Ist
922 2071 27 21 of
960 2071 70 26 April,
1047 2071 93 21 without
1152 2079 92 19 reserve,

654 2097 49 21 that
713 2097 50 22 well
770 2097 97 22 finished
874 2098 46 21 and
929 2098 150 21 commodious
1087 2098 94 21 wooden
1192 2099 55 21 built

653 2125 78 26 house,
741 2125 82 21 known
835 2132 24 14 as
870 2125 37 21 the

811 2159 133 21 PLOUGH
955 2159 136 26 TAVERN,

655 2185 109 28 occupied
772 2186 31 27 by
812 2185 37 22 the
859 2187 126 26 proprietor
995 2185 43 22 Mr.
1047 2186 30 21 11.
1090 2187 94 26 Garrod,
1195 2187 52 21 with

654 2213 38 21 the
703 2213 60 21 lease
774 2213 26 21 of
807 2213 37 21 the
852 2213 89 26 ground
952 2212 44 21 and
1006 2213 83 26 having
1100 2220 27 14 an
1138 2214 111 21 excellent

655 2239 50 23 well
716 2240 80 21 fenced
807 2239 92 28 garden,
912 2245 23 15 at
949 2243 88 24 present
1050 2240 72 21 under
1132 2248 59 20 crop,
1204 2241 44 21 and

655 2267 74 21 which
748 2267 19 21 is
784 2266 91 28 capable
896 2267 25 20 of
942 2267 123 26 producing
1082 2274 41 19 any
1141 2267 63 22 fruits
1224 2276 25 14 or

656 2293 136 26 vegetables.

684 2320 48 22 The
742 2320 113 27 good-will
866 2320 26 21 of
903 2320 39 21 the
952 2320 128 28 floimshing
1094 2321 101 23 business
1204 2322 44 22 will

656 2348 28 21 be
701 2347 136 22 transferred
852 2351 23 17 to
890 2347 37 22 the
942 2347 127 28 purchaser,
1085 2349 44 21 and
1140 2349 57 21 from
1212 2349 38 21 the

658 2375 162 26 commanding
829 2375 107 21 situation
943 2374 26 21 of
976 2374 37 22 the
1023 2375 77 26 house,
1112 2383 27 13 on
1150 2376 36 22 the
1195 2376 55 22 road

657 2401 91 27 leading
759 2406 20 17 to
795 2402 35 20 the
841 2401 67 26 fastly
918 2402 105 27 peopling
1040 2402 44 22 and
1095 2403 71 21 fertile
1177 2403 72 28 valley

659 2429 25 21 of
689 2429 37 21 the
738 2429 66 26 Hutt,
816 2436 12 14 a
837 2428 108 32 certainty
953 2429 25 21 of
984 2432 49 18 vast
1042 2429 66 28 profit
1117 2430 19 20 is
1145 2430 104 22 manifest

658 2456 35 21 for
703 2463 45 20 any
759 2455 116 28 Capitalist
883 2455 93 28 looking
985 2456 34 21 for
1026 2463 14 15 a
1049 2456 108 22 desirable
1168 2458 83 21 invest-

658 2486 71 18 ment.

687 2509 89 28 Sundry
792 2509 125 23 household
934 2509 75 23 effects
1018 2510 45 22 will
1077 2510 29 22 be
1117 2510 49 22 sold
1181 2514 22 18 at
1213 2511 37 21 the

659 2544 61 14 same
732 2537 60 21 time.

685 2563 79 22 Terms
771 2563 86 23 liberal.
858 2574 29 5 —
889 2563 50 23 Sale
946 2567 22 18 to
976 2564 50 22 take
1034 2564 63 28 place
1106 2568 23 18 at
1134 2566 26 20 12
1167 2565 84 22 o'clock

660 2598 29 14 on
699 2591 38 21 the
747 2591 113 28 premises,
871 2591 154 28 immediately
1035 2591 56 22 after
1100 2591 75 22 lunch.

872 2626 73 14 AFTER
957 2626 83 19 WHICH,

687 2646 22 20 A
717 2648 54 18 neat
778 2645 95 22 wooden
884 2645 75 25 house,
975 2645 83 28 having
1069 2653 12 14 a
1091 2645 83 27 garden
1185 2645 42 22 and
1237 2653 14 13 a

659 2672 64 27 piece
730 2672 26 21 of
759 2673 87 26 ground
856 2672 110 26 attached,
978 2673 92 26 bearing
1080 2681 59 19 crop,
1151 2673 43 20 and
1203 2673 49 21 well

659 2699 82 22 fenced
748 2699 31 27 in,
790 2699 94 22 situated
891 2706 55 14 near
951 2700 44 21 Mr.
1002 2699 123 28 Moreing's
1131 2700 120 21 residence.

661 2727 62 25 Also,
736 2733 12 14 a
759 2727 102 27 quantity
871 2726 25 21 of
903 2727 47 20 first
959 2730 48 17 late
1016 2727 96 27 poultry.

716 2753 138 27 Wellington
863 2753 54 22 28th
927 2754 81 21 March
1018 2755 60 20 1842.

789 2799 39 20 To
840 2799 39 20 let
888 2798 44 21 for
943 2805 82 14 seven
1037 2805 89 20 years,

662 2832 161 48 TWELVE
842 2832 211 22 ALLOTMENTS
1070 2833 39 21 OF
1125 2833 88 22 LAND
1225 2840 27 14 on

724 2859 85 21 section
818 2859 43 21 No.
872 2860 14 20 4
896 2863 24 17 at
934 2859 45 22 Kai
996 2867 70 14 warra
1083 2867 76 19 warra,
1172 2860 81 21 consis-

661 2887 49 25 ting
725 2886 27 21 of
770 2894 41 13 one
826 2893 52 14 acre
895 2886 57 21 each
969 2886 52 21 with
1039 2894 13 13 a
1068 2887 99 26 frontage
1188 2887 65 27 along

662 2913 39 21 the
719 2913 80 21 Petoni
816 2912 71 22 Road.
918 2913 37 21 No
973 2914 10 20 1
1002 2913 25 21 of
1045 2913 62 21 these
1127 2914 126 21 allotments

662 2939 41 21 has
722 2947 14 13 a
752 2939 208 22 weather-boarded
979 2940 69 21 house
1068 2940 88 21 erected
1175 2948 29 15 on
1224 2941 24 27 it,

663 2966 45 21 and
719 2966 46 21 also
776 2967 43 20 No.
830 2968 13 19 3
854 2966 40 21 has
905 2974 14 13 a
927 2967 103 26 recently
1039 2967 56 21 built
1105 2968 70 21 maori
1185 2968 67 22 house

664 3000 28 14 on
708 2993 24 27 it,
750 2993 122 26 consisting
891 2993 26 21 of
934 2993 51 22 four
1002 2998 143 22 apartments.
1180 2995 72 22 These

663 3019 129 22 allotments
803 3027 37 14 are
856 3020 74 21 suited
946 3022 23 19 to
985 3020 125 22 tradesmen
1120 3021 46 22 and
1174 3022 78 22 labou-

663 3054 54 19 rers,
727 3047 70 27 being
807 3054 23 14 so
846 3047 135 21 convenient
990 3050 23 18 to
1022 3048 39 21 the
1077 3047 79 22 Public
1173 3049 80 22 Works

663 3081 52 14 now
733 3074 68 27 going
817 3081 29 14 on
863 3074 55 21 both
933 3073 58 22 sides
1011 3075 26 21 of
1055 3074 38 21 the
1114 3075 45 21 Kai
1174 3083 77 14 warra.

663 3100 64 28 They
737 3108 37 14 are
790 3101 47 21 also
850 3101 51 21 well
916 3101 74 21 suited
1005 3101 34 22 for
1054 3109 102 14 bathing
1173 3111 76 19 boxes,

663 3127 69 27 being
741 3127 38 22 the
790 3127 52 28 only
851 3128 87 27 private
954 3128 62 26 place
1026 3129 22 20 in
1066 3128 37 21 the
1118 3129 133 27 neighbour-

663 3154 66 22 hood.
758 3154 62 22 With
832 3155 36 21 the
886 3156 117 26 exception
1018 3156 26 21 of
1054 3155 39 22 the
1110 3156 59 21 bank
1186 3157 66 27 along

664 3181 37 21 the
719 3181 55 22 road
790 3182 37 21 the
844 3181 53 22 land
915 3182 19 21 is
951 3182 93 22 cleared.
1081 3182 22 22 A
1120 3190 57 15 cows
1192 3191 61 19 grass

664 3208 45 21 will
725 3208 28 21 be
769 3208 67 27 given
852 3213 24 16 at
891 3216 14 14 a
921 3210 114 21 moderate
1051 3214 52 17 rent
1117 3213 23 18 to
1157 3217 44 21 any
1218 3218 35 14 re-

664 3235 89 27 quiring
770 3236 26 21 it.
833 3235 49 22 The
901 3236 136 22 Allotments
1058 3236 45 22 will
1126 3237 27 21 be
1174 3238 30 21 let
1222 3238 31 27 by

856 3270 82 14 PUBLIC
957 3271 105 19 AUCTION,

665 3295 43 21 ON
731 3295 179 28 THURSDAY,
926 3296 58 22 7TH
1006 3297 67 22 DAY
1093 3297 40 22 OF
1150 3297 101 28 APRIL,

905 3323 64 21 when
981 3323 36 22 the

663 3349 79 21 Terms
758 3349 26 21 of
794 3349 38 21 the
846 3349 73 22 leases
934 3350 45 22 will
994 3351 27 21 be
1035 3358 62 14 more
1112 3351 142 28 particularly

664 3375 124 23 described.
817 3376 27 22 In
854 3376 38 21 the
906 3377 140 27 meanwhile,
1058 3378 131 27 application
1200 3386 53 19 may

663 3403 28 21 be
706 3403 66 21 made
790 3406 22 18 to
827 3403 46 21 Mr.
884 3403 144 28 Macdonald,
1040 3408 23 18 at
1077 3405 45 21 Kai
1138 3412 75 20 warra,
1228 3413 25 14 or

663 3433 23 18 to
698 3429 44 23 Mr.
755 3429 58 22 John
829 3429 71 22 Wade
908 3438 6 19 ;
931 3430 37 22 the
983 3431 83 21 former
1083 3432 25 21 of
1121 3431 72 23 whom
1208 3432 43 22 will

663 3456 62 22 shew
734 3456 38 22 the
783 3456 137 22 Allotments
931 3460 22 18 to
963 3458 117 27 intending
1089 3459 96 22 offerers.

691 3483 45 22 Kai
746 3491 70 14 warra
826 3490 78 20 warra,
915 3483 52 23 24th
978 3485 87 26 March,
1078 3486 60 21 1842.

662 3529 53 20 For
737 3529 45 20 the
803 3529 103 20 benefit
926 3529 31 20 of
976 3530 44 20 the
1045 3530 206 25 Underwriters,

715 3562 30 15 or
761 3556 79 20 those
856 3556 92 20 whom
964 3556 22 21 it
1000 3562 63 20 may
1080 3562 124 16 concern.

663 3589 68 49 TO
753 3589 39 22 BE
812 3589 79 22 SOLD
915 3589 41 22 BY
976 3590 146 27 AUCTION,
1146 3590 105 22 EARLY

720 3617 34 21 IN
764 3617 103 25 APRIL,
878 3617 66 21 THE
955 3617 85 22 HULL
1052 3617 39 21 OF
1105 3617 64 23 THE
1179 3617 71 23 NEW

772 3643 129 25 BARQUE

663 3678 33 21 As
706 3677 40 22 she
756 3685 50 14 now
815 3677 42 22 lies
868 3685 29 14 on
908 3678 37 21 the
955 3678 64 22 rocks
1029 3682 24 17 at
1061 3678 38 23 the
1114 3681 104 19 entrance
1228 3678 26 21 of

662 3704 87 23 Nelson
760 3704 89 23 Haven.
879 3705 32 21 At
920 3704 38 22 the
968 3713 60 14 same
1039 3705 53 21 time
1108 3705 45 22 will
1167 3706 26 21 be
1204 3704 46 22 also

662 3732 48 21 sold
720 3739 89 14 sundry
821 3739 84 14 stores
914 3732 122 28 belonging
1043 3736 22 17 to
1072 3731 38 22 the
1117 3732 48 21 said
1171 3731 77 22 vessel.

663 3758 45 22 For
717 3758 132 28 particulars
859 3758 68 28 apply
936 3762 23 17 to
970 3762 44 19 Mr.
1026 3760 105 26 Poynter,
1146 3758 103 27 solicitor,

662 3785 88 22 Nelson
761 3786 90 26 Haven,
864 3792 23 15 or
898 3789 23 18 to

924 3812 101 23 Messrs.
1039 3810 92 23 Willis
1146 3812 43 21 and
1204 3812 47 26 Co.,

990 3838 55 23 Port
1055 3838 132 22 Nicholson.

699 3885 39 20 To
755 3883 131 27 Captains
898 3883 55 21 and
966 3883 91 21 Mates
1072 3883 31 20 of
1115 3882 115 22 vessels.

660 3918 95 49 LOG
774 3917 75 23 Books
866 3917 37 22 for
917 3916 50 23 Sale
984 3920 23 18 at
1025 3915 38 23 the
1079 3916 70 22 Office
1169 3917 20 21 oi
1212 3916 42 23 this

736 3950 76 22 paper.

183 703 54 20 For
252 701 106 21 Nelson
372 700 105 23 Haven,

34 738 109 27 Expected
158 738 49 20 here
221 737 22 19 in
252 741 12 14 a
275 735 46 25 few
331 735 58 25 days,
400 733 44 20 and
452 733 44 20 will
510 734 52 18 meet
571 733 52 19 with

208 763 119 22 immediate
336 761 105 26 despatch.

43 794 100 37 -<?<j^pi
188 800 92 31 rpHE
295 798 51 22 well
356 799 82 21 known
448 797 87 27 regular
543 797 81 28 packet

58 825 106 34 Jg—ww
195 820 30 29 JL
276 827 115 24 Pickwick,
412 825 92 27 Captain
529 825 92 26 Draper,

201 855 40 20 has
255 861 54 20 very
318 853 100 28 superior
432 852 191 22 accommodation

202 881 35 21 for
259 887 136 21 passengers.
431 879 44 21 For
497 879 82 26 freight
598 886 25 14 or

202 915 102 20 passage,
315 907 66 28 apply
391 910 23 18 to

294 941 38 22 W.
347 942 25 21 B.
388 941 96 22 Rhodes
498 941 44 21 and
557 940 37 22 Co.

148 990 54 19 For
216 987 95 27 Kapiti
327 987 54 20 and
396 986 114 24 Nelson,

238 1023 21 19 A
274 1022 84 24 regular
368 1020 79 25 trader,

195 1056 44 30 Hp
245 1055 42 21 HE
297 1062 55 19 very
358 1054 44 21 fast
408 1053 79 26 sailing
495 1051 127 28 brigantine

69 1075 96 37 Mr*i£bf,
211 1075 11 25 I
273 1081 120 25 Vanguard,
411 1081 93 26 Captain
522 1079 98 27 Murray,

207 1107 45 24 will
266 1109 40 20 sail
325 1116 28 13 on
369 1107 104 27 Tuesday
482 1115 5 18 ;
503 1106 40 22 has
559 1113 63 14 room

46 1129 142 39 ■jPfytfyi
207 1135 34 21 for
261 1142 14 14 a
292 1136 44 20 few
354 1138 51 18 tons
424 1134 27 21 of
463 1133 69 27 goods
551 1133 53 26 only
614 1140 5 19 ;

35 1156 151 34 *fi£SS3§ir
207 1169 29 13 an
238 1163 15 19 d
269 1161 100 26 superior
384 1159 194 23 accommodation
587 1160 36 21 for

39 1182 26 12 '^
63 1182 120 15 e^^B^&*
205 1195 139 21 passengers.
373 1187 76 28 Apply
459 1191 22 18 to

348 1222 83 21 Waitt
448 1221 44 22 and
505 1221 90 22 Tys£r-

207 1267 55 21 For
278 1267 167 26 Wanganui,

200 1303 28 19 To
240 1302 41 19 sail
290 1302 22 19 in
322 1308 14 13 a
339 1302 47 24 few
397 1302 58 24 days,

43 1336 94 31 s-s£%^x
187 1335 92 32 npHE
299 1335 75 21 FINE
390 1335 43 21 fast
453 1335 80 28 sailing
551 1338 72 18 cutter

56 1356 111 39 j^^B^
194 1356 29 27 JL
253 1363 111 20 Catherine
372 1363 108 26 Johnston,
496 1362 26 21 T.
532 1362 88 27 Taylor,

33 1408 151 43 giis2=«§iii
233 1423 24 14 or
268 1416 82 27 fright
360 1423 25 14 or
394 1423 99 21 passage,
505 1415 65 28 apply
581 1419 22 18 to

33 1443 148 34 ySr&pffij^g
207 1451 123 26 Wallace,
341 1450 93 26 White,
446 1450 43 21 and
498 1450 123 21 Wallace.

35 1497 55 19 The
104 1496 173 27 Wellington
292 1497 54 19 and
360 1495 148 21 Auckland
521 1495 102 21 Packet

75 1553 72 39 \l\j£|r
202 1559 101 22 fTiHIS
326 1559 45 22 fine
393 1559 44 22 fast
456 1559 79 27 sailing
553 1559 71 21 vessel

65 1580 113 38 Obgdj^v
208 1580 31 29 JL
270 1586 44 22 will
323 1587 27 21 be
361 1586 134 27 despatched
506 1586 32 22 for
548 1586 76 20 Auck-

58 1607 137 41 jTlr|?s|g^
214 1613 53 22 land
285 1613 24 21 in
333 1613 102 21 fourteen
459 1613 60 27 days,
543 1613 82 26 having

215 1647 55 20 very
295 1640 100 27 superior
423 1639 201 23 accommodations

214 1667 35 21 for
268 1674 137 21 passengers.
440 1667 44 21 For
501 1666 81 27 freight
600 1674 25 13 or

217 1701 100 20 passage,
330 1693 65 28 apply
405 1697 23 18 to
443 1694 37 21 the
492 1693 133 27 undersign-

36 1721 34 28 ed,
82 1728 25 14 or
117 1724 22 18 to
150 1721 44 21 Mr.
202 1721 108 21 Maxwell
321 1728 28 14 on
360 1721 75 21 board.

296 1754 35 22 W.
348 1754 25 22 B.
389 1756 95 21 Rhodes
499 1754 45 22 and
558 1754 38 22 Co.

64 1782 79 22 March
153 1783 34 25 23,
200 1783 61 20 1842.

212 1827 55 21 For
289 1827 158 24 Auckland,

191 1863 28 19 To
233 1862 42 19 sail
289 1862 22 19 in
327 1868 12 13 a
346 1861 48 25 few
409 1862 57 25 days,

212 1900 92 30 npHE
329 1899 43 21 fine
391 1899 49 21 first
463 1899 55 21 class
540 1899 83 27 barque

78 1921 72 39 *|gßs!
219 1921 30 27 JL
306 1928 52 19 New
384 1928 58 19 York
463 1927 86 25 Packet,
574 1928 47 24 269,

68 1948 111 39 Jg^rK^v
223 1954 94 26 Captain
329 1954 101 26 Gregory
437 1961 5 18 ;
462 1954 41 21 has
513 1952 110 23 excellent

221 1980 194 21 accommodation
433 1980 35 21 for
484 1987 137 19 passengers.

222 2006 45 21 For
275 2006 83 26 freight
372 2013 25 14 or
412 2013 98 19 passage,
524 2005 66 27 apply
599 2010 23 16 to

40 2027 161 33 Efr^fr^ffr^P
223 2032 37 21 the
271 2033 94 26 Captain
377 2039 30 14 on
423 2032 76 26 board,
511 2039 24 14 or
545 2036 22 16 to

265 2065 76 27 Hort,
358 2065 122 28 Mocatta,
496 2064 45 22 and
555 2065 38 21 Co.

63 2100 32 21 Te
105 2100 54 25 Aro,
169 2098 80 23 March
259 2101 20 24 9,
289 2101 62 20 1542.

238 2145 53 20 For
306 2145 118 26 Sydney,

173 2181 29 19 To
212 2180 40 19 sail
263 2186 25 13 on
298 2180 35 19 the
343 2180 51 20 2dth
404 2181 86 25 instaat,

65 2217 78 21 -sf%-i
190 2215 45 30 T^
240 2213 44 22 HE
298 2213 75 22 FINE
384 2214 49 21 first
443 2214 55 21 class
506 2213 49 26 brig
563 2215 62 19 .Bm-

72 2234 94 41 Jtffi&iL
197 2234 29 29 X
248 2242 72 24 tolian,
331 2242 38 20 160
380 2245 57 22 tons,
447 2242 23 20 C.
480 2241 30 21 H.
518 2241 105 24 Thomas,

51 2261 138 39 jMt!*3^
204 2268 156 26 commander;
389 2268 41 21 has
453 2275 54 20 very
526 2268 100 26 superior

204 2295 205 21 accommodations
428 2295 35 21 for
485 2302 139 20 passengers.

40 2316 150 39 *l§s£sg|||p
217 2323 45 21 For
271 2321 84 28 freight
369 2329 24 15 or
404 2328 98 21 passage,
513 2321 65 27 apply
589 2325 22 17 to

209 2359 132 27 Ridgways,
354 2359 106 26 Guyton,
472 2359 45 21 and
527 2359 70 21 Earp.

263 2406 53 20 For
331 2405 69 24 Sale,

87 2440 97 25 Delivery
195 2445 26 14 on
231 2439 38 20 her
278 2440 75 19 return
362 2439 62 25 from
447 2439 76 25 Cloudy
532 2438 53 26 Bay.

44 2469 106 40 <^jtfh\
193 2475 94 34 rpHE
303 2475 75 21 FINE
400 2474 108 22 schooner
526 2476 100 23 Blossom,

59 2498 111 39 j£ag?Mj&
201 2495 30 30 JL
256 2502 69 21 about
336 2504 27 19 60
377 2502 61 22 Tons
451 2502 102 26 burthen,
565 2502 63 27 Capt.

39 2552 149 39 j?^|p&!j|ipi
221 2559 43 21 She
270 2559 20 21 is
298 2559 51 21 well
356 2558 69 22 found
430 2559 22 21 in
459 2566 66 25 every
531 2562 85 24 respect
622 2566 4 18 ;

208 2586 41 21 has
268 2586 100 27 superior
381 2586 186 26 accomodations,
586 2586 44 22 and

206 2613 18 21 is
235 2613 50 21 well
294 2612 97 28 adapted
398 2613 35 21 for
443 2621 13 14 a
466 2613 55 21 New
529 2613 101 21 Zealand

41 2640 89 22 Trader.
160 2640 77 28 Apply
246 2643 22 18 to

433 2666 90 22 Willis
534 2666 44 22 and
589 2667 39 21 Co.

41 2693 142 29 Wellington,
195 2693 80 23 March
285 2695 34 26 28,
331 2695 60 20 1542.

266 2747 55 20 For
331 2746 70 25 Sale,

70 2775 65 36 Tj^x
164 2777 99 34 npHE
291 2777 52 22 well
372 2777 90 27 known,
487 2778 141 27 fast-sailing,

63 2802 94 31 ifiSiSw
174 2813 25 12 •*-
235 2807 72 19 cutter
325 2805 68 25 Royal
414 2806 98 23 William,
532 2807 26 19 43
579 2810 51 17 tons

48 2825 110 39 JE3j||£
209 2832 101 25 register,
327 2831 54 21 with
397 2831 29 22 all
444 2833 40 21 her
501 2836 75 22 stores,
588 2833 41 20 &c.

47 2853 113 33 •|g|§|2?
180 2858 39 21 &c.
238 2859 40 20 &c.
308 2858 70 22 Stows
395 2866 13 14 a
420 2859 60 26 large
498 2866 71 19 cargo,
586 2859 45 21 and

179 2884 78 22 makes
273 2892 31 19 up
320 2885 49 21 four
385 2885 76 21 berths
475 2886 24 20 in
510 2886 36 21 the
557 2886 73 21 cabin.

43 2911 42 21 She
100 2910 41 22 has
150 2911 85 27 proved
244 2911 86 22 herself
341 2919 13 13 a
365 2912 61 25 good
436 2920 37 14 sea
487 2913 59 26 boat,
558 2912 44 22 and
612 2913 20 20 is

41 2937 49 22 well
104 2937 96 28 adapted
215 2938 36 20 for
264 2938 91 27 trading
371 2939 100 21 between
488 2939 37 21 the
543 2940 89 20 various

42 2965 137 21 settlements
190 2971 29 14 on
231 2964 37 22 the
280 2968 62 18 coast
352 2965 25 21 of
389 2965 56 21 New
456 2965 106 22 Zealand.

68 2991 45 21 For
121 2991 86 21 further
215 2991 140 27 particulars,
367 2992 68 27 apply
446 2996 22 18 to

256 3024 22 22 J.
289 3025 34 22 M.
333 3025 102 27 Taylor,
447 3026 156 28 Ship-Broker,

369 3059 33 22 Te
414 3060 54 21 Aro.

270 3104 54 20 For
339 3104 69 20 Sale.

157 3137 94 50 THE
261 3137 46 21 fine
325 3137 42 21 fast
378 3137 80 28 sailing
474 3141 71 19 cutter
557 3140 75 20 Cathe-

245 3165 46 19 rine
308 3165 109 26 Johnston,
443 3165 66 21 about
533 3167 24 20 15
581 3170 52 18 tons

59 3188 92 38 jsSS||^
170 3192 102 27 burthen,
301 3191 92 28 Sydney
417 3192 62 26 built,
510 3193 44 21 and
582 3193 50 22 well

47 3214 107 30 frfffßrSr
170 3219 78 22 found.
281 3218 44 22 She
332 3218 40 22 has
382 3219 84 27 proved
475 3219 84 21 herself
567 3226 13 15 a
586 3220 46 21 fine

173 3253 38 15 sea
230 3246 59 27 boat,
306 3245 84 28 having
409 3245 64 22 made
491 3245 36 22 the
546 3254 86 20 voyage

45 3270 55 23 from
117 3272 88 27 Sydney
219 3276 23 18 to
261 3273 127 21 Auckland.
417 3272 44 22 For
478 3273 86 21 further
583 3281 49 20 par-

46 3297 92 28 ticulars,
150 3301 64 26 apply
228 3303 23 18 to

171 3333 125 28 Wallace,
312 3334 93 27 White,
421 3334 45 21 and
479 3334 124 22 Wallace.

74 3363 141 30 Wellington,
225 3368 80 21 March
315 3370 33 25 21,
360 3369 62 21 1842.

170 3412 97 21 Notice
282 3414 29 19 to
327 3412 177 28 Consignees.

185 3451 7 16 '
192 3450 8 7 r
200 3450 75 35 pHE
284 3452 200 22 undermentioned
493 3451 109 28 packages
609 3452 27 21 of

191 3474 29 23 X
266 3480 163 26 merchandize,
451 3487 27 14 ex
498 3480 52 20 New
574 3480 58 20 York

50 3501 132 26 ««issr3*3Sss
198 3503 85 28 Packet,
294 3512 37 15 are
341 3506 132 28 unclaimed,
485 3506 44 22 and
538 3506 62 28 lying
609 3511 24 18 at

49 3527 37 20 tiie
103 3527 71 21 Stores
188 3529 24 20 of
226 3530 89 23 Messrs.
331 3532 63 28 Hort,
408 3533 105 27 Mocatta,
530 3533 45 22 and
591 3534 39 21 Co.

52 3555 44 19 Ihe
107 3555 130 25 Consignees
252 3565 35 14 are
300 3560 117 27 requested
433 3563 21 19 to
463 3562 55 20 send
527 3561 33 21 for
569 3561 62 22 them

47 3581 158 24 immediately.

111 3607 44 22 HC

89 3635 10 21 1
111 3636 23 20 to
157 3636 27 20 20
202 3649 19 6 ..
238 3637 27 20 20
275 3637 68 28 casks,

72 3662 26 21 21
110 3664 22 19 to
144 3662 39 21 115
198 3662 9 20 '.
214 3677 6 5 .
238 3664 25 19 95
275 3671 66 16 cases.

29 3719 2 4 .
158 3695 77 27 Hort,
253 3697 119 30 Mocatta,
388 3701 44 22 and
446 3703 46 27 Co.,
508 3703 94 27 Agents.

92 3747 95 27 OUND,
207 3748 23 21 A
251 3748 74 22 COW.
353 3750 47 22 The
419 3760 74 16 owner
511 3762 42 14 can
571 3755 59 22 have

118 3776 40 20 her
167 3781 29 15 on
205 3781 78 21 giving
300 3776 38 21 the
353 3784 79 21 proper
448 3780 140 29 descriptipn,
601 3782 28 27 by

45 3800 105 29 applying
158 3805 23 18 to
189 3802 44 22 Mr.
246 3802 101 27 Butler,
358 3803 177 32 Pound-keeper.

70 3833 142 30 Wellington,
226 3835 81 24 March
317 3838 33 25 22,
362 3838 61 22 1842.

250 3880 54 21 Bill
319 3882 102 21 Books.

48 3911 66 48 ON
128 3913 84 28 SALE,
229 3916 23 20 at
261 3914 45 22 this
317 3915 71 28 office,
400 3916 67 24 blank
477 3919 55 24 Bill
543 3920 83 24 Books,

141 3940 95 26 Gazette
272 3941 73 29 oifieff,
354 3942 57 23 Dec.
421 3945 21 21 4.

1399 698 68 20 New
1479 698 120 20 Zealand
1609 697 133 21 Colonist.

1279 729 90 23 HMHE
1388 731 148 21 MEETING
1549 731 26 21 of
1590 730 38 22 the
1648 731 81 21 friends
1748 731 52 33 and^
1812 738 51 20 sup-

1286 752 28 26 JL
1338 761 83 22 porters
1434 758 26 21 of
1465 757 43 22 this
1514 764 74 21 paper,
1601 757 128 22 advertized
1740 757 35 22 for
1783 757 81 28 Friday

1278 782 47 27 last,
1341 784 84 26 having
1440 785 56 21 been
1507 785 123 26 postponed
1644 785 23 21 in
1678 792 152 19 consequence
1842 785 25 21 of

1277 809 47 21 that
1333 809 43 28 day
1383 811 68 27 being
1459 811 64 21 Good
1531 811 82 26 Friday
1621 818 5 19 ;
1651 818 14 14 a
1674 811 78 21 Public
1764 811 100 26 Meeting

1279 837 24 20 of
1315 836 37 22 the
1366 838 134 21 subscribers
1515 837 43 22 and
1573 837 90 26 friends,
1679 838 44 21 will
1737 838 28 22 be
1780 837 52 22 held
1843 841 22 17 at

1277 863 36 21 the
1324 863 120 28 Exchange
1460 865 78 26 Room,
1556 864 31 22 Te
1598 865 55 26 Aro,
1670 872 30 13 on
1714 864 103 27 Tuesday
1827 864 36 21 the

1277 889 38 21 sth
1324 891 63 26 April
1396 897 61 20 next,
1474 895 22 17 at
1506 891 60 27 eight
1575 891 87 22 o'clock
1675 891 25 21 in
1710 891 37 21 the
1759 892 103 25 evening,

1277 919 21 17 to
1308 917 86 21 receive
1404 917 36 22 the
1451 922 74 22 report
1535 918 25 21 of
1568 919 38 20 the
1616 918 111 21 Trustees.

1417 961 109 28 Wesley
1527 969 35 14 an
1580 962 142 22 Missions.

1280 995 70 49 ON
1366 996 128 22 SUNDAY
1508 997 92 26 NEXT,
1616 997 61 27 April
1688 997 47 26 3rd,
1752 1004 14 14 a
1776 1004 88 14 sermon

1356 1023 44 21 will
1408 1023 28 21 be
1446 1023 110 27 preached
1566 1025 21 20 in
1599 1023 79 22 behalf
1685 1024 25 21 of
1716 1023 37 21 the
1765 1023 99 27 Wesley-

1278 1056 28 14 an
1318 1049 136 28 Missionary
1463 1051 93 26 Society,
1567 1051 24 21 in
1601 1050 39 22 the
1649 1051 129 26 Exchange,
1789 1050 30 27 by
1827 1051 37 21 the

1277 1075 55 22 Rev.
1342 1076 62 22 John
1418 1077 138 21 Macfarlane
1574 1078 25 21 of
1618 1078 37 21 the
1669 1078 80 21 Scotch
1767 1077 96 22 Church.

1278 1103 86 21 Service
1385 1107 22 18 to
1424 1111 129 15 commence
1569 1109 23 17 at
1608 1104 62 22 three
1688 1105 85 21 o'clock
1787 1105 24 20 in
1827 1104 37 21 the

1276 1130 123 22 afternoon.

1303 1157 35 21 On
1364 1157 101 27 Monday
1485 1157 95 27 evening
1598 1161 62 23 next,
1683 1157 65 28 April
1769 1157 46 26 4th,
1843 1161 22 18 at

1277 1183 12 21 7
1298 1183 91 26 o'clock,
1402 1192 13 13 a
1423 1184 78 22 Public
1516 1184 136 27 Missionary
1667 1185 103 26 Meeting
1780 1184 43 22 will
1837 1185 28 20 be

1276 1209 52 23 held
1336 1211 24 21 in
1370 1211 37 21 the
1418 1218 61 14 same
1494 1211 69 26 place,
1583 1211 87 26 George
1688 1211 97 26 Hunter,
1804 1211 59 27 Esq.,

1276 1237 22 21 in
1319 1237 37 21 the
1376 1238 74 21 Chair.
1492 1238 48 21 The
1560 1238 56 21 Rev.
1636 1237 60 22 John
1717 1237 147 26 Macfarlane,

1277 1263 55 22 Geo.
1344 1265 20 21 S.
1376 1265 82 25 Evans,
1471 1265 59 26 Esq.,
1541 1265 93 26 D.C.L.,
1646 1263 61 23 John
1715 1264 79 27 Wade,
1804 1265 59 26 Esq.,

1277 1290 60 22 John
1347 1291 67 27 Rout,
1433 1292 60 26 Esq.,
1512 1291 44 21 and
1573 1291 74 22 others
1663 1298 38 15 are
1719 1291 108 27 expected
1843 1296 22 16 to

1279 1317 88 23 address
1378 1319 37 21 the
1430 1319 104 25 meeting.

1302 1345 24 22 A
1335 1345 117 22 collection
1462 1345 44 21 will
1517 1346 26 20 be
1560 1345 66 21 made
1643 1345 57 21 after
1716 1345 55 21 each
1787 1345 25 21 of
1828 1345 38 21 the

1277 1372 100 27 services,
1389 1373 24 21 in
1424 1371 36 23 aid
1472 1373 24 20 of
1508 1371 35 22 the
1554 1371 92 28 general
1656 1371 66 22 fund.

1304 1405 150 27 Wellington,
1467 1405 78 22 March
1555 1408 33 24 29,
1601 1407 59 21 1842.

1277 1450 194 49 WHEREAS
1486 1458 28 15 an
1529 1450 174 22 advertisement
1718 1451 110 26 appeared
1842 1452 23 20 in

1373 1477 38 21 the
1421 1479 53 19 New
1481 1479 91 19 Zealand
1585 1479 74 19 Gamete
1669 1478 25 20 of
1703 1477 36 21 the
1750 1477 46 22 2nd
1805 1478 59 26 inst.,

1277 1503 23 21 in
1312 1503 71 22 which
1393 1505 101 21 mention
1505 1512 43 14 was
1564 1505 66 21 made
1646 1505 25 21 of
1689 1512 39 19 my
1742 1512 73 18 name,
1827 1512 39 20 ap-

1278 1530 103 27 parently
1401 1531 23 21 in
1450 1532 123 21 connexion
1592 1532 53 21 with
1661 1531 49 21 that
1729 1532 25 20 of
1776 1539 89 14 george

1278 1564 77 14 henry
1380 1565 74 15 blakl
1462 1566 6 19 ;
1489 1559 11 21 1
1517 1559 87 21 declare
1621 1559 47 21 that
1686 1566 37 19 my
1743 1565 66 15 name
1825 1559 40 21 has

1277 1583 57 22 been
1357 1585 131 21 mentioned
1511 1585 23 21 in
1556 1586 36 20 the
1620 1585 47 22 said
1686 1586 178 25 advertisement,

1277 1611 92 21 without
1380 1619 38 18 my
1428 1612 118 27 authority,
1566 1615 98 23 consent,
1686 1620 24 13 or
1726 1612 137 26 knowledge,

1277 1637 43 21 and
1336 1638 47 21 that
1393 1639 11 20 1
1416 1646 36 14 am
1468 1639 23 21 in
1509 1646 29 14 no
1554 1646 49 19 way
1620 1639 124 21 connected
1758 1639 52 21 with
1828 1639 37 21 the

1277 1665 47 21 said
1334 1665 87 26 George
1432 1665 81 28 Henry
1523 1666 79 22 Blake.

1501 1700 108 21 William
1626 1700 105 21 Ccrling
1747 1700 90 21 Young.
1874 1717 2 11 ,

1304 1725 92 27 Nelson,
1409 1726 80 22 March
1501 1728 32 24 11,
1546 1728 60 20 1542.

1278 1770 38 21 To
1327 1771 32 20 be
1370 1771 65 20 Sold
1447 1771 66 21 with
1526 1771 156 21 immediate
1694 1771 171 25 Possession,

1277 1804 50 48 A
1340 1804 208 22 CONVENIENT
1558 1804 125 23 FAMILY
1690 1804 177 24 RESIDENCE

1355 1833 26 19 30
1392 1831 43 20 feet
1447 1832 28 26 by
1486 1834 30 24 12,
1528 1832 95 21 situated
1635 1832 22 21 in
1668 1839 13 14 a
1692 1839 53 19 very
1756 1832 111 21 sheltered

1277 1857 92 26 position
1381 1862 23 16 at
1414 1858 37 21 the
1463 1862 85 18 eastern
1564 1860 118 26 extremity
1693 1860 26 20 of
1730 1858 38 22 the
1778 1858 90 21 TINA-

1278 1883 194 28 KORE-ROAD,
1494 1886 101 26 together
1613 1886 51 21 with
1688 1893 13 14 a
1717 1893 68 14 seven
1804 1893 64 18 years

1277 1911 59 21 lease
1347 1912 24 20 of
1380 1916 43 16 two
1434 1919 62 14 acres
1507 1913 24 20 of
1538 1912 93 26 ground,
1648 1918 22 15 at
1681 1921 13 13 a
1707 1912 78 27 yearly
1795 1912 73 21 rental

1278 1938 64 21 o'VJS
1352 1945 40 20 per
1403 1945 58 14 acre.
1489 1938 47 22 The
1546 1939 82 21 Karori
1642 1940 56 21 road
1706 1939 68 27 being
1786 1940 22 19 in
1818 1947 50 19 pro-

1277 1971 35 13 2"'.
1309 1972 5 6 j
1316 1973 20 12 ss
1347 1972 13 14 a
1367 1965 43 20 few
1420 1965 72 22 weeks
1503 1966 42 21 will
1552 1966 75 21 insure
1636 1974 13 13 a
1655 1966 58 27 good
1723 1966 45 21 line
1776 1966 26 21 of
1809 1973 61 14 com-,

1274 1990 149 20 'n/uuiedtion.
1452 1992 72 20 There
1538 1993 18 19 is
1570 2000 13 12 a
1594 1997 104 16 constant
1708 1999 76 20 spang
1794 1993 25 20 of
1831 1999 38 14 ex-

1282 2017 80 21 Csilent
1373 2020 69 18 water
1452 2024 29 14 on
1490 2017 37 22 the
1536 2018 115 27 premises.
1680 2019 75 27 Apply
1766 2022 22 17 to

1668 2052 31 19 11.
1715 2053 36 18 W.
1766 2053 73 18 33vrx-.

1277 2093 146 48 NOTICE
1440 2094 27 20 IS
1484 2094 127 21 HEREBY
1628 2093 107 27 GIVEN,
1763 2094 48 20 that
1832 2094 36 21 the

1344 2120 141 27 partnership
1496 2121 124 21 heretofore
1632 2121 120 26 !=ubbisting
1766 2121 101 21 between

1278 2147 97 21 William
1385 2147 114 21 Vitruvius
1507 2148 94 26 Brewer,
1613 2147 198 26 barrister-at-law,
1823 2148 45 21 and

1279 2173 94 22 Edward
1384 2173 117 28 Chetham,
1510 2175 108 26 Solicitor,
1627 2175 19 20 is
1654 2174 43 22 this
1705 2174 44 27 day
1757 2174 110 22 dissolved

1278 2201 29 27 by
1317 2201 85 21 mutual
1413 2205 98 17 consent.

1560 2229 110 20 William
1687 2227 27 22 V.
1731 2227 107 28 Brewer,

1560 2255 101 21 Edward
1677 2255 122 22 Chetham.

1279 2289 124 22 Witness—
1404 2290 96 21 Thomas
1510 2290 93 21 Martin.

1307 2316 80 23 March
1396 2319 33 24 29,
1442 2318 60 20 1842.

1279 2361 168 49 JOHNSON
1463 2361 44 21 and
1521 2361 113 21 MOORE
1649 2361 56 21 have
1719 2361 109 26 received,
1841 2369 27 13 ex

1350 2389 85 24 Clifton,
1456 2389 60 25 Lady
1534 2389 75 25 Leigh,
1629 2389 55 19 Mew
1703 2390 58 19 York
1779 2390 87 25 Packet,

1280 2416 84 24 Sisters,
1377 2417 36 25 Bfc.
1426 2417 35 26 life.
1465 2427 28 4 —

1307 2443 88 21 Double
1406 2443 84 21 refined
1500 2450 71 20 sugar,
1581 2443 46 21 fine
1639 2443 59 22 Siam
1709 2451 72 19 sugar,

1308 2469 81 23 Mould
1408 2470 45 21 and
1472 2478 71 19 sperm
1564 2470 101 27 candles;
1693 2471 68 27 hams,
1783 2470 84 27 cheese,

1279 2496 80 27 butter,
1373 2497 44 21 and
1427 2497 55 26 lard,

1308 2524 82 26 Coffee,
1400 2523 67 23 black
1477 2524 44 22 and
1530 2532 69 19 green
1609 2527 52 24 teas,

1308 2550 73 27 Flour,
1401 2551 53 26 rice,
1475 2551 44 21 fine
1538 2551 122 22 American
1680 2551 97 28 biscuits,
1797 2551 73 22 barrel

1280 2576 58 28 beef,

1310 2604 69 27 Jams,
1401 2605 81 27 jellies,
1512 2605 165 27 confectionery
1688 2613 5 19 ;
1726 2612 76 14 sauces
1827 2605 45 21 and

1282 2631 90 27 pickles,

1310 2659 66 21 Snuff
1390 2658 24 22 in
1435 2660 10 20 1
1456 2658 30 22 lb.
1501 2659 111 27 packages
1627 2659 43 21 and
1682 2659 46 26 jars
1748 2659 124 26 conprising

1282 2685 82 27 brown,
1381 2685 73 26 black,
1473 2688 42 19 and
1534 2686 93 21 scented
1642 2693 98 20 rappees,
1759 2686 110 27 Tonquin,

1283 2712 99 21 Prince's
1392 2713 104 26 mixture,
1507 2713 136 21 Hdrdham's
1652 2714 34 25 37,
1694 2714 40 20 <Src.

1311 2739 21 21 A
1343 2739 61 28 large
1414 2743 130 18 assortment
1555 2740 25 21 of
1587 2740 87 26 hosiery
1685 2740 24 20 of
1717 2739 29 21 all
1757 2739 73 27 kinds,

1312 2767 149 21 Mousselaine
1477 2767 27 21 de
1522 2767 78 26 laiues,
1621 2767 65 21 black
1704 2766 43 21 silk
1762 2767 110 21 handker-

1284 2792 76 27 chiefs,

1312 2820 114 27 Superfine
1436 2819 52 22 blue
1500 2819 58 22 cloth
1566 2819 94 28 jackets,

1311 2848 21 20 A
1343 2850 103 24 quantity
1458 2847 24 20 of
1492 2847 53 27 pilot
1555 2847 107 27 clothing,
1674 2847 95 27 monkey
1776 2847 94 27 jackets,

1310 2874 106 21 Blankets
1432 2874 44 21 and
1493 2881 57 19 rugs,
1563 2874 85 21 leather
1663 2881 51 21 caps
1732 2875 79 25 (cheap
1827 2876 45 19 and

1284 2900 109 27 durable),

1312 2927 83 22 Gent's,
1406 2928 64 21 boots
1479 2928 43 21 and
1533 2927 71 27 shoes,
1614 2928 72 21 men's
1696 2930 77 24 strong
1783 2927 34 22 do.
1835 2927 36 22 do.

1310 2954 125 22 Children's
1458 2954 63 23 boots
1543 2956 46 21 and
1613 2955 64 21 shoes
1688 2963 4 19 ;
1718 2962 13 15 a
1749 2956 42 21 few
1814 2955 58 27 good

1284 2981 144 22 Mackintosh
1440 2989 70 19 capes,
1522 2982 40 21 &c.

1310 3008 163 28 Ironmongery
1488 3009 26 21 of
1525 3009 29 22 all
1569 3008 73 27 kinds,
1653 3008 116 27 including
1784 3015 13 14 a
1811 3008 60 26 large

1282 3038 132 19 assortment
1439 3037 26 20 of
1484 3035 85 27 boilers,
1590 3043 128 19 saucepans,
1743 3040 52 16 stew
1806 3042 63 20 pans,

1282 3062 87 26 kettles,
1381 3063 39 21 &c.
1434 3063 40 21 &c.

1310 3090 22 21 A
1341 3089 43 22 few
1394 3097 103 14 common
1505 3089 78 27 lamps,
1592 3088 33 28 pit
1634 3088 45 21 and
1689 3095 61 15 cross
1761 3091 36 18 cut
1807 3095 61 19 saws,

1310 3116 21 21 A
1341 3117 87 27 variety
1439 3117 25 20 of
1470 3116 148 21 earthenware
1630 3115 42 22 and
1683 3119 37 18 cut
1729 3115 65 26 glass,

1310 3143 80 27 Strong
1400 3143 46 22 and
1456 3143 67 27 cheap
1533 3142 50 22 four
1594 3142 46 21 feet
1649 3142 123 26 bedsteads,

1310 3170 73 25 Paint,
1395 3170 48 26 oils,
1454 3169 131 28 turpentine,
1596 3168 100 27 brushes,
1706 3169 39 21 &c.
1757 3170 40 20 &c.

1310 3196 47 22 The
1364 3198 77 26 above,
1452 3197 51 21 with
1512 3204 13 13 a
1534 3200 63 22 great
1607 3196 84 26 variety
1701 3195 25 21 of
1733 3194 137 22 miscellane-

1282 3230 40 14 ous
1329 3224 70 26 stock,
1410 3231 37 14 are
1458 3223 81 22 offered
1550 3231 27 14 on
1588 3222 166 26 advantageous
1769 3226 68 17 terms
1848 3226 22 17 to

1283 3250 118 22 wholesale
1411 3258 25 14 or
1445 3250 63 22 retail
1516 3250 136 27 purchasers.

1285 3295 71 49 ON
1369 3296 85 26 SALE,
1462 3299 23 17 at
1491 3295 36 21 the
1535 3295 74 21 Stores
1616 3294 25 22 of
1648 3294 38 21 the
1692 3294 150 26 undersigned
1842 3305 29 3 —

1361 3323 72 21 Black
1449 3322 45 21 and
1508 3329 67 20 green
1591 3325 53 23 teas,
1661 3328 74 19 cocoa,
1750 3321 75 26 coffee,
1836 3328 35 14 re-

1283 3348 60 22 fined
1353 3349 44 22 and
1411 3349 75 21 brown
1502 3356 74 19 sugars
1583 3356 5 19 ;
1606 3355 14 14 a
1630 3348 85 26 variety
1725 3348 25 21 of
1759 3349 58 26 jams
1827 3348 44 20 and

1280 3375 79 28 jellies,
1375 3376 24 22 in
1418 3376 117 27 quantities
1552 3379 21 17 to
1591 3375 43 21 suit
1651 3374 107 26 families;
1778 3374 92 28 brandy,

1282 3402 96 22 cherries
1394 3403 43 21 and
1453 3402 61 22 dried
1531 3402 83 27 apples,
1630 3402 43 21 fine
1689 3401 37 21 old
1741 3402 130 20 Gloucester

1283 3429 44 21 and
1340 3429 76 22 Dutch
1432 3429 85 27 cheese,
1534 3428 109 22 Hambro'
1660 3428 79 26 butter,
1750 3428 62 21 York
1827 3428 44 21 and

1282 3456 120 22 American
1421 3456 70 26 hams,
1514 3462 72 21 sperm
1606 3455 44 21 and
1674 3455 76 21 mould
1765 3455 89 21 candles
1863 3462 6 19 ;

1282 3482 63 27 olive,
1362 3483 92 26 linseed,
1472 3482 45 22 and
1526 3482 66 22 black
1606 3482 29 21 oil
1645 3489 5 19 ;
1669 3482 66 21 white
1748 3481 43 21 and
1806 3481 64 21 black

1281 3509 57 27 lead,
1350 3512 103 25 saltpetre
1464 3509 43 21 and
1523 3510 71 26 spices
1604 3509 25 21 of
1643 3508 30 22 all
1683 3510 55 19 sorts
1745 3516 5 19 ;
1768 3508 100 26 oatmeal,

1282 3544 58 19 sago,
1353 3537 52 26 rice,
1417 3535 46 23 and
1472 3536 67 26 flour;
1551 3543 29 14 an
1595 3537 129 19 assortment
1740 3535 26 20 of
1777 3534 91 27 leather,

1281 3563 109 26 hobnails,
1402 3563 76 26 sprigs,
1491 3563 51 26 &c;
1548 3562 71 22 'shoes
1629 3562 43 20 and
1686 3562 63 20 boots
1759 3562 24 20 of
1791 3562 30 20 all
1832 3562 38 21 de-

1281 3589 121 28 scriptions,
1413 3590 44 21 fine
1474 3588 124 23 Cavendish
1608 3588 98 26 tobacco,
1718 3588 73 26 snufts,
1803 3588 45 22 and
1857 3596 13 14 a

1280 3617 42 21 few
1331 3624 61 14 cases
1402 3617 59 26 large
1467 3616 57 21 bowl
1533 3616 69 27 pipes,
1613 3614 44 22 and
1668 3617 63 19 otner
1736 3614 86 22 articles
1832 3619 37 17 too

1282 3650 119 16 numerous
1409 3647 23 17 to
1442 3643 105 21 mention.

1422 3676 137 15 WHOLESALE
1574 3675 46 15 AND
1635 3675 91 15 RETAIL.

1568 3702 30 21 D.
1614 3702 22 21 S.
1651 3701 80 22 Durie
1745 3702 43 21 and
1804 3703 37 21 Co.

1349 3749 54 20 For
1414 3748 69 24 Sale,
1494 3753 35 15 ex
1562 3746 90 21 Maria

1282 3783 51 48 A
1347 3781 135 22 NUMBER
1491 3780 26 22 of
1526 3779 74 22 useful
1615 3778 88 22 articles
1714 3779 25 21 of
1750 3780 120 22 Furniture

1362 3808 45 21 and
1417 3807 65 21 other
1490 3806 74 27 goods,
1574 3809 51 24 part
1635 3805 25 21 of
1672 3805 37 22 the
1720 3814 65 19 cargo
1796 3807 25 21 of
1832 3808 37 20 the

1282 3836 72 21 Maria
1370 3836 95 20 Theresa.
1498 3833 49 21 Will
1566 3833 26 21 be
1609 3832 80 22 landed
1705 3833 54 22 here
1773 3833 36 22 for
1825 3834 45 21 sale

1284 3863 79 22 should
1371 3863 83 26 buyers
1465 3861 52 21 offer
1524 3868 5 19 ;
1547 3859 61 27 early
1618 3859 132 28 application
1763 3860 19 23 is
1793 3867 77 15 neces-

1284 3897 57 20 sary.
1370 3888 76 30 Apply
1456 3890 21 19 to

1682 3913 65 22 John
1761 3913 80 23 Wade.

1286 3943 145 27 Wellington,
1442 3940 79 24 March
1532 3941 32 27 18,
1577 3938 64 24 1842.'
