2540 4039
1231 63 100 32 THE

52 96 237 183 NEW
289 96 384 183 ZEALAND
1593 111 847 153 GAZETTE

61 294 3 5 AND

52 299 1137 193 WELLINGTON
1303 299 1137 193 SPECTATOR.

155 536 10 11 ,
578 515 221 39 PUBLISHED
846 514 130 36 EVERY
1020 510 257 40 WEDNESDAY
1321 510 85 36 AND
1453 510 228 37 SATURDAY
1726 510 203 37 MORNING.

602 630 131 36 PORT
756 629 285 37 NICHOLSON,
1063 625 258 36 SATURDAY
1343 625 237 39 MORNING,
1602 627 150 31 APRIL
1774 631 30 34 2,
1830 631 87 28 1842.

2242 627 187 41 [VOL.JII.

71 644 65 30 No.
153 640 86 40 129.]

1286 717 7 10 *
1483 716 162 26 Wanganui.
1832 735 3 3 .

1275 746 86 49 FOR
1374 746 84 23 SALE.
1458 758 28 4 —
1486 746 66 22 Land
1567 746 103 21 between
1688 753 43 15 one
1749 746 44 21 and
1811 749 46 25 two,

1343 772 63 23 miles
1423 774 26 21 of
1460 774 38 21 the
1511 772 111 28 township
1638 776 24 17 at
1679 772 132 27 Wanganui.
1820 773 36 21 for

1272 799 52 33 'sjjle,
1335 799 24 21 in
1368 799 76 22 blocks
1454 800 26 21 of
1489 800 43 21 five
1542 806 61 15 acres
1617 798 43 23 and
1674 798 108 28 upwards,
1793 806 25 14 or
1832 802 23 18 to

1274 826 29 21 lot
1313 832 29 15 on
1354 833 54 20 very
1419 826 78 22 liberal
1506 829 73 23 terms,
1590 825 54 22 with
1653 825 38 22 the
1705 826 59 26 right
1773 825 25 22 of
1803 832 57 20 pur-v

1276 852 70 23 chase.
1374 853 75 27 Apply
1458 856 23 19 to
1490 853 28 22 R.
1529 851 65 28 Park,
1604 852 61 27 Esq.,
1675 859 25 14 or
1709 855 23 18 to

1290 878 5 30 1
1607 885 23 21 J.
1644 885 46 21 and
1704 885 29 21 G.
1747 885 82 21 Wade.

1274 930 153 26 Wanganui
1450 931 76 19 Land
1549 931 92 26 Agent
1662 929 54 21 and
1739 929 117 21 General

1289 969 4 7 .
1352 963 6 2 ~
1391 956 182 21 Commission
1586 956 151 20 Merchant.

1276 982 90 48 THE
1384 983 149 26 undersigned
1551 983 53 26 begs
1622 985 22 19 to
1658 982 61 22 offer:
1729 981 91 22 himself
1832 985 26 22 to,

1349 1009 36 21 the
1401 1009 75 27 public
1490 1017 24 14 as
1530 1009 67 25 Land.
1606 1009 77 27 Agent
1698 1008 46 22 and
1759 1007 98 23 General

1275 1033 149 27 Commission.
1443 1036 127 22 Merchant-
1586 1036 36 21 for
1648 1035 38 21 the
1714 1035 85 21 district
1834 1035 25 21 of

1275 1061 132 28 Wanganui.
1436 1063 38 21 He
1483 1063 39 21 has
1531 1063 58 21 been
1598 1062 36 22 for
1642 1061 39 22 the
1690 1061 43 22 last
1742 1063 12 20 9
1766 1061 90 22 months

1276 1096 28 14 ou
1321 1089 38 21 the
1373 1088 54 22 staff
1441 1089 118 27 surveying
1575 1089 50 21 that
1642 1088 91 27 district,
1753 1088 44 22 and
1815 1088 40 21 has

1276 1115 159 28 consequently
1443 1116 59 21 been
1512 1115 94 22 enabled
1617 1118 21 18 to
1655 1115 89 26 acquire
1754 1118 105 19 accurate,

1276 1139 140 25 information
1432 1142 124 27 respecting
1570 1141 38 22 the
1624 1141 61 22 land.
1712 1141 61 26 This,
1784 1141 74 21 added

1276 1172 22 18 to
1309 1168 37 22 the
1357 1169 129 26 experience
1496 1168 27 21 he
1533 1168 40 21 has
1580 1167 47 22 had
1634 1167 26 22 in
1670 1167 105 22 Scotland
1783 1168 25 20 in
1818 1167 38 22 the

1276 1190 156 31 Management
1448 1195 26 21 of
1487 1194 60 32 land^
1557 1194 53 22 and-
1618 1193 68 28 stock,
1698 1193 28 22 he
1736 1197 70 21 trusts,
1811 1194 46 21 will

1277 1221 79 22 enable
1364 1221 47 22 him
1421 1225 23 18 to
1454 1221 28 22 do
1493 1228 65 20 every
1564 1221 81 26 justice
1655 1224 24 18 to
1688 1220 35 22 his
1732 1221 125 26 employers

1276 1248 79 30 in^the
1373 1248 107 22 selection
1503 1255 24 14 or
1546 1247 109 27 purchase
1679 1247 26 21 of
1723 1247 60 21 land.
1818 1247 39 21 He

1276 1275 83 21 flatters
1382 1275 95 26 himself,
1497 1274 48 21 that
1567 1273 35 22 his
1621 1273 159 28 acquaintance
1803 1273 54 21 with

1276 1301 90 27 general
1380 1301 100 22 business
1490 1301 44 21 will
1551 1300 79 22 enable
1644 1300 49 22 him
1703 1303 22 19 to
1735 1300 49 27 give
1794 1300 63 21 satis-

1276 1322 82 28 faction
1374 1331 23 18 to
1406 1328 64 22 those
1480 1327 48 22 who
1540 1334 53 20 may
1603 1327 93 26 consign
1711 1327 69 26 goods
1790 1329 23 18 to
1822 1326 36 22 his

1277 1355 79 26 charge
1366 1354 35 22 for
1409 1355 54 21 sale.
1489 1353 61 23 With
1563 1361 13 14 a
1585 1353 56 22 view
1650 1357 22 17 to
1690 1353 82 27 adding
1785 1356 23 18 to
1821 1352 36 22 his

1276 1381 101 22 facilities
1383 1381 24 21 in
1417 1381 111 27 disposing
1538 1380 25 22 of
1568 1380 63 22 stock
1638 1380 46 21 and
1693 1379 164 27 merchandize,

1276 1407 27 22 he
1314 1407 40 22 has
1364 1407 66 22 taken
1441 1411 39 18 out
1488 1414 29 15 an
1526 1407 156 21 Auctioneer's
1692 1406 101 22 Licence.

1336 1449 4 9 >
1632 1440 63 21 John
1710 1440 120 21 Cameron.

1303 1467 46 22 Kai
1357 1475 70 14 warra
1436 1475 74 18 warra,
1519 1467 125 22 December
1652 1468 35 25 31,
1696 1467 60 21 1841.

1376 1512 105 20 Nelson
1495 1512 75 20 Land
1585 1512 145 26 Agencies.

1277 1545 92 49 THE
1383 1545 149 26 undersigned
1545 1545 43 26 beg
1597 1548 24 18 to
1631 1545 54 21 offer
1695 1544 131 22 themselves
1836 1547 22 18 to

1352 1572 37 21 the
1399 1571 74 27 public
1483 1579 23 14 as
1516 1575 76 23 agents
1602 1571 35 21 for
1642 1571 42 21 the
1695 1571 110 21 selection'
1815 1571 44 21 and

1278 1599 95 26 disposal
1383 1599 25 21 of
1416 1602 58 18 town
1484 1598 44 22 and
1537 1600 93 23 country
1646 1597 65 22 lands
1721 1599 23 20 in
1757 1597 35 21 the
1809 1604 50 14 new

1277 1625 127 22 settlement
1431 1625 25 21 of
1481 1625 90 21 Nelson.
1610 1624 76 27 Apply
1709 1627 22 19 to

1278 1652 81 26 White,
1371 1651 44 22 and
1424 1651 105 27 Wallace)
1540 1651 145 26 Wellington.

1389 1701 5 6 ■
1399 1685 120 22 Patchett
1531 1684 44 22 and
1589 1684 92 27 White,
1693 1684 64 22 Land
1766 1684 93 27 Agents,

1573 1711 94 22 Nelson.

1305 1738 131 27 December,
1447 1740 60 19 1841.

1418 1783 87 20 Town
1519 1783 84 20 Acres
1619 1784 28 18 to
1662 1783 57 19 Let.

1279 1816 177 49 NUMBERS
1467 1822 29 14 on
1507 1815 35 22 the
1552 1815 238 27 Surveyor-General's
1800 1823 59 19 map,

1465 1843 40 20 510
1667 1843 40 20 263

1305 1868 44 22 For
1356 1869 135 27 particulars,
1502 1868 65 28 apply
1575 1871 23 19 to
1608 1868 106 27 Wallace,
1728 1868 78 25 White,
1816 1868 44 21 and

1274 1895 110 24 ■Wallace.
1568 1912 3 3 •
1714 1901 7 4 '

1281 1934 8 29 {
1390 1940 77 20 Land
1481 1941 112 25 Agency
1603 1941 29 18 at
1645 1940 112 20 Nelson.

1278 1973 105 31 XOHN
1406 1973 36 20 W.
1462 1972 186 27 BARNICOAT,
1674 1973 121 21 Surveyor
1815 1980 45 14 and

1270 2002 47 18 ~9s»:
1343 2000 73 20 Civil-
1422 1999 128 26 Engineer,
1565 1999 94 25 Nelson,
1677 1998 44 21 will
1740 1999 28 20 be
1785 1999 79 26 happy

1277 2028 23 18 to
1311 2032 85 20 engage
1410 2025 92 21 himself
1512 2025 25 21 in
1547 2025 37 21 the
1594 2025 70 21 above
1677 2025 83 21 named
1775 2025 87 27 capaci-

1279 2052 46 26 ties,
1337 2059 24 14 as
1371 2059 28 14 an
1403 2060 3 3 -
1413 2055 68 24 agent
1489 2052 35 21 for
1533 2051 37 22 the
1579 2051 107 22 selection
1697 2051 25 21 of
1731 2051 60 27 land,
1803 2059 25 13 or
1837 2052 23 20 in

1279 2086 43 19 any
1333 2079 63 21 other
1405 2086 48 19 way
1463 2078 122 22 connected
1596 2078 52 21 with
1657 2077 35 22 his
1705 2078 143 26 professions.

1354 2124 130 26 Building
1497 2124 170 19 Allotments
1681 2124 28 19 to
1725 2124 58 21 Let,

1279 2157 91 49 THE
1387 2156 198 22 ADVERTISER
1599 2156 66 22 offers
1679 2164 61 17 upon
1756 2155 106 28 Building

1354 2184 87 26 Leases,
1452 2191 13 14 a
1474 2183 94 22 number
1577 2183 27 21 of
1614 2183 70 21 Town
1692 2183 137 21 Allotments
1837 2183 24 21 in

1279 2211 37 21 the
1324 2215 59 17 most
1393 2211 106 21 desirable
1507 2213 61 24 parts
1577 2210 27 22 of
1614 2209 44 22 this
1668 2209 138 22 Settlement.

1305 2237 47 22 The
1371 2238 110 21 attention
1497 2237 25 21 of
1538 2236 38 22 the
1592 2236 76 28 public
1684 2237 20 21 is
1719 2236 143 27 particularly

1279 2264 71 22 called
1368 2267 23 19 to
1409 2264 38 22 the
1465 2263 123 27 advantage
1608 2263 25 22 of
1650 2263 107 27 Building
1772 2263 88 27 Leases,

1278 2291 72 21 which
1360 2291 37 21 the
1406 2290 176 27 undersigned-is
1594 2289 96 23 enabled
1698 2293 23 18 to
1730 2293 72 24 grant,
1810 2291 51 26 viz.,

1278 2318 58 21 from
1345 2324 68 16 seven
1422 2321 23 18 to
1462 2320 137 24 twenty-one
1615 2324 73 20 years,
1705 2317 120 26 according
1841 2319 21 19 to

1279 2345 38 21 the
1333 2344 66 22 value
1418 2344 26 22 of
1463 2345 38 21 the
1523 2343 113 27 buildings
1657 2343 111 28 proposed
1788 2347 23 17 to
1835 2343 27 22 be

1280 2368 107 25 erected.'
1395 2369 4 13 l
1403 2369 76 30 Apply
1488 2375 23 17 to

1371 2403 5 4 *
1396 2401 3 6 '
1441 2398 22 21 J.
1478 2398 25 22 T.
1518 2397 146 26 Wicksteed,
1676 2404 25 14 or

1441 2425 35 21 W.
1491 2425 28 21 V.
1533 2425 108 26 Brewer,
1657 2425 193 20 Manners-street.

1281 2469 67 48 TO
1363 2469 39 21 BE
1417 2469 66 26 LET,
1499 2469 36 22 the
1553 2471 61 19 town
1632 2476 50 15 acre
1698 2469 45 21 No.
1754 2470 50 25 210,
1829 2476 29 13 on

1353 2495 102 28 building
1464 2495 66 27 lease,
1538 2495 36 22 for
1582 2496 104 21 fourteen
1697 2503 70 20 years.

1306 2522 34 21 To
1349 2522 27 21 be
1387 2523 31 20 let
1425 2530 25 13 or
1459 2523 54 26 sold,
1524 2523 37 20 the
1572 2525 59 18 town
1639 2530 51 13 acre
1700 2523 43 20 No.
1754 2523 47 20 642.

1550 2556 22 21 J.
1587 2556 28 21 T.
1629 2556 144 26 Wicksteed,

1613 2582 222 22 Hawkstone-street.

1448 2628 89 21 Beach
1550 2629 145 25 Frontage.

1283 2661 67 32 rpO
1359 2661 39 22 BE
1412 2661 86 26 SOLD,
1506 2662 24 21 in
1538 2660 42 22 lots
1591 2660 27 21 of
1624 2663 39 18 not
1671 2659 43 22 less
1722 2660 54 23 than
1785 2662 28 19 20
1819 2660 46 21 feet

1289 2682 29 27 X
1368 2688 25 21 in
1410 2688 100 26 breadth,
1530 2688 36 21 the
1587 2686 71 22 whole
1677 2687 26 21 of
1723 2686 38 22 the
1780 2687 84 22 section

1283 2714 41 22 No.
1332 2715 48 21 485-
1384 2722 29 14 on
1423 2714 37 22 the
1468 2714 53 23 Plan
1532 2714 25 21 of
1561 2713 38 22 the
1608 2714 71 21 Town
1688 2714 24 21 of
1719 2713 144 27 Wellington,

1282 2740 82 28 having
1373 2741 112 27 frontages
1494 2748 59 20 upon
1564 2740 181 28 Lambton-quay
1751 2740 44 21 and
1804 2747 60 20 upon

1283 2767 238 28 Wellington-terrace.
1550 2766 110 23 One-half
1668 2769 27 25 ,ot
1710 2766 38 23 the
1757 2767 108 27 purchase

1283 2802 80 20 money
1370 2795 44 21 will
1423 2796 27 21 be
1458 2794 92 26 allowed
1559 2798 21 17 to
1587 2792 86 23 remain
1670 2794 4 7 1
1680 2801 61 19 upon
1751 2797 113 24 mortgage

1283 2822 33 20 for
1324 2822 44 21 five
1377 2829 71 19 years,
1454 2834 3 3 ■
1465 2825 31 18 at-
1503 2823 25 20 10
1542 2828 40 20 per
1596 2824 58 18 cent.
1683 2820 79 22 Terms
1770 2828 53 20 may
1837 2822 27 21 be

1282 2848 91 22 learned
1383 2856 28 14 on
1422 2848 132 28 application
1565 2851 22 18 to

1547 2881 99 23 Hanson
1662 2881 45 22 and
1721 2881 118 22 Alzdorf:

1416 2928 87 20 Town
1517 2928 76 20 Land
1604 2927 43 20 for
1662 2926 68 21 Sale.
1763 2928 2 5 '

1284 2960 90 33 npHE
1389 2960 71 22 whole
1477 2961 25 21 of
1515 2963 60 19 town
1584 2961 96 21 sections
1695 2960 54 22 Nos.
1759 2960 47 26 285,
1818 2961 46 25 106,

1291 2982 28 27 X
1357 2987 44 22 and
1417 2988 48 26 878,
1476 2987 44 22 and
1533 2990 49 24 part
1592 2987 27 21 of
1631 2991 60 17 town
1705 2987 104 21 sections.
1816 2987 48 26 204,

1282 3015 46 25 248,
1340 3014 45 22 and
1398 3015 41 21 528
1455 3022 38 14 are
1505 3013 82 23 offered
1596 3014 35 21 for
1640 3013 53 22 sale.
1722 3013 59 22 Half
1791 3013 26 21 of
1827 3013 38 21 the

1281 3040 108 28 purchase
1404 3044 114 24 moneyito
1526 3041 86 21 remain
1624 3047 28 15 on
1667 3043 121 24 mortgage,
1801 3042 23 19 at
1839 3041 26 20 10

1283 3074 38 21 per
1330 3071 58 18 cent.
1415 3068 47 22 For
1469 3067 136 29 particulars,
1617 3067 67 28 apply
1691 3070 23 18 to

1550 3100 99 22 Hanson
1662 3100 45 21 and
1721 3100 117 21 Alzdorf.

1396 3147 122 26 Country
1532 3146 77 22 Land
1624 3146 41 20 for
1679 3146 68 20 Sale.

1284 3180 66 49 TO
1366 3180 38 21 BE
1418 3180 79 25 S.OLD
1514 3180 35 21 IN
1562 3179 82 27 LOTS;
1660 3175 31 25 to'
1700 3179 44 21 suit
1757 3178 37 22 the
1811 3185 53 15 con-

1357 3207 108 22 venience
1476 3206 166 28 ofpurchasers,
1651 3205 44 22 No.
1703 3207 13 19 3
1725 3205 24 22 in
1758 3205 37 22 the
1805 3208 59 19 town

1283 3233 90 27 district,
1384 3234 44 21 No.
1437 3235 29 20 44
1474 3234 24 21 in
1507 3233 36 22 the
1557 3232 61 22 Hutt
1628 3232 91 26 district,
1730 3232 45 21 and
1784 3232 44 21 No.
1839 3234 25 19 68

1272 3260 35 21 ■in
1323 3260 37 21 the
1378 3260 94 23 Porirua
1489 3260 84 21 district
1580 3267 6 14 :
1601 3259 50 22 half
1662 3258 26 22 of
1704 3258 37 22 the
1757 3258 107 28 purchase

1283 3294 82 20 money
1373 3287 49 22 will
1431 3288 29 21 be
1469 3286 92 23 allowed
1576 3289 22 19 to
1607 3285 86 22 remain
1704 3292 29 15 on
1742 3289 121 23 mortgage,

1284 3317 23 18 at
1317 3315 25 20 10
1350 3321 40 20 per
1399 3312 61 24 cent.'
1485 3314 45 21 For
1537 3312 138 29 particulars,
1686 3312 66 28 apply
1762 3315 22 18 to

1552 3347 97 21 Hanson
1662 3346 45 22 and
1721 3346 117 22 Alzdorf.

1303 3393 85 20 Town
1403 3393 54 20 and
1472 3393 121 24 Country
1607 3392 77 20 Land
1698 3392 30 20 to
1743 3391 32 21 be
1791 3391 58 21 Let.

1286 3425 164 50 SECTIONS
1467 3424 45 22 and
1527 3425 100 26 portions
1643 3424 31 22 of'
1682 3423 104 22 Sections'
1797 3423 24 22 in
1837 3423 29 22 all

1352 3455 61 24 parts
1429 3452 31 21 of-
1470 3452 37 21 the
1525 3452 79 20 Town-
1614 3450 26 22 of
1653 3450 146 27 Wellington,
1819 3450 46 21 also

1284 3480 98 26 Country
1392 3479 100 22 Sections
1505 3478 25 21 in
1539 3478 38 21 the
1593 3477 96 22 districts
1706 3477 27 21 of
1744 3476 38 22 the
1798 3476 66 28 Hutt,

1284 3506 37 25 the
1333 3502 134 30 Kaiori/the
1477 3504 76 28 Ohiro,
1565 3504 45 21 and
1623 3504 37 21 the
1674 3503 98 22 Porirua.
1792 3502 73 28 .Long

1283 3533 69 21 leases
1363 3532 26 21 of
1395 3532 37 22 the
1436 3528 106 30 'country
1552 3530 54 22 land
1681 3530 28 21 be
1724 3529 94 27 granted
1836 3537 28 14 on

1283 3558 128 23 reasonable
1422 3562 74 18 terms.
1524 3558 44 21 For
1576 3556 131 28 particulars
1716 3556 67 28 apply
1791 3559 24 18 to

1309 3590 97 22 Hanson
1416 3590 47 22 and
1476 3590 113 25 Alzdorf,
1599 3587 199 28 Thprndo.n-quay,
1808 3594 25 14 or
1843 3590 21 18 to

1309 3614 94 25 Robert
1413 3613 100 30 Stokes,'
1518 3615 63 22 Land
1596 3615 111 26 Surveyor
1722 3613 46 22 and
1780 3614 83 27 Agent,

1372 3640 18 22 '-
1416 3640 3 8 '
1445 3645 8 7 '•
1464 3641 216 23 Woolcomb-street.
1733 3639 3 7 '
1807 3642 14 26 \

1281 3688 80 23 PORT
1590 3685 68 22 AND
1669 3677 5 4 '
1681 3685 183 23 WANGANUI.

1394 3721 90 21 Lands
1494 3722 27 18 to
1531 3720 33 20 be
1575 3720 50 20 Let
1635 3725 30 14 or
1675 3719 72 20 Sold.

1283 3754 165 51 SEVERAL,
1465 3754 69 21 Town
1552 3752 44 21 and
1610 3752 100 27 Country
1728 3752 96 22 sections
1841 3753 24 22 in

1345 3781 38 22 the
1396 3782 53 21 Port
1458 3779 121 22 Nicholson
1597 3779 91 26 district,
1704 3779 45 22 and
1767 3780 98 26 Country

1281 3808 95 23 sections
1382 3808 24 21 in
1415 3808 38 21 the
1462 3806 126 27 Wanganui
1597 3805 91 22 district
1699 3805 53 22 with
1761 3806 37 21 the
1806 3806 61 27 right

1281 3835 26 22 of
1326 3834 62 28 early
1406 3834 87 22 choices
1511 3832 80 27 (under
1607 3832 35 27 14)
1661 3833 25 20 of
1706 3831 39 23 the
1759 3833 107 23 intended

1275 3862 115 26 .township
1397 3860 68 27 there,
1473 3863 23 18 to
1501 3859 28 22 be
1533 3859 49 22 sold
1588 3866 27 14 or
1620 3859 38 21 let.
1679 3874 2 5 .
1686 3859 45 21 For
1737 3859 128 28 particulars

1281 3888 46 22 and.
1335 3892 74 23 terms,
1420 3887 66 27 apply
1496 3890 23 17 to

1465 3913 92 22 Robert
1571 3912 29 21 R.
1615 3912 99 27 Strang,
1729 3911 109 23 Solicitor.

1308 3941 145 27 Wellington,
1463 3940 58 23 Nov.
1531 3940 33 27 25,
1575 3940 52 21 1841

2110 717 117 21 Wanted

1885 749 50 48 A
1949 748 71 23 MAN
2034 749 44 22 and
2092 749 36 22 his
2142 749 82 23 WIFE
2238 757 24 15 as
2276 750 66 22 house
2356 753 104 20 servants.

1972 776 73 28 Apply
2053 779 23 18 to
2085 776 45 22 Mr.
2141 774 80 30 Watt^
2232 777 146 27 Berhampore
2387 778 72 21 Farm.

2108 828 126 25 Wanted,
2350 842 4 6 ,
2412 844 5 5 .
2445 844 4 3 .

1885 859 49 48 A
1947 859 132 23 NUMBER
2093 860 39 22 OF
2149 860 153 22 WHALERS
2311 864 23 18 to
2344 868 85 20 engage
2438 861 23 21 in

1962 886 104 22 Barrett's
2077 887 91 26 Fishery
2178 890 24 18 at
2210 887 117 23 Taranaki.
2355 887 76 28 Apply
2439 890 23 18 to

2036 919 252 28 Ridgwaysj-Guyton,
2304 920 43 21 and
2362 920 71 22 Earp.

1919 992 4 5 
1980 973 18 23 f
2070 972 93 20 James
2177 972 101 26 Spiers,
2309 988 2 5 .
2325 981 5 2 -

1884 1005 188 22 PROSPECT
2094 1006 211 22 BOARDING
2328 1006 134 27 HOUSE,

1966 1039 127 15 GDILDFORD
2107 1040 110 19 TERRACE}
2227 1040 54 14 HILL
2297 1040 97 20 STREET,'

1937 1066 28 20 In
1984 1066 35 20 the
2036 1072 49 14 rear
2102 1067 27 24 of
2133 1067 44 24 ,Dr
2174 1086 5 6 s
2178 1081 6 6 .
2203 1066 89 21 Evans's
2305 1067 109 20 residence.

1889 1109 3 3 •
2063 1107 74 15 TERMS
2151 1107 130 15 MODERATE.
2322 1120 6 3 .
2376 1103 6 20 1

1892 1143 97 22 TOHN
2011 1144 110 27 HALES,
2146 1145 198 26 Cabinet-maker,
2372 1144 92 27 Uphojc,-

1884 1175 41 16 V'
1947 1178 92 19 sterer,
2043 1167 13 12 /s
2056 1171 189 26 Paper-hanger,
2261 1171 103 26 &c.'&c,
2377 1171 54 25 beg
2428 1171 36 25 3to

1884 1199 76 19 return
1969 1197 34 21 his
2012 1197 84 21 sincere
2107 1197 81 21 thanks
2198 1200 25 19 to'
2236 1197 35 22 Ms
2279 1197 84 22 friends
2373 1197 49 22 and'
2426 1197 38 21 the

1884 1223 75 28 public
1978 1223 25 21 of
2014 1223 53 22 Port
2085 1223 123 22 Nicholson
2222 1223 115 32 generally
2407 1223 59 21 their

1885 1249 54 23 kind
1954 1253 125 24 patronage,
2095 1250 44 21 and
2154 1250 31 22 in*
2194 1250 111 27 soliciting
2318 1250 59 21 their
2389 1250 75 22 future

1886 1279 95 24 support,
1998 1276 61 22 takes
2069 1276 43 22 this
2127 1277 144 31 opportunity^
2284 1277 25 21 of
2322 1276 144 27 announcing

1886 1302 47 22 that
1942 1302 29 22 he
1983 1302 89 22 intends
2081 1303 97 26 keeping
2187 1310 14 14 a
2210 1303 155 22 considerable,
2371 1303 62 21 stock
2443 1303 25 21 of

1886 1329 107 21 seasoned
2002 1329 62 21 wood
2074 1329 26 21 of
2106 1328 30 22 all
2146 1329 144 28 descriptions
2304 1336 29 14 on
2341 1329 69 27 hand,
2421 1329 45 22 and

1886 1362 44 20 any
1946 1355 74 22 orders
2038 1355 72 22 which
2128 1355 54 28 they
2198 1363 52 20 may
2256 1356 79 27 'please
2344 1358 31 19 'to
2387 1356 79 22 favour

1886 1381 46 22 him
1941 1382 53 21 with
2003 1382 43 22 will
2093 1382 117 28 diligently
2219 1382 108 23 executed
2337 1389 34 15 on-
2375 1389 90 15 reason-

1887 1409 48 21 able
1945 1411 75 19 terms.
2308 1419 2 5 •
2337 1418 3 3 •
2351 1411 4 8 '

1912 1442 58 22 N.B.
1971 1454 27 4 —
1999 1443 21 21 A
2031 1442 90 28 turning
2126 1442 60 23 lathe
2197 1445 34 20 ori.
2235 1443 38 22 the
2283 1442 121 29 premises.'

1915 1475 191 28 Ingestrie-streetj
2117 1477 33 21 Te
2159 1477 47 21 Aro
2216 1477 56 21 Flat.

1887 1527 197 48 WNEAL,
2104 1529 88 22 Watch
2214 1528 46 22 and
2279 1529 75 21 Clock
2370 1528 94 26 Maker,

1959 1565 11 10 •
2013 1554 53 27 begs
2084 1554 143 27 respectfully
2242 1558 24 18 to
2283 1555 83 21 inform
2381 1554 38 21 the
2432 1554 34 21 in-

1888 1577 111 25 habitants
2017 1581 25 21 of
2057 1581 54 21 Port
2265 1581 47 26 &c,
2329 1581 49 21 that
2385 1580 28 22 he
2427 1580 40 22 has

1889 1607 104 23 removed
2005 1607 33 21 his
2051 1607 101 22 business
2168 1607 50 22 S.E.
2229 1607 27 22 of,
2266 1608 89 22 Messrs.
2366 1607 101 21 Bethune

1890 1634 43 21 and
1944 1632 113 33 Huhter'sj
2069 1634 45 22 and
2122 1634 76 27 hopes,
2208 1634 30 27 by
2248 1634 61 21 strict
2318 1634 115 26 attention,
2445 1636 22 22 (o

1890 1661 65 21 merit
1970 1668 12 14 a
1999 1664 146 18 continuance
2161 1661 26 21 of
2201 1660 58 22 their
2273 1660 95 27 favours,
2385 1660 82 27 having

1890 1687 78 22 had'2o
1979 1687 69 27 years'
2059 1687 131 28 experience
2199 1687 24 21 in
2232 1687 101 22 London.
2360 1701 6 4 -

1917 1714 39 21 AH
1973 1714 65 21 kinds
2053 1714 26 21 of
2090 1714 95 27 foreign,
2201 1714 89 26 British,
2305 1713 99 27 musical,
2424 1712 45 24 and

1890 1740 213 29 repeating'watches
2109 1741 45 21 and
2163 1741 82 27 clocks,
2253 1736 44 26 and
2305 1740 164 22 chronometers

1891 1768 92 22 cleaned
1992 1768 43 21 and
2044 1766 107 29 repaired.

1997 1801 56 22 N.B.
2054 1812 29 4 —
2083 1801 102 22 Musical-
2189 1801 70 22 boxes
2266 1800 109 28 repaired.

1891 1846 38 20 To
1939 1846 45 21 the
1994 1846 160 20 Mercantile
2165 1846 55 19 and
2236 1845 132 26 Shipping
2382 1845 87 20 Inter-

2011 1874 55 19 ests
2078 1872 29 21 of
2119 1873 65 20 Port
2193 1872 158 21 Nicholson.

1892 1905 153 34 rpHOMAS
2062 1905 106 22 BEVAN
2185 1905 46 21 and
2246 1904 82 27 SONS,
2339 1904 57 22 New
2412 1904 59 22 Zea-

1898 1926 28 28 X
1951 1940 59 14 LAND
2029 1939 57 14 ROPE
2104 1939 47 14 AND
2170 1939 73 15 TWINE
2267 1938 202 19 MANUFACTURERS,

1891 1959 41 26 beg
1947 1962 23 18 to
1978 1959 81 24 inform
2069 1958 57 22 their
2135 1958 85 22 friends
2231 1959 45 21 and
2285 1958 36 22 the
2330 1958 82 30 public,
2424 1957 47 21 that

1890 1985 52 27 they
1951 1985 57 22 have
2022 1985 107 23 removed
2144 1988 22 18 to
2182 1985 57 21 their
2255 1992 56 14 new-
2319 1985 107 25 premises
2441 1990 28 14 on

1891 2011 195 26 Lambton-quay,.
2091 2016 79 15 corner
2185 2010 27 21 of
2226 2009 156 28 Willis-street,
2398 2010 73 22 where

1891 2045 66 20 every
1966 2037 75 22 article
2050 2037 24 21 in
2081 2036 38 24 the
2128 2036 71 22 above
2208 2036 74 22 trades
2291 2042 51 21 may
2350 2037 29 21 be
2387 2036 46 22 had
2441 2044 30 14 on

1891 2064 35 22 the
1936 2064 95 22 shortest
2039 2063 82 25 notice.

1917 2091 91 26 Fishing
2017 2093 55 24 nets,
2082 2092 65 24 mats,
2158 2089 48 27 &c,
2217 2089 65 23 made
2292 2089 45 22 and
2344 2089 109 28 repaired.

1917 2124 25 23 T.
1952 2125 25 21 B.
1988 2124 44 22 and
2043 2124 55 21 Sons
2109 2130 37 15 are
2153 2123 69 27 ready
2232 2126 23 19 to
2264 2124 123 21 undertake
2394 2126 78 25 export

1891 2151 75 22 orders
1975 2154 23 19 to
2007 2159 43 19 any
2060 2153 84 23 extent,
2155 2157 29 15 on
2194 2150 129 22 reasonable
2333 2153 76 19 terms.

1917 2185 126 22 November
2051 2186 34 25 30,
2097 2185 60 20 1841.
2175 2181 4 4 *

1893 2230 38 21 To
1953 2230 45 21 the
2018 2230 166 24 Merchants,
2206 2230 195 25 Ship-owners,
2418 2229 54 25 &c,

2043 2256 31 20 of
2085 2256 66 20 Port
2164 2256 159 21 Nicholson.

1892 2288 44 47 11
1966 2288 30 22 D.
2017 2288 104 22 PRATT
2144 2288 54 27 begs
2213 2291 59 18 most
2288 2287 144 28 respectfully
2450 2289 22 20 to

1924 2331 2 4 .
1939 2324 12 11 •
1980 2317 75 19 return
2071 2315 34 21 his
2116 2314 82 22 thanks
2214 2315 35 21 for
2266 2314 38 22 the
2316 2315 90 21 favours
2421 2321 53 15 con-

1954 2341 72 22 ferred
2041 2349 30 15 on
2085 2341 55 27 him,
2151 2341 66 21 while
2231 2342 25 20 in
2272 2341 139 27 partnership
2420 2340 54 22 with

1893 2368 42 21 Mr.
1945 2368 28 22 T.
1983 2368 82 27 Bevan,
2078 2368 45 21 and
2131 2368 54 26 begs
2195 2371 22 18 to
2227 2368 81 21 inform
2318 2367 62 22 them
2388 2367 49 22 that
2445 2367 30 22 be

1893 2394 18 22 is
1921 2402 50 14 now
1980 2395 178 26 manufacturing
2166 2402 72 24 ropeSj
2248 2395 63 26 lines;
2322 2394 74 26 twine,
2407 2394 27 21 of
2444 2393 31 22 all

1882 2441 4 3 .
1894 2422 143 27 descriptions
2045 2430 5 19 ;
2066 2425 57 18 mats
2137 2422 26 21 of
2175 2421 31 23 all
2222 2429 63 19 sizes,
2305 2422 39 21 &c.
2357 2430 3 4 •
2382 2420 93 27 Fishing

1893 2451 49 18 nets
1961 2448 63 22 made
2041 2448 45 22 and
2103 2448 109 27 repaired,
2230 2448 46 24 and
2293 2455 67 19 every
2378 2447 56 22 kind
2452 2446 32 22 of'

1894 2474 76 22 article
1983 2476 23 20 in
2023 2475 37 21 the
2076 2475 73 24 above,
2161 2474 54 27 line,
2232 2474 32 22 all
2270 2474 64 22 -from
2350 2474 59 22 New,
2419 2474 57 21 Zea-

1893 2502 54 21 land
1962 2501 52 27 flax,
2025 2502 45 21 and
2083 2509 29 14 on
2123 2501 37 22 the
2165 2504 64 23 .most
2236 2500 130 23 reasonable
2377 2500 99 28 charges.

1896 2535 41 22 No.
1954 2536 20 26 1,
1998 2535 229 27 Molesworth-street,
2254 2535 145 26 Wellington,
2424 2535 53 21 Port

2116 2562 134 21 •Nicholson.

1895 2603 207 52 AHEWITT,
2112 2606 162 26 Fishmonger,
2285 2606 111 22 Lambton
2404 2607 72 26 Quay,

1949 2644 10 10 •
1976 2633 143 27 Wellington,
2126 2636 89 19 returns
2224 2630 35 24 his
2268 2633 84 21 sincere
2363 2632 81 22 thanks
2454 2636 23 18 to

1894 2660 37 21 the
1949 2659 136 22 inhabitants
2104 2660 26 21 of
2150 2659 44 22 this
2213 2660 86 27 Colony
2314 2660 35 21 for
2367 2659 38 22 the
2423 2667 55 19 very

1893 2686 78 22 liberal
1989 2689 90 25 support
2093 2686 30 21 he
2137 2681 43 26 lia'a
2193 2686 99 22 hitherto
2305 2686 110 27 received,
2432 2686 46 22 and

1894 2713 53 28 begs
1957 2716 23 18 to
1987 2713 83 22 inform
2079 2712 62 23 them
2151 2713 48 22 that
2213 2712 27 22 he
2250 2712 41 23 has
2299 2712 66 23 made
2374 2720 104 20 arrange-

1895 2743 73 18 ments
1982 2740 35 21 for
2034 2747 14 14 a
2062 2742 103 19 constant
2180 2737 89 30 supply'
2279 2739 26 22 of
2324 2740 39 21 the
2381 2739 98 22 choicest

1895 2766 101 23 varieties
2005 2766 25 21 of
2039 2766 50 27 fish,
2106 2766 74 22 which
2196 2767 28 20 he
2240 2766 139 28 confidently
2392 2773 86 15 recom-

1895 2793 78 22 mends
1982 2796 22 19 to
2014 2793 37 22 the
2059 2793 76 27 public
2145 2800 23 14 as
2173 2793 69 26 being
2250 2793 26 21 of
2286 2792 37 23 the
2330 2793 50 21 best
2385 2792 93 28 quality.

1922 2827 82 22 Orders
2012 2827 34 21 for
2055 2827 104 28 shipping
2166 2823 112 31 received^
2293 2826 44 22 and
2346 2826 132 28 punctually

1895 2853 106 23 attended
2009 2857 30 19 to.
2250 2850 3 6 '
2286 2869 6 11 ,
2373 2874 3 3 .
2432 2873 5 3 .

1999 2881 3 7 '
2033 2900 4 4 .
2048 2888 98 14 OYSTERS
2159 2887 73 15 FRESH
2246 2887 77 15 DAILY.

1922 2914 63 28 Also,
1996 2921 14 14 a
2015 2914 83 27 .supply
2107 2913 28 23 of,
2147 2912 127 28 vegetables
2290 2912 59 23 fresh
2361 2912 61 22 from
2439 2912 39 22 the

1895 2941 84 28 garden
1989 2940 66 29 daily.
2126 2953 4 4 •
2152 2955 5 4 -
2167 2954 3 5 .
2192 2952 4 3 ■

1980 2977 23 4 ~
2114 2991 142 26 H..READ,
2281 3011 3 4 .
2422 2982 35 26 V'

2029 3027 118 21 Tinman
2156 3027 55 20 and
2220 3026 119 25 Brazier,
2426 3028 3 2 '
2459 3034 2 4 ■

1971 3060 61 22 Near
2040 3060 38 21 the
2089 3059 154 27 Court-house,
2255 3059 147 27 Wellington.

1957 3109 2 7 '
2005 3124 3 4 -
2036 3110 142 22 CHARLES
2194 3110 139 28 HARVEY,
2413 3115 5 7 '
2459 3097 19 5 ~

2100 3144 101 25 Tailor,
2216 3145 55 25 &c,

2008 3198 3 2 .
2021 3178 114 26 Adjoining
2149 3178 71 20 Kumu
2236 3179 51 20 Toto
2296 3179 59 26 ,Pah,

1884 3209 3 4 '
2108 3219 159 20 WELLINGTON,
2292 3224 3 3 •

1896 3246 105 49 BEGS
2015 3248 23 19 to
2053 3248 78 19 return
2148 3245 122 26 thanks£to
2286 3246 38 23 the
2340 3249 81 25 gentry
2434 3246 45 22 and

1938 3274 4 19 !
1970 3272 74 28 public
2055 3272 23 21 of
2086 3272 59 22 New
2154 3272 101 23 Zealand
2264 3274 35 21 for
2306 3274 37 21 the
2351 3276 90 25 support
2450 3273 29 22 he

1895 3300 40 21 has
1949 3299 107 22 received'
2065 3298 58 23 from
2140 3299 62 22 them
2217 3300 61 22 since
2292 3300 28 22 he
2326 3318 4 4 ,
2335 3299 144 23 commenced

1895 3326 107 27 business,
2020 3325 44 22 and
2082 3326 29 21 he
2129 3333 86 15 assures
2231 3326 62 23 them
2308 3327 49 22 that
2372 3327 17 21 it
2408 3326 18 21 is
2443 3325 36 22 his

1895 3353 111 22 intention
2015 3356 22 18 to
2047 3352 105 22 continue
2161 3353 35 21 his
2212 3357 60 18 most
2286 3356 116 19 strenuous
2416 3359 63 14 exer-

1896 3380 58 21 tions
1963 3383 22 18 to
1996 3379 65 22 merit
2070 3387 13 14 a
2092 3380 149 22 continuance
2251 3380 27 22 of
2284 3380 56 21 their
2349 3382 129 24 patronage.

1911 3413 35 21 •C.
1958 3413 27 21 EL
1996 3411 62 23 takes
2074 3412 44 22 this
2138 3413 143 27 opportunity
2297 3413 24 21 of
2332 3412 81 26 stating
2430 3410 54 22 that'

1895 3439 34 22 his
1938 3439 63 22 stock
2011 3439 93 22 consists
2113 3439 26 22 of
2151 3446 14 14 a
2172 3439 59 27 good
2239 3439 89 26 variety
2334 3438 27 22 of
2366 3437 112 28 superfine

1896 3465 77 28 cloths,
1984 3465 109 28 doeskins,
2090 3472 5 9 1
2109 3467 96 25 tweeds,-
2215 3465 125 27 moleskins,
2351 3464 125 26 velveteen,

2041 3493 40 21 &c.
2092 3493 40 21 &c.
2134 3509 17 12 v
2156 3493 45 21 and
2215 3493 37 25 his.
2267 3492 91 26 charges
2369 3491 46 26 (fbr
2428 3492 49 20 cash

1895 3521 57 25 only)
1964 3519 120 23 moderate.
2113 3516 129 26 .*'."".

2102 3570 163 22 Education;

1897 3605 142 49 HENRY
2055 3603 168 23 ATKINSON-
2231 3599 54 30 begs
2299 3601 64 23 leave
2372 3604 59 19 most
2443 3608 36 16 re-

1964 3650 6 5 ,
1983 3631 117 28 spectfully
2115 3634 23 18 to
2154 3630 82 22 inform
2252 3630 39 20 the
2305 3627 136 23 inhabitant's
2455 3628 26 22 of

1898 3659 140 27 Wellington,
2053 3658 49 21 that
2114 3657 30 22 he
2159 3657 42 21 has
2219 3655 86 28 opened
2323 3662 21 18 a.
2354 3654 76 22 school
2449 3662 30 15 on

1895 3686 121 21 Thorndon
2098 3684 23 22 in
2137 3683 41 22 the,
2182 3690 50 15 rear
2232 3679 36 25 .o?
2280 3681 106 23 Barrett's
2401 3681 77 28 Hotel,

1895 3713 34 21 for
1943 3712 38 21 the
1997 3718 93 21 purpose
2109 3710 26 22 of
2149 3707 113 28 'teaching'
2269 3707 101 27 reading,.
2375 3708 102 27 -writing,

1897 3739 130 26 arithmetic,
2034 3737 52 24 -and
2100 3735 106 28 practical
2218 3734 160 27 mensuration,
2396 3742 30 14 on
2439 3735 39 21 the

2081 3759 120 30 following,
2208 3765 80 19 terms.:
2301 3761 10 15 '•
2343 3779 4 10 _,
2444 3763 9 30 \

1923 3799 107 27 Reading,
2038 3796 72 23 under
2118 3795 14 24 7
2140 3803 65 20 years
2213 3795 27 22 of
2246 3801 48 21 age,
2302 3791 84 31 6dl^er
2393 3786 71 31 week\

2039 3824 70 21 above
2118 3822 56 24 that,
2179 3829 41 19 age
2222 3836 8 13 ?
2236 3835 43 7 r...
2302 3822 38 21 Is.-
2392 3821 37 22 do.
2460 3833 7 3 -

1923 3852 62 22 With
1991 3850 104 27 Writing.
2101 3847 6 23 '.
2250 3862 7 13 ,
2264 3846 17 32 .\
2301 3849 31 20 Is.
2340 3847 37 22 6d.
2392 3848 37 21 do.
2442 3871 3 3 .

1886 3883 16 14 o
1992 3876 138 23 Arithmetic
2142 3874 99 21 .:•....'.:
2250 3889 6 6 .
2257 3879 5 9 v
2264 3889 5 6 .
2278 3880 3 8 '
2299 3875 33 21 2s.
2361 3888 3 4 -
2391 3874 36 22 do.
2455 3882 4 6 •

1923 3904 66 23 With'
1994 3902 108 24 Practical
2118 3901 156 23 Mensuration
2301 3902 30 23 2s.
2339 3900 95 30 Gckjttar

1897 3937 120 24 Thorndon
2027 3936 56 27 Flat,
2093 3934 80 24 March
2184 3936 22 27 1,
2215 3936 59 22 1842.
2386 3931 11 27 ',
2403 3930 17 30 'v
2470 3946 5 7 •

752 721 95 21 Union
860 721 79 21 Bank
953 720 30 21 of
999 719 148 22 Australia.

658 755 96 23 London
773 755 93 25 Office,
881 754 45 22 No.
939 755 36 25 38,
993 753 50 22 Old
1059 753 184 21 Broad-street.

714 781 93 28 Capital,
818 781 120 27 £800,000;
959 777 52 31 paid
1018 787 38 20 up,
1072 779 117 26 j£50O;000.

894 811 108 13 DIRECTORS
1007 811 5 12 !
1059 817 3 3 ■
1071 821 5 3 .
1115 813 3 5 •
1143 805 6 13 '"
1157 814 5 5 '

735 837 3 3 ■
766 829 68 20 George
841 828 38 17 Fife
886 828 68 21 Angas,
961 828 49 24 Esj.,

764 850 70 16 Robert
841 849 73 19 Brooks,
924 847 48 21 EsqJ,
979 865 4 4 .
997 849 6 17 ,'

765 871 62 16 James
834 870 48 16 John
889 870 100 17 Cummins,
997 868 47 19 Esq.,

765 891 69 17 Robert
841 891 94 18 Gardener,
947 889 49 20 Esq.,
1007 888 121 19 Manchester,

764 912 50 16 John
821 912 47 15 Gore
882 910 49 19 Esq.,

746 929 2 5 '
764 932 49 16 John
820 931 80 16 William
907 930 75 18 Buckle,
987 929 48 21 Esq.,
1059 936 3 3 ■
1121 945 7 5 _,
1143 937 3 3 ■

765 950 97 22 Benjamin
868 952 21 15 E.
896 950 63 19 Lindo,
967 950 48 20 Esq.,
1246 963 5 5 .

766 972 73 17 Charles
848 971 74 17 Edward
929 970 87 21 Mangles,
1024 970 50 20 Esq.,

766 993 114 19 Christopher
887 992 83 18 Rawson,
978 991 48 20 Esq.,
1033 991 85 19 'Halifax,

765 1014 79 16 Thomas
851 1012 63 19 Sands,
922 1012 49 20 Esq.,
978 1011 100 21 liverpool,

765 1035 62 15 James
834 1033 55 19 Bogle
897 1032 64 19 Smith,
966 1032 49 20 Esq.,
1028 1037 2 3 •
1051 1046 4 5 ,
1065 1035 4 4 •

765 1055 62 16 James
834 1053 80 17 Ruddell
919 1052 57 20 Todd,
984 1052 42 21 Esq.

658 1076 87 16 Trustees
750 1080 5 12 :
771 1075 82 16 George
864 1074 56 16 Cakr.
931 1071 61 21 Giyn',
1004 1073 48 20 Esq.,
1062 1073 54 16 John
1126 1073 61 19 Gore,
1196 1073 49 20 Esq.,

807 1095 37 17 and
850 1094 90 17 James'J.
948 1094 98 19 Cummins,
1056 1094 44 20 Esq.

687 1117 83 16 Bankers
775 1121 4 12 :
791 1116 76 17 Messrs.
873 1112 60 22 Gxvn',
945 1115 114 19 Hallifax,
1067 1115 71 19 Mills,
1145 1114 36 16 and
1188 1114 31 17 Co.

780 1137 101 20 Secretary:
893 1136 83 16 Samuel
982 1134 96 21 Jackson/
1078 1134 48 21 Esq.

751 1157 81 17 Colonial
835 1157 105 21 .Inspector:
952 1157 18 16 J.
978 1157 18 16 C.
1003 1157 102 19 M'Lahxn,
1112 1156 44 20 Esq.

781 1206 70 19 New
869 1204 122 21 Zealand
1009 1204 114 21 Branch.

658 1232 56 17 Local
721 1233 91 16 Directors
818 1237 5 11 :
839 1232 46 16 Geo.
896 1232 18 16 S.
918 1231 79 18 'Evans,
1009 1231 49 20 Esq.,
1070 1230 69 19 D.C.1,.,
1151 1230 37 16 and
1199 1230 47 16 Geo.

874 1268 5 7 v
880 1253 91 18 Hunter,
984 1252 43 20 Esq.

659 1275 97 20 Manager:
768 1273 50 17 John
825 1273 71 18 Smith,
904 1273 48 20 Esq.,
960 1270 36 19 late
1003 1272 20 16 of
1031 1272 32 16 the
1070 1270 117 18 Commercial
1193 1270 54 17 Bank

828 1294 21 16 of
857 1293 222 21 England.-ManchesteE.
1107 1291 3 4 '
1116 1291 3 5 '
1215 1290 5 7 v

769 1315 114 21 Branches
894 1317 23 19 at
931 1314 98 27 Sydney,

932 1341 11 21 I
948 1341 72 21 lobart
1027 1340 78 27 Town,

933 1366 10 22 I
950 1369 131 24 .aunceston,
1093 1365 46 22 and

932 1393 55 22 Fort
995 1393 81 27 Philip.
1109 1388 3 7 '

660 1423 55 21 Port
723 1421 132 28 Nicholson,
865 1420 79 23 March
954 1421 35 26 24,
999 1421 62 20 1840.

661 1475 91 31 npHE
769 1475 115 22 Directors
900 1473 26 22 of
940 1473 40 22 the
995 1473 58 22 New
1068 1472 100 22 Zealand
1181 1471 67 23 Land

667 1494 30 30 X
735 1503 118 26 Company
865 1501 85 26 hereby
966 1500 50 27 give
1032 1500 80 26 notice,
1130 1500 48 20 that
1193 1499 54 27 they

659 1529 59 22 have
724 1536 114 14 effected
848 1535 29 14 an
888 1534 170 15 arrangement
1065 1526 54 22 with
1125 1526 38 22 the
1170 1526 77 21 Union

659 1556 67 22 Bank
740 1556 26 21 of
781 1554 121 27 Australia,
918 1554 44 22 No.
979 1555 34 25 38,
1027 1554 45 20 Old
1088 1553 158 25 Broad-street,

660 1583 103 26 London,
774 1582 35 22 for
819 1581 37 22 the
868 1580 167 22 establishment
1048 1580 27 22 of
1088 1587 14 14 a
1116 1579 132 23 BRANCH

660 1609 90 22 BANK
764 1609 35 21 IN
813 1608 72 22 NEW
900 1607 156 27 ZEALAND,
1069 1606 97 28 through
1175 1606 73 21 which

660 1636 38 22 the
707 1636 102 22 business
823 1635 26 21 of
861 1635 38 21 the
915 1634 57 22 New
988 1633 100 22 Zealand
1101 1633 65 21 Land
1182 1632 66 22 Com-

660 1670 62 20 pany
729 1663 47 21 will
783 1663 29 21 be
822 1661 133 22 transacted.
983 1660 47 22 The
1045 1660 115 22 Directors
1174 1659 74 22 there-

650 1707 3 5 ,
660 1689 48 23 fore
717 1689 147 22 recommend
872 1691 23 19 to
911 1687 109 23 Colonists
1035 1687 40 21 the
1091 1687 76 21 Union
1182 1686 67 21 Bank

661 1717 27 21 of
706 1716 115 22 Australia
838 1723 24 14 as
879 1722 29 15 an
933 1714 169 22 establishment
1122 1713 127 28 possessing

661 1743 58 22 their
735 1743 70 22 entire
828 1742 137 26 confidence,
985 1741 44 21 and
1047 1740 51 22 able
1115 1743 23 18 to
1156 1739 93 27 provide

661 1769 127 28 effectually
802 1769 37 22 for
854 1769 37 21 the
905 1768 105 22 financial
1024 1770 71 19 wants
1110 1767 27 21 of
1147 1766 38 22 the
1201 1766 48 22 first

661 1797 136 22 settlement.
881 1802 2 4 '
1100 1797 6 8 '

830 1823 35 26 By
875 1822 64 22 order
949 1821 27 22 of
985 1821 37 22 the
1031 1820 79 28 Board,

727 1860 8 12 *
906 1855 85 22 JOHN
1004 1854 104 27 WARD,
1124 1851 124 29 Secretary.

661 1884 58 22 New
728 1883 101 22 Zealand
838 1882 65 23 Land
911 1882 135 26 Company's
1055 1881 78 26 Office,
1147 1888 5 4 •
1161 1882 1 4 '

689 1912 20 22 1.
721 1910 159 25 Adanv-street,
891 1908 105 28 Adelphi,
1006 1908 53 24 27th
1067 1908 60 25 Aug.
1145 1905 83 24 1839."''

832 1955 68 21 Port
913 1954 30 21 of
959 1954 124 20 London.

872 1994 44 14 the
936 1987 94 21 Public.
1030 1996 29 4 —
1059 1985 125 25 Trayellers
1204 1984 55 30 anjjU

661 2009 315 29 o'tlrers-'who^ffd'-baggage,
988 2011 194 26 works'o'f'ar^of
1185 2010 64 22 other

661 2039 67 22 value
736 2042 106 25 property
852 2042 22 18 to
884 2037 111 28 England,
1013 2037 81 21 should
1107 2037 93 26 consign
1210 2036 38 22 the

661 2066 112 27 packages
782 2069 23 18 to
816 2068 38 19 the
865 2072 49 14 care
921 2064 24 22 of
952 2072 14 13 a
971 2063 99 23 licensed
1078 2063 170 22 Custom-house

662 2095 74 25 agent,
753 2100 24 14 as
794 2092 87 22 articles
896 2098 37 14 are
949 2090 128 28 frequently
1089 2089 96 28 injured,
1203 2089 46 21 and

661 2119 103 22 needless
774 2126 98 20 expense
886 2117 110 27 incurred,
1013 2117 35 21 for
1115 2120 61 20 want
1192 2116 26 22 of
1235 2124 14 13 a

661 2153 82 20 proper
752 2152 81 21 person
844 2149 23 17 to
877 2145 51 21 take
938 2144 79 27 charge
1028 2143 25 22 of
1069 2143 62 21 them
1146 2150 28 14 on
1190 2143 59 21 their

663 2173 87 24 arrival,
762 2172 44 22 and
816 2179 37 14 see
867 2171 61 22 them
945 2170 97 27 entered,
1062 2169 123 27 examined,
1204 2169 45 21 and

662 2199 109 27 carefully
785 2198 118 31 repacked.
936 2197 49 22 The
1004 2197 81 26 charge
1101 2197 17 21 is
1134 2196 37 22 the
1187 2203 61 15 same

662 2225 100 24 whether
771 2233 24 14 so
806 2224 122 27 consigned
937 2232 25 14 or

714 2258 171 23 Custom-house
895 2258 116 26 Chamber,
1022 2257 102 26 London,

754 2282 3 5 '
1086 2282 3 6 '
1215 2296 4 3 -
1241 2302 4 2 -

663 2312 140 49 DEVOY
814 2312 46 22 and
869 2308 53 30 CO!,
936 2313 46 20 who
995 2319 37 13 are
1048 2313 35 19 the
1098 2311 152 21 LICENSED

745 2340 125 20 AGENTS
877 2340 28 24 of
913 2340 48 20 Her
967 2340 91 25 Majesty
1060 2342 5 9 7
1066 2346 12 13 s
1086 2339 164 20 Commissioners

662 2368 29 24 of
703 2368 99 24 Customs,
813 2368 42 19 and
867 2368 66 19 under
943 2368 63 25 heavy
1014 2368 63 19 bonds
1089 2366 37 25 for
1137 2366 34 20 the
1180 2366 70 25 safety

663 2395 28 25 qf
695 2397 104 24 property
817 2395 109 25 consigned
940 2397 21 18 to
976 2396 63 23 them,
1058 2394 44 27 beg
1119 2393 63 22 those
1194 2392 55 21 -who

663 2422 58 21 send
729 2422 111 27 packages
849 2425 23 18 to
882 2422 58 21 their
950 2429 56 19 care,
1021 2424 23 19 to
1053 2428 38 15 see
1101 2420 48 22 that
1157 2419 92 22 each«be

663 2448 115 28 distinctly
797 2448 94 22 marked
896 2446 32 12 '"
936 2448 80 22 Devoy
1035 2448 46 21 and
1099 2448 46 26 Co.,
1166 2446 84 21 Lower

663 2475 202 27 Thames-street,
1004 2475 45 21 and
1053 2474 38 22 the
1097 2474 39 22 bill
1143 2473 25 22 of
1172 2472 79 27 lading

663 2509 27 14 or
703 2503 85 27 receipt
801 2502 125 22 forwarded
943 2505 23 18 to
985 2502 61 22 them
1064 2501 70 22 direct
1147 2500 31 26 by
1191 2502 57 25 post,

663 2529 56 21 with
726 2529 145 21 instructions
879 2529 50 21 how
940 2529 55 21 such
1004 2528 70 28 goods
1082 2535 36 15 are
1128 2531 22 18 to
1164 2528 28 20 be
1206 2526 44 22 dis-

663 2556 70 25 posed
742 2556 27 21 of
780 2563 29 14 on
820 2555 78 22 arrival
907 2564 5 18 ;
928 2556 45 21 and
980 2563 24 14 as
1011 2563 68 19 every
1085 2554 98 29 package
1190 2556 61 19 must

662 2583 30 21 be
710 2583 86 27 opened
818 2586 23 18 at
858 2582 37 22 the
912 2582 179 26 Custom-house,
1107 2581 22 22 if
1149 2588 45 20 any
1212 2587 38 14 are

663 2609 88 28 locked,
763 2610 38 21 the
809 2610 56 26 keys
874 2609 80 22 should
962 2610 29 21 be
1000 2608 129 23 forwarded.

693 2637 77 21 Goods
779 2636 46 22 and
833 2636 110 27 packages
952 2643 38 15 are
999 2635 122 23 forwarded
1128 2635 33 27 by
1169 2634 81 25 D.evoy

664 2663 47 22 and
721 2663 38 22 Co.
769 2666 23 18 to
802 2663 32 21 all
847 2666 60 24 parts
920 2663 25 21 of
957 2663 38 21 the
1011 2663 127 26 Continent,
1149 2661 37 21 the
1197 2660 54 22 East

664 2691 48 21 and
721 2690 62 22 West
792 2690 82 26 Indies,
882 2689 111 28 Colonies,
1002 2690 42 28 ,&c.
1055 2690 40 24 &c.
1103 2697 6 19 ;
1120 2688 52 26 and,
1183 2688 21 21 if
1215 2694 36 14 re-

665 2717 85 28 quired,
762 2720 52 18 sent
827 2721 23 17 to
860 2716 38 22 the
910 2724 49 14 care
975 2717 26 21 of
1011 2716 135 28 responsible
1162 2714 89 26 houses,

665 2743 51 22 who
729 2744 46 21 will
792 2750 36 15 see
845 2744 37 20 the
898 2744 144 21 instructions
1057 2746 50 19 sent
1119 2741 55 23 with
1189 2740 70 22 them,

665 2770 132 27 punctually
807 2768 147 24 attended'to.

693 2797 39 21 All
741 2796 125 28 goods'and
875 2796 110 28 packages
992 2796 36 22 for
1036 2796 112 28 shipment
1154 2797 61 19 must
1222 2794 29 21 he

665 2823 162 27 accompanied
835 2824 32 26 by
881 2824 87 30 written
983 2823 150 26 instructions,
1143 2821 54 22 with
1214 2820 37 23 the

664 2857 67 15 name
741 2850 47 21 and
796 2850 90 21 address
896 2850 26 21 of
933 2850 39 21 the
982 2850 80 27 parties
1071 2850 31 27 by
1111 2849 72 23 whom
1198 2847 55 27 they

664 2884 38 14 are
717 2879 56 24 sent,
790 2876 45 22 and
851 2876 37 21 the
903 2877 106 21 contents'
1017 2876 45 21 and
1077 2876 66 21 value
1159 2875 26 22 of
1198 2875 55 22 each

664 2903 100 27 package
775 2902 80 22 stated.
882 2902 47 22 The
945 2903 55 27 duty
1009 2902 110 22 outwards
1131 2902 19 21 is
1162 2903 42 20 10s.
1213 2908 40 20 per

664 2927 71 25 jeiOO'
741 2930 74 21 value.
853 2929 47 22 The
915 2930 53 21 rate'
979 2929 26 22 of
1016 2929 120 22 insurance
1152 2927 101 28 depends

664 2964 62 20 upon
736 2957 181 21 circumstances.
930 2958 2 5 '
946 2956 44 21 For
1006 2956 87 21 further
1107 2954 145 23 information

664 2983 67 28 apply
757 2986 23 18 to
803 2983 45 21 Mr.
868 2982 218 27 SAMUEi»-REVANs,
1105 2982 146 26 Wellington,

664 3010 56 21 Port
728 3009 132 22 Nicholson.

832 3055 90 20 Beach
939 3055 145 25 Frontage.

667 3088 66 49 TO
748 3088 40 22 BE
802 3088 66 26 LET,
883 3088 71 21 beach
963 3088 102 26 frontage
1079 3087 42 22 lots
1133 3087 24 22 in
1168 3087 84 22 section

738 3116 42 21 490
791 3122 29 14 on
835 3114 39 22 the
883 3114 57 22 Plan
950 3114 26 22 of
984 3114 36 22 the
1030 3114 68 22 Town
1112 3114 29 21 of
1145 3114 108 28 Welling-

664 3145 48 23 ton,
723 3142 116 26 adjoining
848 3142 43 21 Mr.
900 3142 89 21 Taine's
996 3144 68 24 store;
1080 3140 44 23 and
1133 3141 24 22 in
1168 3141 84 22 section

664 3170 48 25 616,
721 3169 100 21 between
829 3169 76 27 Major
912 3168 91 22 Baker's
1013 3168 45 21 and
1066 3168 44 22 Mr.
1118 3168 135 22 Swainson's

664 3194 89 23 houses.

693 3222 55 21 Also
758 3220 39 23 the
804 3221 115 27 following
928 3222 95 21 sections
1033 3229 30 14 on
1073 3221 37 23 the
1117 3221 57 22 Plan
1182 3221 27 22 of
1214 3220 38 23 the

665 3248 77 27 Town,
753 3248 68 21 viz:—
821 3259 9 5 -
862 3255 3 6 '
1122 3257 4 6 •
1165 3262 3 5 *
1237 3245 4 5 '

724 3284 3 6 ■
769 3275 27 20 55
1121 3276 42 21 922

756 3302 42 21 240
932 3302 41 21 718
1109 3302 54 22 1079
1179 3325 4 4 .

693 3327 76 28 Apply
782 3331 24 18 to

664 3367 4 3 •
720 3358 3 5 '
755 3359 5 3 '
844 3354 26 21 E.
886 3354 22 21 J.
918 3354 155 28 /Wakefield,
1089 3362 24 14 or

842 3380 36 21 W.
894 3380 28 22 V.
932 3380 112 28 -Brewer,
1058 3381 194 22 Manners-street.

666 3427 123 26 Country
802 3425 125 23 Sections
946 3426 43 21 for
1008 3427 61 20 Sale
1090 3432 36 16 on
1145 3427 108 21 Liberal

670 3450 11 13 '"
694 3453 4 9 '
764 3449 3 6 '
807 3448 94 17 '-,"''■
910 3453 102 21 Terras.
1022 3452 11 8 ''

667 3486 165 51 SEVERAL
867 3486 101 22 Sections
995 3486 26 22 of
1051 3487 101 27 Country
1179 3486 72 28 Land,

731 3514 91 27 already
832 3512 82 23 chosen
923 3513 25 22 in
957 3512 38 23 the
1008 3513 94 22 Porirua
1115 3513 92 28 district,
1218 3513 35 22 for

665 3541 59 28 Sale,
734 3548 75 15 terms
820 3547 113 15 liberal..
954 3540 75 28 Apply
1038 3543 24 18 to

760 3574 26 22 F.
801 3575 29 21 A.
844 3573 171 26 Molesworth,
1031 3573 184 28 Murphy-street,
1227 3580 26 14 or

758 3601 38 22 W.
811 3601 21 21 V
827 3614 4 13 ;
834 3617 6 5 .
855 3601 106 26 Brewe.r,
971 3600 205 26 Miners-street.-

662 3648 32 25 ,T
723 3646 85 23 AND
832 3645 143 22 AGENC
985 3645 40 21 IE
1035 3645 14 21 S
1055 3645 74 21 .—TO
1142 3655 3 6 >
1152 3645 99 21 LAND-

662 3665 50 30 Xj
740 3671 230 24 HOLDERS.-r-The
988 3671 156 28 Undersigned
1161 3671 45 28 beg
1227 3674 32 23 to.

663 3700 56 28 p;ffer
728 3697 135 28 themselyes
872 3702 23 18 to
903 3698 59 23 their
969 3698 85 22 friends
1064 3698 45 21 and
1122 3697 39 22 the
1175 3697 76 28 public

663 3734 25 16 as
697 3727 88 27 Agents
794 3726 35 22 for
838 3721 144 36 the'disposal
989 3724 25 23 of
1019 3725 71 21 Town
1099 3725 45 21 and
1150 3724 101 28 Coiintry

663 3752 84 29 Eandsj
757 3753 46 22 and
811 3755 59 20 trust
877 3752 58 22 their
945 3751 96 22 colonial
1051 3751 133 24 experience
1196 3758 55 20 may

750 3779 63 23 them
823 3781 29 20 to'
856 3787 14 14 a
880 3779 64 22 share
954 3779 28 21 of
990 3778 37 22 the
1036 3774 76 31 public
1119 3780 130 25 patronage.

689 3807 65 28 They
763 3805 46 24 will
817 3806 29 22 be
854 3806 75 28 hajppy
937 3808 24 19 to
969 3812 94 21 arrange
1077 3806 34 20 for
1119 3804 47 22 and
1175 3811 76 20 super-

660 3834 81 23 intend
750 3834 40 22 the
799 3840 94 20 surveys,
898 3832 45 25 and
949 3831 158 23 sub-divisions
1114 3831 26 21 of
1140 3830 43 23 'the
1188 3830 62 22 land.

663 3860 91 23 Liberal
764 3860 110 21 advances
883 3859 46 21 will
940 3859 29 21 be
984 3857 64 23 made
1059 3860 31 19 ori
1097 3857 65 21 lands
1171 3857 80 24 placed

661 3888 26 21 in
696 3887 58 22 their
763 3886 73 22 hand's
842 3886 34 21 for
883 3885 53 21 sale.
950 3883 3 6 '
964 3884 64 29 They
1034 3883 47 23 will
1086 3880 47 24 also
1140 3880 111 31 teliappy

663 3917 24 19 to
696 3912 66 24 asSist
769 3910 141 30 proprietors'
914 3918 23 15 in
946 3910 87 27 leasing
1042 3909 60 22 their
1108 3909 73 22 lands.
1202 3911 2 3 '
1258 3923 2 7 ,

782 3947 3 4 '
806 3943 3 5 '
881 3943 4 5 '
943 3944 63 22 John
1017 3942 45 23 and
1073 3942 57 23 Geo.
1140 3942 82 24 Wade.

191 734 54 21 Por
259 731 103 22 Nelson
376 727 103 23 Haven,
524 734 5 3 ■
543 729 18 25 /

195 767 92 22 rriHE
301 764 88 22 WELL
403 760 121 24 KNOWN
537 759 90 27 regular

75 786 101 32 JPSk
201 786 31 32 JL
255 792 81 28 packet
348 790 114 24 Sichwiclc,
473 788 62 28 Capt.
547 786 77 27 Styles,

50 812 144 33 -iHPPSk
207 819 45 23 will
270 818 41 23 sail
331 816 33 24 in'
374 825 14 14 a
404 816 44 22 few
464 815 67 27 days.
536 814 35 21 for
589 812 37 23 the

50 839 150 35 2hUH£,
208 846 70 23 above
289 846 65 26 Port;
368 843 86 27 having
465 840 53 29 vibry
528 847 99 21 superior

50 866 150 39 lßssS3&'
208 871 191 25 accommodation
407 870 34 22 for
450 874 138 23 passengers.

50 892 154 38 Tftrtreight
213 908 24 14 or
244 906 99 22 passage,
354 897 67 28 apply
430 899 23 19 to

301 932 77 23 W.B.
392 931 95 22 Rhodes
501 928 46 22 and
562 927 37 22 Co.

50 983 48 21 Che
111 981 173 26 Wellington
298 978 53 21 and
365 973 147 24 Auckland
525 972 103 21 Packet

222 1006 83 21 Sarah

82 1037 73 32 vKgT
209 1041 101 28 FTPHIS
331 1040 45 21 fine
397 1039 44 20 fast
460 1036 80 25 sailing
557 1033 71 22 vessel

71 1063 110 31 J§3JK®v
216 1063 30 30 X
275 1067 45 22 will
329 1066 26 21 be
366 1063 134 29 despatched
508 1063 35 20 for
552 1063 76 19 Auck-

69 1090 132 32 XtFSS>S»'
221 1094 52 23 land
291 1093 25 22 in
338 1092 101 21 fourteen
462 1089 61 26 days,
547 1087 82 31 haying

51 1113 151 35 JsSk^W^J
222 1127 55 20 yer.y
301 1118 98 27 superior
427 1115 201 23 accommodations

50 1140 156 36 gSff-SftiPP
222 1148 34 21 for
273 1152 137 22 passengers.
442 1143 64 26 For..
503 1139 84 28 freight
605 1146 24 14 or

225 1180 99 20 passage,
335 1171 65 28 apply
409 1173 23 18 to
446 1169 36 22 the
495 1167 133 26 undersign-

50 1204 29 28 ;d,
90 1211 25 15 or
124 1206 23 19 to
157 1202 45 23 Mr.
209 1199 108 25 Maxwell
326 1206 28 13 on
362 1197 77 22 board.

143 1246 7 8 v
301 1233 36 21 W.
352 1232 26 21 B.
393 1231 94 22 Rhodes
502 1228 51 22 and.
563 1227 38 22 Co.

71 1262 81 24 March
161 1264 34 25 23,
206 1262 62 21 1842.
439 1256 2 4 '

220 1306 53 21 For
296 1302 156 25 Auckland,

168 1340 3 5 '
198 1341 30 20 To
241 1340 42 19 sail
296 1339 23 19 in
333 1344 12 13 a
351 1337 59 25 few,
413 1336 57 25 days,

221 1376 91 49 THE
327 1374 52 22 -fine
396 1373 48 22 first
467 1372 55 21 class
544 1371 84 26 barque

313 1403 51 20 New
388 1400 66 24 YorTc_
467 1399 87 26 Packet,
580 1398 47 24 269,

78 1427 112 33 oSSJS&v
232 1430 94 28 Captain
337 1428 100 26 Gregory
443 1435 5 17 ;
455 1439 5 4 -
467 1426 40 21 has
518 1423 111 23 excellent

75 1450 134 36 JtSBSSJR^
232 1455 191 24 accommodation
439 1454 35 21 for
489 1457 138 22 passengers.

233 1484 43 21 For
285 1482 82 27 freight
380 1488 25 15 or
419 1486 98 22 passage,
529 1477 67 28 apply
606 1480 22 18 to

53 1503 161 37 §itais2*s^
234 1510 38 23 the
282 1509 93 28 Captain
385 1515 29 14 on
430 1506 75 27 board,
517 1512 25 15 or
552 1508 22 18 to

192 1541 5 9 1
276 1543 74 26 Hort,
366 1541 120 26 Mocatta,
503 1538 45 22 and
563 1538 38 21 Co.

73 1581 33 21 Te
116 1580 55 25 Aro,
179 1578 81 26 March
270 1579 20 25 9,
300 1578 59 21 1842.

270 1623 53 19 Por
336 1621 68 24 Sale,

96 1658 99 25 Delivery
205 1663 26 14 on
240 1656 37 19 her
287 1657 73 18 return
366 1654 62 25 from
449 1652 76 25 Cloudy
534 1651 54 24 Bay.

200 1691 94 31 npHE
307 1690 75 22 FINE
404 1689 107 22 schooner
528 1688 100 22 Blossom,

66 1710 119 45 Jlllll^
208 1710 30 31 X
262 1718 69 22 about
341 1719 26 20 60
380 1717 60 22 Tons
453 1715 103 26 burthen,
567 1712 67 29 Capt.'

50 1765 145 43 s||l*l|i||
228 1776 44 22 She
277 1775 19 22 is
305 1774 47 23 well
358 1774 70 21 found
432 1774 24 21 in
461 1780 66 19 every
533 1774 95 25 respect;

50 1795 146 37 agSaipii^jJß?
214 1803 42 22 has
274 1801 99 28 superior
385 1799 185 26 accomodations,
588 1798 43 22 and

240 1828 52 23 well
301 1827 94 28 adapted
401 1827 35 22 for
446 1834 13 14 a
467 1827 57 21 New
531 1824 100 23 Zealand

50 1858 88 23 Trader.
167 1856 75 29 Apply
252 1859 22 19 to

435 1880 91 21 Willis
536 1878 46 23 and
590 1878 40 22 Co.

50 1912 140 26 Wellington,
200 1908 82 24 March
291 1910 33 26 28,
336 1909 60 21 1842.

273 1961 53 20 Por
337 1959 68 25 Sale,
566 1967 3 4 •
576 1955 38 26 \4

53 2005 2 5 ■
295 1991 52 22 well
359 1990 105 26 -known,
472 1999 8 9 <
489 1988 140 27 fast-sailing,

53 2027 5 5 *
66 2011 106 37 «§l§!Ki'
178 2011 52 28 'A"~
230 2021 9 8 tctfttgir'SSo^flrit
239 2016 158 25 ctfttgir'SSo^flrif
397 2019 16 8 Ol
413 2013 107 26 fFiWia77ij'
533 2017 29 18 43
582 2018 48 16 torts

63 2035 21 28 M
95 2035 69 39 2§£
180 2065 4 2 .
215 2044 100 26 register,
325 2042 59 24 .with
445 2042 40 21 her
502 2044 77 23 stores,
591 2040 39 21 &c.
637 2044 2 8 '

51 2063 115 37 SgjfflpF
185 2071 40 21 &c.
242 2071 41 20 &c.
312 2070 68 21 Stows
397 2076 14 14 a
420 2068 62 27 large
498 2074 73 20 cargo,
587 2066 45 22 and

100 2102 26 7 ''
138 2100 3 8 '
185 2096 78 23 makes
279 2103 31 20 up
323 2096 50 21 four
387 2095 76 21 berths
476 2095 25 20 in
511 2094 37 21 the
560 2093 71 22 cabin.

50 2124 42 23 She
107 2124 40 22 has
156 2123 84 29 proved
250 2122 84 23 herself
345 2129 12 14 a
369 2122 59 27 good
438 2129 37 14 sea
488 2122 60 25 boat,
561 2119 44 23 and
614 2120 18 21 is

50 2152 47 21 well
110 2150 97 28 adapted
221 2150 35 21 for
271 2149 86 27 trading
373 2149 100 21 between
489 2147 38 22 the
545 2147 88 21 various

50 2178 136 23 settlements
196 2185 29 14 on
235 2176 38 22 the
284 2179 61 19 coast
354 2176 26 21 of
391 2175 56 22 New
457 2173 107 23 Zealand.

74 2204 45 23 For
126 2204 87 22 further
221 2203 136 28 particulars,
370 2202 67 27 apply
447 2204 22 19 to

261 2237 21 22 J.
294 2237 33 22 M.
337 2236 100 26 Taylor,
449 2234 156 29 Ship-Broker,

371 2270 32 21 Te
416 2270 54 21 Aro.

272 2316 52 20 For
339 2315 67 20 Sale.

72 2346 62 34 rjfoar
160 2348 92 32 npHE
266 2347 46 22 fine
329 2347 43 21 fast
388 2345 80 27 sailing
485 2344 69 27 yacht
576 2345 58 21 built

63 2375 92 28 ffl£Sj&
174 2368 21 29 A.
233 2375 110 22 schooner
354 2374 104 20 Governor
464 2373 91 25 Hobson,
566 2372 68 21 about

50 2399 110 34 JjlftjK|£
204 2404 29 20 40
250 2405 50 18 tons
314 2400 102 27 burthen,
427 2399 50 23 well
494 2399 78 26 found,
588 2398 46 22 and

50 2422 109 34 SsSpr
176 2431 44 20 can'
228 2429 27 21 be
265 2431 50 19 sent
328 2431 20 17 to
358 2434 39 15 sea
406 2430 23 18 at
445 2434 13 14 a
474 2426 62 27 day's
552 2425 81 22 notice'

135 2457 4 6 *
145 2456 3 4 '
176 2456 95 21 without
279 2454 86 22 further
375 2455 108 26 expence.'
490 2467 4 4 -

139 2510 3 4 .
308 2489 35 20 W.
357 2489 27 21 B.
399 2488 94 21 Rhodes
508 2486 44 22 and
567 2486 39 21 Co.

225 2538 3 4 '
274 2535 53 19 For
341 2533 68 21 Sale.

162 2568 94 50 THE
266 2567 46 22 fine
327 2566 43 22 fast
380 2566 80 27 sailing
475 2568 73 19 cutter
559 2566 73 20 Cathe-

251 2596 45 19 rine
313 2594 107 26 Johnston,
445 2592 67 22 about
534 2593 27 20 15
584 2596 50 17 tons

64 2619 95 34 ,>S!SjS^
176 2622 102 26 burthen,
289 2637 3 4 .
307 2621 90 27 Sydney
419 2620 63 24 built,
512 2619 46 22 and
584 2619 50 22 well

52 2644 110 32 j^Egggy
176 2649 78 22 found.
283 2648 43 22 She
334 2648 39 21 has
383 2646 84 28 proved
475 2645 87 22 herself
569 2653 14 14 a
588 2646 46 21 fine

165 2683 53 14 -sea
234 2676 60 26 boat,
310 2674 82 26 having
410 2673 65 22 made
490 2672 38 22 the
548 2680 86 20 voyage

50 2703 54 22 from
120 2703 93 27 Sydney
225 2705 22 18 to
420 2700 43 22 For
480 2699 87 22 further
585 2707 50 20 par-

50 2730 93 26 ticulars,
155 2724 75 33 apply,
233 2732 23 18 to

164 2763 137 26 ■Wallace,
316 2762 99 26 White,'
423 2760 45 22 and
481 2760 126 22 Wallace.

75 2797 145 26 Wellington,
229 2796 81 21 March
319 2797 32 25 21,
363 2796 61 20 1842.
439 2808 5 3 ■
466 2788 6 2 '
496 2808 4 3 -

136 2855 4 2 .
164 2840 51 20 -To
220 2840 45 20 -let
274 2839 43 21 for
327 2844 82 15 seven
419 2844 86 20 years,

50 2872 159 32 npWELVE
453 2871 38 24 OF
607 2878 28 14 on

68 2894 9 26 I
96 2917 4 5 .
111 2900 84 23 section
203 2899 45 22 No.
258 2900 15 20 4
282 2902 24 17 at
318 2898 45 21 Kai
377 2905 71 14 warra
464 2905 77 19 warra,
552 2898 83 21 consis-

50 2929 48 26 ting
112 2928 26 21 of
156 2933 41 15 one
213 2933 51 14 acre
280 2924 56 22 each
350 2924 54 22 with
420 2931 15 14 a
449 2924 105 26 frontage'
569 2924 66 27 along

50 2955 38 22 the
105 2953 80 23 Petoni
200 2951 85 23 Road.-
302 2951 36 22 No
355 2953 11 19 1
385 2951 26 21 of
427 2951 61 21 these
507 2951 128 21 allotments

50 2982 41 21 has
109 2988 13 14 a
138 2978 206 24 weather-boarded
362 2978 70 21 house
451 2977 89 22 erected
559 2984 29 15 on
608 2978 24 26 it,

50 3008 46 22 and
105 3007 47 22 also
162 3006 44 22 No.
216 3007 14 20 3
239 3004 41 23 has
291 3012 13 14 a
312 3004 100 27 recently
420 3003 55 22 built
484 3004 72 23 maori
566 3004 68 22 house
637 3025 2 6 ,

51 3042 31 14 on
94 3034 25 26 it,
136 3032 122 26 consisting
276 3032 32 23 of.
319 3031 50 22 four
386 3034 141 24 apartments.
562 3028 72 25 These

50 3061 128 22 allotments
188 3067 37 14 are
240 3053 75 27 suited
330 3060 22 19 to
367 3057 124 22 tradesmen
501 3057 47 22 and
555 3057 79 22 labou-

50 3095 52 19 rers,
112 3087 69 27 being
191 3093 25 15 so
231 3084 137 23 convenient'
372 3088 23 17 to
404 3084 39 21 the
460 3084 78 21 Public
554 3084 81 22 Works
637 3097 2 10 i

50 3121 52 16 now
119 3114 68 27 going
202 3120 30 15 on
247 3111 57 22 both
318 3111 58 31 sjdes
394 3111 26 21 of
437 3110 37 21 the
484 3110 3 3 '
494 3110 46 21 Kai
556 3118 77 14 warra.

51 3140 62 28 They
122 3147 38 15 are
176 3140 47 22 also
235 3138 52 23 well
301 3137 73 22 suited
388 3137 34 21 for
439 3144 101 15 bathing
555 3144 77 19 boxes,

50 3166 68 29 being
126 3166 39 23 the
176 3166 52 28 only
236 3166 86 27 private
338 3164 62 28 place
410 3163 22 22 in
449 3162 37 22 the
500 3163 135 28 neighbour-

50 3193 65 22 hood.
142 3193 64 22 With
216 3192 38 23 the
271 3191 119 28 exception'
402 3191 26 20 of
438 3189 38 22 the
491 3190 61 21 bank
567 3190 68 27 along

51 3220 38 21 the
104 3220 55 22 road
174 3220 38 21 the
228 3218 53 23 land
298 3218 19 22 is
334 3217 93 22 cleared.
462 3217 22 21 A
501 3224 58 14 cows
574 3224 61 19 grass

52 3246 45 22 will
110 3247 30 21 be
155 3247 68 27 given
237 3249 25 18 at
276 3252 15 15 a
428 3246 58 19 .rent
500 3246 23 18 to
540 3250 46 20 any
600 3251 35 14 re-

51 3273 88 28 quiring
156 3276 25 19 it.
219 3272 49 23 The
285 3272 139 26 Allotments,
442 3269 44 23 will
508 3270 29 22 be
557 3271 42 22 let,
604 3270 31 27 by

238 3313 83 15 PUBLIC
338 3311 106 20 AUCTION,
462 3317 3 3 •

54 3338 44 23 ON
118 3339 183 29 THURSDAY,.
310 3338 57 27 7TH
388 3337 68 25 PAY
474 3337 40 22 OF
529 3336 105 28 APRIL,

289 3366 63 22 when
361 3365 39 22 the

53 3392 77 21 Terms
144 3392 26 21 of
179 3392 37 22 the
230 3392 73 23 leases
316 3392 44 23 will
373 3392 29 21 be
416 3398 61 15 more
491 3390 144 32 particularly

53 3417 123 22 described.
203 3419 27 22 In
239 3419 43 22 the'
289 3419 139 26 meanwhile,
440 3417 133 29 application
583 3424 52 20 may

53 3445 30 22 be
96 3444 75 21 made-
178 3447 21 19 to
213 3446 46 21 Mr.
268 3445 143 27 Mac'donald,
421 3448 32 18 at-
459 3445 44 22 Kaiw
518 3452 77 19 arra,
609 3452 26 13 or

53 3474 24 19 to
87 3471 44 22 Mr.
143 3471 59 22 John
214 3471 84 28 Wade;
305 3472 51 23 'the.
364 3472 90 22 former,
463 3471 25 26 qf
501 3471 80 22 whom-
589 3471 45 22 will

53 3498 61 22 shew
122 3497 39 24 the
171 3497 134 24 Allotments
313 3502 23 18 to
344 3499 116 27 intending
470 3498 97 22 offerers.
604 3506 2 3 ■
637 3511 2 7 >

52 3528 3 7 '
64 3525 7 5 J
82 3523 44 23 Kai
135 3530 70 15 warra
214 3527 75 24 warra',
298 3525 52 24 24th
357 3525 89 27 March,
456 3526 63 27 ,1842.
534 3524 4 5 '
543 3546 4 5 .
637 3520 2 34 j

52 3569 54 21 Por
125 3568 46 21 the
192 3568 101 21 benefit
311 3570 29 20 of
357 3571 45 20 the
425 3560 213 39 Underwriters,]

104 3601 30 15 or
150 3594 79 21 those
242 3594 92 23 -whom
347 3596 22 21 it
381 3603 65 22 xnay
460 3602 125 19 concern;
599 3594 5 5 v
637 3608 2 12 ,

53 3629 67 30 npO
141 3628 40 22 BE
200 3627 79 22 SOLD
300 3628 40 22 BY
357 3630 146 26 AUCTION,
526 3629 106 23 EARLY
637 3621 2 12 '

59 3647 30 31 X
108 3655 34 23 IN
152 3653 103 26 APRIL,
265 3654 64 22 THE
338 3655 85 23 HULL
434 3657 40 25 OF
484 3656 148 25 THE-NJEW

127 3681 4 3 '
160 3679 127 26 BARQUE
527 3690 4 7 1
533 3680 7 4 '

51 3716 34 21 As
94 3716 39 22 she
142 3723 51 14 now
201 3714 42 23 lies
254 3721 28 15 on
293 3714 37 22 the
340 3715 62 22 rocks
411 3719 23 19 at
442 3716 37 23 the
493 3720 107 19 entrance
609 3717 26 22 of

50 3742 87 23 Nelson
145 3742 90 23 Haven.
263 3741 38 24 At.
306 3741 37 22 the
351 3749 60 15 same
420 3743 53 22 time
488 3744 87 22 will.be
585 3744 45 22 also

51 3769 48 22 sold
106 3776 90 15 sundry
206 3775 84 16 stores
299 3768 119 27 belonging
426 3770 64 21 tojthe
498 3770 52 22 said
552 3770 78 23 vessel.

51 3794 44 24 For
104 3793 208 31 particulars'apply.
319 3797 24 20 to
351 3795 46 22 Mr-
407 3797 104 27 Poynter,
526 3798 103 26 solicitor,

51 3820 84 25 Nelson
146 3823 89 26 Haven,
247 3829 25 14 or
281 3825 24 18 to
474 3841 3 3 .
583 3829 5 8 <
637 3823 2 24 |

307 3848 99 23 Messrs.
421 3847 89 24 Willis
524 3850 45 22 and
582 3851 46 27 Co.,

53 3904 10 1 __
313 3878 4 6 '
333 3873 15 9 ''
373 3874 55 22 Port

52 3919 120 49 SEEDS,
182 3921 39 22 the
229 3920 98 29 produce
341 3920 26 21 of
434 3920 90 28 Colony,
534 3921 39 23 for.
585 3921 45 22 sale
637 3914 2 35 J

106 3944 4 18 ;
145 3947 38 23 the
216 3947 97 23 Ghizirtte
319 3947 12 13 '•'
342 3946 77 24 Office.
