2540 4039
822 707 128 23 PUBLIC
968 707 171 23 MEETING.

1935 199 79 23 Whilst
2030 208 13 14 a
2060 201 56 22 herd
2134 202 26 21 of
2177 203 91 22 buffalos
2285 204 19 21 is
2320 202 107 29 together,
2447 205 38 22 the

1908 226 79 21 wolves
2004 234 67 14 never
2089 228 74 22 attack
2183 229 67 26 them,
2271 236 23 15 as
2312 230 51 28 they
2381 231 104 27 instantly

1906 252 79 26 gather
2004 253 36 21 for
2057 254 119 22 combined
2198 256 125 26 resistence,
2343 257 72 21 which
2433 257 53 27 they

1908 278 123 27 effectually
2049 280 73 22 make.
2160 281 45 21 But
2221 282 65 21 when
2304 283 37 21 the
2363 283 67 22 herds
2448 290 37 15 are

1906 305 122 27 travelling,
2048 307 17 20 it
2083 306 61 22 often
2162 307 98 28 happens
2276 308 47 22 that
2342 316 27 14 an
2386 310 56 26 aged
2461 317 24 14 or

1906 332 106 21 wounded
2026 338 40 16 one
2075 332 83 27 lingers
2172 338 23 16 at
2204 340 13 15 a
2233 334 96 22 distance
2337 335 88 28 behind,
2442 337 43 21 and

1907 357 64 21 when
1981 357 64 28 fairly
2054 362 38 18 out
2102 359 25 21 of
2138 359 58 26 sight
2206 360 26 20 of
2243 360 37 22 the
2285 360 63 27 herd,
2358 361 19 21 is
2387 364 33 18 set
2424 369 61 18 upon

1906 382 30 28 by
1945 384 60 22 these
2018 385 112 21 voracious
2140 385 97 27 hnnters,
2253 386 72 22 which
2333 387 61 21 often
2407 387 78 27 gather

1907 413 22 17 to
1940 410 37 21 the
1989 411 92 21 number
2090 412 27 21 of
2126 411 50 27 fifty
2184 419 25 14 or
2217 420 67 19 more,
2301 413 43 21 and
2354 420 36 14 are
2400 420 49 15 sure
2463 417 23 19 at

1906 435 43 22 last
1959 439 22 18 to
1990 440 81 19 torture
2080 437 49 22 him
2142 441 24 19 to
2176 438 72 27 death,
2259 439 43 22 and
2315 446 40 15 use
2363 439 47 21 him
2420 447 29 20 up
2463 444 23 18 at

1907 469 12 14 a
1932 462 64 22 meal.
2025 464 46 21 The
2085 464 90 26 buffalo,
2191 465 109 26 however,
2309 465 19 21 is
2342 472 14 14 a
2367 465 59 27 huge
2441 467 45 22 and

1905 488 83 22 furious
1998 490 88 26 animal,
2098 491 45 21 and
2151 491 65 21 when
2229 491 34 22 his
2278 495 81 18 retreat
2367 492 19 22 is
2401 495 37 18 cut
2448 493 35 26 off,

1906 515 75 22 makes
1990 516 114 26 desperate
2115 517 45 21 and
2169 518 79 27 deadly
2257 518 126 26 resistance,
2394 521 92 19 conten-

1906 541 54 27 ding
1974 545 21 18 to
2010 542 38 21 the
2063 543 44 21 last
2120 547 99 18 moment
2232 545 36 21 for
2276 544 37 22 the
2328 544 60 27 right
2403 545 27 21 of
2438 545 46 26 life,

1906 568 44 21 and
1960 568 125 22 oftentimes
2100 569 60 22 deals
2170 570 67 21 death
2251 571 29 27 by
2289 571 114 21 wholesale
2419 575 23 17 to
2451 571 34 22 his

1906 595 78 20 canine
2003 596 123 26 assailants,
2146 596 72 22 which
2236 597 30 21 he
2285 596 35 22 his
2336 598 84 26 tossing
2437 598 48 21 into

1906 619 37 22 the
1953 621 31 21 air
1993 629 25 14 or
2027 622 109 27 stamping
2146 625 23 18 to
2179 622 66 22 death
2255 623 70 22 under
2334 624 33 21 his
2377 624 53 21 feet.

1932 647 87 27 During
2033 655 36 20 my
2083 649 82 21 travels
2177 649 25 21 in
2216 649 62 22 these
2292 650 92 26 regions,
2402 650 12 21 I
2428 650 57 22 have

1907 674 82 21 several
2000 674 62 22 times
2072 681 64 15 come
2148 682 72 15 across
2230 676 53 21 such
2292 683 13 14 a
2318 683 59 20 gang
2386 676 26 21 of
2423 676 62 22 these

2012 702 148 26 surrounding
2177 709 28 14 an
2219 701 38 22 old
2273 709 24 14 or
2308 702 108 22 wounded
2431 702 52 28 bull,

1906 726 72 22 where
1986 726 19 22 it
2010 727 72 22 would
2092 735 61 14 seem
2160 728 56 21 from
2228 735 143 20 appearances
2379 729 48 21 that
2432 729 54 27 they

1906 752 43 22 had
1962 753 57 22 been
2031 754 33 21 for
2078 754 86 22 several
2179 754 53 27 days
2245 755 24 20 in
2284 754 139 26 attendance,
2440 755 45 22 and

1906 782 22 17 at
1937 779 105 22 intervals
2052 780 138 28 desperately
2201 780 98 27 engaged
2308 782 24 20 in
2346 782 37 20 the
2393 782 61 21 effort
2463 784 22 19 to

1906 806 49 21 take
1966 806 32 21 his
2007 806 45 22 life.
2080 807 46 22 But
2135 814 13 14 a
2160 807 60 22 short
2231 808 51 20 time
2296 807 65 27 since,
2373 815 25 14 as
2407 814 41 15 one
2463 808 26 22 of

1905 839 37 20 my
1960 832 247 29 hunting-companions
2223 833 46 22 and
2283 833 82 27 myself
2378 841 57 14 were
2450 841 35 14 re-

1906 859 90 26 turning
2012 863 21 17 to
2052 867 39 14 our
2111 863 155 24 encampment
2283 860 53 21 with
2355 867 39 14 our
2402 860 83 23 .horses

1905 884 79 22 loaded
1993 885 53 22 with
2054 889 67 23 meat,
2133 894 32 13 we
2176 886 127 22 discovered
2311 890 24 17 at
2344 893 12 14 a
2367 886 97 23 distance
2472 895 14 14 a

1906 911 57 26 huge
1981 911 56 27 bull,
2060 912 112 22 encircled
2195 912 51 22 with
2264 920 12 14 a
2297 920 59 19 gang
2375 913 25 21 of
2421 913 64 22 white

1906 938 79 21 wolves
1991 947 11 18 ;,
2014 945 32 15 we
2055 939 54 21 rode
2120 947 29 19 up
2157 946 23 15 as
2189 946 54 14 near
2252 946 23 14 as
2282 946 31 14 we
2322 939 64 21 could
2394 939 92 22 without

1906 963 85 28 driving
2005 965 60 21 them
2083 973 73 19 away;
2179 965 46 22 and
2239 966 67 26 being
2320 966 76 21 within
2410 966 77 24 pistol-

1905 990 58 27 shot,
1974 998 31 15 we
2015 991 42 22 had
2071 999 14 14 a
2094 991 141 28 remarkably
2247 993 57 26 good
2313 992 61 26 view,
2391 992 73 21 where
2474 993 12 21 I

1905 1020 34 18 sat
1946 1017 34 21 for
1989 1026 14 13 a
2012 1019 41 20 few
2063 1022 112 18 moments
2182 1020 46 19 and
2236 1018 64 22 made
2309 1026 14 13 a
2330 1018 77 22 sketch
2416 1019 24 22 in
2448 1026 38 20 my

1905 1045 132 26 note-book;
2057 1045 59 22 after
2129 1045 78 27 which,
2222 1052 33 14 we
2265 1045 52 21 rode
2330 1052 29 20 up
2370 1045 45 21 and
2430 1053 55 19 gave

1905 1070 37 22 the
1961 1071 70 26 signal
2047 1071 34 22 for
2096 1072 62 21 them
2177 1075 22 18 to
2215 1071 107 28 disperse;
2344 1071 72 22 which
2432 1072 53 27 they

1904 1097 107 28 instantly
2028 1097 43 27 did,
2089 1098 153 27 withdrawing
2261 1097 131 23 themselves
2409 1101 22 19 to
2447 1098 38 23 the

1905 1123 97 23 distance
2012 1125 26 21 of
2048 1125 47 27 fifty
2108 1132 23 14 or
2141 1126 58 26 sixty
2208 1125 52 21 rods
2266 1133 5 18 ;
2289 1125 64 21 when
2363 1132 33 15 we
2406 1125 77 27 found,

1904 1152 23 19 to
1938 1158 39 14 our
1985 1154 63 24 great
2055 1152 104 26 surprise,
2170 1152 48 21 that
2229 1152 37 21 the
2275 1151 82 22 animal
2367 1151 45 21 had
2420 1152 65 21 made

1905 1176 114 28 desperate
2026 1179 127 25 resistance,
2161 1178 57 21 until
2227 1177 34 22 his
2268 1185 51 19 eyes
2328 1184 56 15 were
2392 1178 95 27 entirely

1906 1206 63 19 eaten
1984 1207 40 18 out
2036 1205 25 20 of
2071 1204 37 21 his
2121 1205 65 26 head,
2200 1204 38 22 the
2252 1205 81 26 grizzle
2347 1204 25 21 of
2383 1204 34 22 his
2431 1211 54 15 nose

1906 1236 43 15 was
1960 1231 80 26 mostly
2048 1238 66 19 gone,
2124 1231 34 21 his
2167 1234 83 23 tongue
2258 1238 46 15 .was
2313 1230 50 22 half
2374 1234 64 18 eaten
2449 1231 36 27 offj

1906 1257 44 21 and
1964 1256 36 22 the
2015 1257 48 21 skin
2076 1257 46 21 and
2127 1257 64 21 'flesh
2202 1257 25 21 of
2238 1257 33 21 his
2284 1256 48 27 legs
2341 1259 50 19 torn
2407 1257 79 22 almost

1905 1282 95 28 literally
2009 1284 46 21 into
2066 1284 89 26 strings.
2184 1284 26 21 In
2222 1283 43 21 this
2275 1283 94 21 tattered
2377 1283 45 21 and
2436 1286 49 20 torn

1906 1309 113 22 condition
2029 1309 36 23 the
2075 1317 55 20 poor
2139 1309 38 22 old
2186 1313 90 19 veteran
2285 1309 64 22 stood
2357 1309 93 28 bracing
2456 1317 29 20 up

1906 1336 23 20 in
1939 1336 36 21 the
1985 1336 66 22 midst
2060 1337 27 21 of
2097 1337 34 21 bis
2146 1336 118 22 devourers
2270 1344 5 18 ;
2291 1336 48 21 who
2349 1335 44 23 had
2408 1337 78 21 ceased

1905 1361 116 23 hostilities
2030 1363 34 21 for
2074 1370 13 14 a
2098 1363 42 21 few
2150 1363 102 26 minutes,
2269 1366 22 18 to
2302 1363 67 26 enjoy
2382 1369 14 15 a
2405 1367 45 17 sort
2463 1363 24 22 of

1904 1389 82 27 parley,
2005 1390 130 26 recovering
2151 1390 99 26 strength
2270 1389 44 21 and
2330 1389 118 27 preparing
2463 1393 22 19 to

1906 1423 85 15 resume
2002 1416 37 21 the
2049 1417 74 21 attack
2131 1416 24 21 in
2167 1424 12 14 a
2187 1417 40 21 few
2237 1419 109 19 moments
2353 1416 73 26 again.
2457 1416 28 22 In
2496 1427 3 6 '

1906 1442 43 21 this
1961 1450 76 19 group,
2049 1450 61 14 some
2120 1450 55 14 were
2184 1443 108 26 reclining
2302 1446 22 17 to
2333 1443 52 26 gain
2399 1442 85 27 breath,

1906 1469 70 21 whilst
1990 1469 70 21 others
2076 1476 56 14 were
2148 1469 106 27 sneaking
2268 1470 66 20 about
2347 1469 43 21 and
2403 1469 84 28 licking

1906 1495 56 21 their
1968 1495 67 28 chaps
2041 1497 22 21 in
2071 1497 89 26 anxiety
2167 1496 34 21 for
2207 1503 13 13 a
2226 1496 91 22 renewal
2324 1495 25 21 of
2355 1496 36 20 the
2398 1495 73 21 attack
2478 1504 6 18 ;

1906 1523 44 20 and
2064 1523 45 21 less
2125 1522 74 27 lucky,
2218 1522 46 22 had
2277 1522 56 21 been
2351 1521 96 22 crushed
2463 1525 23 19 to

1906 1548 66 22 death
1981 1549 31 28 by
2025 1549 35 21 the
2075 1549 47 21 feet
2134 1556 25 14 or
2172 1549 37 21 the
2222 1549 67 21 horns
2304 1549 25 20 of
2341 1548 35 22 the
2390 1548 53 22 bull.
2474 1549 12 21 I

1904 1576 54 20 rode
1973 1583 76 14 nearer
2062 1579 23 18 to
2102 1576 37 21 the
2153 1575 90 28 pitiable
2259 1575 73 26 object
2346 1582 23 14 as
2382 1575 28 21 he
2425 1576 61 21 stood

1907 1602 101 27 bleeding
2017 1603 42 21 and
2075 1602 118 27 trembling
2201 1602 74 21 before
2290 1606 44 21 me,'
2345 1601 43 21 and
2403 1602 47 21 said
2464 1605 22 18 to

1905 1628 53 27 him,
1996 1629 54 22 Now
2064 1629 19 21 is
2099 1636 54 19 your
2167 1629 61 25 time,
2244 1628 36 21 old
2296 1628 76 26 fellow,
2385 1629 44 21 and
2442 1634 45 21 you

1905 1655 46 21 had
1966 1655 71 22 better
2052 1656 28 21 be
2172 1655 94 31 Though
2275 1654 61 22 blind
2351 1655 44 21 and
2409 1655 79 26 nearly

1906 1682 122 27 destroyed,
2039 1683 62 21 there
2111 1682 88 21 seemed
2214 1681 113 27 evidently
2336 1684 21 18 to
2367 1682 27 20 be
2409 1688 77 20 recog-

1906 1709 69 21 nition
1986 1709 25 21 of
2022 1716 14 14 a
2044 1709 73 21 friend
2125 1709 23 21 in
2160 1716 42 19 me,
2214 1715 24 15 as
2248 1709 27 20 he
2292 1707 148 27 straightened
2449 1714 36 21 up,

1906 1735 43 21 and
1960 1735 116 27 trembling
2086 1736 53 20 with
2149 1735 131 21 excitement
2288 1734 84 22 dashed
2379 1734 35 22 off
2418 1738 22 18 at
2445 1734 42 22 full

1906 1762 66 27 speed
1981 1770 57 19 upon
2049 1763 37 20 the
2095 1762 93 27 'prairie,
2198 1762 24 20 in
2238 1768 13 14 a
2261 1761 90 27 straight
2356 1778 2 4 .
2364 1761 52 21 line.
2445 1761 41 21 We

1906 1789 79 21 turned
1996 1796 40 14 our
2043 1789 77 21 horses
2127 1788 43 22 and
2179 1788 101 22 resumed
2289 1795 40 14 our
2339 1788 75 21 march
2421 1796 5 18 ;
2442 1788 45 21 and

1905 1815 63 22 when
1975 1823 33 14 we
2014 1816 43 21 had
2066 1815 114 21 advanced
2188 1822 12 14 a
2206 1815 52 21 mile
2266 1822 23 13 or
2295 1821 66 19 more,
2369 1821 31 14 we
2407 1814 83 29 looked,

1905 1842 64 26 back,
1981 1842 44 22 and
2035 1850 27 14 on
2078 1850 40 13 our
2126 1841 46 27 left,
2188 1841 71 22 where
2268 1848 32 14 we
2315 1848 43 14 saw
2369 1841 65 26 again
2449 1838 41 24 the'

1906 1869 96 21 ill-fated
2017 1869 81 21 animal
2113 1868 137 22 surrounded
2264 1868 28 26 by
2305 1867 35 21 his
2349 1871 136 23 tormentors,

1906 1899 23 17 to
1940 1895 71 22 whose
2021 1895 116 22 insatiable
2152 1894 100 28 voracity
2260 1894 27 22 he
2302 1894 187 27 unquestionably

1906 1929 54 14 soon
1968 1923 40 21 fell
2017 1930 14 13 a
2040 1923 82 21 victim.
2154 1922 87 20 Cattiri's
2256 1922 71 20 letters
2336 1927 25 14 on
2371 1921 37 20 the
2416 1921 71 20 North

1906 1949 110 21 American
2028 1950 92 20 Indians.

391 1963 83 23 Your's
482 1970 54 21 very
544 1964 60 27 truly

450 1990 96 21 George
560 1991 95 20 Forbes.

134 154 78 24 Josiah
235 153 80 27 Flight,
326 152 68 28 -Esq.',
415 152 47 22 and
483 152 57 22 Mrs.

162 180 75 28 Flight
245 179 45 22 and
300 178 63 23 Child
594 179 14 21 3
648 197 4 6 ,

134 206 98 23 William
239 205 115 27 Deverish,
361 204 59 28 Esq.,
429 204 45 22 and
483 204 57 23 Misa

163 232 108 23 Deverish
594 233 15 20 2

133 259 57 22 Rev.
206 258 94 22 Horatio
317 257 94 27 Groube,
428 257 112 28 Indepen-

161 285 56 22 dent
223 285 104 22 Minister
596 285 11 21 1

133 311 98 27 Stephen
254 310 142 28 Gillingham,
419 310 61 28 Esq.,
495 310 47 23 and

161 338 56 22 Mrs.
229 337 135 27 Gillingham
594 338 14 20 2

88 382 5 3 .
133 364 101 28 Theoph.
243 363 87 28 Taylor,
340 364 43 27 Esq
596 364 11 21 1

133 391 89 27 George
232 391 23 20 C.
267 390 89 27 Forbes,
366 390 71 22 M.D.'
441 391 100 26 Surgeon
550 404 3 9 ,

161 417 186 27 Superintendent
594 417 12 20 Ilo1
635 417 27 20 10

105 453 49 23 The
165 453 113 21 Timandra
293 451 130 28 discharged
432 452 53 22 with
500 459 67 20 every
576 451 85 28 facility

79 481 30 26 by
126 479 38 22 the
184 479 134 27 Company's
329 479 133 27 .surf-boats,
485 479 46 21 and
547 478 115 22 remained

79 506 80 26 during
164 506 63 22 three
232 505 73 23 weeks
312 505 26 22 of
341 505 168 27 uninterrupted
515 505 43 21 fine
565 504 96 22 weather

79 532 54 24 with
142 533 37 22 the
189 540 39 14 sea
234 540 24 14 as
267 531 87 23 smooth
360 539 23 14 as
390 532 66 27 glass,
466 531 76 27 laying
549 531 64 21 down
622 531 38 21 the

79 559 102 28 mooring
200 559 84 22 tackles
302 558 94 27 brought
413 562 41 18 out
471 558 31 26 by
516 558 41 20 her
570 557 35 21 for
622 557 38 21 the

77 585 113 23 Taranaki
202 585 124 27 roadstead,
344 585 120 26 consisting
472 584 25 21 of
510 587 42 18 two
566 582 94 23 anchors

77 612 102 28 upwards
194 613 26 21 of
231 612 61 22 three
305 615 51 18 tons
371 611 61 25 each,
449 611 25 21 75
484 610 96 21 fathoms
591 613 67 23 apart,

76 639 127 22 connected
215 639 31 27 by
258 639 28 21 45
300 638 93 21 fathoms
408 637 26 21 of
445 636 66 22 chain
523 636 59 21 from
597 636 61 27 each,

77 666 100 27 meeting
195 666 26 21 15
352 664 24 21 of
395 662 81 22 double
495 665 77 23 strong
595 662 65 22 chain

76 692 80 28 bridle,
170 692 107 22 shackled
284 694 23 18 to
317 698 14 13 a
341 690 58 26 large
410 688 109 28 coppered
529 689 70 27 buoy;
616 688 44 23 dis-

77 721 50 19 tant
141 719 67 21 about
224 722 41 18 two
274 717 64 21 miles
352 716 43 21 and
404 722 13 14 a
426 714 53 28 half,
494 715 97 27 position
600 715 60 22 fixed

77 745 62 22 since
149 752 29 15 on
188 745 63 21 chart
264 744 36 21 for
308 742 89 22 Colonel
406 740 125 23 Wakefield
540 742 30 26 by
580 742 80 22 Octav-

77 772 34 21 ius
130 772 130 26 Carrington
274 776 112 19 surveyor.
413 768 103 22 Another
531 768 82 22 similar
627 772 33 19 set

77 798 27 21 of
104 798 113 26 moorings
222 796 40 22 left
267 796 92 21 London
365 803 6 19 ;
381 795 42 22 but
428 794 51 23 half
481 794 27 22 of
513 794 69 28 them,
592 795 70 27 buoy^

75 824 84 27 stocks,
173 824 42 21 &c.
224 823 45 22 had
278 826 22 18 to
310 822 28 22 be
346 821 41 22 left
396 824 22 19 at
427 821 126 28 Plymouth,
562 825 23 18 to
594 822 65 21 make

76 858 64 14 room
154 850 33 22 for
199 850 138 27 passengers'
355 853 76 18 stores.
461 848 91 28 Captain
563 848 97 23 Skinner

76 876 87 24 arrived
171 876 54 22 with
234 875 151 22 considerable
392 874 162 28 apprehension
565 875 45 22 and
619 883 40 14 un-

75 903 97 22 easiness
182 902 122 28 respecting
314 902 37 22 the
363 902 71 27 safety
444 901 25 22 of
479 902 38 21 the
528 902 130 27 anchorage,

76 930 44 21 and
130 930 37 21 the
177 928 126 23 difficulties
312 929 26 22 of
348 928 146 26 discharging,
505 928 56 21 from
575 932 84 22 reports

76 956 43 22 and
128 956 144 22 information
287 958 23 19 at
323 955 100 27 London,
439 951 46 24 and
493 961 44 15 was
546 954 61 27 quite
616 961 43 15 un-

76 982 108 28 prepared
194 983 36 21 for
244 982 46 22 and
304 982 107 27 surprised
429 984 23 17 at
467 980 37 21 the
520 980 139 22 remarkable

75 1008 95 23 fineness
187 1010 27 21 of
226 1008 38 23 the
273 1008 95 22 weather
383 1007 81 26 during
477 1006 35 22 his
528 1009 56 24 stay.
611 1007 47 22 The

76 1035 128 23 favourable
215 1036 88 26 opinion
312 1034 28 21 he
354 1034 43 21 had
406 1032 87 23 formed
503 1032 44 22 and
558 1040 43 14 was
609 1040 49 20 pre-

74 1062 70 28 pared
154 1066 22 17 to
185 1062 51 26 give
246 1062 26 21 of
279 1061 37 21 the
324 1060 68 28 place,
408 1059 35 21 his
453 1060 117 25 exertions,
582 1059 43 21 and
634 1060 24 21 in

74 1090 37 21 the
130 1088 145 22 unfortunate
293 1087 93 22 absence
406 1086 25 21 of
449 1086 91 27 Captain
559 1081 98 32 Liardet,

74 1115 93 22 anxious
188 1113 199 33 superintendence
402 1113 23 21 in
443 1112 70 27 fixing
531 1112 38 21 the
585 1119 73 15 moor-

72 1141 57 27 ings,
145 1140 45 22 and
198 1140 35 22 his
241 1140 91 27 general
344 1139 97 27 obliging
451 1139 44 21 and
508 1139 150 27 gentlemanly

75 1167 128 28 disposition
213 1166 92 23 secured
315 1170 23 18 to
345 1166 91 28 Captain
447 1165 99 27 Skinner,
557 1166 38 21 the
605 1165 54 28 high

74 1195 91 27 opinion
180 1194 45 21 and
240 1198 83 17 esteem
334 1193 23 22 of
363 1194 45 20 .the
422 1192 133 27 Company's
565 1193 91 26 Agents,

73 1221 44 22 and
127 1220 144 23 Taranakites
284 1220 25 21 in
318 1219 95 28 general,
430 1219 44 21 and
484 1219 11 21 I
506 1226 35 14 am
551 1219 46 21 also
606 1215 52 30 glad

74 1252 23 17 to
107 1251 63 23 state,
189 1247 48 22 that
250 1246 29 22 he
289 1246 46 22 also
344 1246 52 22 took
406 1245 54 22 with
468 1245 47 22 him
530 1245 38 21 the
577 1245 81 22 thanks

73 1274 27 22 of
114 1274 36 21 his
166 1274 63 21 cabin
244 1280 129 20 passengers
392 1272 80 27 (above
485 1272 137 27 mentioned)
634 1280 24 13 as

74 1300 118 28 expressed
202 1300 24 21 in
235 1299 37 22 the
282 1299 111 27 following
402 1299 102 26 address;
518 1299 58 21 from
586 1299 72 21 which

74 1328 19 21 it
110 1334 93 20 appears
219 1326 53 28 they
286 1326 46 21 had
345 1326 46 21 also
406 1325 108 26 arranged
529 1328 24 18 to
570 1325 56 21 have
645 1333 13 14 a

74 1353 136 22 testimonial
223 1353 116 27 presented
349 1356 20 18 to
378 1351 48 22 him
435 1352 58 21 from
502 1352 68 27 them,
587 1359 27 14 on
623 1351 35 22 his

74 1380 82 22 arrival
163 1380 25 21 in
198 1379 100 22 London.

124 1413 57 23 New
191 1412 124 29 Plymouth,
326 1413 56 22 New
390 1412 107 27 Zealand,
508 1411 51 22 11th
569 1412 87 28 March,

337 1441 58 21 1842.

72 1467 35 23 To
118 1466 93 28 Captain
221 1467 76 21 James
307 1466 101 27 Skinner,
420 1466 26 21 of
453 1466 37 21 the
502 1466 118 21 Timandra.

100 1499 42 26 Sir,
171 1499 44 21 We
230 1498 37 22 the
277 1497 148 27 undersigned
441 1497 63 22 cabin
519 1504 137 21 passengers,

72 1527 44 25 beg
130 1526 64 21 leave
203 1528 23 18 to
236 1525 55 21 offer
305 1532 44 19 you
362 1532 41 14 our
411 1528 101 18 warmest
526 1524 86 26 thanks,
622 1524 35 21 for

73 1553 38 21 the
120 1554 64 25 great
193 1551 44 23 and
246 1551 97 23 uniform
349 1551 106 22 kindness
463 1558 46 20 you
518 1551 56 21 have
584 1551 74 21 shewn

72 1586 27 15 us
109 1579 73 21 whilst
196 1586 29 14 on
235 1580 46 20 our'
288 1584 90 21 passage
391 1577 59 22 from
464 1577 105 28 England
578 1580 22 18 to
614 1577 44 21 this

73 1605 72 28 place.
173 1605 42 21 We
229 1605 56 27 hope
300 1612 45 19 you
358 1604 44 22 will
417 1604 87 22 receive
518 1605 36 21 the
569 1607 90 24 present

74 1631 74 23 which
160 1631 46 22 will
222 1632 64 21 await
299 1638 55 19 your
362 1630 82 22 arrival
456 1631 24 21 in
494 1631 100 26 London,
611 1637 23 15 as
645 1638 14 14 a

73 1662 114 18 memento
193 1658 57 21 from
255 1666 34 18 us,
295 1657 54 27 who,
360 1657 99 22 whether
464 1658 23 20 in
493 1657 57 22 New
556 1657 101 21 Zealand

73 1688 26 19 dr
118 1685 125 26 elsewhere,
265 1684 45 22 will
327 1691 51 15 ever
394 1684 127 22 remember
538 1691 47 26 you
605 1684 53 21 with

74 1714 84 20 esteem
168 1711 43 21 and
220 1710 85 27 regard.
335 1711 90 27 Hoping
433 1708 49 24 that
495 1711 37 21 the
538 1709 58 23 kind
603 1710 55 22 Pro-

73 1738 95 23 vidence
182 1737 73 23 which
269 1738 41 21 has
323 1737 95 27 brought
432 1744 26 14 us
472 1737 53 21 here
540 1737 25 21 in
579 1737 78 26 safety,

74 1765 46 21 will
129 1765 23 21 in
163 1765 43 21 due
217 1764 53 22 time
277 1767 81 19 return'
366 1770 46 21 you
420 1763 25 21 in
458 1763 76 22 health
543 1763 46 22 and
598 1770 60 15 com-

73 1792 45 22 fort
128 1795 22 19 to
159 1791 38 22 the
208 1791 76 22 bosom
295 1791 26 21 of
326 1797 54 20 your
389 1790 83 27 family.

257 1824 42 22 We
307 1824 84 22 remain
400 1824 42 27 Sir,

147 1852 82 23 Your's
237 1851 53 22 with
300 1858 64 20 every
373 1850 84 28 feeling
466 1850 27 23 of
497 1854 93 24 respect,

109 1885 52 23 You
176 1885 45 22 will
242 1885 73 26 oblige
335 1891 34 15 me
385 1884 44 22 and
448 1884 37 22 the
512 1885 146 21 Taranakites

72 1912 123 29 generally,
206 1912 30 27 by
244 1911 107 27 inserting
361 1910 37 22 the
408 1911 77 21 above.

291 1937 12 23 I
314 1945 35 15 am
358 1938 42 24 Sir,

291 2047 147 25 NELSON.

1934 2003 64 21 Bone
2018 2003 112 22 Manure.
2159 2004 73 21 Bones
2251 2003 57 22 have
2320 2003 87 28 ~alway3
2431 2003 68 22 bea-

1907 2029 55 21 used
1971 2037 24 14 as
2005 2037 40 14 one
2055 2031 27 20 of
2093 2030 37 22 the
2145 2029 137 28 ingredients
2292 2031 25 21 of
2327 2030 49 22 that
2390 2030 99 22 multifa-

1906 2056 58 22 rious
1978 2057 95 21 mixture
2089 2057 25 21 of
2125 2057 52 21 offal
2187 2057 25 21 of
2223 2057 30 21 all
2265 2057 66 21 kinds
2345 2064 13 14 a
2372 2056 103 27 dunghill
2480 2065 7 18 ;

1906 2083 40 21 but
1955 2083 17 21 it
1980 2084 18 21 is
2010 2083 52 28 only
2072 2083 26 21 of
2108 2083 44 22 late
2162 2090 64 20 years
2235 2083 48 22 that
2290 2083 58 22 their
2366 2083 123 22 extraordi-

1908 2117 54 20 nary
1968 2110 63 22 value
2040 2118 23 14 as
2069 2117 93 15 manure
2170 2111 42 21 has
2218 2110 56 22 been
2282 2110 55 27 fully
2343 2109 146 23 ascertained.

1907 2137 75 21 About
1991 2137 56 26 forty
2055 2144 66 20 years
2130 2144 50 19 ago,
2191 2144 30 14 an
2231 2137 157 27 acquaintance
2396 2137 25 21 of
2430 2137 60 21 mine

1908 2170 43 15 was
1960 2164 129 26 cultivating
2100 2172 13 13 a
2122 2164 64 21 small
2202 2167 67 18 estate
2282 2164 25 21 of
2316 2164 34 21 his
2368 2170 47 15 own
2423 2171 6 19 ;
2445 2163 44 22 and

1906 2189 56 23 from
1972 2193 40 19 not
2019 2190 85 27 having
2119 2191 58 21 been
2187 2190 114 27 oi-iginally
2316 2190 97 27 brought
2420 2198 30 19 up
2465 2193 24 19 to

1907 2217 102 27 farming,
2020 2224 44 14 was
2075 2217 37 21 the
2122 2224 60 14 more
2192 2217 69 27 ready
2269 2219 22 19 to
2301 2220 35 24 try
2344 2217 65 21 novel
2422 2224 68 19 expe-

1906 2244 96 22 riments.
2031 2245 21 21 A
2068 2244 59 27 pack
2144 2243 24 22 of
2185 2243 85 22 hounds
2288 2251 44 14 was
2349 2244 54 27 kept
2416 2244 24 21 in
2455 2244 35 22 his

1906 2271 193 26 neighbourhood;
2122 2270 45 22 and
2181 2270 43 21 this
2238 2269 113 23 furnished
2369 2270 48 22 him
2435 2271 55 21 with

1907 2304 28 14 an
1951 2298 138 27 opportunity
2106 2297 26 21 of
2148 2297 113 26 obtaining
2275 2300 24 18 at
2313 2297 64 21 small
2388 2300 47 18 cost
2450 2297 39 22 the

1907 2324 67 21 bones
1986 2325 24 21 of
2021 2324 36 22 the
2069 2323 39 22 old
2115 2324 74 21 horses
2206 2323 46 21 and
2261 2323 61 22 other
2331 2323 95 23 animals
2441 2324 49 22 that

1906 2358 56 14 were
1981 2351 139 26 slaughtered
2139 2351 35 21 for
2191 2350 54 22 food
2263 2353 22 19 to
2304 2350 37 21 the
2360 2350 61 27 dogs.
2450 2351 38 21 He

1906 2377 111 26 invented,
2034 2384 22 15 or
2073 2380 38 24 got
2118 2377 66 21 made
2198 2377 35 21 for
2241 2377 53 27 him,
2312 2384 15 14 a
2337 2376 104 22 machine
2454 2377 37 22 for

1908 2404 101 27 crashing
2017 2406 36 20 the
2062 2404 71 22 bones
2141 2412 5 19 ;
2162 2403 46 22 and
2216 2404 53 21 then
2280 2403 78 28 spread
2372 2403 61 22 them
2443 2410 23 15 as
2475 2412 15 14 a

1907 2431 145 27 top-dressing
2068 2438 29 14 on
2109 2438 13 14 a
2136 2438 60 19 grass
2205 2430 60 26 field,
2275 2430 38 22 the
2327 2430 40 21 soil
2381 2430 26 21 of
2417 2430 73 22 which

1908 2464 43 15 was
1960 2464 12 14 a
1982 2465 49 14 sour
2038 2457 41 22 red
2090 2457 56 27 clay,
2163 2457 49 21 that
2220 2457 112 28 produced
2341 2457 92 26 nothing
2449 2457 41 21 but

1908 2483 69 28 dyers'
1989 2485 74 21 broom
2073 2484 45 22 and
2135 2483 37 22 the
2182 2484 62 21 other
2259 2483 73 22 weeds
2341 2483 49 22 that
2403 2483 87 28 usually

1907 2518 57 18 grow
1970 2518 29 14 on
2006 2511 52 21 such
2067 2511 48 26 soil,
2123 2510 65 28 along
2193 2511 53 21 with
2251 2510 36 21 the
2296 2513 95 19 coarsest
2396 2517 93 20 grasses.

1907 2537 46 22 The
1963 2538 65 21 effect
2036 2537 113 28 produced
2158 2538 30 27 by
2196 2537 38 21 the
2240 2537 69 21 bones
2319 2544 44 14 was
2373 2537 117 28 strikingly

1907 2565 88 21 evident
2009 2565 23 21 in
2046 2565 37 21 the
2101 2567 54 19 next
2171 2563 86 29 spring;
2276 2564 38 21 the
2326 2563 71 28 dyers'
2414 2564 76 22 broom

1907 2591 44 21 and
1966 2591 62 21 other
2043 2590 73 22 weeds
2125 2590 45 22 had.
2186 2591 79 26 mostly
2276 2590 152 28 disappeared,
2445 2591 45 21 and

1906 2625 55 14 were
1968 2617 125 22 succeeded
2101 2619 28 26 by
2137 2624 13 14 a
2160 2617 57 22 close
2224 2617 155 27 undergrowth
2385 2617 25 21 of
2417 2617 72 22 clover

1906 2645 44 21 and
1968 2645 43 21 fine
2029 2651 92 20 grasses.
2149 2644 47 21 The
2216 2644 81 21 animal
2315 2647 79 18 matter
2409 2644 26 21 of
2451 2643 38 22 the

1905 2671 66 22 bones
1980 2678 28 14 no
2017 2671 68 21 doubt
2095 2670 136 22 contributed
2238 2671 66 21 much
2313 2673 22 18 to
2343 2671 45 20 this
2398 2670 91 28 striking

1908 2698 145 22 amelioration
2061 2706 5 18 ;
2087 2697 41 22 but
2137 2697 37 21 the
2184 2697 62 21 earth
2256 2697 23 21 of
2290 2697 38 21 the
2337 2697 75 27 bones,

1907 2725 63 26 cially
1981 2725 36 21 the
2028 2724 120 27 phosphate
2158 2724 26 21 of
2193 2724 60 26 lime,
2267 2724 46 21 also
2322 2724 52 21 bore
2384 2724 28 21 its
2425 2724 64 21 share

1906 2752 24 22 in
1939 2753 24 20 it.
1992 2752 84 20 Aikin's
2085 2752 139 20 illustrations
2235 2751 26 24 of
2269 2752 54 19 Arts
2332 2751 42 20 and
2388 2751 100 21 Sciences.

1934 2806 108 21 Genuine
2056 2806 104 20 Yankee
2176 2807 83 19 Story.
2289 2806 44 20 The
2348 2806 108 25 following
2469 2806 20 19 is

1906 2840 12 13 a
1925 2835 42 19 fact
1975 2842 6 12 :
2012 2834 58 20 Once
2078 2840 59 20 upon
2147 2840 12 13 a
2168 2834 57 25 time,
2236 2833 59 19 when
2306 2833 35 19 the
2350 2833 76 26 packet
2441 2833 47 26 ship

1908 2862 118 20 Coriolanus
2036 2868 42 13 was
2095 2861 110 25 returning
2219 2861 55 19 from
2283 2860 113 26 Liverpool
2404 2863 22 17 to
2436 2859 53 21 New

1905 2889 66 24 York,
1982 2890 36 19 the
2028 2891 109 24 carpenter
2149 2894 42 14 was
2209 2888 62 19 taken
2285 2887 52 25 sick,
2354 2887 42 20 and
2414 2887 52 20 after
2476 2894 13 13 a

1906 2917 57 19 short
1972 2916 71 20 illness
2054 2915 87 26 expired
2151 2921 29 13 on
2191 2915 71 19 board.
2301 2914 33 20 He
2353 2915 42 19 had
2409 2921 28 13 an
2452 2915 42 19 in-

1905 2944 100 25 teresting
2014 2950 45 19 son,
2070 2943 46 19 who
2127 2948 41 14 was
2175 2942 33 20 his
2214 2942 98 20 assistant
2318 2947 21 13 as
2347 2941 47 26 ship
2402 2948 87 19 carpen-

1905 2973 37 22 ter,
1954 2971 41 19 and
2004 2971 34 19 the
2047 2971 45 24 boy
2106 2969 61 20 loved
2181 2969 33 19 his
2229 2969 68 19 father
2314 2969 49 19 with
2378 2969 37 20 the
2433 2971 56 19 most

1904 2998 51 20 filial
1963 2998 104 20 affection.
2096 2997 45 19 The
2148 3002 52 20 poor
2207 2996 84 25 youth's
2298 2996 60 19 heart
2365 3002 41 14 was
2414 2997 75 20 almost

1904 3024 78 20 broken
1993 3027 21 17 at
2024 3024 35 20 the
2068 3024 43 20 loss
2122 3023 24 20 of
2153 3024 33 19 his
2195 3024 81 25 parent,
2287 3023 42 20 and
2332 3029 28 14 no
2367 3024 122 25 persuasion

1904 3052 61 19 could
1974 3052 75 19 induce
2056 3051 46 19 Mm
2111 3053 23 17 to
2143 3051 57 19 leave
2216 3051 36 19 the
2267 3050 64 26 body.
2368 3051 45 20 The
2428 3051 62 20 usual

1903 3078 143 27 preparations
2056 3078 35 20 for
2101 3084 12 14 a
2119 3078 83 19 funeral
2211 3080 22 17 at
2243 3084 34 14 sea
2292 3084 54 14 were
2361 3078 60 20 made
2430 3086 5 16 ;
2451 3078 37 20 the

1903 3113 52 19 poor
1964 3108 108 23 carpenter
2081 3111 42 14 was
2136 3105 67 20 sewed
2217 3111 28 20 up
2254 3105 24 19 in
2287 3112 13 13 a
2315 3105 92 26 winding
2423 3106 65 24 sheet,

1904 3134 40 19 and
1953 3133 50 20 with
2010 3133 44 19 him
2062 3138 42 14 was
2114 3134 39 24 put
2162 3139 27 13 an
2199 3132 37 19 old
2251 3132 128 26 grindstone,
2396 3133 92 24 hatchet,

1904 3161 40 19 and
1953 3160 71 24 chisel,
2034 3162 23 17 to
2068 3166 50 20 cary
2130 3160 45 19 him
2192 3160 60 19 down
2266 3162 22 18 to
2306 3160 32 20 his
2355 3160 51 25 long
2413 3163 43 17 rest
2464 3160 24 20 in

1904 3188 35 19 the
1949 3193 71 14 ocean.
2047 3187 48 20 The
2102 3193 51 20 poor
2162 3188 48 24 boy-
2219 3193 54 20 grew
2286 3188 77 19 frantic
2379 3188 61 20 when
2455 3188 34 19 his

1903 3215 67 20 father
1979 3221 40 14 was
2028 3214 66 21 about
2104 3217 21 17 to
2136 3214 25 20 be
2170 3214 120 21 committed
2301 3217 22 18 to
2333 3214 36 21 the
2378 3215 66 26 deep,,
2448 3215 48 24 and,

1903 3249 41 13 was
1955 3242 95 26 oblidged.
2057 3244 23 18 to
2094 3242 25 20 be
2137 3242 49 20 held
2189 3237 43 28 Jiff
2246 3242 28 26 by
2287 3243 38 20 the
2340 3242 83 21 sailors.
2459 3242 30 20 At

1903 3270 72 24 length
1986 3270 45 24 just
2045 3272 23 17 at
2085 3269 36 20 the
2126 3268 60 21 'fatal
2200 3270 61 19 lurch
2276 3270 24 20 of
2319 3270 36 19 the
2372 3270 66 20 vessel
2446 3275 42 14 was

1904 3296 78 26 taking'
1993 3297 66 26 place,
2079 3297 37 20 the
2134 3296 48 26 boy,
2202 3297 52 20 with
2268 3297 36 20 the
2321 3297 95 25 strength
2432 3296 24 20 of
2476 3302 13 14 a

1904 3324 86 24 maniac,
2007 3324 65 19 broke
2089 3324 54 20 from
2153 3325 36 19 the
2199 3324 81 24 sailors,
2297 3324 40 20 and
2348 3324 77 20 dashed
2434 3323 54 20 him-

1904 3352 41 19 self
1955 3357 59 21 upon
2022 3351 36 20 the
2073 3352 59 25 body
2149 3354 22 17 at
2185 3352 36 19 the
2238 3357 49 20 very
2304 3353 92 18 moment
2414 3351 19 19 it
2445 3350 45 21 was'

1904 3379 75 25 sliding
1989 3385 48 14 over
2050 3379 39 20 the
2105 3379 67 25 ship's
2186 3379 53 20 side.
2277 3379 22 20 It
2314 3385 41 13 was
2370 3380 23 17 to
2407 3378 43 19 late

1904 3412 47 14 save
1960 3406 43 19 him
2011 3414 6 16 ;
2028 3406 41 20 and
2080 3405 93 27 clinging
2181 3406 71 26 wildly
2260 3408 22 17 to
2292 3406 36 19 the
2337 3405 53 20 dead
2400 3404 55 26 body
2464 3404 25 21 of

1903 3433 34 20 his
1943 3433 75 25 father,
2028 3434 36 20 the
2073 3433 83 26 hapless
2167 3434 41 25 boy
2222 3439 41 14 was
2278 3437 49 15 seen
2345 3434 23 18 to
2377 3432 61 19 make
2448 3437 41 14 one

1904 3461 54 19 swift
1975 3461 85 26 plunge,
2072 3461 43 19 and
2128 3461 109 26 disappear
2246 3460 33 19 for
2294 3465 47 14 ever
2351 3459 61 20 down
2421 3459 22 20 in
2453 3459 36 20 the

1905 3489 78 19 eternal
1993 3494 83 14 caverns
2088 3489 24 19 of
2130 3488 39 20 the
2182 3488 79 25 mighty
2278 3492 71 14 ocean.
2388 3486 51 20 This
2455 3488 34 18 act

1904 3516 114 20 wasinlat.
2029 3516 35 24 97,
2074 3515 44 20 lon.
2132 3516 34 24 79,
2176 3515 67 19 which
2251 3520 41 13 was
2308 3513 50 26 duly
2367 3513 86 21 entered
2459 3519 30 15 on

1904 3545 36 19 the
1948 3544 35 25 log
1998 3543 64 20 book.
2102 3543 44 19 The
2168 3541 116 21 Coriolanus
2299 3541 82 20 arrived
2399 3543 22 18 at
2436 3540 53 20 New

1904 3571 66 26 York,
1989 3570 117 26 completed
2115 3570 29 19 all
2158 3569 36 20 the
2210 3569 95 19 business
2321 3572 135 22 preparatory
2464 3571 23 17 to

1904 3599 37 19 her
1955 3600 50 18 next
2024 3594 49 30 trip,
2094 3597 40 20 and
2153 3595 64 21 sailed
2236 3595 60 26 again
2314 3595 34 20 for
2367 3595 119 26 Liverpool.

1904 3625 69 20 When
1981 3626 24 19 in
2014 3625 36 20 lat.
2062 3625 35 23 79,
2108 3625 43 19 lon.
2162 3624 34 22 48,
2208 3628 144 14 anenormous
2367 3623 63 19 shark
2445 3628 43 14 was

1905 3653 75 25 caught
1988 3660 5 17 ;
2012 3652 41 20 and
2069 3652 60 20 when
2143 3649 76 21 hauled
2228 3656 55 20 upon
2294 3649 59 24 deck,
2365 3656 12 13 a
2386 3651 56 18 most
2451 3656 36 14 ex-

1904 3680 129 25 traordinary
2042 3679 61 20 noise
2112 3677 82 21 seemed
2203 3678 22 18 to
2235 3676 89 27 proceed
2328 3676 56 20 from
2391 3676 35 20 the
2433 3677 54 26 huge

1904 3708 111 19 monster's
2033 3705 103 22 stomach.
2174 3704 45 20 The
2224 3708 100 18 .creature
2340 3710 42 14 was
2392 3705 82 25 opened
2480 3712 11 12 :

1904 3735 42 19 and
1955 3735 58 20 there
2021 3740 41 13 was
2071 3733 36 20 the
2116 3731 82 24 father,'
2203 3731 37 20 the
2249 3737 45 18 son,
2311 3731 36 20 the
2356 3731 129 26 grindstone,

1904 3762 36 20 the
1949 3762 91 24 hatchet,
2052 3759 43 21 and
2104 3760 35 19 the
2149 3758 65 20 chisel
2222 3760 5 18 I
2268 3757 71 21 Olif
2350 3759 19 19 it
2378 3758 44 20 aint
2431 3754 55 34 tr|te,

1904 3790 50 19 then
1963 3795 61 14 never
2038 3793 51 20 may
2104 3786 87 20 another
2207 3786 40 20 fish
2261 3787 60 24 story
2334 3785 28 21 be
2379 3786 94 20 believed
2480 3788 6 18 I

1904 3816 44 20 The
1956 3822 54 20 poor
2019 3816 109 24 carpenter
2136 3813 41 19 had
2186 3814 39 18 not
2235 3813 52 24 died,
2298 3813 38 20 but
2347 3819 43 14 was
2391 3820 4 3 -
2406 3813 50 26 only
2464 3814 25 19 in

1904 3850 12 14 a
1925 3846 71 17 trance
2006 3842 60 19 when
2076 3841 49 26 they
2132 3840 75 20 buried
2215 3840 43 20 him
2266 3847 5 16 ;
2289 3840 41 20 and
2339 3841 60 20 there
2408 3841 26 20 he
2445 3847 42 14 was

1904 3870 124 26 sharpening
2036 3869 34 19 his
2079 3868 93 23 hatchet,
2182 3867 62 20 while
2252 3867 33 21 his
2296 3873 38 14 son
2344 3874 42 14 was
2401 3868 87 26 turning

1905 3898 34 19 the
1948 3897 130 25 grindstone,
2088 3896 51 24 they
2147 3894 82 26 'having
2243 3894 46 26 just
2303 3895 95 20 resolved
2413 3897 22 18 to
2451 3898 37 17 cat

1903 3925 53 20 their
1966 3930 44 20 way
2019 3926 38 17 out
2066 3922 24 21 of
2102 3922 36 21 the
2151 3922 82 21 shark's
2248 3922 101 21 stomach.
2377 3922 111 21 American

1899 3958 73 19 paper.
2002 3950 99 23 Founded
2111 3956 28 15 on
2148 3949 52 22 fact.

1323 149 47 21 The
1381 149 52 27 only
1444 150 100 21 effectual
1555 149 43 23 and
1607 152 131 24 permanent
1746 150 92 27 remedy
1845 150 36 21 for

1297 173 43 23 this
1354 175 121 28 grievance,
1491 177 76 21 would
1581 177 27 20 be
1622 176 39 21 the
1676 176 168 21 establishment
1859 177 25 20 of

1297 200 36 22 the
1344 201 186 25 Governmentin
1536 203 38 21 the
1583 201 67 23 midst
1657 202 26 21 of
1690 203 37 20 the
1734 202 78 27 people
1824 206 21 17 to
1852 202 36 22 be'

1297 227 111 26 governed
1415 236 5 18 ;
1435 229 39 21 but
1482 229 24 21 in
1518 229 36 21 the
1565 228 137 26 meanwhile,
1713 235 33 14 we
1755 229 59 25 hope
1824 236 56 19 your

1297 253 96 28 lordship
1403 254 44 22 will
1460 253 46 23 see'
1514 255 25 21 fit
1558 258 21 18 to
1598 254 74 22 advise
1690 255 42 21 her.
1744 255 98 26 Majesty
1858 258 21 18 to

1297 279 106 23 withhold
1411 281 40 21 her
1459 281 55 22 final
1524 283 72 20 assent
1605 283 22 19 to
1637 280 38 21 the
1683 281 54 21 laws
1751 281 129 21 mentioned

1296 305 24 22 in
1330 306 44 22 this
1387 307 126 27 Memorial,
1524 308 45 21 and
1582 310 23 18 to
1618 307 93 21 instruct
1725 306 37 22 the
1778 307 100 21 Govern-

1297 335 63 19 ment
1368 333 26 21 of
1400 333 43 22 this
1452 333 85 27 Colony
1543 340 22 15 to
1574 333 79 22 amend
1662 332 66 27 them,
1735 340 23 14 so
1769 333 48 21 that
1827 333 52 28 they

1290 365 59 20 .may
1356 359 92 22 become
1457 361 74 21 useful
1547 360 43 22 and
1605 358 123 26 beneficial,
1739 359 44 21 and
1798 363 45 23 not,
1855 368 23 13 as

1297 391 31 15 we
1346 385 92 28 believe,
1455 386 144 22 instruments
1614 385 26 21 of
1656 385 102 27 injustice
1779 386 43 21 and
1840 393 38 20 op-

1295 411 106 26 pression.
1692 413 10 12 s

1330 439 47 24 Mr.
1389 440 134 25 Wicksteed
1535 440 70 31 spoke
1614 448 14 14 a
1639 439 44 23 few
1694 440 72 23 words
1778 440 24 23 in
1821 448 54 23 sup-

1297 476 50 26 port
1359 473 25 23 of
1398 473 38 24 the
1446 474 131 28 resolution,
1596 472 75 23 which
1687 472 30 23 he
1735 472 47 24 laid
1798 472 78 24 before

1298 505 37 23 the
1346 507 100 30 meeting
1456 511 24 19 to
1490 507 30 23 he
1532 506 59 24 dealt
1601 505 55 23 with
1663 512 24 16 as
1695 509 23 19 to
1727 505 37 23 the
1772 506 105 31 majority

1299 538 88 23 seemed
1398 540 34 22 fit.

1330 570 48 24 Mr.
1391 571 97 24 Ludlam
1501 570 109 26 seconded
1621 570 39 24 the
1671 570 125 24 resolution
1803 580 5 19 ;
1831 571 46 23 and

1297 610 12 15 a
1321 603 114 32 desultory
1447 605 128 23 discussion
1586 611 24 15 or
1628 603 76 23 rather
1721 605 157 22 conversation

1296 637 91 23 ensued.
1440 638 46 23 Mr.
1511 638 72 22 Wade
1606 636 142 31 complained
1767 636 50 23 that
1839 636 37 24 the

1318 669 92 24 learned
1419 670 82 23 Editor
1532 670 46 23 had
1586 673 39 18 not
1631 669 68 30 given
1710 669 39 24 the
1760 669 76 31 public
1847 677 31 16 an

1296 707 93 18 account
1400 703 25 23 of
1440 704 36 22 the
1486 703 105 23 different
1598 709 116 16 measures
1721 702 25 23 in
1754 702 36 23 his
1798 710 77 23 paper.

1296 734 47 24 Mr.
1354 734 87 32 Cooper
1453 735 35 24 did
1501 740 40 19 not
1549 734 111 31 complain
1670 735 24 23 of
1703 735 38 23 the
1748 739 81 19 matter
1836 736 42 22 but

1295 767 30 24 he
1337 767 95 24 disliked
1442 769 38 23 the
1486 776 95 16 manner
1591 767 23 22 of
1630 767 38 23 the
1687 768 94 23 motion.
1827 768 48 23 Mr.

1295 799 132 25 Wicksteed
1439 801 37 23 did
1487 806 41 18 not
1539 810 44 22 pay
1594 800 113 23 sufficient
1719 800 116 24 deference
1853 805 22 19 to

1295 832 38 23 the
1344 834 84 30 public.
1464 834 40 24 He
1515 832 88 25 seemed
1615 838 22 18 to
1655 832 67 23 think
1738 833 49 23 that

1295 873 44 15 was
1349 866 37 24 the
1398 867 75 30 public
1481 876 7 19 ;
1538 867 41 23 but
1601 865 47 24 Mr.
1671 866 87 31 Cooper
1770 866 105 30 thought,

1295 898 47 23 that
1361 899 88 24 instead
1471 900 25 23 of
1521 908 13 15 a
1555 899 124 24 resolution
1702 899 56 22 such
1781 907 24 15 as
1829 899 48 23 that

1294 931 85 30 moved,
1393 940 13 15 a
1417 934 134 27 committee,
1565 932 118 31 composed
1699 932 26 22 of
1738 939 95 23 persons
1853 932 23 22 in

1293 964 74 23 whom
1377 965 38 23 the
1428 966 114 23 Colonists
1555 965 78 32 placed
1653 965 129 22 confidence
1795 965 82 22 should

1293 997 28 23 he
1334 998 126 30 appointed.

1327 1030 48 23 Mr.
1387 1031 133 24 Wicksteed
1530 1030 138 25 maintained
1678 1031 50 22 that
1748 1031 64 23 there
1829 1038 47 15 was

1293 1071 28 15 no
1340 1063 72 24 better
1429 1072 49 22 way
1495 1065 25 23 of
1542 1064 99 29 showing
1661 1063 115 23 deference
1800 1069 22 17 to
1840 1064 36 22 his

1293 1096 72 23 fellow
1384 1097 107 23 colonists
1509 1097 55 23 than
1582 1097 30 29 by
1633 1095 83 31 asking
1733 1097 35 22 for
1789 1104 29 15 an
1835 1104 41 15 ex-

1293 1130 101 29 pression
1407 1130 24 23 of
1447 1130 59 23 their
1517 1130 90 30 opinion
1617 1130 24 21 in
1654 1137 14 14 a
1676 1129 77 30 public
1765 1130 109 30 meeting.

1327 1161 44 25 Dr.
1385 1163 77 23 Evans
1474 1162 122 31 suggested
1606 1162 51 22 that
1669 1162 47 23 Mr.
1725 1161 63 32 Earp
1797 1163 81 23 should

1293 1194 28 24 be
1331 1196 119 30 requested
1460 1200 23 19 to
1501 1196 76 23 attend
1593 1194 37 23 the
1652 1196 100 29 meeting
1771 1196 44 22 and
1826 1196 50 30 give

1294 1236 28 15 an
1333 1233 95 19 account
1440 1229 24 23 of
1478 1229 39 23 the
1525 1227 148 32 proceedings
1685 1227 22 24 of
1723 1227 35 23 the
1772 1227 104 29 Council,

1294 1261 25 23 of
1333 1261 74 24 which
1416 1261 29 24 he
1452 1262 47 23 had
1507 1262 58 23 been
1577 1269 12 15 a
1600 1260 101 23 member
1709 1269 7 19 ;
1730 1260 43 23 and
1781 1269 13 14 a
1806 1261 70 30 depu-

1294 1294 70 23 tation
1376 1295 125 30 consisting
1509 1295 24 23 of
1542 1294 47 24 Mr.
1600 1293 100 30 Guyton,
1709 1293 47 23 Mr.
1768 1293 107 29 Ludlam,

1294 1326 44 23 and
1351 1327 46 24 Mr.
1420 1328 95 30 Cooper,
1533 1327 85 29 having
1634 1326 60 23 been
1711 1326 121 31 appointed
1854 1331 22 19 to

1293 1360 53 22 wait
1363 1367 29 17 on
1415 1361 46 23 Mr.
1486 1360 72 31 Earp,
1587 1359 49 23 that
1664 1359 129 30 gentleman
1821 1368 56 14 soon

1295 1394 117 30 appeared,
1429 1394 44 23 and
1492 1393 120 24 addressed
1629 1393 39 22 the
1685 1393 109 30 meeting.
1838 1393 39 23 He

1293 1426 116 30 professed
1420 1426 34 24 his
1466 1427 138 30 willingness
1617 1429 21 19 to
1652 1426 50 29 give
1721 1433 67 22 every
1806 1426 70 22 infor-

1294 1460 85 22 mation
1390 1460 24 22 in
1425 1459 35 23 his
1476 1467 83 23 power,
1580 1459 48 28 but,
1648 1458 25 23 of
1699 1466 87 21 course,
1805 1466 29 15 on
1852 1466 25 15 so

1294 1492 63 23 short
1368 1493 73 22 notice
1452 1493 19 22 it
1483 1500 45 15 was
1536 1492 130 31 impossible
1673 1491 34 23 for
1720 1491 47 23 him
1779 1495 22 19 to
1815 1495 62 19 enter

1293 1525 48 23 into
1353 1533 13 14 a
1377 1525 83 23 critical
1474 1525 27 23 de
1514 1525 24 23 of
1558 1524 29 24 all
1598 1524 69 23 detail
1677 1525 39 22 the
1728 1532 115 15 measures
1855 1525 25 22 of

1294 1558 38 23 the
1354 1558 140 30 Legislative
1514 1557 101 24 Council.
1664 1556 38 24 He
1727 1557 92 23 assured
1840 1557 38 23 the

1293 1592 100 30 meeting
1405 1591 24 23 of
1451 1591 97 31 Captain
1567 1589 117 25 Hobson's
1705 1590 173 23 determination

1294 1628 22 19 to
1328 1625 52 22 ruin
1397 1624 44 23 this
1460 1624 65 31 place
1543 1624 20 23 if
1583 1623 98 31 possible
1693 1632 6 20 ;
1719 1623 45 23 and
1782 1623 30 23 he
1830 1623 47 23 also

1295 1657 122 31 expressed
1433 1666 12 14 a
1467 1664 56 24 very
1541 1662 78 25 strong
1638 1657 83 30 opinon
1740 1657 89 30 against
1840 1656 38 23 the

1294 1690 128 31 Municipal
1443 1690 158 31 Corporations
1626 1688 138 25 Ordinance.
1812 1689 66 23 With

1294 1728 88 26 respect
1394 1728 22 18 to
1427 1723 36 23 his
1474 1724 94 29 general
1582 1721 130 30 behaviour,
1730 1730 25 15 as
1772 1721 106 24 Member

1294 1756 26 23 of
1335 1756 103 29 Council,
1450 1756 50 24 Mr.
1513 1756 62 32 Earp
1592 1755 49 23 said
1659 1754 49 24 that
1727 1755 28 23 he
1775 1760 62 18 went
1855 1760 23 18 to

1293 1789 123 23 Auckland
1438 1789 72 24 under
1535 1789 36 24 the
1598 1789 137 30 impression
1763 1788 51 23 that
1840 1788 47 23 the-

1295 1822 117 24 Governor
1424 1831 45 14 was
1481 1823 87 23 sincere
1579 1822 24 22 in
1619 1822 36 22 his
1675 1821 138 31 professions
1825 1821 25 22 of
1865 1830 13 14 a

1294 1855 72 23 desire
1389 1861 22 17 to
1431 1861 101 26 promote
1553 1855 38 23 the
1612 1855 129 30 prosperity
1763 1854 25 23 of
1820 1854 58 23 Port

1294 1888 125 23 Nicholson
1429 1898 7 19 ;
1448 1888 42 23 hut
1504 1888 28 23 he
1546 1895 54 16 soon
1612 1887 130 23 discovered
1753 1887 37 22 his
1808 1895 68 21 error,

1294 1921 45 23 and
1356 1922 54 23 then
1425 1921 103 23 resolved
1543 1927 22 17 to
1585 1927 83 24 oppose
1689 1920 45 22 and
1751 1920 127 23 embarrass

1294 1955 50 26 the.
1356 1955 155 23 Government
1532 1955 31 30 by
1591 1960 67 23 every
1680 1961 80 15 means
1787 1953 25 23 in
1840 1953 38 23 his

1285 1995 92 21 -power.

1327 2018 71 24 Some
1422 2018 89 24 further
1538 2022 155 19 conversation
1716 2018 93 28 ensued,
1835 2018 43 24 and

1293 2052 54 23 then
1367 2052 44 23 Dr.
1433 2051 87 29 Evans,
1541 2052 48 22 who
1609 2050 149 31 disapproved
1776 2052 26 22 of
1827 2051 48 24 Mr.

1293 2083 151 25 Wicksteed's
1462 2084 129 28 resolotion,
1614 2084 81 22 moved
1712 2083 38 24 the
1762 2083 116 32 following

1293 2118 151 22 amendment.

1320 2156 129 21 Resolvfd:
1488 2155 59 22 That
1557 2162 27 15 an
1594 2155 129 21 immediate
1740 2155 137 26 application

1292 2182 29 21 be
1332 2182 64 22 made
1407 2189 27 14 on
1450 2182 80 21 behalf
1542 2182 25 21 of
1582 2181 37 22 the
1636 2181 138 22 inhabitants
1791 2182 31 21 of-
1834 2182 44 22 this

1294 2209 93 27 district,
1405 2212 22 18 to
1442 2209 41 22 her
1495 2209 112 27 Majesty's
1618 2208 157 27 Government,
1786 2210 92 26 i>raying

1293 2235 49 22 that
1351 2235 34 22 his
1394 2236 110 27 Lordship
1513 2236 37 21 the
1560 2236 114 26 Secretary
1685 2235 26 21 of
1721 2235 61 21 State
1792 2236 35 21 for
1838 2236 38 21 the

1293 2262 107 27 Colonies,
1419 2262 44 22 will
1478 2263 28 21 be
1514 2261 88 29 pleased
1612 2264 22 19 to
1647 2262 95 27 suspend
1753 2261 35 22 his
1795 2262 83 27 judge-

1292 2292 62 18 ment
1369 2297 29 13 on
1413 2290 28 21 all
1459 2289 137 22 Ordinances
1615 2289 79 26 passed
1713 2289 30 26 by
1762 2289 39 21 the
1819 2289 59 21 local

1294 2316 152 21 Government
1452 2316 27 21 of
1484 2316 44 21 this
1538 2315 89 27 Colony,
1635 2315 58 21 until
1698 2315 37 21 the
1741 2315 137 22 inhabitants

1293 2342 92 27 thereof,
1400 2342 57 22 have
1467 2343 56 21 been
1539 2341 64 23 made
1621 2342 134 27 acquainted
1768 2342 54 21 with
1838 2342 38 22 the

1293 2372 100 19 contents
1403 2370 26 21 of
1438 2369 64 22 those
1512 2369 146 25 Ordinances,
1669 2368 44 21 and
1719 2368 57 21 have
1785 2369 44 21 had
1839 2369 38 22 the

1293 2396 140 27 opportunity
1450 2396 27 21 of
1497 2396 96 25 forming
1612 2395 45 21 and
1676 2395 129 28 expressing
1820 2396 58 21 their

1293 2423 100 26 opinions
1403 2423 42 22 and
1455 2423 80 22 wishes
1544 2423 129 26 thereupon.

1326 2458 48 24 Mr.
1390 2458 131 24 Wicksteed
1538 2457 130 25 considered
1680 2457 38 24 the
1730 2458 148 23 amendment

1293 2499 25 16 as
1327 2491 34 23 far
1373 2496 36 19 too
1422 2492 119 31 sweeping
1558 2490 45 25 and
1619 2491 93 31 general
1730 2492 25 22 iv
1772 2492 31 23 its
1822 2499 56 15 con-

1293 2524 136 24 demnation.
1473 2525 47 23 For
1536 2526 102 22 instance
1657 2525 18 22 it
1687 2524 106 30 virtually
1807 2524 71 24 asked

1292 2558 35 23 for
1338 2566 13 15 a
1367 2558 135 31 suspension
1521 2558 25 23 of
1568 2557 37 23 the
1625 2557 162 31 Corporations
1807 2557 70 24 Ordi-

1292 2598 78 22 nance,
1382 2591 73 23 which
1466 2591 31 24 he
1507 2590 101 24 believed
1619 2590 38 23 the
1674 2590 108 31 majority
1800 2591 25 23 of
1839 2590 39 24 the

1291 2624 138 23 inhabitants
1441 2624 25 24 of
1482 2624 58 24 Port
1551 2623 125 25 Nicholson
1695 2623 89 24 desired
1803 2628 21 19 to
1838 2631 37 16 see

1290 2658 25 22 in
1327 2658 84 29 speedy
1422 2659 124 28 operation.

1326 2690 24 24 It
1360 2699 45 15 was
1417 2690 123 32 suggested
1550 2690 47 24 that
1615 2697 14 15 a
1646 2690 128 23 committes
1795 2689 81 24 should

1291 2724 28 23 he
1342 2725 119 30 appointed
1485 2729 23 18 to
1531 2726 76 28 report
1626 2730 60 23 upon
1711 2723 30 23 all
1765 2723 38 23 the
1824 2723 52 23 bills

1290 2758 89 30 passed,
1389 2758 43 23 and
1440 2757 75 23 which
1523 2757 24 23 of
1556 2756 61 23 them
1627 2756 82 23 should
1715 2756 28 23 be
1753 2757 125 29 petitioned

1292 2791 95 30 against,
1400 2791 43 23 and
1455 2790 74 23 which
1541 2789 112 32 approved
1664 2789 30 23 of.
1739 2790 49 22 Mr.
1808 2790 69 22 Mur-

1290 2823 47 31 phy
1360 2824 82 23 offered
1464 2828 24 18 to
1509 2823 80 31 supply
1611 2822 39 23 the
1673 2823 128 23 committee
1822 2823 56 22 with

1292 2857 74 29 copies
1380 2857 32 23 of'
1419 2857 38 23 the
1467 2856 54 24 bills
1533 2856 90 30 passed.

1325 2890 48 23 Mr.
1392 2890 62 23 Hort
1472 2889 44 24 and
1534 2890 47 23 Mr.
1602 2889 22 23 J.
1642 2888 34 24 H.
1692 2889 104 23 Wallace
1819 2897 56 15 con-

1291 2922 88 24 sidered
1401 2923 47 23 Mr.
1478 2922 132 25 Wicksteed
1634 2922 93 23 entitled
1749 2926 23 19 to
1800 2922 76 31 public

1291 2955 83 24 thanks
1385 2957 34 22 for
1429 2956 38 23 the
1479 2956 88 23 trouble
1583 2955 28 23 he
1622 2955 46 23 had
1683 2955 71 23 taken
1772 2959 23 19 to
1810 2955 66 31 bring

1291 2990 37 22 the
1336 2990 95 22 conduct
1442 2990 26 22 of
1483 2988 52 24 the'
1535 2988 93 24 Council
1635 2988 77 23 before
1723 2988 152 30 the-meeting

1291 3022 44 23 and
1344 3023 124 30 supported
1479 3022 36 23 his
1525 3021 130 24 resolution.

1325 3055 50 24 The
1397 3056 145 23 amendment
1559 3054 44 24 and
1621 3054 124 23 resolution
1765 3061 57 16 were
1834 3058 41 26 put

1290 3088 59 24 from
1358 3089 37 23 the
1407 3089 68 29 chair,
1494 3088 43 24 and
1556 3087 37 24 the
1608 3087 84 23 former
1709 3094 45 16 was
1772 3086 103 24 declared

1292 3122 93 23 carried.

1324 3155 68 23 Some
1404 3155 127 24 discussion
1546 3153 85 25 ensued
1647 3160 25 16 as
1690 3156 23 20 to
1734 3152 38 24 the
1791 3153 84 30 parties

1292 3191 21 20 to
1325 3188 28 23 be
1364 3188 112 24 intrusted
1488 3188 54 24 with
1553 3186 37 25 the
1602 3193 50 16 care
1661 3186 26 23 of
1701 3185 38 24 the
1744 3185 129 23 'resolution

1290 3221 24 23 in
1327 3220 104 31 London,
1441 3221 47 24 and
1504 3221 19 23 it
1542 3227 44 17 was
1602 3218 79 31 finally
1692 3218 140 23 determined
1852 3223 23 18 to

1291 3259 92 26 request
1394 3254 38 24 the
1449 3254 120 24 Directors
1590 3252 25 23 of
1640 3251 38 24 the
1695 3251 59 24 New
1775 3251 101 24 Zealand

1292 3287 118 31 Company
1422 3292 21 19 to
1455 3294 79 16 secure
1546 3285 110 25 attention
1661 3285 34 23 for
1703 3284 39 24 the
1749 3285 125 23 resolution

1291 3320 58 23 from
1360 3320 38 23 the
1411 3320 119 30 Secretary
1542 3318 25 25 of
1581 3318 38 23 the
1633 3317 115 24 Colonies.

1325 3353 50 23 The
1384 3353 116 31 following
1510 3352 129 31 gentlemen
1649 3358 58 16 were
1726 3350 121 32 appointed
1860 3358 13 15 a

1292 3387 127 22 committee
1436 3390 23 19 to
1483 3390 77 26 report
1577 3392 64 23 upon
1657 3384 40 23 the
1716 3391 117 16 measures
1854 3384 24 22 of

1292 3419 38 23 the
1344 3419 94 23 session.

1460 3452 97 30 Captain
1567 3449 101 29 Daniel!,

1457 3484 50 24 Mr.
1520 3485 99 27 Brewer,

1457 3517 50 24 Mr.
1521 3517 106 28 Hanson,

1460 3550 49 24 Mr.
1524 3550 103 30 Cooper,-

1458 3582 51 25 Mr.'
1521 3583 68 27 Hort,

1457 3616 50 24 Mr.
1520 3614 112 25 Rowland
1641 3613 94 29 Davies,

1522 3647 151 28 Fitzherbert,

1460 3682 49 23 Mr.
1522 3680 80 25 Wade.

1326 3715 96 24 Thanks
1431 3722 61 16 were
1502 3713 67 24 voted
1584 3717 24 19 to
1629 3713 39 23 the
1688 3712 125 25 Chairman
1831 3713 45 24 and

1293 3748 37 24 the
1341 3748 100 30 meeting
1452 3745 130 33 adjourned.

1291 3800 2 3 .
1326 3779 108 33 [Having
1443 3781 60 22 been
1514 3778 105 33 deprived
1631 3778 24 23 of
1678 3778 39 24 the
1737 3780 98 23 services
1854 3780 24 23 of

1293 3822 40 16 our
1345 3818 100 27 reporter
1461 3813 31 31 by
1510 3821 14 15 a
1541 3813 43 23 late
1599 3811 109 32 unhappy
1720 3813 110 29 accident,
1841 3820 35 16 we

1293 3855 37 16 are
1342 3847 52 30 only
1405 3847 49 23 able
1464 3851 23 18 to
1499 3846 50 30 give
1565 3852 29 16 an
1612 3844 85 24 outline
1718 3846 25 22 of
1764 3845 38 23 the
1822 3853 53 23 pro-

1293 3880 105 31 ceedings
1407 3887 5 21 ;
1431 3879 82 29 which,
1523 3878 106 32 perhaps,
1643 3878 45 23 will
1698 3877 34 30 he[
1744 3879 132 22 considered

1293 3913 119 28 sufficient,
1424 3920 25 16 as
1458 3920 30 16 no
1500 3911 106 33 speeches
1624 3910 32 25 of.
1662 3910 101 33 peculiar
1781 3912 95 24 interest

1292 3955 58 17 were
1362 3944 135 33 deli/ered.]
1521 3957 4 4 -
1632 3947 4 3 '

720 764 25 24 A
754 765 76 31 public
841 766 99 30 meeting
951 772 45 16 was
1007 765 54 22 held
1071 765 25 22 in
1111 764 38 23 the
1167 764 35 23 Te
1219 763 47 25 Aro

689 797 131 32 Exchange,
832 806 29 15 on
1043 801 23 19 to
1083 797 54 23 take
1154 798 49 22 into
1215 805 51 15 con-

688 831 121 23 sideration
837 831 39 22 the
902 834 78 19 recent
1006 829 150 32 proceedings
1180 830 24 23 of
1230 830 36 23 the

688 863 139 31 Legislative
839 863 103 23 Council.

721 897 98 30 Captain
829 896 130 28 Danieix,
979 895 83 30 having
1072 895 60 23 been
1142 895 67 24 voted
1219 897 47 22 into

688 929 37 23 the
738 929 77 29 Chair,
834 929 81 30 briefly
933 928 119 31 explained
1071 928 40 23 the
1119 936 96 23 purpose
1233 928 33 24 for

687 961 72 24 which
780 962 40 23 the
842 962 100 29 meeting
970 961 45 23 had
1036 961 59 23 been
1118 961 77 29 called,
1224 962 42 23 and

686 994 55 22 then

719 1027 48 23 Mr.
784 1026 156 24 Wicksteed
957 1026 82 24 moved
1057 1026 38 24 the
1106 1027 114 32 following
1230 1035 34 16 re-

686 1060 99 22 solution

713 1101 120 22 Resolved
841 1108 5 13 :
886 1100 59 22 That
963 1100 36 22 the
1018 1100 114 28 following
1149 1101 117 22 Memorial

685 1127 28 22 be
721 1127 117 28 presented
846 1130 23 19 to
879 1128 39 21 her
927 1128 116 27 Majesty's
1053 1128 115 26 Secretary
1176 1128 90 21 ofState

686 1154 33 21 for
729 1154 37 21 the
776 1154 109 21 Colonies.

712 1181 47 22 The
769 1180 149 28 undersigned
926 1180 136 23 inhabitants
1073 1180 27 22 of
1113 1180 53 23 Port
1175 1180 92 23 Nichol-

686 1214 47 20 son,
744 1208 23 21 in
776 1207 56 22 New
840 1207 106 27 Zealand,
951 1208 43 26 beg
1003 1211 22 18 to
1036 1207 43 22 call
1088 1214 56 20 your
1153 1207 114 27 lordship's

686 1235 107 21 attention
811 1237 23 19 to
849 1234 37 22 the
904 1234 106 28 practical
1022 1234 184 25 .inconvenience
1224 1234 42 21 and

685 1260 73 28 injury
767 1260 53 28 they
831 1261 65 22 suffer
912 1261 21 20 in
944 1267 153 19 consequence
1107 1260 26 21 of
1140 1260 35 21 the
1186 1260 83 23 seat_.of

686 1287 154 22 Government
850 1288 82 26 having
946 1287 56 21 been
1012 1286 61 22 fixed
1088 1290 23 18 at
1125 1294 12 14 a
1153 1291 62 22 great
1225 1287 42 22 dis-

686 1316 63 19 tance
759 1314 56 22 from
826 1314 49 21 that
883 1317 49 23 part
941 1314 26 21 of
974 1313 36 21 the
1020 1313 87 27 Colony
1116 1313 24 22 in
1149 1313 71 22 which
1231 1314 36 21 the

685 1341 103 27 majority
793 1341 25 21 of
822 1340 40 21 her
867 1340 117 27 Majesty's
991 1340 96 27 subjects
1094 1340 43 21 had
1143 1340 125 27 previously

685 1367 66 21 taken
761 1375 31 19 up
802 1367 57 22 their
869 1367 78 22 abode.
975 1366 47 21 The
1036 1366 136 22 inhabitants
1184 1367 26 21 of
1216 1367 52 22 Port

685 1393 121 22 Nicholson
824 1393 45 22 and
883 1393 36 22 the
935 1393 101 27 adjacent
1052 1393 101 27 districts,
1169 1394 30 26 by
1212 1394 56 21 their

685 1420 159 22 contributions
860 1423 23 18 to
900 1420 37 21 the
953 1426 104 19 revenue,
1068 1419 77 28 defray
1154 1419 38 22 the
1208 1421 60 26 prin-

686 1447 59 27 cipal
768 1454 108 19 expenses
899 1447 26 20 of
944 1446 38 21 the
1005 1446 161 21 Government.
1201 1447 66 22 Their

686 1480 122 15 commerce
818 1473 34 21 far
862 1472 97 22 exceeds'
970 1473 47 21 that
1029 1472 26 22 of
1067 1473 38 21 the
1116 1473 61 21 other
1186 1474 82 21 British

685 1500 137 21 settlements
830 1500 23 21 in
861 1500 55 21 New
923 1499 100 22 Zealand
1029 1507 5 19 ;
1048 1499 45 22 and
1102 1497 54 24 their
1163 1500 104 22 numbers

686 1534 37 13 are
732 1527 85 27 rapidly
828 1527 126 26 increasing
961 1526 30 27 by
999 1526 150 27 immigration
1158 1527 59 21 from
1231 1527 36 22 the

685 1553 90 22 Mother
800 1553 106 27 Country,
930 1560 52 14 now
1003 1553 132 21 sanctioned
1160 1554 45 21 and
1229 1561 38 14 en-

686 1580 110 27 couraged
809 1580 30 27 by
854 1579 39 22 her
910 1579 115 27 Majesty's
1042 1579 161 28 Government,
1219 1580 48 21 who

685 1606 55 22 have
756 1606 93 28 granted
869 1614 13 13 a
899 1607 90 20 Charter
1002 1609 22 18 to
1041 1606 37 21 the
1092 1606 57 22 New
1168 1607 99 21 Zealand

686 1633 113 27 Company
808 1634 35 20 for
851 1633 37 21 the
903 1640 87 20 express
1005 1640 95 20 purpose
1111 1633 26 21 of
1142 1633 125 28 colonizing

686 1660 42 21 this
740 1664 49 23 part
799 1660 26 21 of
837 1659 55 22 New
902 1659 106 22 Zealand.
1036 1659 64 22 Your
1111 1660 156 22 Memorialists

685 1694 51 19 may
746 1687 26 21 be
780 1686 120 28 permitted
908 1689 23 18 to
941 1686 49 26 add,
1000 1686 50 21 that
1057 1687 24 20 in
1094 1693 30 14 no
1135 1689 49 24 part
1193 1687 25 20 of
1228 1687 39 22 her

685 1713 125 22 dominions
817 1713 42 22 has
873 1713 38 21 the
921 1713 78 24 Queen
1009 1720 14 14 a
1033 1713 59 26 body
1102 1713 25 21 of
1139 1720 61 15 more
1208 1713 59 27 loyal

685 1740 45 21 and
745 1740 119 28 peaceable
885 1740 96 26 subjects
998 1739 54 21 than
1071 1739 54 27 they
1142 1739 51 22 who
1210 1740 56 22 have

685 1767 137 21 undertaken
829 1769 23 19 to
862 1767 63 21 settle
934 1766 38 21 the
978 1765 75 23 shores
1060 1766 26 22 of
1093 1766 79 22 Cook's
1182 1767 84 21 Straits.

711 1793 71 22 These
792 1793 55 22 facts
857 1800 36 15 are
904 1793 71 21 stated
983 1793 23 21 in
1015 1795 92 25 support
1117 1793 25 21 of
1153 1800 40 14 our
1203 1794 63 21 claim

685 1823 22 18 to
718 1824 22 17 at
747 1821 57 20 least
813 1828 30 13 an
853 1820 63 27 equal
926 1820 63 21 share
995 1820 24 21 in
1026 1819 38 22 the
1072 1819 96 22 benefits
1177 1820 90 22 derived

685 1847 56 21 from
749 1847 39 21 the
804 1846 166 22 establishment
986 1846 25 22 of
1022 1846 83 22 British
1120 1847 110 27 authority

685 1873 55 22 New
749 1873 106 22 Zealand.
883 1873 44 21 But
935 1873 58 21 from
1008 1872 38 22 the
1059 1873 149 25 unfortunate,
1223 1875 43 20 and

685 1907 55 19 your
750 1899 156 22 memorialists
915 1899 72 26 think,
995 1902 58 18 most
1064 1900 84 21 unwise
1160 1899 74 22 choice
1245 1901 25 21 of

685 1926 36 22 the
737 1927 57 21 Gulf
807 1927 25 21 of
846 1925 108 23 Shouraki
968 1926 34 21 for
1015 1925 38 21 the
1067 1928 49 19 seat
1130 1926 24 21 of
1167 1926 99 23 Govern-

684 1955 68 24 ment,
762 1953 62 21 these
832 1953 135 24 advantages
975 1959 37 14 are
1022 1953 98 25 scarcely
1129 1952 40 22 felt
1180 1954 25 20 in
1214 1954 53 23 Port

683 1979 131 26 Nicholson,
832 1979 74 22 whilst
924 1979 39 21 the
982 1978 54 22 evils
1053 1978 84 27 arising
1152 1979 56 22 from
1224 1980 42 25 .the

685 2005 105 26 difficulty
801 2005 24 21 of
838 2005 186 21 communication
1038 2005 54 19 with
1100 2005 166 22 Aucklandafe

683 2038 127 18 numerous,
820 2033 110 22 constant,
940 2029 46 23 and
995 2029 124 27 harassing.

711 2057 42 23 We
769 2057 75 22 would
857 2057 120 28 especially
993 2057 71 21 direct
1073 2064 57 19 your
1138 2057 128 28 Lordship's

685 2085 110 21 attention
806 2088 22 18 to
838 2091 61 14 some
913 2084 26 20 of
949 2083 38 21 the
1003 2086 78 19 recent
1089 2084 145 27 proceedings
1244 2085 24 21 of

684 2111 38 22 the
733 2110 133 28 Legislative
875 2109 97 27 Council,
983 2110 93 22 because
1086 2117 33 15 we
1130 2118 35 14 are
1176 2111 90 22 convin-

686 2138 41 22 ced
736 2137 48 23 that
793 2137 46 22 had
848 2144 31 15 we
888 2136 114 29 possessed
1016 2136 38 22 the
1069 2144 77 14 means
1156 2137 25 21 of
1193 2145 73 19 repre-

685 2165 85 26 senting
780 2171 40 15 our
831 2168 68 17 wants
909 2163 43 21 and
963 2163 76 21 wishes
1050 2166 21 18 to
1082 2163 48 22 that
1138 2164 125 27 Assembly,

685 2191 84 22 several
783 2197 111 15 measures
908 2196 50 15 now
971 2189 79 28 passed
1066 2190 47 21 into
1126 2190 53 22 laws
1194 2192 71 21 would

685 2218 56 22 have
755 2219 58 21 been
834 2216 125 28 materially
974 2216 114 27 amended,
1105 2224 25 14 or
1142 2221 42 18 not
1196 2215 70 25 intro-

685 2245 73 20 duced
766 2247 23 18 at
798 2244 36 21 all.
1206 2257 15 7 -

712 2271 47 23 The
769 2271 105 26 Supreme
885 2271 85 21 Court's
978 2270 126 22 Ordinance
1110 2271 102 27 provides
1219 2271 48 23 that

685 2298 38 22 the
745 2298 67 22 Chief
833 2297 84 23 Justice
939 2297 55 22 shall
1013 2297 54 21 hold
1084 2297 36 22 his
1137 2297 87 28 sittings
1242 2300 22 20 in

686 2324 122 22 Auckland
824 2324 61 27 eight
903 2323 90 23 months
1011 2323 24 22 in
1055 2331 67 20 every
1139 2332 61 19 year,
1217 2325 49 22 thus

684 2352 88 27 leaving
790 2351 53 27 only
855 2351 50 21 four
921 2350 88 22 months
1027 2350 36 22 for
1081 2351 77 26 sitting
1175 2352 30 27 in,
1222 2353 44 21 and

685 2379 53 26 long
748 2378 45 22 and
801 2377 124 23 hazardous
931 2378 100 27 journies
1041 2380 28 24 to,
1082 2377 38 22 the
1134 2378 64 23 other
1207 2384 58 21 parts

685 2406 26 21 of
721 2405 37 22 the
775 2405 94 21 Islands.
899 2404 67 27 Everj
966 2412 6 7 r
981 2411 65 15 cause
1064 2404 26 21 of
1100 2403 134 29 importance
1247 2407 18 21 is

684 2431 104 23 reserved
796 2431 36 23 for
841 2431 51 22 trial
902 2431 75 21 before
992 2431 38 21 the
1041 2431 68 21 Chief
1120 2431 90 27 Justice,
1222 2433 44 21 and

685 2459 73 21 unless
768 2458 76 27 delays
853 2461 58 19 most
925 2457 107 28 injurious
1045 2457 46 22 and
1100 2459 119 27 expensive
1229 2466 36 15 are

685 2485 120 23 submitted
813 2489 23 18 to
866 2485 85 26 suitors,
959 2484 136 27 defendants,
1103 2485 44 21 and
1154 2485 112 23 witnesses

685 2513 24 21 in
718 2512 37 22 the
765 2513 109 21 Southern
888 2515 61 24 parts
964 2511 23 21 of
999 2511 38 21 the
1054 2511 113 23 Northern
1182 2512 81 28 Island,

685 2539 45 21 and
743 2540 25 21 in
781 2539 38 21 the
835 2538 107 23 Southern
960 2537 81 27 Island,
1065 2542 60 18 must
1144 2539 120 22 undertake

685 2573 95 20 voyages
791 2566 42 21 and
845 2565 99 28 journies
961 2564 24 22 of
996 2565 86 22 several
1091 2565 103 23 hundred
1203 2565 62 23 miles

684 2593 24 21 in
718 2600 14 14 a
745 2597 94 23 country
850 2592 71 22 where
936 2592 37 22 the
987 2591 103 23 facilities
1104 2591 33 22 for
1149 2593 117 27 travelling

685 2626 37 15 are
735 2626 56 21 very
799 2627 55 19 rare,
865 2619 75 22 before
956 2618 52 28 they
1025 2625 42 15 can
1074 2622 3 4 '
1082 2618 75 22 obtain
1172 2619 41 22 law
1222 2621 43 20 and

681 2646 89 27 justice.
798 2646 48 22 The
861 2652 60 16 same
938 2645 88 22 remark
1039 2645 84 28 applies
1137 2648 23 19 to
1175 2654 90 20 persons

685 2673 97 27 charged
794 2673 56 22 with
867 2672 101 22 criminal
985 2671 96 23 offences
1095 2673 28 21 of
1138 2672 73 23 which
1227 2673 37 21 the

685 2700 140 27 punishment
845 2699 73 22 would
933 2698 84 23 exceed
1034 2706 66 14 seven
1117 2707 63 19 years
1196 2703 69 19 trans-

683 2727 118 26 portation.
829 2727 37 21 An
874 2727 168 26 imprisonment
1052 2725 26 22 of
1083 2726 85 22 several
1177 2727 88 21 months

685 2753 74 21 before
769 2753 51 22 trial
829 2755 60 19 must
897 2753 125 27 frequently
1029 2752 30 22 be
1070 2752 99 22 endured
1178 2754 30 26 by
1217 2760 48 21 per-

685 2786 50 15 sons
745 2779 73 23 whom
829 2779 36 22 the
874 2779 43 22 law
925 2786 114 21 presumes
1049 2782 23 18 to
1081 2779 29 21 be
1119 2780 110 22 innocent.

711 2806 41 22 We
761 2806 46 22 had
821 2806 74 27 hoped
909 2805 49 22 that
972 2806 29 27 by
1011 2805 37 22 the
1064 2806 170 22 establishment
1242 2807 26 21 of

685 2832 67 22 Local
769 2833 79 21 Courts
864 2832 52 22 with
928 2832 114 22 extensive
1051 2832 148 28 jurisdiction,
1214 2833 49 22 civil

685 2859 44 21 and
744 2859 108 26 criminal,
869 2859 38 21 the
923 2859 113 21 mischiefs
1055 2859 81 27 arising
1154 2859 57 23 from
1228 2861 36 21 the

685 2885 107 27 difficulty
808 2885 45 22 and
871 2885 150 27 unfrequency
1038 2885 24 21 of
1079 2887 185 22 communication

684 2911 53 22 with
751 2912 37 21 the
799 2911 84 28 Capital
896 2911 74 22 would
989 2911 58 22 have
1062 2911 59 23 been
1134 2913 25 21 in
1175 2921 14 14 a
1203 2917 62 24 great

684 2945 101 15 measure
794 2938 103 22 obviated
903 2946 6 19 ;
923 2938 42 22 but
979 2937 38 23 the
1026 2938 94 22 District
1129 2940 85 22 Court's
1224 2941 41 21 Or-

685 2965 92 22 dinance
787 2965 87 21 confers
883 2964 54 27 only
946 2972 14 14 a
970 2972 52 19 very
1032 2964 86 23 limited
1125 2966 139 27 jurisdiction

685 2998 28 15 on
724 2991 62 22 those
799 2992 85 27 Courts,
895 2991 73 22 whilst
981 2991 38 21 the
1031 2991 47 22 fees
1093 2995 23 19 to
1132 2993 28 21 be
1175 2994 53 27 paid
1241 2997 23 19 to

685 3018 37 22 the
732 3019 86 21 officers
868 3018 3 5 1
881 3026 25 14 so
914 3018 55 27 high
979 3025 23 15 as
1017 3019 130 28 practically
1157 3023 22 19 to
1193 3021 72 21 forbid

685 3045 36 21 the
730 3052 107 20 recovery
853 3045 25 21 of
889 3045 62 21 debts
968 3045 25 21 of
1003 3045 65 21 small
1083 3050 98 18 amount.
1210 3047 23 21 It
1245 3048 19 21 is

685 3071 52 28 only
745 3073 25 21 in
779 3071 168 28 extraordinary
958 3078 60 16 cases
1033 3071 49 23 that
1097 3072 36 22 the
1148 3080 85 21 powers
1242 3075 25 21 of

685 3098 36 22 the
732 3098 69 22 Local
809 3098 72 27 Judge
892 3106 37 14 are
939 3098 118 22 extended.

711 3125 102 22 Another
821 3132 100 15 measure
931 3125 72 22 .which
1017 3125 41 22 has
1073 3126 87 22 excited
1172 3128 92 27 surprise

685 3151 45 21 and
739 3152 69 22 alarm
822 3152 24 22 in
861 3152 43 22 this
918 3151 99 27 District,
1028 3152 20 22 is
1057 3153 71 21 called
1139 3153 36 22 the
1187 3155 76 28 Raupo

685 3178 77 22 House
779 3178 132 27 Ordinance,
926 3179 32 27 by
972 3178 73 22 which
1057 3179 40 22 the
1113 3180 117 22 Governor
1245 3182 19 22 is

686 3205 138 27 empowered
843 3208 21 18 to
893 3206 58 21 issue
975 3212 12 15 a
1010 3206 162 27 proclamation
1194 3207 71 28 fixing

685 3238 14 14 a
708 3232 42 26 day
759 3232 57 22 after
825 3232 72 21 which
906 3232 30 21 all
944 3232 80 22 houses
1034 3233 141 23 constructed
1184 3234 80 27 wholly

686 3265 25 13 or
718 3258 23 21 in
754 3261 50 24 part
819 3259 26 20 of
855 3258 82 27 thatch,
947 3259 70 26 reeds,
1027 3259 54 27 flax,
1093 3260 44 22 and
1146 3261 64 21 other
1218 3268 47 14 ma-

685 3284 74 22 terials
769 3285 134 27 extensively
912 3285 56 21 used
977 3285 24 22 in
1010 3286 110 27 building,
1130 3294 38 14 are
1178 3287 86 28 subjec-

686 3310 38 22 ted
732 3313 22 19 to
764 3311 38 21 the
813 3318 117 15 enormous
945 3315 39 18 tax
998 3312 26 22 of
1035 3316 82 23 twenty
1125 3315 88 26 pounds
1226 3320 39 22 per

686 3345 87 14 annum.
806 3338 49 21 The
869 3338 153 22 enforcement
1038 3339 26 22 of
1081 3339 43 23 this
1141 3341 123 21 Ordinance

685 3364 73 22 would
775 3371 64 15 cause
854 3364 38 22 the
906 3365 93 27 ejection
1014 3365 25 21 of
1058 3365 121 25 thousands
1193 3367 24 22 of
1227 3368 37 22 the

686 3390 99 28 working
794 3392 80 20 classes
890 3391 59 22 from
963 3392 144 22 comfortable
1121 3393 81 27 homes,
1213 3402 52 14 con-

686 3419 96 20 structed
796 3418 29 27 by
834 3417 58 22 their
907 3425 51 14 own
970 3418 85 28 labour,
1072 3419 46 22 and
1131 3421 74 22 would
1214 3428 50 19 ope-

686 3447 46 19 rate
748 3444 127 28 grievously
887 3451 59 21 upon
962 3452 67 20 many
1039 3452 90 21 persons
1143 3454 123 21 possessing

686 3470 87 28 capital.
801 3472 23 21 It
832 3471 74 22 would
914 3471 54 22 bear
982 3472 53 21 with
1048 3473 100 27 peculiar
1161 3473 103 29 hardship

686 3505 29 14 on
731 3497 73 27 newly
821 3498 87 21 arrived
925 3498 144 28 immigrants,
1090 3500 43 22 and
1151 3508 33 14 we
1206 3504 60 18 must

685 3529 114 23 represent
812 3527 22 19 to
843 3531 54 21 your
911 3524 99 28 lordship
1026 3526 49 21 that
1088 3532 44 22 any
1142 3530 91 25 attempt
1242 3531 22 18 to

686 3552 89 21 enforce
779 3552 23 20 it
809 3551 114 27 generally
930 3551 75 23 would
1018 3552 100 27 provoke
1132 3555 89 26 general
1230 3561 34 15 re-

686 3578 185 26 sistance-araong
879 3585 14 14 a
900 3578 128 28 population
1036 3582 25 18 at
1068 3584 90 22 present
1168 3580 93 28 orderly,

685 3604 66 28 loyal,
762 3604 49 22 and-
815 3606 141 20 accustomed
965 3608 22 18 to
997 3606 57 26 obey
1064 3604 38 24 the
1111 3607 60 21 laws.

714 3631 39 22 We
763 3638 38 15 are
809 3631 123 27 persuaded
940 3632 54 27 that,
1001 3632 45 22 had
1055 3632 39 22 the
1098 3640 78 16 means
1183 3633 83 22 existed

686 3658 26 22 of
723 3658 152 31 representing
890 3662 21 18 to
927 3658 38 22 the
980 3659 135 27 Legislative
1126 3660 93 22 Council
1229 3660 35 22 the

685 3685 104 28 impolicy
799 3684 26 22 of
835 3684 36 22 the
885 3685 53 21 laws
952 3688 22 18 to
989 3685 73 22 which
1076 3693 32 15 we
1123 3687 58 21 have
1196 3686 70 22 called

685 3719 56 20 your
749 3710 116 29 lordship's
874 3712 115 27 attention,
999 3712 54 28 they
1062 3712 74 22 would
1144 3713 57 22 have
1208 3713 56 21 been

683 3737 116 29 improved
807 3745 25 14 or
841 3738 140 28 abandoned;
996 3736 42 24 but
1047 3740 81 26 owing;
1137 3744 40 17 not
1182 3740 84 27 merely

685 3768 21 18 to
716 3765 36 21 the
763 3764 103 28 distance,
877 3766 40 20 but
926 3769 23 18 to
959 3765 37 22 the
1008 3765 110 27 difficulty
1125 3766 27 21 of
1161 3766 106 27 reaching

685 3791 118 22 Auckland
819 3792 57 21 from
892 3792 37 21 the
941 3792 72 27 places
1024 3792 80 21 settled
1114 3792 28 26 by
1156 3792 38 22 the
1204 3796 62 22 great

684 3818 101 27 majority
796 3818 25 22 of
827 3818 40 21 her
875 3818 115 27 Majesty's
999 3818 105 26 subjects,
1118 3818 36 22 the
1170 3819 59 26 right
1244 3820 24 20 of

683 3845 136 27 petitioning,
839 3844 92 22 allowed
943 3847 31 18 .to
988 3845 29 20 be
1039 3844 39 21 the
1097 3844 127 27 birth-right
1243 3846 25 21 of

685 3871 81 22 British
774 3871 102 25 subjects,
886 3870 19 21 is
914 3870 103 27 virtually
1028 3870 116 27 annulled;
1160 3871 46 22 and
1213 3871 52 23 laws

684 3904 37 15 are
739 3897 79 27 passed
836 3896 30 26 by
884 3903 87 20 persons
986 3896 69 28 lately
1078 3896 87 23 arrived
1180 3898 23 21 in
1227 3899 37 21 the

685 3923 89 31 Colony,
785 3922 44 23 and
837 3923 132 27 necessarily
986 3923 106 27 ignorant
1106 3924 24 23 of
1142 3931 40 16 our
1194 3928 71 20 wants

683 3949 43 23 and
735 3948 85 25 wiyhei.

98 2104 49 22 The
164 2103 112 22 universal
294 2103 138 27 indignation
448 2102 117 28 expressed
580 2104 77 21 at-the

71 2132 92 26 levying
174 2131 26 21 of
210 2131 102 21 Customs
322 2130 70 21 duties
401 2137 60 19 upon
472 2131 87 20 various
571 2130 87 23 articles

72 2158 73 22 which
163 2157 38 22 the
215 2156 104 23 colonists
335 2156 43 21 had
392 2156 96 27 brought
503 2159 38 19 out
551 2157 34 21 for
600 2157 58 22 their

72 2191 51 16 own
133 2184 85 28 private
227 2183 161 27 consumption,
399 2190 86 15 assures
491 2190 27 15 us
526 2182 49 23 that
582 2191 31 14 we
623 2191 35 15 re-

72 2214 91 24 present
175 2210 39 22 the
226 2210 75 28 public
314 2210 89 27 opinion
417 2209 24 22 in
451 2217 13 14 a
478 2209 105 23 modified
591 2210 66 29 form,

71 2238 67 21 when
149 2245 33 14 we
195 2237 114 27 designate
318 2237 19 21 it
349 2243 24 15 as
382 2244 14 14 a
406 2237 79 26 crying
493 2237 111 27 injustice.
634 2238 24 23 Is

70 2264 20 22 it
98 2264 39 22 the
147 2263 56 22 fault
209 2264 25 21 of
241 2264 37 21 the
288 2263 84 22 settlers
381 2266 23 19 at
414 2261 86 24 Nelson
510 2264 48 21 that
566 2264 36 22 the
612 2265 46 22 Go-

70 2293 121 20 vernment
209 2290 142 27 expenditure
370 2289 40 22 has
429 2290 57 21 been
504 2294 152 26 extravagant,

71 2318 50 21 that
128 2318 54 26 they
189 2317 80 22 should
277 2317 28 21 be
316 2316 69 23 called
391 2323 60 20 upon
460 2320 23 18 to
490 2316 77 28 defray
573 2325 13 14 a
593 2319 65 22 share

72 2345 27 21 of
105 2344 81 22 official
195 2343 164 27 squanderings,
371 2343 73 22 which
454 2351 56 14 were
519 2346 139 26 perpetrated

72 2378 37 15 ere
119 2371 53 27 they
178 2370 46 22 had
231 2370 41 22 left
281 2370 57 21 their
345 2370 75 22 native
431 2370 73 23 shores
511 2371 10 21 ?
548 2372 48 21 Are
604 2372 54 28 they

69 2400 25 19 to
105 2398 74 21 derive
208 2398 57 21 have
276 2396 54 28 they
338 2396 116 23 derived
456 2405 42 19 any
507 2398 85 22 benefit
599 2399 58 22 from

58 2442 4 5 ,
70 2424 38 22 the
119 2425 103 26 13,000,
231 2424 39 21 the
280 2426 62 24 entry
351 2423 26 22 of
387 2424 73 21 which
469 2424 24 21 in
504 2424 155 24 Government

70 2454 108 19 accounts
187 2450 19 23 is
215 2450 38 22 the
263 2450 54 22 fatal
325 2450 78 22 record
412 2450 27 21 of
449 2451 37 21 the
495 2451 89 22 Russell
593 2452 65 23 blun-

70 2477 40 23 der
116 2478 9 21 ?
153 2478 56 21 Had
224 2477 52 27 they
287 2479 47 20 cost
347 2476 37 22 the
394 2477 154 22 Government
562 2486 41 15 one
613 2479 45 22 far-

71 2504 73 28 thing,
154 2504 72 27 when,
237 2504 87 21 arrived
335 2511 28 14 on
372 2503 38 22 the
420 2503 75 22 shores
503 2505 26 21 of
535 2505 56 22 New
601 2506 57 22 Zea-

70 2531 63 27 land,
143 2530 37 22 the
191 2530 62 22 hand
263 2530 26 22 of
295 2530 78 22 official
387 2530 96 28 robbery
493 2539 43 14 was
547 2533 111 22 stretched

72 2558 60 21 forth
141 2560 23 19 to
174 2558 70 26 wring
253 2557 58 22 from
324 2557 84 27 private
418 2560 68 19 stores
497 2558 36 26 (of
540 2559 78 27 which,
633 2560 24 21 in

72 2584 38 22 the
121 2584 103 28 majority
234 2584 26 21 of
265 2591 68 19 cases,
347 2584 38 21 the
394 2591 61 15 same
469 2591 92 21 persons
569 2593 56 16 were
636 2590 22 19 at

70 2617 57 16 once
137 2611 36 22 the
185 2617 84 16 owners
283 2610 45 22 and
342 2613 137 25 consumers)
492 2612 37 21 the
546 2619 78 16 means
634 2614 27 21 of

70 2638 98 27 refilling
176 2637 62 22 those
246 2637 77 23 coffers
330 2637 71 22 which
410 2638 45 21 had
460 2638 58 23 been
526 2638 92 23 drained
627 2641 31 27 by

70 2664 39 22 the
123 2664 162 22 inconsiderate
302 2667 160 24 extravagance
479 2666 26 21 of
518 2666 60 27 quite
594 2667 64 22 other

70 2691 96 27 parties?
193 2691 41 22 We
245 2690 74 23 would
326 2691 46 22 fain
388 2692 57 21 have
460 2699 61 14 some
535 2699 86 16 answer
634 2697 23 18 to

70 2718 64 21 these
144 2718 120 27 questions.
293 2718 40 21 We
348 2725 43 14 can
406 2718 103 28 honestly
518 2726 46 20 say,
580 2720 49 22 that
644 2728 14 14 a

68 2744 147 27 justification
225 2744 25 21 of
262 2744 38 21 the
310 2751 100 15 measure
425 2745 72 21 would
514 2745 51 27 give
580 2754 26 15 us
615 2754 42 15 un-

70 2770 107 27 qualified
192 2770 141 23 satisfaction.
361 2770 45 22 But
422 2772 129 28 unhappily,
567 2780 56 15 even
639 2774 22 21 if

70 2793 40 26 the
125 2804 78 15 means
213 2797 25 21 of
246 2797 143 27 justification
399 2805 57 14 were
465 2798 25 21 in
500 2799 118 26 existence,
633 2803 27 18 to'

58 2824 40 22 'us
108 2823 55 26 they
169 2823 74 22 would
251 2824 28 21 be
286 2824 113 27 asjhough.
408 2823 54 28 they
466 2831 58 15 were
533 2828 46 19 not.
603 2826 55 22 This

70 2851 25 22 in
104 2850 63 22 itself
173 2850 19 21 is
201 2857 14 14 a
222 2847 148 30 grievan^of
378 2857 28 14 no
413 2850 66 27 slight
488 2850 135 29 magnitude^
634 2856 23 19 to

70 2877 76 22 which
150 2884 34 14 we
194 2876 57 21 shall
260 2876 76 21 advert
342 2876 120 23 hereafter:
472 2877 36 22 for
512 2877 39 22 the
560 2882 96 24 present,

70 2904 20 21 it
97 2904 76 21 leaves
182 2910 26 14 us
218 2903 39 21 the
270 2903 53 27 only
332 2910 102 15 resource
443 2903 26 22 of
480 2904 91 28 seeking
580 2906 22 21 in
618 2906 39 21 the

72 2929 122 22 admirable
203 2929 139 22 instructions
355 2929 119 22 addressed
482 2930 30 28 by
523 2931 61 22 Lord
596 2932 62 23 John

72 2956 90 23 Russell
174 2960 22 18 to
205 2956 38 21 the
254 2956 115 22 Governor
378 2958 24 20 of
413 2956 57 22 New
479 2957 106 27 Zealand,
594 2966 63 15 some

72 2983 92 22 shadow
170 2983 26 21 of
202 2990 28 14 an
241 2981 110 28 authority
356 2983 35 21 for
400 2982 38 22 the
448 2984 96 27 severity
553 2984 26 23 of
584 2986 74 21 which

72 3017 33 15 we
116 3009 119 28 complain.
263 3009 42 21 We
316 3009 33 23 do.
356 3016 31 20 so,
402 3009 45 22 and
455 3009 61 23 what
529 3011 30 22 do
568 3019 32 14 we
609 3012 49 23 find

70 3037 65 21 there
140 3037 9 21 ?
180 3035 108 28 certainly
296 3035 92 28 nothing
396 3036 59 22 from
464 3037 73 22 which
545 3038 39 21 the
593 3046 65 15 sanc-

72 3064 55 25 tion,
144 3070 25 15 or
185 3063 37 22 the
239 3062 170 27 contemplation
425 3063 25 21 of
465 3064 55 21 such
536 3071 120 21 measures,

71 3090 69 22 could
149 3090 28 21 be
190 3089 105 22 inferred.
320 3089 39 21 <)n
369 3089 38 21 the
420 3093 109 24 contrary,
545 3098 33 15 we
587 3092 48 22 find
645 3100 13 14 a

71 3116 209 23 recommendation
290 3115 26 22 of
325 3115 36 22 the
371 3119 60 18 most
439 3117 84 21 careful
532 3118 126 22 considera-

71 3144 49 21 tion
135 3144 27 21 of
172 3143 38 22 the
224 3143 101 27 opinions
338 3142 28 22 of
377 3142 38 22 the
433 3142 103 23 colonists
542 3151 7 14 :
569 3151 31 15 we
610 3145 48 23 find

71 3171 113 26 warnings
195 3171 87 26 against
294 3169 98 28 yielding
406 3171 23 19 to
443 3169 38 21 the
494 3171 130 26 temptation
634 3175 23 19 to

73 3197 109 27 arbitrary
192 3196 102 27 conduct,
304 3195 71 23 which
385 3195 39 23 the
433 3197 149 22 unavoidable
589 3199 69 22 union

72 3223 27 22 of
106 3223 38 22 the
152 3223 123 26 legislative
282 3223 44 21 and
333 3222 115 23 executive
456 3223 25 21 in
491 3223 37 21 the
538 3231 60 15 same
607 3232 51 20 per-

73 3256 52 15 sons
134 3250 65 22 holds
209 3252 45 20 out.
281 3249 71 23 These
361 3249 19 21 it
387 3249 20 22 is
415 3249 128 28 impossible
548 3252 23 21 to
579 3258 79 15 recon-

74 3276 42 22 cile
125 3277 54 21 with
191 3277 37 21 the
239 3276 94 22 conduct
343 3275 26 23 of
378 3275 39 23 the
432 3276 112 28 authority
554 3281 22 18 to
585 3278 76 23 which'

74 3302 55 27 they
137 3310 56 15 were
208 3303 135 28 addressed,.
348 3303 23 21 in
385 3303 110 27 imposing
512 3303 72 23 duties
596 3312 65 20 upon*

55 3350 4 5 ,
76 3331 74 25 stores,
171 3330 38 22 the
224 3337 86 15 owners
326 3330 26 22 of
366 3327 72 25 which
455 3329 46 23 had
518 3337 30 15 no
562 3332 96 23 possible

76 3361 76 16 means
159 3356 25 20 of
189 3356 141 22 information
335 3363 30 15 on
374 3356 39 22 the
423 3357 91 27 subject,
525 3360 24 18 at
557 3355 37 24 the
603 3359 55 22 time

76 3380 51 22 that
135 3382 52 27 they
196 3390 56 14 were
262 3383 96 28 shipped.
387 3383 42 22 We
438 3383 138 23 understand
585 3385 48 22 that
641 3386 19 21 it

100 3407 26 21 in
132 3409 168 26 contemplation
306 3411 28 26 by
340 3417 60 15 some
406 3409 26 22 of
435 3418 40 14 our
478 3410 73 23 fellow
555 3412 104 23 colonists

76 3435 24 19 to
110 3434 78 26 appeal
201 3436 85 26 against
299 3437 36 22 the
343 3437 129 27 imposition
488 3440 23 19 to
528 3437 38 23 the
582 3439 76 22 Home

79 3459 160 24 Government.
262 3463 42 21 We
311 3463 55 22 shall
372 3464 28 22 be
408 3463 80 29 happy,
498 3464 21 22 if
525 3465 55 22 such
584 3466 29 21 be
620 3466 38 22 the

77 3492 59 20 case,
140 3489 30 19 to
178 3487 51 26 give
237 3494 65 22 every
308 3490 118 22 assistance
434 3492 24 21 in
468 3498 41 15 our
516 3498 87 22 power;
614 3492 46 23 and

76 3513 97 28 heartily
187 3521 31 15 we
236 3514 54 22 wish
307 3516 59 22 them
382 3524 123 16 success;
505 3520 80 20 iVefton
597 3521 61 20 JExa-

75 3540 84 22 jnineiv

105 3567 25 21 It
137 3567 19 21 is
164 3566 53 22 with
222 3569 62 24 great
289 3567 98 28 pleasure
393 3570 48 23 that
447 3579 34 14 we
488 3572 49 23 find
547 3572 112 24 ourselves

76 3593 132 23 authorized
216 3596 22 18 to
248 3597 61 24 state,
319 3595 47 23 that
370 3597 39 22 the
419 3598 56 23 New
485 3599 98 23 Zealand
592 3600 68 23 Com-.

75 3621 82 49 {>any's
173 3619 80 28 Agent,
261 3620 40 22 has
316 3623 100 23 received
425 3632 14 14 a
453 3632 55 21 very
521 3627 138 27 satisfactory

86 3651 56 18 etter
150 3646 59 22 from
224 3646 34 22 his
274 3647 131 30 Excellency
414 3651 46 22 the'
470 3652 122 28 Governor,
605 3653 53 23 with

74 3676 89 30 respect
172 3676 23 19 to
205 3675 38 20 the
253 3675 75 21 Public
337 3675 113 30 Reserves,
461 3678 39 23 the
514 3680 106 22 selection
636 3681 25 22 of

76 3701 80 26 which,
174 3699 118 28 according
301 3703 22 19 to
337 3701 36 23 the
387 3703 114 30 following
515 3706 112 28 schedule,
638 3708 20 21 is

76 3726 104 24 confided
195 3729 22 19 to
232 3726 54 22 him.
322 3727 41 22 We
380 3729 46 23 feel
442 3733 88 22 assured
551 3734 48 21 that
618 3741 40 15 our

72 3754 77 22 fellow
157 3753 89 23 settlers
254 3753 44 22 will
308 3756 121 25 appreciate
440 3766 24 14 as
472 3759 19 21 it
500 3760 108 27 deserves,
620 3761 37 22 the

72 3781 61 27 good
142 3787 64 16 sense
215 3780 47 22 and
276 3781 57 26 good
349 3784 55 20 taste
421 3784 71 22 which
505 3785 41 22 has
561 3786 97 23 dictated

74 3807 45 22 this
129 3814 77 16 course
213 3814 6 15 :
235 3807 61 22 since
307 3814 26 15 on
343 3815 30 14 no
384 3816 43 15 one
436 3811 66 22 could
514 3812 44 23 this
568 3814 54 26 duty
632 3822 25 14 so

74 3832 161 31 appropriately
245 3833 90 23 devolve
350 3842 25 14 as
390 3843 30 14 on
431 3837 92 28 Captain
533 3839 125 24 Wakefield

72 3863 54 20 at
142 3868 57 15 once
215 3860 38 22 the
275 3863 171 25 representative
469 3864 26 21 of
514 3865 38 22 the
574 3867 84 27 largest

72 3887 146 28 landowners,
228 3887 47 23 and
283 3894 42 16 one
334 3888 27 22 of
370 3888 38 23 the
417 3889 88 28 longest
514 3892 110 23 residents
632 3894 25 21 in

70 3914 40 22 the
119 3915 71 28 place.
358 3912 6 25 (

73 3949 121 24 Schedule
207 3955 28 18 o*
255 3948 116 25 Reserves
392 3957 30 15 of
434 3949 66 25 Land
513 3958 45 16 for
571 3952 85 23 Public

581 63 100 49 2Rfte
702 63 118 43 'Ntttt
845 63 208 42 Ztatattft
1076 62 190 47 (&mttt
1289 62 93 41 anft
1405 63 301 46 mtlttmton
1728 59 252 51 gpcttatov.

2017 152 356 28 MISCELLANEOUS;

688 149 123 27 Purposes,
826 156 114 16 required
954 155 30 15 to
998 155 26 14 be
1039 154 63 15 made
1113 155 24 15 in
1147 154 44 15 the
1201 147 69 23 Town

910 182 26 14 of
949 174 102 22 Nelson.

716 202 67 22 Court
792 201 44 22 and
845 201 85 22 Session
940 201 84 26 House,
1035 199 46 23 Jail
1093 200 46 22 and
1151 199 87 23 Houses
1248 200 25 22 of

690 229 133 21 Correction.

716 255 85 21 Station
815 255 37 21 for
867 253 99 27 Military
975 253 34 21 for
1024 251 62 23 three
1100 251 103 24 hundred
1218 260 51 15 men

692 281 75 26 (about
777 281 35 21 six
820 280 79 26 acres).

716 307 75 22 Police
803 306 81 22 Offices
894 305 69 26 (two).

716 333 75 22 Places
801 333 26 21 of
836 332 79 22 Public
926 331 108 28 Worship.

716 360 89 21 Custom
815 359 77 21 House
903 358 63 26 (near
975 357 37 22 the
1022 357 75 28 public
1107 358 81 27 Quay).

717 385 94 22 Ground
818 385 23 21 in
850 384 38 22 the
894 384 127 22 immediate
1028 385 93 26 vicinity
1127 385 25 21 of
1158 385 38 21 the
1202 385 68 22 Town

690 412 33 22 for
732 411 121 22 recreation
864 410 48 27 (not
920 411 43 21 less
972 410 54 22 than
1036 414 84 24 twenty
1129 412 79 25 acres).

715 437 100 28 Burying
822 437 81 28 places.

715 464 75 22 Police
799 464 101 27 lock-ups
911 463 52 27 (one
973 465 23 19 at
1005 463 55 22 each,
1068 464 118 27 extremity
1196 464 26 22 of
1232 464 37 22 the

689 490 85 27 Town).

714 516 93 22 Powder
815 516 124 27 Magazine.

714 543 78 21 Public
802 543 88 22 Wharfs
899 542 45 22 and
953 542 83 22 Docks.

714 570 70 21 Forts.
801 570 3 5 '

715 596 100 21 Markets
826 596 70 27 (two).

715 622 69 22 Cattle
795 622 90 22 Market
900 630 28 14 on
945 622 39 22 the
1001 625 94 25 country
1103 623 47 22 side
1180 623 47 22 that
1236 623 33 22 for

689 648 62 22 Meat
759 656 54 14 near
822 649 37 21 the
870 653 74 17 water.
972 650 54 20 Ibid.
