2540 4039
1896 3886 70 13 Printed
1979 3886 34 13 and
2025 3886 97 18 published
2138 3890 54 16 every
2208 3886 111 22 Wednesday
2335 3888 36 16 and
2383 3888 87 21 Saturday

1912 3904 88 20 morning,
2013 3904 23 21 by
2054 3904 84 18 Samuel
2151 3906 87 19 Kevans,
2255 3909 19 14 at
2288 3908 32 16 the
2336 3908 55 17 Office
2406 3911 19 16 oi
2437 3912 33 18 thp

1913 3925 48 16 New
1975 3925 95 16 Zealand
2081 3926 89 17 Gazette
2182 3932 41 12 ivnd
2236 3926 239 22 W£lli"}jgtoV'sp3bcta^

1912 3949 43 14 tor,
1968 3946 151 21 Mannervitreot,
2128 3948 114 22 W«lH»,gton,
2253 3949 43 18 Port
2308 3948 105 23 Nichols©*,
2420 3949 52 20 -'KVW

567 68 101 46 SFfjc
690 66 119 42 itfrtß
833 65 207 43 Zcalantr
1063 65 190 47 <£r3?ctte
1276 65 90 40 antr
1389 63 300 49 KapKlingtott
1712 58 252 53 £#matat\

2022 164 3 9 ,
2067 147 77 20 Book

1889 181 112 48 BOOK
2027 179 135 23 BINDING
2184 181 58 21 done
2264 184 24 18 at
2310 179 44 23 the'
2372 180 95 22 Gazette

1950 205 9 14 r
1965 207 76 21 Office.
2074 218 30 5 •••
2127 219 2 4 ■
2191 205 4 11 '
2265 206 5 6 '
2318 205 22 13 J>
2359 219 2 6 .

1889 251 86 47 FQR
1988 244 113 31 SALE.at
2112 244 47 28 'this
2173 245 74 32 office,'
2260 247 80 32 Hyjnn
2352 250 74 23 Books
2439 251 25 21 in

1960 277 35 21 the
2004 277 75 21 native
2088 276 114 28 language.

1915 308 123 23 December
2045 310 34 24 28,
2091 310 64 21 1841..
2192 325 2 4 .

1980 360 161 26 Stationery,
2148 360 60 27 just
2220 362 151 25 unpacked.

1891 393 71 48 ON
1975 392 83 26 SALE,
2074 392 67 22 atthe
2153 394 84 20 Gazette
2252 394 78 26 Office,
2347 402 29 14 an
2387 396 78 19 exten-

1966 419 43 21 sive
2018 418 46 22 and
2073 418 75 22 varieE
2156 423 132 19 assortment
2303 421 27 21 of
2346 421 126 26 stationery*

1889 446 26 21 of
1926 452 64 20 every
1999 445 139 27 description.
2153 444 120 18 ■..."•'«
2316 444 5 2 '
2348 452 3 4 •
2379 444 12 17 ':

1916 472 97 26 January
2024 472 19 26 7,
2058 473 59 20 1842.

1888 533 217 24 WHOLESALE
2133 534 124 23 PRICES
2289 534 178 25 CURRENT.

1987 578 130 15 CORRECTED
2131 578 30 14 UP
2174 578 28 15 TO
2216 578 56 15 LAST
2287 579 82 15 NIGHT.

2222 604 17 17 £
2261 609 15 12 8.
2300 606 19 16 d.
2373 606 17 17 £
2411 611 16 12 I.
2451 606 19 17 d.

1890 632 62 22 Ale:
1968 632 27 22 In
2002 632 79 28 bottle,
2094 633 112 27 perdoz..
2225 634 14 20 0
2253 635 26 19 13
2306 635 15 20 0
2338 648 18 7 ..
2375 637 14 18 0
2415 636 13 20 0
2455 637 14 19 0

1988 660 86 22 Elliot's
2081 660 96 27 per'hhd.
2188 674 18 6 ..
2224 660 14 22 £
2265 661 14 21 0
2306 661 50 21 0..
2374 662 14 20 0
2415 663 12 19 G
2455 663 14 19 0

1890 685 97 22 Arrack
1995 694 4 13 :
2013 686 45 22 Per
2065 686 43 26 gal.
2119 687 24 21 in
2150 686 63 22 bond
2225 688 15 20 0
2266 687 12 20 1
2307 687 14 20 9
2338 701 6 5 .
2350 700 6 6 .
2375 689 14 19 0
2415 689 12 19 0
2455 693 14 18 o

1889 712 92 24 Bread:
1995 712 43 22 Per
2045 712 45 22 2lb.
2101 713 49 21 loaf
2227 715 14 19 0
2262 714 19 21 .0
2307 713 15 21 8
2339 727 18 6 ..
2376 715 13 19 0
2416 715 13 19 0
2456 716 14 19 0

1890 738 72 22 Beef:
1975 738 77 28 Fresh,
2071 746 87 15 carcase
2173 747 40 20 per

2002 765 25 22 lb
2119 767 5 20 :
2223 768 14 20 o
2264 767 13 20 o
2293 767 26 21 io
2337 768 52 20 .^o
2415 767 11 20 i
2455 768 14 19 o

1995 791 53 27 Salt,
2058 799 40 19 per
2109 793 67 21 tierce
2190 807 5 7 .
2202 807 6 6 .
2225 794 55 21 610
2307 794 14 20 0
2339 807 5 6 .
2351 807 6 6 .
2376 795 15 19 0
2415 794 14 21 D
2457 794 13 20 0

1995 817 43 22 Do.
2048 825 40 19 per
2100 818 73 22 barrel
2189 833 6 7 .
2201 834 7 6 .
2225 821 54 20 410
2307 821 14 19 0
2338 833 6 7 .
2350 833 6 7 .
2375 821 14 20 0
2416 820 13 20 0
2456 821 14 19 0

1890 843 92 22 Butter
1987 851 6 13 :
2007 844 66 26 Irish,
2082 851 40 20 per
2129 846 30 21 lb.
2190 860 6 6 .
2202 860 7 7 .
2227 847 14 20 0
2267 848 11 20 1
2307 847 14 21 9
2339 860 5 7 .
2351 860 6 7 .
2376 848 13 19 0
2416 847 14 21 0
2456 848 15 20 0

2007 870 70 21 Fresh
2226 874 15 19 0
2266 875 14 19 3
2306 874 15 20 3
2338 887 19 6 ..
2375 875 15 20 2
2414 874 15 20 .0
2456 874 14 19 0

1890 902 96 17 israndy
1993 904 4 14 :
2011 896 60 22 First
2077 897 90 27 quality,
2175 905 40 19 per
2241 906 4 13 i

2035 923 75 27 gallon
2120 924 23 20 in
2153 924 60 21 bond
2226 926 15 19 0
2267 927 13 19 6
2307 927 14 20 0
2338 940 6 6 .
2351 940 5 6 .
2375 928 14 19 0
2416 927 13 20 9
2456 927 14 20 0

1891 950 84 21 Brown
1994 950 86 21 Stout:
2103 957 39 20 per
2155 950 53 22 hhd.
2224 952 13 20 0
2264 953 14 19 0
2305 954 13 18 0
2336 966 18 6 ..
2375 954 14 19 6
2415 954 12 19 0
2455 954 14 19 0

1891 977 97 21 Cigars:
1999 976 101 27 Manilla,
2107 984 40 20 per
2152 978 59 26 1000,
2226 978 54 21 310
2307 980 49 19 0..
2375 980 15 19 4
2416 980 13 19 0
2456 980 13 19 0

1995 1002 97 23 Inferior
2225 1005 15 20 2
2267 1006 13 19 0
2307 1006 49 19 0..
2375 1006 14 20 0
2415 1006 14 19 0
2456 1006 13 19 0

1997 1030 132 26 Havannah,
2135 1030 76 27 perlb.
2222 1032 17 21 ,0
2254 1031 25 20 16
2306 1032 14 19 0
2338 1044 17 7 ..
2376 1032 11 20 1
2415 1032 13 19 0
2455 1033 14 19 0

1997 1056 165 26 Chinsurahper
2168 1058 69 21 10001
2253 1058 26 20 15
2307 1060 14 19 0
2338 1072 18 5 ..
2375 1060 14 19 0
2415 1059 13 19 0
2455 1060 14 19 0

1997 1083 152 22 Alexandrian
2161 1085 118 20 ....110
2306 1086 83 19 0..0
2415 1085 13 20 0
2455 1086 14 19 0

1891 1110 85 21 Coffee
1983 1117 5 13 :
1999 1109 63 27 Java,
2073 1117 39 19 per
2119 1110 23 21 lb
2226 1112 14 19 0
2267 1112 13 20 0
2307 1112 14 19 0
2338 1125 5 6 .
2350 1125 6 6 .
2375 1113 14 20 0
2416 1111 28 20 1'
2455 1112 15 21 4

1891 1136 88 22 Cheese
1986 1144 5 13 :
2006 1136 104 21 Cheshire
2226 1139 14 19 0
2267 1138 10 20 1
2307 1139 82 20 6..0
2416 1138 13 20 0
2456 1140 14 18 0

2005 1162 55 22 Pine
2070 1162 72 28 Apple
2226 1165 14 20 0
2267 1166 13 19 0
2307 1166 82 19 0..0
2417 1165 10 19 1
2455 1166 14 19 2

2004 1188 77 22 Dutch
2227 1192 14 19 0
2267 1192 13 19 0
2308 1192 13 19 0
2339 1204 17 7 ..
2376 1192 13 19 0
2417 1191 10 20 1
2456 1193 14 18 0

1891 1216 103 22 Candles
2001 1223 5 14 :
2012 1215 94 27 English
2112 1223 56 20 wax,
2174 1223 40 20 per

2030 1242 25 21 lb
2227 1244 21 20 0'
2267 1244 14 20 3
2307 1244 14 19 6
2340 1257 17 6 ..
2377 1245 13 20 0
2418 1244 12 19 0
2458 1245 12 20 0

2016 1268 82 22 Mould
2226 1271 14 20 0
2267 1270 12 19 0
2308 1272 14 18 0
2339 1284 18 5 ..
2376 1272 14 19 0
2418 1271 9 19 1
2457 1272 13 19 0

1883 1305 2 16 ;
2018 1295 70 27 Dips.
2190 1300 18 17 ;.
2225 1298 14 19 0
2266 1298 13 19 0
2293 1298 27 19 10
2338 1311 18 5 ..
2375 1298 14 19 0
2416 1298 13 19 0
2456 1299 13 18 0

1893 1322 90 22 Flour:
1992 1321 128 27 lstquality,
2130 1326 82 23 perton

2011 1346 132 24 of2ooolbs
2211 1351 28 20 30
2265 1351 14 19 0
2306 1351 13 19 0
2338 1351 51 20 ..33
2416 1351 13 20 0
2456 1352 13 19 0

1988 1375 46 21 2nd
2042 1375 56 21 ditto
2110 1376 130 21 ....'....25
2267 1378 14 19 0
2307 1378 14 19 0
2339 1390 17 7 ..
2376 1379 13 18 0
2416 1378 13 19 0
2456 1379 13 19 0

1893 1402 60 22 Gin:
1972 1402 52 21 Pale
2040 1402 25 21 in
2074 1402 59 21 bond
2227 1404 14 19 0
2267 1404 12 19 0
2308 1404 14 20 0
2339 1417 17 6 ..
2376 1405 13 19 0
2416 1404 13 19 2
2456 1406 14 19 6

1942 1429 59 26 Case,
2009 1430 15 19 4
2030 1428 36 27 gal
2075 1430 36 19 4-5
2119 1429 24 21 in
2152 1429 61 22 bond
2227 1430 11 20 1
2266 1431 13 19 2
2307 1431 14 19 0
2339 1444 17 5 ..
2375 1432 14 19 0
2416 1430 11 18 0
2444 1434 26 17 -o

1893 1455 80 22 Hams:
1988 1454 126 28 Yorkshire,
2129 1456 83 26 perlb.
2228 1458 13 18 0
2268 1458 13 19 0
2309 1458 13 19 0
2340 1470 17 6 ..
2377 1459 13 18 0
2418 1456 11 21 1
2458 1459 13 20 0

1893 1482 123 21 Mustard:
2032 1482 43 21 Per
2084 1481 69 22 dozen
2228 1484 14 19 0
2256 1484 25 19 18
2309 1484 49 19 0..
2378 1485 13 19 0
2418 1484 12 19 0
2458 1487 14 18 0

1893 1509 111 21 Mutton:
2025 1509 92 20 Carcase
2126 1515 40 20 per
2173 1509 24 20 lb
2208 1525 5 5 .
2228 1510 14 19 0
2268 1511 13 19 0
2309 1510 13 19 9
2341 1524 17 5 ..
2377 1511 13 19 0
2418 1510 12 20 0
2444 1512 25 20 11

1893 1535 119 22 Muskets:
2028 1534 91 21 Walnut
2126 1535 90 22 stocked
2229 1536 14 20 0
2269 1537 13 20 0
2309 1536 14 20 0
2341 1550 17 6 ..
2378 1538 13 19 0
2406 1537 24 20 15
2458 1540 14 18 0

1893 1562 78 21 Milk.
1985 1562 42 20 Per
2032 1561 98 27 pint....'
2229 1563 13 20 0
2269 1564 13 19 0
2309 1563 13 20 3
2341 1577 17 6 ..
2378 1565 13 19 0
2418 1564 12 19 0
2458 1565 12 20 0

1895 1588 43 21 Oil
1945 1595 5 14 :
1966 1587 101 26 Linseed,
2077 1595 39 20 per
2124 1588 75 27 gallon
2208 1590 34 20 .0
2269 1589 12 20 5
2310 1590 14 19 0
2342 1604 5 5 .
2354 1604 5 5 .
2378 1592 14 19 0
2418 1590 13 21 7
2460 1593 14 18 0

1967 1615 74 26 Black,
2046 1615 24 21 in
2075 1615 168 27 cask,pertonls
2270 1617 14 19 0
2310 1617 14 20 0
2342 1630 17 7 ..
2378 1618 14 19 0
2419 1618 12 19 0
2458 1610 14 28 6

2002 1642 117 26 Sperm...'
2213 1643 27 21 75
2268 1643 12 19 0
2309 1643 12 20 0
2339 1657 18 6 ..
2376 1644 13 19 0
2418 1644 11 18 0
2458 1645 12 18 0

1895 1668 75 21 Pork:
1983 1668 76 27 Fresh,
2076 1674 86 15 carcase
2177 1676 40 20 per
2465 1679 4 8 >

2007 1695 30 21 lb.
2228 1697 14 19 0
2262 1697 19 20 .0
2308 1697 15 20 4
2340 1710 18 7 ..
2377 1699 14 19 0
2418 1698 12 19 0
2458 1699 13 20 0

1895 1721 64 22 Pork
1966 1729 5 14 :
1985 1721 64 27 Irish,
2060 1728 40 20 per
2107 1721 73 22 barrel
2192 1736 5 6 .
2204 1737 5 5 .
2228 1724 14 19 0
2268 1724 13 19 0
2309 1724 14 20 0
2340 1738 6 5 .
2353 1737 5 6 .
2377 1725 13 19 5
2418 1725 12 20 0
2458 1726 14 19 0

1895 1749 126 21 Potatoes:
2041 1747 57 22 New
2110 1748 105 28 Zealand,

2066 1782 39 19 per
2115 1778 36 18 ton
2228 1776 13 20 5
2269 1778 13 19 0
2310 1778 14 19 0
2341 1790 6 7 .
2354 1790 5 7 .
2378 1779 13 20 S
2418 1778 13 20 0
2458 1780 14 21 Q

1895 1802 91 21 Porter
1995 1808 5 15 :
2027 1801 101 27 Dunbar,
2138 1802 24 21 in
2169 1802 46 21 bot.

2058 1835 40 20 per
2106 1829 41 20 doz
2229 1830 13 20 0
2256 1830 26 20 12
2309 1831 49 20 0..
2378 1833 14 18 0
2418 1832 13 19 0
2459 1833 13 19 0

2000 1855 85 26 Bryant
2095 1855 42 21 and
2146 1855 69 22 Davis
2229 1857 13 20 0
2257 1858 25 19 12
2309 1858 14 20 0
2341 1871 6 6 .
2354 1871 4 6 .
2378 1859 14 20 0
2418 1859 12 19 0
2458 1860 13 19 0

1895 1881 95 22 Pickles
2001 1890 5 13 :
2036 1881 113 28 AssoiCed,
2178 1890 40 19 per

2063 1908 56 26 doz.,
2143 1912 75 24 quarts
2231 1910 11 20 1
2272 1910 10 21 1
2311 1912 14 19 0
2343 1924 18 7 ..
2379 1913 14 19 0
2420 1912 12 19 0
2460 1912 12 19 0

1896 1935 72 21 Pitch
1979 1942 5 14 :
2014 1935 135 27 Stockholm,
2178 1943 40 20 per

2040 1961 71 21 barrel
2231 1964 14 19 0
2271 1965 13 20 0
2312 1965 14 20 0
2343 1978 18 6 ..
2381 1966 11 19 1
2408 1965 24 20 15
2461 1968 13 19 6

1896 1987 79 23 Plank
1981 1996 6 13 :
2012 1987 55 23 Port
2088 1988 128 28 Nicholson,

2039 2021 40 20 per
2088 2016 39 19 100
2135 2015 45 20 feet
2194 2029 5 5 .
2206 2029 5 5 .
2230 2017 53 19 019
2310 2018 15 19 0
2342 2030 6 6 .
2355 2030 4 6 .
2380 2019 10 18 1
2420 2019 10 19 1
2460 2021 14 18 0

1895 2039 57 22 Rice
1959 2048 5 13 :
1976 2040 107 21 Common
2091 2047 39 20 per
2135 2044 48 18 cwt.
2195 2056 6 5 .
2208 2056 5 6 .
2231 2043 15 19 0
2272 2044 12 18 0
2312 2044 14 19 0
2343 2057 6 6 .
2356 2057 5 6 .
2381 2045 11 19 1
2420 2045 13 19 0
2460 2047 15 18 0

1976 2067 63 21 Good
2229 2070 15 19 0
2270 2070 13 19 0
2310 2071 49 19 0..
2378 2072 14 19 0
2418 2072 14 19 0
2460 2074 12 19 0

1896 2093 54 21 Rum
1957 2101 5 13 :
1978 2093 24 21 P.
2011 2093 27 21 B.
2049 2093 33 25 P.,
2096 2101 38 19 per
2143 2094 75 26 gallon

2013 2120 24 21 in
2051 2119 59 23 bond
2231 2123 14 19 0
2270 2123 15 20 4
2312 2123 12 19 0
2343 2137 18 6 ..
2380 2125 14 20 0
2420 2124 12 20 5
2461 2127 14 19 0

1896 2146 85 22 Sugar:
1997 2147 117 21 Mauritius
2124 2154 38 20 per
2169 2151 48 19 cwt.
2232 2150 14 20 0
2272 2150 13 20 0
2312 2151 14 20 0
2343 2164 18 6 ..
2380 2152 14 19 0
2420 2152 13 19 0
2462 2154 13 19 0

2001 2173 80 22 Brown
2095 2173 54 23 ditto
2228 2176 14 20 2
2270 2177 12 19 0
2311 2178 81 21 0..0
2420 2179 12 20 0
2460 2180 14 19 0

2001 2200 95 22 Refined
2110 2201 52 28 loaf,
2179 2209 40 20 per

2025 2227 24 21 lb
2231 2230 15 21 0
2272 2231 13 20 0
2312 2231 14 20 9
2343 2244 18 6 ..
2380 2232 14 19 0
2420 2232 13 20 0
2462 2234 14 19 0

2001 2253 95 23 Manilla
2115 2262 39 19 per
2167 2258 47 19 cwt.
2230 2257 14 20 0
2270 2258 13 19 0
2311 2259 13 19 0
2342 2271 18 6 ..
2378 2258 15 20 2
2419 2259 13 20 2
2460 2261 14 19 0

1896 2279 58 22 Salt
1962 2288 6 13 :
1981 2280 124 28 Liverpool,
2115 2289 39 20 per
2163 2285 39 19 ton
2209 2284 35 20 .3
2271 2285 13 19 0
2312 2285 13 20 0
2342 2298 7 6 .
2356 2298 5 6 .
2378 2286 16 19 4
2420 2287 13 19 0
2461 2288 14 19 0

1895 2307 59 21 Soap
1962 2315 6 13 :
1993 2307 100 22 Hawes's
2115 2308 101 29 London,

2016 2338 115 24 perton..-
2215 2337 29 22 40
2270 2338 13 20 0
2310 2339 14 19 0
2342 2351 17 6 ..
2378 2339 14 18 0
2420 2340 13 19 0
2460 2342 15 19 0

2008 2361 118 27 Liverpool
2215 2364 28 20 36
2270 2365 13 20 0
2300 2366 24 19 -0
2341 2378 18 7 ..
2378 2367 14 20 0
2419 2366 11 19 0
2460 2368 14 19 0

1895 2387 88 22 Starch
1990 2395 5 13 :
2009 2387 44 22 Per
2061 2387 23 22 lb
2230 2391 14 20 0
2271 2392 13 19 0
2311 2392 13 20 9
2342 2406 6 5 .
2355 2405 5 6 .
2379 2394 14 20 0
2420 2394 12 19 0
2460 2396 15 18 0

1895 2413 125 23 Scantling
2028 2422 5 14 :
2049 2414 42 22 Per
2099 2416 37 21 100
2145 2416 54 22 feet.
2206 2431 6 7 .
2230 2418 54 20 OIS
2311 2419 14 20 0
2342 2432 7 6 .
2356 2432 5 6 .
2380 2420 11 20 1
2420 2421 13 19 0
2460 2422 14 19 0

1895 2440 122 23 Shingles:
2034 2441 42 22 Per
2084 2443 59 26 1000,
2150 2443 30 21 N.
2189 2444 26 21 Z.
2230 2444 11 20 1
2270 2444 12 21 7
2310 2446 50 20 0..
2378 2448 16 19 0
2420 2448 13 19 0
2459 2449 15 19 0

2019 2469 71 26 Ditto,
2111 2469 27 21 V.
2149 2469 29 22 D.
2189 2471 26 21 L.
2229 2471 13 20 2
2269 2472 13 19 5
2310 2473 14 20 0
2341 2486 6 6 .
2354 2486 5 6 .
2378 2474 14 20 0
2419 2475 13 20 0
2459 2476 14 19 0

1893 2494 62 22 Tar;
1971 2495 51 21 Coal
2230 2498 11 20 1
2270 2498 12 20 5
2311 2500 14 19 0
2342 2512 19 7 ..
2380 2501 14 20 0
2421 2501 13 20 0
2461 2502 14 20 0

1974 2521 126 23 Stockholm
2232 2525 52 20 115
2312 2526 49 20 0..
2380 2528 14 19 0
2421 2528 13 19 0
2462 2530 14 19 0

1893 2547 48 22 Tea
1949 2556 5 13 :
1964 2548 78 27 Hyson
2047 2548 55 27 skin,
2108 2556 39 20 per
2156 2550 62 22 chest
2231 2552 14 20 0
2271 2553 13 20 0
2312 2554 14 19 0
2342 2554 52 20 ..12
2408 2554 26 21 12
2461 2556 15 19 0

1893 2574 102 22 Tobacco
2003 2583 5 14 :
2020 2575 141 28 Negrohead,
2177 2584 41 20 per

2046 2602 24 21 lb
2231 2606 14 19 0
2272 2606 10 19 1
2312 2606 13 20 8
2343 2620 18 6 ..
2380 2608 14 19 0
2422 2608 11 19 0
2462 2609 14 20 0

1893 2627 160 23 Turpentine:
2068 2629 144 26 Pergallon..
2230 2632 15 20 0
2272 2633 12 19 8
2312 2634 14 19 0
2343 2646 18 6 ..
2381 2635 14 19 0
2422 2636 12 19 0
2461 2636 15 19 0

1894 2653 157 23 Whalebone:
2067 2655 43 21 Per
2119 2660 92 17 t0n....
2217 2658 26 20 85
2271 2660 13 19 0
2312 2660 13 19 0
2343 2661 51 20 ..90
2421 2662 13 19 0
2460 2663 14 19 0

1883 2688 2 23 |
1894 2680 80 22 Wine:
1988 2681 87 27 Sherry,
2086 2689 40 20 per
2133 2683 50 27 pipe
2194 2685 50 20 ..28
2270 2686 14 19 0
2312 2687 14 19 0
2343 2688 51 19 ..40
2421 2689 13 19 0
2461 2690 14 19 0

1998 2708 70 27 Ditto,
2084 2716 39 19 per
2136 2709 79 23 dozen.
2230 2712 12 19 1
2269 2712 15 20 4
2311 2714 13 19 0
2342 2726 19 6 ..
2378 2714 15 19 2
2420 2716 14 19 0
2461 2717 15 19 0

1895 2760 116 23 Poultry:
2027 2761 79 28 Fowls,
2112 2770 40 19 per
2157 2764 49 26 pair
2212 2780 6 5 .
2232 2765 14 20 0
2272 2766 14 19 8
2313 2766 15 20 0
2344 2780 18 5 ..
2382 2768 53 19 016
2463 2770 14 19 0

2025 2789 85 26 Ducks,
2121 2789 54 22 ditto
2196 2805 5 6 .
2208 2805 5 6 .
2233 2792 10 20 1
2272 2793 14 19 0
2313 2793 14 20 0
2345 2806 5 6 .
2357 2806 5 6 .
2382 2794 54 20 110
2463 2797 14 20 0

2027 2815 80 28 Geese,
2118 2816 55 22 each
2195 2819 48 20 ..1
2272 2820 13 19 0
2312 2820 14 19 0
2343 2833 19 6 ..
2381 2822 14 19 0
2422 2822 13 19 0
2462 2824 14 19 0

2025 2842 108 27 Turkeys,
2144 2844 57 22 each
2234 2845 11 20 1
2273 2846 14 20 0
2314 2847 14 20 0
2345 2860 7 6 .
2358 2860 6 6 .
2383 2848 14 20 0
2423 2848 13 20 0
2463 2850 14 19 0

2026 2869 103 28 Pigc-ons,
2139 2871 77 27 (wild,)

2053 2903 40 20 per
2102 2897 47 26 pair
2232 2899 14 19 0
2273 2900 13 19 0
2315 2900 82 22 0..0
2423 2893 13 29 6
2464 2904 14 19 0

2025 2923 85 26 Ducks,
2119 2923 35 23 do.
2164 2925 51 21 do..
2233 2926 14 20 0
2273 2926 13 20 5
2314 2927 14 19 0
2345 2940 18 7 ..
2382 2930 14 19 0
2423 2930 13 19 0
2463 2930 14 19 0

1895 2948 60 22 Eggs
1962 2956 7 14 :
1982 2949 42 21 Per
2034 2949 72 23 dozen
2233 2952 15 21 0
2274 2953 13 20 3
2314 2954 49 20 0..
2382 2956 14 19 0
2423 2956 13 20 3
2462 2957 15 19 6

1895 3001 160 26 CowsrMUch
2220 3006 28 20 20
2274 3008 13 19 0
2314 3008 14 19 0
2345 3008 52 21 ..30
2423 3010 13 19 0
2463 3011 14 19 0

1895 3029 94 23 Mares:
2004 3030 75 22 Brood
2218 3033 28 20 50
2272 3034 14 20 0
2313 3035 13 19 0
2344 3036 52 22 ..9.0
2422 3036 13 19 0
2462 3038 14 19 0

1895 3055 113 23 Working
2023 3057 132 22 Bullocks:
2176 3059 44 21 Per

1921 3083 49 26 pair
2220 3087 28 20 40
2274 3088 13 20 0
2314 3088 14 20 0
2345 3089 52 20 ..60
2423 3090 13 20 0
2463 3090 14 20 0

1895 3109 63 22 Hire
1969 3117 25 14 of
2004 3117 66 15 ditto
2078 3118 5 13 :
2099 3111 41 21 Per
2148 3111 50 28 day,
2207 3120 18 14 a-

1921 3139 60 19 team
1989 3137 45 21 and
2041 3137 72 22 driver
2234 3140 11 20 1
2273 3142 14 19 0
2313 3142 15 19 0
2345 3154 18 7 ..
2381 3142 15 20 2
2422 3143 14 20 0
2462 3145 16 19 O

1896 3162 85 22 Sheep:
1996 3163 60 22 Each
2233 3167 11 20 1
2308 3168 18 23 .0
2343 3180 18 7 ..
2381 3169 11 20 1
2409 3170 26 20 10

1895 3189 62 23 Boat
1968 3190 71 22 Hire:
2053 3190 44 22 Per
2103 3191 48 28 day,
2156 3192 63 21 with-
2253 3200 3 3 •

2082 3221 39 18 out
2129 3219 72 21 hands
2209 3234 6 6 .
2230 3220 14 20 0
2258 3220 26 20 10
2312 3221 13 20 0
2343 3234 18 7 ..
2381 3222 23 20 1.
2421 3224 13 19 0
2461 3225 15 20 0

1895 3269 96 23 Wages:
2017 3269 137 29 Mechanics,
2178 3278 41 21 per

2044 3297 62 22 week
2230 3299 16 19 2
2272 3300 13 20 0
2312 3302 82 21 0..3
2422 3304 13 21 0
2462 3306 14 19 0

2026 3323 125 23 Labourers
2168 3339 45 6 ....
2231 3326 12 20 1
2258 3327 27 20 10
2312 3328 14 19 0
2343 3342 19 5 ..
2382 3330 11 19 1
2408 3330 26 21 16
2462 3332 14 20 0

1914 3384 39 16 The
1964 3384 46 16 New
2020 3384 97 16 Zealand
2128 3384 90 17 Gazette
2224 3385 41 16 and'
2272 3386 134 19 Wellington
2420 3389 56 18 Spec-

1895 3408 62 12 tator
1962 3404 16 16 is
1983 3404 96 20 published
2085 3408 52 16 every
2143 3405 113 21 Wednesday
2265 3407 36 18 afld
2313 3408 94 21 Saturday.
2429 3410 46 17 Sub-

1891 3425 62 20 joined
1959 3429 29 12 are
1995 3425 29 16 the
2031 3426 64 15 terms:
2097 3433 22 3 —
2234 3426 20 5 ''
2376 3430 4 3 ■
2447 3433 4 3 ■

1914 3452 62 16 Price
1983 3456 23 11 op
2012 3456 40 12 the
2059 3452 95 16 Pap.er.—
2154 3452 54 22 Forty
2213 3454 83 21 sliillings
2302 3460 34 16 per
2345 3461 77 16 annum,
2432 3463 44 14 pay-

1893 3473 40 16 able
1939 3473 19 15 in
1965 3473 77 16 advance
2046 3478 5 14 ;
2062 3477 20 11 or
2088 3476 34 13 one
2128 3473 75 22 shilling
2208 3474 92 25 fpr'single
2305 3478 94 17 numbers.
2456 3487 4 4 -
2470 3478 4 2 '

1914 3494 206 22 Abvertisementsl—
2120 3501 32 16 Six
2161 3501 47 17 lines
2218 3502 37 16 and
2265 3504 63 20 under,
2334 3502 3 5 '
2340 3496 25 26 3s!
2373 3506 30 17 6d.
2408 3506 67 20 forth*

1893 3520 41 17 first
1942 3520 93 19 insertion,*
2044 3520 37 16 and
2092 3521 38 16 one'
2136 3521 74 21 shilling
2215 3523 29 16 for
2249 3524 162 22 each'subsequent
2415 3527 61 17 inser-

1894 3541 47 20 tion;
1952 3542 46 15 from
2004 3541 29 16 six
2039 3542 19 15 to
2065 3542 30 15 ten
2102 3541 52 20 lines,
2161 3543 35 17 five
2204 3544 122 21 shillings^for
2337 3547 31 16 the
2379 3547 93 20 first/and

1894 3566 34 12 one
1938 3561 72 21 shilling
2020 3562 36 16 and
2067 3561 84 21 sixpence
2161 3563 28 17 for
2199 3565 45 16 each
2253 3567 111 17 subsequent
2374 3568 100 18 insertion-

1894 3583 54 15 above
1959 3584 29 14 ten
1999 3582 52 19 lines,
2062 3582 35 16 five
2108 3583 82 22 sliillings
2201 3586 27 16 for
2239 3586 30 16 ths
2279 3587 40 17 first
2329 3590 32 15 ten
2371 3589 54 16 lines,
2436 3590 37 17 and

1893 3603 94 20 fourpence
1993 3607 30 15 per
2029 3603 38 16 line
2074 3603 28 16 for
2108 3603 30 17 the
2145 3609 63 13 excess
2214 3607 21 15 of
2242 3605 43 18 that'
2288 3609 78 17 number
2370 3607 9 21 ;'
2387 3607 36 19 and
2429 3610 45 18 two-

1893 3628 56 16 pence
1954 3628 31 16 per
1990 3624 37 16 line
2033 3624 29 16 for
2067 3624 45 16 each
2118 3626 210 21 subseciuent'insertion:
2332 3628 4 6 '
2352 3629 2 5 '
2443 3628 3 3 '

1914 3651 152 17 Advertisements
2072 3652 38 16 will
2115 3654 32 15 not
2153 3657 65 17 appear
2227 3654 22 17 in
2258 3655 31 17 the
2299 3656 81 20 ensuing
2389 3658 78 16 number

1893 3671 17 16 if
1917 3672 82 16 received
2004 3671 45 17 later
2056 3672 44 16 than
2112 3674 20 15 10
2138 3673 73 22 o'clock',
2218 3673 49 22 a.m.;
2273 3677 62 16 on-the
2342 3677 92 21 mornings
2440 3680 34 15 be-

1893 3692 38 16 fore
1943 3692 115 21 publication.
2080 3694 155 19 Advertisements
2249 3697 37 16 will
2296 3697 21 17 be
2329 3699 98 16 continued
2434 3701 37 15 and

1893 3713 76 20 charged
1980 3713 46 16 until
2035 3714 164 22 counter-ordered;
2211 3717 45 17 such
2262 3718 52 16 order
2320 3720 50 15 must
2376 3720 23 15 be
2406 3722 40 15 sent
2453 3722 19 15 to

1893 3734 31 15 the
1935 3734 52 16 Office
1999 3735 35 16 two
2052 3734 44 21 days
2113 3736 60 17 before
2183 3738 115 20 publication,
2311 3739 36 16 and
2358 3741 50 15 must
2413 3739 32 19 'he'
2449 3741 22 17 in

1893 3755 78 20 writing.
1993 3755 153 18 Advertisements
2159 3758 82 17 received
2258 3759 52 22 after
2328 3760 21 16 10
2364 3760 67 17 o'clock
2446 3764 28 15 on'

1893 3775 82 21 Tuesday
1987 3775 35 17 and
2032 3775 66 22 JFriday
2108 3779 93 21 mornings
2211 3779 37 17 will
2258 3780 23 16 be
2291 3780 77 20 charged
2379 3781 51 17 twice
2439 3782 32 18 the

1893 3796 54 16 usual
1952 3797 52 15 rates.

1913 3816 30 17 All
1949 3817 64 19 orders,
2023 3817 156 22 advertisements,
2190 3821 36 15 and
2236 3821 163 18 communications
2411 3824 19 15 to
2440 3823 33 17 th«

1892 3837 69 20 Editor,
1967 3841 28 13 ate
2002 3839 96 20 requested
2103 3841 18 15 to
2128 3841 22 15 be
2155 3841 98 16 addressed
2258 3843 19 14 to
2282 3841 38 17 this
2326 3841 63 18 Office.
2469 3841 6 7 1

869 153 25 19 J.
910 153 38 19 M.
963 152 107 26 Taylor,

695 186 149 23 LICENSED
867 183 238 24 CUSTOM-HOUSE
1128 183 114 29 AGENT,

924 226 29 14 TE
967 226 50 14 ARO.

864 264 42 19 Ex

683 297 88 48 THE
786 295 150 27 undersigned
950 294 40 23 has
1002 295 47 27 just
1063 294 103 23 received
1181 302 13 14 a
1204 303 52 14 con-

755 324 110 26 signment
883 322 26 21 of
924 329 62 19 maps
1005 321 44 22 and
1067 321 72 22 charts
1157 322 57 21 from
1232 322 22 21 J.

683 349 89 27 Wyld's,
797 349 95 27 Charing
914 348 71 27 Cross,
1010 347 142 27 Geographer
1173 351 22 18 to
1218 348 38 22 the

683 376 82 26 Queen,
776 376 36 21 viz
819 383 6 14 :
826 386 27 4 —

709 402 70 26 Large
790 406 42 17 two
842 401 122 27 sheefmap
974 400 25 22 of
1006 400 55 21 New
1069 399 105 28 Zealand,

709 428 48 21 One
767 428 63 21 sheet
838 435 51 19 map
899 428 26 21 of
931 425 57 23 New
997 426 103 26 Zealand,
1122 430 2 5 '

708 454 104 21 Chaffers'
830 454 62 22 chart
908 454 26 21 of
948 454 77 21 Cook's
1045 453 84 27 Straits,
1146 452 54 22 with
1218 453 37 22 the

681 481 65 21 latest
756 480 114 26 additions,

709 506 103 22 Chaffers'
823 507 61 22 chart
894 506 25 21 of
925 506 54 21 Port
988 505 127 27 Nicholson,

708 534 129 23 Mercator's
847 533 63 21 chart
919 533 26 23 of
956 533 37 21 the
1002 531 75 28 world,
1088 533 40 20 &c.
1140 532 39 21 &c.
1190 532 38 23 &c.

1033 565 110 25 William
1157 566 71 21 Lyon.

682 600 82 22 Corner
772 600 27 21 of
804 599 151 22 Willis-street
964 599 43 22 and
1017 599 186 26 Lambton-quay.

851 626 79 21 March
939 628 20 25 8,
970 626 58 26 J842.

862 670 43 20 Ex

683 703 70 50 ON
775 703 84 26 SALE,
879 706 24 18 at
919 703 38 21 the
976 703 72 21 Stores
1071 701 26 22 of
1117 701 37 22 the
1176 701 81 23 under-

757 730 83 26 signed,

682 756 94 22 SEVEN
803 755 67 23 AND
894 756 21 21 A
939 755 84 23 HALF
1046 755 80 21 TONS
1149 754 108 22 SHING-

787 782 78 22 LING
879 782 67 22 AND
961 781 75 23 ROSE
1049 781 100 26 NAILS,

706 811 41 20 200
756 809 53 27 kegs
819 809 47 21 best
876 809 66 21 white
951 809 56 26 lead,

707 836 96 21 Linseed
813 835 35 26 oil,
861 836 132 26 turpentine,
1004 835 42 21 and
1056 835 79 26 paints,

707 862 101 22 Window
818 862 63 27 glass,
892 862 29 21 all
931 863 62 26 sizes,
1004 861 38 22 &c.
1053 863 39 19 &c.

1019 895 20 21 J.
1055 895 34 22 M.
1105 895 99 27 Taylor,

972 939 2 5 ,
1131 922 31 21 Te
1177 924 53 20 Aro.

875 967 42 20 Ex

690 1001 96 21 TOHN
800 999 100 22 HALES
914 1001 53 26 begs
977 1004 22 17 to
1009 1000 99 21 intimate
1119 1000 48 21 that
1181 999 28 22 he
1218 1000 40 21 has

682 1022 25 26 tl
745 1027 43 21 had
807 1027 120 26 consigned
945 1032 22 15 to
981 1027 51 26 him,
1052 1034 39 19 per
1110 1027 83 25 Clifton,
1214 1028 44 21 and

682 1061 36 14 are
731 1057 22 18 at
767 1054 35 21 his
818 1054 99 27 disposal,
929 1053 70 22 either
1012 1053 117 22 wholesale
1145 1061 24 14 or
1186 1054 71 27 retail,

682 1084 23 17 at
719 1080 42 21 low
775 1081 77 26 prices,
872 1080 34 21 for
924 1079 59 28 cash,
1002 1079 37 22 the
1053 1081 114 26 following
1182 1081 74 27 goods,

682 1107 34 21 viz
723 1114 4 14 :
729 1118 29 3 —

708 1133 93 27 Pickles,
811 1133 41 22 fish
863 1140 83 19 sauces,
959 1133 67 22 currie
1036 1133 95 28 powder,
1141 1136 63 24 paste
1214 1134 44 21 and

682 1159 68 27 liquid
765 1160 110 26 blacking,
893 1160 93 27 English
1001 1160 90 26 leather,
1106 1161 70 26 boots,
1188 1160 68 28 shoes,

682 1187 43 20 and
735 1187 147 21 shoemakers'
891 1187 63 26 tools,
963 1186 56 22 cloth
1027 1187 44 21 and
1080 1187 85 21 leather
1175 1194 50 19 caps
1234 1188 22 21 in

682 1216 61 23 great
751 1213 91 26 variety,
853 1213 99 26 wearing
960 1213 92 27 apparel,
1065 1217 73 17 cotton
1150 1214 108 21 furniture

682 1239 33 21 for
724 1239 72 27 lining
805 1247 78 18 rooms,
896 1240 48 25 &c,
961 1240 86 20 cabinet
1056 1240 45 26 ink,
1113 1240 52 21 seed
1179 1240 78 27 wheat,

682 1265 82 28 barley,
779 1269 54 22 oats,
844 1267 43 20 and
898 1266 51 22 blue
959 1266 43 22 and
1012 1266 63 22 white
1085 1274 59 19 peas,
1156 1268 100 25 oatmeal,

683 1293 79 21 Scotch
789 1293 44 21 and
859 1292 61 27 pearl
948 1293 81 26 barley,
1057 1293 98 27 superior
1183 1296 76 23 patent

682 1319 109 21 breeched
812 1319 79 21 double
916 1319 44 21 and
983 1319 188 26 single-barrelled
1193 1327 63 20 guns,

682 1344 65 28 flints,
763 1345 67 22 flasks
844 1345 43 21 and
904 1346 63 26 belts,
982 1347 49 20 sash
1046 1347 62 25 tools,
1119 1347 57 26 glue,
1194 1347 64 21 horse

682 1371 52 26 hair,
746 1373 49 21 hair
804 1372 90 26 seating,
904 1372 162 27 ironmongery,
1078 1373 41 21 &c.
1129 1373 39 21 &c.

708 1399 52 21 Two
769 1399 69 21 Town
849 1399 70 21 Acres
927 1402 25 18 to
962 1399 31 21 let
1000 1399 23 21 in
1032 1399 106 26 portions.

709 1431 191 27 Ingestrie-street,
912 1432 31 21 Te
954 1432 45 21 Aro
1010 1432 55 21 Flat.

748 1477 43 19 Ex
967 1477 54 21 and

684 1510 113 47 CORD,
807 1510 54 26 lace,
871 1510 95 28 quilting
976 1514 43 23 net,
1029 1511 67 27 gimp,

753 1536 94 27 Figured
856 1537 55 27 lace,
921 1538 67 26 fancy
998 1538 43 21 and
1048 1537 61 27 plain
1119 1540 44 24 net,

710 1562 62 22 Wool
783 1564 84 26 shawls,
879 1564 38 21 &c.
929 1565 48 26 &c,

708 1589 64 22 Duck
783 1594 106 22 trowsers,
899 1590 80 28 frocks,
992 1592 45 26 &c,

708 1616 118 27 Blankets,'
832 1624 56 19 rugs,
900 1618 77 26 prints,
988 1619 46 25 &c,

709 1643 76 26 Shirts,
793 1643 92 27 jackets,
897 1648 105 23 trowsers,
1015 1645 46 25 &c,

708 1669 97 27 Ploughs
814 1670 43 21 and
867 1670 141 26 agricultural
1016 1671 147 27 implements,

708 1696 38 21 An
757 1697 111 20 extensive
879 1697 32 20 lot
920 1697 27 21 of
955 1698 63 26 nails,

708 1722 160 28 Ironmongery
879 1724 25 20 of
910 1724 30 21 all
950 1724 70 22 kinds.

816 1756 121 27 Wallace,
953 1757 89 25 White,
1054 1758 44 21 and
1111 1759 121 20 Wallace.

690 1800 157 22 TOHNSON
861 1801 45 21 and
920 1802 110 22 MOORE
1045 1803 55 21 have
1114 1804 107 26 received,
1233 1811 28 14 ex

682 1823 25 25 O
752 1828 83 25 Clifton,
854 1829 61 25 Lady
932 1830 73 25 Leigh,
1025 1830 54 19 Mew
1098 1831 56 19 York
1172 1832 86 26 Packet,

682 1855 83 24 Sisters,
776 1855 36 26 Bfc.
825 1855 34 28 Bfc.
861 1867 28 3 —

707 1881 88 22 Double
804 1881 83 22 refined
896 1890 72 20 sugar,
979 1883 44 22 fine
1033 1884 59 21 Siam
1103 1891 71 21 sugar,

707 1907 80 23 Mould
806 1909 44 21 and
868 1916 73 20 sperm
961 1910 98 28 caudles;
1084 1910 69 28 hams,
1174 1905 84 33 cheesej

681 1934 78 27 butter,
771 1935 44 21 and
826 1935 53 27 lard,

708 1961 79 28 Coffee,
798 1962 65 21 black
872 1963 46 20 and
925 1971 68 19 green
1004 1966 51 24 teas,

707 1987 72 27 Flour,
799 1989 51 26 rice,
871 1989 44 21 fine
934 1990 119 21 American
1071 1990 96 25 biscuits,
1186 1991 74 22 barrel

680 2013 56 27 beef,

706 2039 68 28 Jams,
797 2040 79 27 jellies,
906 2042 163 27 confectionery
1078 2050 6 19 ;
1117 2049 75 14 sauces
1214 2042 46 21 and

681 2066 97 27 pickles,-

707 2094 64 21 Snuft'
785 2094 24 20 in
829 2095 11 20 1
849 2093 31 22 lb.
894 2094 110 27 packages
1019 2095 42 21 and
1072 2096 47 26 jars
1138 2095 122 28 conprising

680 2119 80 28 brown,
776 2121 72 26 black,
865 2122 45 20 and
928 2121 91 23 scented
1032 2129 99 20 rappees,
1147 2123 111 26 Tonquin,

681 2146 96 22 Prince's
786 2147 102 26 mixture,
900 2147 134 23 Hardham's
1043 2150 33 25 37,
1084 2149 41 21 &c.

706 2173 22 21 A
737 2173 61 28 large
808 2178 130 18 assortment
948 2175 24 21 of
979 2175 86 27 hosiery
1074 2177 25 20 of
1106 2175 30 22 all
1144 2175 74 27 kinds,

706 2200 148 22 Mousselaine
870 2201 27 21 de
915 2201 77 28 lames,
1011 2202 64 22 black
1093 2202 43 22 silk
1150 2203 110 21 handker-

680 2226 75 28 chiefs,

706 2254 114 29 Superfine
830 2253 50 22 blue
891 2254 60 22 cloth
959 2255 90 27 jackets,

706 2281 22 21 A
739 2284 101 24 quantity
851 2281 24 20 of
885 2281 54 27 pilot
950 2281 102 28 clothing,
1064 2283 95 26 monkey
1164 2283 94 26 jackets,

706 2307 104 22 Blankets
826 2307 44 21 and
885 2315 59 20 rugs,
957 2309 82 21 leather
1053 2316 52 20 caps
1123 2310 76 27 (cheap
1215 2311 45 20 and

680 2333 108 28 durable),

708 2361 82 21 Gent's,
800 2361 63 21 boots
873 2361 43 21 and
925 2361 72 28 shoes,
1007 2362 69 21 men's
1086 2365 75 24 strong
1171 2363 34 21 do.
1223 2363 35 21 do.

706 2388 123 22 Children's
851 2387 62 22 boots
936 2389 45 21 and
1004 2388 62 22 shoes
1075 2397 7 19 ;
1107 2397 14 14 a
1138 2390 41 21 few
1201 2390 59 27 good

681 2415 141 21 Mackintosh
833 2422 69 19 capes,
915 2415 40 21 &c.

706 2441 160 27 Ironmongery
881 2442 25 21 of
919 2441 29 22 all
963 2441 70 28 kinds,
1044 2443 113 27 including
1173 2450 13 14 a
1199 2443 61 27 large

680 2471 130 19 assortment
832 2470 25 19 of
877 2468 86 27 boilers,
982 2476 126 21 saucepans,
1133 2474 52 17 stew
1195 2477 61 20 pans,

670 2513 2 6 ,
679 2494 85 26 kettles,
776 2495 39 22 &c.
828 2495 38 21 &c.

706 2522 21 20 A
736 2521 42 22 few
789 2528 101 15 common
899 2521 77 28 lamps,
983 2522 33 27 pit
1025 2522 45 22 and
1079 2530 60 14 cross
1149 2526 37 19 cut
1195 2530 61 21 saws,

705 2548 21 21 A
736 2549 85 26 variety
832 2549 24 20 of
863 2549 147 21 earthenware
1021 2549 42 21 and
1073 2553 37 18 cut
1119 2550 64 27 glass,

706 2575 79 28 Strong
795 2575 44 22 and
849 2575 68 28 cheap
925 2575 52 21 four
985 2576 45 21 feet
1039 2576 121 27 bedsteads,

705 2601 71 27 Paint,
789 2602 47 25 oils,
847 2602 131 27 turpentine,
988 2603 98 26 brushes,
1096 2603 39 21 &c.
1146 2604 39 21 &c.

705 2634 47 22 The
760 2635 75 27 above,
844 2635 52 21 with
906 2643 13 13 a
927 2639 63 23 great
999 2636 83 27 variety
1091 2636 26 22 of
1124 2637 135 22 miscellane-

680 2668 37 14 ous
725 2662 68 26 stock,
805 2669 36 14 are
851 2662 82 21 offered
944 2670 27 14 on
981 2663 162 27 advantageous
1159 2667 66 19 terms
1237 2668 22 17 to

679 2688 115 21 wholesale
805 2696 24 14 or
837 2688 64 22 retail
909 2689 135 27 purchasers.

917 2733 104 25 Bricks,
1124 2752 2 4 .

681 2766 86 48 FOR
783 2767 82 26 SALE,
877 2771 23 18 at
915 2769 45 20 60s.
979 2775 39 20 per
1033 2768 117 23 thousand.
1185 2770 75 27 Apply

737 2798 23 17 to
777 2794 22 21 J.
816 2794 94 26 Pimble,
921 2798 24 17 at
957 2794 38 23 the
1012 2795 167 27 Sydney-street
1194 2797 67 22 Brick

680 2820 44 21 and
732 2820 47 21 Tile
797 2820 85 26 Works,
894 2824 24 18 at
926 2822 39 21 the
981 2829 48 14 rear
1039 2822 24 21 of
1075 2822 92 22 Colonel
1180 2823 80 22 Wake-

866 2848 72 21 field's
952 2848 120 22 residence.

745 2880 104 22 Terms—
851 2881 52 21 cash
913 2888 29 14 on
955 2881 96 27 delivery
1061 2885 23 18 at
1093 2882 39 22 the
1141 2883 54 22 kiln.

680 2925 99 48 THIS
796 2925 66 21 DAY
880 2925 124 27 (Saturday,
1021 2925 79 22 March
1115 2928 31 26 12,
1163 2928 62 26 1842)
1240 2929 19 22 is

752 2951 123 28 published,
896 2954 23 18 at
941 2952 82 21 Nelson
1042 2952 88 28 Haven,
1153 2954 37 22 the
1206 2955 55 22 'first

715 2979 92 20 number
826 2977 24 22 of
865 2986 14 13 a
896 2978 86 27 weekly
1000 2986 131 21 newspaper,
1150 2981 71 22 called

783 3011 65 23 THE
861 3011 125 23 NELSON
1000 3012 178 29 EXAMINER,

951 3039 44 21 and

732 3072 73 21 NEW
826 3071 150 22 ZEALAND

678 3099 23 21 in
709 3099 72 22 which
791 3098 44 22 will
844 3099 27 21 be
885 3099 70 21 found
969 3099 64 21 much
1046 3100 101 23 valuable
1157 3102 103 23 informa-

804 3126 45 21 tion
857 3125 91 22 relative
959 3128 21 19 to
988 3126 48 21 that
1046 3126 88 28 Colony.
1209 3132 4 3 *

705 3153 75 22 Terms
780 3164 30 3 —
811 3154 41 20 10s.
863 3160 14 13 a
885 3155 94 24 quarter,
988 3153 92 27 payable
1093 3154 24 21 in
1127 3155 103 23 advance.

706 3179 80 22 Orders
805 3179 44 21 and
866 3179 178 22 advertisements
1061 3182 101 21 received
1180 3186 23 18 at
1221 3184 38 21 the

680 3206 68 21 Office
758 3206 25 21 of
788 3206 44 21 this
842 3206 77 27 Paper.
1225 3213 3 6 ■

678 3252 39 20 To
727 3252 33 20 be
771 3252 64 20 Sold
845 3252 67 19 with
924 3252 153 21 immediate
1087 3253 170 28 Possession,

696 3287 15 19 A
739 3283 206 24 CONVENIENT
955 3285 122 22 FAMILY
1082 3286 176 24 RESIDENCE

678 3307 51 27 il
755 3313 26 20 30
790 3311 47 22 feet
845 3311 28 26 by
882 3313 34 24 12,
925 3311 95 22 situated
1030 3312 23 21 in
1063 3320 13 13 a
1084 3320 54 20 very
1148 3314 110 23 sheltered

678 3339 93 26 position
780 3342 24 17 at
813 3337 36 21 the
859 3340 88 19 eastern
961 3339 116 27 extremity
1087 3340 26 21 of
1124 3340 36 21 the
1170 3338 88 25 TINA-

678 3363 191 26 KORE-ROAD,
891 3365 101 26 together
1009 3362 50 25 witli
1080 3373 14 14 a
1110 3374 66 15 seven
1194 3375 64 19 years

677 3391 59 22 lease
746 3391 26 22 of
778 3395 43 17 two
832 3393 64 19 acres'
903 3391 24 21 of
933 3391 93 27 ground,
1041 3395 23 18 at
1074 3393 18 21 a'
1100 3394 77 27 yearly
1186 3396 72 21 rental

678 3419 25 21 of
708 3419 33 21 £5
750 3425 40 21 per
800 3424 56 15 acre.
884 3417 48 22 The
940 3418 82 22 Karo'ri
1034 3419 55 22 road
1098 3420 67 27 being
1176 3422 23 20 in
1207 3429 51 19 pro-

677 3452 59 19 gress
746 3453 13 13 a
766 3445 42 21 feAV
816 3443 71 23 weeks
895 3444 44 22 will
946 3445 74 21 insure
1028 3452 12 14 a
1047 3447 58 26 good
1113 3447 45 22 line
1166 3448 27 21 of
1199 3455 59 15 com-

677 3471 142 22 munication.
847 3471 72 21 There
932 3471 20 21 is
965 3478 14 14 a
988 3476 101 18 constant
1099 3474 75 27 spring
1183 3475 26 21 of
1219 3483 39 14 ex-

678 3499 81 21 cellent
769 3502 68 18 water
847 3505 27 14 on
884 3497 37 22 the
929 3499 117 26 premises,.
1070 3501 75 26 Apply
1155 3504 22 18 to

1007 3521 85 33 '"''E
1108 3533 34 23 W.
1157 3534 73 23 Burt.

675 3577 192 49 WHEREAS
882 3584 29 16 an
926 3577 172 22 advertisement
1112 3580 109 26 appeared
1232 3581 25 20 in

771 3605 38 21 the
818 3605 52 20 2Vew
877 3605 93 19 Zealand
981 3605 72 20 Gamete
1063 3605 26 21 of
1095 3605 39 21 the
1141 3606 47 22 2nd
1196 3606 59 28 inst.,

677 3630 22 22 in
709 3630 71 22 which
790 3631 100 22 mention
899 3638 45 14 was
960 3631 64 22 made
1039 3631 26 21 of
1081 3639 39 20 my
1135 3639 71 21 name,
1218 3640 39 21 ap-

677 3657 99 27 parently
797 3658 27 21 in'
845 3658 125 22 connexion
986 3657 53 23 with
1054 3657 49 23 that
1122 3659 24 21 of
1167 3667 89 14 george

677 3690 76 15 henry
777 3691 73 15 blake
858 3692 5 19 ;
884 3685 11 21 I
913 3685 87 21 declare
1015 3685 48 21 that
1078 3692 39 20 my
1136 3692 65 16 name
1216 3686 41 22 has

677 3709 55 22 been
755 3711 129 21 mentioned
906 3711 23 21 in
952 3711 36 22 the
1013 3711 47 22 said
1078 3713 177 26 advertisement,

677 3736 91 22 without
777 3744 38 19 my
825 3737 117 28 authority)
962 3741 96 24 consent,
1078 3745 25 14 or
1118 3738 136 28 knowledge,

677 3763 43 21 and
734 3763 47 21 that
790 3763 12 21 I
813 3770 35 15 am
863 3765 24 20 in
905 3771 28 14 no
949 3772 49 19 way
1014 3765 124 21 connected
1148 3765 54 23 with
1219 3766 37 22 the

676 3789 47 22 said
732 3789 87 28 George
829 3790 79 27 Henry
918 3791 78 21 Blake.
1028 3788 42 10 """'
1116 3796 3 4 '

893 3824 110 22 William
1017 3824 106 23 Curling
1138 3825 89 23 Young.

702 3849 92 27 Nelson,
805 3850 79 21 March
894 3852 33 24 11,
939 3852 60 21 1842.

880 3894 53 21 Bill
948 3895 99 21 Books.

676 3928 70 48 ON
761 3927 84 26 SALE,
859 3930 24 18 at
891 3927 44 22 this
946 3927 70 26 office,
1026 3928 69 23 blank
1103 3929 57 26 B.ill
1169 3930 85 22 Books.

903 3951 70 29 dffiee,
984 3955 55 21 Dec.
1110 3951 17 9 '""
1205 3953 2 5 '
1227 3956 19 4 '"

333 159 74 22 Urul,

81 189 42 20 One
130 188 49 20 mile
187 193 26 16 on
222 186 35 23 the
265 186 55 20 Port
329 185 111 20 Nicholson
449 184 42 20 side
499 183 26 24 of
536 181 118 23 WaiJcanai.

78 221 92 48 MR.
186 218 131 23 JENKINS
332 218 53 26 begs
400 220 22 19 to
436 223 121 18 announce,
568 215 49 21 that
625 214 30 22 he

168 245 40 22 has
217 245 87 27 opened
313 252 14 14 a
336 244 75 22 House
417 244 35 21 for
461 243 36 21 the
504 241 150 22 convenience

78 273 26 22 of
117 273 38 21 the
170 272 81 27 public,
268 272 49 21 and'
329 273 64 19 trusts
410 270 47 21 that
473 269 35 21 the
524 268 69 21 board
610 266 45 22 and

76 299 93 27 lodging
188 298 29 22 he
236 298 103 27 provides
357 296 43 22 will
419 302 74 15 secure
511 294 46 21 him
576 293 78 22 liberal

76 328 98 24 support.
562 331 3 5 ■

104 352 46 21 Mr.
160 351 94 21 Jenkins
268 357 42 14 can
318 352 24 18 at
354 348 30 22 all
393 349 64 20 times
466 348 88 26 provide
569 348 86 25 gentle-

77 385 53 14 men
139 377 54 22 with
201 377 36 22 the
246 383 78 15 means
330 374 26 22 of
362 375 97 26 crossing
465 378 23 17 to
498 373 83 27 Kapiti.

105 404 62 26 Urui,
179 404 106 25 January,
297 403 60 20 1842.

322 445 87 20 Otaki.

77 474 91 48 MR.
191 472 126 22 TAYLOR
339 472 52 25 begs
414 474 24 19 to
459 470 99 22 intimate
578 472 23 19 to
619 468 35 22 his

153 499 82 21 friends
244 499 45 21 and
299 498 37 21 the
346 498 73 26 public
424 498 49 21 that
482 497 26 20 he
518 496 39 21 has
567 495 87 27 opened

76 534 14 14 a
99 527 76 21 House
186 526 24 20 of
223 524 179 22 Entertainment
410 527 24 18 at
450 522 72 26 Otaki,
532 522 44 21 and
584 523 70 25 hopes

76 553 49 21 that
131 552 37 21 the
176 552 130 21 cleanliness
315 550 43 21 and
368 550 93 21 comfort
468 548 25 23 of
499 549 33 21 his
539 548 116 21 establish-

76 582 63 18 ment
157 578 43 21 will
216 585 75 14 secure
307 577 46 22 him
370 583 13 15 a
400 576 78 21 liberal
494 574 62 23 share
575 574 26 21 of
616 574 38 21 the

75 604 75 28 public
159 607 127 23 patronage.

103 630 73 26 Otaki,
187 630 100 27 January
297 631 33 25 21,
341 630 59 21 1842.

284 674 163 20 Manewatu.

76 700 90 48 MR.
182 700 83 21 BURR
273 700 63 21 takes
342 700 42 20 this
392 706 78 14 means
480 698 24 22 of
510 698 144 26 announcing

165 726 49 21 that
228 726 28 22 he
270 727 20 21 is
304 726 101 26 building
414 733 13 13 a
440 725 68 22 house
517 725 33 21 for
564 724 38 21 the
617 731 37 14 ac-

76 753 161 21 commodation
248 753 26 21 of
280 753 37 21 the
328 752 79 27 public,
416 759 53 14 near
478 751 36 22 the
524 750 50 28 pah,
585 750 68 22 atthe

75 778 78 22 mouth
161 780 25 20 of
192 780 37 20 the
238 780 134 24 Manewatu,
381 778 72 21 which
459 778 28 21 he
498 781 88 23 expects
595 780 23 18 to
625 778 29 20 be

76 805 94 22 enabled
179 809 23 18 to
209 813 56 19 open
274 806 25 20 in
309 812 13 15 a
331 805 42 21 few
386 804 79 26 weeks,
476 804 63 21 when
548 803 28 22 he
586 807 68 18 trusts

75 832 48 21 that
139 832 28 26 by
177 832 89 26 civility,
277 831 46 22 and
338 831 97 26 meeting
451 831 36 21 the
503 833 69 18 wants
582 830 25 21 of
619 830 35 21 his

75 861 131 23 supporters,
218 861 21 18 to
249 858 86 21 receive
345 857 76 22 liberal
433 860 192 23 encouragement.

103 886 133 25 Manewatu,
247 884 101 26 January
356 885 32 25 22,
401 885 59 20 1842.

283 928 161 20 Education.

76 961 106 48 MRS.
202 960 43 22 and
264 960 72 22 MISS
359 960 185 22 WAKEFIELD
565 960 89 21 receive

164 987 72 27 pupils
245 994 29 14 on
285 987 37 21 the
332 987 112 27 following
454 990 65 18 terms
525 994 5 13 :
531 997 28 5 —

103 1021 44 21 For
163 1021 75 26 board,
257 1021 54 21 with
329 1020 98 26 washing
442 1021 43 21 and
499 1021 34 20 in-

130 1047 105 22 struction
238 1047 25 21 in
268 1047 90 27 general
365 1047 91 27 English
461 1047 63 21 litera
520 1050 2 4 I
523 1059 10 4 -

129 1077 56 23 ture,
201 1074 93 26 writing,
309 1074 45 21 and
365 1074 115 26 aritmetic,
495 1081 39 19 per

129 1103 88 25 quarter
533 1101 12 20 8
572 1101 13 20 8
614 1101 14 20 0

101 1126 78 22 Under
188 1128 12 20 7
209 1134 63 19 years
283 1127 25 21 of
319 1133 41 20 age
534 1126 12 22 7
573 1127 13 21 7
614 1128 14 19 0

101 1154 52 26 Day
163 1153 102 21 boarders
532 1154 15 20 4
572 1154 15 20 4
614 1155 14 19 0

102 1180 53 26 Day
163 1180 70 26 pupils
533 1181 13 19 2
572 1181 14 19 2
614 1181 13 19 0

101 1206 81 22 Junior
191 1206 53 21 ditto
534 1208 10 19 1
560 1207 24 20 11
614 1208 13 19 6

75 1239 93 27 French,
184 1239 87 28 Italian,
287 1239 45 22 and
346 1239 112 27 Drawing,
469 1239 31 22 £1
515 1241 43 20 11s.
569 1239 36 21 6d.
615 1247 40 19 per

316 1269 95 24 quarter.

103 1300 87 21 Private
199 1299 85 22 lessons
292 1300 23 20 in
326 1299 75 26 music,
414 1307 25 13 or
448 1306 44 20 any
502 1298 25 21 of
538 1298 35 22 the
583 1299 72 21 above

75 1326 108 21 branches
193 1326 26 21 of
230 1325 123 26 education,
369 1332 42 14 one
424 1325 75 22 hour's
513 1325 139 26 instruction,

75 1352 50 21 four
133 1352 84 21 lessons
234 1352 35 21 for
278 1359 43 14 one
330 1352 87 26 guinea.

101 1385 134 21 References
244 1388 22 18 to
275 1385 38 21 the
322 1385 113 26 following
440 1385 125 27 gentlemen
575 1385 79 26 kindly

75 1411 118 28 permitted
201 1420 4 12 :
207 1423 28 3 —

103 1439 61 26 Capt.
175 1438 34 21 W.
221 1437 31 22 M.
264 1437 79 27 Smith,
354 1438 65 27 R.A.,
429 1439 82 25 Survey
513 1438 84 21 or-Gen
601 1438 53 21 eral.

102 1465 26 21 T.
141 1467 30 18 M.
184 1464 120 27 Partridge,
315 1464 53 27 Esq.

103 1491 22 21 S.
136 1491 94 26 Revans,
241 1491 53 27 Esq.

223 1536 40 19 To
277 1536 33 19 be
327 1535 63 20 Sold
405 1542 30 13 or
449 1536 57 24 Let,

76 1569 50 48 A
139 1568 189 22 BAKEHOUSE
337 1568 45 21 and
391 1569 85 21 OVEN
485 1569 23 21 in
518 1568 58 27 good
583 1568 71 22 work-

153 1595 38 27 ing
202 1595 119 21 condition.
350 1595 75 27 Apply
435 1599 22 17 to

151 1629 124 20 Anderson
286 1628 45 21 and
339 1629 108 26 Rowand,
457 1628 189 29 Thorndon-quay

101 1662 142 26 Wellington,
256 1662 112 26 February
376 1663 33 25 24,
421 1664 60 20 1842.

223 1707 38 19 To
275 1707 34 20 be
324 1707 64 19 Sold
407 1712 30 14 or
451 1708 55 19 Let.

73 1738 8 13 *
89 1742 12 17 1
110 1738 55 21 1YVO
178 1738 99 21 Wooden
289 1738 94 26 Houses,
393 1745 28 14 on
430 1738 36 21 the
473 1738 180 26 Tinakore-road,

82 1759 26 26 JL
150 1764 37 21 the
205 1764 81 22 second
305 1771 49 15 acre
372 1765 57 21 from
449 1765 90 27 Captain
556 1764 97 27 Smith's,

118 1792 127 26 containing
258 1791 51 22 four
317 1798 73 14 rooms
399 1791 46 22 and
459 1799 13 13 a
485 1799 96 19 passage,
598 1792 56 21 each

73 1817 53 22 with
145 1818 49 21 zinc
212 1818 65 25 roofs,
304 1818 44 21 and
371 1818 22 21 in
417 1825 67 19 every
501 1822 85 23 respect
605 1818 49 21 well

73 1844 100 21 finished.
201 1844 76 21 Terms
280 1855 27 5 —
308 1844 24 21 If
339 1844 52 27 sold,
402 1844 60 22 .6150
473 1845 33 20 for
511 1844 54 22 each
570 1844 70 23 house
647 1853 5 19 ;

72 1870 20 21 if
103 1870 38 27 let,
151 1870 32 22 £l
194 1878 39 19 per
241 1871 64 21 week
313 1871 35 21 for
357 1870 54 23 each
419 1871 77 22 house.
523 1871 76 27 Apply
609 1874 22 19 to

459 1905 74 21 James
546 1904 80 22 Watt.

97 1930 142 27 Wellington,
247 1931 61 21 Nov.
317 1930 102 26 27,1841.

127 1976 39 20 To
177 1976 84 20 Stand
276 1977 29 19 to
320 1976 84 20 Cover
417 1976 56 20 this
489 1976 109 25 Season,

231 2010 32 19 At
272 2010 139 25 Berhampore
419 2011 70 25 Farm,
660 2001 2 36 J

71 2035 59 23 That
140 2036 48 21 well
197 2036 81 21 known
289 2036 64 21 horse
364 2036 85 27 Figaro,
465 2037 37 20 the
516 2039 105 24 property
630 2037 27 21 of
660 2039 2 30 j

252 2062 77 22 James
339 2062 66 26 Watt,
416 2062 52 28 Esq.

73 2089 144 48 FIGARO
228 2097 43 13 was
280 2088 75 22 foaled
364 2089 22 21 in
397 2089 122 21 December
536 2090 60 26 1837,
614 2093 40 24 got

144 2116 30 26 by
184 2116 115 26 Operator,
310 2115 50 22 dam
371 2116 114 26 Adelaide,
496 2116 29 26 by
532 2116 119 28 Theorum,

99 2143 108 27 Operator
215 2149 43 14 was
268 2142 73 22 foaled
351 2142 23 21 in
384 2144 60 25 1832,
454 2145 38 24 got
505 2142 30 26 by
550 2143 101 27 Emilius,

71 2169 51 21 dam
134 2168 118 22 Worthless
260 2169 32 27 by
302 2168 95 28 Walton,
409 2173 39 17 out
457 2170 26 20 of
496 2169 117 21 Altisidora
622 2170 31 27 by

70 2196 60 21 Dick
139 2196 115 21 Andrews.

97 2222 73 27 Every
179 2223 109 20 attention
298 2222 45 22 will
351 2222 28 21 be
388 2222 52 27 paid
449 2225 22 19 to
485 2229 70 15 mares
569 2226 52 19 sent
629 2226 23 18 to

68 2248 55 22 him.

97 2276 97 26 Charges
211 2275 34 22 for
263 2275 55 22 each
336 2282 66 19 mare,
423 2275 53 22 with
494 2283 12 14 a
524 2279 127 25 guarantee,

69 2309 68 14 seven
147 2302 100 26 guineas;
264 2302 93 21 without
365 2307 128 21 guarantee,
503 2302 42 22 five
551 2304 100 27 guineas,

70 2329 125 25 Groomage
203 2328 112 23 included.
351 2345 6 9 ,

148 2373 115 20 London
277 2374 166 25 Newspaper
457 2374 119 25 Agency.

78 2406 127 33 JOSEPH
227 2406 151 26 CLAYTON,
397 2406 96 22 General
517 2407 136 28 Newspaper

70 2428 26 26 «l
134 2433 43 21 and
194 2432 143 27 Advertising
351 2433 81 27 Agent,
453 2433 111 27 publisher
574 2435 26 20 of
613 2435 39 22 the

72 2461 109 25 Spectator
203 2459 44 22 and
272 2460 92 20 Colonial
387 2461 91 25 Gazette,
502 2462 39 19 320
562 2461 89 27 Strand,

71 2486 100 27 London,
190 2486 142 27 respectfully
350 2486 92 23 informs
459 2487 36 21 the
512 2490 79 24 gentry
607 2489 45 21 and

69 2513 136 22 inhabitants
229 2514 25 20 of
282 2513 54 22 Port
353 2513 130 27 Nicholson,
506 2514 144 28 Wellington,

70 2539 52 22 Port
132 2539 90 27 Nelson,
231 2539 44 22 and
280 2540 30 21 all
319 2543 60 23 parts
386 2540 25 22 of
423 2540 54 21 New
488 2540 103 27 Zealand,
604 2542 48 21 that

70 2566 28 21 he
108 2566 105 21 forwards
222 2566 37 22 the
271 2568 116 25 Spectator,
405 2568 92 19 Colonial
505 2568 89 26 Gazette,
607 2569 45 21 and

70 2592 29 22 all
110 2592 62 22 other
181 2592 94 22 London
285 2601 79 19 papers
376 2594 111 26 regularly
496 2598 21 17 to
531 2595 53 21 New
594 2595 58 22 Zea-

68 2619 62 27 land,
141 2618 71 22 either
220 2619 95 28 through
326 2620 37 21 the
381 2620 129 27 Post-office,
527 2629 24 14 or
565 2622 31 26 by
612 2622 40 21 the

70 2646 55 21 New
139 2645 99 22 Zealand
254 2646 134 28 Company's
402 2648 59 27 ships
468 2656 34 13 :—
503 2648 108 26 Payment
627 2649 24 21 in

71 2672 105 26 advance,
186 2679 24 14 or
221 2679 12 14 a
242 2673 113 22 reference
362 2674 24 21 in
395 2674 94 23 London
499 2679 58 17 must
563 2682 89 15 accom-

70 2706 60 20 pany
136 2698 36 22 the
183 2698 70 22 order.
282 2700 191 23 Advertisements
480 2702 96 21 inserted
583 2702 24 21 in
614 2702 38 22 the

71 2726 95 21 London
172 2726 145 27 Newspapers
321 2727 21 20 &
350 2727 138 23 Periodicals.
517 2728 135 22 Gentlemen

70 2752 104 27 ordering
184 2752 145 28 Newspapers
339 2761 37 14 are
384 2754 141 27 respectfully
534 2756 119 26 requested

68 2782 23 18 to
102 2782 56 18 state
169 2779 97 22 whether
280 2780 53 26 they
341 2780 73 26 prefer
428 2781 82 27 having
522 2781 61 22 them
593 2782 58 21 thro'

70 2805 38 22 the
119 2806 52 21 Post
181 2806 73 26 Office,
266 2813 25 14 or
301 2807 29 25 by
339 2806 37 21 the
386 2808 132 26 Company's
529 2808 59 27 ships

72 2850 72 49 ON
156 2850 83 26 SALE,
246 2853 24 18 at
277 2850 37 21 the
321 2850 72 22 Stores
399 2852 27 20 of
432 2851 37 21 the
475 2852 148 27 undersigned
623 2864 30 4 —

149 2876 70 21 Black
234 2876 44 22 and
293 2884 69 20 green
376 2881 52 23 teas,
445 2885 71 20 cocoa,
531 2879 74 27 coffee,
616 2887 36 14 re-

69 2902 60 22 fined
139 2902 44 22 and
197 2903 74 22 brown
286 2911 76 19 sugars
367 2912 6 19 ;
390 2911 13 14 a
413 2905 85 27 variety
507 2905 25 21 of
539 2906 58 26 jams
607 2907 45 21 and

66 2929 78 27 jellies,
160 2929 23 22 in
202 2930 118 26 quantities
336 2933 21 18 to
374 2931 43 21 suit
433 2931 105 26 families;
557 2932 93 28 brandy,

68 2956 95 21 cherries
178 2956 44 21 and
235 2956 62 22 dried
315 2957 82 27 apples,
413 2958 43 21 fine
471 2958 37 22 old
522 2958 130 23 Gloucester

70 2982 43 21 and
127 2982 74 22 Dutch
216 2983 85 27 cheese,
318 2982 109 23 Hambro'
442 2985 78 26 butter,
531 2985 60 21 York
607 2987 45 21 and

69 3009 119 21 American
206 3009 69 27 hams,
298 3017 71 21 sperm
388 3011 46 22 and
457 3012 75 21 mould
546 3013 87 21 candles
644 3022 5 19 ;

69 3034 63 28 olive,
148 3035 90 28 linseed,
254 3036 47 22 and
310 3036 66 23 black
390 3038 29 21 oil
427 3046 6 19 ;
452 3038 64 22 white
529 3039 42 21 and
585 3039 67 23 black

68 3060 57 28 lead,
137 3062 100 28 saltpetre
246 3064 45 21 and
308 3064 69 27 spices
387 3064 25 21 of
426 3065 30 21 all
465 3068 53 18 sorts
525 3073 6 19 ;
548 3067 101 26 oatmeal,

68 3095 60 19 sago,
140 3088 51 27 rice,
202 3089 44 21 and
256 3090 55 22 flour
318 3098 6 19 ;
336 3097 28 14 an
378 3095 129 18 assortment
522 3092 24 21 of
557 3092 92 28 leather,

68 3114 107 27 hobnails,
187 3116 74 27 sprigs,
274 3117 39 21 &c.
321 3125 6 19 ;
339 3117 62 22 shoes
411 3118 44 21 and
469 3119 61 21 boots
539 3119 25 21 of
571 3120 29 20 all
613 3120 38 22 de-

70 3140 120 28 scriptions,
199 3142 43 21 fine
259 3143 124 22 Cavendish
392 3145 99 27 tobacco,
501 3146 71 26 snuffs,
584 3146 45 22 and
638 3155 14 13 a

69 3167 43 22 few
120 3174 61 15 cases
189 3168 58 27 large
252 3169 59 22 bowl
319 3170 68 27 pipes,
397 3171 45 22 and
452 3175 61 18 otner
518 3172 86 22 articles
614 3177 38 19 too

70 3201 120 14 numerous
197 3198 22 17 to
228 3196 104 21 mention.

210 3228 139 16 WHOLESALE-
360 3231 44 14 AND
419 3232 90 15 RETAIL.

353 3256 30 22 D.
398 3258 22 21 S.
435 3258 78 22 Durie
527 3259 42 22 and
584 3260 39 21 Co.

139 3299 53 20 For
203 3299 68 25 Sale,
281 3306 36 14 ex

70 3333 51 47 A
135 3331 133 23 NUMBER
278 3333 26 20 of
313 3333 71 21 useful
398 3335 88 21 articles
496 3335 24 21 of
531 3336 120 23 Furniture

150 3358 45 21 and
205 3358 63 22 other
277 3359 73 27 goods,
360 3364 49 23 part
419 3361 25 21 of
455 3361 37 22 the
502 3370 63 19 cargo
575 3364 27 21 of
612 3364 38 22 the

68 3386 73 20 Maria
157 3386 92 20 Theresa.
282 3384 50 23 Will
350 3386 26 21 be
392 3387 79 22 landed
487 3388 51 22 here
552 3389 34 22 for
603 3391 46 21 sale

69 3412 80 22 should
157 3412 81 28 buyers
248 3412 56 22 offer
310 3419 6 20 ;
332 3413 59 26 early
399 3414 131 27 application
543 3416 17 21 is
571 3424 79 14 neces-

69 3446 57 20 sary.
155 3439 75 27 Apply
239 3441 22 19 to

463 3467 62 21 John
539 3468 80 22 Wade.

69 3491 145 27 Wellington,
226 3491 82 23 March
317 3493 33 25 18,
362 3493 59 20 1842.

70 3539 70 48 ON
155 3539 83 27 SALE,
249 3542 24 19 at
282 3539 38 21 the
331 3539 73 21 Stores
414 3539 26 21 of
445 3539 35 22 the
490 3541 155 25 undersigned.

162 3565 153 22 WHALING
330 3565 86 22 GEAR
430 3567 45 20 and
489 3567 118 28 STORES,

254 3592 103 27 recently
367 3592 94 22 arrived.

421 3626 87 22 Willis
522 3627 44 21 and
580 3629 40 21 Co.

92 3653 144 27 Wellington,
247 3652 81 23 March
336 3654 19 26 1,
366 3654 60 20 1842.

170 3697 82 27 SALE,
264 3697 30 28 by
304 3697 38 21 the
351 3697 147 27 undersigned
498 3708 27 5 —

94 3749 103 28 Superior
205 3753 49 24 port
264 3750 45 22 and
319 3749 76 28 sherry
403 3751 25 21 in
439 3758 67 20 cases,

90 3776 147 27 .Champagne
246 3777 23 21 in
280 3777 63 26 ditto,

194 3803 23 21 in
229 3807 89 24 quarter
327 3803 69 28 casks,

94 3828 47 22 Gin
148 3828 25 22 in
182 3828 64 24 hhds.

389 3857 25 22 T.
427 3858 34 22 M.
477 3858 141 22 Partridge.

68 3880 80 23 March
157 3882 34 26 25,
202 3883 60 21 1842.
439 3883 2 5 '

68 3925 73 49 ON
163 3925 83 26 SALE,
271 3930 23 18 at
313 3927 37 21 the
369 3927 69 22 Office
462 3929 26 20 of
505 3928 43 23 this
569 3937 77 19 paper,

136 3957 4 4 -
167 3956 3 4 '
186 3958 14 5 ~
217 3953 153 22 SEAMEN'S
383 3954 155 23 ARTICLES:

1421 149 145 27 Wesleyan
1582 149 141 22 Missions.
1752 158 2 6 •
1781 151 6 4 '

1286 183 70 49 ON
1370 181 126 24 SUNDAY
1509 183 93 26 NEXT,
1615 183 63 27 April
1687 183 47 26 3rd,
1751 190 15 14 a
1774 190 87 15 sermon

1360 208 45 22 will
1413 209 27 21 be
1449 209 141 27 preaclied'in
1599 209 79 22 belhalf
1684 209 26 24 of
1716 209 36 22 the
1762 209 99 28 Wesley-

1284 243 28 14 an
1322 235 134 26 Missionary
1465 235 92 28 Society,
1567 236 25 21 in
1600 236 39 22 the
1647 232 133 31 Exchange,'
1786 235 32 28 by
1823 236 37 21 the

1284 262 54 22 Rev.
1347 261 61 23 John
1421 262 137 22 Macfarlane
1574 262 26 22 of
1616 263 38 21 the
1667 262 80 22 Scotch
1764 262 95 22 Church.

1284 289 85 21 Service
1388 291 23 19 to
1427 296 126 15 commence
1569 292 23 18 at
1606 289 62 22 three
1685 288 86 23 o'clock
1784 289 25 21 in
1823 288 37 22 the

1283 315 121 21 afternoon.

1309 341 35 21 On
1367 341 101 27 Monday
1486 341 96 27 evening
1598 345 61 24 next,
1681 341 66 28 April
1766 341 47 26 4th,
1837 345 23 18 at

1284 367 11 23 7
1305 367 90 26 o'clock,
1404 375 16 20 _a
1427 368 18 21 P
1443 387 3 6 (
1446 369 57 21 ublic
1517 368 134 27 Missionary
1665 368 103 27 Meeting
1776 367 45 23 will
1832 368 28 22 be

1273 393 61 23 -held
1341 394 23 22 in
1374 393 39 22 the
1421 402 60 14 same
1494 395 70 26 place,
1580 395 90 27 .George
1685 395 101 25 Hunter,'
1800 395 58 27 Esq.,

1282 421 22 21 in
1307 417 7 8 r
1323 420 37 22 the
1380 419 72 23 Chair.
1493 421 47 22 The
1548 418 4 6 '
1559 419 55 23 Rev.
1622 420 4 5 '
1633 421 69 22 John'
1714 421 145 28 Macfarlane,

1284 447 54 21 Geo.
1348 447 20 21 S.
1379 446 82 28 Evans,
1472 447 59 27 Esq.,
1541 447 92 28 D.C.L.,
1644 448 62 22 John
1713 447 77 27 Wade,
1800 447 58 29 Esq.,

1283 473 58 22 John
1351 473 66 27 Rout,
1436 474 58 27 Esq.,
1512 474 45 22 and
1572 474 73 22 others
1661 482 38 14 are
1716 474 107 28 expected
1837 479 22 17 to

1283 499 86 23 address
1379 500 37 21 the
1430 501 103 26 meeting.

1308 527 23 21 A
1340 526 115 22 collection
1464 527 44 21 will
1517 528 28 20 be
1560 527 65 21 made
1641 528 57 22 after
1713 527 55 23 each
1782 528 27 22 of
1822 527 38 27 Jhe

1284 553 97 26 services,
1393 553 24 21 in
1428 553 36 22 aid
1473 553 25 21 of
1509 553 37 22 the
1555 553 91 27 general
1655 554 64 22 fund.

1308 586 145 27 Wellington,
1465 586 79 22 March
1554 581 33 32 29^
1598 588 60 21 1842.

1336 630 89 22 OTICE
1440 630 28 22 IS
1482 630 127 23 HEREBY
1624 632 107 27 GIVEN,
1741 631 2 5 '
1756 632 50 22 that
1823 633 37 22 the

1347 657 138 27 partnership
1494 657 124 22 heretofore
1761 659 99 23 between

1283 684 96 22 William
1386 682 113 23 Vitruvius
1506 684 93 26 Brewer,
1609 684 198 28 barfister-at-law,
1818 686 43 22 and

1283 710 92 23 Edward
1383 710 118 27 .Chetham,
1510 710 106 28 Solicitor,
1625 711 19 21 is
1652 711 43 22 this
1700 712 47 26 .day
1752 712 109 22 dissolved

1283 738 29 26 by
1320 736 85 23 mutual
1414 740 97 19 consent.
1728 753 4 2 .

1558 762 111 23 William
1683 764 30 21 V.
1728 764 105 28 Brewer,
1848 774 4 3 •

1557 790 101 22 Edward
1673 791 122 22 Chetham.

1284 817 92 22 Witness
1376 827 28 5 —
1404 816 96 23 Thomas
1509 816 91 23 Martin.

1308 844 79 21 March
1397 846 33 24 29,
1442 846 58 20 1842.

1287 888 137 27 TTtOUND,
1444 889 21 21 A
1484 889 75 21 COW.
1588 889 46 22 The
1654 896 75 15 owner
1747 896 41 14 can
1806 889 55 23 have

1288 910 29 28 Xj
1355 915 39 21 her
1404 923 28 14 on
1442 916 74 27 giving
1532 916 41 22 the'
1587 923 78 20 proper
1682 916 141 27 description,
1833 917 28 26 by

1286 941 100 28 applying
1395 945 22 18 to
1425 943 44 21 Mr.
1480 943 100 26 Butler,
1592 940 178 30 Pound-keeper.

1309 974 142 28 Wellington,
1463 976 78 22 March
1550 978 34 24 22,
1595 978 61 21 1842.

1501 1021 53 20 For
1569 1021 67 20 Sale.
1661 1039 3 3 .

1284 1051 85 47 THE
1387 1053 102 22 HOUSE
1505 1054 105 27 occupied
1618 1054 31 27 by
1658 1054 39 23 the
1705 1054 155 29 undersigned,

1328 1080 93 23 situated
1431 1081 22 20 in
1465 1081 182 27 Murphy-street,
1656 1082 52 21 with
1714 1082 38 21 the
1761 1082 59 22 lease
1829 1082 33 22 for

1341 1107 66 21 about
1423 1108 26 20 14
1467 1115 62 19 years
1548 1107 26 22 of
1591 1107 50 22 half
1658 1115 29 15 an
1701 1116 49 14 acre
1768 1109 26 22 of
1810 1109 51 22 land

1286 1133 105 22 attached.

1614 1161 25 21 T.
1650 1161 33 22 M.
1694 1162 141 22 Partridge.

1372 1206 243 24 GOVERNMENT
1633 1208 140 23 NOTICE.

1286 1237 141 50 NOTICE
1447 1237 27 22 IS
1494 1237 127 23 HEREBY
1636 1238 108 27 GIVEN,
1761 1239 48 21 that
1825 1239 38 22 the

1356 1264 69 21 Court
1441 1265 26 20 of
1480 1264 95 24 Quarter
1590 1265 97 21 Sessions
1705 1266 120 27 appointed
1841 1269 21 18 to

1285 1291 25 22 be
1325 1291 81 21 holden
1423 1293 23 19 at
1461 1291 141 26 Wellington,
1621 1299 28 13 on
1667 1292 38 22 the
1728 1292 40 21 sth
1785 1293 42 26 day
1841 1293 26 21 of

1286 1317 61 28 April
1357 1321 60 23 next,
1425 1317 45 22 will
1479 1321 38 18 not
1526 1318 28 20 be
1564 1325 24 14 so
1599 1318 87 27 holden,
1694 1318 46 22 and
1747 1319 37 21 the
1791 1319 72 27 jurors

1285 1344 129 22 summoned
1422 1345 85 21 thereto
1517 1344 43 22 will
1570 1348 39 18 not
1618 1345 89 27 require
1717 1348 22 18 to
1748 1345 51 26 give
1808 1346 55 21 their

1286 1371 128 23 attendance
1423 1371 62 21 there
1500 1378 27 14 on
1544 1371 50 21 that
1608 1371 50 27 day,
1672 1373 41 21 but
1729 1371 29 22 all
1774 1380 89 19 persons

1284 1397 69 22 under
1367 1399 157 25 recognizance
1539 1401 23 17 to
1583 1405 80 20 appear
1677 1406 25 14 as
1720 1403 142 22 prosecutors,

1286 1425 114 25 witnesses,
1414 1431 24 14 or
1447 1424 129 22 defendants
1585 1425 75 21 before
1671 1425 55 21 such
1742 1425 73 26 Court,
1827 1433 36 14 are

1285 1454 39 18 not
1334 1451 129 26 discharged
1480 1451 24 21 of
1515 1451 58 21 their
1587 1452 156 26 recognizancs
1750 1460 4 19 ;
1771 1453 42 21 but
1821 1452 42 22 will

1285 1478 27 21 be
1322 1477 101 28 required
1432 1480 22 18 to
1463 1478 50 27 give
1524 1477 59 22 their
1599 1479 132 21 attendance
1740 1482 22 18 at
1771 1479 38 21 the
1818 1479 47 21 first

1287 1505 66 21 Court
1362 1503 25 22 of
1398 1504 105 21 Criminal
1517 1504 130 22 Judicature
1663 1509 21 17 to
1699 1505 28 21 be
1744 1505 81 22 holden
1842 1509 23 18 at

1286 1531 141 26 Wellington,
1440 1538 27 14 on
1477 1531 36 21 the
1524 1530 58 22 third
1592 1531 102 28 Tuesday
1705 1531 26 21 of
1737 1532 65 27 April
1811 1535 54 19 next

1287 1558 75 27 (being
1376 1557 37 21 the
1429 1558 58 21 22nd
1503 1557 118 28 proximo,)
1633 1562 23 17 at
1672 1559 54 21 nine
1744 1559 83 21 o'clock
1841 1559 24 21 in

1287 1584 36 22 the
1338 1585 113 25 forenoon,
1463 1585 44 21 and
1520 1584 38 22 the
1568 1584 78 22 Jurors
1661 1585 46 21 will
1722 1586 87 21 receive
1824 1585 41 22 due

1287 1611 70 21 notice
1366 1611 36 21 for
1411 1611 56 21 their
1477 1611 136 21 attendance.

1449 1646 93 22 Robert
1557 1647 28 22 R.
1601 1648 99 25 Strang,

1594 1674 64 21 Clerk
1672 1675 26 21 of
1708 1674 38 22 the
1759 1674 78 22 Peace.

1287 1700 67 21 Court
1363 1699 83 25 House,
1457 1699 140 27 Wellington,
1608 1701 80 21 March
1700 1702 39 25 28,'
1745 1703 60 19 1842.

1376 1746 243 23 GOVERNMENT
1636 1747 142 24 NOTICE.

1520 1777 75 22 Police
1606 1778 77 25 Office,
1695 1778 143 28 Wellington,

1581 1804 80 22 March
1670 1806 33 26 15,
1715 1806 60 21 1842.

1366 1839 111 20 Annual
1491 1839 146 26 Licensing
1653 1839 132 26 Meeting.

1287 1872 144 49 NOTICE
1455 1872 28 22 IS
1507 1872 128 22 HEREBY
1660 1872 108 27 GIVEN,
1787 1872 48 22 that
1854 1880 13 14 a

1375 1899 98 22 General
1491 1899 100 26 Meeting
1607 1899 25 21 of
1648 1899 97 22 Justices
1762 1899 26 22 of
1804 1900 63 26 Petty

1287 1927 103 25 Sessions,
1402 1926 75 26 acting
1484 1926 23 21 in
1525 1926 44 21 and
1581 1925 35 21 for
1630 1926 38 21 the
1686 1926 85 21 district
1780 1926 25 21 of
1816 1927 52 21 Port

1287 1952 127 25 Nicholson,
1429 1952 43 21 will
1482 1952 28 22 be
1519 1952 52 21 held
1581 1954 23 19 at
1612 1952 44 21 this
1672 1952 71 22 OESce
1758 1960 28 13 on
1800 1953 67 21 Tues-

1287 1980 49 26 day,
1351 1979 37 22 the
1404 1979 51 21 19th
1472 1979 42 26 day
1523 1979 25 21 of
1555 1978 70 28 April,
1641 1980 59 25 1842,
1718 1982 23 17 to
1756 1979 52 22 take
1821 1980 46 21 into

1287 2006 159 21 consideration
1460 2006 53 21 such
1523 2005 142 25 applications
1673 2006 37 21 for
1726 2006 103 21 Licenses
1844 2013 23 13 as

1286 2037 47 20 may
1343 2032 49 19 have
1406 2031 47 20 been
1463 2030 71 26 lodged
1543 2031 52 19 with
1604 2037 31 13 me
1651 2037 26 13 on
1686 2037 26 14 or
1726 2031 68 25 before
1806 2033 60 19 Tues-

1287 2059 46 25 day,
1344 2058 36 21 the
1390 2057 37 21 sth
1442 2057 43 27 day
1490 2057 25 21 of
1529 2057 130 26 Aprilnext,
1667 2058 72 21 under
1745 2058 121 26 provisions

1287 2085 25 21 of
1325 2088 35 18 tlie
1375 2084 45 21 Act
1434 2084 24 21 of
1475 2082 95 28 Council,
1588 2086 14 19 2
1618 2084 106 26 Victoria,
1741 2084 44 22 No.
1797 2086 31 26 18,
1845 2086 25 21 of

1288 2113 58 20 1838.

1448 2137 93 22 Robert
1556 2137 27 21 R.
1600 2137 99 27 Strang,

1554 2164 66 21 Clerk
1630 2164 25 21 of
1661 2164 66 27 Petty
1737 2164 102 23 Sessions.

1507 2208 238 26 Surveyor-General's
1762 2209 77 28 Office,

1576 2235 79 22 March
1665 2236 20 26 5,
1697 2237 60 21 1842.

1358 2269 39 20 To
1412 2269 183 20 Landowners
1609 2270 55 20 and
1678 2271 116 24 Agents.

1287 2302 144 49 NOTICE
1453 2302 26 22 IS
1500 2302 126 21 HEREBY
1645 2302 107 26 GIVEN,
1770 2303 50 21 that
1837 2311 28 14 on

1366 2328 121 28 Thursday,
1499 2328 37 23 7th
1547 2328 63 28 April
1620 2333 61 22 next,
1693 2330 95 21 sections
1798 2330 22 21 in
1829 2330 37 22 the

1287 2356 93 21 districts
1400 2355 25 22 of
1442 2356 133 24 Manewatu,
1597 2356 90 26 Ohariu,
1708 2356 45 21 and
1775 2356 91 23 Porirua

1287 2382 43 22 will
1343 2382 27 21 be
1387 2382 82 22 offered
1487 2382 33 21 for
1535 2381 106 22 selection
1658 2385 23 18 at
1697 2382 44 21 this
1757 2383 70 22 Office
1844 2387 22 18 at

1287 2411 23 20 11
1322 2408 84 23 o'clock
1414 2415 48 15 a.m.
1491 2408 136 26 Proprietors
1641 2411 40 19 not
1696 2408 84 32 haying
1790 2413 75 23 agents

1286 2439 87 24 present
1388 2438 23 18 at
1427 2435 36 22 the
1480 2435 53 22 time
1548 2435 26 21 of
1587 2435 106 22 selection
1708 2436 46 22 will
1769 2437 28 21 be
1814 2445 51 13 con-

1287 2462 84 22 sidered
1384 2465 24 18 to
1417 2462 57 21 have
1483 2461 103 22 reserved
1596 2461 56 22 their
1662 2462 88 22 choices
1758 2463 35 21 for
1802 2464 63 22 lands

1286 2493 39 23 yet
1338 2488 146 26 unsurveyed.
1513 2488 67 22 Plans
1597 2488 25 21 of
1632 2488 38 22 the
1684 2489 97 22 sections
1795 2491 24 21 in
1828 2490 37 22 the

1287 2516 83 22 district
1380 2514 26 22 of
1413 2516 133 24 Manewatu,
1554 2521 52 19 may
1614 2515 28 22 be
1653 2523 52 14 seen
1715 2519 23 18 at
1736 2513 4 9 1
1747 2516 43 22 this
1795 2517 70 22 Office

1287 2550 27 14 on
1326 2542 99 26 Monday
1433 2545 55 18 next
1501 2541 44 22 and
1560 2541 114 27 following
1683 2542 55 27 days
1745 2551 5 18 ;
1766 2543 62 22 those
1841 2544 24 22 in

1286 2570 37 21 the
1333 2568 92 23 districts
1436 2568 25 21 of
1474 2568 93 22 Porirua'
1573 2568 45 21 and
1628 2568 86 23 Ohariu
1726 2577 28 14 on
1764 2570 100 28 Monday

1286 2596 51 21 14th
1346 2595 44 22 and
1399 2594 113 28 following
1521 2594 61 27 days.

1446 2627 36 23 W.
1496 2628 33 22 M.
1545 2628 81 27 Smith,
1642 2629 63 27 Capt.
1715 2629 68 28 R.A.,

1610 2655 84 28 Survey
1697 2657 86 21 or-Gen
1787 2657 42 21 eral
1832 2673 5 5 .

1512 2700 238 22 Surveyor-General's
1759 2701 77 27 Office,

1538 2730 3 5 '
1579 2726 81 21 March
1669 2728 34 25 18,
1714 2728 61 21 1842.

1432 2752 162 21 Additional
1609 2754 108 21 Notice.

1287 2787 64 49 AS
1366 2787 62 21 THE
1444 2786 131 22 NUMBER
1590 2785 38 23 OF
1644 2787 147 23 SECTIONS
1806 2791 22 19 to
1837 2789 28 22 be

1346 2813 65 27 given
1423 2816 38 18 out
1470 2813 23 21 in
1501 2812 65 28 April
1576 2815 61 24 next,
1647 2814 44 21 will
1700 2814 29 22 be
1739 2822 53 19 very
1797 2815 66 28 large,

1287 2841 44 21 and
1340 2841 17 21 it
1366 2839 44 22 will
1417 2839 28 23 be
1454 2839 125 28 impossible
1589 2842 22 18 to
1621 2847 28 19 go
1660 2840 96 28 through
1766 2841 60 23 them
1837 2843 28 21 all

1286 2867 22 21 in
1319 2874 41 15 one
1371 2866 49 27 day,
1430 2867 19 21 it
1457 2867 18 21 is
1491 2866 106 22 intended
1608 2870 21 18 to
1640 2867 56 26 'give
1708 2865 39 25 but
1756 2872 43 18 two
1809 2869 57 21 hun-

1288 2893 53 23 dred
1350 2893 99 22 Sections
1458 2900 29 14 on
1503 2893 37 21 the
1557 2892 38 22 7th
1612 2893 25 22 of
1649 2894 71 27 April,
1732 2895 44 21 and
1787 2895 36 22 the
1832 2903 34 15 re-

1287 2920 98 22 mainder
1400 2920 39 22 the
1453 2923 55 19 next
1522 2919 72 27 day—
1594 2919 37 23 the
1649 2921 106 23 selection
1772 2925 23 18 to
1806 2930 60 14 com-

1287 2954 74 15 mence
1371 2954 29 14 on
1410 2946 53 22 both
1474 2947 53 26 days
1536 2950 24 17 at
1569 2947 78 22 eleven
1658 2948 96 27 o'clock,'
1762 2956 49 15 a.m.
1821 2946 2 10 '

1308 2977 38 31 '
1381 2972 2 7 '
1480 2980 34 22 W.
1526 2980 33 23 M.
1571 2981 82 25 Smith,
1666 2975 138 29 CaptVR.A.
1805 2999 7 10 }

1612 3008 227 28 Surveyor-G.eneral.

1397 3052 86 21 Town
1496 3052 91 21 Lands
1602 3054 28 19 at
1644 3053 113 21 Nelson.

1287 3085 143 51 NOTICE
1452 3085 27 22 IS
1500 3085 129 22 HEREBY
1644 3086 109 25 GIVEN,
1768 3087 49 22 that
1829 3088 38 23 the

1364 3112 105 21 selection
1515 3113 70 21 Tovra
1599 3110 76 23 Lands
1687 3116 24 18 at
1727 3114 140 24 Nelson-will

1286 3141 50 22 take
1343 3139 63 29 place
1416 3146 30 14 on
1456 3135 163 30 Satiirday/'the
1628 3136 46 25 2'ri'd
1687 3140 27 21 of
1720 3140 133 28 Aprilnext.

1447 3165 43 23 For
1503 3164 34 23 W^
1720 3164 4 4 '

1287 3192 108 29 Principal
1404 3193 76 26 Agent
1489 3192 25 21 of
1520 3192 38 21 the
1567 3191 57 22 New
1634 3192 100 23 Zealand
1745 3194 120 30 Company,

1324 3233 3 8 i
1588 3218 21 22 J-
1621 3219 30 23 T.
1666 3219 147 26 WICKSTEED.

1312 3247 142 26 Wellington,
1466 3244 79 23 March
1554 3245 33 27 17,
1599 3247 59 20 1841.
1765 3246 4 3 '

1286 3292 39 20 To
1340 3290 160 21 Gentlemen
1514 3290 145 28 intending
1673 3292 28 19 to
1717 3293 77 20 enter
1807 3293 58 21 into

1312 3318 44 20 the
1383 3316 150 26 profitable'
1553 3318 108 23 pursuit
1747 3319 121 28 Grazing

1313 3344 52 21 and
1385 3343 135 26 Breeding
1538 3343 93 25 Stock;
1652 3344 42 21 for
1714 3345 91 23 w;Kich'
1823 3348 42 20 the

1312 3366 101 25 fertile
1418 3370 108 20 Islands
1547 3370 31 20 of
1595 3370 69 21 New
1681 3372 122 22 Zealand
1822 3380 43 15 are

1311 3403 30 15 so
1357 3396 148 26 peculiarly
1519 3396 127 26 adapted.'
1677 3396 21 27 ;''■
1715 3396 61 9 '■'""
1800 3398 2 5 '
1845 3399 3 4 ■

1284 3428 88 49 11HE
1381 3428 152 27 undersigned
1540 3430 43 27 beg
1594 3433 20 18 to
1623 3430 84 22 inform
1716 3430 58 22 their
1782 3431 84 23 friends

1355 3455 45 21 and
1416 3455 37 22 the
1462 3456 78 32 'public
1557 3457 120 27 generally,
1694 3457 50 21 that
1759 3457 54 28 they
1823 3459 44 21 will

1354 3485 100 19 contract
1462 3483 34 21 for
1505 3482 38 22 the
1558 3483 99 28 delivery
1669 3484 25 22 of
1701 3483 38 22 the
1754 3484 113 28 following

1286 3509 130 27 description
1430 3509 26 21 of
1462 3509 72 28 Stock,
1541 3509 25 21 in
1574 3517 45 20 any
1629 3511 53 21 Port
1691 3509 26 23 of
1731 3510 37 22 the
1778 3511 89 22 Islands

1286 3536 25 24 of
1316 3536 55 22 New
1381 3535 112 22 Zealand:
1494 3547 28 4 —
1573 3534 6 7 s
1592 3535 3 6 '
1650 3534 2 8 '
1780 3535 66 8 ....

1311 3562 100 22 Horned'
1421 3562 66 22 cattle
1505 3563 123 26 (improved
1640 3563 91 26 breeds)
1747 3563 26 22 of
1784 3563 31 23 all
1828 3564 39 22 de-

1286 3589 120 27 scriptio.ns,

1311 3615 89 32 Horse'sj
1423 3615 57 22 from
1500 3615 38 23 the
1560 3615 51 22 best
1628 3616 96 27 English
1744 3616 45 22 and
1804 3617 65 21 Arab,

1284 3643 67 26 studs,
1368 3642 92 22 suitable
1477 3642 33 23 for
1529 3649 84 20 racing,
1628 3643 84 27 saddle,
1724 3650 25 14 or
1759 3643 92 22 harness
1858 3652 5 19 j
1872 3645 2 31 j

1285 3669 44 22 and
1336 3669 109 26 breeding
1452 3676 79 19 mares,

1311 3696 56 22 Pure
1377 3696 75 21 Saxon
1461 3695 45 22 and
1515 3695 86 22 merino
1611 3703 63 20 ewes,

1310 3721 120 23 Half-bred
1446 3722 111 23 Leicester
1571 3722 45 22 and
1631 3722 87 22 merino
1736 3729 63 19 ewes,
1816 3730 49 20 par-

1284 3749 100 26 ticularly
1394 3749 95 27 adapted
1501 3749 35 21 for
1545 3748 43 23 this
1599 3751 100 24 country,
1711 3756 23 14 as
1743 3749 54 30 they
1803 3750 62 21 unite
1867 3757 3 8 1

1283 3776 80 27 weight
1373 3775 25 22 of
1404 3782 86 15 carcass
1500 3775 52 22 with
1561 3775 97 22 fineness
1668 3775 25 21 of
1700 3775 63 22 wool.

1308 3802 47 22 The
1378 3802 149 27 undersigned
1550 3809 42 15 can
1620 3801 167 23 accommodate
1813 3810 52 20 pur-

1283 3829 87 23 chasers
1383 3829 27 21 of
1423 3828 57 22 their
1490 3828 67 22 Stock
1573 3828 54 22 with
1643 3828 115 22 extensive
1773 3829 92 28 grazing

1282 3864 60 18 runs,
1353 3855 77 23 within
1440 3857 41 24 100,
1489 3855 63 23 miles
1562 3855 26 22 of
1594 3855 43 22 this
1647 3855 60 22 Port.

1540 3882 35 22 W.
1590 3882 26 22 B.
1632 3882 94 22 Rhodes
1740 3882 44 22 and
1799 3883 66 25 Co.H

1282 3927 91 50 JUST
1387 3927 132 27 OPENED,
1526 3927 45 22 and
1580 3934 30 15 on
1620 3927 50 22 Sale
1681 3930 23 19 at
1714 3927 37 22 the
1761 3927 71 23 Office
1842 3933 22 22 oj

1345 3953 42 22 this
1398 3953 77 28 Paper,
1487 3954 37 21 ink
1535 3954 76 21 stands
1621 3954 26 21 of
1653 3955 90 21 various
1752 3954 62 21 sizes.
