2540 4039
575 20 99 57 ti)t
698 30 121 41 ttftto
844 30 211 42 Ztalatttr
1079 30 192 49 <Ste?*ttt
1292 32 95 42 an*
1411 32 303 49 zntUtnqton
1736 30 256 51 &»tttati>t+

1892 3899 74 16 Printed
1979 3900 38 17 and
2030 3901 97 20 published
2145 3907 55 18 every
2217 3905 106 22 Wednesday
2339 3908 36 16 and
2387 3908 91 20 Saturday

1911 3924 91 17 morning,
2017 3921 23 20 by
2059 3923 85 17 Samuel
2159 3925 88 19 Kbvans,
2264 3929 17 14 at
2292 3927 31 17 the
2339 3929 56 16 Office
2412 3934 18 12 01
2444 3934 32 14 tne

1912 3941 49 17 New
1974 3943 100 16 Zealand
2085 3944 94 18 Gazette
2191 3950 40 13 and
2246 3947 128 19 Wellington
2392 3951 86 18 Specta-

1911 3967 44 13 tob,
1966 3963 158 23 Mannen-strwt,
2135 3966 114 22 Wellington,
2262 3969 37 17 Port
2311 3970 108 21 Aiiehtlwu*
2433 3973 45 17 N«r

1338 133 6 5 .
1404 134 3 4 ,
1418 115 9 25 '.
1442 119 147 33 y/es^leyan
1605 120 142 23 Missions.

1300 148 75 52 ON
1389 151 128 24 SUNDAY
1531 144 94 37 NEXT,'
1638 155 64 28 April
1711 154 47 27 3rd,
1775 162 14 15 a
1798 162 89 15 sermon

1378 177 46 22 will
1432 180 27 20 be
1468 178 114 28 p~re*achecl
1589 181 23 21 in
1622 181 80 22 behalf
1707 181 26 22 of
1738 181 39 22 the
1786 181 101 28 Wesley-

1299 211 29 14 an
1340 204 135 28 Missionary
1485 206 95 29 Society,
1590 207 25 22 in
1624 207 37 23 the
1671 207 129 28 Exchange,
1810 208 31 27 by
1848 208 38 22 the

1293 230 63 31 ,ReyJ
1363 231 64 22 John
1441 232 139 24 Macfarlane
1597 235 25 21 of
1639 234 37 22 the
1691 235 81 21 Scotch
1787 235 98 22 Church.

1298 257 90 22 Service
1407 261 23 19 to
1445 266 131 17 commence
1591 264 23 18 at
1629 261 62 22 three
1709 261 85 22 o'clock
1801 262 31 22 .in
1846 261 40 23 the

1297 283 126 24 afternoon.

1326 310 35 23 On
1385 310 101 30 Monday
1506 314 97 27 evening
1617 317 64 24 next,
1705 314 66 28 April
1789 314 47 27 4th,
1862 317 24 19 at

1297 337 16 22 7
1320 337 96 27 o'clock,-
1424 346 14 15 a
1444 339 79 23 Public
1537 341 135 28 Missionary
1686 341 104 28 Meeting
1798 341 45 22 will
1856 341 29 23 he

1296 363 54 22 held
1358 364 24 21 in
1392 362 38 25 the
1439 373 61 15 same
1514 367 71 27 place,
1604 368 87 28 George
1707 369 98 25 Hunter,
1822 368 61 27 Esq.,

1295 391 24 21 in
1339 390 38 23 the
1398 392 73 22 Chair.'
1512 393 48 23 The
1580 394 55 22 Rev.
1735 395 148 28 Macfarlane,

1297 417 57 22 Geo.
1364 418 22 21 S.
1398 418 81 28 Evans,
1562 421 92 28 D.C.L.,
1665 422 62 22 John
1733 422 80 27 Wade,
1821 421 62 29 Esq.,

1296 444 62 21 John
1366 444 69 28 Rout,
1452 446 61 28 Esq.,
1531 448 47 22 and
1592 448 73 22 others
1682 456 38 15 are
1737 448 108 29 expected
1861 453 23 18 to

1297 470 90 23 address
1397 472 37 22 the
1447 474 107 26 meeting.

1323 498 23 21 A
1356 498 116 23 collection
1481 500 46 22 will
1537 501 28 21 be
1581 502 64 22 made
1661 502 58 22 after
1733 503 56 22 each
1804 503 26 22 of
1845 503 39 22 the

1296 524 103 28 services,
1410 526 24 21 in
1444 526 37 22 aid
1491 528 27 20 of
1528 528 37 21 the
1576 529 89 26 general
1675 529 65 23 fund.

1323 558 147 29 Wellington,
1480 561 83 24 March
1572 563 34 25 29,
1617 564 61 22 1842.

1296 602 146 23 -VTOTICE
1457 604 28 22 IS
1500 604 129 25 HEREBY
1643 607 108 28 GIVEN,
1778 609 49 22 that
1845 609 38 23 the

1295 629 44 22 ±y
1362 630 142 28 partnership
1513 632 125 23 heretofore
1648 634 120 28 subsisting
1781 636 102 22 between

1295 656 100 23 William
1403 656 115 23 Vitruvius
1525 658 93 29 Brewer,
1629 660 198 30 barrister-at-law,
1838 663 46 23 and

1295 683 96 22 Edward
1402 683 116 28 Chetham,
1528 685 107 29 Solicitor,
1643 688 19 21 is
1670 688 44 22 this
1723 689 43 28 day
1772 689 112 24 dissolved

1294 710 31 27 by
1333 710 88 24 mutual
1431 714 97 20 consent.
1855 714 4 12 '

1578 739 110 24 William
1703 741 28 23 V.
1747 742 107 34 Brewer,

1577 766 99 24 Edward
1692 768 121 24 Chetham.
1855 768 3 13 '

1295 790 96 23 Witness
1392 801 28 5 —
1420 790 98 24 Thomas
1526 792 93 24 Martin.

1322 818 81 21 March
1411 820 33 25 29,
1457 820 61 21 1842.

1297 862 141 49 FOUND,
1457 863 22 23 A
1500 864 77 22 COW.
1605 865 47 23 The
1671 874 76 15 owner
1765 876 41 14 can
1824 869 58 22 have

1366 889 42 21 her
1418 897 26 15 on
1456 891 77 27 giving
1550 892 38 22 the
1604 900 79 20 proper
1700 893 141 29 description,
1852 896 31 26 by

1295 915 105 28 applying
1409 920 22 18 to
1439 917 44 22 Mr.
1495 918 103 28 Butler,
1610 919 178 30 Pound-keeper.

1312 949 144 28 .Wellington
1460 968 5 10 ,
1477 952 82 22 March
1568 954 33 26 22,
1613 956 9 19 1
1627 955 45 20 842.

1518 997 53 21 For
1586 998 67 21 Sale.

1293 1025 88 47 THE
1401 1028 103 22 HOUSE
1519 1030 108 27 occupied
1635 1031 30 27 by
1675 1032 38 22 the
1723 1032 157 30 undersigned,

1338 1055 96 22 situated
1443 1056 24 21 in
1479 1056 183 30 Murphy-street,
1671 1059 54 22 with
1731 1060 38 22 the
1778 1060 59 23 lease
1846 1062 36 22 for

1352 1082 69 21 about
1436 1084 26 20 14
1480 1091 65 19 years
1565 1084 25 22 of
1606 1084 51 23 half
1674 1093 30 15 an
1718 1094 50 15 acre
1784 1088 26 21 of
1826 1088 56 22 land

1293 1107 111 23 attached.
1844 1112 3 18 )

1630 1138 25 22 T.
1666 1140 34 21 M.
1711 1140 142 23 Partridge.
1883 1150 10 19 /

1384 1182 247 26 GOVERNMENT
1648 1185 139 26 NOTICE.

1292 1213 147 49 NOTICE
1458 1214 28 22 IS
1508 1214 128 24 HEREBY
1651 1217 108 27 GIVEN,
1777 1218 47 23 that
1841 1219 40 22 the

1366 1241 70 21 Court
1451 1241 27 21 of
1493 1241 96 24 Quarter
1605 1243 98 22 Sessions
1720 1246 120 27 appointed
1857 1250 24 18 to

1291 1265 28 23 be
1334 1267 84 22 holden
1435 1270 23 19 at
1472 1268 145 28 Wellington,
1636 1277 28 14 on
1682 1271 39 22 the
1744 1272 38 21 sth
1799 1273 44 27 day
1858 1273 27 22 of

1293 1294 65 27 April
1366 1298 63 23 next,
1436 1295 45 22 will
1490 1298 41 19 not
1540 1295 29 22 be
1580 1303 23 14 so
1614 1297 88 27 holden,
1710 1298 45 22 and
1763 1299 36 22 the
1807 1300 74 26 jurors

1291 1322 135 21 summoned
1434 1322 87 22 thereto
1530 1323 47 21 will
1585 1327 39 18 not
1633 1325 90 27 require
1732 1329 22 18 to
1764 1326 49 26 give
1823 1326 58 23 their

1292 1348 133 22 attendance
1434 1349 63 22 there
1513 1357 29 14 on
1559 1350 49 21 that
1623 1350 49 28 day,
1687 1352 41 21 but
1735 1366 3 5 .
1745 1352 29 22 all
1789 1361 92 19 persons

1291 1375 70 22 under
1377 1377 160 26 recognizance
1554 1380 23 18 to
1596 1385 82 20 appear
1692 1386 25 15 as
1734 1385 145 22 prosecutors,

1291 1403 120 26 witnesses,
1424 1410 23 14 or
1457 1403 132 22 defendants
1598 1404 76 23 before
1685 1405 56 22 such
1756 1406 73 28 Court,
1843 1415 37 14 are

1291 1432 40 19 not
1342 1429 131 28 discharged
1490 1430 26 21 of
1528 1430 59 23 their
1601 1432 155 27 recognizancs
1764 1441 6 19 ;
1785 1434 41 22 but
1835 1435 46 21 will

1290 1456 29 21 be
1328 1457 105 27 required
1441 1460 23 18 to
1473 1457 52 27 give
1537 1457 59 22 then-
1612 1459 133 22 attendance
1754 1464 23 19 at
1785 1461 38 22 the
1833 1462 49 21 first

1292 1483 68 21 Court
1370 1484 27 21 of
1408 1484 107 21 Criminal
1528 1484 132 23 Judicature
1675 1490 23 18 to
1713 1487 29 21 be
1758 1487 82 22 holden
1859 1491 23 19 at

1291 1510 146 27 Wellington,
1448 1519 29 14 on
1486 1511 39 22 the
1536 1511 60 22 third
1605 1512 103 28 Tuesday
1718 1514 27 21 of
1751 1515 64 27 April
1825 1518 57 19 next

1292 1537 78 27 (being
1385 1538 38 21 the
1438 1538 59 22 22nd
1515 1539 119 27 proximo,)
1646 1544 23 17 at
1685 1540 55 22 nine
1757 1542 84 22 o'clock
1857 1542 24 21 in

1291 1564 37 22 the
1345 1564 115 27 forenoon,
1472 1565 46 22 and
1531 1565 39 22 the
1580 1566 77 23 Jurors
1672 1568 47 21 will
1734 1569 88 22 receive
1838 1569 43 22 due

1291 1592 72 21 notice
1374 1592 36 21 for
1419 1592 57 22 their
1486 1593 139 22 attendance.

1457 1628 97 23 Robert
1568 1630 28 21 R.
1613 1631 100 26 Strang,-

1605 1657 64 22 Clerk
1684 1658 27 21 of
1720 1658 38 22 the
1773 1658 80 23 Peace.

1291 1681 69 22 Court
1370 1681 84 27 House,
1465 1682 144 28 Wellington,
1620 1684 81 22 March
1712 1686 34 25 28,
1758 1687 59 20 1842.

1383 1728 248 26 GOVERNMENT
1648 1731 141 25 NOTICE.

1530 1761 76 23 Police
1616 1762 79 27 Office,
1707 1763 145 29 Wellington,

1591 1789 80 22 March
1681 1791 33 26 15,
1726 1792 60 20 1842.

1371 1823 113 20 Annual
1499 1823 148 27 Licensing
1664 1824 133 27 Meeting.

1289 1856 149 49 NOTICE
1462 1857 28 22 IS
1516 1857 129 22 HEREBY
1669 1857 110 28 GIVEN,
1799 1858 49 22 that
1867 1866 14 14 a

1381 1883 98 22 General
1498 1885 103 26 Meeting
1617 1885 26 21 of
1658 1885 98 21 Justices
1773 1885 26 21 of
1814 1885 67 28 Petty

1290 1911 106 26 Sessions,
1408 1912 74 26 acting
1491 1911 25 22 in
1533 1912 46 21 and
1591 1911 34 21 for
1641 1911 37 22 the
1696 1911 85 22 district
1791 1912 24 21 of
1827 1912 54 22 Port

1290 1938 129 26 Nicholson,
1435 1938 43 22 will
1488 1938 30 22 be
1526 1938 56 22 held
1590 1941 23 18 at
1622 1938 43 22 this
1681 1938 71 22 Office
1770 1946 28 15 on
1810 1939 70 22 Tues-

1289 1965 50 27 day,
1355 1965 38 22 the
1410 1965 51 22 19th
1477 1966 44 26 day
1531 1966 26 21 of
1564 1965 70 33 April,
1650 1967 60 25 1842,
1729 1968 23 19 to
1768 1966 50 21 take
1832 1966 48 22 into

1279 1998 3 8 '
1288 1992 162 21 consideration
1465 1993 55 20 such
1531 1992 143 28 applications
1682 1992 37 22 for
1735 1993 105 22 Licenses
1857 2001 24 13 as

1286 2026 49 19 may
1345 2020 52 19 have
1410 2020 48 19 been
1467 2020 76 25 lodged
1551 2021 53 19 with
1612 2026 33 13 me
1660 2026 27 13 on
1697 2026 24 14 or
1735 2020 70 25 lefore
1815 2022 64 19 Tues-

1288 2047 47 27 day,
1346 2046 38 21 the
1394 2046 39 21 sth
1446 2046 45 26 day
1497 2046 24 21 of
1536 2046 65 25 April
1607 2049 60 23 next,
1676 2047 72 20 under
1754 2047 125 27 provisions

1287 2072 25 21 of
1325 2076 38 17 the
1378 2073 47 20 Act
1439 2072 24 21 of
1480 2072 99 28 Council,
1596 2075 14 20 2
1625 2072 108 28 Victoria,
1751 2073 43 22 No.
1806 2076 33 24 18,
1856 2075 27 20 of

1288 2101 60 20 1838.

1451 2126 97 22 Robert
1563 2126 28 22 R.
1608 2127 99 27 Strang,

1561 2154 66 21 Clerk
1637 2154 26 21 of
1669 2154 66 28 Petty
1746 2155 104 22 Sessions.

1512 2199 242 26 Surveyor-General's
1772 2199 77 28 Office,

1584 2226 80 21 March
1672 2227 21 26 5,
1705 2227 62 21 1842.

1360 2260 41 19 To
1415 2260 187 20 Landowners
1617 2260 54 21 and
1686 2261 116 26 Agents.

1286 2293 148 48 NOTICE
1455 2293 28 22 IS
1504 2293 128 23 HEREBY
1652 2293 108 28 GIVEN,
1779 2294 49 22 that
1847 2303 30 14 on

1366 2319 125 28 Thursday,
1504 2319 38 23 7th
1552 2320 65 27 April
1627 2325 61 22 next,
1700 2321 96 22 sections
1806 2322 23 21 in
1839 2323 38 21 the

1286 2346 97 22 districts
1403 2347 26 21 of
1444 2347 138 26 Manewatu,
1603 2347 92 27 Ohariu,
1716 2348 45 22 and
1783 2348 94 23 Porirua

1285 2373 45 22 will
1344 2374 28 21 be
1389 2373 83 23 offered
1490 2374 36 22 for
1542 2374 105 22 selection
1665 2378 23 18 at
1704 2375 45 21 this
1766 2375 70 23 Office
1853 2380 24 18 at

1286 2402 23 20 11
1321 2400 87 22 o'clock
1417 2408 48 15 a.m.
1495 2401 138 27 Proprietors
1647 2405 41 18 not
1704 2401 83 27 having
1797 2406 79 23 agents

1285 2432 90 23 present
1390 2431 23 18 at
1430 2427 37 23 the
1483 2428 56 22 time
1554 2429 28 21 of
1592 2428 108 22 selection
1716 2429 45 21 will
1777 2430 28 22 be
1822 2438 54 14 con-

1286 2455 86 22 sidered
1386 2458 24 18 to
1419 2455 58 21 have
1485 2455 106 22 reserved
1602 2455 56 22 their
1667 2455 89 23 choices
1766 2456 35 22 for
1809 2457 66 23 lands

1284 2485 39 23 yet
1338 2482 150 27 unsurveyed;
1517 2482 69 22 Plans
1603 2482 26 22 of
1638 2482 37 22 the
1691 2483 96 22 sections
1803 2484 23 22 in
1836 2484 38 23 the

1285 2509 86 21 district
1382 2508 26 22 of
1414 2509 137 26 Manewatu,
1559 2516 53 19 may
1619 2510 29 21 be
1658 2518 53 14 seen
1721 2514 24 18 at
1754 2511 43 21 this
1803 2511 71 23 Office

1284 2543 28 14 on
1324 2535 103 28 Monday
1436 2539 54 18 next
1505 2536 46 22 and
1565 2536 192 29 following-days;
1773 2538 63 23 those
1849 2540 24 21 in

1284 2562 37 22 the
1331 2562 96 22 districts
1438 2563 24 21 of
1476 2563 95 22 Porirua
1579 2563 45 23 and
1634 2564 85 23 Ohariu
1732 2573 30 14 on
1772 2566 101 28 Monday

1284 2589 53 22 14th
1345 2590 46 21 and
1401 2589 115 28 following
1525 2590 62 27 days.

1446 2623 37 22 W.
1499 2624 33 21 M.
1549 2624 82 27 Smith,
1647 2626 63 26 Capt.
1721 2626 68 26 R.A.,

1615 2652 229 28 Surveyor-General.

1515 2696 240 24 Surveyor-General's
1766 2699 77 28 Office,

1584 2723 80 23 March
1674 2726 33 25 18,
1719 2727 61 20 1842.

1432 2749 165 22 Additional
1613 2751 108 22 Notice.

1281 2784 68 49 AS
1363 2783 66 22 THE
1443 2784 135 21 NUMBER
1592 2784 40 23 OF
1647 2785 148 23 SECTIONS
1811 2790 22 19 to
1843 2787 28 22 be

1343 2810 66 28 given
1422 2814 38 19 out
1469 2811 24 21 in
1504 2810 66 28 April
1580 2814 59 24 next,
1650 2812 45 22 will
1705 2815 27 19 be
1743 2821 53 20 very
1801 2814 68 27 large,

1281 2837 46 22 and
1337 2837 17 22 it
1363 2838 45 21 will
1415 2838 28 22 be
1452 2838 130 27 impossible
1592 2841 23 18 to
1625 2846 27 20 go
1663 2839 98 28 through
1770 2841 61 21 them
1841 2841 31 22 all

1281 2864 28 22 in-
1315 2871 43 15 one
1368 2864 51 33 day,
1431 2865 17 22 it
1456 2865 19 22 is
1491 2864 110 23 intended
1612 2869 20 18 to
1649 2866 51 27 give
1712 2871 39 18 out
1760 2871 44 18 two
1813 2868 59 22 hun-

1281 2891 57 22 dred
1347 2892 100 22 Sections
1458 2899 28 14 on
1504 2892 39 21 the
1560 2892 38 22 7th
1615 2893 26 21 of
1652 2894 73 27 April,
1735 2895 45 21 and
1790 2895 38 22 the
1837 2903 35 14 re-

1281 2918 103 22 mainder
1400 2919 38 22 the
1452 2922 57 19 next
1524 2919 43 27 day
1568 2931 28 4 —
1597 2920 37 22 the
1652 2918 107 25 selection
1777 2925 22 19 to
1811 2930 61 14 com-

1280 2953 78 14 mence
1368 2953 31 14 on
1409 2946 54 22 both
1473 2946 55 28 days
1540 2950 23 18 at
1573 2947 77 22 eleven
1662 2948 93 27 o'clock,
1767 2956 48 16 a.m.

1479 2981 37 21 W.
1526 2981 35 22 M.
1573 2982 82 25 Smith,
1667 2982 70 22 Capt.
1749 2982 66 28 R.A.,

1281 3012 4 29 [
1615 3009 120 27 Surveyor-
1739 3010 104 22 General.

1396 3053 85 21 Town
1497 3054 92 21 Lands
1605 3055 28 20 at
1646 3054 115 22 Nelson.

1279 3086 150 50 NOTICE
1450 3086 28 23 IS
1500 3087 132 22 HEREBY
1646 3079 112 35 GIVEN,'
1772 3089 48 22 that
1833 3090 38 23 the

1361 3113 106 22 selection
1478 3114 26 21 of
1516 3115 71 21 Town
1601 3115 75 22 Lands
1690 3118 24 19 at
1730 3116 85 23 Nelson
1826 3118 45 22 will

1279 3142 51 22 take
1339 3141 65 28 place
1414 3148 28 14 on
1453 3141 118 27 Saturday,
1584 3141 36 22 the
1630 3142 45 21 2nd
1690 3142 26 22 of
1721 3144 64 27 April
1795 3148 62 19 next.

1443 3168 45 21 For
1502 3168 36 21 W.
1555 3168 150 28 Wakefield,

1279 3195 113 28 Principal
1401 3195 77 26 Agent
1486 3195 28 21 of
1519 3195 39 22 the
1568 3195 57 22 New
1634 3196 101 23 Zealand
1747 3198 122 30 Company,

1589 3222 24 21 J.
1625 3222 26 23 T.
1667 3223 148 26 Wicksteed.

1305 3249 146 27 Wellington,
1462 3249 83 22 March
1554 3249 33 26 17,
1599 3250 61 22 1841:

1273 3294 44 27 |To
1333 3293 165 22 Gentlemen
1512 3294 148 29 intending
1673 3297 30 19 to
1719 3298 76 20 enter
1809 3298 60 22 into

1272 3323 4 13 '
1304 3321 46 20 the
1378 3321 145 25 profitable
1553 3323 108 24 pursuit
1690 3323 32 20 of
1748 3324 123 29 Grazing

1304 3348 55 21 and
1380 3348 138 26 Breeding
1537 3348 93 26 Stock,
1652 3349 43 21 for
1714 3351 90 22 which
1824 3354 45 21 the

1304 3374 90 21 fertile
1413 3374 112 21 Islands
1547 3375 31 21 of
1594 3376 69 22 New
1681 3377 124 23 Zealand
1823 3386 45 16 are

1303 3408 32 14 so
1351 3402 151 26 peculiarly
1516 3402 127 27 adapted.

1271 3433 94 23 .HMHE
1377 3434 153 27 undersigned
1539 3436 45 27 beg
1591 3439 24 19 to
1623 3436 84 23 inform
1717 3437 58 23 their
1783 3438 86 24 friends

1285 3459 24 23 J.
1348 3461 47 21 and
1411 3461 37 22 the
1463 3462 77 27 public
1556 3464 121 28 generally,
1694 3464 50 23 that
1761 3465 52 29 they
1824 3467 45 22 will

1347 3488 103 22 contract'
1457 3489 36 21 for
1502 3489 39 22 the
1557 3490 99 28 delivery
1668 3492 27 21 of
1702 3492 42 22 the'
1753 3492 116 30 following

1271 3515 140 27 'description
1424 3516 26 21 of
1457 3516 74 28 Stock,
1540 3517 24 22 in
1573 3525 44 21 any
1628 3518 53 22 Port
1691 3519 27 22 of
1730 3519 38 22 the
1779 3520 90 24 Islands

1267 3542 34 22 iof
1307 3542 56 21 New
1374 3542 114 23 Zealand:
1490 3555 29 3 —
1705 3542 4 4 *
1729 3549 2 6 '

1266 3577 2 7 1
1302 3569 98 22 Horned
1415 3570 67 22 cattle
1501 3570 126 28 (improved
1639 3572 91 28 breeds)
1747 3573 26 22 of
1784 3574 30 22 all
1829 3574 39 22 de-

1274 3596 127 28 scriptions,

1298 3623 97 27 -Horses;
1417 3624 58 21 from
1497 3624 38 23 the
1558 3625 52 22 best
1627 3626 97 28 English
1743 3628 44 21 and
1804 3628 63 22 Arab

1269 3650 73 28 istuds,
1361 3651 94 22 suitable
1471 3651 36 22 for
1526 3652 86 28 racing,
1627 3654 84 28 saddle,
1724 3662 24 14 or
1759 3655 93 23 harness
1859 3664 6 19 ;

1274 3678 45 21 and
1327 3678 110 27 breeding
1445 3685 81 21 mares,

1268 3709 2 11 1
1301 3705 58 22 Pure
1370 3706 75 21 Saxon
1456 3705 46 22 and
1512 3706 86 22 merino
1610 3714 62 21 ewes,

1300 3732 124 22 Half-bred
1439 3732 115 23 Leicester
1569 3733 45 22 and
1629 3734 87 23 merino
1735 3743 63 19 ewes,
1815 3743 51 21 par-

1267 3759 110 28 ticularly
1387 3759 96 28 adapted
1497 3760 36 21 for
1542 3760 45 22 this
1596 3765 102 23 country,
1709 3769 23 14 as
1743 3762 53 28 they
1802 3763 63 23 unite

1274 3786 82 27 weight
1364 3786 28 22 of
1398 3794 87 15 carcass
1497 3786 52 23 with
1559 3787 96 23 fineness
1666 3788 26 21 of
1699 3789 64 21 wool.

1298 3813 50 22 The
1371 3814 153 27 undersigned
1547 3821 43 15 can
1617 3816 167 22 accommodate
1811 3824 53 20 pur-

1273 3840 89 23 chasers
1377 3841 27 22 of
1417 3840 58 23 their
1485 3840 69 23 Stock
1571 3841 54 22 with
1641 3842 124 22 extensive.
1765 3844 99 27 jgrarrirg

1272 3876 61 19 runs,
1345 3868 79 22 within
1434 3870 40 20 100
1483 3868 66 22 miles
1559 3869 27 21 of
1591 3868 43 22 this
1644 3869 53 21 Port

1365 3901 4 4 ■
1537 3896 80 34 W^P'
1632 3896 14 21 ':
1752 3906 6 11 r
1770 3903 9 14 .;
1796 3898 68 23 ;'.-,--;

1271 3941 94 50 JUST
1380 3941 136 26 OPENED,
1522 3941 46 22 and
1579 3948 11 14 o
1618 3956 4 4 .
1679 3949 37 12 •■.
1790 3929 32 35 J,
1840 3929 22 40 ..}

1336 3968 44 25 this
1392 3968 71 27 Paper
1459 3982 11 14 4
1481 3969 39 21 ink
1531 3972 67 18 afcana
1681 3979 4 9 i
1692 3969 5 14 :
1701 3977 8 4 ~
1722 3977 4 2 ■
1751 3978 61 13 •...«.

866 114 13 6 w
881 117 73 21 J.'Dd
954 131 17 15 v
977 117 100 26 Taylor
1078 131 8 12 ,
1135 114 3 5 '
1220 117 44 30 \;p

702 149 153 23 LICENSED
879 140 242 40 CUSTpM-HbuSE
1143 151 116 30 AGENT,

692 188 3 6 '
710 188 6 4 '
936 191 28 15 TE
978 191 65 18 ARO..

874 229 43 20 Ex

688 261 45 21 HP
736 261 43 21 HE
794 261 153 27 undersigned
960 261 41 22 has
1014 262 49 27 just
1077 262 105 23 received
1197 272 13 14 a
1219 272 52 15 con-

694 284 31 25 L
761 288 115 26 signment
893 288 26 21 of
935 295 62 20 maps
1017 288 46 22 and
1082 289 74 22 charts
1173 290 58 24 from
1249 291 20 22 J.

686 313 94 28 Wyld's,
804 314 98 27 Charing
924 314 72 27 Cross,
1022 315 146 28 Geographer
1190 321 22 18 to
1235 318 35 22 the

687 340 85 28 Queen,
783 341 80 21 viz:—
876 340 12 7 ''

714 366 72 28 Large
797 371 43 18 two
840 368 72 31 jheet
923 374 50 18 map
985 368 26 29 of
1017 368 56 21 New
1083 368 107 29 Zealand,

714 393 49 22 One
774 391 124 31 sne*etln'ap
908 394 27 22 of
939 392 187 35 NewZealand^
1136 392 25 22 ""-'
1172 394 6 6 v
1270 408 4 3 ■

714 420 106 23 Chaffers'
837 421 75 22 chart--
916 421 26 22 of
957 421 80 21 Cook's
1057 421 85 28 Straits,
1233 423 36 23 the

684 446 68 22 latest
761 446 118 28 additions,

714 473 107 22 Chaffers'
831 474 62 22 chart
903 474 26 21 of
935 474 53 22 Port
997 474 132 28 Nicholson,

694 508 3 4 •
713 500 132 22 Mercator's
855 500 63 22 chart
927 501 26 21 of
964 501 38 21 the
1012 501 77 27 world,
1101 501 39 22 &c.
1153 502 40 22 &c.
1204 504 39 22 &c.

1044 535 112 22 William
1170 536 73 23 Lyon.

684 567 84 22 Corner
776 568 28 21 of
809 567 154 23 Willis-street
972 568 45 22 and
1026 568 191 28 Lambton-quay.

857 595 81 21 March
947 596 21 26 8,
978 596 62 21 1842.

869 639 42 20 Ex
930 639 154 21 '.'Clifton."

683 671 73 48 ON
779 672 86 27 SALE,
885 675 24 19 at
925 672 39 22 the
984 672 74 22 Stores
1083 672 26 22 of
1128 672 38 23 the
1189 674 79 25 under-

760 698 86 27 signed,

681 724 100 22 SEVEN
807 725 69 22 AND
899 725 23 22 A
945 725 87 22 HALF
1057 726 78 22 TONS
1161 727 107 23 SHING-

789 751 82 22 LING
884 752 68 22 AND
968 752 78 23 ROSE
1059 752 102 28 NAILS,

708 779 42 20 200
758 778 55 27 kegs
823 778 50 22 best
881 779 67 22 white
957 779 58 27 lead,

709 804 98 23 Linseed
817 805 37 27 oil,
867 806 132 27 turpentine,
1011 806 46 23 and
1065 807 80 27 paints,

709 831 103 23 Window
822 832 64 28 glass,
897 832 30 23 all
936 833 64 27 sizes,
1011 834 41 21 &c.
1062 835 41 25 &,c.

1025 867 24 22 J.
1063 867 35 22 M.
1113 867 102 30 Taylor,

1139 895 34 22 Te
1187 897 55 22 Aro.

879 939 43 20 Ex

689 971 98 22 TOHN
802 971 102 23 HALES
917 973 56 26 begs
983 975 22 19 to
1015 973 103 22 intimate
1128 973 49 22 that
1192 975 29 22 he
1229 975 38 22 has

681 995 26 24 O
745 997 45 23 had
809 999 123 26 consigned
949 998 27 22 to'
986 999 54 28 him,
1060 1008 41 19 per
1119 999 94 28 Clifton,'
1225 1003 42 22 and

681 1032 38 14 are
731 1028 23 18 at
768 1025 35 21 his
819 1025 102 28 disposal,
933 1025 71 23 either
1019 1027 117 22 wholesale
1154 1036 25 14 or
1197 1030 68 26 retail,

680 1055 23 17 at
719 1051 42 22 low
775 1052 80 27 prices,
875 1053 34 21 for
927 1053 60 27 cash,
1008 1053 38 23 the
1061 1054 116 29 following
1191 1057 74 27 goods,

680 1077 36 22 viz
723 1085 5 14 :
729 1089 28 4 —

707 1105 94 27 Pickles,
813 1105 42 22 fish
865 1113 84 20 sauces,
961 1107 72 22 currie
1043 1108 95 27 powder,
1150 1112 63 24 paste
1224 1110 43 22 and

679 1130 71 28 liquid
765 1132 114 27 blacking,
895 1133 95 27 English
1006 1134 93 27 leather,
1114 1135 71 28 boots,
1196 1136 69 28 shoes,

679 1157 45 22 and
734 1159 150 22 shoemakers'
893 1161 64 26 tools,
966 1161 59 21 cloth
1033 1162 46 21 and
1088 1161 86 22 leather
1184 1161 81 29 caps'in

678 1190 65 21 great
750 1185 94 28 variety,
856 1187 98 27 wearing
963 1188 97 27 apparel,
1072 1192 73 19 cotton
1159 1189 107 24 furniture

678 1212 35 21 for
722 1212 72 27 lining
804 1220 81 20 rooms,
898 1214 48 27 &c,
963 1215 90 21 cabinet
1062 1215 47 28 ink,
1120 1216 53 21 seed
1187 1210 77 35 wjieat,

679 1238 83 28 barley,
778 1243 56 24 oats,
845 1241 46 21 and
900 1241 51 22 blue
961 1241 45 22 and
1017 1242 65 22 white
1091 1250 60 20 peas,
1163 1246 101 26 oatmeal,

679 1265 81 23 Scotch
788 1267 47 21 and
862 1267 61 27 pearl
950 1268 84 27 barley,
1062 1270 101 27 superior
1191 1275 75 22 patent

679 1292 110 22 breeched
813 1293 80 23 double
917 1295 46 21 and
986 1295 193 27 single-barrelled
1201 1305 63 21 guns,

677 1318 69 28 flints,
761 1319 69 23 flasks
844 1321 46 21 and
897 1321 73 28 -belts,
985 1323 51 21 sash
1051 1323 63 26 tools,
1125 1324 59 27 glue,
1202 1326 63 21 horse

678 1345 55 27 hair,
745 1347 48 21 hair
802 1348 93 27 seating,
905 1347 166 29 ironmongery,
1084 1350 40 21 &c.
1135 1351 40 21 &c.

705 1373 52 22 Two
768 1374 70 22 Town
849 1375 70 21 Acres
930 1378 22 18 to
963 1375 31 22 let
1003 1376 23 21 in
1036 1377 107 27 portions.

663 1397 2 38 |
705 1406 195 29 Ingestrie-street,
912 1408 32 22 Te
955 1409 47 21 Aro
1013 1410 56 21 Flat.

745 1453 43 20 Ex
969 1456 54 20 and

679 1486 115 48 CORD,
806 1486 55 28 lace,
872 1488 95 28 quilting
977 1492 45 24 net,
1032 1490 70 27 gimp,

749 1513 97 27 Figured
856 1514 54 28 lace,
921 1515 68 28 fancy
999 1516 47 22 and
1053 1516 61 28 plain
1124 1519 46 25 net,

705 1539 65 22 Wool
780 1540 87 28 shawls,
879 1542 38 21 &c.
930 1543 48 27 &c,

703 1566 66 22 Duck
778 1571 110 24 trowsers,
898 1568 83 29 frocks,
991 1570 49 28 &c,

703 1593 115 28 Blankets,
829 1602 59 20 rugs,
898 1596 80 26 prints,
988 1598 49 26 &c,

703 1620 77 28 Shirts,
789 1622 95 27 jackets,
895 1627 109 24 trowsers,
1016 1625 48 26 &c,

703 1647 98 27 Ploughs
811 1649 45 22 and
866 1650 143 26 agricultural
1017 1651 151 28 implements,

702 1674 40 21 An
752 1676 115 21 extensive
877 1677 32 20 lot
919 1678 27 20 of
954 1678 64 27 nails,

703 1700 164 30 Ironmongery
877 1704 26 21 of
909 1704 29 21 all
948 1704 73 23 kinds.

812 1736 123 28 Wallace,
952 1738 92 25 White,
1055 1739 46 22 and
1114 1740 122 22 Wallace.

682 1780 162 35 JOHNSON
859 1782 45 21 and
917 1783 114 23 MOORE
1048 1785 55 21 have
1116 1787 109 26 received,
1236 1795 28 14 ex

674 1805 27 24 O
746 1808 86 25 Clifton,
851 1810 61 26 Lady
930 1811 75 25 Leigh,
1025 1812 56 20 Mew
1100 1813 58 20 York
1176 1815 85 24 Packet,

674 1834 85 26 Sisters,
771 1836 37 26 Bfc.
821 1836 35 28 fyc.
858 1848 29 4 —

700 1861 89 24 Double
798 1864 87 22 refined
894 1872 72 20 sugar,
978 1865 45 23 fine
1034 1866 61 22 Siam
1105 1874 73 21 sugar,

700 1888 82 23 Mould
801 1891 45 21 and
865 1898 73 21 sperm
958 1893 102 28 candles;
1087 1894 70 28 hams,
1177 1895 83 27 cheese,

671 1916 81 26 butter,
764 1917 45 21 and
820 1918 55 27 lard,

700 1943 80 28 Coffee,
792 1944 67 22 black
869 1945 44 22 and
922 1954 68 19 green
1001 1949 54 25 teas,

699 1969 74 28 Flour,
792 1972 54 26 rice,
867 1972 43 22 fine
930 1973 124 23 American
1072 1975 98 27 biscuits,
1190 1977 72 22 barrel

672 1996 57 28 beef,

699 2023 69 29 Jams,
790 2024 82 29 jellies,
902 2027 168 28 confectionery
1079 2037 6 18 ;
1117 2037 77 15 sauces
1217 2031 44 22 and

670 2050 91 27 pickles,
1231 2050 14 12 r
1241 2058 4 4 -
1246 2052 6 11 !

698 2077 66 22 Snuff
778 2077 25 22 in
823 2079 11 20 1
844 2078 32 22 lb.
890 2079 111 28 packages
1017 2081 44 21 and
1072 2082 48 27 jars
1138 2083 122 27 conprising

669 2102 83 28 brown,
768 2104 75 28 black,
860 2106 44 21 and
923 2107 94 22 scented
1030 2116 101 20 rappees,
1148 2109 110 28 Tonquin,

670 2130 99 22 Prince's
778 2132 105 27 mixture,
895 2133 137 24 Hardham's
1042 2137 34 25 37,
1084 2136 40 21 &c.

696 2158 23 21 A
729 2158 60 27 large
800 2163 133 18 assortment
942 2161 27 21 of
975 2161 88 28 hosiery
1073 2163 27 21 of
1106 2162 29 22 all
1144 2163 75 28 kinds,

696 2184 152 24 Mousselaine
864 2186 27 22 de
909 2187 78 28 lames,
1008 2189 67 22 black
1093 2190 42 22 silk
1150 2190 109 23 handker-

669 2212 77 27 chiefs,

696 2239 116 28 Superfine
822 2239 53 23 blue
885 2241 60 21 cloth
953 2242 95 28 jackets,

696 2267 22 21 A
729 2269 103 25 quantity
843 2267 26 22 of
879 2267 54 28 pilot
943 2269 108 28 clothing,
1061 2271 98 28 monkey
1164 2271 93 29 jackets,

695 2293 106 23 Blankets
818 2294 45 22 and
879 2302 58 20 rugs,
950 2295 86 23 leather
1051 2305 53 20 caps
1121 2299 79 27 (cheap
1215 2301 44 21 and

668 2319 109 28 durable),

696 2347 84 22 Gent's,
790 2347 66 23 boots
866 2348 44 22 and
919 2349 71 28 shoes,
1003 2351 71 22 men's
1084 2354 77 25 strong
1171 2353 35 21 do.
1222 2353 35 22 do.

695 2374 126 22 Children's
842 2375 64 23 boots
930 2377 46 21 and
999 2377 65 23 shoes
1073 2386 7 20 j
1105 2386 14 15 a
1135 2380 44 21 few
1201 2381 58 26 good

667 2401 146 23 Mackintosh
825 2410 70 20 capes,
907 2403 41 22 &c.

695 2428 165 29 Ironmongery
874 2430 26 22 of
910 2431 31 21 all
956 2431 73 28 kinds,
1040 2432 117 28 including
1171 2441 14 14 a
1198 2434 60 28 large

667 2459 133 19 assortment
823 2459 27 19 of
869 2457 87 28 boilers,
975 2466 130 20 saucepans,
1130 2465 54 18 stew
1194 2469 61 17 pans,

665 2481 88 28 kettles,
764 2484 41 21 &c.
817 2485 41 21 &c.
1183 2502 3 5 ,

693 2510 23 21 A
726 2510 42 22 few
778 2518 104 14 common
891 2511 79 28 lamps,
977 2512 34 28 pit
1020 2513 46 22 and
1076 2521 59 15 cross
1146 2518 39 19 cut
1194 2523 61 21 saws,

693 2537 23 21 A
724 2537 88 28 variety
823 2538 25 21 of
855 2538 149 23 earthenware
1015 2540 44 21 and
1069 2545 38 18 cut
1116 2541 66 29 glass,

693 2564 81 27 Strong
783 2565 47 21 and
839 2565 70 28 cheap
917 2565 53 22 four
979 2567 47 21 feet
1035 2568 123 27 bedsteads,

693 2591 79 27 Paint,.
777 2592 50 26 oils,
837 2593 134 27 turpentine,
982 2594 101 28 brushes,
1092 2596 39 21 &c.
1143 2596 41 22 &c.

692 2624 48 22 The
748 2625 77 28 above,
834 2626 53 21 with
896 2633 14 14 a
917 2630 66 24 great
991 2628 86 27 variety
1087 2629 25 21 of
1119 2629 138 24 miscellane-

664 2658 40 15 ous
712 2652 68 26 stock,
793 2660 37 14 are
841 2653 83 22 offered
935 2661 28 15 on
973 2655 166 28 advantageous
1156 2660 68 20 terms
1234 2662 21 18 to

664 2678 118 23 wholesale
792 2687 26 14 or
827 2680 64 22 retail
899 2681 138 28 purchasers.

907 2726 106 26 Bricks,

663 2758 89 48 FOR
769 2759 86 28 SALE,
867 2763 23 19 at
905 2761 45 22 60s.
969 2768 41 20 per
1025 2761 120 25 thousand.'
1180 2765 75 28 Apply

723 2789 22 18 to
763 2786 22 22 J.
804 2786 94 28 Pimble,
909 2791 24 18 at
947 2787 38 23 the
1003 2789 172 28 Sydney-street
1189 2792 66 23 Brick

663 2812 46 22 and
717 2812 48 22 Tile
783 2813 89 28 Works,
883 2817 24 19 at
915 2815 39 21 the
971 2823 50 15 rear
1031 2817 26 21 of
1069 2817 93 23 Colonel
1176 2818 79 23 Wake-

855 2841 72 23 field's
940 2843 124 23 residence.

729 2873 108 23 Terms—
839 2875 52 22 cash
902 2883 29 14 on
943 2876 102 28 delivery
1055 2881 22 19 at
1087 2878 37 22 the
1135 2879 55 23 kiln.

663 2918 102 23 rriHIS
782 2919 69 22 DAY
869 2920 126 28 (Saturday,
1012 2922 82 22 March
1109 2925 31 26 12,
1158 2926 62 27 1842)
1236 2926 19 22 is

669 2944 31 23 JL
736 2946 127 28 published,
884 2950 23 18 at
929 2948 86 22 Nelson
1147 2951 38 23 the

698 2973 94 22 number
811 2974 26 21 of
853 2981 14 14 a
884 2975 88 28 weekly
989 2982 134 23 newspaper,
1143 2979 73 22 called

768 3007 67 22 THE
848 3008 129 23 NELSON
989 3009 184 31 EXAMINER,

938 3036 46 22 and

716 3068 73 26 NEW
811 3068 153 24 ZEALAND

659 3095 23 22 in
692 3094 74 23 which
775 3095 46 23 will
830 3096 28 22 be
872 3096 70 22 found
956 3097 68 23 much
1037 3098 103 24 valuable
1149 3101 105 24 informa-

787 3123 48 21 tion
844 3123 92 23 relative
946 3127 23 19 to
978 3125 49 21 that
1036 3125 90 29 Colony.

686 3149 108 23 Terms—
794 3152 43 20 los.
849 3158 14 14 a
872 3154 94 24 quarter,
977 3153 95 26 payable
1085 3153 24 22 in
1119 3155 106 23 advance.

660 3194 2 4 .
688 3177 81 22 Orders
788 3177 47 22 and
853 3177 181 24 advertisements
1052 3181 104 22 received
1174 3186 23 19 at
1207 3184 45 23 Stxs

660 3203 70 23 Office
741 3205 25 21 of
772 3204 44 22 this
827 3205 77 28 Paper.

659 3250 39 21 To
709 3250 34 21 be
753 3250 68 21 Sold
829 3251 68 21 with
909 3251 158 23 immediate
1078 3254 172 28 Possession,

657 3285 53 48 A
721 3283 210 24 CONVENIENT
940 3285 127 24 FAMILY
1073 3287 178 26 RESIDENCE

737 3313 27 20 30
774 3311 47 22 feet
826 3311 32 28 by
869 3313 31 26 12,
912 3312 96 22 situated
1018 3313 25 22 in
1053 3321 13 15 a
1075 3322 55 20 very
1139 3316 112 23 sheltered

657 3338 95 26 position
763 3342 23 17 at
795 3338 39 22 the
844 3342 88 19 eastern
947 3341 120 28 extremity
1077 3342 27 21 of
1114 3342 37 22 the
1161 3343 90 24 TINA-

657 3365 197 26 KORE-ROAD,
877 3367 103 26 together
996 3368 53 21 with
1070 3376 14 14 a
1100 3376 68 15 seven
1183 3379 67 19 years

656 3391 61 23 lease
728 3392 25 22 of
760 3395 44 18 two
814 3399 63 15 acres
888 3393 24 21 of
918 3395 95 26 ground,
1030 3398 23 19 at
1063 3403 14 14 a
1090 3396 78 28 yearly
1175 3399 76 22 rental

656 3419 26 21 of
688 3419 34 23 £5
731 3426 40 21 per
782 3426 58 15 acre.
870 3419 47 23 The
926 3420 83 23 Karori
1023 3422 56 22 road
1088 3423 68 28 being
1167 3425 24 21 in
1200 3433 51 19 prcn

655 3453 62 20 gress
727 3454 14 14 a
747 3446 42 22 few
797 3446 75 22 weeks
881 3447 126 23 will'insure
1016 3456 13 14 a
1035 3450 60 26 good
1104 3450 45 23 line
1158 3452 26 21 of
1190 3459 60 16 com-

655 3473 147 22 munication.
818 3473 86 23 >There
916 3475 20 21 is
950 3482 13 14 a
974 3480 105 18 constant
1088 3478 77 27 spring
1175 3479 26 22 of
1211 3487 39 15 ex-

655 3501 85 22 cellent
749 3504 70 18 water
829 3508 29 14 on
868 3501 37 22 the
913 3502 116 27 premises.
1058 3504 77 28 Apply
1144 3508 24 19 to

873 3526 22 43 '_
1050 3537 31 22 H.
1092 3532 42 28 -W.
1146 3539 75 23 Burt.

653 3581 198 49 WHEREAS
866 3588 29 17 an
910 3581 176 24 advertisement
1101 3585 111 27 appeared
1225 3587 23 21 in

751 3608 39 22 the
799 3610 55 19 New
860 3610 94 20 Zealand
966 3610 75 20 Gamete
1051 3610 25 21 of
1084 3610 41 23 the'
1131 3612 116 28 2ud/inst.,

653 3634 24 22 in
688 3634 73 23 which
771 3636 103 22 mention
883 3643 45 15 was
944 3636 66 23 made
1026 3637 27 22 of
1070 3645 39 19 my
1123 3645 74 24 nam^,
1210 3647 39 21 ap-

654 3662 103 27 parently
776 3663 24 21 in
827 3664 127 21 connexion
972 3664 53 22 with
1042 3663 49 23 that
1110 3665 25 22 of
1157 3674 91 16 geojige

653 3696 80 14 henry
756 3697 76 15 blake
839 3698 7 19 ;
867 3690 12 22 I
895 3690 89 23 declare
1000 3691 50 22 that
1065 3699 40 20 my
1123 3699 68 16 name
1206 3694 42 23 has

653 3715 58 22 been
734 3717 133 22 mentioned
889 3718 23 21 in
935 3718 38 22 the
997 3718 51 22 said
1065 3719 181 24 advertisement

653 3742 94 22 without
756 3751 39 19 my
805 3744 120 28 authority,
945 3748 100 24 consent,
1065 3753 26 14 or
1106 3741 143 35 knowledge,!

653 3769 45 21 and
712 3769 70 24 that!
792 3777 45 18 am.
845 3772 25 21 in
887 3779 29 14 no
932 3779 50 21 way
998 3773 126 22 connected
1136 3774 55 23 with
1208 3776 45 22 theS

652 3796 48 21 said
710 3796 89 28 George
809 3797 82 29 Henry
900 3799 80 22 Blake.
1238 3795 15 28 A

876 3833 111 22 William
1002 3834 108 22 Curling
1124 3835 93 23 Young.

678 3856 94 28 Nelson,
783 3858 84 22 March
877 3861 32 25 11,
921 3861 62 21 1842.
1142 3859 10 10 '■
1179 3861 3 4 '

861 3904 54 21 Bill
930 3905 102 22 Books.

652 3936 72 50 ON
739 3936 86 28 SALE,
841 3939 24 19 at
874 3937 43 22 this
928 3938 71 27 office,
1010 3939 71 24 blank
1091 3941 56 23 Bill
1159 3942 93 26 Books./

752 3964 96 22 Gazette
883 3965 72 28 office,
966 3966 57 22 Dec.
1033 3968 22 21 4.
1195 3972 4 5 '
1248 3976 3 21 ]

1243 4001 3 10 i

334 117 77 23 Urul,

78 143 42 21 One
128 143 48 20 mile
184 149 27 14 on
221 144 35 19 the
265 144 55 19 Port
329 143 115 21 Nicholson
452 143 44 21 side
505 143 26 26 of
542 143 118 21 Waikanai.

75 176 93 48 MR.
182 176 134 22 JENKINS
332 176 55 27 begs
402 180 34 22 to.
439 183 125 20 announce,
576 176 47 22 that
632 176 28 23 he

166 202 40 22 has
216 202 87 28 opened
312 210 14 14 a
335 203 78 22 House
420 202 36 22 for
464 202 38 23 the
510 203 150 22 convenience

75 230 27 20 of
115 229 37 22 the
168 229 82 27 public,
267 229 45 22 and
328 233 68 18 trusts
413 229 47 22 that
475 230 39 22 the
528 230 71 21 board
616 229 44 22 and

74 255 92 27 lodging
186 256 29 21 he
235 256 103 27 provides
357 256 46 21 will
421 263 76 14 secure
516 255 48 22 him
583 256 75 22 liberal

73 285 98 23 support.

101 309 44 21 Mr.
157 308 95 23 Jenkins
267 316 40 15 can
317 311 25 18 at
355 308 30 22 all
394 309 66 22 times
468 308 93 28 provide
575 308 85 28 gentle-

73 342 53 15 men
135 334 53 23 with
199 336 36 21 the
244 342 77 15 means
329 335 26 21 of
361 336 100 26 crossing
467 339 24 18 to
500 336 86 27 Kapiti.

101 361 62 27 Urui,
175 362 109 26 January,
295 363 60 20 1842.

319 407 90 20 Otaki.

72 432 92 48 MR.
187 432 128 22 TAYLOR
336 432 56 28 begs
415 436 24 18 to
460 432 103 23 intimate
582 435 23 20 to
623 432 34 23 his

148 459 84 21 friends
242 459 45 22 and
298 459 36 22 the
345 460 74 26 public
425 460 49 21 that
482 460 30 21 he
521 460 40 21 has
572 460 85 26 opened

70 492 14 14 a
94 485 76 22 House
180 486 26 21 of
220 486 182 21 Entertainment
411 489 23 19 at
450 486 73 26 Otaki,
535 486 45 22 and
589 488 73 26 hopes,

70 512 49 21 that
126 512 36 21 the
171 512 132 22 cleanliness
311 513 45 21 and
366 513 95 21 comfort
469 513 25 21 of
500 513 34 22 his
542 513 114 22 establish-

69 541 64 18 ment
150 538 45 22 will
211 546 77 15 secure
303 539 48 22 him
368 547 14 14 a
399 540 79 21 liberal
495 539 69 22 share,
578 540 26 21 of
606 552 4 5 >
618 540 37 21 the

68 564 75 28 public
153 569 129 23 patronage.

96 592 74 26 Qtaki,
181 592 102 27 January
292 594 34 25 21,
338 594 61 20 1842.

279 637 168 20 Manewatu.

68 662 92 48 MR.
174 662 86 22 BURR
269 663 62 22 takes
338 663 43 21 this
390 670 78 15 means
479 663 26 22 of
512 663 143 28 announcing

159 688 49 22 that
223 689 28 21 he
267 689 18 22 is
300 689 102 28 building
412 697 13 13 a
439 690 69 22 house
517 690 35 22 for
566 690 38 22 the
618 698 36 14 ac-

67 715 165 22 commodation
243 715 25 22 of
275 715 37 23 the
323 716 81 27 public,
413 717 102 21 near'the
524 717 52 27 pah,
587 721 23 17 at
617 716 36 23 the

67 742 78 21 mouth
154 742 24 21 of
184 742 39 22 the
234 743 134 26 Manewatu,
378 743 73 21 which
458 743 28 22 he
496 747 91 24 expects
597 747 22 18 to
627 744 26 22 be

67 768 95 22 enabled
172 772 22 18 to
202 776 57 20 open
269 769 24 21 in
303 777 14 14 a
326 769 43 22 few
383 769 80 27 weeks,
474 769 65 23 when
549 770 28 22 he
588 773 66 19 trusts

66 794 49 22 that
131 795 29 27 by
169 795 92 28 civility,
272 796 45 21 and
332 796 102 27 meeting
449 797 37 21 the
502 800 71 18 wants
583 797 26 21 of
619 797 34 22 his

66 825 133 24 Biipporters,
211 826 23 18 to
244 823 85 21 receive
340 822 78 22 liberal
430 827 196 24 encouragement.

93 849 137 27 Manewatu,
241 849 101 27 January
351 851 34 25 22,
397 851 60 20 1842.

275 894 166 21 Education.

65 926 108 48 MRS.
193 926 46 22 and
257 926 72 22 MISS
353 927 190 23 WAKEFIELD
566 928 87 22 receive

155 953 74 27 pupils
238 961 29 14 on
278 953 37 22 the
324 954 117 28 following
450 958 67 18 terms
523 963 5 13 :
529 966 30 5 —

93 986 45 22 For
154 987 77 26 board,
250 987 54 22 with
321 988 102 27 washing
438 989 44 21 and
496 990 35 21 in-

120 1014 107 21 struction
232 1015 23 21 in
260 1015 92 26 general
358 1015 94 27 English
457 1016 74 21 litera-

119 1043 56 24 ture,
191 1041 95 27 writing,
301 1041 46 22 and
358 1042 117 27 aritmetic,
492 1049 39 20 per

119 1070 90 24 quarter
530 1071 13 20 8
572 1071 13 20 8
612 1072 14 19 0

89 1093 80 22 Under
177 1094 13 22 7
199 1102 65 19 years
274 1095 26 21 of
310 1102 42 19 age
530 1097 13 21 7
573 1096 12 23 7
612 1099 14 19 0

89 1120 53 27 Day
152 1121 104 22 boarders
529 1124 16 20 4
571 1124 14 21 4
612 1126 14 18 0

91 1147 52 27 Day
152 1147 73 27 pupils
529 1151 14 20 2
571 1151 14 20 2
611 1152 14 19 0

89 1173 81 23 Junior
179 1174 56 22 ditto
530 1178 10 20 1
558 1178 24 20 11
611 1179 14 20 6

61 1205 96 30 French,
172 1208 89 28 Italian,
277 1208 44 22 and
337 1209 115 28 Drawing,
462 1210 32 22 £1
512 1211 43 21 11s.
566 1211 36 22 6d.
612 1218 39 21 per

306 1239 98 24 quarter.

89 1268 89 22 Private
187 1269 85 21 lessons
282 1269 23 22 in
316 1270 77 27 music,
407 1277 25 14 or
442 1277 45 20 any
497 1270 25 21 of
533 1270 38 22 the
581 1271 70 22 above

61 1294 109 23 branches
180 1296 27 21 of
219 1296 124 27 education,
360 1303 43 15 one
418 1297 75 22 hour's
509 1297 139 28 instruction,

61 1321 51 22 four
120 1322 86 22 lessons
223 1323 35 21 for
268 1330 42 15 one
319 1323 91 27 guinea.

88 1355 136 23 References
234 1360 21 18 to
266 1356 37 22 the
312 1357 115 27 following
433 1357 129 28 gentlemen
573 1358 77 28 kindly

61 1382 119 27 permitted
188 1391 5 13 :
194 1394 30 3 —

88 1410 62 26 Capt.
161 1410 35 21 W.
208 1410 33 21 M.
253 1410 78 27 Smith,
343 1411 68 27 R.A.,
421 1411 228 28 Surveyor-General.

87 1435 27 22 T.
127 1436 30 21 M.
170 1436 122 28 Partridge,
304 1437 53 28 Esq.

88 1463 22 20 S.
121 1462 97 28 Revans,
230 1464 52 26 Esq.
340 1478 3 7 ,

209 1508 40 20 To
265 1509 33 20 be
314 1509 66 20 Sold
395 1515 31 15 or
441 1511 58 24 Let,

59 1541 51 48 A
124 1541 191 23 BAKEHOUSE
325 1542 45 22 and
382 1543 85 22 OVEN
477 1544 24 21 in
512 1544 59 27 good
578 1544 70 23 work-

137 1568 38 27 ing
186 1568 122 23 condition.
338 1570 77 28 Apply
425 1573 23 19 to

136 1603 127 21 Anderson
272 1603 45 22 and
326 1603 112 28 Rowand,
448 1604 192 30 Thorndon-^uay

85 1635 145 27 Wellington,
242 1636 114 28 February
365 1639 34 25 24,
411 1639 61 21 1842.

208 1681 40 21 To
261 1681 35 21 be
310 1683 67 20 Sold
397 1689 30 14 or
441 1684 56 20 Let.

56 1711 14 14 r
72 1711 77 23 PWO
274 1713 97 27 Houses,
382 1714 264 29 ontheTinakore-road,

65 1736 24 23 X
133 1739 37 22 the
189 1740 83 21 second
291 1748 49 14 acre
360 1741 58 21 from
439 1742 91 27 Captain
549 1742 96 28 Smith's,

101 1766 130 28 containing
244 1767 51 22 four
303 1775 75 14 rooms
387 1768 47 22 and
448 1775 14 14 a
474 1776 101 20 passage,
592 1770 54 21 each

55 1792 54 22 with
127 1793 50 22 zinc
195 1794 68 25 roofs,
289 1794 46 22 and
357 1795 24 21 in
406 1803 68 19 every
491 1800 89 24 respect
597 1796 49 22 well

54 1818 103 23 finished.
183 1820 109 23 Terms—
292 1821 24 22 lf
324 1821 55 27 sold,
390 1822 61 22 £150
462 1822 34 23 for
503 1823 55 22 each
563 1823 69 22 house
639 1832 5 20 ;

53 1846 21 21 if
85 1846 38 28 let,
134 1848 32 21 £1
177 1854 41 21 per
227 1848 106 22 weekifor
343 1848 56 23 each
408 1848 79 23 house.
515 1850 77 28 Apply
602 1854 21 18 to

448 1883 75 22 James
537 1883 81 24 Watt.

79 1907 144 28 Wellington,
232 1909 59 21 Nov.
301 1909 34 26 27,
345 1911 61 21 1841.

109 1954 39 20 To
160 1954 86 20 Stand
260 1955 29 20 to
303 1955 87 21 Cover
405 1956 55 20 this
477 1956 112 26 Season,

215 1989 31 19 At
256 1989 142 26 Berhampore
406 1991 71 25 Farm,

51 2013 60 22 That
120 2014 51 22 well
180 2014 83 23 known
272 2015 66 22 horse
348 2016 89 28 Figaro,
453 2017 38 22 the
505 2021 106 25 property
622 2019 25 22 of

236 2042 77 21 James
323 2043 68 25 Watt,
404 2043 52 27 Esq.

52 2067 148 48 FIGARO
211 2076 43 14 was
265 2069 74 21 foaled
348 2069 23 21 in
383 2070 126 22 December
525 2071 62 27 1837,
604 2075 40 24 got

125 2094 30 27 by
165 2095 116 27 Operator,
293 2095 52 22 dam
355 2096 117 27 Adelaide,
484 2097 157 29 byTheorum,

79 2121 108 27 Operator
197 2129 44 15 was
250 2122 74 22 foaled
334 2123 24 21 in
369 2125 60 25 1832,
441 2126 38 25 got
493 2124 30 27 by
538 2125 103 28 Emilius,

50 2147 52 22 dam
113 2148 122 22 Worthless
243 2149 31 28 by
284 2149 98 28 Walton,
394 2153 40 19 out
443 2151 26 21 of
482 2151 122 23 Altisidora
611 2152 31 28 by

49 2175 60 21 Dick
119 2175 116 23 Andrews.

77 2201 73 28 Every
159 2203 111 22 attention
279 2203 46 22 will
334 2203 28 22 be
371 2203 54 28 paid
435 2207 23 19 to
472 2212 72 15 mares
559 2210 51 19 sent
618 2209 23 20 to

47 2227 56 23 him.

76 2256 97 27 Charges
191 2256 36 22 for
244 2256 56 23 each
317 2264 69 20 mare,
408 2258 53 22 with
479 2266 14 14 a
510 2263 129 25 guarantee,

47 2289 68 15 seven
125 2283 93 26 guineas
224 2292 5 17 ;
246 2283 93 23 without
347 2288 132 25 guarantee,
488 2286 43 22 five
539 2288 100 28 guineas,

47 2309 127 28 Groomage
183 2311 113 22 included.

127 2356 117 20 London
258 2357 169 26 Newspaper
442 2358 122 27 Agency.

55 2388 129 35 JOSEPH
207 2389 154 28 CLAYTON,
380 2391 99 22 General
503 2392 138 29 Newspaper

47 2419 27 17 V
112 2416 43 21 and
172 2415 146 29 Advertising
332 2418 84 27 Agent,
438 2419 114 26 publisher
563 2421 26 21 of
602 2421 37 22 the

48 2443 111 25 Spectator
181 2443 47 22 and
252 2445 93 20 Colonial
368 2446 94 26 Gazette,
486 2447 41 20 320
549 2448 88 27 Strand,

47 2469 102 28 London,
168 2471 144 28 respectfully
329 2471 96 24 informs
442 2473 37 21 the
497 2477 81 24 gentry
594 2476 45 21 and

45 2497 137 21 inhabitants
208 2499 26 20 of
261 2499 54 21 Port
334 2499 133 28 Nicholson,
491 2500 145 30 Wellington,

45 2523 55 22 Port
109 2524 91 27 Nelson,
209 2525 45 22 and
260 2525 29 22 all
300 2529 59 24 parts
368 2527 26 21 of
405 2527 55 21 New
472 2527 106 28 Zealand,
590 2528 49 23 that

46 2550 28 22 he
85 2551 105 21 forwards
200 2551 37 23 the
250 2554 118 26 Spectator,
387 2555 94 20 Colonial
489 2556 93 26 Gazette,
594 2556 43 22 and

46 2577 29 22 all
86 2578 64 22 other
159 2578 95 23 London
264 2587 80 21 papers
356 2581 114 27 regularly
479 2586 23 17 to
515 2582 56 22 New
581 2583 57 22 Zea-

44 2603 62 28 land,
117 2604 71 22 either
197 2605 98 28 through
305 2607 38 22 the
361 2608 133 28 Post-office,
512 2617 24 14 or
552 2610 31 27 by
600 2610 37 23 the

45 2631 56 23 New
115 2632 101 22 Zealand
232 2634 135 27 Company's
382 2636 61 27 ships
451 2644 5 13 :
458 2648 27 3 —
487 2636 110 28 Payment
613 2638 24 21 in

46 2658 107 28 advance,
162 2666 25 14 or
197 2667 14 14 a
220 2660 114 23 reference
342 2662 23 21 in
376 2662 96 23 London
482 2667 60 18 must
549 2671 88 15 accom-

45 2693 61 20 pany
112 2686 36 21 the
160 2686 71 22 order.
260 2688 195 24 Advertisements
462 2691 100 22 inserted
568 2692 24 21 in
600 2692 36 22 the

45 2711 96 23 London
148 2714 146 27 Newspapers
300 2716 19 21 &
328 2716 141 23 Periodicals.
500 2718 135 23 Gentlemen

44 2740 105 27 ordering
160 2740 145 29 Newspapers
316 2750 38 14 are
363 2744 145 28 respectfully
517 2746 120 27 requested

43 2770 22 17 to
76 2770 57 19 state
143 2767 99 23 whether
256 2768 53 28 they
319 2770 74 26 prefer
408 2770 83 28 having
505 2772 63 22 them
578 2772 57 22 thro'

43 2794 38 21 the
93 2794 52 22 Post
156 2795 74 27 Office,
242 2803 25 14 or
276 2796 29 27 by
315 2797 38 22 the
364 2798 136 28 Company's
511 2799 62 28 ships

46 2838 72 49 ON
129 2839 86 27 SALE,
223 2843 23 18 at
252 2840 37 21 the
298 2841 73 21 Stores
379 2842 25 21 of
411 2842 38 22 the
455 2843 180 28 undersigned-

122 2866 72 22 Black
209 2867 46 21 and
270 2874 68 20 green
354 2871 53 25 teas,
425 2877 73 20 cocoa,
514 2872 75 26 coffee,
600 2879 36 15 re-

43 2892 60 21 fined
113 2892 45 22 and
171 2893 76 22 brown
263 2901 75 20 sugars
345 2903 6 19 ;
368 2903 14 14 a
391 2897 87 26 variety
488 2897 26 22 of
522 2898 59 27 jams
591 2899 44 22 and

39 2918 79 28 jellies,
134 2920 24 21 in
176 2921 121 27 quantities
312 2925 22 19 to
352 2923 43 21 suit
413 2923 107 27 families;
540 2925 92 28 brandy,

42 2946 96 22 cherries
152 2947 44 21 and
211 2948 62 22 dried
292 2949 83 28 apples,
391 2950 45 22 fine
451 2951 37 22 old
503 2951 132 24 Gloucester

42 2973 44 22 and
100 2974 74 22 Dutch
190 2975 85 27 cheese,
294 2976 111 22 Harnbro'
421 2978 79 27 butter,
513 2978 62 23 York
589 2981 45 22 and

42 3000 119 22 American
179 3001 70 28 hams,
272 3010 74 21 sperm
366 3004 46 22 and
435 3005 78 22 mould
526 3007 90 22 candles
626 3015 6 14 :

42 3026 63 28 olive,
121 3028 91 28 linseed,
230 3029 45 22 and
286 3029 66 23 black
366 3031 30 21 oil
406 3039 6 20 ;
430 3031 66 23 white
509 3033 44 22 and
569 3034 65 22 black

40 3054 58 27 lead,
109 3055 102 28 saltpetre
222 3057 45 21 and
282 3057 71 28 spices
364 3058 25 21 of
403 3059 31 21 all
443 3062 55 19 sorts
505 3068 7 19 ;
528 3062 103 26 oatmeal,

41 3087 59 21 sago,
112 3082 51 26 rice,
175 3083 46 21 and
230 3083 69 28 flour;
310 3092 29 14 an
354 3088 132 20 assortment
502 3087 24 21 of
538 3087 93 29 leather,

40 3108 108 27 hobnails,
161 3109 75 28 sprigs,
248 3111 40 21 &c.
296 3119 5 20 ;
313 3111 65 23 shoes
388 3113 45 21 and
447 3113 63 22 boots
519 3115 27 20 of
552 3115 31 22 all
595 3115 38 22 de-

41 3135 120 27 scriptions,
172 3135 44 23 fine
234 3137 123 23 Cavendish
368 3140 99 27 tobacco,
479 3141 74 27 snuffe,
566 3142 44 22 and
619 3151 14 14 a

40 3161 43 21 few
91 3168 61 15 cases
161 3163 60 26 large
227 3163 58 23 bowl
293 3165 69 28 pipes,
373 3167 45 21 and
428 3165 64 25 otlie'r
497 3168 88 23 articles
596 3174 36 18 too

41 3195 120 15 numerous
169 3193 22 17 to
201 3191 105 22 mention.

181 3224 138 16 WHOLESALE
334 3227 46 15 AND
395 3228 93 15 RETAIL.

328 3253 30 22 D.
374 3254 22 22 S.
411 3254 80 24 Durie
505 3257 45 22 and
565 3257 38 23 Co.

110 3295 52 20 For
173 3295 69 26 Sale,
254 3303 36 14 ex

39 3329 51 48 A
104 3327 136 24 NUMBER
249 3330 26 21 of
285 3331 74 22 useful
374 3332 88 23 articles
473 3334 25 21 of
509 3334 121 24 Furniture

119 3355 46 21 and
175 3355 64 22 other
248 3357 73 27 goods,
332 3362 51 23 part
393 3360 26 21 of
430 3360 37 22 the
479 3368 65 20 cargo
555 3363 27 21 of
592 3363 37 21 the

37 3383 74 19 Maria
126 3383 96 21 Theresa.
254 3383 50 22 Will
321 3385 28 21 be
366 3385 89 24 landed,
462 3388 54 22 here
529 3389 37 21 for
583 3389 45 23 sale

39 3409 79 22 should
127 3409 82 28 buyers
221 3410 53 22 offer
281 3418 6 20 j
303 3412 62 28 early
374 3413 133 27 application
520 3416 19 22 is
550 3423 79 16 neces-

38 3443 58 21 sary.
125 3436 76 29 Apply
211 3440 23 18 to

439 3467 63 23 John
517 3468 82 24 Wade.

39 3490 144 28 Wellington,
195 3490 82 23 March
288 3493 32 25 18,
333 3493 61 22 1842.

37 3539 71 49 ON
122 3539 87 27 SALE,
221 3543 23 18 at
253 3539 38 22 the
302 3539 75 22 Stores
387 3540 26 22 of
418 3541 38 22 the
464 3542 151 25 undersigned

131 3566 154 22 WHALING
301 3567 87 21 GEAR
403 3568 46 22 and
462 3569 122 29 STORES,
616 3562 7 11 '

225 3593 103 28 recently
338 3594 97 22 arrived.

394 3628 90 23 Willis
498 3630 45 22 and
558 3631 40 23 Co.

61 3654 144 28 Wellington,
217 3655 82 22 March
306 3657 19 25 1,
337 3656 62 21 1842.

35 3699 89 37 T^OR
137 3700 86 29 SALE,
234 3700 30 28 by
273 3700 38 22 the
321 3700 179 28 undersigned-

61 3753 104 28 Superior
173 3757 51 24 port
234 3753 44 23 and
289 3753 78 29 sherry
376 3755 25 22 in
412 3762 69 21 cases,

61 3779 144 29 Champagne
215 3781 23 22 in
249 3781 63 28 ditto,

60 3807 92 28 Brandy
161 3808 23 21 in
196 3812 91 24 quarter
297 3808 71 28 casks,

60 3833 47 23 Gin
115 3833 25 23 in
149 3834 65 23 hhds.

345 3885 2 5 ,
359 3863 26 22 T.
399 3863 35 22 M.
450 3864 145 23 Partridge.

33 3887 81 22 March
123 3888 35 26 25,
169 3889 61 21 1842.

34 3932 71 49 ON
129 3932 86 26 SALE,
239 3937 24 18 at
281 3934 37 22 the
338 3935 72 22 Office
434 3935 26 22 of
479 3936 44 22 this
545 3944 77 20 paper,

183 3960 155 23 SEAMEN'S
353 3962 159 24 ARTICLES.

2099 122 80 21 Book
2191 122 121 28 Binding.

1914 155 117 48 BOOK
2058 155 138 23 BINDING
2219 156 57 23 done
2293 159 24 21 »t
2339 156 40 22 the
2402 157 94 23 Gazettt

1992 181 79 23 Office.
2292 188 17 23 ;-■

1914 225 89 49 FOR.
2017 225 78 22 SALE
2109 229 23 18 at
2147 226 45 22 this
2206 227 70 28 office,
2288 227 80 27 Hymn
2382 227 75 22 Books
2470 227 25 23 in

1986 251 39 22 the
2034 251 76 23 native
2118 253 118 27 language.
2260 261 11 11 ■*■
2295 256 14 9 '
2313 260 10 8 v

1923 299 7 3 -
1940 283 128 31 December
2075 286 35 24 28,
2121 286 61 21 1841.
2321 303 4 5 ,
2448 299 5 10 >

2008 336 156 27 Stationery
2180 338 60 26 just
2253 332 146 33 unpacked.
2457 348 5 5 -

1914 368 73 48 ON
2001 368 86 27 SALE,
2102 373 23 18 at
2134 369 38 23 the
2184 371 85 21 Gazette
2282 372 74 27 Office,
2373 374 121 26 an,exten-

1959 417 3 6 r
1990 394 48 22 sive
2047 394 46 22 and
2102 397 77 22 variecl
2187 402 127 18 assortment
2372 399 123 28 stationery
2499 406 5 5 •

1912 421 27 22 of
1946 428 72 21 .every
2027 421 141 28 description.

1940 448 102 27 January
2052 448 19 27 7,
2086 447 61 25 18421

1912 510 221 25 WHOLESALE
2163 512 121 25 PRICES
2314 501 180 38 CURRENT.

2013 555 133 16 CORRECTED
2161 557 29 14 UP
2204 557 29 15 TO
2247 558 48 15 LAST
2312 559 81 16 NIGHT.

2252 584 16 18 £
2286 590 13 12 I.
2306 584 4 4 '
2324 587 18 16 d.
2377 585 3 3 '
2397 584 33 20 £'
2436 591 17 13 I.
2477 587 19 17 d.

1912 609 64 23 Ale:
1993 609 28 23 In
2030 610 79 28 bottle,
2121 611 115 28 perdoz..
2255 615 13 19 0
2281 615 23 20 13
2330 616 14 20 0
2361 629 19 7 ..
2399 617 15 20 0
2440 616 23 21 0'
2481 617 14 20 0

2014 637 87 23 Elliot's
2109 645 39 20 per
2153 638 54 22 hhd.
2217 653 19 7 ..
2256 641 48 21 CO
2330 642 52 20 0..
2398 644 15 19 0
2440 644 14 19 0
2481 644 14 20 0

1912 663 114 23 Arrack:
2041 664 44 22 Per
2092 665 46 27 gal.
2147 665 25 22 in
2182 665 60 23 bond
2255 668 14 20 0
2291 668 11 20 1
2330 668 15 20 9
2361 681 20 8 ..
2398 670 16 20 O
2480 673 15 20 0

1911 691 94 21 Bread:
2021 691 43 22 Per
2072 691 45 23 2lb.
2129 691 51 23 loaf
2193 707 45 7 ....
2255 695 15 20 0
2290 695 15 20 0
2331 695 14 20 8
2362 708 19 7 ..
2399 698 15 19 0
2440 697 15 20 0
2481 698 14 20 0

1911 717 74 23 Beef:
2000 718 78 28 Fresh,
2097 726 90 16 carcase
2201 726 42 21 per
2420 718 2 8 '

2028 745 24 21 lb
2200 747 34 21 ;.'.
2252 749 14 20 0
2288 748 12 19 0
2316 749 27 20 10
2360 761 19 8 ..
2396 750 18 20 O
2440 750 10 20 1
2480 752 14 20 0

2019 771 55 28 Salt,
2083 779 41 20 per
2137 773 68 25 tierce
2219 788 6 6 .
2231 787 6 8 .
2255 775 49 21 610
2330 776 15 19 0
2361 789 7 6 .
2374 789 7 6 .
2400 777 16 20 O
2441 776 14 21 0
2482 778 14 20 0

2019 798 44 22 Do.
2073 806 40 17 per
2126 799 74 25 barrel
2202 800 7 15 4
2206 816 5 5 .
2217 815 7 7 .
2230 815 6 7 .
2253 802 50 21 410
2330 802 15 20 0
2361 815 6 7 .
2374 815 6 7 .
2398 804 16 19 O
2440 804 14 19 0
2481 805 14 19 0

1910 825 95 21 Butter
2011 826 16 21 :'
2033 825 66 28 lrish,
2109 833 40 20 per
2156 827 31 22 lb.
2219 841 5 8 .
2231 842 6 6 .
2255 829 14 20 0
2290 830 11 20 1
2331 829 14 20 9
2361 842 19 7 ..
2400 831 15 21 Q
2441 830 14 21 0
2483 832 13 20 0

2032 851 126 23 Fresh....'
2254 856 15 21 0
2289 857 13 20 3
2330 856 14 20 3
2361 869 19 7 ..
2398 857 16 21 2
2440 858 15 20 0
2481 859 14 20 0

1910 884 110 16 urandv:
2036 878 59 22 First
2101 880 93 27 quality,
2201 888 40 21 per
2266 884 3 4 '

2059 905 77 27 gallon
2144 907 24 21 in
2180 907 60 22 bond
2253 910 13 20 0
2287 910 15 25 ,6
2329 910 14 20 0
2360 922 19 8 ..
2397 911 16 24 O,
2438 912 22 19 9.
2480 912 14 21 0

1910 931 87 23 Brown
2017 932 87 22 Stout:
2126 940 42 20 per
2182 933 53 23 hhd.
2250 937 14 20 0
2287 937 12 20 0
2326 938 14 19 0
2357 950 18 7 ..
2396 938 17 20 6
2437 938 15 20 0
2479 940 13 19 0

1910 959 101 21 Cigars:
2022 959 102 28 Manilla,
2132 966 41 21 per
2179 961 59 27 1000,
2253 963 125 20 3100..
2396 964 16 21 4
2438 965 15 20 0
2480 966 14 19 0

2018 985 98 23 Inferior
2134 985 101 23 ....'....
2252 989 14 20 2
2287 990 14 25 ,0
2328 990 14 19 0
2360 1002 19 7 ..
2396 992 16 19 O
2438 991 15 20 0
2480 992 15 20 0

2020 1012 136 28 Havannah,
2161 1021 40 20 per
2207 1013 31 23 lb.
2252 1016 48 20 016
2328 1016 14 20 0
2358 1029 20 7 ..
2397 1017 12 20 1
2437 1018 15 19 0
2478 1019 15 20 0

2019 1039 125 23 Chinsurah
2148 1047 41 20 per
2194 1042 69 21 10001
2279 1043 21 20 15
2328 1043 14 20 0
2358 1056 20 6 ..
2396 1044 15 20 0
2436 1044 15 20 0
2478 1046 14 19 0

2017 1066 157 23 Alexandrian
2187 1083 46 6 ....
2252 1069 48 21 110
2327 1070 14 20 0
2358 1083 6 7 .
2370 1082 9 8 »
2396 1070 19 21 0,
2436 1071 16 20 0
2479 1073 13 19 0

1909 1093 89 22 Coffee
2005 1101 5 14 :
2021 1093 64 28 Java,
2096 1102 41 24 per
2144 1094 23 22 lb
2252 1097 14 20 0
2286 1091 15 26 '0
2328 1097 14 20 0
2359 1110 6 6 .
2371 1110 6 7 .
2396 1098 16 19 0
2439 1098 11 19 1
2480 1098 14 21 4

1909 1120 91 22 Cheese
2008 1128 5 14 :
2029 1120 106 22 Cheshire
2252 1124 14 20 0
2288 1124 10 20 1
2328 1124 13 19 6
2359 1137 6 6 .
2371 1128 11 15 .'
2396 1125 16 19 O
2438 1125 15 20 0
2480 1126 14 19 0

2027 1147 56 22 Pine
2093 1148 74 27 Apple
2188 1151 78 20 ....0
2288 1151 12 20 0
2328 1151 84 20 0..0
2439 1151 11 20 1
2478 1152 15 20 2

2027 1173 76 23 Dutch
2253 1178 13 20 0
2288 1178 13 20 0
2328 1178 14 19 0
2360 1190 19 8 ..
2397 1179 15 20 0
2440 1178 10 21 1
2480 1180 14 19 0

1909 1200 106 22 Candles
2023 1207 5 14 :
2035 1200 94 27 English
2137 1208 56 21 wax,
2200 1210 40 19 per

2053 1227 24 21 lb
2252 1231 14 20 0
2287 1230 13 20 3
2328 1230 14 20 6
2360 1243 18 7 ..
2397 1232 15 19 0
2438 1232 15 20 0
2481 1233 13 20 0

2040 1253 81 23 Mould
2252 1258 12 19 0
2287 1257 12 19 0
2328 1258 84 20 0..0
2440 1258 10 21 1
2480 1261 13 19 0

2041 1280 57 28 Dips
2251 1284 13 20 0
2287 1284 12 20 0
2314 1284 26 20 10
2357 1297 19 7 ..
2396 1286 14 19 0
2437 1286 15 19 0
2479 1288 13 19 0

1909 1307 94 22 Flour:
2012 1307 132 28 lstquality,
2154 1316 40 20 per
2199 1312 38 19 ton

2033 1331 32 24 of
2069 1335 54 21 2ooo
2126 1328 41 38 jhs
2236 1338 28 19 30
2287 1338 12 19 0
2327 1338 13 19 0
2357 1338 53 21 ..33
2436 1339 15 20 0
2478 1341 14 20 0

2008 1361 47 21 2nd
2065 1357 96 25 ditto™
2238 1364 27 20 25
2288 1365 12 19 0
2327 1365 14 20 0
2359 1378 19 7 ..
2396 1366 15 20 0
2438 1366 14 20 0
2479 1368 13 19 0

1910 1387 60 22 Gin:
1991 1387 54 22 Pale
2061 1388 25 21 in
2097 1388 60 22 bond
2226 1386 7 24 '.
2252 1392 13 19 0
2287 1391 12 19 0
2328 1392 13 20 0
2358 1405 19 6 ..
2396 1394 14 19 0
2436 1393 15 20 2
2478 1395 14 20 6

1959 1414 63 27 Case,
2031 1415 14 21 4
2050 1415 38 26 gal
2097 1416 37 21 4-5
2142 1417 24 20 in
2177 1417 60 22 bond
2252 1418 10 21 1
2287 1419 12 20 2
2327 1420 49 19 0..
2395 1420 15 20 0
2436 1420 56 22 0-0

1909 1440 83 22 Hams:
2010 1441 127 28 Yorkshire,
2151 1443 85 27 perlb.
2252 1446 14 19 0
2288 1446 12 20 0
2328 1446 14 19 0
2359 1459 19 7 ..
2396 1448 15 19 0
2439 1447 11 20 1
2480 1449 13 20 0

1909 1467 129 23 Mustard:
2053 1468 43 22 Per
2105 1469 72 22 dozen
2190 1473 76 19 ....0
2279 1472 21 21 18
2328 1473 84 21 0..0
2438 1475 15 19 0
2480 1477 14 19 0

1909 1494 116 22 Mutton:
2046 1495 94 22 Carcase
2149 1504 41 19 per
2198 1497 23 22 lb
2232 1513 5 6 .
2252 1500 14 19 0
2288 1500 12 19 0
2328 1499 14 20 9
2360 1513 18 7 ..
2397 1501 15 20 0
2438 1502 14 19 0
2467 1502 24 21 11

1909 1521 125 22 Muskets:
2048 1521 94 23 Walnut
2147 1523 94 23 stocked
2253 1526 14 19 0
2288 1527 13 19 0
2328 1526 14 20 0
2360 1540 19 7 ..
2397 1528 15 19 O
2426 1528 26 20 15
2480 1531 14 19 0

1909 1548 79 22 Milk:
2005 1549 42 21 Per
2053 1549 51 27 pint
2253 1553 13 20 0
2288 1553 13 20 0
2328 1552 14 21 3
2360 1566 19 7 ..
2398 1555 14 20 0
2438 1556 15 19 0
2480 1557 13 20 0

1910 1575 44 21 Oil
1961 1583 5 14 :
1982 1575 105 26 Linseed,
2097 1583 41 20 per
2146 1577 76 26 gallon
2232 1579 67 20 .05
2328 1580 14 19 0
2360 1594 5 6 .
2372 1594 7 7 .
2397 1582 15 19 O
2439 1581 14 22 7
2481 1584 13 19 0

1984 1602 282 29 Black,incask,pertonls
2289 1607 13 20 0
2330 1607 14 20 0
2360 1621 19 6 ..
2397 1609 15 20 0
2439 1610 15 19 0
2480 1611 14 19 0

2022 1629 78 26 Sperm
2237 1632 27 21 75
2287 1633 11 20 0
2327 1634 12 19 0
2358 1648 18 6 ..
2396 1635 12 20 0
2438 1636 12 19 0
2480 1638 11 18 0

1909 1655 77 23 Pork:
2001 1656 78 27 Fresh,
2097 1664 89 15 carcase
2200 1665 41 21 per

2027 1683 23 21 lb
2252 1688 13 19 0
2287 1688 28 20 0•
2327 1688 15 20 4
2359 1702 18 7 ..
2396 1690 15 20 0
2438 1691 14 20 0
2480 1691 13 21 0

1899 1709 76 22 •Pork
1981 1717 6 14 :
2003 1710 66 27 Irish,
2080 1717 40 20 per
2128 1711 75 22 barrel
2215 1715 85 20 ..00
2328 1717 14 19 0
2359 1729 6 6 .
2371 1729 6 7 .
2396 1716 14 21 5
2438 1718 14 20 0
2480 1720 14 19 0

1909 1737 132 22 Potatoes:
2060 1737 58 22 New
2131 1738 107 28 Zealand,

2085 1771 41 20 per
2135 1769 38 18 ton
2187 1780 6 7 .
2200 1781 5 5 .
2215 1781 5 6 .
2227 1777 13 10 .-
2251 1768 13 20 5
2287 1770 12 19 0
2328 1770 13 20 0
2358 1783 7 7 .
2371 1783 6 8 .
2396 1771 14 20 8
2437 1772 15 20 0
2480 1773 12 19 0

1909 1791 95 22 Porter
2013 1798 5 14 :
2046 1791 103 28 Dunbar,
2160 1793 25 21 in
2192 1793 45 22 hot.

2077 1826 39 20 per
2126 1819 42 22 doz
2252 1824 12 19 0
2279 1823 21 20 12
2327 1824 83 21 0..0
2438 1826 14 20 0
2480 1827 13 19 0

2017 1845 88 27 Bryant
2114 1846 45 22 and
2168 1847 70 22 Davis
2252 1850 47 21 012
2327 1852 13 19 0
2358 1864 6 7 .
2370 1864 7 7 .
2396 1853 14 19 0
2437 1853 14 20 0
2479 1855 13 18 0

1908 1871 99 22 Pickles
2018 1879 6 14 :
2054 1873 69 22 Assot
2128 1877 8 9 v
2135 1873 36 28 ed,
2200 1882 40 20 per

2082 1899 58 27 doz.,
2164 1905 76 23 quarts
2255 1904 9 20 1
2289 1904 10 21 1
2329 1905 13 20 0
2360 1918 19 7 ..
2398 1907 15 19 0
2440 1907 14 20 0
2481 1908 12 18 0

1909 1925 73 22 Pitch
1995 1933 5 14 :
2033 1926 137 29 Stockholm,
2200 1936 40 20 per

2059 1954 71 22 barrel
2253 1958 14 20 0
2288 1959 13 20 0
2329 1959 14 20 0
2360 1972 19 7 ..
2399 1960 11 20 1
2426 1961 27 20 15
2481 1963 13 19 9

1909 1979 94 22 Plank:
2031 1980 54 22 Port
2107 1981 131 29 Nicholson,

2057 2015 41 19 per
2107 2009 40 21 100
2156 2009 47 22 feet
2215 2024 5 6 .
2228 2024 6 6 .
2252 2012 48 20 019
2328 2013 14 19 0
2359 2027 6 5 .
2372 2027 6 5 .
2398 2015 10 19 1
2440 2015 10 20 1
2480 2017 13 20 0

1907 2031 58 22 Rice
1972 2040 5 13 :
1991 2033 109 22 Common
2110 2041 40 20 per
2156 2039 49 18 cwt.
2217 2039 84 20 ..00
2328 2040 14 19 0
2360 2053 5 6 .
2372 2053 7 6 .
2455 2041 5 14 J
2481 2045 13 17 0

1989 2060 67 21 Good
2251 2065 13 20 0
2287 2065 13 20 0
2327 2067 14 19 0
2358 2079 19 7 ..
2396 2068 14 19 0
2437 2069 14 19 0
2480 2071 12 19 0

1907 2085 55 22 Rum
1970 2093 5 14 :
1991 2086 26 21 P.
2028 2086 26 22 B.
2066 2086 33 26 P.,
2114 2095 40 20 per
2163 2088 75 27 gallon

2029 2113 23 22 in
2068 2113 61 23 bond
2252 2118 13 20 0
2287 2119 13 20 4
2328 2119 13 19 0
2359 2133 19 6 ..
2397 2121 15 20 0
2437 2121 14 21 5
2480 2123 14 21 0

1907 2139 89 22 Sugar:
2013 2140 119 23 Mauritius
2142 2149 41 20 per
2189 2146 49 19 cwt.
2252 2146 14 19 0
2288 2146 12 20 0
2328 2147 14 19 0
2360 2160 18 6 ..
2397 2149 15 19 0
2438 2150 14 19 0
2481 2152 13 18 0

2016 2167 83 22 Brown
2113 2168 55 22 ditto
2186 2173 77 19 ....2
2287 2173 10 18 0
2327 2175 83 20 0..0
2437 2177 14 19 0
2479 2179 13 19 0

2016 2194 98 23 Refined
2128 2195 55 29 loaf,
2199 2205 40 19 per

2042 2221 23 22 lb
2252 2227 13 19 0
2287 2227 13 20 0
2328 2227 13 21 9
2358 2241 19 6 ..
2396 2229 15 20 0
2437 2231 15 19 0
2480 2232 13 20 0

2015 2248 98 23 Manilla
2133 2257 40 21 per
2187 2254 47 19 cwt.
2250 2255 13 19 0
2287 2255 11 19 0
2326 2256 13 18 0
2357 2268 19 7 ..
2394 2256 15 20 2
2436 2257 14 21 2
2478 2259 14 20 0

1906 2274 59 22 Salt
1973 2281 6 15 :
1995 2274 126 30 Liverpool,
2132 2284 41 20 per
2183 2281 37 19 ton
2229 2281 69 21 .30
2326 2282 13 20 0
2357 2295 6 7 .
2369 2295 6 7 .
2394 2283 16 20 4
2436 2286 14 19 0
2478 2287 14 19 0

1906 2301 59 22 Soap
1974 2309 5 14 :
2006 2302 104 23 Hawes's
2132 2304 103 28 London,

2033 2337 39 19 per
2079 2333 38 19 ton
2234 2334 28 20 40
2285 2335 12 20 0
2324 2336 14 20 0
2356 2349 19 7 ..
2394 2337 13 19 0
2436 2339 14 20 0
2478 2341 14 19 0

2023 2356 120 28 Liverpool
2234 2361 27 21 36
2285 2363 12 19 0
2324 2363 14 20 0
2355 2377 19 6 ..
2393 2366 14 20 0
2435 2365 12 19 0
2477 2368 13 19 0

1904 2382 92 22 Starch
2003 2391 6 13 :
2025 2383 43 22 Per
2076 2384 23 21 lb
2250 2389 13 20 0
2286 2391 11 19 0
2325 2391 14 19 9
2356 2404 6 6 .
2369 2404 6 6 .
2394 2394 14 18 o
2436 2395 14 18 0
2478 2396 16 19 0

1904 2409 143 23 Scantling:
2063 2411 45 22 Per
2114 2413 40 21 100
2163 2413 68 22 feet..
2250 2416 47 20 018
2325 2418 14 20 0
2356 2431 19 6 ..
2396 2420 10 20 1
2436 2421 14 19 0
2478 2423 13 19 0

1904 2436 128 23 Shingles:
2048 2438 43 21 Per
2099 2440 61 26 1000,
2168 2440 30 22 N.
2206 2441 27 22 Z.
2248 2443 11 20 1
2285 2442 11 22 7
2324 2445 50 20 0..
2393 2447 14 19 0
2434 2448 14 19 0
2476 2450 14 19 0

2034 2464 71 29 Ditto,
2126 2466 28 22 V.
2165 2467 30 22 D.
2206 2468 27 22 L.
2247 2470 13 20 2
2284 2471 10 19 5
2323 2473 14 19 0
2354 2486 6 5 .
2367 2485 6 7 .
2392 2474 14 19 0
2434 2476 13 19 0
2475 2477 13 18 0

1902 2490 63 23 Tar:
1981 2492 55 21 Coal
2248 2497 11 20 1
2285 2498 10 20 5
2324 2500 13 19 0
2356 2513 18 6 ..
2394 2502 14 19 0
2435 2502 14 19 0
2477 2504 13 19 0

1984 2520 130 21 Stockholm
2250 2525 47 20 115
2325 2526 49 20 0..
2394 2529 14 18 0
2435 2530 15 19 0
2477 2531 13 19 0

1902 2544 49 23 Tea
1959 2553 5 14 :
1973 2546 82 27 Hyson
2060 2546 56 28 skin,
2123 2554 40 21 per
2173 2548 63 23 chest
2249 2553 13 19 0
2285 2553 12 20 0
2325 2554 13 20 0
2356 2567 5 6 .
2368 2567 6 7 .
2382 2555 26 20 12
2422 2556 27 20 12
2477 2558 13 19 0

1901 2572 106 22 Tobacco
2015 2580 6 14 :
2035 2573 144 30 Negrohead,
2194 2584 42 20 per

2060 2600 48 22 1b..
2114 2615 116 9 .........
2248 2607 14 19 0
2286 2607 8 20 1
2325 2607 12 20 8
2356 2620 18 7 ..
2394 2610 14 19 0
2435 2610 13 19 0
2478 2612 14 19 0

1901 2626 165 22 Turpentine:
2082 2628 43 22 Per
2129 2629 100 26 gallon..
2248 2634 13 19 0
2285 2635 10 19 8
2324 2635 14 20 0
2355 2648 19 7 ..
2394 2637 14 19 0
2434 2638 14 20 0
2476 2640 14 19 0

1902 2652 162 24 Whalebone:
2081 2655 42 22 Per
2132 2660 40 18 ton
2234 2660 26 20 85
2285 2661 11 20 0
2323 2662 14 19 0
2355 2663 52 20 .'.90
2434 2666 14 19 0
2475 2667 14 19 0

1901 2679 83 23 Wine:
1999 2681 90 28 Sherry,
2100 2690 40 19 per
2148 2684 52 27 pipe
2210 2687 50 20 ..28
2285 2688 10 19 0
2314 2690 23 19 .0
2354 2691 53 20 ..40
2434 2693 14 19 0
2476 2694 13 19 0

2010 2708 72 28 Ditto,
2097 2717 42 20 per
2152 2710 79 24 dozen.
2248 2714 10 20 1
2283 2715 12 20 4
2323 2716 14 19 0
2354 2714 51 23 ..'2
2434 2720 14 20 0
2476 2722 13 18 0

1901 2761 123 23 Poultry:
2039 2762 79 28 Fowls,
2125 2771 41 20 per
2172 2766 50 27 pair
2228 2782 5 5 .
2248 2769 14 20 0
2285 2769 11 20 8
2325 2770 13 20 0
2355 2784 19 5 ..
2393 2772 14 20 0
2422 2772 26 21 16
2476 2775 14 19 0

2037 2789 84 30 Ducks,
2133 2791 58 23 ditto
2210 2808 5 6 .
2223 2808 6 6 .
2248 2796 10 19 1
2285 2796 10 20 0
2323 2798 14 19 0
2354 2811 7 5 .
2367 2810 7 7 .
2394 2799 11 20 1
2422 2800 26 20 10
2476 2802 14 19 0

2039 2817 79 28 Geese,
2130 2819 57 21 each
2209 2822 49 21 ..1
2284 2824 11 19 0
2322 2824 14 20 0
2353 2838 19 6 ..
2391 2826 14 20 0
2433 2828 14 19 0
2475 2829 13 19 0

2037 2843 110 30 Turkeys,
2158 2847 57 22 each
2250 2850 10 19 1
2285 2851 12 20 0
2324 2852 14 19 0
2356 2865 19 6 ..
2394 2854 14 19 0
2435 2854 15 20 0
2477 2857 13 19 0

2038 2871 104 28 Pigeons,
2153 2873 79 29 (wild,)

2063 2906 43 21 per
2113 2901 50 27 pair
2248 2904 14 19 0
2285 2904 11 21 0
2325 2906 14 19 0
2356 2919 19 7 ..
2394 2908 15 20 0
2435 2909 14 20 0
2477 2910 14 20 0

2038 2926 84 27 Ducks,
2132 2927 36 22 do.
2179 2928 51 22 do..
2248 2932 14 19 0
2285 2932 11 19 5
2324 2933 14 20 0
2355 2946 19 7 ..
2393 2935 15 20 0
2434 2937 14 19 0
2476 2937 14 20 0

1900 2951 76 23 Eggs:
1992 2952 44 22 Per
2045 2952 73 23 dozen
2249 2958 14 21 0
2286 2959 11 20 3
2325 2960 13 20 0
2355 2973 19 8 ..
2393 2963 14 19 0
2434 2963 14 20 3
2476 2965 14 19 6

1900 3005 78 23 Cows:
1993 3006 73 22 Milch
2234 3012 28 21 20
2285 3014 11 19 0
2323 3014 14 20 0
2354 3015 53 21 .:30
2433 3017 14 20 0
2475 3019 14 19 0

1906 3034 91 21 Vlares:
2013 3034 76 22 Brood
2232 3040 28 20 50
2284 3041 11 20 0
2321 3037 15 24 6
2353 3043 52 20 ..90
2432 3045 15 19 0
2474 3046 14 20 0

1900 3059 118 23 Working
2034 3061 134 24 Bullocks:
2191 3064 43 23 Per

1927 3087 49 26 Pair
2053 3114 4 6 ,
2234 3094 28 21 40
2285 3095 11 20 0
2323 3095 14 20 0
2354 3096 52 21 ..60
2433 3099 14 19 Q
2475 3099 14 20 0

1900 3115 64 20 Hire
1975 3122 26 14 of
2013 3122 68 15 ditto
2088 3123 5 14 :
2110 3116 43 23 Per
2160 3118 51 28 day,
2220 3127 14 14 a

1927 3144 60 19 team
1997 3142 46 22 and
2050 3142 75 24 driver
2248 3148 11 20 l
2284 3149 11 20 o
2322 3150 14 19 0
2353 3163 6 6 .
2365 3163 7 6 .
2391 3151 14 19 2
2431 3153 16 19 0
2474 3154 14 20 0

1899 3167 88 23 Sheep:
2004 3169 62 22 Each
2247 3175 10 21 l
2283 3176 10 20 8
2320 3177 14 19 0
2351 3176 19 20 .;
2390 3178 11 20 1
2419 3179 26 21 10
2473 3181 14 20 0

1899 3198 64 19 Uoat
1973 3198 75 21 Hire:
2062 3198 171 29 Perday,with-

2056 3243 2 6 ,
2092 3229 40 19 out
2140 3227 73 22 hands
2222 3229 35 20 .0
2271 3229 21 21 10
2319 3231 14 20 0
2351 3243 6 7 .
2363 3244 6 6 .
2390 3231 10 21 1
2430 3235 15 19 0
2473 3235 14 20 0

1899 3276 87 23 Wages
1993 3285 5 14 :
2027 3278 139 30 Mechanics,
2192 3288 40 20 per

2053 3307 63 21 week
2244 3309 14 20 2
2283 3311 10 20 0
2320 3312 83 22 0..3
2431 3316 14 20 0
2473 3317 14 20 0

2036 3332 126 24 Labourers
2179 3349 18 6 ...
2206 3342 20 13 .-.
2244 3337 48 21 110
2319 3339 81 23 o.<l
2417 3342 27 21 16
2472 3344 13 19 0

1918 3392 40 17 The
1969 3393 49 17 New
2029 3394 97 16 Zealand
2139 3395 92 17 Gazette
2236 3396 37 17 and
2282 3397 133 20 Wellington
2427 3402 59 17 Spec-

1897 3417 65 12 tator
1967 3414 16 16 is
1989 3415 98 20 published
2094 3419 55 17 every
2155 3416 113 22 Wednesday
2277 3419 32 17 and
2320 3419 90 20 Saturday
2437 3424 47 15 Sub-

1891 3435 67 20 •joined
1964 3440 31 12 are
2002 3436 32 16 the
2040 3437 88 15 terms:—
2165 3434 17 12 -'"
2397 3433 10 10 J
2411 3435 5 4 '

1918 3463 63 16 Price
1989 3467 24 12 of
2020 3467 40 13 t-he
2067 3463 98 17 Paper.—
2165 3464 55 22 Forty
2226 3466 78 23 shillings
2309 3473 34 16 per
2353 3474 76 18 annum,
2441 3476 46 16 pay.
2505 3465 2 5 '

1896 3483 41 16 able
1942 3488 21 12 in
1969 3484 90 20 advance;
2071 3489 20 12 or
2097 3489 35 12 oue
2138 3485 77 23 shilling
2220 3487 28 17 for
2254 3488 53 21 single
2313 3492 94 17 numbers.

1917 3511 246 19 Advertisements.-Six
2172 3513 47 17 lines
2230 3516 36 16 and
2275 3516 62 21 under,'
2346 3520 26 16 3s.
2380 3520 30 16 6d.
2417 3520 28 17 for
2451 3521 32 16 the

1895 3532 41 16 first
1946 3534 95 17 insertion,
2051 3533 38 16 and
2100 3537 34 12 one
2145 3534 76 22 shilling
2227 3537 72 18 foreach
2306 3541 113 19 subsequent
2424 3542 60 16 inser-

1896 3555 48 17 tion;
1956 3555 48 14 irom
2010 3557 30 12 six
2046 3555 19 15 to
2073 3556 30 14 ten
2111 3554 53 21 lines,
2172 3555 34 18 five
2215 3557 78 22 shillings
2304 3560 33 16 for.
2343 3561 31 16 the
2386 3562 45 20 first,
2443 3563 38 17 and

1895 3578 35 12 one
1941 3574 76 20 shilling
2027 3574 36 16 and
2074 3579 87 17 sixpence
2170 3577 30 16 for
2209 3579 46 16 each
2264 3582 107 20 subsequent
2381 3582 101 21 insertion;

1895 3596 57 15 above
1963 3597 31 13 ten
2004 3595 53 19 lines,
2069 3596 36 16 five
2116 3597 84 22 shillings
2210 3599 29 17 for
2250 3600 117 19 thsrirstten
2377 3603 55 20 lines,
2444 3606 38 15 aud

1894 3616 98 20 fourpence
1998 3619 33 17 per
2037 3616 37 16 line
2081 3617 29 16 for
2116 3618 31 17 the
2154 3623 64 13 excess
2226 3621 20 16 of
2253 3619 38 19 that'
2295 3624 77 16 number
2376 3630 5 14 ;
2393 3626 38 16 and
2437 3628 46 15 two-

1894 3641 58 16 pence
1958 3641 32 16 per
1994 3636 40 17 line
2039 3637 29 17 for
2074 3638 45 16 each
2126 3640 113 21 subsequent
2244 3642 89 19 insertion.

1916 3664 157 18 Advertisements
2080 3666 38 16 will
2123 3669 34 15 not
2163 3672 66 17 appear
2239 3670 20 17 in
2270 3671 25 16 the
2306 3672 80 21 ensuing
2396 3675 80 17 number

1894 3685 17 16 if
1919 3685 84 16 received
2008 3685 47 17 later
2061 3687 46 17 than
2119 3689 20 15 10
2147 3688 73 25 o^iock,
2228 3695 48 16 a.m.,
2281 3696 20 13 on
2309 3693 31 17 the
2348 3679 94 37 mbrning^
2450 3680 31 35 be-

1893 3706 39 16 fore
1945 3706 119 21 publication.
2086 3708 159 21 Advertisements
2259 3713 31 16 will
2301 3715 22 15 be
2334 3715 100 18 continued
2442 3718 38 16 and

1893 3727 79 20 charged
1981 3728 227 25 untiUounter-orderea;
2220 3734 46 16 such
2272 3734 47 17 order
2325 3738 51 14 must
2383 3737 22 16 be
2413 3741 41 13 sent
2461 3741 19 14 to

1893 3748 32 16 the
1935 3749 55 16 Olhce
2003 3751 36 14 two
2057 3750 45 20 days
2120 3752 62 17 before
2193 3755 111 21 publication,
2316 3757 37 16 and
2363 3760 52 14 must
2413 3744 7 21 ?
2425 3759 22 16 be
2458 3760 20 17 in

1893 3770 79 20 writing.
1996 3769 158 21 Advertisements
2168 3775 82 17 received
2269 3776 47 22 after
2333 3778 21 17 10
2370 3778 68 18 o'clock
2454 3785 24 13 on

1893 3790 108 38 Writes
2091 3797 13 21 ?
2114 3797 30 13 mo
2146 3798 21 29 ?
2168 3799 19 12 vl
2189 3800 20 16 c*
2269 3797 18 17 l>°
2296 3798 78 21 charged
2386 3802 52 15 twice
2447 3785 33 35 thS

1912 3831 32 17 All
1950 3832 67 20 orders,
2029 3833 159 23 advertisements,
2199 3838 37 16 and
2247 3840 158 19 communications
2417 3844 19 15 to
2447 3844 33 17 tut

1892 3852 69 21 Editor,
1968 3857 31 13 are
2006 3856 97 19 requested
2109 3857 17 16 to
2135 3857 22 16 be
2163 3858 99 18 addressed
2267 3862 16 14 to
2288 3861 37 15 this
2331 3862 63 14 Office.
