2412 3870
1454 1526 110 20 BIRTH.

1250 1565 79 23 Ivoey.
1331 1578 32 4 —
1363 1565 32 23 At
1412 1565 121 29 Carleton,
1557 1566 64 25 June
1632 1567 69 27 28th,
1724 1568 41 24 the

1280 1597 51 24 wife
1339 1597 26 24 of
1375 1597 40 24 Mr
1423 1597 39 25 W.
1472 1597 69 33 Ivory
1557 1599 26 24 of
1588 1600 78 28 twins;
1674 1600 91 30 daugh-

1279 1632 58 23 ters.

1252 1859 128 18 Oxford
1401 1859 64 18 and
1486 1859 85 18 Cust
1592 1859 191 18 Observer.

1252 1877 281 49 PUBLISHED
1564 1877 219 49 WEEKLY.

1301 1926 165 20 SATURDAY,
1495 1928 55 18 July
1560 1928 38 18 4th
1619 1930 72 16 1891.

1289 1980 110 31 There
1409 1981 26 30 is
1443 1990 39 21 no
1504 1982 57 31 dou
1565 1983 33 30 bt
1611 1994 19 19 a
1642 1985 124 39 disposi-

1248 2022 64 28 tion
1335 2022 73 29 with
1433 2027 79 25 most
1531 2034 124 28 persons
1675 2030 33 25 to
1728 2028 37 29 be

1249 2061 178 31 dissatisfied
1450 2064 74 29 with
1553 2065 79 30 their
1645 2071 120 34 present

1242 2104 141 38 •position.
1391 2119 3 14 ;
1404 2117 5 5 ■
1428 2103 85 40 They
1521 2104 88 31 know
1617 2107 52 30 the
1679 2103 87 35 hard-

1233 2153 83 25 iness
1343 2144 61 28 and
1430 2144 176 31 drawbacks
1631 2148 33 28 of
1686 2149 80 34 their

1247 2184 45 28 lot
1300 2183 88 30 while
1395 2184 86 29 those
1490 2184 68 30 that
1566 2187 104 30 attend
1679 2189 87 30 other

1249 2223 159 31 situations
1430 2235 52 20 are
1512 2225 112 32 hidden
1645 2229 41 40 by
1712 2224 52 36 thb

1249 2264 76 34 veils
1336 2265 32 29 of
1387 2265 161 39 ignorance,
1557 2286 7 8 ,
1574 2269 56 28 and
1651 2270 112 39 dispro-

1249 2305 127 39 portion.
1419 2302 159 35 Attention
1594 2309 27 29 is
1630 2311 134 32 arrested

1244 2347 106 37 ;by,the
1377 2347 184 38 advantages
1582 2351 32 27 of
1624 2351 65 29 .the
1703 2352 59 30 disr

1249 2385 68 30 taiit
1347 2396 87 19 scene
1465 2379 88 51 whijje
1580 2385 184 36 'insufficient

1253 2426 156 32 allowance
1431 2448 4 15 4
1443 2427 36 38 js.
1496 2429 115 34 ■'mades
1629 2431 50 41 fyt
1689 2427 4 31 \
1712 2431 52 33 thb

1249 2477 157 28 necessary
1414 2462 5 31 '.
1427 2469 61 29 and
1508 2468 158 41 attendant
1670 2474 93 30 -evils.

1248 2503 72 33 This
1347 2508 25 29 is
1406 2512 54 26 not
1493 2510 122 38 pointed
1649 2516 54 29 out
1733 2517 31 27 to

1251 2547 107 30 hinder
1381 2548 89 30 effort
1496 2552 33 27 to
1564 2552 57 29 win
1650 2564 41 19 an
1711 2554 53 30 ini-
1778 2576 12 7 .-

1249 2588 112 39 proved
1374 2589 45 29 lot
1428 2589 32 29 in
1470 2591 52 29 life
1536 2592 55 29 but
1611 2596 32 25 to
1660 2594 106 31 induce

1250 2629 119 28 caution
1394 2631 60 28 arid
1472 2631 25 28 it
1510 2641 70 33 may
1594 2632 37 30 be
1644 2637 32 30 to
1698 2645 68 29 pro-
1778 2659 2 6 ,

1250 2672 80 25 mote
1343 2673 134 29 content..
1611 2704 16 5 
1640 2672 25 36 V

1292 2709 91 29 From
1394 2709 1 2 '
1404 2709 193 46 information
1625 2714 141 31 obtained

1251 2749 79 31 from
1354 2760 17 19 a
1388 2749 197 44 trustworthy
1600 2763 105 23 source
1719 2768 45 19 we

1251 2800 50 19 are
1335 2791 125 29 enabled
1497 2795 32 25 to
1570 2803 123 30 express
1728 2804 37 23 dn

1251 2830 123 38 opinion
1388 2831 60 29 arid
1471 2833 86 38 point
1580 2844 18 19 a
1624 2838 95 28 moral
1733 2838 35 30 in

1252 2871 134 35 relation,
1407 2874 32 27 to
1457 2875 82 28 town
1552 2876 61 28 and
1630 2882 136 36 country

1251 2910 52 29 life
1317 2911 45 29 for
1371 2911 52 29 the
1434 2912 139 41 laboring
1586 2916 110 31 classes
1705 2919 60 29 and

1251 2951 160 41 especially
1425 2953 51 29 the
1490 2963 81 30 poor.
1609 2960 3 12 !
1660 2962 3 6 '
1738 2955 2 8 '

1291 2991 97 31 There
1402 3003 51 19 are
1477 2999 226 40 compensating
1712 3001 54 29 cir-

1250 3035 186 27 cumstances
1470 3034 42 29 iir
1536 3036 108 31 almost
1677 3031 91 50 evej«y

1247 3072 152 30 ■walkand
1413 3074 129 39 position
1555 3077 33 30 of
1592 3078 70 31 -life.
1683 3081 6 11 r
1705 3080 62 33 The

1234 3130 2 7 •
1250 3113 116 31 scheme
1381 3115 32 28 of
1434 3116 177 40 prbvide'n^
1623 3120 26 29 is
1670 3121 34 33 iso
1796 3137 3 17 ;

1249 3154 114 37 ranged
1377 3154 68 30 that
1457 3165 50 19 no.
1512 3167 56 20 one
1592 3169 56 20 can
1662 3158 103 35 obtain

1250 3193 41 29 all
1304 3194 52 29 the
1366 3194 126 31 benefits
1514 3198 33 28 of
1555 3199 61 29 this
1634 3200 53 31 life
1706 3200 60 33 arid

1250 3242 104 29 escape
1364 3234 40 29 its
1417 3230 60 35 ills*
1517 3237 64 31 The
1604 3245 87 33 great
1705 3245 59 29 and

1249 3273 138 48 wealthy,
1397 3280 4 22 :
1418 3285 33 19 so
1460 3276 82 31 often
1557 3280 116 38 envied,
1685 3277 80 39 have
1787 3283 17 21 n

1249 3323 82 20 cares
1343 3315 96 29 which
1453 3327 52 20 are
1521 3319 53 31 the
1587 3324 125 39 penalty
1733 3327 33 29 of

1251 3358 151 34 greatness
1411 3366 9 23 ;
1437 3358 94 38 while,
1552 3361 53 32 %he
1626 3363 81 42 sleep
1731 3361 33 40 jcf

1249 3393 52 31 the'
1308 3393 139 43 laboring
1459 3408 71 21 man
1537 3395 35 37 Is
1582 3408 98 27 sweet.
1724 3407 40 31 So
1783 3417 2 19 :

1249 3434 72 32 with
1342 3439 81 27 town
1458 3440 56 29 and
1545 3448 129 36 country
1700 3439 62 40 liie.
1783 3438 21 13 "'

1249 3474 66 30 The
1324 3476 184 42 advantages
1517 3481 32 30 of
1557 3483 51 30 the
1617 3487 83 30 town
1714 3498 50 22 are

1247 3518 107 36 patent
1388 3521 31 26 at
1452 3529 18 20 a
1481 3521 139 47 /glance.
1632 3525 30 29 ';
1684 3519 80 49 Th^tt

1248 3565 83 29 press
1352 3556 33 29 of
1400 3558 51 30 life
1481 3562 73 30 with
1575 3557 43 37 Its
1637 3569 129 39 activity
1803 3589 2 6 •

1246 3596 61 29 and
1326 3596 124 40 change,
1478 3601 39 30 its
1540 3605 90 31 social
1651 3608 115 32 advan-

1247 3638 94 36 tagesi
1353 3637 41 29 its
1404 3638 151 35 freshness
1569 3647 135 38 and^stir,
1725 3645 39 36 its

1247 3681 201 27 amusements
1466 3683 61 29 and
1549 3688 146 32 manifold
1714 3702 50 20 en-

1246 3721 185 34 grossments
1468 3726 155 41 naturally
1641 3753 3 2 .
1653 3734 113 31 attract

1246 3756 52 31 the
1331 3758 125 44 healthy
1500 3766 75 30 and-
1594 3776 106 36 strong
1733 3778 32 26 to

1246 3802 88 27 town.
1377 3800 64 32 The
1449 3806 78 39 aged
1535 3810 50 28 too
1596 3814 171 37 appreciate

1819 131 7 12 ,-
1840 127 6 5 ••
1881 137 3 11 :
1892 139 9 9 ,
1922 123 31 16 .■'
1974 133 1 1 ■
1976 123 48 3 —
2063 130 15 9 ■■■:
2106 123 64 27 -"■•■'£.
2195 123 27 27 -7,
2245 123 110 27 **'j?!\

1827 173 3 24 !
1859 167 51 31 t]ie
1923 167 84 30 sliort
2020 167 157 37 distances^
2202 169 52 33 the
2275 166 100 43 $&&&$.

1819 223 18 21 £.
1858 211 116 31 afreets,
2002 208 52 28 the
2078 206 223 41 nearpChui;clij,
2321 210 52 28 the

1858 257 75 28 easy
1943 247 59 30 arid
2016 248 174 29 safe'mo(res
2190 249 14 18 4
2204 250 30 27 of
2248 240 125 47 cftivey-

1859 296 82 21 ance.
1971 288 58 29 and
2073 288 51 30 the.
2156 289 120 37 general
2305 299 68 21 con-

1858 327 156 30 veniences
2028 328 32 28 of
2086 329 125 28 modern
2232 328 58 31 life.
2334 331 38 28 In

1857 367 53 29 the
1944 368 62 36 city
2039 371 50 26 too
2124 369 51 29 the
2218 371 94 29 ''best
2341 371 35 29 of

1851 407 202 38 .everything''
2129 411 148 36 supposed
2289 414 32 26 to
2335 411 38 28 be

1858 447 59 28 had
1947 447 32 28 in
2018 444 139 42 way%of
2195 449 176 35 literature,

1860 487 127 37 Church,
2010 486 105 37 Music,
2143 489 148 30 Medicine
2312 491 61 28 and

1858 527 126 29 culture.
2025 527 347 32 No^oußrtoS'Tliaarin

1857 570 82 27 town
1949 578 90 29 many
2054 578 18 19 a
2077 584 3 7 -
2086 569 144 40 lucrative
2243 571 130 42 posi^ipyn

1858 609 111 33 awaits,
1997 608 86 29 those
2107 609 66 28 who
2199 607 75 32 have
2299 611 74 29 been

1858 648 118 29 trained
1997 652 31 25 to
2051 650 322 40 commereial-or-pi'P'-

1858 688 140 30 fessional
2011 690 141 37 pursuits,
2322 692 19 28 t

1899 728 56 29 Yet
1987 730 48 28 for
2081 730 52 29 the
2167 732 105 36 strong
2291 741 79 25 man,

1819 787 6 16 v
1859 772 129 37 country
1997 769 25 29 is
2035 769 167 30 unrivalled
2216 770 49 29 for
2272 795 3 4 .
2288 771 83 40 truly

1860 807 100 40 manly
2000 810 180 38 enjoyment,
2220 811 48 28 for
2305 811 64 29 real

1858 849 176 30 wholesome
2044 880 3 6 ,
2061 849 61 38 life,
2155 850 61 30 arid
2242 851 40 29 all
2305 852 68 29 that

1856 889 89 29 tends
1958 893 32 26 to
2014 889 142 40 develope
2178 901 19 18 a
2215 892 88 31 noble
2314 892 59 29 and

1859 926 104 42 kindly
2016 931 157 29 manhood.
2230 931 85 31 'Here
2315 922 30 23 [/
2345 932 26 29 is

1858 966 132 33 freedom
2023 971 15 28 f
2038 971 64 29 roiri
2135 971 53 29 the
2221 973 151 38 i^retched

1858 1009 165 35 trickeries,
2039 1009 62 36 liesi
2116 1010 60 29 and
2189 1007 85 33 btli'er
2287 1013 67 28 mod
2359 1032 20 8 -.

1820 1076 2 4 ,
1858 1059 52 19 era
1926 1050 214 34 abominations
2154 1051 67 29 that
2241 1061 54 20 run
2295 1052 76 30 /riot

1858 1090 59 29 and
1926 1091 55 28 soil
1996 1091 52 29 the
2061 1091 150 31 existence
2227 1093 36 29 of
2268 1093 104 31 town's

1856 1131 118 38 people.
1994 1138 2 14 ;
2015 1131 83 30 Here'
2119 1139 69 22 nian
2190 1134 130 30 -works*
2340 1135 33 29 in

1860 1171 50 29 the
1925 1180 76 30 open
2009 1172 64 29 and
2083 1168 286 51 br£ajt^e^pure.air,

1859 1216 64 26 eats
1934 1212 177 31 wholesome
2123 1213 81 36 food,
2214 1204 94 41 iafes'
2322 1215 49 30 his

1860 1252 87 29 share
1968 1253 32 28 of
2013 1254 55 27 tdil
2090 1254 58 28 and
2168 1256 104 38 enjoys
2288 1256 84 37 :^ood

1859 1292 111 29 health.
2013 1292 81 30 Here
2117 1298 52 29 too;
2176 1294 38 30 he
2220 1323 5 14 i
2231 1294 85 36 finds,
2321 1295 52 30 the

1860 1333 103 28 varied
1975 1334 179 30 recreations
2173 1334 33 30 of
2223 1324 148 51 shoo^irg,

1859 1373 139 39 hunting,
2021 1374 113 39 fishing
2158 1385 34 19 or
2205 1376 168 40 gardening

1860 1413 41 29 all
1928 1413 41 37 of^
1995 1414 104 30 which'
2122 1414 52 31 tHe
2207 1420 166 26 townsman

1819 1475 1 4 .
1831 1465 16 17 :■•
1861 1454 122 32 envies.,
2009 1453 96 31 ;-'—-^.-'"'
2122 1470 3 12 :
2150 1460 31 25 '■]:■.
2199 1448 27 37 '[
2233 1454 39 11 ::::
2285 1450 3 6 '
2301 1453 10 13 v
2315 1454 2 4 '
2326 1452 5 13 '

1840 1505 9 8 '■
1901 1494 60 29 But
1974 1495 82 29 what
2073 1496 32 28 of
2127 1496 53 30 the
2206 1497 118 31 laborer
2336 1509 37 19 an

1859 1535 110 29 town?
1985 1535 31 29 If
2023 1538 53 27 out
2091 1536 33 30 of
2141 1538 80 29 work
2236 1548 32 19 as
2283 1538 90 30 much

1860 1585 34 19 or
1902 1575 163 35 mb^e.thajb
2075 1577 47 30 his
2133 1581 128 37 country
2270 1579 103 30 cbusm

1860 1616 46 30 his
1915 1616 44 30 lot
1963 1616 32 33 js
2004 1616 113 31 doleful
2128 1619 30 29 in
2169 1619 52 29 the
2226 1624 117 34 ,£xsrerp
2347 1630 23 20 e.

1860 1656 191 31 Hehaslittle
2060 1668 34 20 or
2105 1667 38 21 no
2152 1660 122 38 garden,
2282 1661 87 33 noth-

1860 1698 54 38 ing
1923 1698 67 29 that
1998 1699 37 29 he
2044 1707 56 28 p.an
2100 1700 3 16 :
2108 1703 51 26 t.uf
2161 1710 18 19 n
2184 1701 47 29 his
2239 1699 82 32 hand
2329 1706 41 32 to,

1860 1738 34 29 in
1967 1749 66 29 >vay
2040 1740 36 33 .of
2085 1742 121 40 getting
2216 1742 54 30 fire
2268 1761 18 21 rv
2284 1743 87 40 wgod

1860 1789 34 20 or
1902 1789 73 19 even
1987 1780 149 38 ramoling
2147 1788 91 23 aoout
2252 1793 18 18 a
2282 1784 90 28 beau-

1832 1844 2 4 .
1861 1819 73 30 tiial
1955 1822 129 37 country
2104 1822 55 27 but
2179 1822 76 29 feels
2277 1823 61 30 like
2352 1833 19 19 a

1860 1858 95 30 loafer
1966 1860 59 28 and
2043 1860 25 29 is
2095 1861 33 28 of
2129 1866 50 24 ten
2199 1864 116 29 treated
2338 1873 35 20 as

1858 1900 85 29 such.
1978 1900 85 33 ..And
2243 1903 48 32 iji;
2311 1904 62 30 this

1858 1935 94 34 world
1975 1940 26 29 is
2035 1951 32 19 so
2101 1937 148 36 wfefcheii
2342 1949 33 25 to

1859 1981 79 30 walk
1949 1982 51 29 the
2009 1985 80 31 tmyn
2114 1987 106 27 streets
2247 1985 60 40 day
2329 1986 42 39 by

1858 2022 60 39 diay
1932 2022 74 31 with
2011 2051 2 5 ,
2019 2023 127 40 nothing
2161 2027 40 32 to.
2213 2025 47 36 4p,,
2302 2027 72 29 And

1835 2084 3 5 .
1851 2089 2 3 .
1858 2062 61 29 this
1924 2062 30 29 is
1963 2066 53 26 not
2027 2063 48 30 all.
2089 2079 2 10 ■•
2097 2083 2 6 .
2117 2063 62 31 The
2199 2069 68 26 rent
2280 2067 27 29 is
2327 2068 48 28 six

1858 2102 139 40 shillings
2011 2114 19 18 a
2052 2105 81 29 week
2154 2105 57 30 and
2235 2111 79 25 must
2335 2107 38 29 be

1857 2143 79 38 paid;
1952 2144 66 29 coal
2031 2144 88 38 tihrea;
2131 2142 144 42 shillings,,
2299 2147 74 29 milk

1839 2204 1 8 ,
1858 2187 30 25 to
1901 2183 39 29 be
1943 2182 146 42 .brought,
2097 2187 34 26 at
2141 2181 50 34 the
2191 2187 102 35 udQpr:
2313 2189 60 28 and

1857 2223 109 31 indeed
1994 2226 180 39 everything
2201 2228 68 28 else.
2310 2228 63 30 The

1858 2260 170 39 Charitabje
2038 2265 58 30 Aid
2119 2265 61 34 wUI
2190 2273 52 24 not
2262 2267 69 41 help
2333 2286 39 4 —

1830 2312 3 8 '
1857 2305 107 31 indeed
1983 2306 72 40 they
2075 2307 73 30 dare
2155 2324 3 9 <
2171 2309 122 30 inofc-4f
2300 2317 15 18 a
2319 2310 53 30 the

1857 2356 70 19 man
1937 2347 27 28 is
1973 2347 85 35 able;
2063 2355 5 8 1
2081 2349 61 28 and
2157 2349 80 29 little
2253 2351 119 28 wonder

1857 2386 25 29 if
1896 2385 51 30 the
1962 2387 91 29 Hotel
2067 2391 139 36 captures
2222 2390 52 29 the
2297 2400 76 20 wor-

1858 2426 69 39 ried;
1935 2427 88 38 to^lpr
2031 2427 49 30 for
2089 2429 39 29 its
2136 2439 84 30 prey:
2232 2456 3 7 ,
2261 2430 62 31 The
2333 2432 40 28 ir-

1858 2467 121 38 regular
1987 2468 82 30 work
2082 2469 49 29 for
2141 2480 19 19 a
2169 2481 69 19 man
2247 2472 31 29 in
2292 2475 81 27 town

1823 2528 2 10 «
1831 2520 4 18 !
1842 2535 3 3 .
1858 2507 103 31 makes
1980 2509 49 29 his
2053 2519 72 21 case,
2141 2520 18 20 a
2195 2511 76 31 hard
2281 2535 4 9 ,
2293 2533 7 11 L
2307 2523 64 21 one.

1859 2548 79 29 How
1952 2549 139 30 different
2107 2551 33 29 in
2163 2552 52 30 the
2237 2557 135 36 country.

1858 2586 81 32 Here
1948 2591 101 29 rent'is
2057 2592 104 39 nearly
2171 2592 72 38 half,'
2248 2587 12 22 :l
2269 2603 18 19 a
2312 2604 63 19 cow

1858 2629 203 40 ma^bekept;,
2070 2658 3 13 ;
2076 2631 53 30 fire
2133 2651 13 16 r
2147 2633 85 34 wood
2242 2633 69 31 had.
2322 2634 49 30 for

1858 2669 137 39 fetching
2003 2671 32 34 it,
2057 2681 18 19 a
2100 2672 54 38 pig
2171 2672 32 29 in
2223 2674 51 29 the
2297 2679 75 35 stye,

1854 2709 60 29 and
1924 2719 19 19 a
1954 2711 80 38 good
2042 2712 124 37 garden,
2180 2714 61 28 and
2250 2714 71 30 then
2338 2716 31 28 in

1831 2771 2 4 •
1854 2750 59 32 the.
1929 2754 91 28 worst
2039 2755 78 29 state
2138 2753 35 29 of
2178 2754 116 40 {things
2301 2756 68 29 'the

1854 2791 15 28 f
1870 2792 92 38 ainily
1973 2792 68 28 does
2050 2796 55 26 not
2120 2797 108 27 starve.

1889 2830 37 30 'If
1936 2832 51 30 the
1990 2835 32 26 to
2026 2841 129 23 wflsmein.
2155 2835 3 13 1
2164 2845 50 20 are
2215 2840 4 10 1
2223 2836 70 30 wise
2299 2836 71 41 they

1819 2886 8 26 ;,
1858 2872 143 40 will'scfon
2014 2873 301 42 take..upeve,r.y,acre
2338 2878 33 28 of

1824 2930 17 22 .-_.
1856 2911 153 41 landope.a
2020 2914 221 33 tothem-T^and
2246 2920 127 37 country

1818 2952 2 51 I
1857 2960 66 31 n^eij
1936 2954 71 37 |wilj
2027 2954 90 31 think
2126 2980 12 12 v
2144 2958 86 29 twide
2270 2958 103 31 before

1818 2991 2 34 !
1849 2994 13 44 •
2025 2994 346 44 'tiEinipteditb-itown--un-
2012 2994 13 44 :
1875 2994 137 44 lhey:-^ire
1862 2994 13 44 i

1818 3028 2 52 |
1823 3034 14 16 •'■
1851 3029 67 34 'l^sS
1927 3034 27 29 it
1960 3035 27 29 is
1997 3034 41 39 by
2050 3032 210 49 t^certkihty
2268 3038 32 30 of
2305 3049 66 29 reg-

1859 3074 67 30 ular
1953 3076 93 31 work.
2106 3074 3 10 '

1859 3189 69 26 OUR
1940 3191 176 25 MEMBER'S
2128 3193 99 23 FIRST
2235 3194 137 22 SPEECH.

2020 3232 29 22 In
2065 3239 47 16 the
2124 3232 96 25 House.

1881 3310 24 21 It
1939 3311 20 20 is
1990 3312 57 20 with
2078 3313 156 21 'considerable
2264 3314 114 23 diffidence

1851 3341 57 22 ■that
1908 3351 3 5 1
1916 3342 15 21 1
1939 3342 45 21 rise
1993 3346 29 18 oh
2031 3343 38 21 the
2072 3345 3 13 l
2081 3346 92 24 present
2191 3346 95 21 occasion
2303 3347 22 21 to
2343 3348 36 20 ad-

1856 3373 59 21 dress
1925 3374 37 21 the
1976 3375 82 21 House;
2064 3381 3 9 <
2075 3383 4 11 ;
2087 3375 66 21 Since
2168 3377 13 19 I
2199 3377 57 21 hare
2276 3377 55 23 been
2347 3386 32 15 re.

1854 3405 80 21 turned
1948 3412 25 15 as
1976 3428 4 6 (
1990 3413 15 15 a
2021 3408 101 23 member,
2140 3408 43 20 and
2200 3408 58 21 have
2274 3410 47 23 had
2343 3412 36 22 the

1854 3436 107 27 pleasure'
1973 3438 24 21 of
2012 3440 121 25 occupying
2138 3440 3 9 ''
2146 3446 15 14 a
2161 3440 3 8 1
2176 3440 98 26 position
2277 3432 38 32 *in
2333 3445 46 20 this

1838 3483 5 5 .
1858 3468 85 26 Souae,
1959 3475 38 19 my
2015 3470 101 27 modesty
2134 3471 42 20 has
2202 3473 117 22 restricted
2342 3482 37 21 my

1855 3501 76 20 claims
1940 3501 25 20 to
1970 3501 30 21 its
2007 3502 108 21 attention
2126 3504 22 19 to
2156 3503 39 22 the
2201 3510 60 15 mere
2270 3507 80 27 asking
2359 3508 20 22 of

1856 3541 14 14 a
1877 3534 102 27 question
1983 3537 30 23 ;6r
2020 3535 50 21 two.
2087 3548 4 9 :
2096 3536 45 21 But
2150 3537 12 21 I
2181 3537 64 21 think
2260 3539 52 23 that
2328 3542 21 21 it
2362 3543 17 21 is

1821 3581 12 5 -
1849 3567 110 26 ,&e,^ißh
1967 3567 23 21 of
1995 3568 38 21 the
2049 3570 91 25 present
2156 3570 146 23 Government
2328 3574 51 22 that

1855 3595 54 25 'each
1917 3598 44 21 and
1978 3605 66 21 every
2062 3601 95 20 member
2174 3596 75 27 should
2249 3601 14 22 I'
2275 3602 57 24 Have
2350 3614 29 14 an

1855 3631 145 28 opportunity
2009 3633 21 21 of
2046 3633 81 29 saying
2136 3636 135 26 'something
2288 3637 22 21 in
2330 3645 49 16 con-

1854 3663 88 22 nection
1959 3664 54 21 with
2030 3664 40 22 the
2084 3656 89 36 present
2187 3667 45 21 Bill
2246 3668 75 23 before
2338 3672 41 21 the

1856 3695 73 22 House
1947 3696 45 21 and
2020 3697 68 21 under
2110 3698 34 21 its
2171 3699 167 25 consideration.
2368 3705 11 21 I

1854 3728 73 27 might
1935 3734 40 21 say
1981 3729 52 20 that
2041 3730 13 19 I
2063 3737 37 14 am
2108 3732 106 26 prepared
2227 3732 24 21 to
2258 3733 50 27 give
2326 3741 53 22 very

1854 3761 65 25 great
1936 3762 70 21 credit
2023 3763 24 19 to
2065 3763 37 21 the
2121 3763 98 22 Premier
2235 3765 36 21 for
2289 3767 38 21 the
2345 3775 34 14 ex-

1855 3792 95 21 cellence
1959 3793 24 20 of
1990 3793 40 21 the
2040 3794 49 21 Bill.
2116 3795 13 21 I
2146 3795 51 21 look
2214 3803 60 19 upon
2291 3798 21 22 it
2329 3807 25 14 as
2367 3807 12 14 a

1853 3830 52 20 very
1915 3824 57 26 good
1979 3826 46 20 Bill
2034 3826 85 25 inleed,
2128 3828 46 21 and
2182 3828 13 21 I
2204 3828 57 22 have
2268 3836 30 15 no
2308 3831 70 20 doubt

549 39 177 40 OXFORD,
751 37 88 31 AND
882 37 103 31 OUST
1029 38 220 35 OBSERVER
1292 39 230 40 SATURDAY,
1565 44 104 31 JULY
1710 47 29 32 4,
1801 47 76 30 1891

1287 163 223 39 TERMIITOS
1552 164 135 40 HOTEL

1376 214 92 24 WEST
1496 214 149 25 OXFORD.

1441 242 12 13 ■■'■
1530 241 28 22 VT
1590 240 12 23 '■;■•
1621 244 20 18 };'■
1683 240 18 22 '■■';

1240 289 7 5 %
1248 284 85 29 MR.;f
1336 285 190 32 .-Klßßy?begs
1538 288 24 22 to
1570 287 112 24 intimate
1687 287 85 24 to'the"
1796 303 3 2 •

1247 317 150 24 inhabitants
1405 317 26 24 of
1438 318 140 24 Oxford-ami
1581 319 49 24 "'the
1639 320 140 30 travelling..
1782 322 17 20 A

1247 348 78 31 public
1333 350 22 22 iu
1364 350 136 30 particular,
1512 351 88 32 thatjae
1611 351 43 25 has
1666 352 98 24 secured

1247 389 15 16 a
1273 381 63 24 lease
1347 382 25 23 of
1381 376 49 30 tilis
1441 383 53 23 first
1503 376 214 36 elassrHolelJaild'
1721 385 42 23 ha-

1247 413 57 33 ving
1310 430 2 3 •
1323 414 127 31 throughly
1469 416 149 24 refurnished
1689 425 90 19 same,.-

1246 445 64 25 heas
1320 454 55 16 now
1386 447 112 30 prepared
1510 449 25 22 to
1544 448 58 25 offer
1608 449 102 23 comfort
1715 449 46 23 and

1247 478 179 24 accomodation
1443 478 105 31 superior
1567 482 25 21 to
1612 488 46 23 any
1678 480 23 25 Vn
1722 480 42 25 the

1246 510 101 24 district.
1471 527 45 7 -._.,
1531 528 71 5 ............
1616 529 83 7 ..,......-
1751 529 23 5 =.
1789 529 8 5 

1303 543 113 24 LIQUOR,
1444 542 77 22 WINE
1550 544 56 20 AND
1632 544 74 20 BEEB

1298 596 2 4 .
1379 579 48 22 .of
1437 580 36 20 the
1482 580 45 20 best
1536 581 87 25 quality.
1673 592 2 1 ■

1345 673 119 39 Divine
1498 673 160 40 Services,
1803 691 2 14 <

1420 746 96 25 Sunday
1532 754 63 15 next

1277 809 52 24 The
1341 810 31 23 U.
1385 810 34 24 M.
1431 811 30 23 F.
1472 809 104 29 Church,
1590 811 67 24 West
1675 810 89 24 Oxford

1244 859 33 5 —
1278 847 38 23 11.
1326 854 57 16 a.m;
1391 847 53 27 Rev
1461 847 23 24 J.
1505 847 127 32 Benning,;
1649 847 98 31 Subject
1757 855 5 16 :

1271 883 125 25 Yaccheus
1432 884 48 24 and
1491 886 26 22 at
1529 886 54 23 6.30
1595 893 63 22 p.m.,
1678 884 48 24 Mr-
1739 884 25 24 J.

1246 926 108 25 Watson.
1525 936 4 5 >
1722 925 80 21 ■.''■■'

1278 968 61 25 East
1359 969 91 24 Oxford
1472 970 64 23 2.45.
1556 977 50 23 p.m
1630 966 134 36 (Baptisms

1245 1011 47 23 and
1313 1011 156 24 communion
1491 1011 111 33 services)
1638 1011 95 31 Subject
1734 1026 32 4 —

1245 1055 16 25 '^
1270 1053 45 31 Joy
1326 1054 26 23 hi
1363 1053 99 25 Heaven
1501 1054 49 23 and
1571 1055 26 23 at
1620 1055 62 24 630.
1704 1061 60 24 p.m,

1247 1096 110 31 Subject:
1360 1111 31 4 —
1552 1098 26 23 hi
1725 1098 41 23 All

1247 1140 66 23 Seats
1325 1140 68 27 Free,
1406 1140 48 24 and
1465 1148 32 16 an
1508 1141 70 30 equal
1596 1141 124 24 Welcome
1742 1143 25 22 to

1247 1181 40 25 all.

1405 1277 214 66 LOST,

1249 1365 39 56 A
1317 1365 64 31 Grey
1399 1366 50 23 Fur
1466 1365 129 29 Victorine,
1613 1374 48 24 any
1677 1374 87 24 person

1305 1397 123 31 returning
1438 1398 40 23 the
1489 1406 64 16 same
1561 1401 25 22 to
1593 1399 51 24 Mrs
1652 1400 114 23 Pricuard

1246 1430 51 24 will
1309 1430 28 24 be
1348 1431 129 23 rewarded.

640 158 273 56 HORSE

744 228 414 57 CLIPPING,

699 338 131 30 William
868 336 167 36 Cockburn,
1071 338 85 31 West

642 378 113 29 Oxford
769 378 128 35 Smithy,
913 378 75 38 clips
1000 379 102 30 horses
1124 383 33 26 at

641 419 150 29 moderate
800 421 88 26 rates.

708 531 167 54 FOR
900 530 224 55 SALE.

642 634 57 28 200
713 633 92 29 Acres
830 633 34 28 of
883 633 71 28 land
983 643 39 18 on
1056 633 99 30 Ellis's

640 673 69 30 Flat
739 673 92 30 about
870 677 59 26 two
962 673 85 30 miles
1076 674 79 29 from

640 714 148 29 Bennetts
837 714 135 38 Railway
1028 713 124 31 Station.

640 754 74 29 Also
739 755 37 27 15
797 754 96 29 Acres
917 763 74 19 near
1015 753 138 30 Carletori

641 793 118 30 Station
791 793 90 30 Sown
922 793 75 29 with
1035 793 119 30 Tuscan

639 833 116 30 Wheat.
796 834 60 29 For
864 832 180 40 particulars
1063 835 92 39 apply

639 876 33 26 to

723 910 170 34 HUDSON
914 913 158 37 LITTLE,

962 955 151 30 Carleton.

692 1056 226 31 LICENSING
937 1056 163 31 NOTICE.

680 1136 116 31 Oxford
805 1137 162 41 Licensing
980 1139 135 30 District.

641 1186 23 77 I
677 1184 123 41 Hereby
809 1184 75 32 Give
894 1185 106 31 Notice
1010 1186 30 29 in
1056 1196 99 20 accor-

705 1226 93 29 dance
818 1225 76 31 with
920 1226 52 30 the
989 1227 167 38 provisions

640 1266 33 28 of
690 1267 53 27 the
767 1267 161 38 Licensing
962 1268 70 33 Act,
1069 1269 85 27 1881.

640 1305 198 30 Amendment
868 1308 69 34 Act,
964 1308 86 28 1882.
1093 1307 62 30 The

642 1345 151 30 Triennial
850 1347 158 38 Licensing
1064 1347 94 30 Com-

641 1387 117 29 mittees
777 1387 58 29 Act
849 1388 85 28 1889.
979 1388 64 29 The
1057 1387 98 40 Regu-

641 1427 95 29 lation
753 1427 35 29 of
798 1428 91 29 Local
904 1427 153 30 Elections
1086 1429 68 37 Act,

643 1466 87 31 1876.
760 1468 59 28 and
845 1467 206 31 Amendment
1085 1469 70 35 Act,

645 1508 84 32 1888,
744 1507 68 29 that
823 1518 38 18 an
873 1508 136 29 Election
1022 1508 34 30 of
1061 1508 94 30 FIVE

642 1547 182 31 PERSONS
835 1552 32 25 to
877 1548 78 30 form
969 1549 51 29 the
1034 1549 121 30 Licens-

640 1587 53 40 ing
715 1587 174 31 Committee
901 1589 57 30 'for
971 1590 52 30 the
1038 1590 122 30 Oxford;

641 1628 162 40 Licensing
816 1628 126 35 District
952 1630 63 31 will
1034 1631 39 29 be
1086 1630 70 30 held

640 1674 33 24 at
685 1670 52 29 the
752 1669 85 31 Road
860 1671 100 29 Board
984 1671 107 36 Office,
1118 1681 38 20 on

642 1709 161 40 Thursday
814 1710 52 30 the
878 1712 73 29 16th
965 1712 60 40 day
1035 1712 32 29 of
1074 1712 81 40 July,

641 1751 76 29 1891
752 1752 133 31 between
918 1752 53 30 the
1004 1754 93 29 hours
1125 1753 33 30 of

641 1792 18 27 9
670 1801 67 19 a.m.
758 1792 60 28 and
833 1793 17 27 6
865 1802 71 28 p.m.

680 1831 73 29 Also
767 1835 31 25 at
816 1832 51 28 the
897 1842 81 20 same
1005 1834 73 29 time
1097 1834 60 29 and

640 1871 94 39 place,
749 1881 18 19 a
781 1872 66 29 Poll
861 1872 31 30 of
902 1872 183 41 Ratepayers
1097 1874 60 29 will

640 1912 38 28 be
687 1912 91 29 taken
788 1911 47 30 for
854 1912 53 30 the
921 1923 127 30 purpose
1068 1915 34 28 of
1106 1915 49 29 de-

640 1952 162 41 termining
812 1953 136 31 whether
959 1954 50 31 the
1031 1956 125 29 number

641 1993 34 29 of
683 1993 161 32 Publicans
866 2004 35 20 or
927 1994 73 32 New
1024 1996 132 30 Zealand

640 2033 89 30 Wine
763 2044 35 19 or
826 2034 263 33 Accommodation
1122 2048 35 19 or

640 2074 103 35 Bottle
751 2075 141 30 Licenses
903 2086 67 30 may
979 2087 34 19 or
1026 2087 70 30 may
1103 2081 55 27 not

641 2116 197 40 respectively
843 2117 37 28 be
890 2116 154 31 increased
1052 2119 106 29 within

641 2155 51 30 the
702 2155 62 29 said
772 2156 136 29 District.

682 2194 191 31 Nomination
884 2197 31 29 of
925 2196 181 32 Candidates
1126 2198 32 30 in

642 2236 54 29 the
703 2236 76 29 form
793 2241 44 26 set
854 2237 84 30 forth
947 2238 32 29 in
995 2239 52 30 the
1060 2239 97 40 Regu-

643 2277 92 29 lation
749 2277 32 29 of
794 2277 92 30 Local
907 2279 155 30 Elections
1090 2279 67 37 Act,

644 2317 86 39 1876,
741 2321 81 27 must
829 2319 38 29 be
877 2319 160 31 addressed
1059 2324 30 26 to
1105 2321 52 30 the

643 2357 168 41 Returning
816 2359 117 35 Officer,
943 2361 57 28 and
1007 2361 151 29 delivered

643 2401 32 25 at
682 2397 51 30 the
744 2398 84 31 Road
841 2399 102 30 Board
967 2399 104 38 Office,
1096 2401 61 30 Ox-

642 2437 76 39 ford,
742 2438 101 31 before
872 2441 38 29 12
923 2439 121 38 o'clock,
1068 2451 89 29 noon,

642 2488 40 19 on
707 2479 159 40 Thursday
889 2481 52 30 the
959 2481 53 29 9th
1032 2482 60 39 day
1126 2482 34 30 of

643 2517 75 42 July
724 2520 87 30 1891.
852 2520 192 32 Nomination
1052 2522 106 30 Forms

643 2570 57 19 can
708 2561 38 29 be
768 2561 140 30 obtained
935 2565 33 27 at
995 2563 51 30 the
1071 2564 86 30 Road

643 2600 101 30 Board
759 2600 100 31 Office.

683 2650 134 31 JAMES
840 2651 39 30 H.
903 2652 172 39 SHARPE,

815 2691 169 41 Returning
999 2693 119 31 Officer.

643 2794 162 78 NOTICE
813 2806 60 29 any
877 2797 112 29 Person
995 2808 34 19 or
1033 2798 127 31 Persons

724 2843 39 21 on
773 2836 65 29 foot
847 2846 33 19 or
891 2836 165 31 horseback
1066 2839 92 31 founcl

642 2876 186 39 trespassing
841 2886 34 21 or
885 2878 125 38 passing
1028 2879 132 40 through

641 2925 49 29 my
702 2916 75 31 farm
787 2917 96 35 lands,
903 2918 45 29 for
957 2928 60 30 any
1030 2930 130 29 purpose

642 2956 151 30 whatever
807 2957 60 30 will
882 2959 37 29 be
932 2961 186 37 prosecuted.

816 3009 33 28 P.
871 3008 41 30 M'
930 3010 149 35 GRATH,

901 3049 85 30 West
995 3052 125 32 Oxford.

730 3162 131 44 FOR
885 3157 182 60 SALJJ.

643 3262 83 59 ONE
743 3271 52 15 acre
806 3264 26 22 of
841 3264 67 24 Land
919 3266 46 22 and
976 3266 80 24 Hou3e
1068 3269 91 30 occupi-

711 3297 30 23 ed
751 3297 31 29 by
803 3297 41 24 Mr
855 3297 101 24 Edward
967 3298 111 29 Rossiter,
1096 3300 65 26 West

641 3328 96 28 Oxford,
751 3329 37 23 for
796 3333 71 20 terms
878 3331 47 23 and
935 3332 138 29 particulars
1089 3333 70 32 apply

736 3375 26 19 to
779 3371 127 25 JOSEPH
923 3373 154 30 WEEBEB,

986 3412 59 24 East
1061 3413 97 26 Oxford.

720 3452 71 24 Title-
803 3453 68 23 Land
882 3453 112 25 Transfer
1005 3455 56 24 Act.

666 3533 54 38 R.
765 3533 372 52 ROBERTSON,

640 3583 130 24 SHOEING
797 3586 59 21 AND
880 3582 5 25 ;
897 3587 135 22 GENERAL
1059 3589 99 22 BLACK-

848 3617 94 22 SMITH.

795 3654 60 21 Near
873 3655 38 21 the
929 3655 50 21 Sale
988 3656 66 26 yards

683 3688 151 40 EAST
875 3692 252 39 OXFORD,

859 3746 10 10 m
880 3746 42 12 mm
933 3747 9 11 a
1022 3759 2 2 .
1037 3751 3 3 •

641 3761 40 26 All
692 3765 68 24 kinds
771 3766 27 24 of
806 3767 123 26 Ironwork
941 3769 113 32 Skilfully
1064 3770 93 26 Execu-

640 3796 40 24 ted
689 3801 24 20 at
723 3798 123 27 Moderate
856 3801 88 25 Prices.

89 159 398 57 TENDERS.

31 268 207 81 TENDERS
274 280 50 18 are
356 268 116 29 invited
500 268 47 28 for

75 311 137 39 Clearing
227 311 36 29 60
275 310 92 29 Acres
385 308 32 30 of
436 307 112 30 FLAX

31 352 61 30 and
104 351 136 30 SCRUB.
303 350 133 29 Tenders
456 353 32 25 to
511 349 37 29 be

31 396 128 26 sentYiot
171 394 72 27 later
258 391 70 28 than
337 400 77 19 noon
426 389 71 39 July
512 390 34 26 11

174 441 44 30 W.
234 438 234 36 J.BASSETT,

371 489 82 32 Yiew
473 489 74 30 Hill.

31 583 156 25 TENDERS
214 591 40 16 are
277 582 107 30 required
400 581 35 23 for
450 580 99 30 making

33 618 68 24 Seats
117 616 36 24 for
163 616 42 24 the
226 615 149 25 Oddfellows'
396 614 65 27 Hall,
482 613 66 24 West

31 649 97 24 Oxford.
162 647 180 32 Specifications
361 649 25 21 to
405 645 30 25 be
452 654 54 16 seen
522 646 25 22 at

31 682 96 31 Paget's
143 680 72 25 Hotel
231 679 80 26 where
329 679 106 23 Tenders
451 677 50 25 will
519 676 29 25 be

31 713 107 25 received
149 713 59 23 until
221 712 125 29 Saturday,
362 711 57 30 July
437 710 68 28 11th,
523 711 26 22 at

29 748 25 23 8.
66 753 57 23 p.m.

298 781 29 24 P.
346 778 115 30 SMITH,
494 779 45 25 Sec

95 892 381 54 WANTED.

28 1002 195 78 WANTED
238 1003 40 34 by
289 1011 18 17 a
323 1004 105 33 strong
449 1000 95 28 active

127 1042 49 28 lad
190 1042 32 28 of
249 1042 34 28 16
300 1051 88 28 years
412 1043 132 35 respect-

28 1083 45 30 ful
87 1092 148 26 manners,
247 1081 59 30 and
316 1080 188 31 accustomed
513 1082 32 25 to

28 1119 111 39 horses,
168 1134 18 18 a
209 1123 86 29 billet
316 1131 39 19 on
376 1132 19 18 a
417 1121 79 29 farm
515 1128 33 20 or

28 1164 168 29 otherwise.
239 1162 112 39 Apply.

172 1209 93 30 Office
279 1207 32 29 of
325 1207 63 30 this
398 1207 107 39 Paper.

87 1325 168 31 OXFORD
295 1324 194 31 DISTRICT

68 1395 151 38 ELECTION
247 1374 45 58 OF*
314 1393 190 37 BYNODBMAN

28 1453 62 29 The
124 1452 155 37 following
309 1450 127 29 Persons
471 1450 77 28 have

24 1494 77 30 been
129 1491 171 30 nominated
320 1501 33 18 as
374 1489 173 30 candidates

25 1533 48 29 for
83 1533 50 28 the
143 1533 92 28 Office
245 1531 32 29 of
293 1530 187 37 Synoclsman
498 1529 49 30 for

25 1574 51 29 the
105 1573 116 29 Oxford
250 1571 137 34 District,

74 1615 4 6 '
106 1613 165 29 Heywood
298 1612 29 29 J.
349 1611 31 29 M

106 1654 120 29 Norris
248 1652 132 30 Thomas
400 1651 24 30 C

26 1695 17 30 I
50 1696 112 39 hereby
177 1695 68 39 give
262 1694 97 29 notice
370 1694 66 28 that
452 1703 17 18 a
479 1693 66 28 Poll

26 1737 46 29 for
89 1737 52 28 the
160 1736 139 28 Election
320 1735 32 28 of
371 1742 57 21 one
443 1734 31 28 of
494 1733 52 29 the

28 1778 92 28 above
128 1776 108 29 named
245 1775 179 30 Candidates
434 1775 60 28 will
509 1775 38 28 be

28 1816 71 30 held
106 1827 40 18 on
154 1816 165 39 Thursday,
335 1816 73 38 July
422 1815 65 34 9th,

69 1856 114 39 Voting
193 1865 107 30 papers
320 1855 111 38 (which
439 1864 57 19 can
509 1855 37 28 be

29 1897 140 29 obtained
198 1896 78 29 from
304 1896 51 28 the
379 1895 169 37 Returning

29 1937 118 40 Officer)
160 1940 80 26 must
246 1938 38 28 be
294 1936 148 30 delivered
448 1938 32 26 to
485 1935 61 29 him

30 1989 34 19 or
75 1978 56 30 left
138 1981 33 26 at
184 1978 51 30 the
248 1977 86 31 Road
346 1976 101 30 Board
456 1976 93 30 Office

26 2020 102 29 before
141 2020 26 28 6.
177 2029 61 29 p.m
247 2029 38 19 on
297 2018 116 29 Thursd
422 2027 39 30 ay
475 2017 74 34 July

31 2060 63 35 9th,
116 2060 86 29 1891.

98 2109 133 31 JAMES
243 2110 40 30 H.
301 2109 168 36 SHARPE,

244 2160 168 37 Returning
433 2159 118 30 Officer.

143 2277 309 59 NOTICE.

31 2377 95 79 ANY
141 2378 113 28 Person
264 2387 35 19 or
309 2377 128 29 Persons
457 2377 92 28 found

123 2417 146 40 Shooting
302 2426 39 19 on
374 2427 52 29 my
456 2417 93 29 Lease

29 2458 72 30 hold
109 2469 34 19 or
156 2458 77 30 Free
258 2458 72 30 hold
353 2458 72 29 land
447 2457 58 31 will
513 2457 37 30 be

30 2499 191 38 prosecuted.

181 2538 31 32 J.
234 2537 196 36 PEARSON,

323 2579 101 29 Burnt
440 2578 67 30 Hill.

33 2698 251 57 TOWN
307 2698 242 63 HALL,

132 2768 111 39 EAST
283 2766 176 41 OXFORD.

63 2818 210 31 WEDNESD
275 2818 55 30 AY
349 2818 73 41 July
433 2820 82 29 15th.

28 2869 146 41 JAMES
188 2869 130 40 MILES
339 2867 124 45 TUBE
464 2871 85 38 ALL

84 2920 71 30 Will
174 2921 113 30 deliver
307 2931 37 19 an
368 2922 132 35 address,

224 2980 110 16 subject:
337 2987 32 3 —

67 3023 202 44 STATE
302 3023 198 46 BANK

29 3085 92 32 Chair
130 3089 31 27 to
173 3086 37 31 be
224 3087 91 30 taken
336 3090 32 27 at
393 3088 17 30 8
421 3086 123 31 o'clock.

149 3137 170 31 Admission
342 3138 84 30 Free.

30 3265 192 31 TENDERS
248 3267 80 30 FOR
362 3269 187 33 FENCING

57 3307 137 30 SHEEP
208 3307 72 30 DIP
293 3308 114 31 VIEW
415 3310 104 31 HILL

191 3347 51 39 (22
261 3347 124 36 Chains)

28 3387 64 32 The
116 3388 105 32 lowest
235 3399 33 21 or
286 3400 60 29 any
365 3391 119 31 tenders
495 3396 54 26 not

27 3431 181 38 necessarily
219 3431 151 38 accepted.
414 3433 133 31 Tenders

26 3470 127 29 marked
187 3471 129 36 tenders,
349 3472 48 28 for
425 3473 121 40 fencing

29 3509 98 40 Sheep
142 3511 60 38 Dip
217 3516 31 24 to
262 3512 37 28 be
314 3515 67 25 sent
396 3515 33 27 to
447 3513 51 30 Mr
513 3513 32 31 T.

26 3549 44 31 M'
86 3550 97 30 Grrath
197 3560 39 20 on
248 3561 34 20 or
293 3551 100 31 before
414 3553 133 33 Monday

28 3591 75 38 July
112 3592 74 28 20th
218 3595 32 25 at
276 3593 21 27 4
306 3602 76 28 p.m,
427 3593 120 39 Specifi-

27 3631 117 29 cations
166 3641 70 29 may
250 3633 36 28 be
300 3641 69 20 seen
383 3637 31 25 at
435 3634 50 28 Mr
499 3635 45 29 W.

26 3669 146 31 Dooder's
187 3681 34 19 or
229 3671 49 29 Mr
292 3672 33 29 T.
339 3671 42 30 M'
393 3673 132 32 Grrath's.

162 3721 47 32 W.
235 3721 180 39 DOODER,

244 3762 70 31 Hon
337 3763 167 43 Secretary.
