3520 4630
75 190 52 29 the
141 188 64 30 besfc
220 187 107 30 breeds
343 186 58 31 and
415 187 113 40 youths
541 188 68 30 who

75 240 18 19 a
98 240 69 20 ever
179 229 88 29 conld
283 237 60 30 pay
361 228 49 30 the
438 231 53 27 tax
508 230 102 29 would

75 271 95 39 spend
184 270 77 29 their
275 269 81 30 time'
366 268 31 31 in
427 269 108 31 honest
564 270 44 30 in-

75 314 118 36 dustry,
237 311 118 30 instead
393 313 32 28 of

72 355 94 28 about
181 352 74 30 with
267 364 19 18 a
300 362 63 28 gun
378 353 61 29 and
456 364 18 19 a
493 355 116 28 useless

72 406 63 19 cur.

133 435 56 32 We
221 435 78 30 have
336 437 176 30 mentioned
540 437 68 30 that

72 489 80 19 none
166 479 57 29 but
238 477 67 30 first
328 478 77 29 class
427 479 128 29 animals
573 480 35 28 be

72 521 82 38 kept,
173 521 54 27 but
242 530 46 19 we
310 520 38 28 do
375 522 55 26 not
451 531 89 19 mean
577 524 31 26 to

71 562 81 28 infer
167 561 68 29 that
265 571 79 19 none
367 561 58 29 but
454 562 155 39 mongrels

70 604 64 28 will
151 613 110 28 worry,
277 613 33 19 as
333 603 184 38 experience
554 604 55 29 has

72 644 110 39 taught
199 654 35 19 us
250 648 32 25 to
298 644 52 30 the
369 648 155 36 contrary.

114 686 60 29 But
190 685 61 31 idle
274 686 76 39 dogs
365 685 63 30 like
451 686 62 30 idle
527 697 81 26 men,

72 729 61 29 will
149 731 53 37 get
216 728 66 29 into
310 728 140 29 mischief
514 728 94 30 Satan

72 770 80 29 finds
167 771 49 28 for
232 769 60 30 idle
308 769 107 38 hands,
438 780 83 19 some
536 770 72 30 mis-

73 812 80 30 chief
168 811 65 30 still
248 815 33 26 to

114 853 85 40 Dogs
214 852 61 30 like
290 862 78 27 men,
388 853 25 28 if
427 852 76 39 kept
517 863 90 28 regu-

73 893 79 35 larly
169 898 33 25 at
218 893 85 30 work
318 903 51 19 are
384 893 60 29 less
472 894 89 29 liable
576 898 32 25 to

73 942 51 33 get
146 936 64 28 into
246 935 149 29 mischief.
452 933 86 40 Dogs
557 945 51 19 are

75 988 72 27 very
162 976 132 31 sociable
323 976 31 29 m
391 975 81 30 their
496 976 110 35 habits,

72 1019 61 29 and
161 1018 140 37 roaming
337 1020 33 26 at
406 1017 106 37 nights
547 1018 59 28 fre-

73 1060 128 40 quently
228 1059 84 30 leads
341 1058 82 29 them
453 1057 66 30 into
547 1058 60 30 bad

73 1112 159 28 company,
249 1100 60 29 and
325 1110 34 19 as
388 1100 51 29 the
468 1099 51 30 old
545 1110 62 19 saw

72 1153 71 27 says
260 1141 272 29 communications
545 1151 62 18 cor-

72 1189 71 35 rupt
154 1184 78 39 good
245 1192 150 20 manners.
467 1182 53 29 We
529 1180 77 31 have

71 1225 41 31 m
117 1237 68 19 own
201 1225 76 39 good
289 1223 75 30 hard
380 1223 137 37 working
529 1223 77 39 dogs

73 1268 100 30 which
190 1266 151 40 appeared
364 1269 32 25 to
433 1265 36 29 be
498 1264 110 29 honest

74 1310 59 28 and
150 1307 212 39 trustworthy,
375 1307 71 29 take
457 1309 32 26 to
502 1305 104 39 sheep-

73 1351 167 38 worrying.
297 1349 32 29 It
343 1349 26 29 is
392 1347 81 30 their
499 1349 108 27 nature

74 1403 33 19 so
122 1397 32 24 to
169 1392 49 35 do,
234 1390 60 30 and
306 1390 52 28 the
370 1391 101 27 surest
482 1388 124 39 remedy

74 1435 24 28 is
127 1437 32 25 to
181 1432 90 30 chain
308 1432 84 28 them
434 1440 42 29 up
515 1439 92 29 every

74 1475 97 39 night.

107 1658 270 27 CHRISTCHURCH
390 1657 172 26 ELECTION.

105 1749 56 26 The
172 1749 150 29 elementary
329 1754 73 17 cause
426 1745 25 25 of
461 1744 146 26 excitement

73 1799 57 18 over
158 1791 42 24 the
240 1786 174 28 Christchurch
448 1784 159 33 bye-election

72 1830 22 24 is
103 1837 64 21 over,
176 1828 49 25 and
234 1827 85 33 people
332 1834 67 16 seem
411 1827 24 22 to
445 1824 63 24 have
521 1823 86 25 settled

73 1869 71 22 down
157 1869 26 22 to
195 1867 65 24 their
272 1866 97 24 various
382 1864 150 24 avocations.

106 1906 53 24 The
183 1905 109 32 struggle
312 1904 37 24 for
369 1902 42 25 the
432 1900 101 26 coveted
555 1902 52 23 seat

72 1944 101 24 differed
184 1942 140 31 materially
352 1942 25 23 m
408 1940 128 24 character
558 1938 49 25 and

71 1982 142 32 magnitude
225 1981 61 24 from
299 1979 138 32 previously
449 1977 158 31 experienced

72 2022 114 24 elections
198 2021 25 24 m
236 2020 44 25 the
291 2019 57 30 city.

105 2062 24 24 It
140 2062 20 24 is
172 2063 25 23 to
207 2060 31 25 be
256 2058 122 32 regretted
404 2057 56 25 that
483 2057 124 24 occasions

71 2104 26 24 of
108 2102 49 25 this
169 2103 51 23 sort
228 2109 41 16 are
280 2102 42 22 too
331 2098 67 25 rften
416 2098 60 24 used
494 2097 32 31 by
537 2098 70 30 party

70 2141 139 32 politicians
221 2142 26 22 to
259 2137 69 26 make
340 2136 89 32 capital
439 2138 44 23 out
506 2135 32 30 of,
560 2135 47 25 and

69 2184 25 24 to
106 2183 53 24 cast
168 2182 105 29 obloquy
285 2186 31 18 on
330 2178 64 25 their
406 2177 142 31 opponents.

103 2220 61 25 This
182 2220 21 24 is
212 2217 120 31 indulged
343 2217 28 24 m
383 2218 26 23 to
433 2215 60 25 such
511 2223 32 16 an
567 2223 40 16 ex-

70 2261 53 23 fcant
134 2258 33 31 by
186 2258 40 24 the
244 2256 137 32 opposition
411 2255 73 23 Press
512 2253 26 24 of
559 2253 49 24 this

29 2307 24 16 -*
68 2299 94 29 Colony
183 2319 3 2 .
208 2297 64 28 that,
319 2295 111 30 through
472 2293 133 25 continued

32 2359 20 4 ._
68 2337 112 24 iteration
194 2335 58 31 they
261 2335 68 24 often
343 2331 103 26 succeed
458 2332 26 24 m
505 2331 101 30 impres-

70 2378 56 30 sing
138 2385 15 15 a
164 2376 97 31 portion
273 2374 25 25 of
310 2373 43 25 the
373 2372 84 31 public
479 2371 62 25 with
564 2371 43 25 the

69 2416 56 24 idea
136 2415 57 24 that
206 2415 41 23 the
259 2413 95 24 actions
366 2411 50 24 and
428 2410 81 31 policy
527 2410 28 24 of
564 2409 43 24 the

70 2457 99 29 present
181 2453 170 26 Government
371 2460 42 16 are
433 2450 174 28 economically

70 2505 15 16 a
98 2496 92 32 species
202 2495 27 24 of
238 2493 128 28 blunders,
383 2491 51 26 and
455 2491 43 25 the
520 2491 86 25 minis-

70 2538 39 28 try
127 2542 42 17 are
198 2531 149 33 responsible
376 2530 50 25 and
449 2528 157 26 accountablt

70 2575 37 25 for
119 2573 138 26 conditions
268 2571 51 25 and
331 2571 95 27 effects,
451 2570 80 24 which
544 2570 63 24 have

69 2616 60 24 been
138 2614 125 32 produced
273 2613 32 30 by
319 2620 85 17 causps
427 2610 71 32 lying
520 2610 88 31 deeply

69 2653 85 26 rooted
171 2653 25 24 m
214 2652 42 24 the
282 2650 172 25 fundamental
476 2648 133 32 principles

70 2702 67 24 upon
166 2692 81 25 which
277 2692 82 24 men's
398 2689 158 32 conceptions
585 2688 26 25 of

70 2733 121 32 sociology
202 2733 64 24 have
277 2731 63 25 been
360 2730 115 25 founded.
511 2729 60 24 This
587 2729 20 24 is

70 2773 97 32 exactly
179 2773 42 25 the
239 2780 54 17 case
305 2771 61 25 with
378 2771 43 24 the
443 2769 164 32 unemployed

69 2812 123 33 question,
205 2812 49 24 and
279 2810 41 25 the
350 2809 120 25 situation
495 2808 113 24 becomes

70 2853 116 31 startling
197 2852 71 24 wheu
281 2850 156 25 observation
446 2848 48 25 and
507 2848 101 31 enquiry

70 2895 54 30 give
136 2893 49 25 rise
205 2893 26 24 to
249 2900 12 16 a
274 2890 140 26 conviction
436 2890 54 24 that
501 2889 20 24 it
537 2890 22 23 is
576 2888 31 31 by

69 2940 33 17 no
118 2939 88 17 means
233 2930 131 26 transient,
394 2928 50 25 and
463 2928 44 24 has
536 2928 71 31 given

70 2975 85 28 strong
164 2971 148 25 indications
324 2970 27 25 of
361 2969 92 31 having
491 2976 68 17 come
583 2971 25 21 to

29 3019 8 10 *

103 3050 106 32 Clearly,
240 3050 43 23 the
303 3048 95 31 growth
428 3047 27 25 of
477 3047 50 24 this
545 3047 62 24 class

69 3092 67 23 mut
150 3091 29 23 be
192 3088 141 32 prevented.
369 3086 52 25 But
432 3086 55 25 how
498 3087 12 22 ?
556 3086 51 24 The

29 3147 4 9 ,
70 3129 125 24 existence
207 3126 27 25 of
244 3126 43 25 the
309 3125 165 31 unemployed
487 3124 47 25 evil
559 3123 48 25 and

70 3169 42 24 the
124 3168 105 30 da.igers
241 3166 75 25 liable
328 3168 26 22 to
367 3168 115 21 emanate
501 3164 64 25 from
578 3164 28 28 it,

69 3215 41 16 nre
122 3205 153 30 universally
289 3203 89 31 agreed
390 3211 42 18 on,
445 3203 43 23 but
508 3210 33 16 on
564 3202 43 24 the

69 3246 112 31 question
195 3245 27 24 of
242 3244 97 30 remedy
359 3251 73 23 every
458 3250 47 17 one
529 3250 78 16 seems

70 3284 108 25 divided.

104 3326 117 23 Between
249 3322 209 32 philanthropists
494 3321 49 24 and
571 3328 35 17 re-

70 3366 113 24 formers,
193 3363 48 24 and
254 3362 72 30 again
337 3361 110 25 between
458 3361 42 24 the
508 3361 99 24 various

70 3403 99 26 schools
192 3402 26 25 of
244 3401 140 27 reformers,
414 3399 43 25 thfi
484 3401 120 29 strongest

69 3442 91 30 feeling
176 3440 49 25 and
253 3439 109 26 strained
393 3438 117 25 relations
539 3437 67 25 often

70 3483 72 27 exist,
161 3480 82 26 which
272 3479 123 32 naturally
423 3479 112 25 increase
564 3478 43 25 the

68 3523 122 29 difficulty
209 3521 26 24 of
252 3520 117 32 applying
408 3528 48 22 any
491 3519 113 29 solution,

69 3561 44 25 but
131 3561 57 24 that
196 3559 82 25 which
294 3559 44 25 lies
366 3559 25 23 m
420 3558 43 25 the
480 3566 82 23 power
582 3557 26 25 of

68 3603 44 24 the
124 3602 62 23 class
198 3600 21 24 it
231 3600 20 24 is
263 3599 95 25 desired
371 3600 24 24 to
411 3598 81 29 assist,
505 3598 101 31 namely

69 3643 56 24 that
137 3641 26 24 of
173 3639 130 33 appealing
315 3641 25 23 to
350 3638 42 25 the
402 3639 78 25 State.
514 3638 92 25 Which

70 3685 25 23 to
108 3682 63 25 their
195 3681 76 24 credit
288 3679 58 31 they
374 3679 32 25 do
432 3681 43 23 not
500 3679 106 25 exercise

70 3721 125 35 generally
208 3720 38 25 till
433 3719 44 25 has
487 3719 82 30 failed;
580 3727 27 16 or.

71 3763 93 26 rather,
178 3769 44 15 one
235 3760 61 24 shall
306 3768 41 23 say
359 3759 64 25 until
446 3759 94 32 private
564 3768 31 16 en

70 3801 104 32 terprise
186 3801 92 23 cannot
289 3800 97 31 employ
394 3800 78 24 them.

103 3843 31 24 In
148 3848 48 24 any
209 3848 54 17 case
275 3841 21 23 i*
308 3841 20 23 is
352 3841 92 23 certain
465 3841 55 23 that
533 3840 73 24 while

69 3880 86 34 people
168 3878 58 26 hold
237 3878 109 32 political
359 3887 86 22 power,
458 3879 33 32 by
511 3886 94 24 posses-

70 3923 57 28 sing
138 3928 15 16 a
167 3920 61 26 vote,
242 3918 59 31 they
313 3918 49 24 will
380 3921 45 22 not
437 3921 78 22 starve
527 3919 78 31 quiet-

69 3962 26 31 ]y
97 3985 5 6 i
139 3959 32 24 In
183 3959 94 30 respect
294 3959 25 23 to
342 3958 43 25 the
407 3959 86 24 merits
511 3959 26 23 of
565 3959 41 24 the

69 4001 98 24 various
176 4006 120 24 panaceas
308 3998 90 25 offered
417 4007 27 16 as
456 3999 148 31 palliatives,

70 4039 49 25 and
131 4037 28 25 of
169 4037 39 23 the
230 4036 104 24 theories
348 4036 79 25 which
439 4045 42 16 are
498 4036 59 26 held
581 4039 26 22 to

70 4087 26 20 be
109 4083 43 24 the
160 4080 124 25 economic
292 4087 74 17 cause
379 4081 26 24 of
416 4081 61 24 such
487 4080 115 25 unwhole

69 4129 64 17 some
145 4118 149 30 conditions,
310 4126 34 17 we
357 4118 31 26 do
400 4120 44 24 not
457 4119 47 25 feel
527 4119 77 25 called

70 4169 64 23 upon
146 4163 25 21 to
183 4167 57 23 pass
252 4167 30 15 an
295 4159 101 31 opinion
417 4167 27 17 as
453 4160 20 24 it
486 4160 19 24 is
518 4167 15 17 a
545 4161 61 22 mat-

69 4205 36 21 ter
116 4199 81 25 which
210 4199 58 23 Ntw
281 4199 149 25 Zealanders
446 4201 64 23 must
522 4199 84 25 decide

70 4243 36 23 for
119 4239 156 27 ih?mselves,
292 4238 46 25 but
355 4239 19 24 it
402 4239 21 25 i.s
446 4240 100 24 evident
563 4239 43 25 the

70 4278 73 27 sociil
157 4279 122 24 structure
290 4277 22 25 is
324 4280 44 22 not
386 4279 112 30 properly
522 4278 82 25 based.

71 4316 117 26 Whether
202 4323 35 17 we
246 4315 118 27 con-rider,
378 4324 28 16 or
428 4318 52 26 not,
499 4316 42 24 the
564 4316 42 24 ad-

29 4373 8 9 i
70 4360 120 27 vantages
219 4355 77 24 which
326 4356 79 30 might
428 4364 86 17 accrue
542 4360 64 20 Irom

125 4394 116 32 adoption
251 4394 24 23 of
284 4394 61 25 such
355 4403 122 17 measures
486 4403 26 16 as
522 4394 85 32 Single

67 4428 149 39 Ta^-.Lind
233 4433 217 30 Nar'onalizition,
476 4434 130 25 Bi-Hetnl-

68 4480 57 26 ism,
139 4485 11 14 :>
166 4473 72 26 State
252 4472 80 28 Bank,
345 4480 27 16 or
386 4473 69 24 State
468 4473 138 28 Socialism,

68 4520 20 23 it
100 4518 21 22 is
139 4513 101 26 evident
252 4511 55 24 that
327 4511 65 24 until
404 4511 42 24 the
458 4512 149 30 Democracy

71 4551 145 33 thoroughly
240 4550 153 25 understand
416 4550 43 25 the
482 4552 89 23 nature
583 4551 26 24 of

642 191 71 25 these
726 192 127 31 remedies,
867 193 20 24 it
899 193 21 25 is
933 194 58 24 next
1003 195 26 23 to
1042 193 143 32 impossible

638 233 26 23 to
677 240 68 23 carry
759 233 69 24 them
839 234 52 24 into
901 234 80 24 effect.

671 272 25 25 It
709 272 121 26 therefore
843 273 104 25 behoves
972 273 34 25 all
1034 273 146 32 intelligent

638 321 104 22 persons
755 315 25 23 i.o
790 314 54 31 give
858 314 63 25 their
942 315 121 25 attention
1088 317 24 22 to
1137 315 43 24 the

638 358 96 20 earnest
747 355 74 30 study
833 355 27 24 of
870 355 31 23 all
910 355 129 31 questions
1051 355 128 31 involving

640 392 41 24 the
694 392 96 25 welfare
802 392 27 25 of
851 393 63 24 their
938 393 80 25 follow
1041 396 134 26 creatures,

639 432 182 32 remembering
833 433 63 29 that,
914 433 122 32 although
1059 442 36 16 we
1108 434 72 24 differ

639 470 139 32 materially
790 472 65 23 trom
868 472 43 24 the
924 472 169 24 Government
1102 472 26 24 of
1135 473 43 23 the

638 511 111 30 despotic
766 519 92 23 powers
882 511 25 25 of
925 512 101 31 Europe
1052 512 50 24 and
1119 512 61 24 else-

639 549 86 28 where,
738 548 21 25 it
771 551 93 23 cannot
876 549 93 32 always
990 550 30 24 be
1030 550 51 24 laid
1097 552 27 22 at
1137 551 43 23 the

637 590 74 24 doors
722 589 27 24 of
769 590 45 24 the
842 590 68 31 large
938 590 157 24 landowners
1130 590 50 24 and

637 628 145 31 capitalists,
795 635 28 17 as
836 628 42 25 the
889 635 74 17 cause
976 628 27 24 of
1013 628 41 24 the
1066 628 112 25 enslave-

637 670 71 23 ment
720 667 27 25 of
756 668 92 32 people.
884 669 28 24 It
931 670 24 23 is
978 670 60 23 their
1050 677 51 16 oion
1112 670 65 31 igno-

638 718 79 16 rance.

670 748 25 25 It
707 755 58 25 may
775 748 30 24 be
813 748 61 28 said,
888 748 50 23 and
951 748 58 23 with
1021 748 75 28 truth,
1122 747 56 24 that

637 786 71 25 other
716 794 87 17 causes
813 794 57 23 may
889 786 28 23 bt;
942 785 116 31 assigned
1075 785 38 24 for
1135 786 41 23 de-

637 825 108 30 pression
763 825 49 24 and
834 832 95 23 penury
950 824 26 23 m
996 824 43 23 the
1065 823 77 25 ranks
1154 823 25 25 of

636 864 93 27 labour,
760 864 62 24 such
867 872 26 15 as
946 862 107 31 unequal
1093 863 82 24 distri-

637 902 86 24 bution
757 903 28 23 of
816 902 43 24 the
893 902 93 24 reward
1022 902 24 22 of
1081 901 93 29 labour,

636 941 81 25 which
745 941 21 24 is
790 940 124 31 evidently
942 949 13 14 a
976 942 70 29 great
1064 940 111 24 obstacle

636 981 26 23 to
669 981 97 29 greater
782 979 121 31 harmony
921 987 94 23 among
1025 978 44 25 the
1081 986 94 17 masses

635 1018 49 23 and
702 1018 56 24 look
770 1021 27 20 at
809 1017 42 25 the
864 1018 124 30 question,
1002 1025 27 16 or
1041 1024 83 22 cause,
1147 1025 28 16 as

637 1066 35 16 we
685 1065 65 24 may,
762 1058 21 24 it
795 1058 20 24 is
844 1058 139 24 conclusive
1010 1057 53 25 that
1081 1057 94 24 human

635 1098 54 23 well
699 1096 74 32 being
781 1096 46 25 lies
838 1096 25 25 m
883 1104 58 17 man
953 1095 110 25 himself.
1082 1095 91 25 Never-

635 1135 101 27 theless,
749 1135 137 24 whereever
896 1142 30 16 an
936 1134 166 31 unemployed
1110 1133 64 25 class

635 1175 82 28 exists,
731 1175 68 24 there
819 1182 46 16 can
888 1174 29 24 be
929 1175 65 23 little
1020 1174 76 24 doubt
1120 1175 55 24 that

635 1214 43 25 the
689 1213 108 33 locality,
818 1222 27 16 or
857 1216 113 28 country,
989 1213 52 25 will
1058 1214 75 24 suffer
1148 1215 25 23 m

635 1262 75 22 many
722 1261 75 23 ways,
819 1253 145 30 financially
987 1253 50 24 and
1060 1253 113 31 morally.

635 1291 83 25 While
729 1291 63 32 fully
804 1291 136 28 admitting
952 1291 56 25 that
1018 1290 42 25 the
1081 1290 92 26 human

635 1329 136 30 affections,
784 1338 27 15 or
830 1331 139 30 humanity,
994 1329 59 24 does
1074 1331 100 29 operate

635 1369 26 23 m
673 1376 46 16 our
729 1368 112 31 political
854 1376 128 23 economy,
1001 1368 20 24 it
1043 1368 23 24 is
1084 1368 90 31 impos-

635 1408 62 26 sible
709 1410 26 23 to
746 1408 65 32 deny
829 1409 57 24 that
916 1408 41 24 the
975 1408 134 24 continued
1126 1408 49 24 and

635 1456 83 17 severe
752 1448 160 31 competition
941 1450 39 22 for
1008 1448 167 31 employment

635 1494 93 23 among
739 1486 43 24 the
794 1486 111 29 workers,
924 1488 77 28 must,
1023 1486 27 24 m
1074 1486 64 31 sj.ite
1150 1486 27 24 of

635 1524 33 24 all
678 1526 41 23 the
731 1524 71 25 trade
822 1524 90 25 unions
942 1531 47 17 can
1008 1524 39 28 do,
1072 1524 102 32 steadily

635 1563 88 24 reduce
736 1562 42 25 the
790 1562 99 25 normal
901 1563 118 24 standard
1042 1563 27 24 of
1086 1562 87 32 living,

638 1601 47 23 and
696 1601 108 31 through
818 1600 44 24 the
874 1602 154 29 consequent
1051 1601 124 30 lessening

635 1638 27 24 of
677 1638 107 25 demand
814 1638 39 24 for
881 1638 179 29 commodities,
1090 1639 85 30 acting

635 1679 96 31 against
744 1678 42 25 the
799 1677 127 27 abnormal
938 1679 111 25 increase
1072 1678 28 26 of
1119 1686 54 23 pro-

635 1719 98 24 ductive
753 1726 88 23 power,
866 1719 72 24 effect
957 1718 217 32 correspondingly

636 1756 134 26 disastrous
787 1757 90 25 results
889 1764 30 18 on
942 1757 70 25 trade
1030 1756 51 25 and
1107 1764 65 17 com-

637 1805 87 22 merce,
737 1797 123 32 resulting
869 1797 27 25 m
903 1797 99 32 periods
1011 1797 26 25 of
1044 1797 131 25 industrial

635 1836 155 31 depressions
801 1836 81 24 which
895 1844 41 16 are
949 1836 154 31 mournfully
1111 1837 26 23 to
1146 1836 30 24 be

636 1873 122 31 deplored.
794 1874 79 24 There
884 1874 23 24 is
927 1881 15 17 a
961 1881 84 17 source
1069 1874 25 24 of
1112 1874 64 30 hope

635 1912 78 25 which
726 1911 91 26 affords
829 1912 163 30 consolation,
1014 1911 50 25 and
1087 1911 22 25 is
1132 1920 43 23 ap-

635 1949 106 31 plicable
749 1951 26 23 to
782 1957 29 16 us
824 1951 25 23 to
862 1949 71 25 know
943 1949 56 25 that
1008 1958 14 15 a
1030 1957 86 24 young
1126 1949 50 24 and

635 1988 82 31 thinly
735 1988 132 31 populated
897 1989 102 30 country
1032 1996 59 23 may
1119 1996 56 22 pass

637 2027 107 32 through
759 2028 95 24 critical
866 2028 74 25 times
963 2029 48 22 ami
1033 2027 143 31 practically

635 2069 65 24 solve
710 2068 75 25 social
797 2068 133 31 problems,
942 2068 80 25 which
1034 2069 26 24 m
1073 2067 41 26 old
1126 2067 49 25 and

636 2107 99 30 densely
744 2107 131 31 populated
889 2107 122 25 countries
1036 2107 79 31 might
1137 2107 38 24 in-

637 2149 70 24 volve
719 2147 90 26 almost
818 2147 171 26 irretrievable
1000 2147 65 25 ruin.

788 2186 61 25 New
1011 2194 44 23 say
1068 2194 40 22 we,
1126 2187 47 24 and

636 2227 56 25 that
704 2227 137 24 sentiment
852 2227 22 24 is
892 2226 88 25 shared
997 2227 26 23 m
1049 2226 33 32 by
1105 2234 70 23 every

636 2273 45 17 one
693 2265 83 25 whose
787 2266 87 24 bosom
893 2265 81 24 swells
997 2265 62 24 with
1089 2266 86 24 honest

635 2304 140 31 patriotism
784 2304 37 24 for
830 2305 44 23 the
887 2304 117 31 Colony's
1016 2305 106 24 welfare.

698 2530 71 24 THE
780 2530 92 24 VIEW
886 2530 85 24 HILL
985 2529 134 25 SCHOOL

844 2569 123 28 PICNIC.

670 2653 56 24 The
738 2652 101 25 Annual
850 2652 85 25 Picnic
952 2651 27 26 of
990 2652 42 25 the
1042 2652 72 25 View
1122 2651 54 26 Hill

638 2696 100 28 School,
757 2704 48 17 was
823 2695 58 26 held
893 2697 26 24 at
931 2696 43 25 the
992 2695 93 32 Ashley
1095 2695 82 33 Gorge

636 2748 31 17 on
681 2740 91 31 Friday
784 2741 65 27 21st,
870 2740 60 25 inst.
955 2740 51 24 and
1029 2739 44 25 the
1096 2741 79 23 atten-

637 2784 77 24 dance
726 2783 28 25 of
764 2783 83 25 adults
860 2782 47 26 and
921 2782 108 26 children
1042 2782 134 26 amounted

638 2834 25 18 to
677 2829 9 22 5
693 2829 32 22 00
738 2829 96 29 strong,
846 2827 48 24 and
908 2826 49 25 this
969 2834 83 23 merry
1063 2834 78 24 group
1152 2826 27 25 of

636 2870 65 26 staid
715 2870 75 29 Sires,
802 2869 94 26 bux^m
908 2870 105 28 Dames,
1037 2869 139 25 handsome

637 2914 110 25 maidens
754 2914 51 24 and
814 2913 140 32 chattering
962 2912 110 25 childven
1082 2912 95 26 arrived

636 2958 91 24 almost
745 2957 207 31 simultaneously
969 2964 33 18 on
1014 2956 44 26 the
1070 2957 106 31 ground,

636 3001 82 26 before
730 3002 10 23 1
748 3002 11 23 1
774 3001 93 24 o'clock
877 3001 48 24 and
940 3000 43 25 the
1001 3001 56 24 first
1080 3008 96 24 expres-

636 3046 67 24 sions
715 3044 61 25 after
787 3044 126 32 picketing
929 3052 45 16 our
985 3044 94 28 horses,
1103 3052 72 17 were:

636 3089 78 25 What
736 3097 14 15 a
773 3088 120 25 beautiful
912 3089 86 30 place!
1028 3088 79 25 which
1131 3089 45 24 im-

636 3133 136 31 mediately
784 3131 97 25 elicited
894 3132 26 24 m
940 3131 137 26 vociferous
1100 3133 76 24 terms

635 3177 66 24 from
708 3185 14 14 a
731 3176 129 31 supporter
869 3175 27 25 of
903 3175 42 25 the
954 3175 102 25 Liberal
1066 3175 110 25 Govern-

635 3220 79 24 ment.
749 3218 57 30 Yes,
820 3218 48 25 and
881 3218 41 25 the
931 3220 92 30 beauty
1035 3218 26 25 of
1071 3218 20 25 it
1103 3218 23 25 is
1137 3218 39 25 it's

635 3263 34 24 all
680 3270 63 25 your
755 3270 63 20 own,
831 3262 97 24 hoorah
938 3263 5 23 !
954 3262 38 24 for
1014 3262 64 24 Dick
1097 3262 79 24 Mere-

635 3306 63 29 dith,
711 3305 56 26 who
780 3306 46 24 has
839 3305 100 25 secured
953 3307 25 23 to
991 3305 43 25 the
1046 3305 85 32 people
1140 3305 37 25 for

635 3357 127 18 evermore
780 3349 50 25 this
859 3349 80 32 lovely
968 3350 56 30 spot
1034 3367 5 10 ,
1069 3349 38 24 for
1132 3357 45 17 our

635 3393 109 25 children
753 3393 49 24 and
815 3392 133 25 children's
955 3392 110 25 children
1075 3394 26 23 to
1110 3394 67 30 sport

636 3445 77 24 upon.

668 3471 21 24 A
701 3470 63 33 good
777 3478 74 24 many
865 3470 96 26 friends
981 3470 49 25 had
1054 3470 63 25 been
1138 3470 37 25 in-

633 3514 68 26 vited
713 3514 63 25 from
790 3514 93 24 Oxford
893 3514 48 25 and
951 3514 91 31 partial
1051 3516 125 29 strangers

633 3566 63 17 were
707 3557 125 32 promptly
844 3557 148 25 introduced
1004 3556 51 26 and
1066 3557 109 31 heartily

635 3601 131 26 welcomed
778 3603 24 23 to
816 3601 41 24 the
874 3600 63 25 feast
948 3601 51 24 and
1008 3600 53 27 fun.
1097 3599 79 26 There

635 3653 51 18 was
698 3653 15 16 a
724 3645 122 31 complete
858 3644 106 25 absence
976 3643 28 26 of
1022 3644 154 31 assumptive

635 3688 155 32 superiority,
803 3688 60 25 such
884 3695 27 17 as
935 3687 143 25 sometimes
1089 3695 87 17 occurs

635 3735 25 23 to
669 3740 56 17 mar
734 3733 41 23 the
784 3732 114 31 pleasure
907 3731 27 25 of
940 3730 71 26 these
1020 3730 156 32 gatherings,

634 3777 49 24 and
696 3777 44 24 the
751 3777 76 24 result
846 3783 52 16 was
922 3782 28 17 as
973 3782 83 23 merry
1079 3783 14 15 a
1115 3774 61 32 days

634 3820 89 30 outing
750 3827 28 17 as
802 3818 44 26 the
875 3818 73 25 heart
976 3818 26 25 of
1022 3824 59 17 man
1104 3817 72 25 could

634 3853 89 25 desire.

668 3897 54 24 The
740 3895 121 25 beautiful
884 3895 47 24 site
948 3894 28 25 of
995 3895 41 24 the
1063 3894 113 31 pleasure

633 3947 98 17 reserve
743 3940 109 30 scarcely
875 3938 76 24 needs
974 3937 152 31 description
1148 3944 28 16 as

634 3984 66 23 most
708 3982 26 24 of
744 3989 44 17 our
800 3981 98 25 readers
910 3980 64 24 have
985 3987 59 18 seen
1055 3979 29 28 it;
1095 3978 44 25 but
1151 3980 25 23 to

633 4026 73 24 those
716 4025 55 25 who
788 4025 65 24 have
865 4025 45 23 not
924 4031 37 17 we
973 4023 83 24 advise
1067 4022 71 24 them
1151 4023 25 23 to

634 4078 31 22 go
677 4068 49 25 and
739 4076 40 17 see
788 4067 21 25 it
821 4069 26 23 at
858 4066 66 26 their
936 4065 99 26 earliest
1059 4064 117 26 conveni-

635 4120 68 17 ence.

667 4155 115 30 Imagine
811 4154 70 28 then,
915 4153 42 24 the
988 4152 90 32 Ashley
1101 4152 74 29 river,

633 4207 79 24 angry
724 4198 142 24 sometimes
879 4198 40 23 'tis
932 4198 63 27 true,
1009 4196 45 24 but
1067 4195 70 25 when
1150 4196 27 23 at

634 4245 58 25 rest,
706 4250 14 16 a
732 4240 118 25 beautiful
856 4259 3 3 .
868 4239 89 32 limpid
975 4241 101 26 stream,
1100 4238 76 24 wind-

633 4285 45 30 ing
707 4281 110 31 through
846 4281 44 25 the
907 4280 59 24 hills
995 4279 51 25 like
1063 4287 16 17 a
1103 4279 74 24 silver

635 4327 83 25 streak
731 4325 144 25 sometimes
893 4323 93 24 hidden
1011 4323 31 31 by
1054 4322 123 31 frowning

635 4370 72 26 rocks
736 4369 49 24 and
815 4367 171 32 overhanging
1014 4366 90 31 foliage
1128 4365 48 24 and

635 4414 109 31 stealing
755 4414 43 22 out
810 4412 74 31 again
894 4413 26 23 to
932 4410 69 29 view,
1020 4410 26 23 m
1060 4409 116 31 dazzling

637 4460 88 28 bsiiuty
738 4459 26 22 to
778 4455 104 32 glulden
899 4454 42 24 the
954 4454 81 24 hearts
1043 4453 27 25 of
1080 4452 32 26 all
1125 4452 52 24 who

636 4504 53 23 love
702 4504 25 22 to
741 4500 28 25 be
781 4498 117 27 charmed
913 4497 60 24 with
984 4498 110 23 nature's
1107 4504 68 16 won-

637 4549 64 22 ders.
748 4544 54 24 The
813 4543 87 31 Sports
912 4540 98 33 ground
1021 4548 88 24 proper
1121 4547 56 17 con-

1214 197 59 23 sists
1286 197 26 24 of
1323 204 14 16 a
1346 197 131 31 charming
1490 197 50 24 belt
1552 197 26 24 of
1588 206 84 24 young
1685 198 69 24 birch

1215 242 72 27 trees,
1298 248 33 17 on
1344 240 43 25 the
1408 240 97 32 margin
1518 240 26 25 of
1554 241 41 24 the
1618 242 63 24 river
1705 242 49 24 and

1213 285 41 24 the
1266 284 97 31 ground
1375 285 21 24 is
1408 284 71 32 fairly
1498 284 73 29 level,
1584 286 45 23 but
1653 285 100 31 capable

1211 329 27 23 of
1246 329 181 31 improvement
1439 329 32 31 by
1483 337 15 16 a
1507 337 56 23 very
1575 329 74 24 small
1659 338 92 22 expen-

1211 373 87 29 diture,
1313 373 60 24 such
1386 381 27 16 as
1426 373 127 31 trimming
1562 373 36 24 off
1605 373 43 24 the
1658 373 91 31 bumps

1211 416 40 24 the
1264 417 105 24 erection
1382 416 27 24 of
1418 424 14 16 a
1444 416 46 24 few
1503 416 81 31 rough
1596 418 66 22 seats
1674 416 50 24 and
1737 425 14 15 a

1206 460 125 31 judicious
1344 460 139 32 sprinkling
1495 461 26 23 of
1531 468 68 23 grass
1613 464 63 20 seed.
1712 460 39 24 On

1210 503 42 24 the
1264 504 79 25 North
1356 504 50 25 side
1424 503 27 25 of
1472 504 41 24 the
1536 503 62 25 river
1618 503 81 24 which
1728 503 22 25 is

1210 547 56 24 rock
1279 547 92 27 bound,
1390 547 63 24 bluff
1462 547 59 24 hills
1551 548 75 23 tower
1639 555 32 23 up
1692 546 55 30 sky-

1209 587 86 30 wards;
1309 587 101 31 scraped
1422 586 57 25 here
1491 586 48 24 and
1552 586 69 25 there
1633 586 32 31 by
1678 586 69 24 land-

1208 630 69 30 slips,
1291 630 44 23 but
1348 629 91 31 mostly
1454 628 92 32 draped
1568 628 27 25 m
1619 629 130 31 charming

1206 673 89 31 foliage
1307 672 166 32 interspersed
1493 672 60 25 with
1577 672 97 24 various
1697 672 49 24 col-

1206 725 57 16 ours
1276 723 116 25 amongst
1404 716 81 25 which
1497 716 43 25 the
1550 716 98 25 sombre
1657 715 88 26 broad-

1206 759 52 25 leaf
1267 760 50 24 and
1329 761 84 24 conini
1425 768 41 17 are
1484 759 44 25 the
1538 761 67 23 most
1617 761 128 30 conspicu-

1205 808 45 16 ous
1263 800 49 24 and
1323 799 120 25 beautiful
1465 799 113 32 feathery
1600 800 67 24 ferns
1697 800 49 24 and

1205 851 55 15 rare
1270 843 82 30 plants
1363 843 62 24 such
1438 851 28 16 as
1485 844 114 23 amateur
1622 842 123 25 botanists

1204 885 53 24 love
1270 887 26 23 to
1316 886 94 30 gather,
1435 893 46 17 can
1498 885 32 25 be
1558 886 50 24 had
1636 886 38 24 for
1702 886 43 24 the

1203 928 127 31 climbing.
1366 929 78 24 There
1474 936 42 17 are
1540 929 131 24 waterfalls
1695 930 48 27 too,

1203 970 50 25 and
1265 971 45 24 fair
1322 971 113 24 maidens
1458 971 98 32 tripped
1578 979 70 24 away
1667 973 26 23 to
1705 979 40 17 see

1203 1015 79 27 them,
1295 1015 99 31 casting
1413 1015 37 31 sly
1473 1016 100 30 glances
1594 1015 149 29 backwards,

1204 1058 127 31 meaning:
1356 1058 52 25 aint
1430 1066 49 25 you
1510 1058 101 32 coming
1629 1058 114 32 Charley;

1202 1109 63 23 your
1276 1102 193 32 correspondent
1491 1102 82 24 did'nt
1587 1111 38 23 go,
1639 1102 105 25 because

1204 1144 28 25 he
1245 1145 95 25 noticed
1370 1145 151 31 telegraphic
1544 1145 68 31 signs
1641 1145 64 25 from
1729 1154 15 15 a

1203 1188 111 25 member
1333 1189 25 24 of
1374 1189 43 24 the
1429 1189 83 24 school
1533 1189 139 25 committee
1695 1189 49 24 and

1202 1233 68 25 there
1283 1234 114 31 amongst
1415 1232 43 26 the
1468 1232 63 33 leafy
1544 1232 78 26 shade
1633 1232 25 25 m
1672 1232 71 26 strict

1203 1277 131 26 seclusion,
1350 1284 37 16 we
1410 1276 79 24 drank
1518 1284 99 16 success
1645 1277 27 23 to
1700 1276 44 24 the

1203 1318 155 30 temperance
1370 1324 72 17 cause
1456 1317 63 24 from
1532 1324 15 17 a
1558 1317 112 31 fragrant
1681 1316 62 24 flask

1203 1361 26 24 of
1243 1359 120 31 whiskej.

1236 1404 74 28 Well,
1324 1403 60 25 time
1394 1403 61 31 sped
1466 1411 32 17 on
1521 1404 49 24 and
1594 1403 44 25 the
1660 1411 82 24 merry

1203 1455 90 24 groups
1302 1446 119 25 returned
1429 1447 65 24 from
1502 1446 172 32 waterfalling,
1685 1448 57 23 rock

1203 1487 100 31 sliding,
1316 1486 54 24 fern
1382 1486 130 31 gathering
1523 1486 50 24 and
1587 1486 64 25 shall
1664 1486 12 24 I
1700 1494 42 24 say

1203 1531 74 23 sweet
1289 1530 175 31 interchanges
1483 1529 28 24 of
1518 1529 109 32 nothing
1650 1531 26 23 at
1700 1530 41 26 all,

1203 1573 45 24 but
1259 1573 83 24 which
1368 1574 85 23 meant
1482 1572 145 32 everything
1644 1572 27 24 m
1700 1572 42 25 the

1202 1617 91 29 future,
1306 1616 72 24 when
1396 1616 43 23 the
1448 1617 130 23 volunteer
1595 1616 74 24 cooks
1682 1624 60 23 sang

1203 1660 43 24 out
1258 1660 40 24 tea
1310 1658 32 26 oh
1354 1660 5 23 !
1373 1658 50 25 and
1436 1667 48 23 my,
1497 1660 90 24 wasn't
1599 1659 19 24 it
1630 1666 15 17 a
1655 1659 87 31 spread

1203 1702 106 26 beneath
1321 1702 43 26 the
1377 1702 79 32 shady
1465 1710 82 23 grove.
1584 1702 158 26 Sandwiches

1202 1746 51 24 and
1264 1747 83 27 cakes,
1359 1745 80 30 fowls,
1463 1747 115 30 tongues,
1602 1747 70 29 tarts,
1686 1747 52 24 &c.

1204 1790 97 31 gallons
1314 1789 26 25 of
1350 1791 41 24 tea
1403 1790 47 24 and
1459 1789 53 32 jars
1524 1789 27 25 of
1560 1789 68 25 milk.

1237 1834 21 24 A
1271 1834 69 24 short
1352 1835 50 23 rest
1414 1834 63 24 after
1489 1841 45 17 our
1546 1836 70 29 great
1632 1835 49 27 tea,
1694 1834 50 24 and

1204 1885 34 16 we
1251 1884 61 17 were
1324 1877 75 31 rea^y
1411 1877 38 24 for
1461 1877 44 24 the
1518 1879 74 29 sport,
1605 1877 82 24 which
1693 1885 51 16 was

1204 1920 95 31 mainly
1317 1920 79 24 under
1408 1919 44 26 the
1475 1920 221 32 superintendence
1719 1921 26 24 of

1204 1963 93 25 Messrs
1327 1963 92 29 Maber,
1429 1984 4 1 .
1449 1963 85 29 Bunn,
1564 1963 92 27 Parker
1695 1964 49 24 and

1204 2007 129 31 Mounsey.
1368 2007 64 24 Miss
1445 2007 81 25 Hurst
1548 2007 107 31 chipped
1678 2008 26 24 m
1716 2010 27 22 at

1204 2050 42 25 the
1258 2049 60 33 lolly
1331 2049 161 33 scrambling,
1505 2052 27 23 at
1544 2050 82 25 which
1647 2050 33 33 by
1700 2051 44 25 the

1204 2102 52 23 way
1270 2101 68 18 some
1350 2093 26 26 of
1386 2095 42 24 the
1440 2101 84 25 young
1536 2094 93 25 rascals
1641 2103 41 16 are
1703 2094 40 26 be-

1204 2138 100 31 coming
1315 2146 57 23 very
1392 2140 93 29 expert.
1538 2138 14 24 I
1580 2139 99 25 noticed
1698 2147 47 17 one

1204 2178 47 31 boy
1267 2180 55 22 who
1342 2178 51 24 had
1404 2178 64 25 been
1492 2181 77 22 smart
1586 2180 110 31 enonght
1719 2181 26 23 to

1205 2230 80 17 secure
1293 2222 75 25 about
1377 2222 54 25 half
1440 2230 15 17 a
1466 2223 86 31 pound
1561 2223 78 25 under
1647 2232 16 16 a
1670 2223 72 25 boul-

1204 2266 50 28 der,
1268 2265 45 25 but
1325 2274 15 15 a
1357 2267 108 23 smarter
1475 2266 40 23 lad
1539 2265 52 25 had
1614 2266 131 25 shadowed

1204 2309 54 23 him
1270 2309 48 24 and
1329 2316 28 17 so
1369 2316 93 24 sprang
1473 2309 42 24 the
1525 2309 70 31 plant
1608 2309 50 25 and
1670 2312 75 30 swept

1205 2351 42 25 the
1259 2351 66 32 pool.
1360 2352 35 24 As
1407 2352 74 25 usual
1498 2353 152 25 substantial
1666 2353 79 31 prizes

1205 2395 63 25 from
1280 2403 15 16 a
1306 2402 84 25 penny
1398 2398 25 21 to
1432 2404 15 16 a
1456 2396 47 24 bob
1510 2404 64 16 were
1582 2396 90 33 keenly
1679 2404 66 17 com-

1204 2439 73 31 peted
1304 2439 38 24 for
1370 2439 51 24 and
1447 2447 16 16 a
1483 2439 91 32 capital
1586 2440 61 32 days
1677 2442 68 30 sport

1205 2489 51 18 was
1267 2481 107 26 finished
1388 2490 33 24 up
1438 2482 32 33 by
1481 2491 13 16 a
1519 2486 45 28 tug
1586 2482 27 27 of
1633 2491 50 17 war
1705 2482 40 25 be-

1206 2528 79 22 tween
1297 2525 61 32 boys
1370 2526 49 24 and
1430 2527 69 30 girls,
1513 2526 42 25 the
1563 2528 108 29 greatest
1682 2528 63 30 good

1205 2569 108 25 humour
1324 2570 138 30 prevailing
1474 2570 163 30 throughout.

1238 2613 54 26 The
1320 2613 110 26 weather
1459 2621 51 18 was
1532 2614 136 32 perfection
1698 2614 47 25 and

1205 2665 72 24 every
1294 2658 87 24 visitor
1405 2657 46 25 left
1473 2658 43 24 the
1539 2658 96 31 ground
1657 2658 88 32 highly

1205 2697 127 31 delighted
1345 2698 57 24 with
1414 2698 44 24 the
1470 2697 61 31 days
1543 2698 96 30 outing.

1304 2901 152 25 PENSION
1484 2901 149 25 SYSTEM.

1239 2988 43 22 An
1294 2987 113 30 example
1419 2985 26 26 of
1463 2985 42 25 the
1529 2985 105 32 pension
1652 2987 94 29 system

1205 3030 20 24 is
1237 3029 111 26 afforded
1359 3031 31 30 by
1401 3030 41 24 the
1458 3031 85 23 recent
1555 3029 77 25 death
1654 3028 28 26 of
1703 3029 42 25 the

1205 3073 68 25 Hon.
1286 3073 35 25 H.
1335 3073 28 25 C.
1377 3072 114 26 Childers
1503 3074 26 24 at
1543 3072 40 26 the
1595 3081 46 24 age
1665 3073 27 25 of
1714 3072 31 26 69

1204 3125 79 22 years.
1319 3117 25 24 A
1365 3116 198 32 Parliamentary
1581 3117 81 31 Paper
1684 3116 61 32 pub-

1204 3160 79 25 lished
1297 3161 31 31 by
1340 3160 43 25 the
1395 3160 127 25 Victorian
1535 3160 171 25 Government
1719 3161 26 24 fn

1207 3204 63 23 1893
1283 3203 80 24 stated
1375 3202 56 26 that
1443 3202 43 25 the
1510 3202 59 25 Hon
1581 3204 35 23 H.
1631 3202 29 25 C.
1674 3203 70 25 Chil-

1204 3246 56 24 ders
1271 3254 52 17 was
1334 3246 25 24 m
1374 3246 92 24 service
1475 3246 27 24 m
1510 3246 111 24 Victoria
1630 3246 65 24 from
1706 3248 39 22 Ist

1205 3290 68 31 July,
1287 3291 74 28 1851,
1385 3291 27 23 to
1441 3291 31 23 25
1485 3289 28 25 th
1532 3289 69 29 Feb.,
1615 3290 74 28 1857,
1718 3290 25 24 m

1204 3333 98 25 various
1314 3333 92 28 offices,
1419 3341 28 16 as
1458 3333 131 31 Inspector
1598 3332 26 24 of
1634 3332 110 29 Schools,

1204 3376 176 32 Immigration
1392 3376 88 32 Agent,
1496 3376 129 31 Secretary
1648 3376 28 25 of
1696 3376 49 25 De-

1204 3420 182 25 nominational
1411 3418 92 26 School
1526 3419 90 29 Board,
1642 3419 104 25 Auditor

1204 3463 116 30 General,
1333 3463 50 25 and
1395 3463 124 26 Collector
1531 3463 27 25 of
1565 3463 126 25 Customs.
1722 3464 21 23 A

1204 3508 102 32 pension
1315 3507 27 26 of
1348 3509 71 23 866
1445 3508 45 24 13s
1508 3507 33 24 4d
1550 3507 80 31 began
1639 3514 33 18 on
1682 3508 31 23 26
1717 3507 27 24 th

1205 3552 128 31 February
1345 3553 74 28 1857,
1434 3551 50 25 and
1496 3559 35 24 up
1554 3552 26 24 to
1604 3551 60 24 30th
1677 3550 67 25 June

1205 3597 73 29 1892,
1292 3595 133 25 amounted
1438 3597 25 23 to
1476 3595 124 30 30,629,
1614 3594 27 24 of
1661 3594 82 25 which

1204 3641 111 27 17,288
1324 3639 51 24 had
1386 3641 63 22 been
1460 3639 67 31 paid.
1582 3638 54 24 The
1658 3637 85 25 reduc-

1204 3685 52 24 tion
1266 3691 51 18 was
1326 3682 136 26 accounted
1471 3681 32 33 by
1512 3683 43 24 the
1563 3681 48 25 fact
1621 3681 56 24 that
1686 3681 58 24 dur-

1205 3729 42 30 ing
1275 3727 99 32 periods
1403 3726 72 25 when
1493 3726 30 24 lie
1547 3733 51 17 was
1616 3724 129 26 otherwise

1204 3773 114 31 officially
1329 3772 111 31 engaged
1452 3772 26 23 m
1493 3771 78 25 Great
1584 3770 105 29 Britain,
1702 3769 43 27 the

1204 3816 104 32 pension
1320 3815 74 24 could
1405 3816 46 23 not
1473 3814 30 25 be
1526 3813 90 31 legally
1637 3813 57 32 paid
1717 3822 28 16 or

1204 3859 118 25 received.
1358 3858 122 27 Childers,
1493 3865 33 23 up
1538 3858 27 24 to
1578 3857 41 25 the
1640 3858 58 24 time
1720 3857 26 24 of

1204 3903 40 24 his
1256 3902 82 28 death,
1348 3909 48 17 was
1409 3909 13 17 a
1435 3900 112 25 member
1558 3900 28 24 of
1606 3901 41 25 the
1670 3900 73 32 Privy

1205 3945 113 25 Council.
1353 3945 82 30 Being
1463 3945 32 24 G9
1513 3951 70 24 years
1612 3945 25 23 at
1660 3943 83 29 death,

1204 3990 56 25 that
1273 3989 81 26 would
1374 3989 73 24 make
1458 3989 55 24 him
1536 3988 77 26 about
1633 3990 33 23 18
1673 3996 71 24 years

1204 4034 27 24 of
1240 4041 46 23 age
1299 4032 70 25 when
1381 4033 31 23 he
1425 4032 100 25 entered
1537 4039 67 24 upon
1614 4032 92 24 service
1717 4032 28 24 m

1204 4076 119 29 Victoria,
1336 4076 50 24 and
1407 4075 59 32 only
1490 4076 30 24 27
1546 4076 70 24 when
1640 4074 105 32 pension

1205 4117 86 31 began.
1327 4116 41 24 He
1381 4117 67 23 must
1465 4115 64 25 have
1541 4115 62 25 been
1616 4115 26 23 m
1656 4115 89 31 receipt

1204 4157 26 25 of
1240 4165 15 16 a
1267 4156 65 31 large
1350 4156 82 31 salary
1450 4157 26 23 to
1501 4156 65 23 have
1579 4156 100 24 become
1702 4163 41 15 en-

1205 4196 69 26 titled
1288 4201 25 19 to
1326 4203 26 17 so
1365 4196 68 30 large
1445 4203 14 15 a
1470 4195 102 31 pension
1585 4194 38 25 for
1635 4202 27 16 so
1674 4194 71 24 short

1205 4248 15 16 a
1231 4241 65 23 term
1308 4239 26 24 of
1344 4239 103 24 service.
1482 4237 56 25 Add
1553 4237 70 25 three
1635 4246 71 23 years
1720 4239 25 23 to

1207 4281 63 23 1885
1298 4279 52 25 that
1368 4277 86 26 makes
1472 4286 15 16 a
1516 4277 63 25 total
1607 4278 26 24 of
1661 4277 83 32 nearly

1205 4323 112 27 20,000
1324 4321 37 24 fcr
1373 4321 81 24 which
1465 4320 137 32 absolutely
1612 4328 31 17 no
1654 4321 91 24 service

1205 4368 46 22 has
1260 4366 62 24 been
1335 4364 125 25 rendered.

1241 4450 111 25 Another
1371 4456 55 18 case
1438 4449 113 31 reported
1574 4451 27 23 at
1624 4449 42 24 the
1678 4456 68 16 same

1209 4492 58 24 time
1279 4498 50 16 was
1342 4490 56 24 that
1416 4489 27 25 of
1455 4489 39 25 riir
1518 4489 107 25 Andrew
1649 4488 96 28 Clarke,

1209 4535 55 25 who
1276 4533 57 24 died
1351 4531 76 26 about
1439 4532 69 25 three
1526 4540 72 23 years
1619 4540 54 23 ago.
1708 4531 38 25 He

1784 207 48 17 was
1853 201 27 23 m
1899 202 92 23 service
2020 202 63 23 from
2117 204 61 23 1853
2197 204 25 23 to
2246 204 74 29 1857,

1784 239 81 31 barely
1878 240 54 24 four
1942 247 78 23 years,
2034 247 27 17 as
2076 240 244 31 Surveyor-General

1782 278 26 24 of
1819 279 119 29 Victoria,
1958 288 48 16 was
2020 280 60 24 then
2105 280 133 31 pensioned
2250 281 36 24 off
2296 284 24 21 at

1782 322 79 29 800,
1881 324 48 23 and
1949 331 33 23 up
2006 325 26 22 to
2057 324 63 24 1892
2144 324 49 24 had
2212 325 108 31 actually

1780 359 62 26 been
1854 362 57 30 paid
1935 362 63 28 22,
2001 363 55 24 027-
2092 362 67 24 Both
2184 371 55 16 men
2257 363 62 24 have

1780 397 58 24 been
1848 399 26 23 m
1885 399 62 31 high
1959 400 77 28 office,
2050 400 48 24 and
2111 400 88 25 indeed
2212 401 107 31 wealthy

1779 443 58 17 men
1860 437 37 24 for
1909 438 43 23 the
1978 438 53 24 best
2053 440 56 30 part
2121 439 27 24 of
2171 439 65 24 their
2248 439 68 28 lives,

1779 475 45 25 but
1835 476 64 25 have
1909 479 45 22 not
1972 479 113 31 scrupled
2109 481 26 22 to
2148 479 56 24 take
2216 479 34 25 all
2275 480 43 25 the

1778 516 101 30 pension
1894 517 79 24 which
1998 518 57 31 they
2075 519 72 24 could
2159 521 48 29 get.
2245 519 72 26 Some

1778 555 27 23 of
1815 556 42 24 the
1869 564 85 24 young
1965 559 123 30 go-ahead
2104 561 121 23 members
2238 561 24 22 of
2274 561 42 23 the

1777 595 87 25 House
1886 597 78 30 ought
1987 599 26 22 to
2036 598 56 24 look
2115 599 55 24 into
2193 607 44 16 our
2260 608 56 16 own

1775 634 104 29 pension
1892 634 51 25 list.
1978 635 25 23 It
2015 635 20 24 is
2055 635 59 31 high
2139 636 61 25 time
2212 645 68 16 some
2291 641 28 23 of

1778 670 42 26 the
1844 672 108 31 wealthy
1972 672 45 24 but
2045 673 188 32 long-standing
2255 682 59 24 pen-

1777 709 95 26 sioners
1896 718 63 18 were
1980 711 101 25 docked.
2130 712 40 24 W.
2194 712 121 25 Gisborne

1775 750 91 24 retired
1885 751 26 23 m
1925 752 62 24 1876
2001 759 33 16 on
2046 759 14 16 a
2083 751 104 30 pension
2199 752 28 24 of
2247 754 67 23 466

1774 795 44 23 per
1829 796 66 23 year,
1914 788 82 25 which
2020 789 37 24 for
2069 789 44 24 the
2130 790 94 31 twenty
2243 797 71 24 years

1776 826 49 23 tots
1838 834 34 22 up
1897 828 25 22 to
1945 828 94 23 9320.
2076 827 45 25 Six
2132 835 85 16 names
2241 828 73 24 taken

1773 862 61 25 from
1847 863 43 25 the
1913 863 45 25 iist
1980 864 63 24 total
2066 866 26 23 to
2113 865 57 24 date
2182 873 59 16 over
2252 867 60 28 60,

1773 903 58 30 OOq,
1850 910 49 24 any
1921 910 47 18 one
1981 903 27 25 of
2029 903 80 25 which
2133 904 148 32 receipients
2292 905 22 24 is

1772 942 55 24 well
1851 942 42 24 off.
1936 942 50 25 Alf.
2008 943 125 25 Domett's
2156 952 75 17 name
2255 945 58 25 does
2319 942 2 27 !

1772 981 45 23 not
1836 987 99 24 appear.
1971 981 41 25 He
2034 990 50 16 was
2097 990 33 16 an
2150 982 48 24 odd
2219 985 52 23 sort
2288 983 28 25 of

1772 1021 132 28 customer,
1925 1021 50 24 and
1997 1022 108 31 possibly
2125 1023 42 23 too
2190 1023 122 32 indepen-

1772 1056 61 26 dent
1845 1057 102 25 minded
1959 1060 26 23 to
2006 1059 58 25 take
2075 1060 126 24 unearned
2213 1067 98 25 money.

1772 1095 53 25 The
1850 1095 57 25 civil
1936 1096 93 25 service
2052 1097 137 25 Insurance
2220 1098 47 25 Act
2287 1099 28 25 of

1775 1137 63 24 1893
1858 1136 50 25 will
1920 1138 67 23 meet
2004 1137 82 25 future
2097 1146 70 16 cases
2179 1138 33 31 by
2222 1138 34 24 its
2269 1147 43 17 an-

1775 1173 71 31 nuity
1858 1173 101 26 scheme
1972 1177 130 28 payments
2123 1175 38 24 for
2172 1176 42 24 the
2236 1175 73 26 bene-

1771 1211 42 25 fits
1822 1211 28 24 m
1862 1211 82 25 which
1956 1220 43 16 are
2011 1212 121 25 deducted
2144 1213 61 24 from
2219 1213 90 31 salary.

1866 1364 71 25 THE
1965 1364 250 27 UNEMPLOYED.

1958 1431 48 24 The
2031 1432 96 31 People.

1808 1470 56 25 You
1875 1471 62 24 have
1951 1479 27 17 so
1989 1471 142 32 frequently
2147 1472 61 25 been
2220 1474 91 24 remin-

1771 1507 47 25 ded
1830 1509 26 24 of
1875 1509 43 24 the
1942 1517 133 18 enormous
2099 1510 91 25 wealth
2212 1511 25 25 of
2261 1511 52 26 this

1770 1555 84 24 young
1864 1549 50 24 and
1926 1549 80 25 fertile
2017 1552 114 29 country,
2149 1551 28 24 m
2189 1550 54 25 rich
2255 1551 56 27 soil,

1770 1587 28 24 m
1827 1587 125 31 minerals,
1994 1589 100 30 timber,
2124 1590 113 25 fisheries
2260 1590 51 25 and

1770 1627 99 24 climate
1890 1628 57 24 that
1958 1629 21 24 it
2001 1629 52 24 will
2077 1633 42 20 not
2138 1629 31 24 be
2182 1637 129 24 necessary

1770 1664 84 25 forme
1878 1667 26 23 to
1926 1665 73 25 dwell
2017 1674 67 23 upon
2106 1667 69 24 them
2196 1667 65 25 here.
2297 1668 14 25 I

1770 1702 74 25 think
1856 1711 49 23 you
1926 1703 67 26 hive
2005 1712 15 16 a
2042 1704 144 32 population
2197 1705 28 25 of
2234 1705 77 26 about

1770 1744 111 29 800,000
1892 1743 50 25 and
1965 1752 33 16 an
2010 1744 161 32 exceedingly
2193 1745 116 32 vigorous

1772 1782 86 31 people
1871 1782 58 32 they
1949 1791 50 16 are.
2036 1782 58 26 Still
2116 1782 21 25 it
2159 1783 22 25 is
2203 1784 43 24 not
2258 1783 55 25 that

1773 1828 35 17 we
1820 1820 64 26 have
1896 1829 15 16 a
1923 1821 68 32 large
2002 1820 107 26 number
2119 1820 28 26 of
2157 1822 153 31 unemplop-

1772 1858 80 32 loyed.
1887 1858 104 25 Manual
2013 1860 98 23 labours
2124 1858 27 26 of
2172 1860 35 24 all
2231 1860 81 28 kinds,

1772 1898 62 32 shop
1846 1898 134 25 assistants
1993 1900 64 23 male
2078 1899 50 24 and
2148 1898 98 30 female,
2260 1907 51 16 me-

1772 1938 110 29 chanics,
1902 1938 86 29 clerks,
2015 1938 85 25 school
2124 1938 119 25 teachers,
2262 1939 50 24 and

1772 1975 120 25 domestic
1916 1976 76 31 helps,
2012 1976 34 24 all
2069 1975 71 25 t'^ese
2153 1984 41 16 are
2215 1976 97 24 abund-

1772 2015 83 31 dantly
1867 2015 157 32 represented
2036 2016 27 23 m
2086 2017 42 23 the
2140 2017 172 30 unemployed.

1805 2056 54 25 The
1871 2063 86 18 reason
1979 2064 50 24 you
2051 2064 43 17 are
2113 2065 27 16 so
2160 2056 115 32 ignorant
2288 2057 27 24 of

1772 2096 42 25 the
1826 2098 86 23 extent
1924 2095 26 26 of
1961 2096 43 25 the
2016 2096 165 32 unemployed
2193 2097 27 24 of
2228 2096 85 33 to-day

1771 2135 22 24 is
1806 2134 104 25 because
1920 2142 48 24 you
1981 2134 141 32 yourselves
2135 2142 43 17 are
2190 2135 27 24 m
2229 2135 66 24 work
2305 2145 7 19 ;

1772 2181 28 16 or
1812 2173 104 24 because
1927 2181 49 23 you
1988 2173 64 24 have
2063 2173 51 24 had
2126 2173 43 24 the
2181 2173 63 31 good
2255 2173 58 24 luck

1772 2210 27 26 of
1807 2211 94 31 having
1919 2211 62 24 been
2006 2210 153 32 pitchforked
2182 2211 55 25 into
2257 2220 55 23 pos-

1772 2251 77 25 itions
1863 2252 28 31 by
1915 2253 42 23 the
1968 2251 125 25 influence
2105 2253 25 23 of
2153 2260 69 17 some
2234 2252 80 25 friend

1772 2297 28 17 or
1812 2289 106 25 relation
1937 2289 56 25 who
2006 2297 56 23 may
2086 2289 57 25 look
2166 2292 26 22 to
2216 2298 49 23 you
2277 2289 38 25 for

1773 2330 101 31 support
1892 2330 27 24 at
1941 2329 106 25 election
2065 2329 81 25 times.
2182 2329 60 25 Men
2265 2329 47 24 and

1773 2376 97 18 women
1893 2369 27 24 m
1932 2369 75 28 work,
2026 2377 28 17 or
2068 2369 53 25 who
2143 2377 43 17 are
2197 2369 117 25 comfort-

1772 2408 56 32 ably
1840 2408 107 25 situated
1960 2409 32 31 by
2007 2408 44 26 the
2063 2416 43 18 use
2119 2409 27 24 of
2167 2409 44 25 the
2223 2409 91 25 wealth

1773 2449 85 25 others
1878 2449 65 24 have
1966 2448 131 31 produced,
2127 2449 31 24 do
2182 2450 45 24 not
2247 2456 28 18 as
2300 2456 15 17 a

1773 2486 98 32 general
1882 2486 54 25 rule
1948 2486 47 26 feel
2007 2486 75 25 much
2096 2487 101 24 interest
2206 2486 39 25 for
2257 2486 57 25 that

1773 2527 113 31 growing
1896 2527 64 24 class
1979 2527 55 25 who
2057 2527 57 25 lack
2138 2527 175 31 employment.

1774 2567 25 24 It
1810 2567 22 24 is
1843 2566 60 32 only
1909 2566 74 25 when
1992 2575 48 23 you
2050 2568 60 23 have
2123 2570 72 28 'gone
2204 2567 110 31 through

1775 2606 44 26 the
1832 2607 57 25 mill
1891 2608 5 10 1
1921 2606 56 26 that
1997 2615 48 24 you
2058 2607 76 30 really
2158 2607 63 32 fully
2243 2615 72 24 grasp

1774 2648 44 24 the
1840 2655 58 24 very
1921 2648 135 31 important
2086 2648 114 31 question
2224 2648 28 24 of
2272 2648 43 24 the

1775 2685 175 31 unemployed.

1775 2876 228 25 PARLIAMENT
2016 2877 68 24 OUT
2101 2877 44 24 OF
2159 2877 142 24 SESSION.

1807 2954 41 24 Mr
1860 2954 125 25 Meredith
1995 2957 52 23 met
2066 2954 43 26 the
2119 2955 104 25 electors
2235 2958 25 21 at
2272 2955 43 25 the

1774 2991 69 25 View
1855 2992 56 25 Hill
1924 2992 92 25 School
2028 2993 76 25 Room
2114 3001 34 17 on
2158 2993 156 32 Wednesday

1774 3033 112 32 evening,
1922 3034 50 24 and
1995 3033 76 32 spoke
2093 3034 38 24 for
2160 3034 86 31 nearly
2266 3035 48 23 two

1774 3072 84 29 hours,
1905 3074 49 24 and
1983 3074 126 25 answered
2142 3074 173 24 innumerable

1772 3113 138 31 questions,

1807 3153 22 24 A
1840 3155 58 23 vote
1920 3153 27 25 of
1973 3153 94 25 thanks
2090 3154 50 24 and
2169 3154 146 25 confidence

1772 3204 53 17 was
1844 3198 122 29 proposed
1978 3197 30 30 by
2029 3197 55 24 Mrs
2106 3198 31 23 A.
2150 3197 100 31 Wright
2262 3197 51 24 and

1773 3234 122 25 seconded
1907 3234 32 31 by
1953 3235 40 23 Mr
2005 3234 70 25 John
2087 3234 102 25 Baxter.

1806 3278 45 24 An
1863 3279 161 24 amendment
2047 3278 135 32 proposing
2193 3286 16 17 a
2221 3282 56 21 vote
2289 3279 27 24 of

1773 3316 91 24 thanks
1875 3316 59 32 only
1946 3316 32 32 by
2002 3316 40 25 Mr
2054 3317 30 24 T.
2108 3317 79 25 Harle
2199 3317 50 25 and
2261 3325 51 17 sec-

1773 3356 81 25 onded
1865 3355 33 33 by
1913 3357 39 24 Mr
1975 3356 70 25 John
2057 3357 121 32 Mounsey
2192 3365 48 17 was
2253 3359 57 33 lostj

1773 3402 75 17 seven
1859 3395 88 31 voting
1974 3395 39 25 for
2025 3395 43 25 the
2091 3396 163 25 amendment
2265 3396 49 24 and

1774 3433 31 24 14
1826 3432 39 26 for
1888 3433 42 25 the
1943 3433 103 25 motion.

1806 3473 22 25 A
1839 3475 57 24 vote
1908 3473 26 25 of
1956 3474 92 26 thanks
2060 3474 38 24 for
2110 3474 43 25 the
2166 3475 145 30 Chairman,

1773 3514 39 24 Mr
1824 3514 22 25 A
1858 3514 107 32 Wright,
1988 3515 149 25 terminated
2148 3515 44 25 the
2204 3515 110 32 meeting

1772 3560 27 22 at
1823 3557 134 33 midnight.

1855 3760 22 25 A
1895 3761 180 24 VIGOROUS
2096 3761 124 25 POLICY.

1807 3842 38 24 An
1858 3842 106 32 integral
1977 3844 56 30 part
2045 3842 26 25 ot
2083 3841 43 26 the
2138 3841 81 32 policy
2237 3841 21 25 is
2270 3841 43 24 the

1773 3886 99 31 regular
1884 3886 112 31 running
2007 3886 26 24 of
2055 3886 149 24 workmen's
2224 3886 88 23 trains.

1773 3929 35 24 As
1820 3930 26 23 to
1857 3929 44 23 the
1921 3929 134 24 Advance's
2077 3930 27 23 to
2128 3928 106 25 Settlers
2257 3928 55 27 Act,

1774 3971 127 24 Minister?
1913 3979 42 16 are
1967 3971 27 24 of
2003 3971 102 31 opiuion
2115 3971 56 24 that
2183 3971 42 24 the
2235 3970 78 25 work-

1772 4015 44 30 ing
1828 4014 27 24 of
1865 4014 51 25 this
1926 4022 111 17 measure
2046 4014 48 24 has
2100 4014 92 30 proved
2200 4014 27 23 m
2237 4022 76 22 many

1772 4058 110 30 respects
1905 4057 200 31 unsatisfactory.
2152 4056 53 25 The
2228 4056 85 32 delays

1774 4108 42 18 are
1844 4102 42 23 too
1914 4108 135 17 numerous
2078 4100 50 25 and
2151 4100 163 32 applications

1773 4152 50 22 are,
1835 4143 38 26 for
1885 4152 69 17 some
1966 4143 125 25 unknown
2101 4152 97 20 reason,
2209 4143 105 32 rejected

1774 4188 103 24 without
1889 4195 48 23 any
1948 4187 158 31 explanation
2118 4191 24 19 to
2166 4187 147 31 applicants.

1777 4231 58 24 Less
1848 4230 60 25 than
1921 4230 55 25 half
1986 4238 15 16 a
2014 4230 97 25 million
2122 4230 47 25 has
2192 4230 62 25 been
2272 4231 38 24 ad-

1774 4274 92 24 vanced
1879 4276 45 22 out
1936 4274 27 25 of
1977 4274 42 24 the
2032 4273 98 25 million
2154 4274 50 24 and
2226 4282 16 16 a
2261 4274 55 25 half

1774 4317 90 28 raised,
1878 4318 45 23 and
1938 4319 54 23 that
2004 4317 25 24 m
2054 4318 42 24 the
2118 4317 51 25 face
2199 4317 27 25 of
2247 4318 68 31 large

1774 4357 118 25 numbers
1904 4357 27 24 of
1941 4359 59 22 bona
2009 4357 51 31 fide
2083 4357 171 32 applications.
2291 4358 24 25 It

1774 4401 22 24 is
1808 4408 33 17 an
1853 4408 62 24 open
1929 4401 78 24 secret
2020 4401 54 23 that
2085 4408 77 24 many
2175 4402 25 24 of
2218 4401 43 26 the
2273 4409 43 24 ap-

1774 4445 130 31 plications
1916 4444 83 25 which
2011 4452 62 16 were
2099 4444 94 26 refused
2211 4448 27 22 at
2261 4446 55 25 first

1776 4488 88 24 would,
1878 4489 20 23 if
1909 4488 60 31 they
1995 4496 61 16 were
2068 4489 74 31 ngiin
2154 4490 112 32 offering,
2287 4491 29 25 be

1776 4532 95 31 eagerly
1882 4531 116 32 accepted
2012 4531 31 32 by
2063 4531 42 26 the
2125 4532 91 26 Board.
2263 4534 53 25 The

2348 207 125 24 intention
2486 207 26 24 of
2521 207 43 25 the
2575 208 167 25 Government
2753 209 21 24 is
2784 211 26 22 to
2820 216 66 17 over-

2348 250 60 25 haul
2420 251 43 24 the
2475 251 112 31 working
2599 252 26 24 of
2646 252 51 25 this
2721 252 165 31 department,

2348 294 56 30 and,
2418 294 19 24 if
2449 294 115 31 possible,
2576 298 46 29 put
2646 303 69 17 more
2728 296 85 31 vigour
2833 296 53 24 into

2346 339 29 23 it.

2446 413 14 14 #
2557 414 14 14 *
2658 414 14 14 #
2758 414 14 14 *

2380 456 106 31 Though
2498 465 91 19 money
2601 457 22 24 is
2637 458 78 31 cheap
2728 458 47 24 and
2793 458 89 31 plenti-

2344 499 37 24 ful
2393 506 15 17 a
2419 499 67 32 large
2498 501 64 24 class
2576 500 47 24 has
2648 501 51 24 still
2724 503 24 22 to
2771 509 47 24 pay
2841 510 40 16 ex-

2345 541 109 24 orbitant
2482 543 22 23 if
2535 545 45 22 not
2614 543 114 25 usurious
2752 546 64 23 rates
2846 545 37 24 for

2344 585 222 25 accommodation.
2602 586 58 24 This
2672 594 75 23 grave
2768 588 113 30 question

2345 626 49 24 will
2406 628 93 24 receive
2514 628 42 24 the
2580 630 99 22 earnest
2702 629 177 25 consideration

2343 669 27 24 of
2380 669 43 25 the
2442 670 171 25 Government
2630 679 28 16 as
2688 672 48 24 will
2764 672 53 24 also
2840 673 41 24 the

2342 713 115 30 question
2469 714 26 25 of
2510 714 118 26 distraint
2650 715 38 25 for
2710 717 64 29 rent,
2799 716 82 25 which

2343 756 129 25 Ministers
2483 758 89 31 regard
2583 766 27 17 as
2628 766 15 17 a
2655 759 117 31 standing
2783 759 53 25 blot
2847 768 32 17 on

2342 807 46 16 our
2399 800 155 25 civilisation.
2597 802 68 31 They
2688 802 88 25 intend
2797 803 82 32 bring-

2342 842 44 31 ing
2396 843 27 23 m
2446 852 14 14 a
2477 852 115 16 measure
2614 846 25 24 to
2656 847 46 29 put
2729 846 79 24 house
2830 847 50 23 and

2340 886 67 24 land-
2412 894 95 17 owners
2519 895 31 16 on
2564 887 42 25 the
2621 896 67 16 same
2700 889 97 31 footing
2809 898 27 15 as
2847 889 30 24 all

2340 928 71 25 other
2422 929 126 26 creditors.
2584 931 53 24 The
2655 931 111 32 railways
2778 933 50 24 will
2851 934 28 23 be

2341 972 133 24 continued
2485 975 26 22 to
2522 973 29 24 be
2562 974 122 31 managed
2700 975 28 24 m
2740 975 41 25 the
2803 976 74 24 inter-

2340 1016 38 23 est
2390 1015 27 25 cf
2427 1015 42 24 the
2476 1016 96 31 people.
2591 1018 168 30 Agriculture,
2770 1019 108 30 pastoral

2340 1058 115 24 interests
2467 1059 49 23 and
2536 1066 138 18 commerce
2696 1061 48 23 will
2762 1062 116 24 continue

2341 1103 25 24 to
2389 1103 94 25 receive
2506 1112 71 24 every
2597 1104 108 32 possible
2728 1113 149 25 encourage-

2340 1153 67 23 men,
2426 1153 28 18 as
2482 1147 48 24 will
2559 1147 43 25 the
2633 1149 99 32 mining
2753 1149 123 32 industry,

2339 1189 80 25 which
2430 1190 47 24 has
2486 1192 143 30 progressed
2637 1200 26 16 so
2673 1193 53 24 well
2737 1193 90 31 during
2836 1194 41 24 the

2339 1235 55 30 past
2406 1242 64 24 year,
2482 1235 81 32 partly
2576 1235 81 33 owing
2670 1237 25 24 to
2714 1236 41 25 the
2778 1237 98 31 legisla-

2341 1277 53 24 tion
2405 1277 27 25 of
2442 1278 42 25 the
2496 1279 47 24 last
2560 1279 95 25 session
2667 1279 27 25 of
2714 1280 162 25 Parliament.

2340 1321 52 24 The
2404 1322 108 25 Thames
2524 1323 118 31 goldfield
2663 1332 57 17 now
2743 1325 108 25 sustains
2863 1334 14 16 a

2340 1366 123 24 thousand
2475 1374 70 17 more
2556 1367 93 25 miners
2672 1367 61 25 than
2749 1367 21 26 it
2799 1368 42 24 did
2863 1377 14 17 a

2339 1417 58 23 year
2413 1417 56 24 ago.
2521 1410 54 25 The
2604 1411 90 24 Ziman
2716 1411 161 26 investments

2340 1453 80 24 under
2432 1453 42 24 the
2485 1461 69 17 more
2566 1453 143 26 favourable
2718 1454 65 32 legal
2794 1456 82 24 condi-

2340 1496 66 24 tions
2429 1504 41 16 are
2489 1497 208 32 revolutionising
2724 1498 99 31 mining
2845 1507 31 17 on

2340 1539 43 24 the
2395 1540 70 23 West
2482 1540 79 24 Coast
2572 1540 27 24 of
2621 1543 43 22 the
2689 1541 81 25 South
2781 1541 95 29 Island,

2340 1581 49 25 and
2401 1583 146 31 everything
2556 1583 51 25 will
2618 1585 29 23 be
2658 1583 65 26 done
2734 1586 27 23 to
2776 1593 101 16 encour-

2340 1634 45 23 age
2396 1627 43 22 the
2452 1627 149 24 investment
2623 1628 26 23 of
2672 1628 91 31 capital
2784 1628 27 23 m
2834 1629 43 24 the

2339 1669 91 24 future.

2455 1712 15 15 #
2550 1714 14 14 #
2651 1714 15 14 #
2746 1715 15 13 #

2373 1750 54 25 The
2439 1750 80 33 policy
2533 1751 28 25 of
2570 1752 41 24 the
2635 1752 168 26 Government
2825 1754 51 24 also

2340 1794 112 25 contains
2480 1795 182 25 consideration
2691 1797 25 25 of
2744 1796 43 26 the
2810 1799 69 29 great

2340 1839 113 31 question
2465 1839 26 25 of
2498 1840 139 32 improving
2645 1841 196 30 representation
2850 1842 29 31 by

2340 1881 131 32 providing
2482 1882 38 25 for
2531 1891 14 15 a
2566 1883 86 24 second
2676 1882 78 26 ballot
2777 1885 37 24 for
2836 1884 43 25 the

2340 1924 138 32 protection
2495 1925 27 25 of
2531 1926 145 24 minorities.

2453 1979 14 13 #
2552 1980 15 14 #
2653 1980 14 14 #
2754 1981 14 14 *

2375 2018 64 24 Miss
2462 2018 75 25 Ethel
2556 2020 118 24 Turner's
2813 2021 65 25 little

2341 2060 166 31 Australians,
2557 2062 49 25 and
2661 2062 53 26 The
2736 2063 97 32 Family
2853 2065 25 23 at

2484 2113 40 16 are
2537 2105 50 25 fast
2598 2106 124 32 atfaining
2733 2107 60 25 wide
2801 2115 75 24 popu-

2340 2148 81 32 larity.
2456 2149 64 25 JLiike
2537 2149 93 26 Louisa
2653 2150 104 25 Alcott's
2781 2151 96 29 stories,

2342 2192 58 31 they
2408 2193 63 25 have
2484 2193 58 25 been
2555 2194 134 24 translated
2706 2195 55 24 into
2784 2196 93 29 Dutch,

2342 2236 49 24 and
2403 2244 41 17 are
2467 2245 54 16 now
2533 2237 59 25 read
2615 2246 28 17 as
2666 2238 98 32 eagerly
2787 2239 27 24 m
2837 2239 42 25 the

2342 2280 174 30 Netherlands,
2546 2289 27 16 as
2618 2281 26 24 m
2674 2281 76 25 Great
2771 2282 107 30 Britain,

2343 2322 115 25 America
2470 2323 50 24 and
2533 2324 162 25 Australasia.
2730 2324 79 25 There
2816 2325 23 24 is
2848 2333 33 17 no

2343 2365 136 32 Copyright
2491 2366 60 24 Law
2568 2368 111 24 between
2702 2368 118 31 England
2831 2368 50 24 and

2343 2409 120 29 Holland,
2477 2410 77 24 hence
2566 2410 43 25 the
2627 2418 86 25 young
2735 2411 146 26 Austialian

2343 2452 83 25 writer
2437 2452 52 25 will
2507 2454 59 30 only
2589 2453 91 26 benefit
2702 2454 32 31 by
2757 2455 123 25 increased

2343 2495 155 26 distinction.
2533 2495 58 26 Miss
2604 2496 119 26 Turner's
2734 2501 61 21 next
2818 2498 63 25 book

2345 2540 24 23 to
2392 2539 31 24 be
2446 2540 79 24 called
2578 2540 92 25 Shreds
2688 2541 49 24 and

2344 2582 49 25 will
2405 2584 93 24 consist
2521 2584 26 24 of
2566 2584 69 25 short
2658 2585 97 29 stories,
2779 2585 50 25 and
2851 2586 31 25 be

2345 2625 128 33 published
2486 2627 136 33 uniformly
2634 2628 60 25 with
2703 2629 61 24 'The
2773 2629 73 32 Story
2858 2629 28 26 of

2344 2679 15 16 a
2371 2670 77 32 8a1.y,
2480 2671 28 24 m
2520 2671 84 29 Ward,
2618 2672 68 25 Lock
2695 2672 50 25 and
2754 2673 129 25 Bowden's

2344 2716 83 30 pretty
2444 2714 117 25 Nautilus
2575 2715 90 25 Series.

2465 2796 14 14 #
2565 2796 14 15 *
2647 2797 14 14 #
2747 2797 14 14 *

2379 2872 53 26 The
2462 2873 113 26 Bulletin
2604 2882 56 24 says
2689 2875 56 25 that
2773 2875 110 25 Premier

2346 2916 98 26 Seddon
2492 2918 51 24 will
2555 2918 98 31 longest
2665 2919 28 25 be
2716 2919 167 25 remembered

2343 2968 28 16 as
2389 2962 41 23 the
2442 2968 58 17 mau
2519 2961 57 25 who
2604 2962 125 32 squashed
2750 2963 42 24 the
2815 2966 68 28 great

2344 3003 112 26 Midland
2485 3005 114 32 Eailway
2628 3005 110 29 swindle,
2782 3007 100 24 rescued

2343 3049 136 29 6,000,000
2492 3057 68 17 acres
2580 3049 26 25 of
2616 3050 83 31 public
2722 3050 73 24 lands
2816 3051 66 23 from

2343 3091 56 25 that
2417 3092 102 25 soulless
2549 3094 163 30 corporation,
2736 3093 51 25 and
2804 3093 79 25 ended

2344 3135 43 24 the
2397 3136 94 31 biggest
2503 3137 106 24 incubus
2623 3137 81 24 which
2717 3138 47 25 has
2776 3137 107 32 weighed

2343 3187 67 23 upon
2425 3179 42 25 the
2479 3180 116 30 province
2615 3180 38 25 for
2676 3188 78 24 years.
2800 3180 82 26 When

2346 3224 96 26 Seddon
2463 3223 81 25 seized
2561 3224 43 23 the
2633 3224 114 24 Midland
2775 3224 50 24 line
2851 3225 32 24 he

2343 3276 51 17 was
2406 3268 141 31 commonly
2560 3267 121 32 supposed
2705 3269 26 23 to
2743 3267 65 26 have
2819 3268 64 25 done

2342 3321 13 15 a
2368 3312 101 25 ruinous
2489 3311 49 24 and
2562 3311 104 25 suicidal
2695 3314 48 28 act,
2775 3312 45 25 but
2840 3313 43 24 the

2343 3356 78 24 result
2433 3355 27 24 of
2468 3358 41 21 the
2521 3355 144 25 arbitration
2677 3356 98 24 showed
2787 3356 56 24 that
2851 3356 32 24 he

2342 3399 72 24 knew
2426 3406 69 17 more
2507 3399 47 24 law
2566 3399 61 24 than
2637 3404 63 20 most
2708 3399 27 25 of
2741 3399 41 25 his
2790 3400 91 27 critics,

2342 3443 50 24 and
2403 3451 50 16 was
2472 3443 42 24 the
2538 3451 47 16 one
2608 3451 61 16 man
2693 3443 26 24 m
2742 3443 140 25 Maoriland

2342 3486 60 25 with
2412 3495 104 24 courage
2529 3487 100 31 enovgh
2642 3486 37 25 for
2689 3495 14 17 a
2712 3490 68 29 great
2803 3495 77 17 emer-

2459 3622 14 14 #
2604 3622 14 15 *
2747 3622 14 14 *

2376 3670 52 25 The
2439 3671 120 31 guileless
2569 3678 146 25 newspaper
2726 3679 58 16 man
2805 3671 22 25 is
2839 3673 42 23 too

2342 3714 67 25 often
2420 3714 90 32 played
2522 3723 68 24 upon
2613 3715 32 31 by
2666 3714 43 26 the
2729 3715 152 31 aivertising

2526 3753 49 24 and
2587 3753 20 24 it
2627 3754 21 24 is
2662 3754 59 24 time
2732 3762 12 15 a
2759 3754 71 24 stand
2843 3753 38 24 for

2342 3791 115 31 ordinary
2470 3791 61 25 civic
2543 3791 80 31 rights
2648 3791 26 24 of
2690 3792 46 24 fair
2756 3791 57 32 play
2830 3791 51 24 and

2342 3831 45 24 fair
2405 3833 119 29 payment
2546 3840 61 16 wore
2620 3832 102 25 insisted
2747 3840 41 16 on.
2823 3831 25 24 If
2865 3839 16 16 a

2342 3876 59 17 man
2416 3871 80 23 wants
2515 3869 41 25 his
2578 3870 56 24 hair
2646 3872 50 27 cut,
2715 3870 32 25 he
2767 3870 58 25 does
2837 3873 44 21 not

2341 3910 41 28 get
2394 3907 43 25 the
2459 3907 88 25 barber
2571 3911 25 22 to
2620 3917 10 16 c
2637 3918 14 16 o
2663 3909 21 24 it
2706 3909 38 25 for
2756 3908 108 31 nothing
2873 3915 6 21 ;

2342 3947 45 24 but
2403 3947 21 23 if
2442 3947 33 25 he
2500 3951 79 21 wants
2600 3951 43 21 ten
2664 3949 74 23 times
2756 3956 27 16 as
2808 3947 72 24 much

2341 3987 64 24 done
2425 3987 38 24 for
2483 3988 104 24 himself
2605 3989 38 24 fcr
2656 3989 103 30 nothing
2782 3996 27 16 or
2820 3991 61 20 next

2342 4028 26 20 to
2407 4026 115 30 nothing,
2569 4026 63 24 from
2660 4026 159 30 announcing
2842 4025 39 23 his

2341 4064 160 26 candidature
2508 4065 38 25 for
2558 4074 15 16 a
2580 4074 107 23 vacancy
2700 4066 27 23 m
2740 4065 43 24 the
2792 4065 87 28 house,

2342 4104 26 23 to
2380 4109 15 17 a
2408 4102 45 25 five
2474 4103 103 32 shilling
2596 4103 140 32 paragraph
2757 4104 38 24 for
2806 4110 16 17 a
2834 4103 47 24 six-

2342 4148 82 24 penny
2464 4141 194 26 advertisement
2691 4142 33 24 he
2752 4141 58 24 asks
2838 4140 44 25 the

2342 4189 146 23 newspaper
2511 4182 38 25 for
2571 4182 28 28 it,
2619 4182 49 24 and
2686 4184 97 28 expects
2804 4182 25 23 to
2842 4182 41 29 get

2342 4221 27 24 it.
2423 4221 26 24 If
2480 4222 32 25 he
2536 4222 160 30 successfully
2725 4228 118 24 manages
2869 4228 13 15 a

2343 4263 107 28 concert,
2469 4270 28 17 or
2518 4270 60 16 runs
2602 4269 16 16 a
2644 4261 92 31 paying
2757 4261 77 27 show,
2853 4260 31 24 he

2343 4309 115 24 proposes
2470 4311 16 16 a
2497 4302 31 24 25
2549 4310 43 22 per
2604 4303 57 23 cent
2681 4301 113 24 discount
2813 4301 70 24 when

2344 4341 39 23 his
2403 4339 154 31 advertising
2580 4339 43 23 bill
2636 4346 83 17 comes
2740 4338 25 25 m
2778 4347 6 20 ;
2804 4338 49 25 and
2865 4338 22 24 if

2343 4377 40 25 his
2396 4381 101 21 concert
2517 4385 28 17 or
2568 4376 41 25 his
2632 4377 66 24 show
2722 4377 28 24 be
2768 4381 45 21 not
2830 4385 56 17 suc-

2345 4417 87 24 cessful
2460 4424 28 16 or
2511 4422 187 21 remun^rauvo,
2734 4415 32 25 he
2792 4415 94 33 mostly

2345 4455 57 25 asks
2415 4462 14 16 a
2441 4454 132 24 remission
2587 4455 26 23 of
2628 4454 43 24 the
2684 4454 77 25 whole
2773 4457 113 23 amount.

2346 4496 67 24 That
2430 4495 21 23 is
2473 4498 25 21 to
2511 4503 51 24 say,
2582 4495 31 24 he
2626 4495 144 25 sometimes
2783 4496 20 24 is
2815 4504 73 17 cour-

2347 4541 71 23 teous
2430 4538 101 33 enough
2544 4541 26 23 to
2582 4538 53 30 ask,
2654 4539 120 33 meaning
2786 4542 26 23 to
2824 4540 65 26 have

2921 204 33 24 all
2966 204 42 24 the
3029 196 245 48 titnt\^|^^ily,
3295 201 29 24 lie
3345 200 58 25 does
3415 208 32 16 no
3455 205 7 19 t

2920 244 51 30 ask,
2990 245 44 25 but
3046 245 94 29 merely
3157 233 100 40 re^rrds
3281 242 42 24 the
3340 242 117 30 printer's

2919 283 41 24 bill
2972 280 29 28 a%
3011 292 15 18 a
3037 284 45 24 bill
3103 282 57 23 that
3177 282 63 23 need
3260 283 45 22 not
3319 280 28 24 be
3360 280 58 31 paid
3431 283 25 21 at

2918 323 41 25 all.
2996 324 134 29 Reverting
3150 325 24 21 to
3196 322 42 24 the
3258 321 99 32 parable
3370 321 27 25 of
3413 320 43 26 the

2917 363 92 30 barber,
3029 365 47 23 and
3098 364 41 23 tlie
3159 362 97 31 cutting
3276 362 26 24 of
3322 362 59 28 hair,
3400 362 21 24 if
3439 371 15 17 $
3479 381 12 7 _.

2917 410 56 15 man
2991 411 60 22 pnys
3072 402 39 24 his
3124 401 116 30 sixpence
3252 409 27 15 or
3300 400 38 24 his
3350 400 108 35 shilling

2917 443 25 21 to
2953 444 41 27 get
3006 442 39 22 his
3066 440 56 24 hair
3134 442 44 23 cut.
3196 440 74 26 one'ev
3283 440 31 24 he
3326 447 75 17 never
3411 447 41 16 ex-

2916 483 73 28 pects,
2996 482 56 23 that
3063 480 33 25 he
3105 480 47 23 has
3159 480 94 31 bought
3264 488 16 15 a
3287 479 166 32 hairscutting

2915 521 101 30 annuity
3034 520 62 25 from
3114 520 57 24 that
3189 519 85 25 barber
3291 519 160 33 and.jg|,rned

2914 568 15 16 a
2941 560 42 24 life
2995 562 103 23 interest
3115 560 27 23 m
3161 560 49 23 free
3228 561 135 30 grooming.
3399 560 52 24 But

2914 597 21 24 if
2943 597 31 24 he
2986 598 67 31 gives
3070 606 15 16 a
3097 598 100 31 shilling
3215 598 191 24 advertisement
3424 601 26 21 to

2913 645 15 16 a
2940 645 83 23 paper,
3043 638 29 23 he
3084 639 100 29 expects
3204 638 56 23 half
3269 645 15 16 a
3304 638 79 24 dozen
3394 645 56 23 par-

2913 677 107 31 agraphs
3037 680 26 21 at
3081 678 62 23 least
3161 677 37 24 for
3215 678 28 23 it.

2963 842 107 23 STATE
3085 842 82 23 FIRE
3186 842 201 23 INSURANCE.

2945 927 21 23 A
2978 927 51 24 Bill
3039 927 23 24 is
3072 928 27 23 m
3111 936 85 16 course
3207 929 28 23 of
3243 928 156 32 preparation
3414 936 33 16 on

2912 971 43 24 the
2966 970 64 25 lines
3048 970 51 25 laid
3116 971 33 31 by
3171 971 44 24 the
3231 971 111 26 Premier
3364 972 28 24 m
3409 972 39 25 his

2911 1014 107 25 remarks
3031 1016 25 22 to
3069 1023 15 16 a
3100 1014 145 31 deputation
3257 1023 13 15 o
3272 1015 10 18 f
3293 1016 155 24 commercial

2910 1065 59 17 men
2981 1058 82 23 which
3075 1058 88 24 waited
3175 1066 66 20 upon
3258 1058 54 24 him
3324 1059 27 23 m
3372 1059 74 24 refer-

2910 1108 84 18 erence
3006 1103 26 23 to
3047 1101 41 25 the
3100 1101 102 30 subject.

2917 1297 182 61 LOCAL
3122 1301 13 54 and
3180 1299 268 59 GENERAL

2943 1425 144 24 Limelight
3100 1425 114 24 Service.
3250 1425 54 25 The
3316 1425 132 26 Salvation

2912 1464 74 30 Army
2999 1472 61 23 gave
3072 1465 66 24 their
3150 1465 135 31 Limelight
3309 1466 91 25 service
3420 1468 27 23 at

2911 1504 42 24 the
2970 1504 64 24 East
3044 1504 93 24 Oxford
3147 1505 77 24 Town
3238 1505 57 24 Hall
3308 1513 32 17 on
3353 1505 95 25 Thurs-

2910 1543 47 29 day
2986 1543 112 31 evening,
3127 1543 43 24 the
3207 1543 137 31 Limelight
3373 1544 74 25 views

2910 1579 74 32 being
2995 1589 57 23 very
3062 1581 71 31 good.
3164 1581 121 31 Adjutant
3297 1582 76 32 Perry
3381 1582 65 25 from

2910 1620 121 24 Australia
3060 1629 51 15 was
3140 1621 27 23 m
3190 1621 98 31 charge.
3324 1622 54 24 The
3407 1625 33 22 at-

2910 1658 121 24 tendance
3042 1666 48 16 was
3102 1658 55 24 fair.

2942 1746 137 25 FooTBALii.
3115 1746 21 25 A
3165 1748 89 31 special
3274 1748 110 33 meeting
3395 1750 51 24 will

2911 1790 30 24 be
2952 1790 59 25 held
3022 1791 28 23 m
3062 1791 44 24 the
3116 1790 105 33 Library
3233 1800 31 16 on
3288 1792 157 33 Wednesday

2911 1834 111 32 evening,
3052 1835 89 25 March
3153 1835 45 25 4th
3220 1838 27 23 at
3269 1837 16 23 8
3294 1836 101 30 o'clock,
3407 1835 39 26 for

2912 1878 42 24 the
2966 1886 105 23 purpose
3083 1879 27 24 of
3120 1879 107 31 forming
3248 1887 16 16 a
3287 1880 71 24 Club.
3405 1879 41 26 All

2911 1921 69 24 those
2989 1922 139 29 interested,
3139 1931 41 16 are
3191 1922 117 32 cordially
3316 1922 95 25 invited
3420 1923 26 25 to

2911 1964 95 24 attend.

3072 2119 94 24 VIEW
3188 2119 94 24 HILL.

2946 2183 53 26 The
3011 2184 97 32 Village
3128 2185 105 25 Settlers
3255 2187 53 23 met
3328 2186 40 25 Mr
3379 2187 67 24 Mar-

2912 2221 83 30 chant,
3031 2224 41 24 the
3095 2223 191 26 Commissioner
3307 2225 26 24 of
3356 2225 90 26 Crown

2912 2260 94 29 Lands,
3019 2261 49 25 and
3092 2262 41 24 Mr
3144 2263 123 24 Meredith
3280 2264 42 23 the
3344 2264 105 30 popular

2913 2300 104 24 M.H.R.
3030 2301 37 24 for
3079 2301 93 32 Ashley
3192 2302 27 24 m
3240 2302 43 25 the
3295 2302 154 25 Woodstock

2915 2338 161 27 Schoolroom
3098 2349 31 17 on
3153 2341 130 32 Thursday
3312 2342 44 25 the
3379 2343 70 25 20th.

2913 2379 58 24 inst.
3017 2380 53 25 The
3092 2388 105 25 purpose
3229 2382 39 24 for
3300 2383 83 25 which
3406 2383 44 25 the

2914 2418 110 31 meeting
3034 2426 51 17 was
3106 2420 57 23 held
3183 2427 50 17 was
3246 2422 25 22 to
3282 2420 113 26 consider
3407 2421 43 25 the

2914 2457 85 25 claims
3022 2458 24 24 of
3069 2459 44 24 the
3136 2459 98 25 settlers
3257 2461 26 23 to
3306 2460 45 25 the
3361 2460 88 26 Lands

2914 2498 108 31 recently
3034 2498 96 31 opened
3140 2499 38 25 for
3194 2500 140 30 increasing
3344 2501 40 23 the
3395 2500 52 26 size

2914 2538 26 24 of
2963 2538 43 24 the
3027 2541 101 28 present
3147 2540 126 31 holdings.
3309 2541 33 24 As
3354 2541 58 31 only
3436 2550 14 16 a

2914 2578 96 24 limited
3033 2581 104 23 amount
3160 2580 27 24 of
3207 2580 58 24 land
3276 2580 22 26 is
3321 2581 129 28 available,

2915 2618 45 23 not
2970 2617 88 32 nearly
3080 2618 97 32 enough
3200 2620 26 24 to
3248 2619 54 31 give
3314 2619 138 26 additional

2916 2656 57 25 land
2995 2659 26 23 to
3042 2658 43 24 all.
3120 2658 21 24 A
3161 2658 121 33 difficulty
3305 2667 69 17 arose
3386 2667 28 17 as
3426 2662 26 23 to

2916 2695 50 24 who
2979 2703 62 17 were
3064 2698 26 23 to
3113 2698 40 30 get
3175 2696 60 25 land
3255 2697 49 24 and
3325 2698 54 24 who
3391 2699 44 23 not
3444 2706 7 20 ;

2915 2735 38 24 for
2965 2735 121 32 although
3097 2743 68 18 Rome
3173 2737 98 24 settlers
3280 2736 61 25 have
3353 2738 99 31 already

2916 2768 71 24 twice
2999 2768 42 24 the
3053 2769 116 31 quantity
3191 2769 56 25 that
3269 2770 86 24 others
3377 2771 73 29 have,

2915 2806 20 24 it
2958 2814 52 16 was
3033 2808 105 30 perhaps
3160 2815 69 17 more
3247 2808 62 24 than
3327 2808 73 24 could
3422 2808 30 24 be

2916 2844 118 30 expected
3056 2844 56 25 that
3135 2844 58 31 they
3225 2846 84 24 would
3330 2846 124 32 willingly

2915 2882 74 25 stand
3001 2882 68 25 aside
3090 2883 28 24 m
3141 2883 88 25 favour
3251 2884 27 25 of
3300 2884 72 25 those
3394 2885 56 24 who

2916 2921 50 24 had
2993 2921 57 25 less.
3102 2921 53 26 The
3189 2922 195 26 Commissioner
3406 2922 48 26 has

2915 2959 64 25 from
2993 2960 59 24 time
3066 2962 24 23 to
3102 2961 59 24 time
3182 2962 56 23 sent
3257 2964 26 21 to
3296 2961 41 24 the
3349 2961 104 25 Settlers

2915 3002 26 22 to
2951 2999 44 24 ask
3010 3000 67 24 them
3090 3002 26 23 to
3128 3008 102 25 arrange
3241 3003 118 29 among3t
3373 3001 80 25 them-

2916 3041 78 24 selves
3012 3040 57 25 how
3088 3040 56 25 best
3162 3041 41 24 the
3215 3041 107 25 sections
3335 3041 73 25 could
3420 3041 30 26 be

2915 3078 100 25 allotted
3029 3086 26 16 so
3067 3086 28 17 as
3114 3081 25 22 to
3151 3079 49 24 suit
3212 3079 43 25 the
3271 3082 101 29 present
3382 3081 68 24 hold-

2915 3117 63 30 ings,
3004 3117 49 23 and
3076 3117 42 25 the
3140 3117 117 32 majority
3279 3117 65 25 have
3361 3119 89 30 agreed

2915 3164 47 16 one
2974 3164 28 15 or
3013 3158 47 22 two
3080 3156 63 24 have
3155 3164 28 16 so
3205 3156 122 31 persisted
3348 3156 27 24 m
3388 3156 59 24 mis-

2916 3196 169 31 representing
3118 3197 40 23 tliu
3181 3204 55 17 case
3260 3199 24 21 to
3307 3196 42 25 the
3377 3196 74 25 Land

2916 3236 82 24 Board
3020 3244 28 16 as
3061 3241 24 19 to
3106 3239 102 27 prevent
3220 3236 42 24 the
3274 3236 131 24 allotment
3425 3236 29 24 of

2916 3274 42 24 the
2980 3274 115 24 sections.
3130 3274 25 24 It
3170 3274 101 24 became
3288 3276 119 29 apparent
3424 3276 26 23 to

2915 3320 69 17 some
2994 3312 28 25 of
3036 3312 41 25 the
3089 3314 100 23 settlers
3201 3312 56 25 that
3269 3313 85 25 unless
3372 3321 78 17 some-

2915 3353 74 31 thing
3006 3361 48 16 was
3064 3353 62 24 done
3135 3353 44 24 the
3187 3354 93 23 matter
3288 3352 82 25 would
3379 3352 69 32 hang

2914 3401 32 17 on
2967 3393 163 32 indefinitely,
3154 3401 28 16 so
3201 3394 42 23 the
3261 3401 55 16 case
3334 3401 48 16 was
3401 3396 47 28 put

2914 3436 26 22 to
2953 3433 39 25 Mr
3004 3433 123 25 Meredith
3135 3433 56 25 who
3207 3435 26 23 at
3241 3441 61 17 once
3314 3433 58 25 took
3381 3434 68 30 steps

2915 3475 25 23 to
2954 3473 90 24 induce
3068 3472 43 25 the
3128 3472 190 25 commissioner
3345 3473 25 24 to
3387 3472 60 25 visit

2914 3514 43 24 the
2973 3512 94 25 district
3086 3512 49 25 and
3151 3513 63 24 allot
3233 3512 41 25 the
3287 3512 107 25 sections
3414 3519 33 18 on

2913 3554 43 24 the
2971 3554 102 30 ground,
3093 3553 61 24 with
3170 3552 44 25 the
3233 3552 78 25 result
3329 3552 55 25 that
3404 3552 43 25 the

2913 3592 59 25 land
2990 3592 20 23 is
3029 3593 25 23 to
3072 3591 30 25 be
3120 3591 101 25 allotted
3247 3590 97 32 exactly
3360 3598 28 17 as
3405 3591 42 24 the

2913 3630 115 32 majority
3045 3630 28 23 of
3097 3629 42 25 the
3165 3630 97 24 settlers
3290 3628 47 24 had
3358 3629 89 31 agreed

2913 3669 90 24 before.

2946 3708 40 25 Mr
2996 3708 120 25 Meredith
3133 3708 50 25 and
3200 3708 40 24 the
3252 3707 195 25 Commissioner

2913 3749 58 24 both
2994 3748 131 32 expressed
3147 3747 64 26 their
3229 3747 131 31 sympathy
3386 3747 61 24 with

2913 3791 39 23 the
2963 3790 96 23 settlers
3070 3789 27 23 m
3106 3788 73 30 being
3187 3787 87 24 unable
3291 3788 26 23 to
3328 3789 42 29 get
3379 3787 68 24 their

2913 3828 104 32 holding
3031 3828 72 24 made
3120 3827 74 24 much
3203 3827 80 31 larger
3297 3829 26 21 at
3337 3831 109 27 present,

2914 3870 44 24 but
2975 3868 80 32 hoped
3071 3868 43 25 the
3126 3868 58 24 time
3199 3875 49 16 was
3262 3869 45 23 not
3324 3874 58 24 very
3398 3867 50 24 dis-

2914 3910 55 22 tant
2986 3908 78 23 when'
3072 3905 59 25 land
3153 3905 101 31 enough
3276 3905 38 25 for
3329 3905 70 25 them
3415 3906 33 25 all

2913 3945 79 24 would
3007 3947 28 22 be
3049 3943 121 25 available
3179 3951 28 17 as
3215 3944 42 24 the
3275 3943 71 25 laeds
3356 3952 28 16 so
3391 3945 61 30 long

2914 3985 85 24 locked
3010 3992 34 22 up
3055 3983 106 29 through
3182 3983 44 25 the
3250 3983 116 25 Midland
3382 3983 68 25 Rail-

2914 4031 51 22 way
2984 4026 112 20 contract
3115 4021 79 25 would
3210 4021 31 26 be
3260 4021 95 32 opened
3373 4030 32 23 up
3414 4021 39 26 for

2913 4062 143 26 settlement
3064 4062 28 24 m
3110 4070 15 16 a
3137 4062 70 25 short
3215 4063 70 30 tima,
3302 4062 72 25 when
3392 4064 60 23 each

2916 4103 25 24 of
2958 4102 43 25 the
3024 4103 99 25 settlers
3152 4103 82 25 would
3256 4103 31 25 be
3311 4103 100 25 allowed
3427 4105 27 23 to

2914 4141 58 25 take
2981 4149 33 24 up
3029 4141 62 25 land
3100 4143 26 23 to
3134 4142 110 25 increase
3261 4141 66 26 their
3338 4141 117 33 holdings

2915 4187 34 24 up
2961 4182 26 22 to
2994 4182 50 22 two
3052 4188 27 16 or
3090 4181 70 24 three
3168 4180 114 24 hundred
3289 4188 76 17 acres.
3401 4180 54 24 The

2916 4221 110 30 meeting
3050 4220 84 25 closed
3150 4220 61 25 with
3233 4221 85 31 hearty
3342 4223 70 22 votes
3432 4220 29 25 of

2917 4258 93 25 thanks
3026 4261 26 22 to
3078 4259 43 24 the
3137 4259 194 25 Commissioner
3351 4258 52 25 and
3421 4258 40 24 Mr

2917 4298 136 24 Meredith.
3102 4297 51 24 The
3172 4297 196 25 Commissioner
3386 4297 73 24 made

2919 4346 15 16 a
2952 4346 60 23 very
3031 4337 145 25 favourable
3198 4337 146 32 impression
3365 4345 33 17 on
3417 4337 44 25 the

2920 4376 99 25 settlers
3036 4377 55 24 who
3107 4378 66 23 went
3191 4384 71 24 away
3285 4376 61 25 with
3365 4376 43 25 the
3425 4376 36 25 fe-.

2921 4417 20 25 el
2945 4417 42 32 ing
3000 4416 57 26 that
3073 4417 31 24 he
3114 4425 51 17 was
3181 4417 64 25 their
3255 4417 87 28 Friend,
3358 4417 49 25 and
3422 4417 40 24 Mr

2922 4458 131 28 Meredith,
3062 4458 21 24 it'
3094 4458 102 32 poadiblo
3208 4458 128 26 hure.isod
3349 4458 39 26 his
3400 4467 15 23 p
3419 4467 40 22 j?-

2923 4498 91 31 ularity
3040 4502 116 26 amongst
3179 4498 43 25 the
3247 4498 97 25 settlers
3368 4498 33 31 by
3423 4497 40 25 hi
3462 4497 2 32 3

2922 4537 101 31 prompt
3035 4535 81 26 action
3129 4536 25 24 m
3168 4535 65 27 their
3254 4536 127 26 interests.

1159 46 173 32 OXFORD
1378 49 231 32 OBSERVER
1653 51 236 40 SATURDAY,
1926 55 234 31 FEBRUARY
2217 58 49 35 29,
2354 59 77 28 1896
