3528 4534
57 174 126 29 WHAT
215 174 95 29 THE
342 174 221 29 GOVERN-

57 203 119 34 MENT
206 203 89 34 HAS
325 203 119 34 DONE
474 203 89 34 FOR

57 237 95 33 THE
184 237 221 33 WORKING
437 237 126 33 MEN.

46 324 135 33 Publ&tivd
205 330 30 30 by
249 331 97 28 request
370 330 39 23 for
428 329 42 24 the
482 329 102 23 inform-

47 372 68 23 ation
146 369 26 24 of
198 377 31 15 m.
239 367 83 24 tubers
351 368 27 23 of
406 367 41 24 the
492 367 92 24 Oxford

45 408 101 25 Branch
165 407 25 24 of
212 406 43 24 tie
279 405 118 25 National
421 405 163 25 Association.

80 464 84 32 (From
193 463 40 24 Mr
264 461 147 25 Meredith's
436 461 116 31 Speech.)

47 551 170 25 Government
252 549 48 23 bad
323 547 89 32 helped
448 546 44 25 the
520 554 66 17 com-

48 597 94 24 mercial
170 596 91 23 classes
287 593 49 24 and
363 591 113 25 business
502 590 84 31 people

48 640 123 33 generally
189 638 50 25 and
256 637 88 24 indeed
363 636 42 24 the
424 635 79 24 whole
521 642 64 16 com-

48 686 107 29 munity,
181 684 31 30 by
238 682 99 29 coming
363 682 27 22 to
417 680 40 23 the
477 677 71 25 relief
563 677 27 24 of

50 730 43 23 the
113 728 71 23 Bank
203 727 25 24 of
244 726 32 24 N.
297 725 28 24 Z.
337 724 51 24 and
405 722 101 31 thereby
518 729 67 15 aver-

51 774 53 30 ting
139 779 14 16 a
178 772 69 30 great
281 766 157 27 commercial
463 765 123 29 calamity.

51 817 52 25 The
122 816 62 24 Gov.
203 814 49 24 had
276 819 70 17 come
365 814 25 21 to
414 809 43 24 the
476 807 72 25 relief
563 807 25 24 of

52 862 103 23 farmers
173 859 25 23 m
216 856 140 26 particular,
393 861 27 16 as
443 852 54 24 well
517 859 26 16 as
563 852 25 22 to

52 905 42 24 the
112 901 69 25 relief
196 901 24 24 of
238 899 42 25 the
307 897 81 32 public
414 894 125 32 generally
557 893 31 31 by

50 941 160 30 formulating
235 937 48 25 and
310 936 114 29 earning
449 936 43 21 out
519 939 24 17 to
574 940 14 15 a

50 981 119 33 practical
190 981 73 25 issue,
298 977 122 24 advances
447 978 25 20 to
490 973 98 24 settlers

50 1028 25 19 at
95 1022 60 24 such
174 1029 14 15 a
205 1021 46 23 low
269 1021 53 20 rate
335 1016 26 23 of
376 1016 104 23 interest
498 1021 26 16 as
537 1020 51 16 was

51 1066 111 25 hitherto
196 1062 126 25 unknown
357 1060 26 23 m
419 1058 41 24 the
490 1056 96 31 colony,

52 1108 77 29 cheap
163 1112 90 22 money
282 1101 49 25 and
365 1100 78 30 cheap
462 1097 58 25 land
538 1096 48 24 had

51 1144 103 31 directly
172 1143 50 24 and
249 1139 130 31 indirectly
407 1136 118 25 benefited
546 1134 42 25 rhe

52 1188 77 25 whole
147 1185 157 30 community.
339 1183 63 23 Now
423 1181 25 24 m
466 1179 123 25 reference

51 1239 25 17 to
101 1230 99 28 Oxford,
228 1229 26 23 m
280 1228 42 24 the
348 1226 54 25 fiivt
428 1225 69 31 place
523 1223 65 24 Gov-

51 1267 128 30 ernment'
200 1271 45 22 lias
278 1266 120 31 arranged
417 1267 25 22 to
477 1265 52 30 give
548 1263 41 24 the

50 1311 96 23 settlers
163 1311 26 21 at
235 1304 144 27 Woodstock
418 1311 32 15 an
485 1301 103 25 additio-

52 1354 44 25 nal
120 1355 29 23 50
174 1359 68 17 acres
258 1350 68 26 each,
345 1350 26 22 at
395 1348 46 30 1/-.
471 1353 42 24 per
534 1352 55 17 acre

54 1407 26 15 so
98 1398 55 23 that
180 1396 60 23 each
275 1392 85 25 settler
388 1390 46 24 will
452 1397 56 16 now
526 1388 63 23 have

55 1440 47 23 100
129 1444 74 17 acres.
248 1434 52 24 The
335 1433 48 23 late
419 1429 171 25 Government

52 1477 143 28 considered
214 1478 30 22 50
280 1481 68 17 acres
374 1472 26 24 of
416 1469 91 26 second
526 1468 63 25 class

53 1519 58 24 land
129 1519 26 22 at
173 1513 148 27 Woodstock
347 1510 124 26 sufficient
492 1508 37 24 for
547 1506 43 25 the

52 1556 87 31 people
156 1557 25 21 to
208 1555 41 30 get
282 1552 36 23 fat
336 1550 49 24 and
411 1555 59 17 even
489 1549 26 21 to
532 1552 58 17 save

52 1609 90 22 money
160 1607 42 16 on.
236 1597 55 25 The
303 1595 100 32 present
421 1592 169 25 Government

54 1654 113 26 consider
179 1653 71 24 those
262 1649 86 32 people
360 1644 90 26 should
466 1642 63 25 have
542 1640 48 23 150

53 1708 68 18 acres
142 1707 27 16 or
198 1698 50 24 200
268 1701 68 18 acres
365 1691 69 27 each,
476 1696 27 17 as
525 1686 66 25 little

55 1743 99 31 enough
173 1744 23 22 to
208 1741 72 30 bring
297 1746 33 23 up
354 1736 62 24 their
428 1732 105 26 families
549 1738 41 21 on,

54 1789 50 24 and
128 1787 50 24 this
202 1783 113 33 quantity
343 1779 80 25 would
443 1778 64 24 have
529 1775 61 24 been

54 1833 72 30 given
139 1831 70 24 them
232 1827 20 25 if
275 1825 169 26 Government
466 1820 51 24 had
541 1818 50 24 suf-

54 1876 85 25 ficient
158 1873 59 25 land
240 1869 118 26 available
382 1869 25 22 at

55 1918 170 27 Government
265 1912 104 27 reduced
403 1910 43 24 the
480 1907 111 29 Railway

53 1963 93 32 freight
169 1969 33 16 on
224 1957 115 26 firewood
362 1957 26 22 to
412 1949 178 29 Christchurch

53 2009 65 23 from
130 2007 45 23 28s
185 2009 25 19 to
223 2004 44 23 22s
281 2001 39 25 Bd.
339 1999 44 25 the
396 1995 80 30 truck,
489 1993 102 32 thereby

55 2051 84 32 giving
167 2048 43 24 the
245 2044 110 31 working
383 2048 59 18 man
462 2047 33 16 an
523 2040 69 23 extra

54 2094 74 32 profit
145 2100 31 17 on
201 2100 15 15 a
239 2089 57 25 cord
316 2088 27 24 of
366 2084 124 26 firewood.
526 2082 65 25 Gov-

55 2134 114 23 ernment
182 2128 102 26 reduced
296 2126 43 24 the
350 2123 97 32 royalty
459 2130 29 17 on
503 2119 90 26 timber

54 2178 43 23 cut
109 2176 26 24 m
153 2175 42 24 the
219 2171 93 26 Oxford
330 2168 73 26 Bush
425 2167 32 30 by
482 2167 30 21 25
525 2172 25 23 p.
570 2171 13 16 c

54 2222 46 22 and
109 2228 30 15 on
147 2218 71 23 -birch
227 2217 32 29 by
269 2217 32 22 33
313 2214 48 24 and
371 2220 46 17 one
430 2210 67 25 third
504 2216 48 24 p.c.
562 2216 31 16 en

53 2268 65 30 pine,
131 2273 52 16 now
197 2272 27 16 as
235 2270 50 17 saw
297 2260 101 29 milling
410 2258 20 23 is
454 2264 47 17 one
513 2255 26 24 of
550 2255 43 23 the

52 2307 68 24 chief
129 2304 135 26 industries
276 2302 28 25 m
314 2299 93 26 Oxford
416 2298 42 24 the
470 2295 123 30 working-

54 2362 55 17 man
121 2352 88 26 should
215 2351 65 24 have
287 2349 42 24 the
338 2346 93 25 benefit
441 2345 26 24 of
475 2344 50 25 this
536 2350 54 18 con-

52 2402 103 27 cession,
168 2400 21 23 if
200 2400 17 23 it
228 2399 58 24 does
298 2398 53 27 not,
362 2395 21 24 it
395 2394 21 24 is
426 2395 42 23 not
481 2392 41 24 the
530 2390 63 25 fault

51 2449 27 25 of
94 2449 41 25 the
148 2444 182 28 Government.
349 2441 86 26 Under
459 2440 43 25 the
514 2437 78 26 work-

52 2500 80 23 man's
156 2505 80 24 wages
257 2495 47 25 Act
330 2499 68 18 more
433 2489 63 25 than
522 2488 71 24 300

50 2545 65 23 have
127 2542 105 26 reached
245 2542 44 24 the
300 2540 101 31 pockets
411 2538 24 23 of
447 2536 40 25 the
500 2533 93 26 Oxford

50 2590 75 25 world
129 2599 57 23 ngm
190 2598 38 20 en,
247 2586 83 25 which
343 2586 27 23 m
395 2583 44 25 the
452 2582 105 24 absence
569 2578 24 26 of

50 2637 51 24 thi?
113 2636 123 31 provision
245 2634 58 30 they
313 2631 82 32 might
403 2630 65 24 have
476 2625 117 26 whistled

49 2684 38 25 for
97 2695 6 17 ;
118 2684 169 24 Government
298 2678 97 32 bought
407 2676 90 31 Ashley
510 2674 83 31 Gorge

49 2730 146 24 subdivided
217 2729 21 24 it
266 2728 55 24 into
346 2727 30 23 18
404 2723 117 25 sections,
555 2720 38 24 for

49 2775 81 28 which
144 2775 69 25 there
226 2781 63 17 were
311 2772 76 24 about
396 2770 49 24 348
464 2764 129 34 applicati-

49 2829 53 21 ons,
114 2818 150 31 fortunately
273 2825 40 16 mO
316 2817 23 24 st
348 2815 27 24 of
382 2814 43 24 the
437 2811 107 26 sections
551 2809 41 25 fell

47 2870 27 22 to
96 2866 43 25 the
163 2864 37 26 lot
212 2863 27 25 of
256 2862 88 26 Oxford
358 2859 179 31 workingmen,
556 2856 37 24 for

49 2913 67 25 what
129 2919 43 18 arc
191 2910 93 25 Messrs
297 2908 103 26 Baxter,
418 2905 102 26 Brown,
530 2902 61 24 Vin-

48 2959 67 26 cent,
144 2955 92 25 Powell
273 2956 42 22 &c.
344 2952 47 23 but
413 2949 178 29 workingmen.

49 3001 172 26 Government
240 2998 97 26 erected
362 2994 99 28 schools
482 2993 50 24 and
544 2999 47 24 pay

49 3050 112 23 teachers
174 3046 38 25 for
229 3045 44 25 the
296 3042 168 29 workingmen
485 3038 26 26 of
521 3037 70 26 View

45 3092 58 25 Hill
132 3090 87 25 Plains
246 3088 51 24 and
325 3084 162 27 Woodstock.
535 3081 55 24 The

50 3137 170 27 Government
249 3135 42 24 did
314 3133 65 26 their
402 3130 64 26 level
490 3130 54 24 best
565 3130 26 22 to

48 3183 122 31 purchase
196 3180 64 24 from
283 3178 44 25 the
355 3174 114 27 Midland
482 3172 108 31 Railway

49 3228 131 29 Company
193 3225 42 25 the
247 3231 62 24 open
321 3222 61 24 land
407 3222 26 23 at
446 3220 43 24 the
509 3218 82 32 Gorge

48 3274 88 31 bridge
148 3272 50 25 and
221 3271 43 25 the
275 3270 62 25 bush
361 3267 80 25 Block
453 3276 5 19 ;
489 3265 45 25 but
547 3265 43 25 the

48 3321 131 30 Company
191 3316 99 26 wanted
310 3317 55 26 355,
378 3321 32 17 an
424 3321 56 17 acre
496 3311 38 26 for
546 3311 44 24 the

48 3375 64 24 open
121 3365 69 29 land,
209 3365 45 24 not
275 3363 80 25 worth
376 3368 69 18 more
476 3359 68 33 12/fi.
557 3366 32 16 an

47 3420 55 18 acre
115 3412 48 25 and
178 3413 52 23 173.
252 3410 43 24 6d.
318 3416 32 17 an
370 3415 56 17 acre
446 3406 39 25 for
498 3405 92 27 15,000

47 3458 28 22 m
87 3457 42 24 the
142 3455 71 25 Bush
234 3452 131 31 including
387 3450 43 25 the
441 3450 89 24 barren
542 3447 46 25 hill

45 3503 64 30 top?,
144 3500 83 26 would
262 3499 42 24 the
338 3495 111 30 working
477 3502 59 17 men
565 3493 28 25 of

48 3548 93 24 Oxford
163 3548 29 24 be
221 3545 97 30 willing
344 3544 56 24 that
419 3542 171 25 Government

47 3592 90 25 should
149 3591 122 32 purchase
288 3589 49 26 this
349 3588 60 25 land
421 3589 27 23 at
460 3586 50 26 this
522 3586 68 32 price

48 3635 48 24 and
118 3636 59 23 then
205 3635 54 23 rent
287 3632 21 25 it
331 3632 27 24 at
376 3632 14 23 5
415 3638 24 24 p.
457 3637 21 17 c.
497 3637 31 17 on
546 3629 44 24 the

49 3679 89 32 capital
149 3679 82 24 value,
251 3676 121 31 certainly
390 3678 54 24 not,
473 3682 34 16 no
530 3681 60 16 man

49 3724 73 25 could
132 3723 85 26 obtain
241 3730 15 17 a
265 3722 80 31 living
362 3721 44 24 out
418 3719 27 25 of
456 3718 62 26 such
529 3717 61 25 land

50 3769 26 22 at
88 3766 60 25 such
165 3774 15 17 a
207 3767 66 24 rent.
307 3765 69 24 Here
395 3771 37 17 we
442 3763 63 24 have
517 3770 15 16 a
542 3761 48 25 few

51 3813 83 30 things
163 3813 66 23 done
259 3812 34 31 by
328 3812 182 26 Government,
540 3808 49 25 and

50 3863 42 27 yet
110 3859 101 31 carping
239 3859 90 29 critics,
369 3858 52 25 will
449 3857 45 24 ask
522 3857 66 24 what

49 3907 47 23 lias
108 3906 170 24 Government
291 3905 64 25 done
374 3905 38 24 for
424 3905 42 24 the
479 3903 109 30 working

49 3950 81 23 man?
160 3949 51 23 The
234 3950 98 29 present
355 3948 170 24 Government
543 3946 44 24 bas

48 3994 63 25 done
137 4001 69 17 more
235 3993 38 24 for
299 3993 40 24 the
367 3992 171 32 workingmen
562 3992 26 24 of

49 4039 92 25 Oxford
158 4039 63 24 than
233 4046 49 23 any
294 4037 113 31 previous
418 4037 170 25 Government

49 4090 55 16 ever
120 4081 50 28 did,
188 4080 51 25 and
259 4080 29 24 he
317 4079 144 31 challenged
489 4082 97 22 contra-

47 4124 101 29 diction,
162 4133 15 16 a
189 4124 154 25 Government
355 4123 92 24 cannct
458 4121 32 24 do
502 4130 83 23 every-

47 4168 72 31 thing
131 4176 6 20 ;
161 4167 60 25 with
246 4175 65 16 some
328 4166 87 32 people
437 4165 22 23 if
475 4165 110 24 Govern-

46 4217 69 20 ment
135 4212 58 25 docs
221 4212 61 24 nine
311 4211 84 32 things
416 4212 43 23 out
480 4210 28 24 of
533 4214 52 20 ten.

45 4259 56 31 they
119 4258 32 25 do
175 4259 44 24 not
248 4257 92 26 receive
364 4256 77 25 credit
464 4255 49 24 and
542 4255 43 25 the

41 4302 126 32 gratitude
187 4302 55 31 they
268 4309 43 17 are
328 4300 82 32 siuely
426 4298 106 27 entitled
549 4300 34 24 to!

43 4350 45 25 but
111 4357 42 16 are
172 4347 99 26 blamed
294 4348 49 24 and
363 4355 60 17 even
448 4346 93 25 abused
553 4345 31 32 by

41 4403 70 18 some
123 4393 84 33 people
225 4393 105 25 because
361 4392 60 32 they
449 4392 64 24 have
539 4392 46 23 not

30 4439 193 33 .accomplished
238 4439 42 25 the
299 4438 82 26 tenth.

1194 37 173 31 OXFORD
1412 39 225 31 OBSERVER
1668 40 240 36 SATURDAY,
1946 34 227 36 FEBRUARY
2222 34 48 29 29.
2302 32 89 29 1890.

2949 4219 104 26 Printed
3077 4223 51 24 acl
3168 4224 142 28 Published
3339 4229 32 31 Ly
3407 4228 87 26 Laura

2982 4259 83 26 Annie
3088 4261 106 32 Parish,
3219 4266 28 24 at
3270 4266 48 26 her
3349 4267 146 33 ilegisterecl

2982 4302 118 35 Printing
3111 4306 88 32 Office,
3222 4309 71 32 Hi^i
3319 4310 93 28 Street.
3436 4311 51 26 Eaa

2981 4347 103 30 Oxford,
3094 4350 167 36 Canterbury.
3472 4343 26 36 /

3008 4399 134 29 Saturday
3174 4403 140 28 Febuuaisy
3334 4408 41 25 29.
3389 4403 69 35 V$9Q

2935 203 170 51 WATCH
3149 182 157 107 #|?
3335 198 146 50 CLOCK

3058 363 302 35 FITTED

3200 422 29 17 AT

2956 459 183 37 Parish's
3175 462 96 35 East
3295 463 162 45 Oxford.

2937 617 321 49 WEBTHEIM

3118 716 252 48 SIHfiKE'S

3027 812 84 49 and
3136 814 342 49 HOUSIHOLD

2982 920 206 43 MACHINE
3236 923 202 43 NEEDLES

2953 1009 122 50 From
3109 1010 72 58 f/~
3211 1023 72 48 fit
3320 1012 148 49 imm.

3205 1748 43 22 AT

3008 1819 422 42 PARISH'S

2947 1898 190 34 EAST
3187 1899 296 35 OXFORD

3001 2469 4 3 '
3094 2466 254 47 NOTICE.

2946 2567 98 44 Job
3064 2567 235 58 Printing
3312 2571 9 42 !

3120 2637 102 45 Job
3244 2637 244 58 Printing

2989 2700 175 31 OXFORD

3029 2752 164 40 Machine
3222 2754 185 51 Printing-

3127 2805 170 41 WORKS

2989 2855 90 26 MAIN
3114 2856 147 31 STEEET,
3297 2858 150 26 OXFOKD.

3015 2935 130 28 TTJINE

3020 3009 37 31 In
3071 3010 74 39 Any
3158 3009 130 40 Variety
3304 3020 35 20 or
3356 3009 97 38 Style*

2948 3060 313 43 MEMORIAL
3309 3060 185 43 CARDS

2977 3115 50 40 (m
3045 3125 69 19 new
3130 3114 61 29 and
3208 3114 106 30 chaste
3330 3114 139 39 designs)

3132 3160 44 41 5/-
3187 3171 58 30 per
3269 3161 68 29 doz.

3032 3218 178 31 Statement
3227 3218 118 37 Heads,

3032 3260 71 29 Ball
3118 3260 228 38 Programmes.

3034 3302 135 34 Posters,
3184 3300 181 38 Handbills,

3032 3342 170 36 Billheads,
3227 3343 142 40 Cheques

3036 3385 106 30 Letter
3156 3385 59 29 and
3227 3384 82 31 Note
3323 3385 107 31 Heads

3034 3426 169 37 Circulars,
3226 3426 122 36 Menus,

3034 3467 196 41 Catalogues,
3247 3470 55 29 &c.
3314 3468 77 40 ,&c,
3416 3469 56 31 &.C.

2949 3527 89 39 New
3054 3526 127 50 Styles,
3191 3526 40 40 m
3245 3528 167 52 Visiting
3425 3528 68 41 and

3067 3590 171 40 Business
3254 3592 117 40 Cards.

2951 3650 37 29 R.
3012 3650 42 29 H.
3076 3650 123 36 Parish,
3260 3651 189 42 Proprietor.

3034 3712 66 30 The
3120 3712 183 33 NEWEST
3330 3716 161 30 STYLES

2951 3763 31 31 m
2995 3763 136 33 TYPES
3147 3767 62 29 and
3221 3766 266 33 ORNAMENTS

2979 3919 46 44 S.
3066 3919 80 45 W.
3184 3921 280 49 TUBPIN;

2949 3987 246 42 WATCHMAKER.
3231 3991 176 41 JEWELLER
3433 3994 56 33 &c

3026 4050 89 26 MAIN
3130 4051 137 29 STREET
3287 4056 140 26 OXFORD

3144 4104 63 17 near
3218 4098 84 25 Bank.

2427 170 426 47 EUCALYPTUS

2425 269 59 21 THE
2500 269 73 21 BEST
2588 269 87 21 HOME
2693 269 140 21 UEMEDIE

2483 309 36 13 are
2535 302 35 20 lite
2581 302 134 26 prepaia'ion
2726 302 25 22 of
2759 302 35 20 Ihe

2369 339 170 21 TASMANIAN
2558 339 186 22 EUCALYPTUS
2759 341 47 20 OIL
2822 340 81 21 COMP.

2398 377 135 24 Universally
2544 377 103 20 admitted
2657 377 35 20 the
2702 378 78 23 BEST,
2793 377 113 21 PUREST

2370 413 42 21 aud
2423 415 56 18 most
2490 414 93 20 effective
2595 414 133 26 Eucalyptus
2751 415 104 19 Globulus
2873 414 33 20 Oil

2369 446 33 19 for
2424 445 170 24 INFLUENZA,
2616 447 91 24 Coughs,
2728 447 63 20 Colds
2817 447 42 19 and
2877 447 28 19 all

2370 476 64 20 Chest
2452 477 42 19 and
2504 477 62 24 Lung
2583 478 112 19 affections
2710 478 76 25 speedy
2796 479 59 19 relief
2865 478 42 19 and

2370 508 55 20 Cure
2444 509 33 19 for
2493 508 157 25 Rheumatism,
2671 510 122 25 Neuralgia,
2808 511 99 24 SprainE-

2370 535 71 21 Burns
2462 536 33 20 &o.

2397 568 133 27 Eucalyptus
2549 570 103 20 Globu'us
2671 570 92 21 Extract
2772 571 90 25 spraj'ed
2876 571 32 20 in-

2371 600 62 21 haled
2450 601 42 20 and
2507 602 65 20 taken
2582 602 116 26 internally
2716 603 33 20 for
2765 603 35 21 the
2819 603 12 20 'J
2837 603 69 26 hroat,

2370 638 99 26 Catarrh,
2486 638 58 26 Hay,
2569 639 98 25 Typhoid
2683 640 43 21 and
2740 641 82 21 Scarlet
2832 642 77 20 Fevers

2373 670 129 21 MEASLES
2513 671 36 20 the
2555 674 55 17 most
2620 672 136 26 satisfactory
2766 674 143 24 preventative

2371 702 42 20 and
2429 703 60 20 Cure.
2518 704 55 20 Send
2587 704 52 20 Post
2655 704 54 21 Card
2721 707 21 18 to
2754 705 35 20 the
2800 705 63 21 Office
2876 706 33 20 for

2372 734 95 21 Circular
2481 735 120 26 describing
2620 737 123 20 treatment.
2770 737 139 26 Eucalyptus,

2372 767 111 22 Ointment
2494 769 36 20 the
2539 770 71 25 Magic
2619 770 80 20 Healer
2712 771 22 20 of
2748 772 69 22 Sores,
2832 772 77 23 Burns,

2374 799 101 25 Wounds,
2492 801 59 20 Boils
2570 802 44 22 &c.
2638 802 134 26 Eucalyptus
2791 803 58 25 Soap
2864 802 42 20 Fra

2372 833 62 23 grant
2445 832 42 20 and
2497 833 124 26 refreshing.
2646 834 133 25 Eucalyptus
2789 835 89 25 Jujubes
2888 841 23 13 or

2373 862 101 21 Pastilles
2484 864 34 19 for
2527 864 36 20 the
2589 865 80 20 Throat
2679 866 43 19 and
2732 866 64 20 Voice
2812 872 28 13 an
2855 866 56 20 anti-

2374 894 67 25 septic
2451 895 42 20 and
2504 896 120 20 stimulant.

2374 927 125 26 Veteiinary
2516 929 35 20 Oil
2561 930 42 20 and
2614 930 112 21 Ointment
2736 931 32 20 for
2779 931 36 20 the
2825 932 86 20 stables.

2401 962 30 19 Be
2440 968 48 15 sure
2498 969 43 19 jou
2551 964 108 20 Purchase
2674 964 39 20 the
2723 965 104 26 Platypus
2845 965 67 20 brand

2373 993 50 25 only
2434 994 22 19 of
2464 995 28 19 all
2502 995 113 26 Chemists,
2621 996 88 21 Grocers
2716 997 43 20 and
2766 997 146 26 Storekeepers

2374 1025 43 20 and
2431 1027 22 18 at
2468 1026 36 19 the
2515 1028 64 19 Office
2588 1029 13 20 9
2610 1028 115 21 Cathedral
2735 1035 76 19 square
2820 1029 92 21 between

2374 1057 100 20 Morten's
2488 1058 113 26 Buildings
2610 1061 41 19 and
2663 1061 36 19 the
2708 1061 51 19 Post
2770 1061 70 21 Office.

2363 1092 2 22 i
2539 1092 88 23 Oxford
2638 1094 79 28 Agent

2429 1128 26 22 E.
2465 1129 30 21 H.
2510 1130 119 26 PARISH,
2652 1132 77 21 EAST
2743 1134 119 21 OXFORD

2456 1168 141 27 Eucalyptus
2607 1170 38 20 Oil
2659 1170 30 27 1/-
2702 1178 42 20 per
2752 1172 78 21 bottle.

2398 1322 117 43 HELP
2531 1325 82 40 FOR
2631 1325 85 42 THE
2741 1327 148 42 WEAK.

2377 1431 178 26 YTERVOUS
2577 1433 71 24 AND
2666 1434 246 30 DEBILITATED,

2378 1465 30 23 11
2436 1465 63 27 who,
2512 1465 110 32 through
2633 1466 60 31 folly
2713 1468 48 23 and
2773 1469 140 30 ignorance,

2377 1497 64 25 have
2453 1497 80 25 trifled
2545 1506 68 25 away
2626 1499 62 24 their
2699 1500 85 32 vigour
2805 1501 26 24 of
2841 1501 72 33 body,

2378 1531 77 27 mind,
2469 1531 49 24 and
2530 1532 134 30 manhood,
2678 1536 101 29 causing
2796 1534 115 26 exhaust-

2377 1564 44 31 ing
2438 1564 83 24 drains
2534 1572 66 23 upon
2613 1566 42 24 the
2678 1567 128 25 fountains
2827 1569 25 24 of
2863 1569 50 29 life,

2378 1597 63 23 Loss
2450 1597 25 23 of
2485 1597 104 32 Energy,
2596 1598 48 24 and
2655 1600 127 31 Strength,
2795 1601 119 32 Timidity

2378 1629 164 25 Bashfulness
2577 1631 27 23 m
2640 1632 106 32 Society,
2771 1633 142 30 Headache,

2378 1661 135 31 Backache,
2534 1663 179 30 Nervousness,
2737 1666 135 25 Weakness
2890 1668 28 23 of

2381 1695 119 32 Memory,
2514 1697 109 25 Restless
2634 1698 81 32 Sleep,
2725 1699 116 30 Dreams,
2851 1700 64 25 Loss

2380 1729 75 24 Flesh
2467 1729 51 24 and
2530 1729 68 26 Vital
2618 1731 91 29 Powe.-,
2733 1732 137 32 Eruptions
2883 1742 31 16 on

2380 1762 42 24 the
2431 1762 63 24 Face
2506 1763 50 23 acd
2568 1763 78 32 Body,
2661 1765 75 24 Want
2758 1766 29 24 of
2795 1766 119 32 Develop-

2379 1798 79 26 ment,
2479 1795 117 25 Varicose
2611 1797 83 29 Veins,
2718 1798 142 33 Incapacity
2878 1801 38 24 for

2379 1828 112 24 business
2504 1837 27 17 or
2542 1830 120 30 pleasure,
2676 1831 104 32 Urinary
2790 1833 124 30 Diseases,

2380 1861 50 24 and
2448 1861 35 24 all
2505 1863 44 22 the
2572 1863 84 24 effects
2678 1865 100 31 leading
2800 1870 26 20 to
2848 1868 66 30 eariy

2380 1894 85 31 decay,
2489 1895 106 32 perhaps
2617 1896 181 33 Consumption
2824 1906 28 18 or
2873 1899 43 25 In-

2380 1927 91 31 sanity,
2485 1935 47 18 can
2556 1929 29 24 be
2597 1938 14 16 o
2618 1931 94 24 stained
2723 1931 31 32 by
2775 1932 143 32 consulting

2380 1961 139 32 personally
2537 1970 28 18 or
2573 1962 31 31 by
2615 1965 64 29 post,
2716 1965 92 25 FEEE
2818 1966 98 25 PKOF.

2381 1994 177 31 NOTMANN,
2590 1996 201 32 M.E..E.M.G.,
2845 2000 71 24 Cam-

2381 2027 85 31 bridge
2479 2028 110 30 Terrace,
2613 2031 112 30 opposite
2748 2032 118 26 Colombo
2879 2033 37 25 St.

2382 2060 99 32 Bridge,
2511 2061 189 28 Christchurclu
2763 2065 53 25 The
2859 2066 59 30 only

2381 2094 227 26 Electrobotanical
2637 2096 96 33 Expert
2766 2099 153 32 advertising

2381 2127 55 24 who
2448 2127 51 25 will
2510 2131 136 28 guarantee
2664 2138 15 17 a
2696 2131 126 32 thorough
2851 2140 66 17 cure.

2383 2160 58 25 Sole
2455 2162 137 30 proprietor
2620 2163 50 23 and
2686 2166 116 29 patentee
2831 2166 26 24 of
2876 2166 43 24 the

2381 2193 59 32 only
2462 2196 150 29 guaranteed
2636 2195 109 26 Electric
2768 2197 71 26 Belts
2869 2199 50 23 and

2382 2226 71 24 other
2465 2227 89 30 special
2579 2229 124 25 electrical
2726 2230 143 31 appliances
2892 2232 26 23 m

2382 2258 41 24 the
2432 2259 115 24 colonies.
2582 2260 100 25 Ladies'
2694 2263 97 23 French
2803 2263 115 24 herbace-

2382 2299 43 16 ous
2436 2291 58 31 pills
2514 2291 38 24 for
2580 2293 178 31 irregularities
2780 2295 65 24 from
2869 2303 49 24 any

2381 2331 90 22 cause,.
2488 2326 43 22 10s
2553 2326 95 29 posted.
2683 2327 146 32 Pamphlets
2857 2329 61 24 free.

2382 2357 204 26 Testimonial:
2588 2359 99 31 Napier,
2697 2360 97 33 August
2803 2362 44 26 7th
2854 2364 63 23 1895

2382 2390 64 24 Prof.
2459 2391 131 25 Notmann.
2626 2393 67 25 Dear
2704 2394 80 29 Sir,
2787 2395 13 24 l
2810 2397 108 23 received

2380 2432 61 22 your
2447 2424 74 25 letter
2529 2425 49 24 iast
2591 2426 75 28 week,
2685 2427 49 24 and
2746 2428 14 23 I
2777 2436 40 16 am
2827 2429 90 24 thank-

2381 2456 37 24 ful
2441 2460 25 21 to
2489 2457 53 24 find
2564 2466 49 23 you
2626 2466 41 18 are
2679 2461 104 24 anxious
2801 2463 26 23 to
2848 2461 69 26 know

2382 2489 42 25 the
2436 2489 106 26 benefits
2559 2492 14 23 I
2585 2491 63 26 have
2660 2493 99 26 derived
2779 2494 60 25 from
2857 2504 61 23 your

2380 2525 143 24 treatment,
2560 2525 48 30 bir,
2636 2526 21 25 it
2685 2527 67 32 gives
2780 2536 41 17 me
2850 2532 68 28 great

2380 2556 114 32 pleasure
2507 2560 25 22 to
2543 2558 92 25 inform
2646 2568 49 23 you
2705 2560 56 25 that
2770 2569 15 16 a
2797 2563 121 30 complete

2381 2590 50 23 and
2442 2590 93 31 perfect
2547 2599 58 17 cure
2615 2592 47 24 has
2681 2593 63 25 been
2766 2595 103 25 effected
2893 2596 25 23 of

2381 2622 43 25 the
2436 2623 116 26 maladies
2564 2625 13 24 I
2596 2627 158 30 complained
2773 2628 26 25 of
2810 2630 26 23 to
2859 2637 57 23 you.

2380 2656 14 24 I
2406 2664 40 16 am
2459 2658 115 31 enjoying
2584 2660 64 29 good
2666 2660 92 29 health,
2771 2662 48 23 and
2831 2670 41 16 am
2881 2671 35 16 re-

2381 2690 83 24 stored
2484 2692 25 23 to
2529 2692 86 32 manly
2638 2693 95 31 vigour.
2768 2694 59 25 P.S.
2863 2695 55 32 Any

2380 2723 103 24 sufferer
2492 2724 111 26 desirous
2610 2725 27 24 of
2641 2727 211 33 communicating
2857 2729 60 24 with

2380 2763 40 17 me
2429 2764 49 23 you
2490 2765 42 16 are
2544 2759 26 23 at
2587 2758 89 32 liberty
2700 2761 25 23 to
2746 2761 54 30 give
2821 2769 42 23 my
2875 2762 41 24 ad-

2380 2789 77 30 dress,
2470 2789 37 25 for
2518 2790 14 24 I
2548 2790 48 26 like
2607 2799 62 24 your
2684 2794 118 30 practical
2815 2795 103 25 method

2381 2823 25 23 of
2417 2825 144 23 treatment.
2596 2825 30 24 T.
2641 2825 28 24 C.
2683 2827 117 24 Simpson.

2460 2958 366 44 IMPORTANT

2380 3065 84 30 ALL
2494 3065 121 31 WOOL
2639 3066 171 31 KOSLYN
2832 3066 86 32 AND

2418 3141 296 32 WELLINGTON
2737 3142 153 31 TWEED

2528 3210 258 41 SUITS

2424 3278 66 40 35/-
2509 3278 86 31 Suits
2611 3279 189 31 Eeducedto
2824 3279 66 40 25/-

2422 3340 70 41 --4-
2833 3341 67 41 35/-

2423 3390 149 31 Trousers
2587 3391 62 30 and
2665 3389 73 32 Vest
2805 3389 75 41 13/6

2619 3451 51 21 AT

2408 3503 197 32 PARISH'S
2632 3505 91 30 East
2746 3505 144 30 Oxford.

2382 3641 176 31 OXFORD
2601 3641 190 31 LIBRARY
2832 3641 89 32 AND

2473 3693 200 30 READING
2693 3693 133 31 ROOM.

2378 3799 55 26 The
2462 3800 94 25 Oxford
2583 3799 106 33 Library
2716 3799 23 26 is
2765 3807 64 25 open
2850 3806 72 26 every

2378 3843 115 32 Tuesday
2504 3844 51 24 and
2577 3844 123 32 Saturday
2729 3843 97 31 nights,
2855 3843 65 25 from

2379 3888 60 24 630
2450 3895 70 24 p.m.,
2542 3889 26 23 to
2589 3889 15 23 8
2616 3895 71 23 p.m.,
2711 3887 51 25 and
2793 3895 34 17 on
2849 3895 72 24 every

2377 3930 122 25 alternate
2511 3930 133 33 Thursday
2667 3930 141 29 afternoon,
2840 3930 80 33 (Sale-

2377 3973 72 33 days)
2471 3973 66 25 from
2550 3975 61 23 280
2621 3981 67 24 p.m..
2704 3975 27 24 to
2744 3975 14 23 5
2770 3981 60 24 p.m.
2868 3973 53 26 The

2570 4024 24 22 L.
2613 4024 126 31 REEVES,

2661 4062 69 25 Hon.
2742 4062 143 26 Librarian.

2429 4105 177 24 Subscription
2619 4106 37 31 2/-
2669 4113 50 17 per
2737 4106 130 29 Quarteb.

2439 4213 214 44 HOLLAND
2689 4215 157 44 FINISH

2557 4272 156 43 CALICO

2488 4334 65 33 3d.
2589 4345 73 30 per
2683 4340 115 37 yard.

2633 4413 33 28 at

2488 4461 37 31 R.
2545 4462 40 31 11.
2608 4462 199 34 PARISH'S

1313 185 117 86 R.
1498 182 132 89 H.
1689 177 513 94 PARISH

1460 324 196 59 EAST
1704 322 328 58 OXFORD

1699 407 39 11 m*

1414 455 47 30 IS
1492 453 122 31 NOW
1644 453 58 31 IN
1734 453 227 32 RECEIPT
1993 451 64 32 OF

1402 509 33 20 Ex
1446 509 167 21 IMMI'TAKA
1624 510 63 20 AND
1698 510 102 20 OTHER
1811 510 112 21 DIRECT
1934 508 165 23 STEAMERS,

1359 554 276 47 SUMMER
1715 557 249 53 SEASON,
2038 555 128 45 1895.

1190 652 523 90 PRINTS!
1760 649 575 93 PRINTS!!

1261 802 579 113 Ginghams,
1950 803 325 98 Drills,

1193 955 287 87 Dress
1549 958 395 85 Tweeds
1986 959 109 84 4s
2164 957 177 86 lid

1437 1080 62 21 THE
1513 1081 79 21 FULL
1602 1080 94 22 DRESS
1712 1081 88 21 WITH
1812 1081 112 22 LINING
1940 1081 57 22 FOR
2012 1082 87 21 BODY.

1413 1175 77 29 has
1506 1173 190 33 received
1715 1183 25 21 a
1756 1175 293 38 consignment
2067 1175 43 31 of

1187 1223 300 59 Messrs
1546 1225 420 58 Johnsons
2018 1226 57 57 A
2145 1226 202 57 Sons

1364 1305 266 58 GREAT
1693 1306 449 61 YARMOUTH

1253 1392 226 87 OIL
1563 1391 695 95 CLOTHING

1369 1526 790 81 ENORMOUS^REDIJCTIONS

1198 1655 430 89 MAIDS
1757 1658 595 94 ULSTERS

1308 1792 454 87 Reduced
1808 1800 104 79 to
1955 1797 115 87 2s
2113 1797 162 87 6d.

1553 1956 39 29 3G
1615 1959 32 26 to
1669 1956 39 29 45
1722 1956 104 31 inches
1848 1957 86 40 deep.

1420 2044 582 18 -

1187 2104 81 24 HTHE
1287 2103 116 32 question
1414 2103 22 23 is
1447 2101 100 25 natural
1607 2101 66 30 Why
1686 2100 60 25 send
1762 2103 26 22 to
1800 2101 178 25 Christcliurch
1999 2102 39 25 for
2055 2111 62 24 your
2135 2104 110 34 Drapery
2254 2107 11 23 ?
2301 2107 52 25 The

1195 2137 19 24 1
1252 2137 103 30 drapery
1367 2136 54 24 sold
1430 2136 25 23 m
1465 2135 56 24 that
1533 2135 51 30 city
1595 2142 73 22 every
1680 2142 46 16 one
1740 2135 93 28 knows,
1847 2135 21 24 is
1880 2137 45 22 not
1937 2136 72 24 made
2021 2137 76 28 there,
2117 2136 45 26 but
2174 2138 130 32 imported.
2340 2141 13 24 I

1188 2171 94 30 import
1294 2170 65 24 from
1370 2169 44 24 the
1425 2168 54 24 best
1491 2167 107 31 English
1611 2168 50 23 and
1679 2167 87 25 Scotch
1780 2167 100 25 houses.
1927 2168 71 25 lam
2010 2169 105 25 enabled
2126 2172 26 23 to
2164 2173 123 30 purchase
2305 2173 48 25 low

1188 2204 50 25 and
1248 2203 46 26 sell
1306 2206 26 21 at
1341 2211 16 16 a
1367 2204 54 22 rate
1434 2201 26 24 of
1470 2200 73 32 profit
1557 2201 53 31 (my
1622 2208 120 23 expences
1754 2199 72 33 being
1839 2200 81 32 small)
1934 2201 56 26 that
2002 2203 82 24 would
2096 2203 30 26 be
2145 2204 146 27 considered
2310 2207 42 25 ab-

1189 2238 58 22 surd
1259 2236 32 29 by
1307 2243 48 22 any
1376 2234 179 24 Christcliurch
1579 2233 201 24 establishment.
1834 2234 44 30 My
1900 2234 76 24 Stock
1996 2235 20 23 is
2037 2235 42 24 the
2100 2236 94 31 largest
2213 2239 50 23 and
2286 2243 67 21 most

1188 2269 95 24 tvaried
1293 2267 57 25 that
1360 2267 46 23 has
1418 2274 57 16 ever
1485 2266 63 24 been
1560 2264 87 25 shown
1659 2264 27 24 m
1697 2265 43 25 the
1752 2265 104 29 district,
1869 2265 50 24 and
1931 2266 38 24 for
1980 2267 92 30 quality
2093 2269 48 23 and
2161 2269 72 25 value
2251 2273 59 29 puts
2327 2272 27 24 m

1188 2304 31 22 he
1232 2302 77 24 shade
1326 2300 77 32 goods
1415 2298 91 25 offered
1518 2298 32 31 by
1562 2298 104 31 visiting
1678 2297 117 25 hawkere
1807 2298 62 25 from
1883 2298 43 25 the
1944 2298 182 28 Christcliurch
2139 2309 46 24 rag
2197 2305 88 23 marts.

1221 2356 94 24 Dress
1327 2354 165 30 Materials,
1506 2352 87 25 Plain
1607 2352 59 25 and
1677 2351 104 31 Fancy
1793 2352 80 25 from
1887 2352 49 25 3d.
1950 2358 55 25 per
2013 2354 85 29 yard.

1222 2415 26 25 A
1266 2415 110 28 Strong
1393 2413 88 25 Stout
1497 2412 134 25 Durable
1649 2410 126 31 Kaiapoi
1792 2410 115 26 Tweed
1923 2411 51 32 2/6
1987 2417 54 25 per
2053 2413 75 30 yard

1823 2453 108 26 Makes
1944 2455 155 26 first-class
2117 2456 90 32 Boys'
2227 2457 90 28 Suits.

1222 2510 57 25 Art
1296 2509 139 29 Muslins,
1456 2506 157 31 Cretones,
1633 2505 79 26 Lace
1731 2505 140 26 Curtains
1889 2504 55 26 &c.

1222 2580 25 30 A
1265 2579 111 25 Choice
1393 2577 168 24 Collection
1579 2576 34 23 of
1627 2575 122 31 Gloves,
1776 2574 78 31 Ties,
1885 2574 129 31 Aprons,
2046 2575 165 26 Insertions
2230 2577 54 25 &c.

1223 2629 120 31 Striped
1360 2627 125 26 Galatea
1502 2626 55 32 4/6
1569 2631 55 26 per
1635 2626 107 30 dozen,
1772 2626 103 24 worth
1887 2626 49 24 9d.
1955 2631 54 24 per
2027 2626 84 30 yard.

1223 2690 102 26 Prints
1337 2690 80 24 from
1429 2688 53 25 4d.
1494 2693 55 26 per
1560 2687 85 31 yard.
1659 2686 140 31 Muslins,
1812 2685 139 31 Selesias,
1966 2685 125 32 Calicos,
2106 2686 55 25 &c.

1811 2729 88 25 With
1915 2730 88 23 other
2021 2729 193 26 Manchester
2232 2732 86 31 lines.

1223 2787 87 30 Hats,
1329 2786 104 30 Fancy
1451 2784 60 25 and
1527 2783 107 30 Sailor,
1654 2784 31 23 m
1701 2781 105 26 White
1824 2782 60 24 and
1901 2780 117 26 Colors.

1769 2826 127 25 Newest
1912 2824 123 33 Shapes.
2072 2826 96 31 Large
2185 2827 132 34 Variety,

1221 2884 150 30 Flowers,
1389 2881 156 30 Feathers,
1564 2879 148 30 Ribbons,
1732 2877 105 32 Laces,
1856 2876 76 33 Jets,
1952 2876 54 26 &c.

1696 2918 89 26 With
1801 2920 41 22 all
1860 2918 184 24 necessaries
2061 2918 47 24 for
2126 2918 191 31 Trimmings,

1221 2973 104 30 Fancy
1341 2972 141 28 Frillings
1501 2970 77 30 3yds
1591 2970 46 23 for
1647 2968 36 31 1/-
1701 2968 102 24 worth
1814 2967 51 29 9d,
1884 2971 55 25 per
1950 2968 83 28 yard,

1759 3010 184 31 Umbrellas,
1962 3010 152 30 Parasols,
2133 3010 184 32 Sunshades,

1367 3057 54 12 '^^"
1503 3055 35 13 W
1562 3054 40 12 *
1627 3054 39 11 *^
1750 3053 40 11 ww
1876 3053 40 11 *^
1934 3052 44 12 *^
2060 3053 18 11 *
2082 3053 16 11 w
2126 3053 15 11 w
2141 3052 2 4 '
2144 3053 18 11 w
2162 3053 11 4 ~

1338 3093 334 44 SPECIAL
1759 3089 426 42 FTJ-RCH^SE

1190 3156 110 33 BOYS
1332 3154 89 32 AND
1452 3151 174 32 YOUTHS
1665 3147 217 33 COLONIAL
1915 3146 155 31 TWEED
2097 3147 255 34 OVERCOATS

1675 3211 77 31 with
1776 3210 96 41 Capes

1466 3275 94 30 From
1584 3274 65 29 17s.
1694 3271 51 30 6d.
1790 3269 102 32 worth
1936 3270 66 29 255.
2049 3269 51 29 6d.

1343 3340 197 34 Men's
1583 3338 229 32 Tweed
1856 3337 350 35 Overcoats

1666 3391 97 30 From
1788 3391 65 30 15s.

1379 3451 797 19 jV!kVVVVVOXXVWVVVWVXXVVV>^XVVVVVVVVVXVWVVXVVVVVVVVVV

1423 3479 679 53 Slankets

1188 3565 133 41 English
1336 3567 128 41 Witney
1473 3567 150 30 Blankets
1638 3568 34 27 to
1688 3565 37 30 be
1740 3564 68 31 sold
1823 3568 33 25 at
1866 3563 60 31 less
1934 3563 79 30 than
2027 3561 181 32 Melbourne
2223 3561 129 32 Whole-

1188 3619 63 29 sale
1273 3622 84 38 price
1400 3620 121 31 Double
1536 3619 69 29 Bed
1622 3617 69 31 Size
1715 3619 64 28 12s.
1805 3617 49 30 6d.
1905 3615 102 30 worth
2024 3615 66 30 16s.
2129 3615 49 30 Gd.
2201 3624 56 30 per
2270 3615 78 39 pair.

1355 3689 131 38 cheaper
1500 3687 78 29 than
1593 3685 105 30 Christ
1701 3682 119 31 church
1834 3683 114 30 houses
1962 3682 65 30 will
2042 3682 58 29 sell
2115 3682 95 30 them.

1229 3818 76 32 R.
1331 3815 82 33 H.
1451 3812 315 35 PARISH.
1826 3811 155 32 East
2030 3810 259 33 Oxford.

1421 3934 270 36 LOCAL

1304 3984 404 48 BAELO
1752 3983 167 41 J&.XTD
1966 3981 278 42 PRICE

1490 4038 194 42 Coventry
1722 4034 113 44 Cycle
1884 4033 132 35 Works

1352 4094 39 29 88
1414 4090 201 32 COLOMBO
1640 4088 174 34 STREET,
1860 4085 348 31 CHRISTCHURCH.

1184 4155 58 31 We
1256 4156 119 39 having
1390 4154 94 30 taken
1500 4162 74 21 over
1588 4151 52 29 the
1654 4149 73 31 well
1740 4149 116 28 known
1865 4146 113 35 works,
1995 4147 181 40 machinery
2186 4147 61 30 and
2258 4148 89 29 stock

1183 4198 33 28 m
1230 4196 90 30 trade
1335 4196 77 30 wish
1427 4198 34 26 to
1475 4194 113 29 inform
1604 4191 54 30 the
1680 4190 105 40 public
1799 4188 71 30 that
1884 4199 46 19 we
1946 4198 52 20 are
2013 4189 151 39 prepared
2179 4191 34 28 to
2233 4190 113 29 under-

1183 4238 73 30 take
1272 4237 103 30 orders
1389 4238 49 29 for
1452 4245 70 21 new
1535 4231 159 33 machines
1709 4231 62 30 and
1786 4233 129 27 execute
1934 4231 119 38 repairs
2075 4233 33 26 at
2131 4230 54 30 the
2209 4231 138 30 shortest

1316 4278 102 30 notice
1432 4277 50 31 for
1503 4275 42 31 all
1559 4274 93 30 kinds
1668 4272 35 30 of
1713 4272 214 39 Engineering
1942 4273 62 28 and
2016 4271 95 40 Cycle
2124 4271 96 31 work.

1347 4332 127 21 SPECIAL
1489 4328 176 23 ATTENTION
1682 4327 94 21 GIVtiN
1791 4326 39 21 TO
1844 4325 141 22 COUNTRY
2001 4326 124 24 ORDERS.

1183 4372 121 39 Racing
1317 4369 161 31 Machines
1503 4368 61 30 and
1586 4366 100 39 Light
1708 4364 168 31 Roadsters
1892 4374 19 19 a
1925 4365 157 41 specialty.
2126 4366 48 30 No
2188 4367 155 40 imported

1181 4413 158 31 machines
1353 4411 76 40 kept
1443 4412 32 29 m
1491 4409 99 31 stock,
1606 4408 43 29 all
1664 4407 87 30 work
1765 4407 81 30 done
1860 4416 41 20 on
1915 4406 54 30 the
1992 4408 156 38 premises.
2202 4409 31 29 A
2257 4409 87 39 large

1212 4454 89 33 stock
1316 4452 36 32 of
1362 4454 125 38 Lamps,
1499 4450 95 35 Bells,
1611 4449 61 29 and
1689 4448 128 32 Saddles
1832 4458 40 19 on
1887 4447 84 30 hand
1986 4451 32 27 at
2032 4450 114 31 reduce
2157 4450 131 40 dprices.

615 463 251 45 JOSEPH
911 463 240 45 LOUGH.

760 540 246 24 UNDERTAKER.
1162 543 2 29 j

729 584 108 30 EAST
863 584 186 30 OXFORD.

649 635 103 31 Having
760 635 51 31 just
821 636 123 30 imported
955 637 61 22 from
1025 635 127 31 England,

616 687 54 16 new
693 678 116 32 Designs,
846 687 53 15 new
929 679 151 31 Trimmings
1104 678 48 25 and

616 722 87 28 Robes,
717 723 21 23 is
748 722 117 29 prepared
878 724 25 21 to
913 729 43 16 cor
962 722 59 23 duct
1030 722 123 23 Funerals

617 762 96 27 Adults,
732 764 26 21 at
772 761 45 23 5.
832 761 49 23 and
894 761 124 30 upwards,
1042 761 111 30 polished

616 804 80 28 coffin,
722 804 47 24 and
801 804 194 24 silvermonnteil
1019 804 136 24 Furniture

617 849 75 22 From
706 849 46 22 8.
771 847 133 31 according
917 849 24 21 to
964 847 116 30 Designs.
1116 847 39 23 No

617 894 69 21 extra
698 892 88 29 charge
800 890 37 24 for
849 890 96 23 Hearse
969 898 28 15 or
1016 897 64 23 open
1097 889 56 24 Car-

617 934 74 31 riage.

606 972 2 35 i
650 978 32 24 N.
711 978 30 23 B.
772 976 93 25 Coffins
889 976 57 31 kept
969 978 26 22 m
1026 976 70 24 stock
1118 976 37 24 for

618 1023 87 28 urgent
725 1028 77 16 oases.

640 1175 221 23 oxford
907 1173 236 22 bakery

722 1220 214 30 Established
962 1219 78 28 1862

667 1286 123 27 FLOUE,
804 1286 55 24 best
870 1285 80 25 brand
961 1285 60 31 only
1033 1284 66 31 kept.

619 1329 132 25 SHARPS
758 1348 4 9 ,
799 1328 206 29 OATMEAL,
1042 1326 110 26 BEAN

709 1373 293 27 CHICKENWHEAT,
1021 1373 42 24 &c.

645 1416 40 19 AT
713 1415 123 20 LOWEST
864 1415 142 20 CURRENT
1035 1414 104 23 KATES,

709 1527 52 44 F.
794 1526 50 43 B.
867 1524 188 54 LANE.

725 1599 91 40 (Late
831 1599 39 30 E.
890 1599 161 38 Butcher.)

623 1660 249 34 Watchmaker,
903 1658 183 35 Jeweller,
1104 1656 52 30 &c.

619 1711 124 32 Importer
778 1711 27 22 of
845 1708 107 25 Musical
988 1708 170 24 Instruments

720 1748 111 25 Victoria
854 1747 37 26 St.
922 1747 135 31 Eangiora.

622 1828 99 30 Special
733 1828 70 23 value
826 1826 28 23 m
877 1825 80 24 Extra
981 1826 86 28 strong
1080 1823 78 25 Cased

621 1871 87 32 highly
717 1869 109 25 finished
840 1868 108 31 English
967 1867 80 25 Lever
1056 1866 102 25 Watch-

621 1924 35 16 es.
702 1912 192 28 Manufactured
911 1914 27 22 to
960 1919 43 24 my
1031 1910 72 25 order
1125 1909 33 32 by

621 1956 55 24 best
688 1955 104 25 London
812 1953 106 24 makers.
954 1950 158 33 Unequalled
1120 1950 39 24 for

621 1998 123 26 excellent
757 1996 179 31 Timekeeping
951 1995 51 25 and
1013 1993 144 33 durability.

654 2042 29 25 F.
702 2042 30 24 B.
746 2040 96 25 LANE
855 2038 140 33 personally
1018 2038 71 24 visits
1110 2037 48 24 Ox-

622 2087 53 24 ford
696 2084 124 33 monthly,
844 2084 116 31 carrying
979 2091 16 16 a
1017 2082 69 31 large
1109 2081 50 24 and

621 2129 85 25 choice
741 2128 70 24 stock
839 2127 28 25 of
898 2126 127 28 Watches,
1055 2124 102 29 Chains,

622 2173 133 26 Brooches,
766 2171 87 31 Rings,
866 2169 85 28 Studs,
969 2168 130 25 Pendants
1112 2170 46 26 etc,

624 2216 141 29 Spectacles
787 2213 124 31 (Pebbles,
928 2213 170 24 Pantoscopsc
1110 2211 50 24 and

623 2257 108 31 Crystal)
745 2256 96 27 Clocks,
861 2254 108 32 (Marble
989 2253 50 24 and
1058 2253 101 31 Wood,)

722 2298 156 25 Accordeons
891 2297 50 25 and
952 2296 107 25 Violins.

656 2345 80 24 Exact
748 2343 57 25 date
818 2342 27 25 of
855 2342 62 24 each
928 2341 60 25 visit
1011 2340 22 24 is
1045 2339 107 25 notified

771 2387 27 24 m

622 2432 115 24 Repaiks.
773 2430 39 25 All
825 2429 95 32 repairs
938 2436 41 17 are
997 2427 119 24 executed
1127 2427 31 31 by

621 2477 92 31 myself
734 2483 28 16 or
778 2474 80 24 under
875 2481 42 23 my
938 2471 222 32 superintendence

623 2528 26 17 so
671 2520 56 25 that
747 2521 103 29 patrons
862 2526 46 16 can
932 2517 52 31 rely
1007 2524 33 17 on
1063 2515 98 32 getting

623 2562 154 26 satisfaction
786 2564 26 21 at
824 2561 44 24 the
880 2568 58 23 very
950 2560 87 24 lowest
1046 2559 112 30 charges.

655 2606 105 33 Repairs
772 2614 27 16 or
808 2606 84 24 orders
902 2612 58 24 may
972 2603 30 25 be
1011 2603 44 25 left
1067 2604 25 23 at

622 2656 25 24 J.
667 2653 133 30 Weeber's,
836 2654 65 24 East
925 2652 101 25 Oxford,

621 2702 26 22 at
671 2700 39 24 W.
735 2699 36 24 M.
796 2698 37 27 C,
858 2698 65 24 East
947 2696 102 25 Oxford.

621 2743 24 25 J.
663 2743 100 28 Brown,
777 2740 161 29 Bootmaker,
964 2739 69 25 West
1058 2738 100 25 Oxford.

622 2787 39 24 W.
675 2787 24 24 J.
713 2785 119 26 Crothers
842 2785 18 24 &
873 2783 45 26 Co.
927 2802 6 6 .
955 2782 71 26 Cust.

654 2830 50 24 and
720 2829 51 24 will
780 2828 30 25 be
822 2827 126 32 promptly
960 2825 118 26 attended
1091 2827 34 23 to.

623 2874 54 31 All
688 2874 99 31 Work
800 2873 78 30 clone
890 2883 39 19 on
944 2871 54 31 the
1010 2870 150 30 Premises

745 2926 62 28 and
823 2922 200 41 guaranteed.

624 3023 253 42 MRW.N,
902 3020 258 45 CATHRO,

664 3095 182 23 BARRISTER
861 3094 68 21 AND
946 3092 174 23 SOLICITOR.

774 3136 234 32 RANGIORA.

619 3192 134 30 Attends
769 3190 123 30 Oxford
906 3199 40 20 on
958 3189 97 29 Court
1063 3187 97 40 Days.

619 3264 169 26 Instructions
797 3264 33 31 by
841 3265 57 30 post
910 3262 50 25 will
972 3261 94 25 receive
1078 3267 82 24 prom-

786 3305 28 30 pt
842 3300 134 26 attention.

742 3352 109 21 MONEY
879 3351 38 20 TO
946 3349 89 21 LEND.

668 3437 46 55 S.
748 3436 50 45 B.
822 3432 309 52 SEYMOUR,

820 3502 139 26 DENTIST,

660 3551 41 21 215
716 3547 107 22 Colombo
837 3545 83 24 Street,
944 3542 170 23 Christchurch.

789 3619 140 23 CHARGES
934 3629 35 11 :

687 3664 94 24 Filling,
796 3663 23 19 5f
828 3669 7 17 j
871 3659 134 22 Extraction
1014 3660 26 19 2s
1054 3659 37 20 6d.

645 3730 95 21 Nitrous
750 3726 61 21 Oxid
820 3725 46 21 Gas
876 3723 173 22 Administered
1054 3722 37 22 for
1098 3721 60 22 Pain

616 3772 47 21 less
672 3768 135 23 Extraction
817 3767 24 20 of
849 3766 82 21 Teeth.
965 3765 46 21 Fee
1020 3765 37 20 for
1066 3763 93 21 Admin-

617 3809 110 23 istration
738 3808 32 19 ss.

673 3885 110 26 CHILD
795 3882 108 26 BIRTH
917 3881 96 30 SAFE,
1026 3880 75 25 AND

724 3926 139 27 ALMOST
872 3923 174 26 PAINLESS

618 3972 91 69 BY
755 3971 75 30 using
865 3968 49 25 DR
960 3965 197 27 FAWCETT'S

719 4003 133 26 Medicine.

649 4049 72 26 MRS
744 4045 167 27 BURRELL
933 4044 60 30 begs
1017 4045 27 23 to
1066 4042 90 25 inform

616 4088 42 26 the
670 4086 92 26 Ladies
774 4085 57 24 that
840 4083 45 24 she
894 4083 47 23 has
950 4081 63 24 been
1023 4080 131 31 appointed

615 4128 57 25 Sole
692 4127 75 31 agent
788 4125 28 24 m
840 4119 180 28 Christchurch
1047 4120 38 23 for
1112 4120 44 23 the

614 4167 77 24 above
703 4162 125 27 Medicine
840 4163 26 23 to
882 4158 118 26 facilitate
1014 4156 141 25 Accouche-

614 4208 87 23 nients.
736 4203 92 26 Ladies
839 4208 48 18 can
910 4199 31 25 be
962 4196 114 33 supplied
1095 4196 60 24 with

615 4245 40 24 the
678 4244 76 25 above
776 4241 33 32 by
834 4238 106 31 sending
963 4244 28 18 or
1014 4234 92 32 calling
1129 4236 26 23 at

615 4284 39 24 Mr
675 4282 123 26 Burrell's
820 4278 185 33 Photographic
1027 4274 71 34 place
1130 4274 27 25 of

613 4325 123 24 business.
748 4322 107 25 Gould's
877 4319 143 30 Buildings*
1042 4314 113 27 Victoria

614 4362 89 29 Street,
717 4358 182 29 Christchurch,
919 4356 83 26 where
1022 4354 34 25 all
1076 4353 77 25 infor-

612 4402 96 24 mation
736 4409 46 17 can
810 4400 31 25 be
870 4396 118 28 obtained
1016 4395 57 28 free,
1103 4393 51 26 and

612 4440 117 32 perfectly
771 4439 158 30 satisfactory
961 4434 51 26 and
1045 4432 108 34 genuine

612 4478 166 26 testimonials
790 4485 48 17 can
849 4476 31 26 be
891 4483 67 17 seen.
