3201 4248
80 87 151 23 LICENSING
245 83 160 23 COMMITTEE.

59 152 42 20 The
119 148 75 21 annual
203 147 87 24 meeting
306 146 21 18 of
335 144 33 19 the
378 143 44 24 Bay
441 142 21 19 of

35 179 72 23 Plenty
116 174 109 26 Licensing
234 172 117 20 Committee
366 175 41 13 was
415 168 47 19 held

34 205 21 19 in
62 204 33 19 tho
106 202 132 20 Court-room,
249 197 132 20 Government
393 193 57 21 Build-

35 230 50 25 ings,
97 235 25 12 on
131 225 136 22 Wednesday,
276 223 58 19 when
342 221 35 19 the
385 220 66 18 follow-

35 256 35 22 ing
87 253 100 20 members
207 256 52 14 were
271 249 85 25 present,
380 252 39 12 viz.
431 253 31 11 :

34 282 74 19 Messrs
126 280 20 17 J.
165 278 35 19 W.
220 276 54 22 Gray
288 273 39 19 and
344 272 34 19 W.
393 271 68 24 Elliot,

34 308 106 22 Tauranga
151 298 3 32 ;
175 302 71 19 Edwin
260 298 97 20 Edwards
375 298 40 18 and
434 298 28 18 N.

140 330 77 19 Paeroa
228 335 5 14 ;
253 325 20 19 J.
297 323 113 23 Galbraith,
434 323 28 18 Te

34 359 57 19 Puke
101 347 15 31 •'
130 356 24 20 G.
178 352 114 26 Simpkims,
316 349 131 20 Whakatane
457 347 4 31 ;

35 373 81 32 and'J.
135 382 108 23 Chapman.
266 376 88 26 Opotiki.
381 374 25 20 In
427 374 35 19 the

36 411 83 19 absence
137 409 21 19 of
166 403 117 23 Lieut.-Col.
299 402 93 22 Roberts,
403 400 58 23 S.M.,

34 438 33 19 Mr
76 436 61 20 Elliot
146 439 40 14 was
196 429 57 21 voted
265 431 20 16 to
295 428 34 19 the
339 428 61 17 chair.

62 463 32 19 Mr
103 461 104 20 Thomson,
219 454 66 24 Clerk,
299 453 48 20 read
356 452 33 19 the
399 452 63 25 police

36 490 75 21 reports
118 488 20 18 of
147 485 33 19 the
189 482 80 20 various
276 480 72 19 houses
356 478 40 19 and
405 477 56 19 those

37 515 78 23 against
136 509 65 22 which
222 514 26 13 no
278 505 109 25 objections
410 509 52 13 were

35 541 63 22 made,
109 544 49 14 were
168 532 141 24 unanimously
319 529 91 27 granted.

63 567 32 19 Mr
104 565 53 19 Moss
166 558 101 28 appeared
276 564 25 13 on
320 557 68 19 behalt
398 557 20 17 ot
428 557 33 15 Mr

36 595 17 19 E
77 591 27 21 H.
119 588 82 24 Pilling,
220 586 28 18 Te
257 583 58 22 Puke
333 581 68 22 Hotel,
421 579 40 19 and

37 617 60 21 asked
104 616 44 20 that
165 613 36 19 the
208 612 74 18 license
291 609 31 19 fee
332 608 24 18 be
374 607 87 18 reduced

35 647 50 18 from
107 641 73 23 twenty
199 640 20 17 to
238 636 68 19 fifteen
328 632 79 27 pounds
426 638 35 19 per

36 676 72 14 annum
118 673 25 13 on
161 664 83 20 account
253 661 21 19 of
289 661 34 18 the
334 661 96 23 stoppage
440 658 21 18 of

35 697 33 20 the
74 695 40 20 flax
120 692 91 22 industry
219 687 65 21 which
292 687 66 18 meant
367 691 11 12 a
385 690 76 13 serious

34 723 39 19 loss
83 723 19 16 to
111 719 33 19 his
157 717 66 19 client.
250 713 33 19 Mr
293 710 106 20 Galbraith
415 716 34 18 pro-

33 746 67 23 posed,
111 742 97 22 seconded
217 741 27 24 by
252 739 34 19 Mr
297 737 108 25 Simpkins,
416 736 45 19 that

33 774 34 20 the
76 772 81 25 request
166 769 25 19 bo
200 765 90 27 granted.
318 762 79 26 Agreed
408 763 19 17 to

59 797 81 21 Several
157 794 65 20 hotels
231 797 52 14 were
295 789 92 25 reported
405 789 20 17 to
437 789 23 16 be

33 828 36 18 out
87 824 20 19 of
121 822 66 25 repair
206 818 39 20 and
258 817 22 19 in
301 815 48 20 each
368 819 44 14 caso
434 818 25 13 an

33 849 135 24 undertaking
191 850 40 16 was
250 844 59 24 given
323 841 26 24 by
367 839 34 20 the
415 844 33 19 pro-

33 878 85 23 prietors
128 881 21 13 or
159 870 80 22 counsel
247 871 20 17 to
276 868 52 19 have
344 866 33 19 the
386 865 73 18 houses

32 905 38 24 put
87 903 21 18 in
117 905 72 21 proper
208 896 56 20 order
278 894 68 19 before
363 891 33 19 the
410 891 49 17 next

33 927 102 24 quarterly
144 924 94 23 meeting.

59 955 18 19 A
95 950 85 22 renewal
202 949 21 18 of
236 947 34 18 the
290 944 71 20 license
379 942 31 18 for
423 940 35 20 the

33 979 110 21 Yorkshire
161 976 52 22 Grey
223 971 62 20 Hotel
288 970 3 30 ,
306 970 94 21 Eotorua,
417 973 40 13 was

33 1005 80 26 applied
118 1004 38 19 for.
182 1001 33 18 Mr
223 999 8 18 3
236 996 116 27 [umphreys
358 992 99 28 appeared

33 1033 32 19 for
83 1030 99 24 applicant
193 1025 39 19 and
246 1021 81 22 assured
342 1021 33 19 the
389 1018 68 20 Bench

34 1059 44 19 that
96 1056 34 19 the
138 1055 63 18 house
210 1051 40 19 had
263 1049 50 19 been
331 1045 91 20 removed
437 1047 20 16 to

33 1085 27 19 its
76 1089 44 14 new
133 1081 44 22 site,
196 1078 44 19 that
255 1076 17 18 it
285 1073 40 20 had
344 1072 48 20 been
405 1077 39 13 com-

33 1110 74 22 pletely
125 1103 104 23 furnished
239 1101 38 20 and
292 1106 39 13 was
349 1104 43 13 now
406 1103 51 19 open

34 1138 32 18 for
74 1134 34 21 the
126 1127 166 25 accommodation
302 1125 20 19 of
331 1124 33 19 the
382 1124 74 24 public.

60 1158 106 23 Constable
175 1156 83 22 Murray
268 1151 41 20 alto
323 1148 90 27 reported
422 1148 35 19 the

33 1185 117 26 completion
172 1181 21 20 of
215 1180 33 19 the
276 1176 98 24 building.
416 1174 41 19 .Iho

33 1214 71 19 license
111 1216 40 14 was
158 1203 141 26 unanimously
306 1200 84 28 granted
424 1200 33 19 An

33 1237 120 25 application
170 1239 42 14 was
229 1230 58 20 made
300 1228 27 24 by
344 1227 33 19 Mr
391 1226 49 19 Hum-

32 1263 74 23 phreys
113 1263 32 19 for
154 1261 33 19 the
197 1254 133 24 Committee's
346 1254 81 18 consent
436 1254 21 16 to

32 1291 76 24 change
126 1287 34 20 the
169 1291 57 14 name
236 1282 21 19 of
271 1282 33 19 tho
313 1280 62 19 house
391 1282 21 16 to
422 1278 34 19 the

32 1313 99 24 'Palace.'
160 1309 92 23 Granted.

56 1342 42 20 The
107 1339 62 25 police
187 1334 92 26 reported
288 1333 43 19 that
347 1333 33 17 the
395 1333 48 17 Boto-

31 1374 37 16 rua
77 1365 61 23 Hotel
152 1362 65 22 would
226 1359 78 27 require
321 1356 135 21 considerable

31 1393 75 25 repairs
115 1391 67 21 before
201 1388 34 20 the
244 1387 48 19 nest
307 1383 75 21 annual
395 1385 48 17 meet-

33 1421 40 22 ißK.
100 1418 20 21 It
129 1423 39 15 was
187 1412 65 22 stated
260 1412 28 25 by
297 1410 33 20 Mr
339 1409 55 20 Moss
412 1408 44 20 that

31 1446 33 21 Mr
81 1442 99 24 Falloon's
198 1440 52 21 lease
273 1435 81 28 expired
372 1441 21 14 in
407 1434 36 27 Sep-

33 1472 74 24 tomter
116 1470 39 21 and
164 1468 34 21 the
213 1463 115 23 Committee
345 1461 81 21 decided
430 1464 25 25 Jo

33 1501 58 19 Brunt
108 1497 33 20 tho
154 1495 73 21 license
241 1490 40 22 and
297 1488 43 21 deal
359 1487 48 21 with
422 1486 33 22 the

32 1527 70 22 matter
112 1526 20 18 at
149 1522 47 20 next
206 1515 101 30 quarterly
320 1517 94 22 meeting,
433 1519 22 15 or

31 1552 57 24 tfhen
99 1557 10 14 a
118 1549 75 24 change
203 1545 47 20 took
259 1543 61 26 place.

57 1577 42 22 The
115 1576 71 20 license
201 1572 32 20 for
246 1571 34 19 the
299 1567 71 21 Palace
385 1565 67 25 Hotel,

32 1601 18 10 *i
66 1592 3 21 .
110 1609 8 4 „
137 1607 38 6 ~.,„
275 1595 31 18 for
324 1593 27 20 bv
360 1593 32 16 Mr
402 1592 50 17 TVml

32 1603 94 25 Svcioi'ua,
137 1607 40 14 was
275 1603 1 27 .
276 1611 28 4 ~-
327 1610 19 20 y
402 1609 11 14 r
420 1609 34 3 ---

32 1630 99 23 Cheshire,
138 1628 32 20 Mr
177 1623 75 28 Joseph
258 1621 93 21 Mcliae's
356 1625 96 14 nominee.

32 1656 33 23 Mr
81 1654 128 26 Humphreys
223 1647 97 29 appeared
339 1647 31 19 for
390 1652 54 20 appli-

33 1686 45 19 cant
116 1682 57 19 After
192 1684 52 14 some
257 1675 109 19 discussion
384 1675 15 17 it
414 1679 40 12 was

31 1708 99 25 Birreedto
140 1708 57 24 grant
205 1704 33 19 the
248 1701 119 26 application
374 1705 24 13 on
408 1705 33 13 con-

31 1736 63 21 dition
116 1734 43 20 that
181 1738 12 13 a
212 1729 84 20 transfer
318 1726 31 20 fee
372 1726 20 18 of
414 1727 39 17 two

34 1762 76 26 pounds
132 1760 25 19 bo
178 1756 52 27 paid.
266 1753 33 20 Mr
323 1750 131 28 Humphreys

33 1788 64 21 Stated
114 1786 42 20 that
165 1785 31 18 his
207 1783 57 19 client
280 1778 73 21 wished
367 1779 20 18 to
404 1777 50 19 alter

33 1815 33 20 tho
74 1819 57 14 name
140 1811 21 20 of
170 1810 33 19 tho
213 1806 61 21 Hotel
285 1807 19 18 to
314 1805 32 19 the
370 1803 75 20 Grand.

31 1840 43 21 Tho
95 1837 115 22 Committee
241 1832 105 21 consented
376 1832 20 17 to
419 1832 34 17 the

25 1867 88 24 .change.
323 1882 12 9 ~
415 1867 4 24 .

57 1892 19 20 A
93 1890 106 25 complaint
208 1887 26 25 by
248 1886 33 19 the
297 1884 62 25 police
375 1882 79 23 against

31 1918 33 21 Mr
82 1917 90 20 William
190 1914 84 20 Tanner,
294 1908 69 22 Waihi
385 1908 66 23 Hotel,

31 1951 41 14 was
81 1944 47 19 then
139 1941 52 20 dealt
200 1938 54 21 with.
281 1936 33 20 Mr
325 1934 129 26 Humphreys

31 1969 99 25 appeared
147 1969 32 18 for
195 1966 33 19 Mr
241 1964 79 19 Tanner
337 1960 39 20 and
390 1959 65 19 stated

30 1997 44 19 that
83 2002 24 12 no
117 1994 64 20 notice
190 1992 22 20 of
221 1990 32 19 tho
264 1988 72 25 charge
354 1986 39 20 had
403 1986 51 19 been

30 2024 44 19 sent
92 2024 20 16 to
121 2021 31 18 his
162 2020 59 19 client
231 2023 20 12 as
265 2013 92 26 required
374 2013 27 24 by
407 2013 4 30 _
420 2013 34 17 the

28 2047 38 21 Act
84 2047 39 20 and
132 2046 25 19 he
167 2044 46 20 held
227 2042 44 19 that
287 2040 34 18 tho
337 2039 117 18 Committee

27 2073 58 20 could
93 2075 34 16 not
136 2070 74 21 receive
220 2068 33 19 the
268 2064 112 27 complaint.
408 2063 44 19 Tho

26 2098 67 22 Bonch
116 2096 73 24 upheld
220 2094 33 19 the
275 2092 112 19 contention
410 2089 38 19 and

27 2124 84 25 granted
120 2120 33 22 the
171 2122 77 19 license.
275 2117 42 19 The
333 2116 117 19 Committee

27 2152 41 19 also
78 2148 121 22 commented
208 2152 53 19 upon
279 2143 34 20 tho
322 2143 40 19 fact
371 2141 44 19 that
424 2148 26 12 no

29 2177 89 20 evidence
136 2176 20 18 in
170 2174 57 26 proof
241 2171 20 19 of
271 2171 33 18 the
323 2169 72 24 charge
410 2167 41 20 had

27 2204 50 21 boon
86 2201 86 26 brought
180 2197 86 22 forward
275 2196 27 25 by
312 2195 33 19 the
354 2194 67 25 police.

53 2230 32 19 Mr
103 2227 129 25 Humphreys
247 2221 64 21 stated
328 2220 44 20 that
394 2220 57 19 there

29 2262 38 15 was
85 2256 71 24 urgent
182 2250 96 24 necessity
300 2247 32 20 for
349 2246 102 19 increased

29 2279 162 24 accommodation
201 2279 21 17 at
231 2274 126 22 Waitokauri
370 2272 39 19 and
418 2271 32 20 his

29 2309 63 22 client,
104 2307 31 19 the
144 2303 111 28 proprietor
269 2301 21 19 of
300 2300 33 19 the
342 2299 67 22 Hotel,
420 2305 20 12 in-

31 2334 69 20 tended
109 2335 19 17 to
137 2331 57 19 make
205 2326 135 22 considerable
352 2325 99 18 additions

32 2362 20 18 to
61 2360 32 19 the
108 2359 61 19 house
178 2354 96 28 provided
287 2352 34 20 the
335 2350 117 21 Committee

33 2386 62 20 would
106 2385 43 25 givo
159 2390 25 12 an
194 2385 105 16 assurance
316 2378 44 19 that
369 2383 39 19 any
418 2382 22 19 ap-

31 2412 90 24 plication
142 2410 31 18 for
195 2414 12 14 a
225 2406 72 20 second
315 2402 62 21 Hotel
396 2402 56 19 there

31 2437 64 22 would
100 2439 32 17 not
136 2437 25 19 be
169 2432 128 22 entertained.
325 2430 33 19 He
365 2429 87 24 thought

31 2466 42 20 that
90 2463 65 20 before
169 2461 31 20 his
213 2459 60 20 client
295 2458 58 24 spent
370 2463 11 12 a
396 2456 56 24 largo

33 2498 41 14 sum
84 2491 19 19 of
111 2495 69 19 money
189 2492 54 20 upon
253 2484 55 19 these
318 2482 99 19 additions
426 2482 26 19 ho

31 2517 69 21 Bhould
120 2516 25 19 bo
161 2511 101 29 protected
281 2510 28 25 by
328 2508 34 20 the
383 2509 68 19 Bench

33 2545 50 19 from
102 2541 114 27 opposition.
243 2538 26 19 In
283 2541 77 14 answer
377 2538 21 17 to
417 2535 34 19 tho

33 2569 107 24 Chairman,
148 2564 145 28 theapplicant,
306 2561 44 20 who
360 2568 40 13 was
407 2568 33 19 pre-

32 2598 48 22 sent,
96 2594 61 20 stated
166 2592 44 20 that
219 2590 33 20 tho
266 2589 62 19 house
342 2590 20 17 at
371 2590 80 23 present

33 2622 92 19 consisted
135 2620 19 20 of
161 2618 69 21 twelve
238 2613 80 28 rooms..
337 2613 42 20 The
387 2621 51 19 popu-

33 2648 59 20 lation
109 2647 19 20 of
137 2642 125 25 Waitekauri
276 2648 40 13 was
327 2639 60 21 about
407 2642 43 17 300.

34 2674 25 19 At
76 2674 54 19 times
143 2673 24 18 he
186 2670 55 20 could
255 2670 35 18 not
306 2666 144 22 accommodate

40 2700 98 19 travellers
148 2693 4 29 ;
166 2700 20 17 at
196 2696 66 19 others
271 2694 35 20 the
314 2693 61 20 house
385 2693 66 25 might

33 2726 24 21 be
67 2727 68 24 empty.
161 2724 58 19 After
228 2719 133 22 considerable
376 2719 64 20 discus-

33 2752 46 24 sion,
90 2751 33 21 the
131 2750 120 22 Committee,
262 2753 25 13 on
297 2745 34 20 tho
345 2746 75 19 motion
429 2745 22 19 of

33 2778 31 20 Mr
73 2778 57 24 Gray,
146 2775 79 21 decided
234 2775 44 19 that
292 2778 21 14 as
323 2771 47 26 long
380 2778 21 12 as
416 2771 35 20 the

31 2806 76 24 present
117 2802 58 21 Hotel
184 2803 40 19 met
233 2801 34 19 the
276 2798 143 25 requirements
429 2797 22 19 of

33 2830 32 20 the
74 2830 72 19 district
156 2829 38 19 and
207 2834 40 13 was
257 2832 28 14 we
286 2825 5 12 1
294 2825 7 19 !
318 2823 107 20 conducted
434 2824 16 19 it

33 2862 38 14 was
92 2858 34 18 not
142 2855 59 25 likely
215 2853 43 19 that
276 2850 84 22 another
377 2850 73 20 license

32 2882 63 21 would
104 2881 24 21 be
137 2881 88 26 granted.

57 2908 31 20 Mr
105 2907 125 26 Humphreys
248 2905 42 19 said
312 2903 25 19 ho
352 2903 99 25 appeared

33 2936 30 20 for
73 2940 10 15 a
92 2935 55 20 client
163 2928 49 25 who'
223 2931 73 20 wished
310 2933 20 16 to
344 2929 85 20 transfer
438 2935 13 14 a

33 2961 69 21 license
114 2961 20 19 in
144 2960 31 20 the
186 2958 74 21 district
266 2960 19 16 to
292 2956 83 20 Galatea
385 2956 66 19 where

32 2988 54 20 there
96 2994 37 13 was
150 2988 70 24 urgent
230 2983 49 21 need
297 2983 31 19 for
341 2989 26 12 an
377 2988 61 13 accom-

33 3014 97 20 modation
140 3013 67 21 house.
234 3011 33 19 He
276 3008 107 21 submitted
393 3008 57 25 plans

33 3040 21 20 of
71 3039 32 20 tho
120 3040 93 25 proposed
231 3036 91 25 building
331 3036 31 18 for
380 3034 34 19 the
421 3034 20 19 in-

33 3066 84 25 spection
127 3067 19 18 of
158 3066 32 19 the
208 3063 115 22 Committee
332 3061 38 20 and
389 3061 62 19 asked

33 3091 32 20 for
86 3098 25 12 an
128 3098 100 13 assurance
241 3091 44 19 that
307 3089 33 19 the
363 3087 88 20 removal

33 3117 66 21 would
111 3117 24 20 be
153 3117 79 25 granted
250 3119 21 17 at
288 3117 47 17 next
349 3113 102 27 quarterly

32 3143 91 25 meeting.
149 3143 20 20 If
178 3144 38 19 this
226 3149 48 14 were
281 3142 59 25 given
346 3140 25 19 ho
379 3141 60 18 under-

34 3170 46 20 took
90 3171 19 18 to
115 3170 50 19 have
170 3170 32 19 the
215 3170 60 19 house
285 3168 61 24 icady
354 3167 32 18 for
395 3173 44 13 occu-

33 3197 67 24 pation
120 3197 26 24 by
158 3195 117 27 September.
301 3194 33 20 Mr
347 3194 56 20 Moss
417 3195 22 19 ob-

34 3223 65 27 jected
114 3224 19 18 to
148 3229 38 17 any
201 3227 100 14 assurance
315 3221 62 25 being
391 3222 59 24 given

32 3250 58 20 when
99 3255 24 13 no
132 3248 62 19 notice
204 3248 20 19 of
241 3248 12 18 tl
263 3254 10 13 e
283 3248 117 24 application
411 3248 39 18 had

33 3276 50 21 been
105 3274 109 21 advertised
236 3280 20 13 so
278 3274 43 18 that
341 3273 110 25 objections

31 3302 66 26 might
118 3302 25 19 be
165 3300 76 24 lodged.
267 3300 32 18 Mr
321 3299 131 26 Humphreys

31 3328 47 20 held
95 3327 44 20 that
156 3327 33 18 Mr
201 3326 53 19 Moss
267 3326 38 19 had
323 3332 25 13 no
367 3326 55 24 right
431 3329 20 17 to

33 3361 73 19 appear
113 3354 20 19 in
142 3353 40 19 this
191 3358 43 13 case
240 3352 35 19 and
286 3352 94 25 appealed
388 3354 20 17 to
417 3353 35 20 the

31 3380 115 20 Committee
155 3381 35 17 not
199 3380 20 17 to
229 3378 43 24 give
281 3378 40 19 him
335 3384 12 13 a
360 3378 90 27 hearing.

31 3406 33 21 Mr
78 3406 54 19 Mo«
153 3404 107 21 contended
278 3404 43 20 that
342 3405 25 19 he
380 3407 41 19 had
440 3415 12 12 a

32 3432 74 26 perfect
113 3432 53 25 right
175 3434 19 16 tu
203 3436 77 21 appear,
306 3431 59 19 After
373 3433 79 20 further

33 3457 109 26 wrangling
151 3458 89 18 between
250 3456 80 21 Cout>ppl
340 3458 34 19 tl*n
382 3459 28 19 C]-
427 3460 16 18 V

33 3490 47 13 man
88 3483 59 19 asked
156 3484 32 18 Mr
203 3483 127 25 Humphreys
348 3485 15 18 if
377 3486 24 19 hj,.
412 3486 11 19 h
440 3487 9 16 ,'

34 3516 39 18 any
90 3509 88 21 evidence
192 3511 19 18 to
229 3509 24 19 sh
260 3516 21 12 >w
295 3505 34 24 iho
342 3512 50 18 need
410 3513 21 18 of
440 3519 12 12 a

34 3535 60 19 house
112 3537 20 17 at
145 3536 87 18 Galatea.
259 3535 32 19 Ho
306 3536 61 20 called
385 3538 34 19 Mr
427 3539 23 18 E.

35 3561 114 24 Robertson,
168 3562 92 19 Rotorua.
277 3562 50 23 who,
341 3563 22 19 in
376 3570 77 14 answer

35 3587 33 19 Mr
81 3587 124 26 Humphreyi
223 3588 41 18 said
276 3587 24 20 ho
314 3594 40 14 was
373 3597 11 13 a
393 3591 59 19 coach

35 3619 55 22 propi
95 3612 53 20 i';tor.
174 3614 8 18 1
187 3614 19 18 [e
212 3614 55 18 knew
273 3613 88 21 Galatea.
389 3617 63 19 There

35 3645 42 14 was
96 3646 25 13 no
144 3645 68 19 proper
234 3641 165 21 accommodation
421 3644 32 19 for

34 3665 107 21 travellers.
167 3667 62 19 Theio
251 3674 49 13 were
320 3670 38 18 two
380 3669 72 20 houses

28 3692 46 20 .but
81 3691 16 20 if
106 3692 33 19 tho
156 3693 66 25 people
236 3700 49 12 were
299 3695 50 19 from
359 3695 58 20 home
427 3702 25 12 no

35 3718 58 26 place
107 3718 55 19 could
175 3718 25 20 be
214 3722 33 22 got
255 3722 20 16 to
290 3720 53 25 sleep
353 3721 26 19 in.
407 3721 45 25 Any

35 3751 38 14 one
95 3745 78 24 putting
194 3751 26 19 up
241 3752 23 12 an
287 3747 164 21 accommodation

34 3772 63 20 house
108 3772 19 17 at
142 3770 79 20 Galatea
239 3772 63 19 would
318 3773 79 19 deserve
406 3780 35 18 sup-

34 3799 52 25 port.
113 3796 49 19 Was
179 3799 18 16 at
219 3796 78 22 Galatea
312 3805 24 13 on
351 3799 33 19 7th
398 3799 54 25 May.

34 3824 27 19 In
79 3829 75 13 answer
166 3825 20 16 to
203 3822 32 20 Mr
255 3823 45 26 Sin-.]
307 3824 51 24 kins,
374 3825 79 19 witness

35 3849 65 20 stated
120 3848 57 21 .there
202 3855 49 12 were
272 3850 50 19 from
342 3851 68 19 fifteen
433 3853 20 18 to

35 3876 74 22 twenty
132 3874 113 25 Europeans
264 3878 20 15 at
305 3876 87 21 Galatea.
420 3876 33 20 Ho

35 3900 65 21 didn't
105 3900 58 20 know
166 3900 35 21 the
204 3900 64 20 nativo
278 3902 118 24 population.
420 3903 33 19 He

35 3927 86 20 couldn't
132 3933 34 18 say
176 3926 16 18 if
204 3926 55 19 there
267 3933 49 12 were
325 3930 35 17 200
370 3929 82 19 natives.

34 3954 56 24 They
99 3952 49 26 kept
156 3952 79 23 coming
245 3952 37 18 and
299 3954 64 23 going.
390 3955 64 19 There

34 3985 52 14 wore
94 3985 12 13 a
113 3978 50 26 good
177 3978 83 19 number
269 3977 20 20 of
302 3980 98 21 travellers
408 3981 46 20 who

34 4005 72 26 passed
128 4003 88 25 through
239 4003 88 21 Galatea.
352 4005 22 20 E.
388 4007 52 25 Long-

34 4031 42 23 dill,
99 4030 102 20 examined
224 4029 27 24 by
266 4029 33 19 Mr
320 4030 131 29 Humphreys.

34 4057 45 19 said
96 4057 27 21 he.
133 4057 58 19 know
215 4055 88 20 Galatea.
330 4056 48 20 Was
399 4059 55 20 there

33 4083 40 22 last
83 4083 58 21 week.
170 4081 73 27 Stayed
262 4083 19 17 at
291 4088 11 12 a
311 4082 74 25 private
393 4083 61 21 houso

481 82 22 18 of
518 80 58 21 three
593 85 71 14 rooms.
693 80 64 19 There
771 80 67 19 would
852 81 26 20 be
888 88 25 13 no

483 105 168 20 accommodation
666 106 33 18 for
706 112 40 18 any
756 113 37 12 one
803 109 71 23 except
882 108 31 19 for

481 132 34 19 the
534 130 94 20 kindness
650 131 22 18 of
684 132 36 18 the
742 132 68 19 native
826 132 86 22 teacher.

481 158 33 19 An
537 156 169 19 accommodation
736 157 65 19 house
824 163 40 14 was
887 165 25 13 an

481 182 93 21 absolute
588 182 96 25 necessity
702 182 33 19 for
749 182 35 20 the
804 184 100 25 travelling-

481 209 75 25 public.
584 207 35 19 Six
637 214 22 12 or
674 208 56 25 eight
751 209 70 19 horses
840 209 40 19 bad
893 212 20 17 to

480 234 61 20 stand
548 233 42 20 tied
608 240 27 18 up
654 233 27 19 all
691 234 59 24 night
768 234 59 19 when
836 235 26 19 ho
873 242 40 12 was

480 261 63 18 there.
572 259 84 19 Galatea
671 259 17 18 is
698 259 35 19 tbo
751 262 68 16 centre
835 261 20 18 of
868 262 45 18 four

480 292 23 13 or
525 285 38 20 five
586 291 44 12 new
652 285 65 18 roads.
745 285 43 19 The
806 285 55 19 Hon.
880 287 33 19 Mr

483 311 77 19 Carroll
570 310 39 19 and
624 309 66 20 others
708 311 41 18 had
766 313 20 17 1o
800 318 27 18 go
836 308 56 22 on*to
902 319 11 12 a

481 337 75 19 station
578 342 53 13 some
657 336 58 19 miles
734 337 76 19 distant
828 337 85 20 because

480 363 56 19 there
558 368 41 13 was
621 368 26 12 no
676 363 177 19 accommodation.
880 363 33 20 Mr

480 388 130 26 Humphreys
634 388 110 19 contended
759 388 45 19 that
824 389 26 18 ho
872 389 41 19 had

481 415 58 18 made
549 418 35 14 out
603 419 11 12 a
624 413 52 24 good
693 420 44 13 case
751 414 32 19 for
793 421 12 12 a
820 414 63 19 Hotel
892 417 21 17 at

483 440 83 19 Galatea
577 439 39 18 and
626 439 25 19 lie
669 440 62 19 ashed
741 440 35 19 the
795 440 118 20 Committee

480 468 19 17 to
511 465 89 19 sanction
609 464 34 19 the
662 466 86 19 erection
763 466 21 19 of
793 466 35 19 tbo
846 466 55 19 build-

480 492 41 24 ing.
551 490 81 19 Colonel
648 490 87 21 Roberts
745 492 73 19 visited
828 492 83 19 Galatea

480 516 115 27 frequently
605 516 39 19 and
654 523 12 12 a
684 516 64 20 Hotel
766 518 67 19 would
843 518 39 18 add
892 520 20 17 to

480 543 33 19 his
531 543 89 19 comfort.
648 542 33 19 Mr
704 542 103 27 Simpkins
821 544 43 19 said
878 544 34 18 the

479 569 118 24 Europeans
633 568 21 18 in
681 569 84 19 Galatea
801 569 110 20 numbered

478 595 69 19 fifteen
558 593 39 19 and
605 593 103 21 travellers
712 596 65 18 would
783 598 36 16 not
826 601 85 20 average

479 621 93 25 eighteen
596 626 12 12 a
629 626 54 20 year.
721 621 43 19 The
789 621 49 20 load
861 622 50 18 from

481 647 28 19 To
516 646 54 19 Teko
586 647 20 17 to
624 645 85 20 Galatea
725 654 39 12 was
782 648 48 18 nine
843 647 68 19 inches

482 673 49 24 deep
541 672 20 18 in
571 671 49 19 sand
630 671 39 19 and
688 672 34 19 the
732 673 54 19 main
793 673 61 19 coach
862 673 49 18 road

481 697 65 20 would
557 704 58 12 never
626 703 25 19 go
660 697 88 26 through
758 699 90 19 Galatea.
877 698 34 20 Ho

480 723 87 25 thought
586 723 35 18 the
634 723 98 27 granting
749 725 21 19 of
784 724 40 20 this
838 725 73 19 license

481 750 64 19 would
568 749 73 24 simply
657 751 37 23 put
708 751 120 25 temptation
842 751 20 18 in
876 750 35 19 the

480 781 43 19 way
533 774 21 19 of
563 774 34 19 the
605 775 77 19 natives
692 776 45 19 who
745 783 51 12 were
807 776 103 19 turbulent

478 800 82 25 enough
574 800 85 19 without
668 801 72 25 liquor.
768 802 34 19 He
812 802 98 25 proposed

478 827 45 18 that
537 826 33 19 the
593 826 68 19 Bench
679 828 68 19 refuse
770 828 34 19 the
822 830 87 22 request.

476 852 33 19 Mr
533 852 105 25 Chapman
656 854 98 19 seconded
777 854 34 19 the
827 854 81 19 motion.

476 878 88 19 Carried.

502 904 65 19 There
575 904 63 25 being
647 911 26 13 no
683 906 80 19 further
772 906 92 19 business
875 905 34 20 the

476 930 89 24 meeting
572 930 117 24 adjourned.

520 979 56 19 THE
592 979 95 21 FORTH
701 981 112 21 BRIDGE
827 982 32 20 IN

629 1006 123 20 WINTER.

501 1058 21 19 It
532 1058 17 19 is
560 1058 130 26 satisfactory
705 1061 22 19 to
748 1061 55 19 learn
820 1061 44 19 that
875 1059 32 20 the

476 1084 52 20 frost
542 1084 23 20 of
579 1084 33 20 the
629 1085 39 19 last
681 1085 40 20 few
742 1087 65 19 weeks
833 1086 54 25 (says
897 1093 10 12 a

476 1112 68 18 recent
554 1110 84 26 English
652 1113 80 25 paper),
753 1113 35 19 the
799 1113 78 25 longest
888 1113 18 19 in

476 1137 94 20 duration
595 1138 53 19 since
672 1138 34 20 the
721 1139 89 25 opening
833 1139 21 19 of
874 1139 33 19 the

476 1164 64 19 Forth
560 1163 81 26 Bridge,
660 1164 34 20 has
715 1168 36 16 not
767 1165 109 19 interfered
888 1167 19 17 nt

476 1190 26 18 nil
521 1189 47 20 with
588 1190 34 18 tho
636 1190 122 21 mechanical
781 1191 90 25 working
887 1190 20 21 of

476 1215 34 20 the
525 1218 109 22 structure,
653 1223 37 13 nor
705 1218 47 19 with
763 1218 35 19 the
808 1218 64 19 traffic
882 1225 24 12 on

477 1242 33 19 the
521 1242 87 19 viaduct.
636 1242 34 19 All
679 1243 34 20 the
723 1244 110 25 expansion
843 1244 64 25 joints

476 1275 35 13 are
535 1268 98 26 behaving
657 1270 117 26 admirably.
816 1272 28 17 At
868 1270 39 20 this

476 1301 71 12 season
567 1295 21 19 of
607 1295 34 19 the
660 1302 48 18 year
723 1296 34 20 the
772 1296 99 20 variation
887 1296 20 21 of

476 1322 138 24 temperature
623 1321 17 19 is
658 1322 38 19 less
707 1322 49 20 than
768 1322 32 20 for
816 1324 91 19 instance

475 1347 20 20 in
507 1347 61 25 April
579 1354 22 13 or
611 1347 55 26 May,
677 1348 39 20 and
727 1355 22 13 so
766 1349 34 20 the
814 1349 62 20 effect
887 1349 20 20 of

475 1373 53 20 frost
542 1380 26 13 on
588 1373 34 20 the
637 1374 69 26 bridge
725 1375 17 20 is
756 1375 87 26 scarcely
863 1382 33 18 per-

475 1400 92 26 ceptible.
596 1399 41 21 The
654 1407 62 19 range
730 1402 23 19 of
772 1403 134 25 temperature

474 1433 44 14 now
530 1426 16 21 is
557 1426 51 21 from
621 1426 36 21 five
665 1428 20 19 to
697 1431 32 16 ten
735 1428 86 26 degrees,
833 1428 61 21 where-

474 1460 21 13 as
506 1452 20 21 iti
538 1452 48 25 May
599 1454 57 20 there
668 1454 15 19 is
694 1454 118 28 frequently
823 1454 53 22 frost
886 1456 19 19 in

474 1479 33 21 the
518 1479 94 26 morning
630 1480 38 20 and
680 1487 91 20 evening,
782 1482 68 19 varied
862 1482 25 26 by
896 1488 9 13 a

474 1506 67 21 hotter
561 1513 37 14 sua
618 1506 49 21 than
678 1508 16 19 is
713 1507 85 28 enjoyed
818 1508 20 21 in
855 1508 38 21 Feb-

474 1539 66 21 ruary.
582 1532 42 21 The
654 1537 92 18 warmest
768 1535 37 25 day
827 1537 21 19 at
872 1534 34 22 the

474 1560 69 26 bridge
567 1566 40 15 was
628 1560 19 21 in
662 1560 59 24 June,
741 1562 57 24 1393,
814 1562 38 21 and
872 1561 33 22 tho

473 1586 76 21 coldeet
561 1593 39 14 was
620 1586 88 28 Sunday,
721 1587 72 22 March
806 1588 54 21 10th.
872 1588 33 21 the

474 1616 89 19 extreme
593 1618 112 16 movement
734 1615 89 20 between
847 1615 57 21 those

473 1642 102 19 occasions
586 1640 61 26 being
657 1641 24 20 29
699 1642 10 19 1
718 1642 26 20 32
755 1641 68 21 inches
835 1649 24 13 on
871 1641 33 22 tbe

473 1666 134 26 canti-levers,
632 1668 71 25 saying
727 1668 86 26 nothing
830 1668 22 21 of
871 1668 34 21 the

472 1694 131 26 approaches.
647 1694 81 26 Bun'ug
765 1695 35 20 the
836 1698 68 18 recent

473 1724 67 20 etoim,
552 1727 54 13 snow
619 1721 82 19 covered
720 1720 35 21 the
771 1721 83 21 viaduct
863 1724 20 18 to
894 1729 10 13 a

471 1748 63 25 depth
546 1747 22 19 of
578 1747 46 20 fcur
643 1747 75 25 inches,
733 1748 37 19 but
788 1755 52 13 none
860 1749 22 20 of
888 1749 14 20 it

474 1774 61 25 clurg
544 1774 68 21 to.tho
622 1776 101 17 structure
733 1774 63 25 itself,
807 1776 64 24 owing
883 1778 21 16 to

473 1800 33 19 the
526 1800 84 20 absence
634 1800 21 19 of
680 1801 59 19 wind.
767 1801 83 27 During
869 1801 35 21 the

473 1828 40 18 two
533 1826 93 26 previous
645 1826 83 21 winters
745 1830 84 17 matters
853 1834 51 14 were

474 1853 101 19 different.
604 1853 41 19 The
655 1860 54 13 snow
725 1860 40 13 was
779 1854 48 19 then
838 1854 64 20 blown

472 1879 19 20 in
516 1886 59 19 every
607 1880 74 19 crevice
700 1880 39 20 and
763 1880 79 26 frozen,
864 1880 39 21 and

474 1906 55 19 when
546 1913 12 12 a
574 1905 52 20 thaw
645 1912 54 14 came
718 1906 35 20 the
768 1913 54 14 F.now
836 1908 35 19 fell
882 1913 20 13 in

474 1934 43 18 tons
537 1932 43 20 into
596 1932 33 20 the
649 1934 67 22 water,
733 1940 25 12 on
774 1935 21 18 to
815 1934 34 19 tho
864 1934 29 19 via-

475 1959 64 23 ducts,
549 1959 39 19 and
600 1959 50 19 from
662 1959 33 19 the
705 1960 100 24 approach
826 1960 77 25 girders

473 1992 25 12 on
522 1985 34 19 the
581 1985 73 19 houses
676 1987 20 17 at
711 1985 35 21 tho
769 1987 61 19 north
854 1987 48 23 side,

473 2012 105 25 damaging
601 2011 141 26 considerably
772 2013 52 19 their
848 2013 55 19 roofs

473 2039 40 18 and
537 2037 89 26 porches.
655 2039 16 18 A
696 2039 124 19 rcmaikablo
835 2046 56 13 occur-

472 2070 58 13 rence
546 2065 21 19 in
592 2064 117 20 connection
730 2065 48 19 with
803 2065 34 20 the
852 2065 50 19 frost

472 2097 39 12 was
532 2090 43 19 that
594 2097 12 13 a
615 2091 38 19 few
673 2090 47 25 days
735 2098 37 18 ago
787 2098 37 13 one
839 2091 21 20 of
871 2092 33 18 the

473 2117 76 18 several
560 2116 55 25 large
630 2122 72 14 masses
712 2117 22 19 of
744 2117 28 19 ice
792 2117 62 20 which
866 2118 36 19 had

473 2142 76 20 drifted
560 2142 52 19 from
622 2142 35 20 the
671 2149 64 19 upper
746 2144 81 19 reaches
838 2144 21 20 of
869 2144 34 19 the

473 2168 62 20 Forth
560 2169 78 19 became
670 2169 52 19 fixed
753 2172 88 18 Detween
869 2170 35 20 the

473 2195 109 19 cantilever
600 2195 43 25 pier
654 2197 21 17 at
685 2196 34 19 the
738 2196 60 19 south
812 2196 43 20 side
865 2197 37 19 and

472 2221 35 20 tho
518 2221 52 20 main
581 2222 49 24 pier,
639 2228 21 13 so
669 2221 46 20 that
734 2223 17 19 it
761 2229 40 13 was
816 2223 88 24 possible

473 2250 19 17 to
504 2248 64 19 travel
578 2248 52 19 from
641 2255 37 12 one
688 2249 59 25 point
757 2251 20 17 to
789 2249 35 19 the
840 2249 62 24 other,

471 2281 10 12 a
506 2274 90 20 distance
614 2274 21 19 of
648 2276 39 18 6SO
711 2275 48 23 feet,
774 2282 23 12 or
817 2277 20 18 to
854 2276 48 19 walk

471 2301 72 20 ashore
558 2301 54 19 from
621 2300 33 20 the
670 2301 112 20 Caledonia.
813 2303 76 19 Accord-

471 2327 33 25 ing
529 2329 21 18 to
574 2327 34 19 the
640 2329 120 18 ftatementß
787 2328 22 20 of
832 2329 71 25 people

471 2354 87 19 familiar
569 2354 48 19 with
629 2354 33 19 the
681 2354 89 25 locality,
781 2355 47 19 such
840 2362 12 12 a
860 2356 42 18 feat

472 2380 34 19 has
516 2387 59 13 never
593 2380 69 20 before
672 2380 48 20 been
742 2381 93 25 possible.
864 2381 25 20 Be-

471 2406 52 20 sides
535 2407 94 25 escaping
646 2407 57 20 much
720 2414 60 18 snow,
791 2408 36 19 the
838 2407 63 20 Forvb

471 2433 74 25 Bridge
562 2434 34 19 has
607 2433 48 20 been
676 2434 105 20 otherwise
796 2435 105 19 fortunate

471 2459 40 19 this
523 2460 77 19 winter.
629 2460 28 19 As
671 2460 16 19 is
697 2460 103 26 generally
820 2461 79 24 known,

471 2488 16 16 rt
496 2487 16 18 is
523 2486 88 25 entirely
630 2486 103 26 repainted
748 2493 48 14 once
804 2487 20 19 in
845 2487 56 20 three

469 2518 65 19 years,
546 2520 9 12 o
572 2512 53 19 third
643 2515 45 23 part
702 2513 59 26 being
784 2514 52 19 done
854 2514 45 19 each

469 2545 54 19 year,
542 2539 39 19 and
596 2539 18 19 it
632 2546 62 13 seems
714 2539 45 20 that
777 2540 35 20 the
827 2540 72 21 second

471 2566 85 24 portion,
581 2566 109 25 extending
713 2566 50 20 from
784 2566 35 20 the
841 2566 58 20 couth

469 2591 101 27 approach
591 2593 21 18 to
628 2591 34 21 the
681 2592 58 20 south
755 2592 74 20 central
845 2600 55 18 span,

471 2625 38 12 was
532 2618 111 26 completed
667 2618 20 20 in
716 2619 117 23 December,
857 2619 44 26 just

469 2644 70 20 before
549 2651 9 15 a
568 2644 51 21 wind
628 2648 63 17 storm
699 2646 102 20 occurred.
831 2646 68 19 About

470 2671 77 20 sixteen
571 2673 46 18 tons
641 2672 21 19 cf
680 2672 64 21 mixed
766 2672 67 26 paints
850 2679 51 14 were

469 2698 47 19 used
528 2697 19 20 in
558 2698 34 19 tho
603 2698 59 19 work.

930 83 42 19 MR
988 83 60 19 AND
1066 84 57 19 MRS
1149 84 204 20 SPOOPENDYKE.

1026 137 46 19 TUB
1082 142 99 14 JtEDICINK
1188 143 68 13 CHEST.

1028 170 40 26 (By
1075 171 74 25 Bently
1162 172 94 24 Hunter.)

1106 197 43 19 said
1168 196 34 20 Mr
1207 196 153 26 Spopepiidyke,

931 222 52 19 aftor
993 229 12 13 a
1022 222 49 25 long
1081 223 41 19 and
1138 223 81 24 gloomy
1233 229 67 19 pause,

930 247 54 24 dear,
1000 248 40 19 I'm
1056 251 37 16 not
1110 249 77 24 feeling
1203 255 48 18 very
1269 249 46 19 well
1331 252 20 16 to-

931 273 65 25 night,
1008 274 40 18 and
1063 274 12 18 I
1090 274 59 19 think
1159 275 34 18 I'll
1209 275 47 18 tako
1274 281 55 13 some
1341 276 20 18 of

931 299 57 19 thoso
998 299 126 19 anti-bilious
1134 300 53 25 pills.
1215 300 52 19 That
1276 301 46 18 idea
1340 301 21 18 of

930 331 66 17 yours,
1023 325 35 19 tho
1083 326 45 18 idea
1144 325 21 19 of
1179 325 77 25 having-
1280 332 12 12 a
1309 326 52 19 little

930 350 98 20 medicine
1035 351 60 24 chest,
1104 351 48 19 with
1160 351 119 25 everything
1285 351 74 25 handy,

930 376 17 17 is
953 382 26 12 an
989 377 98 19 excellent
1097 383 43 17 one,
1150 376 39 20 and
1198 376 17 19 if
1224 383 39 17 you
1273 384 36 12 can
1319 377 41 19 find

930 401 57 19 those
996 402 53 25 pills,
1059 403 12 18 I
1085 402 77 19 believe
1172 402 33 19 I'll
1215 402 46 19 tako
1270 409 12 12 a

1036 435 33 12 are
1079 429 44 25 just
1132 428 55 20 what
1190 434 42 18 you
1317 429 43 18 said

930 452 43 19 Mrs
996 452 154 28 Spoopendyke,
1179 459 16 19 sj
1203 449 156 30 apathetically,

929 484 51 18 your
989 481 75 23 tongue
1074 480 17 19 is
1101 479 68 20 coated
1184 479 39 18 and
1240 486 51 17 your
1308 485 39 13 com-

928 503 83 26 plexion
1019 505 58 20 looks
1087 512 47 18 very
1144 504 77 25 yellow,
1231 505 67 24 lately.

959 530 89 20 "Pelon't
1057 530 112 21 remember
1186 530 75 25 calling
1276 537 26 12 on
1320 537 40 18 you

930 555 32 19 for
970 562 41 17 any
1021 558 90 18 remarks
1122 556 64 20 about
1189 562 35 19 my
1229 556 131 25 complexion',

930 581 42 19 Mrs
990 583 152 24 Spoopendyke,
1169 582 39 19 and
1233 588 21 13 as
1271 583 32 17 for
1326 588 34 17 my

929 609 76 22 tongue
1014 608 62 25 being
1086 608 75 23 coated,
1179 614 29 14 wo
1226 607 42 20 will
1281 614 79 12 assume

928 631 45 20 that
984 634 16 18 it
1009 633 37 20 has
1056 635 43 18 also
1109 636 35 23 got
1154 640 26 12 on
1197 636 49 21 vest,
1264 635 95 22 trousers,

929 659 39 18 and
979 659 63 19 boots.
1070 659 66 21 What
1159 660 12 18 I
1193 659 60 19 asked
1268 659 33 19 for
1318 665 41 13 was

928 684 53 25 pills,
1000 685 53 25 pills,
1064 684 2 27 .
1076 686 44 18 Mrs
1148 685 150 26 Spoopendyke,
1323 686 37 17 not

928 708 100 28 oratory.!,'

955 736 42 19 Mrs
1005 737 147 26 Spoopendyke
1170 736 80 20 bustled
1268 736 43 19 into
1325 736 34 19 tho

928 762 108 24 cupboard,
1066 763 42 19 and
1135 763 52 19 after
1208 762 2 24 •
1223 762 135 19 considerable

928 788 75 23 search,
1013 788 65 20 found
1087 796 13 12 a
1115 789 73 19 ribbon
1205 788 40 19 box
1256 788 48 19 with
1321 794 37 12 one

928 814 38 18 end
975 814 93 19 knocked
1077 817 41 17 out.
1146 815 26 18 In
1188 814 16 19 it
1223 820 50 13 were
1290 814 45 18 half
1347 820 11 13 a

928 839 60 19 dozen
1000 840 48 19 blue
1055 847 73 19 papers
1137 840 45 20 that
1186 838 100 27 belonged
1296 842 20 16 to
1324 838 34 21 tho

927 864 56 26 large
993 866 39 19 end
1042 867 21 18 of
1073 873 11 12 a
1095 867 77 18 seidiitz
1182 866 86 24 powder,
1284 871 12 13 a
1311 864 47 20 doso

927 891 40 19 and
976 898 12 12 a
995 892 45 18 half
1049 892 21 19 of
1079 892 88 25 boheset,
1179 898 11 12 a
1201 890 81 20 hursted
1295 897 63 20 paper

927 917 21 19 of
957 917 54 24 salts,
1023 924 26 12 an
1059 921 69 22 empty
1137 918 136 24 cough-syrup
1286 917 69 24 bottle,

927 944 39 18 two
975 943 67 26 lumps
1049 944 20 18 of
1079 951 68 18 sugar,
1155 944 46 18 four
1208 943 47 19 soda
1259 943 96 23 crackers,

927 968 43 19 half
980 976 12 12 a
1001 969 72 24 lemon,
1085 976 12 13 a
1115 970 55 25 lump
1189 969 22 19 of
1226 969 99 24 camphor,
1346 976 12 12 a

926 995 91 19 mustard
1025 995 83 26 plaster,
1123 996 40 19 and
1172 1001 60 13 seven
1241 995 36 26 pill
1295 995 62 19 boxes

927 1021 84 19 without
1021 1028 74 12 covers.

953 1047 5 10 1
965 1046 70 21 Ithink
1043 1049 11 17 t
1056 1046 2 27 ;
1068 1053 11 13 o
1089 1055 10 12 c
1106 1047 71 20 nretle
1184 1047 47 25 pills
1235 1053 40 20 you

927 1073 40 19 said
986 1073 42 19 Mrs
1057 1073 155 26 Spoopendyke,
1243 1073 113 26 scratching

926 1100 74 18 around
1012 1100 19 18 in
1044 1100 34 19 the
1089 1100 76 19 bottom
1174 1100 23 19 of
1207 1099 35 19 the
1259 1099 96 20 medicine

927 1125 61 20 cheet.
1079 1132 39 19 you
1140 1126 109 19 remember
1267 1125 88 20 whether

927 1151 45 25 they
981 1158 51 13 were
1043 1152 65 25 white,
1120 1153 75 23 brown,
1206 1159 22 12 or
1239 1151 56 20 black

952 1178 50 19 "I'm
1030 1181 36 16 not
1096 1178 113 26 particular
1238 1178 61 20 about
1321 1178 34 19 the

925 1202 92 25 colour,''
1028 1205 112 25 responded
1155 1205 35 19 Mr
1201 1204 153 26 Spoopendyke,

925 1230 140 26 sardonically.
1112 1231 60 21 vVhat
1182 1230 11 19 I
1204 1233 53 16 want
1275 1231 15 19 is
1302 1231 42 19 anti-

925 1257 72 19 bilious
1010 1257 52 25 pills.
1089 1258 10 18 I
1109 1257 87 25 brought
1207 1257 57 20 homo
1283 1264 11 13 a
1309 1257 44 25 box,

926 1284 37 19 and
976 1284 42 19 told
1028 1289 40 19 you
1076 1285 21 18 to
1117 1286 38 23 put
1174 1284 36 19 'em
1231 1290 54 18 away
1301 1291 43 12 care-

926 1310 56 25 fully.
1011 1310 20 19 IE
1061 1309 71 26 you've
1149 1310 93 19 drowned
1260 1310 53 19 them
1334 1310 19 19 in

926 1336 15 19 tl
949 1339 21 17 at
980 1336 31 19 old
1022 1336 39 19 bos
1073 1338 17 17 it
1101 1336 50 19 isn't
1162 1343 30 17 my
1203 1336 59 20 fault.
1290 1336 65 21 What

926 1363 10 18 I
948 1365 53 17 want
1011 1364 15 17 is
1039 1362 51 26 pills,
1099 1362 125 20 anti-bilious

1030 1388 55 20 locks
1102 1388 40 22 like
1254 1395 21 14 ta
1278 1388 2 24 :
1283 1388 12 21 d
1310 1389 44 20 Mrs

925 1415 153 27 Spcoperulykr,
1089 1414 108 27 squashing
1209 1421 36 15 one
1264 1416 89 20 between

925 1442 34 21 her
969 1442 69 21 thumb
1047 1443 37 19 and
1097 1442 68 25 finger,
1176 1441 38 20 and
1226 1442 90 26 smelling
1334 1446 20 16 at

925 1468 16 21 it
960 1468 116 27 cautiously.
1174 1474 40 21 yen
1245 1468 109 23 remember

925 1496 87 20 whether
1019 1495 45 27 they
1076 1501 51 15 wore
1139 1496 136 26 sugar-coated

994 1522 25 21 do
1036 1522 56 26 not,*'
1109 1521 89 28 rejoined
1226 1522 35 20 Mr
1289 1523 52 23 Spoo-

925 1548 97 28 pendyke,
1031 1550 50 20 ''nor
1092 1549 24 20 do
1127 1552 9 17 i
1148 1548 108 21 remembar
1266 1548 87 21 whether

924 1571 103 32 ibeywbro
1041 1582 11 15 a
1062 1576 100 25 stand-up
1182 1582 23 15 or
1221 1583 12 13 a
1243 1576 47 26 plug
1311 1575 40 21 hat.

924 1602 20 21 If
953 1610 39 18 you
1003 1602 60 21 think
1071 1603 38 20 I'm
1120 1603 60 27 going
1191 1605 20 17 to
1231 1603 26 20 sit
1276 1603 74 20 around

924 1629 45 20 here
983 1628 40 22 like
1050 1636 12 14 a
1081 1630 51 20 bock
1151 1637 25 12 on
1196 1630 93 26 heraldry
1313 1629 37 20 and

923 1656 77 21 furnish
1019 1663 38 19 you
1071 1656 47 21 with
1129 1657 35 20 the
1182 1658 129 19 antecedents
1330 1656 22 21 of

923 1682 52 21 them
994 1684 46 24 pills
1057 1684 73 24 you've
1144 1684 40 19 lost
1275 1683 22 20 of
1315 1689 36 13 our

923 1710 100 23 relations,
1035 1710 45 20 Mrs
1090 1710 154 25 Spoopendyke.
1271 1710 9 19 I
1299 1712 52 17 want

923 1738 20 17 to
954 1736 57 19 know
1023 1737 88 20 whether
1121 1743 38 20 yon
1171 1743 36 14 can
1223 1736 40 21 find
1273 1735 36 22 'em
1330 1743 21 13 or

993 1788 40 20 this
1044 1795 38 14 one
1092 1790 23 19 of
1132 1790 54 19 them
1230 1790 59 19 asked
1307 1789 44 19 Mrs

923 1816 155 26 Spoopendyke,
1097 1816 82 26 chasing
1212 1823 11 12 a
1249 1816 100 24 refactory

923 1842 61 24 pellet
995 1842 41 19 into
1047 1849 9 12 a
1069 1849 73 13 corner
1151 1842 38 19 and
1202 1842 73 25 fishing
1289 1843 16 18 it
1315 1846 33 16 out

923 1868 45 19 with
979 1875 54 12 some
1043 1868 122 26 misgivings.
1238 1868 55 20 looks
1311 1869 40 18 like

922 1894 22 25 it,
955 1894 37 20 and
1004 1895 11 18 I
1028 1896 55 19 can't
1090 1895 58 20 thick
1160 1895 53 19 what
1221 1895 40 20 else
1271 1895 33 20 it's
1311 1895 39 24 for,

922 1922 90 24 Suppose
1023 1928 39 16 you
1072 1922 47 19 take
1127 1922 70 24 tliis?',

1024 1948 16 18 it
1049 1955 34 18 say
1090 1955 54 12 soon
1153 1948 33 19 the
1195 1955 57 12 cover
1261 1948 8 19 ?
1297 1948 54 19 Does

923 1973 33 20 the
967 1981 57 12 cover
1033 1981 33 18 say
1076 1975 35 19 it's
1120 1974 125 20 anti-bilious
1254 1974 21 19 ?''

982 2000 54 20 cau't
1047 2000 39 20 find
1099 2001 33 19 the
1240 2008 50 19 resp-
1299 2001 51 19 nled

923 2027 43 19 Mrs
972 2027 153 26 Spoopendyke,
1130 2027 40 26 hel[
1178 2027 66 25 lessly.
1265 2027 86 20 "Here's

922 2060 10 12 a
943 2053 37 19 box
988 2053 3 23 ;
1003 2053 39 20 will
1053 2054 43 19 that

1002 2079 4 26 !
1015 2080 106 25 certainly,
1132 2079 99 26 anything
1243 2080 20 19 'll
1274 2080 25 19 do
1319 2080 33 19 for

995 2105 75 20 howled
1079 2105 34 21 Mr
1121 2105 153 28 Spoopendykp.

923 2132 10 18 1
944 2133 53 17 want
1007 2131 16 20 is
1034 2138 11 13 a
1054 2132 38 19 box
1104 2133 39 19 ar.cl
1163 2140 12 12 a
1192 2131 41 26 pill.
1262 2133 20 19 It
1295 2132 56 20 don't

923 2157 56 20 make
989 2164 38 19 any
1038 2158 109 20 difference
1156 2158 89 20 whether
1264 2159 46 25 they
1326 2152 34 32 go!

923 2183 91 24 together
1032 2191 22 13 or
1073 2188 43 16 not.
1144 2185 33 20 Do
1202 2192 38 18 you
1266 2185 56 20 know
1341 2192 10 12 a

924 2210 34 24 pill
969 2210 51 20 from
1031 2218 11 12 a
1052 2211 128 25 post-office?
1209 2213 41 18 Can
1261 2219 40 19 you
1316 2211 34 20 tell

921 2236 34 20 the
963 2236 110 21 difference
1082 2238 89 20 between
1180 2245 10 13 a
1209 2238 85 23 pill-box
1311 2238 39 19 and

920 2270 11 12 a
942 2262 108 27 policeman
1060 2264 9 18 ?
1098 2264 69 25 S'poso
1192 2264 38 20 I'm
1250 2267 61 22 going
1330 2267 21 17 to

920 2289 79 19 eat°one
1010 2290 21 19 of
1041 2290 57 20 tboso
1108 2291 69 25 things
1185 2291 85 19 without
1280 2291 57 19 know-

922 2316 34 25 ing
967 2316 88 20 whether
1066 2317 25 19 its
1102 2324 11 13 a
1124 2318 87 20 rai'read
1223 2317 51 19 bond
1296 2324 21 12 or
1340 2324 12 12 a

920 2349 47 12 corn
979 2343 94 24 plaster?
1102 2344 65 20 What
1181 2344 33 19 did
1229 2350 25 19 yo
1265 2344 39 20 mix
1315 2343 36 21 'em

921 2375 27 19 up
955 2369 31 19 for
1125 2369 70 27 S'pose
1205 2369 40 22 I'm
1253 2376 61 21 going
1331 2373 20 17 to

921 2394 104 27 speculate
1033 2395 22 21 in
1065 2396 58 20 these
1139 2397 47 24 pills
1205 2397 31 19 till
1254 2404 36 12 one
1310 2397 41 19 hits

921 2428 31 20 my
962 2421 65 20 liver?
1057 2423 66 19 Think
1135 2423 37 19 I'm
1183 2424 60 25 going
1263 2426 20 16 to
1303 2423 46 19 take

923 2447 12 19 't
943 2458 17 12 m
968 2449 19 18 in
995 2455 87 18 courses,
1089 2449 40 19 like
1137 2456 25 13 an
1170 2451 74 18 alumni
1253 2448 98 28 banquet?

920 2474 71 22 Envoi
998 2478 35 22 got
1044 2477 20 18 to
1076 2478 35 23 got
1120 2479 35 16 out
1166 2483 11 13 a
1186 2476 67 20 search
1263 2478 88 18 warrant

919 2505 18 17 te;
949 2503 41 19 find
1011 2503 53 19 them
1076 2503 46 26 pills

1062 2536 40 19 you
1118 2531 38 24 put
1167 2536 24 13 on
1210 2529 41 19 this
1261 2529 90 20 mustard

1025 2557 109 24 suggested
1142 2557 45 19 Mrs
1198 2555 153 27 Spoopendyke,

920 2583 82 25 holding
1012 2581 17 21 it
1039 2588 27 20 up
1078 2581 69 21 before
1157 2583 46 19 him.
1255 2582 94 20 Mustard

920 2609 15 19 is
946 2609 33 20 tho
992 2610 42 18 best
1043 2608 58 26 thing
1109 2609 20 19 in
1140 2609 34 19 tho
1181 2609 59 20 world
1254 2611 19 17 to
1283 2608 65 21 excite

919 2637 66 19 action
997 2635 20 20 of
1028 2635 34 20 the

1006 2662 4 26 !
1034 2668 39 19 yes,
1099 2662 106 24 certainly,
1228 2662 103 26 certainly,

920 2689 83 21 sneered
1015 2689 34 19 Mr
1059 2689 155 26 Spoopendyke.
1268 2689 62 19 What
1341 2695 9 13 o

920 2715 50 21 head
992 2715 71 26 you've
1083 2719 35 21 got
1137 2715 32 20 for
1188 2714 83 27 physic!
1300 2715 22 20 If
1341 2715 10 19 I

920 2742 57 20 could
989 2745 32 23 get
1032 2749 39 17 you
1089 2744 22 17 to
1128 2742 47 19 hold
1187 2749 11 12 a
1216 2742 33 19 red
1261 2741 50 26 light
1331 2742 19 18 in

919 2776 50 19 your
980 2769 69 19 mouth
1061 2768 40 19 and
1111 2768 28 20 tie
1160 2776 10 12 a
1189 2768 49 19 soda
1257 2768 93 20 fountain

920 2795 75 20 around
1006 2801 50 19 your
1068 2794 50 21 neck
1129 2794 33 21 I'd
1172 2797 52 18 start
1243 2801 39 19 you
1301 2794 32 20 for
1341 2801 10 13 a

920 2822 92 20 chemists
1023 2821 55 26 shop.
1107 2822 52 19 How
1167 2828 34 14 are
1211 2827 38 19 you
1261 2821 59 25 going
1330 2822 20 19 to

921 2849 25 20 tie
956 2856 11 13 a
977 2848 90 21 mustard
1080 2848 76 26 plaster
1163 2848 77 19 arouud
1253 2854 31 19 my
1294 2847 57 20 liver?

921 2876 62 19 Don't
990 2882 38 19 you
1036 2874 57 21 know
1101 2875 33 19 tho
1143 2875 109 19 difference
1261 2874 88 20 between

920 2909 10 12 a
941 2902 90 19 mustard
1044 2902 76 25 plaster
1130 2902 40 19 and
1186 2908 10 13 a
1206 2902 38 19 bax
1256 2900 21 20 of
1289 2901 45 25 pills

920 2928 64 21 What
995 2928 33 19 did
1043 2935 39 19 you
1094 2928 47 26 spill
1158 2928 35 20 'em
1205 2927 37 24 for,
1255 2927 81 25 anyhow
1346 2926 4 28 !

920 2955 66 20 Think
997 2955 36 19 I'm
1045 2955 61 26 going
1116 2957 21 18 to
1157 2957 34 18 eat
1210 2954 65 20 mixed
1297 2954 52 26 pillf,

921 2982 39 20 like
969 2982 62 23 candy

946 3009 53 20 "L'it
1009 3015 31 13 me
1051 3007 71 26 think,'
1134 3008 42 20 Bni-1
1189 3009 44 19 Mrs
1243 3008 94 24 Spoopen-

921 3035 57 27 dyke,
995 3034 103 27 musingly.
1224 3034 59 20 white
1302 3041 47 13 ones

920 3069 33 12 are
968 3061 94 28 quinine;
1086 3061 56 20 these
1161 3062 70 19 brown
1252 3061 45 26 pills
1316 3067 33 14 are

920 3088 73 26 opium,
1012 3095 43 12 now
1080 3089 11 19 I
1115 3088 115 22 remember,
1254 3088 38 19 and
1315 3088 34 19 tiro

922 3115 107 20 blackoues
1038 3122 33 13 are
1078 3115 35 20 the
1122 3121 33 13 one
1162 3121 9 14 s
1179 3120 39 22 you
1223 3114 60 21 want.
1299 3114 49 20 How

920 3148 58 18 many
991 3140 56 21 miiko
1058 3148 11 13 a

948 3167 98 22 "None"'
1062 3168 65 26 yelled
1144 3168 34 19 Mr
1197 3167 151 27 Spoopendyke.

921 3195 81 25 "S'pose
1012 3194 38 20 I'm
1061 3194 59 26 going
1129 3196 22 18 to
1158 3195 47 19 take
1214 3194 57 20 those
1280 3194 68 26 firings

922 3229 24 12 on
958 3222 52 19 their
1029 3221 84 20 colour?
1151 3221 65 20 Think
1235 3222 38 19 I'm
1287 3220 60 26 going

920 3249 22 19 to
948 3254 38 14 run
1002 3248 34 18 the
1055 3248 85 19 chances
1153 3248 20 19 of
1194 3248 63 25 filling
1276 3248 72 25 myself

922 3281 25 19 up
958 3274 47 19 with
1015 3273 67 27 oqium
1092 3274 44 25 just
1151 3277 20 16 to
1188 3276 40 18 test
1245 3281 49 18 your
1313 3281 35 17 eye.

920 3300 32 20 for
963 3300 65 21 tints?
1056 3300 44 19 Thii
1109 3300 13 19 k
1137 3301 37 18 I'm
1184 3298 61 28 ge'ing
1263 3302 21 17 to
1301 3300 47 20 shut

922 3334 31 18 my
963 3334 46 18 eyes
1026 3326 39 20 and
1082 3327 53 18 draw
1152 3333 11 12 a
1178 3327 35 25 pill
1229 3326 40 20 like
1283 3327 10 19 I
1309 3334 39 13 was

920 3352 82 28 playing
1012 3360 11 13 a
1033 3360 55 18 game
1099 3353 21 18 of
1130 3352 79 21 forfeits
1218 3353 8 18 ?
1263 3353 10 19 I
1292 3354 56 19 don't

921 3383 52 16 want
982 3386 39 18 any
1037 3379 45 25 pills
1093 3385 89 20 anyway.
1219 3379 71 21 Throw
1309 3382 37 17 'em

920 3406 45 19 out!
995 3406 57 19 Pitch
1061 3405 34 19 the
1106 3406 97 19 medicine
1217 3405 56 20 chest
1285 3408 35 18 out
1327 3407 21 19 of

920 3432 35 20 the
965 3432 80 20 window
1055 3431 4 27 !
1087 3431 58 20 Next
1156 3431 49 20 time
1215 3432 11 19 I
1240 3434 52 17 want
1304 3433 44 25 pills

922 3458 71 20 I'll—"

946 3486 45 19 Mrs
1014 3484 146 26 Spoopendyke
1185 3487 38 23 put
1240 3484 35 20 tho
1293 3486 54 19 chest

991 3511 39 19 and
1045 3518 21 13 as
1083 3511 35 20 she
1137 3511 33 20 did
1194 3518 22 13 to
1238 3511 80 20 noticed
1337 3519 11 12 a

920 3538 56 19 small
987 3538 37 19 box
1035 3538 45 19 that,
1091 3537 38 20 had
1139 3538 62 19 fallen
1213 3540 38 17 out
1271 3538 25 19 oh
1315 3538 33 19 the

920 3564 58 20 shelf.

946 3591 63 19 'Here
1017 3589 47 26 tho-y
1073 3591 108 23 ar**,-dear,'
1195 3590 33 20 she
1238 3590 49 24 saici,
1296 3590 42 19 smil-

921 3617 40 26 ing,
972 3617 39 19 and
1022 3617 72 25 pcinti-
1102 3623 13 19 g
1125 3618 36 18 cut
1172 3617 32 19 the
1223 3617 51 19 label
1285 3619 19 17 to
1315 3617 33 19 her

921 3644 54 25 liege.

946 3677 47 23 'Oh,
1014 3683 40 19 ye-,
1074 3676 22 21 of
1219 3677 84 23 growled
1316 3678 33 19 Mr

920 3702 153 28 Sp'oopenelykc,
1083 3702 120 25 'you'fcuml
1220 3704 44 23 'em,
1284 3703 64 20 didn't

921 3730 54 25 you?
1006 3728 94 21 Couldn't
1118 3736 45 18 g've
1183 3729 36 19 'em
1239 3731 21 18 to
1280 3737 29 12 mo
1328 3731 22 18 at

927 3756 48 23 first,
986 3755 59 20 could
1054 3756 56 22 you?
1141 3755 91 20 Another
1242 3756 52 23 time,
1305 3756 45 19 Mrs

926 3777 152 31 Spoopendyke,
1089 3782 7 19 1
1107 3789 11 10 v.
1125 3784 35 17 ant
1168 3788 39 18 you
1217 3784 21 16 to
1247 3782 29 19 let
1282 3782 66 25 things

923 3808 64 20 alone.
1015 3808 65 19 Don't
1089 3814 45 13 ever
1144 3810 38 23 put
1192 3808 98 25 anything
1298 3815 52 13 more

922 3834 21 19 of
955 3835 50 18 mine
1024 3834 19 19 in
1060 3834 45 19 that
1121 3834 68 23 chest;
1207 3835 24 18 do
1248 3841 39 17 you
1304 3834 44 20 hear

922 3860 47 20 me?
996 3860 11 19 I
1017 3860 56 19 don't
1087 3861 54 18 want
1159 3859 56 20 these
1235 3860 67 24 things
1320 3863 20 16 to-

922 3887 64 25 night,
997 3885 67 21 'cauec
1073 3886 11 19 I
1096 3885 43 21 Bii't
1148 3892 47 14 suro
1212 3886 37 19 I'm
1269 3886 79 24 bilious,

922 3914 37 18 but
977 3912 55 20 when
1053 3912 11 18 I
1083 3919 30 13 am
1133 3914 7 17 1
1161 3913 54 19 want
1231 3912 55 19 thoso
1304 3912 45 27 pills

923 3939 63 20 where
996 3939 11 19 I
1019 3945 34 13 can
1067 3938 39 19 find
1116 3938 43 22 'em,
1169 3945 40 19 you
1216 3938 133 20 understand?

923 3967 9 18 I
943 3965 52 20 don't
1005 3966 56 18 waut
1070 3966 20 18 to
1102 3972 23 17 go
1141 3966 80 25 rooting
1230 3965 75 20 around
1318 3965 32 19 the

923 3992 60 19 house
991 3991 54 19 after
1064 3991 45 25 piils
1127 3991 67 25 again,
1212 3994 57 16 when
1286 3992 11 19 I
1320 3999 29 12 am

923 4019 47 22 tick,
981 4024 23 12 or
1014 4017 33 19 I'll
1059 4018 43 25 quit
1118 4017 149 26 housekeeping
1278 4018 37 19 and
1326 4024 24 19 go

922 4047 21 17 to
953 4043 102 26 boarding.
1091 4043 48 20 You
1149 4043 124 20 understand
1284 4044 66 19 that?'

949 4071 54 19 'Yes.
1015 4069 60 23 dear,'
1086 4071 41 17 said
1140 4071 45 18 Mrs
1205 4070 146 26 Spoopendyke

923 4097 75 25 eliping
1007 4096 92 25 the-pills
1114 4095 30 20 int
1152 4094 3 28 >
1166 4096 35 20 her
1212 4094 91 28 pocket.'.

1405 101 23 19 If
1437 107 40 18 you
1485 101 54 18 want
1548 101 21 17 to
1576 100 41 19 find
1624 102 35 18 out
1666 101 52 19 what
1728 100 81 23 cutting

1380 126 69 25 things
1459 133 12 11 a
1490 125 65 26 genile
1570 126 38 18 and
1626 126 84 19 amiable
1731 132 76 12 woman

1380 159 36 12 can
1426 158 35 19 say
1472 151 40 19 find
1532 158 38 12 one
1589 151 63 19 whose
1670 151 94 19 husband
1774 151 35 18 has

1381 178 39 19 lost
1439 184 73 18 money
1539 177 24 25 by
1590 177 171 25 accommodating
1779 176 30 19 his

1380 204 103 19 relatives.

1501 237 16 18 is
1527 236 45 19 that
1582 238 52 17 siaie
1644 236 21 21 of
1680 237 48 19 bliss
1744 235 66 20 which

1379 264 17 18 is
1412 269 23 14 so
1455 264 76 18 etrenuc
1539 263 44 24 usly
1601 264 74 24 caught
1694 263 46 19 that
1758 262 18 19 it
1794 261 16 19 is

1381 289 64 25 rarely
1459 289 92 25 enjoyed.

1405 323 19 18 A
1447 321 115 26 gentleman
1584 322 53 18 from
1650 321 107 19 Blenheim
1774 320 36 18 has

1379 348 51 19 been
1440 348 85 23 visiting
1537 347 77 19 Nelson
1622 347 49 20 with
1685 354 12 12 a
1710 346 88 19 commiss-

1379 374 33 18 ion
1422 376 21 16 to
1452 373 43 25 buy
1506 374 37 17 300
1561 375 48 20 cats,
1624 372 65 19 which
1751 373 21 17 to
1785 370 25 19 bo

1379 400 61 18 taken
1450 401 20 16 to
1480 405 12 13 a
1502 398 146 24 Marlborough
1658 398 74 19 station
1737 398 33 18 for
1777 396 33 19 tho

1379 431 89 19 purpose
1477 425 22 18 of
1508 424 74 24 killing
1595 424 84 18 rabbits.

1405 456 81 19 Officers
1496 456 21 18 of
1530 455 35 18 tho
1583 455 76 24 Survey
1678 449 132 31 Department

1378 482 52 19 have
1437 481 91 19 received
1537 481 65 18 notice
1612 480 44 19 that
1670 480 47 24 they
1726 487 12 11 w
1744 479 23 18 ill
1776 476 34 23 no*

1378 508 26 19 bo
1412 508 84 18 allowed
1506 507 21 18 in
1537 507 68 18 future
1615 508 20 16 to
1644 505 59 20 make
1721 505 89 24 tracings

1378 534 32 17 for
1419 535 98 23 payment
1526 532 21 19 in
1555 531 105 23 overtime,
1668 537 22 12 as
1697 531 16 18 it
1720 531 90 18 involves

1377 559 144 18 interoferonco
1531 556 49 21 with
1593 556 77 26 private
1680 556 116 25 enterprise.

1405 597 123 20 Gentleman,
1543 598 31 25 (at
1590 604 24 12 an
1625 597 86 25 evening
1727 596 71 26 party)

1500 623 39 20 will
1557 630 40 19 you
1615 624 35 18 tell
1671 630 30 12 me
1721 624 43 24 why
1772 624 32 18 low

1378 650 77 20 dresses
1463 656 34 13 are
1505 650 62 19 called
1579 650 44 18 'full
1634 649 69 19 dress.'
1710 649 9 19 ?

1403 676 69 25 Lady:
1565 675 34 21 the
1624 682 54 13 same
1697 682 80 16 reason,
1798 675 11 19 I

1377 708 94 20 suppose,
1492 702 46 19 that
1551 708 11 12 a
1588 701 70 26 picked
1687 701 84 20 chicken
1790 701 17 19 is

1377 729 64 19 called
1453 736 11 12 a
1476 728 87 19 'dressed

1377 767 11 23 g
1399 767 69 19 James
1477 766 69 25 Borry,
1555 765 146 26 ex-hangman,
1708 765 98 26 appeared

1377 800 26 12 on
1413 800 11 12 a
1434 793 108 24 judgment
1556 798 101 13 summons
1668 794 21 17 at
1699 791 35 20 the
1744 793 51 17 Hast-

1377 819 44 25 ings
1431 820 65 18 Court
1506 825 24 12 on
1541 817 81 27 Briday,
1632 817 103 27 February
1746 818 60 22 22ud,

1377 849 21 15 to
1409 845 59 19 resist
1478 845 112 19 committal
1605 845 33 18 for
1649 850 12 14 a
1670 845 48 18 debt
1728 844 22 20 of
1764 845 42 18 30s.

1377 871 33 20 He
1421 871 67 19 stated
1499 870 46 20 that
1560 870 24 19 ho
1593 870 37 19 had
1651 871 51 19 done
1721 871 86 25 nothing

1376 898 54 19 since
1441 897 121 23 November,
1573 896 29 19 his
1614 897 85 19 lectures
1710 903 24 13 on
1746 897 53 25 hang

1376 930 34 18 ing
1421 924 73 24 having
1504 924 61 18 failed
1575 925 20 17 t:i
1607 930 43 18 pay,
1670 923 39 19 and
1729 923 76 25 though

1377 950 23 19 he
1410 950 38 19 had
1460 950 51 19 tried
1522 951 21 17 to
1553 951 34 23 get
1607 949 54 19 work
1680 955 21 13 as
1720 956 12 12 a
1755 956 38 12 com-

1376 976 78 19 mercial
1466 975 97 20 traveller
1574 976 23 18 he
1614 976 37 19 had
1671 976 67 19 failed.
1767 976 39 19 His

1376 1003 29 18 six
1416 1002 90 20 children
1517 1008 50 13 were
1581 1003 37 18 out
1628 1002 21 19 of
1660 1002 60 24 work,
1729 1002 40 19 and
1779 1009 26 12 no

1370 1026 42 22 'one
1423 1029 64 19 would
1499 1028 45 25 givo
1553 1028 54 19 them
1619 1028 52 19 work
1684 1028 81 19 because
1784 1028 22 19 of

1376 1055 33 19 the
1419 1055 56 19 office
1486 1054 24 19 be
1522 1054 84 25 (Berry)
1616 1054 36 19 had
1664 1054 50 19 held.
1738 1054 67 26 Judge

1376 1082 100 24 Coventry
1484 1080 137 26 sympathised
1631 1080 47 19 with
1689 1080 35 21 the
1733 1081 72 20 debtor

1374 1108 38 19 and
1423 1106 113 26 suspended
1548 1106 116 21 committal.

1400 1141 42 19 The
1456 1141 89 19 Russian
1570 1140 130 27 Department
1721 1141 22 19 of
1765 1141 28 19 Im-

1373 1167 64 25 perial
1447 1167 98 19 Domains
1562 1167 17 19 is
1593 1167 83 24 making
1685 1174 26 12 an
1721 1169 86 24 attempt

1374 1197 19 16 to
1403 1196 51 16 start
1464 1194 35 18 the
1508 1193 134 26 tea-growing
1652 1193 98 25 industry,
1761 1200 26 12 on
1795 1200 10 13 a

1373 1219 57 25 largo
1452 1219 59 23 scale,
1535 1219 22 19 in
1584 1219 33 19 tho
1638 1219 107 19 Caucasus.
1773 1219 33 19 An

1374 1245 146 26 experimental
1537 1245 113 25 plantation
1673 1245 37 20 has
1724 1245 81 26 already

1373 1272 60 24 given
1443 1271 53 25 good
1506 1271 77 24 results,
1601 1271 39 20 and
1650 1278 44 13 now
1706 1274 35 17 100
1752 1278 54 13 acres

1374 1304 33 13 are
1416 1300 20 17 to
1447 1299 24 18 bo
1481 1297 84 26 planted
1578 1298 49 19 with
1637 1298 34 19 tho
1689 1300 32 17 tea
1735 1298 70 19 shrub.

1372 1323 30 20 As
1412 1330 11 13 a
1430 1325 52 18 start
1491 1325 82 22 100,000
1587 1330 68 19 young
1665 1324 67 26 plante
1742 1330 34 14 are
1786 1327 20 16 to

1373 1349 25 20 be
1407 1350 90 25 brought
1506 1350 53 19 from
1569 1349 71 26 China.

1398 1381 33 20 An
1442 1381 123 20 aristocratic
1583 1381 105 24 insolvent,
1703 1383 34 19 tho
1750 1383 54 19 Hon.

1372 1407 35 22 L,.
1419 1407 33 21 W.
1473 1407 53 21 Palk
1544 1414 40 14 was
1607 1409 106 19 examined
1735 1409 20 19 in
1771 1409 34 20 the

1372 1433 82 27 Sydney
1476 1433 132 27 Bankruptcy
1626 1434 62 20 Court
1710 1435 94 26 recently.

1372 1460 42 20 Iho
1431 1460 105 27 bankrupt
1550 1461 43 19 said
1609 1461 25 19 ho
1644 1467 41 13 was
1699 1461 33 20 tho
1743 1461 60 19 eldest

1372 1492 36 14 son
1418 1487 21 19 of
1448 1485 55 22 Lord
1513 1486 88 21 Haldon.
1629 1486 34 21 Ho
1672 1494 40 14 was
1729 1494 10 14 a
1760 1494 34 19 cap-

1372 1513 43 20 tain
1433 1513 21 20 in
1469 1513 34 20 tho
1515 1513 34 21 7th
1567 1513 65 26 Royal
1646 1513 107 27 Fusileern,
1774 1521 20 13 re-

1372 1539 71 26 signed
1466 1539 32 21 his
1517 1539 126 21 commission
1656 1540 21 21 in
1695 1542 53 23 \H'J'2,
1766 1541 38 20 and

1372 1572 54 14 came
1445 1569 35 17 out
1501 1569 19 17 to
1543 1566 107 21 Austrrlia.
1678 1566 39 21 His
1741 1567 51 20 bank-

1372 1594 72 24 ruptcy
1454 1598 42 15 was
1506 1592 73 22 caused
1588 1591 27 27 by
1623 1596 53 17 want
1686 1593 21 20 of
1717 1593 75 25 employ-

1370 1621 62 19 ment.
1461 1619 34 20 He
1505 1619 90 26 brought
1605 1620 54 20 £IOO
1670 1621 20 19 to
1701 1621 103 19 Australia

1371 1646 40 19 and
1422 1649 59 23 spent
1497 1646 40 19 this
1553 1646 21 19 in
1583 1646 83 26 looking
1675 1647 32 19 for
1717 1647 75 26 employ-

1371 1675 55 16 ment
1448 1672 22 19 in
1501 1672 87 26 Sydney,
1613 1672 128 21 Queensland
1765 1675 39 17 and

1372 1698 51 20 New
1438 1698 91 20 Zealand
1539 1698 4 28 :
1559 1698 31 20 his
1605 1699 44 20 wife
1659 1699 40 20 had
1710 1702 93 24 property

1381 1724 21 20 in
1415 1724 131 20 Switzerland
1558 1726 24 18 ad
1593 1725 81 19 Russia.

1904 94 57 20 THE
1970 95 126 19 PAINTER
2102 95 68 20 WON.

1855 146 63 20 Often
1930 146 49 19 have
1990 148 90 23 painters
2097 146 40 19 and
2155 147 102 25 sculptors

1829 172 100 20 discussed
1941 172 34 19 the
1985 173 85 19 relative
2081 176 68 15 merits
2165 173 21 18 of
2204 173 44 24 pain-

1830 198 43 24 ting
1883 198 39 19 and
1940 198 111 24 sculpture.
2080 200 19 17 A
2116 200 56 22 story
2190 198 18 19 is
2216 198 40 19 tolil

1829 224 22 17 of
1872 229 25 12 an
1916 224 61 17 arlir.t
1994 224 44 19 who
2055 223 94 20 resented
2167 224 35 19 the
2220 224 30 19 dis-

1831 249 95 25 paraging
1950 251 136 24 comparisons
2113 249 57 19 made
2194 249 27 25 by
2249 257 10 11 a

1831 276 98 23 tcult-tor,
1946 276 38 18 and
2005 276 39 19 laid
2064 282 12 13 a
2093 281 63 19 wager
2175 275 45 19 that
2236 275 23 19 he

1830 301 65 24 could,
1912 301 70 19 within
2000 310 10 11 a
2019 302 59 26 given
2099 302 54 23 time,
2174 301 57 24 paint
2249 309 10 11 a

1832 327 77 26 picture
1934 328 64 19 which
2025 327 68 21 weald
2121 327 79 26 display
2227 327 32 19 the

1832 349 72 23 iiuman
1920 354 64 24 figure
2004 361 21 13 as
2043 353 118 26 completely
2181 360 21 13 as
2221 360 37 19 any

1830 379 88 24 sculptor
1926 380 65 19 could.

1855 405 42 19 The
1907 412 65 19 wager
1984 412 39 14 was
2034 406 101 25 accepted,
2148 406 39 19 and
2207 412 52 19 upon

1831 433 33 17 the
1872 432 110 24 appointed
1994 433 37 24 day
2042 440 11 12 a
2064 432 94 26 painting
2163 438 40 14 was
2215 439 33 18 pro-

1830 457 63 19 duced
1913 457 62 20 which
1998 458 87 19 fulfilled
2106 459 26 18 all
2153 459 34 19 the
2222 464 36 14 cor.

1829 483 81 19 ditions.
1939 484 20 18 It
1969 485 130 24 represented
2110 484 101 25 awarrior,
2229 483 29 21 hu

1831 509 48 19 back
1891 512 20 16 to
1926 509 35 19 the
1979 512 106 22 spectator,
2106 511 88 23 bending
2214 516 45 13 over

1830 542 9 13 b
1851 535 56 20 sheet
1918 535 21 20 of
1951 538 66 21 water,
2029 543 19 12 in
2060 535 33 20 the
2103 537 67 25 limpid
2180 537 79 19 turfacc

1829 562 21 18 of
1861 561 63 19 which
1934 567 39 13 was
1982 562 94 19 reflected
2092 562 31 19 his
2133 563 65 18 entire
2216 562 43 19 face

1830 588 37 18 and
1888 588 59 19 form.
1975 588 28 18 To
2026 588 35 19 the
2076 588 54 24 right
2148 594 12 13 a
2179 589 41 18 suit
2239 589 20 18 of

1831 612 87 26 polished
1944 620 81 13 armour
2043 614 60 25 hung,
2131 614 41 19 ar>d
2196 614 59 19 threw

1830 640 46 18 back
1890 647 12 13 a
1911 639 120 26 full-length
2044 640 70 25 profile
2121 639 72 25 image,
2200 638 57 21 while

1828 673 10 12 a
1847 666 73 19 mirror
1940 666 115 25 performed
2074 673 13 12 a
2097 666 40 19 like
2155 665 54 20 office
2227 666 31 19 for

1829 692 33 19 the
1870 693 37 18 left
1914 692 47 20 tide.
1990 691 41 20 The
2042 693 98 24 sculptor,
2149 692 22 19 of
2177 698 77 17 course,

1829 718 76 21 handed
1916 726 47 12 over
1970 718 33 19 the
2013 725 72 18 money
2095 718 77 20 staked.

1914 795 19 19 A
1944 794 141 21 SUITABLE
2096 794 62 20 MAN.

1857 856 73 21 Junior
1944 856 86 19 Partner
2038 853 4 29 j
2100 861 32 13 see
2150 860 40 19 you
2208 853 49 20 have

1827 879 90 31 engaged
1929 889 11 12 a
1954 889 42 12 new
2008 881 61 20 clerk.
2097 882 21 19 Is
2138 880 23 20 he
2177 887 12 12 a
2207 879 50 26 good

1826 911 96 18 salesman

1856 937 70 19 Senior
1936 934 98 20 Tartner:
2147 933 101 20 Salesman

1829 963 64 19 Great
1903 963 57 18 Scott
1970 958 3 24 !
2003 963 10 16 1
2024 961 39 19 had
2073 962 21 18 to
2105 960 48 19 send
2172 960 32 19 for
2224 958 33 19 the

1829 988 61 26 police
1912 991 20 16 to
1949 989 85 23 prevent
2051 986 41 19 him
2109 987 52 18 from
2179 985 78 24 talking

1827 1022 28 13 me
1864 1015 43 19 iirio
1922 1013 71 24 taking
2005 1013 39 19 him
2055 1013 43 19 into
2109 1012 33 19 the

1058 28 58 20 THE
1130 28 59 20 HOT
1204 29 93 20 LAKES
1312 29 175 24 CHRONICLE,
1503 29 182 22 WEDNESDAY
1718 30 77 20 JUNE
1811 31 22 17 12
1846 29 57 24 1*»95,

467 2784 6 3 .
497 2765 30 19 An
540 2764 100 25 eocentrjc
651 2765 120 20 blacksmith
783 2766 21 18 at
824 2765 66 20 Cbiist-

468 2791 74 20 church
570 2798 38 13 was
635 2791 94 21 obserrcd
751 2794 20 16 (o
798 2792 58 25 plant
872 2792 30 19 Lis

468 2818 98 25 cabbages
578 2818 75 25 zigzag
663 2818 78 20 instead
762 2817 21 21 o£
802 2818 21 20 in
842 2825 58 18 rows,

468 2845 40 19 and
520 2850 25 14 on
562 2844 61 25 being
640 2844 58 20 asked
719 2845 35 19 the
773 2851 78 17 reason,
872 2851 20 14 re-

468 2871 60 25 plied,
540 2871 45 19 'lt's
601 2872 20 18 to
639 2871 31 26 pit
687 2871 33 19 the
740 2871 62 20 snails
820 2871 29 21 aff
868 2871 33 21 the

468 2897 73 21 track.'

495 2930 36 19 Mr
556 2930 101 25 Tennyron
676 2927 70 28 Smiih,
764 2932 33 18 the
815 2932 74 22 temper-

468 2963 49 13 ance
528 2956 93 24 lecturer,
631 2956 36 20 has
678 2957 95 19 relumed
786 2957 51 19 from
849 2957 51 21 New

468 2983 87 20 Zea'and
569 2982 55 26 (says
635 2990 9 12 a
656 2983 84 19 Londou
757 2984 73 25 paper)
853 2984 47 20 with

468 3017 12 13 a
487 3009 83 27 terribly
583 3016 49 18 poor
643 3010 81 25 opinion
736 3009 20 20 of
768 3010 34 19 the
822 3010 78 26 people,

469 3036 82 25 parties,
588 3036 39 19 and
669 3036 114 26 politic:ans
820 3038 21 19 at
867 3036 35 21 the

468 3061 122 28 Antipodes.

495 3099 19 19 A
531 3099 71 19 settler
626 3099 22 19 of
670 3098 115 21 Maßterfen
811 3099 89 25 recently

470 3124 87 26 brought
566 3132 12 13 a
592 3125 57 20 small
660 3125 50 20 flock
718 3125 21 19 of
759 3125 60 26 sheep
839 3125 60 21 about

468 3153 26 19 50
503 3151 55 21 miles
576 3154 19 17 to
614 3152 79 25 dispose
712 3151 21 20 of
747 3151 54 21 them
820 3152 26 25 by
856 3159 35 13 auc-

470 3179 47 19 lion.
545 3178 42 20 The
607 3185 42 13 sum
662 3177 24 21 he
696 3179 69 19 netted
777 3185 39 13 was
827 3179 24 19 8d
867 3185 35 18 ppr

469 3205 56 21 head.
554 3205 33 19 He
607 3205 93 19 relumed
721 3205 102 24 disgusted
840 3206 21 18 to
874 3205 27 19 his

470 3231 57 24 farm,
552 3230 61 21 kiiled
634 3231 38 20 arid
688 3231 85 20 skinned
788 3231 34 19 the
841 3231 61 25 sheep

470 3263 63 15 wiueri
545 3266 23 11 uu
588 3264 32 12 uiu
632 3263 36 14 not
686 3264 85 19 nquire,
870 3263 31 15 toe

469 3290 96 18 carcases,
578 3283 37 20 and
632 3284 43 20 sold
686 3283 33 21 the
730 3283 55 21 skins
799 3285 31 19 for
841 3286 22 18 Is
874 3284 25 20 3d

468 3311 54 20 each.

495 3346 26 19 Of
540 3346 33 20 the
596 3346 59 21 West
668 3345 119 21 Australian
805 3346 69 19 blacks
889 3351 12 13 a

469 3371 155 26 correspondent
642 3372 21 19 of
677 3372 34 19 tho
732 3371 3 26 '
746 3372 96 19 Mataura
861 3372 26 19 En-

468 3398 46 26 sign
539 3398 40 19 'on
599 3398 33 19 the
654 3398 52 23 field,
731 3398 66 19 writes
809 3398 4 26 :
816 3398 32 26 —'
858 3398 44 19 Tho

468 3424 79 19 natives
566 3425 48 18 here
623 3430 35 13 are
670 3431 48 16 very
728 3431 114 16 numerous,
861 3424 41 19 and

469 3450 49 23 they
536 3457 34 12 aro
585 3457 21 12 as
624 3450 50 24 ugly
693 3455 22 14 ay
738 3450 31 19 sin
792 3450 40 19 and
853 3456 49 18 very

470 3478 42 17 trcji
524 3476 80 19 herous.
632 3476 24 19 In
666 3476 41 19 fact
715 3476 47 25 they
772 3483 34 12 are
816 3478 33 17 not
860 3476 42 19 Ike

470 3503 76 19 human
569 3502 72 25 beings
664 3503 21 18 at
705 3502 33 19 all.
775 3502 69 19 AVhen
867 3502 35 19 tlie

470 3528 82 25 diggers
571 3535 26 19 go
607 3530 34 17 out
655 3528 128 25 prospecting
801 3528 48 25 they
868 3534 34 13 aro

470 3554 74 23 armed,
558 3554 38 20 and
607 3554 48 25 tlioy
668 3554 57 19 shoot
734 3554 35 19 the
786 3554 116 25 aborigines

470 3581 40 18 liko
529 3581 84 24 rabbits,
625 3580 40 19 and
679 3579 58 21 think
752 3580 87 25 nothing
848 3580 22 19 of
879 3580 21 19 it.

469 3607 59 19 None
538 3607 21 19 of
569 3607 55 19 them
634 3606 40 19 will
684 3606 61 20 work.
773 3606 57 25 They
844 3607 57 24 go'in

470 3633 62 19 tribes
554 3633 125 24 throughout
702 3632 34 19 the
759 3634 90 23 country.
890 3631 12 20 I

470 3659 56 19 don't
543 3659 60 19 know
613 3659 45 19 how
671 3658 48 26 they
728 3658 45 20 live.
801 3658 34 20 All
854 3658 48 25 they

469 3692 37 12 can
516 3687 34 23 get
560 3685 16 19 is
586 3685 119 24 kangaroos.

496 3720 32 19 Dr
545 3719 75 20 Ernest
641 3719 59 23 Hart,
721 3719 22 19 of
761 3719 34 19 the
823 3719 78 20 British

472 3746 87 19 Medical
568 3745 92 23 Journal,
670 3746 89 19 declare!'
768 3746 46 19 that
822 3746 78 19 cholera

472 3772 36 19 will
520 3772 71 20 bcome
601 3772 76 19 cslinet
689 3772 18 19 in
718 3772 34 18 the
769 3774 48 17 r.cxt
837 3772 63 24 thirty

470 3805 63 17 years,
543 3798 82 19 because
637 3798 21 19 of
668 3798 33 19 the
712 3798 55 25 rapid
782 3798 88 19 advance
881 3798 21 19 of

471 3824 87 22 sanitary
569 3824 81 19 science.

472 3894 44 19 \ou
527 3894 53 19 can't
586 3892 62 26 weigh
654 3900 65 17 grains
724 3894 45 18 with
781 3899 9 13 a
795 3899 106 19 grammar,

474 3920 40 20 Nor
525 3920 40 19 salt
574 3920 39 19 and
625 3919 175 21 curobamswilba
810 3920 92 23 hammer,

524 3948 31 18 Do
567 3953 54 12 sums
632 3945 45 21 with
689 3953 11 11 a
709 3951 93 17 summer,

524 3974 54 19 Stew
590 3972 64 26 plums
665 3972 48 19 with
728 3979 12 13 a
751 3972 98 24 plumber.

472 4000 43 19 Ner
526 4000 57 19 Bhear
594 4006 22 13 an
628 3999 32 20 old
670 4005 42 13 ram
782 4005 12 12 a
812 4005 90 13 rau'u>?r.

508 4039 63 16 ItopGTi
579 4042 23 12 on
764 4037 30 15 out
808 4037 39 20 rate,
861 4042 41 10 irkc

471 4058 73 20 roaches,
557 4058 39 18 flics,
609 4059 42 16 unto,
667 4057 88 19 bed-bugs,
768 4057 65 19 infect',
849 4057 53 14 ekui.'k

471 4077 117 18 cocc't-niliits,
606 4082 85 15 sparrows,
703 4077 75 19 gophers.
799 4076 23 16 At
843 4076 59 16 clicroij

471 4097 32 16 a'ul
515 4096 84 19 duggists

2027 1104 15 19 C
2110 1103 77 20 AULE

1829 1163 114 21 Plumber
1958 1167 16 17 &
1999 1163 102 21 General
2120 1163 136 22 Mechanic.

1929 1195 114 21 Tutanekai
2081 1196 72 22 Street.

1884 1311 30 42 H.
1941 1313 40 40 W.
2004 1314 195 47 NEIGHBOUR,

1828 1377 428 59 failoiSKabii-Maker,

1993 1480 105 26 LoiidoL.)

1892 1517 300 31 ROTORUA.

1925 1558 45 21 Has
1980 1558 74 28 always
2065 1567 26 13 on
2100 1560 55 21 hand

1849 1591 57 16 a!-;--.;
1932 1591 51 16 E-iiSi;
1990 1593 48 14 iisiEa
2066 1593 96 19 WC'OjC'h
2182 1594 53 18 lil'.'.l

1912 1614 120 19 «Joioniaj
2052 1616 118 19 Tweeds.

1848 1644 70 23 Style
1932 1644 52 17 and
1999 1644 41 17 i'it
2062 1644 174 22 guaranteed.

1828 1674 95 18 Ladies
1943 1675 115 18 .Saeiteis
2082 1676 52 17 and
2157 1676 97 22 Hiding

1901 1697 98 18 fi£auil«t
2008 1702 15 12 a
2033 1698 141 22 K[teeiali(y

1826 1731 30 18 All
1874 1731 108 19 Euitsmadti
1993 1733 21 18 to
2021 1732 56 19 older
2084 1733 21 18 at
2110 1731 146 25 .Auckland.pru

1416 1903 328 47 Hydropathic
1787 1905 155 45 Hotel,
1979 1905 232 38 Roturua-

1372 1995 83 23 Under
1468 1995 40 25 the
1522 2001 130 27 patronage
1665 1997 25 23 of
1702 1997 38 24 Sir
1764 1997 40 24 W.
1825 1997 101 31 Jervois,
1947 1996 57 24 Earl
2024 1996 48 24 and
2094 1995 120 25 Countess
2235 1995 24 23 of

1421 2028 140 32 Hopetoun,
1574 2029 40 24 the
1629 2030 63 24 Hon.
1707 2030 106 24 Premier
1825 2030 47 24 and
1887 2030 124 24 Members
2024 2029 25 24 of
2062 2029 151 24 Parliament.

1404 2080 54 24 The
1471 2080 76 25 Hotel
1563 2080 19 25 is
1592 2081 103 24 situated
1709 2090 29 15 on
1752 2090 30 15 an
1795 2082 113 24 elevated
1922 2081 104 31 position
2039 2089 31 15 on
2083 2080 41 25 the
2137 2080 85 25 shores
2235 2081 24 24 of

1370 2114 67 23 Lake
1451 2114 117 27 Rotorua,
1581 2114 143 24 convenient
1736 2121 25 18 to
1779 2115 32 24 all
1824 2115 40 24 the
1883 2115 76 32 sights
1972 2114 23 24 in
2008 2114 41 24 the
2057 2113 101 25 district.

1811 2199 17 14 0:

1404 2223 39 25 To
1453 2228 66 20 meet
1529 2223 41 25 the
1583 2223 105 26 dullness
1701 2225 25 24 of
1738 2225 40 24 the
1792 2225 71 23 times
1876 2233 14 15 a
1902 2224 88 32 charge
2003 2224 26 24 of
2043 2223 40 30 £2
2097 2232 26 16 2s
2131 2232 42 24 per
2185 2224 73 24 week

1427 2257 61 27 ■'.for
1505 2266 15 15 a
1533 2257 143 32 lengthened
1690 2263 60 27 stay,
1789 2257 85 25 Under
1886 2266 45 16 one
1943 2258 68 23 week
2027 2258 35 24 83.
2076 2266 43 23 per
2133 2257 54 32 day.

1820 2303 10 13 0

1371 2322 38 27 N.
1420 2322 35 32 B,
1457 2322 88 25 —Mrs
1559 2322 107 26 Graham
1679 2324 45 24 will
1738 2324 51 24 also
1803 2322 111 26 continue
1927 2328 25 19 to
1961 2323 129 31 supervise
2102 2322 41 25 the

1463 2355 134 44 Geyser
1598 2367 6 11 3
1622 2355 121 39 .House
1769 2357 254 44 Hydropathic
2041 2356 124 41 Hotel,

1702 2403 240 34 WAIBAKBI,

1370 2441 77 24 which
1460 2441 43 24 has
1515 2441 101 25 become
1629 2452 13 14 a
1651 2442 99 32 popular
1761 2443 22 23 &
1795 2442 119 24 favourite
1924 2446 77 20 resort
2012 2448 114 27 amongst
2135 2442 124 24 travellers

1721 2475 47 25 and
1799 2476 110 24 invalids.

1437 2512 24 24 A
1482 2511 123 26 reduction
1625 2512 19 25 is
1665 2513 71 25 made
1756 2519 25 19 to
1802 2513 93 32 weekly
1912 2521 27 17 or
1951 2514 109 32 monthly
2069 2512 123 26 boarders.

1372 2551 81 24 Guide
1467 2551 81 25 Books
1557 2552 47 24 and
1618 2552 153 24 information
1782 2553 76 32 gratis
1870 2558 26 18 at
1905 2553 70 24 Cook
1985 2553 23 24 &
2018 2554 63 24 Sons
2093 2552 61 34 (sole
2164 2552 95 33 agents)

1604 2585 81 24 offices
1703 2585 150 33 throughont
1871 2585 41 26 the
1925 2586 101 32 Colony.

1371 2623 87 37 JWrs.
1480 2623 37 39 R,
1537 2623 211 43 GRJIHJUI,
1789 2646 19 5 -
1861 2646 18 5 -
1933 2646 18 7 -
1992 2625 266 44 Proprietress.

1441 2806 327 47 Hydropathio
1785 2806 154 43 Hotel,
1957 2807 228 39 WairkeL

1568 2874 36 20 Six
1613 2875 58 19 miles
1681 2875 52 20 from
1742 2875 59 20 Lako
1810 2876 71 24 Taupo
1892 2875 98 25 (Botorua
2002 2874 59 26 Bide),

1496 2915 219 32 SUPERIOR
1746 2915 391 33 ACCOMMODATION

1562 2962 54 20 ALL
1627 2963 57 20 THE
1694 2963 145 20 COMFORTS
1850 2963 34 20 OP
1896 2963 18 20 A
1923 2962 81 21 HOME
2015 2963 55 20 FOR

1604 3003 156 27 Tourists
1779 3003 70 27 and
1879 3002 156 27 Invalids

1370 3081 67 28 Hot
1451 3079 202 32 Swimming
1667 3080 115 30 Baths,
1797 3078 293 29 Kiri-o-hine-Kai
2115 3086 40 21 or
2169 3080 85 28 Mew

1521 3114 83 27 Skm
1630 3113 98 32 Bath,
1755 3114 72 27 Hot
1839 3113 140 28 Douche
1990 3114 119 33 Baths,

1669 3147 117 27 Grand
1805 3147 151 26 Climate.

1469 3185 301 28 Elevation—l3so
1790 3185 68 28 feet
1873 3185 108 28 above
1992 3192 59 22 sea
2060 3185 97 32 level,

1369 3265 257 28 COMPETENT
1642 3265 161 27 GUIDES
1815 3273 154 24 accompany
1982 3265 107 26 tourists
2098 3266 30 24 to?
2134 3265 46 26 the
2192 3265 52 25 vari-

1468 3307 46 16 ous
1526 3299 85 31 places
1624 3298 26 24 of
1662 3298 114 32 interest,
1792 3299 87 24 which
1888 3298 73 25 bailie
1974 3300 45 24 the
2032 3300 65 24 mjst
2110 3298 76 25 facile
2196 3307 57 24 pen,

1468 3332 51 25 and
1531 3339 47 18 can
1591 3331 60 33 only
1663 3331 32 25 he
1707 3333 109 24 realized
1829 3333 77 23 when
1923 3340 67 17 seen.

2014 3389 21 5 -

1369 3420 194 26 GEYSER
1576 3420 194 25 VALLEY
1780 3422 94 19 contains
1882 3421 35 20 the
1924 3419 106 30 following;
2038 3420 124 27 unequalled
2171 3420 84 19 Natura

1447 3448 93 19 wonders
1549 3446 154 26 :—Tuhuatalii,
1724 3455 23 11 or
1767 3448 66 19 Groat
1853 3448 70 24 Cham;
1931 3454 54 18 ague
2005 3448 105 19 Cauldron
2120 3446 4 26 ;
2140 3447 34 19 the
2193 3447 64 19 Groat

1560 3473 78 25 Geyser
1646 3481 5 16 ;
1660 3473 35 20 the
1705 3474 88 25 Donkoy
1804 3474 80 24 Engine
1893 3471 4 28 ;
1910 3471 33 22 the
1955 3472 84 22 Fairies*
2048 3474 52 19 Bath
2112 3471 4 28 ;
2127 3472 35 21 the
2173 3473 72 25 Lightn-

1447 3500 37 26 irg
1496 3500 61 23 Pool;
1569 3500 35 18 the
1614 3500 88 19 Cascade
1715 3500 84 23 Geyser,
1814 3506 23 13 or
1848 3499 102 26 Dragon's
1963 3500 68 19 mouth
2044 3499 3 27 ;
2060 3500 33 19 the
2102 3499 59 20 black
2173 3500 85 25 Geyser;

1447 3527 34 20 the
1489 3526 51 20 Mud
1553 3526 91 25 Geyser;
1662 3525 34 20 the
1707 3525 52 24 Blue
1768 3526 71 25 Lake;
1848 3526 36 20 tho
1904 3526 32 20 Oil
1949 3526 52 20 Bath
2011 3525 4 26 j
2034 3527 35 19 tlio
2092 3525 79 26 Eagle's
2192 3526 66 23 Nest;

1448 3554 34 19 the
1494 3551 77 21 Devil's
1583 3552 70 20 Bunch
1665 3552 53 19 Bowl
1729 3551 4 26 ;
1745 3552 34 21 the
1793 3552 71 20 Prince
1879 3552 21 19 of
1912 3553 75 19 Wales'
1998 3551 111 26 Feathers;
2118 3554 34 17 the
2168 3551 90 25 Mirror;

1448 3579 33 20 the
1490 3579 56 19 Twin
1556 3578 78 26 Geyser
1644 3577 4 28 ;
1660 3578 104 20 the-Coral
1776 3579 79 26 Geyser
1865 3587 5 15 ;
1883 3578 34 20 (he
1927 3578 65 21 Green
2010 3579 48 19 Fool
2068 3577 4 28 ;
2091 3579 46 19 Ton
2144 3577 80 26 koreho,
2237 3585 20 13 or

1448 3605 48 20 Hell
1508 3606 91 23 Geyser;
1612 3604 33 21 the
1655 3605 69 19 Steam
1736 3605 103 20 Hammer.
1869 3605 83 20 Guide's
1964 3606 32 19 fie
2007 3607 21 18 to
2039 3606 80 25 Geyser
2138 3605 79 24 Valley,
2229 3607 28 22 ss;

1449 3632 93 19 distance,
1552 3631 51 19 from
1615 3631 32 19 tie
1658 3631 61 24 hotel,
1729 3639 39 12 ono
1779 3631 52 20 mile.

1785 3684 37 23 ,/\
1855 3692 22 12 or
1891 3684 78 20 Ladder
1979 3685 84 25 Eapids.
2092 3685 42 19 The
2153 3685 102 19 Grandest

1448 3714 78 24 Bapids
1538 3714 19 19 in
1568 3714 34 19 the
1614 3714 100 20 Southern
1726 3714 150 26 Hemisphere;
1887 3715 72 25 falling
1970 3715 20 20 in
2011 3716 30 19 sis
2058 3715 89 20 distinct
2164 3716 91 19 cascades

1449 3742 93 23 amongst
1559 3740 59 19 weird
1630 3741 40 20 nud
1682 3742 74 24 rugged
1772 3747 90 19 scenery.
1891 3739 96 23 Distanco
1999 3742 51 19 from
2063 3742 35 19 the
2119 3742 61 24 hotel,
2200 3742 55 20 thrro

1449 3766 40 19 mi),
1496 3773 16 12 a.
1541 3766 74 20 Saddle
1623 3766 71 21 borees
1707 3770 23 17 to
1741 3768 46 19 visit
1800 3768 34 19 thu
1845 3768 80 25 linpids,
1936 3768 21 19 7b
1969 3769 25 18 0,1
2004 3768 54 20 each.

1371 3813 220 25 K.ERAPITI
1620 3820 21 13 or
1651 3815 35 19 the
1696 3815 76 19 Devil's
1783 3816 98 23 Trumpet
1892 3815 16 19 is
1924 3817 42 19 said
1987 3819 20 17 to
2029 3816 50 20 emit
2098 3824 12 12 a
2132 3823 93 18 pressure
2235 3817 20 18 of

1449 3839 70 20 180lbs
1530 3840 21 18 of
1566 3843 63 16 steam
1641 3842 19 17 to
1671 3841 34 19 the
1712 3841 52 23 i::ch,
1780 3841 52 19 from
1843 3847 26 13 an
1885 3843 96 24 aperture
1990 3842 22 20 of
2031 3843 64 19 about
2115 3844 24 18 12
2156 3843 68 19 inches
2235 3843 19 19 in

1448 3865 104 22 diameter;
1580 3864 97 22 Distance
1690 3867 51 19 frojn
1753 3867 53 20 hotel
1816 3867 56 20 three
1884 3869 38 19 and
1935 3875 10 13 a
1957 3868 41 20 half
2008 3869 68 24 miles;
2098 3869 71 19 saddle
2186 3869 69 20 horses

1449 3894 20 17 to
1482 3892 46 19 visit
1539 3891 35 20 the
1583 3892 69 24 above,
1665 3894 53 18 2sGd
1729 3893 54 21 each,

1780 3926 54 14 AX3O

1373 3952 94 25 THE
1488 3951 133 24 HUKA
1640 3952 168 33 FALLS,
1827 3955 34 20 the
1879 3955 105 23 Grandest
1994 3956 56 20 Falls
2060 3956 20 20 in
2101 3956 34 19 the
2156 3956 98 20 Southern

1448 3982 141 24 Hemisphere.
1618 3982 41 21 The
1669 3983 55 21 Balls
1734 3991 44 20 may
1796 3988 22 16 be
1829 3986 71 19 visited
1908 3992 25 13 on
1943 3986 34 19 the
1987 3993 54 13 same
2048 3987 115 24 expedition
2177 3994 22 12 as
2220 3987 35 20 the

1448 4008 79 19 Devil's
1534 4008 103 25 Trumpet.
1665 4006 160 24 Distance'from
1837 4012 53 19 hotel
1900 4012 59 20 three
1967 4013 39 19 and
2017 4020 12 13 a
2039 4013 43 20 half
2093 4013 62 20 miles.
2181 4013 74 20 Saddle

1450 4034 59 20 horse
1526 4041 22 12 or
1558 4034 68 26 buggy
1640 4036 48 19 2*od
1699 4037 55 19 each.

1502 4073 88 28 MRS
1604 4074 37 27 R.
1660 4075 196 33 GRAHAM,
1876 4076 243 33 Proprietress.

697 4185 128 52 Ask
851 4187 93 50 for
978 4183 314 54 Hancocks
1335 4182 344 54 Celebrated,
1711 4192 206 43 xxxx
1940 4183 141 53 Ales
2130 4182 191 57 Stout,

2347 94 148 19 OKOIA

2558 94 146 26 view

2281 190 225 33 BOARDING
2546 192 151 31 HOUSE

2278 297 131 20 Opposite
2427 301 49 16 jfhe
2495 299 65 20 e?osii
2568 303 51 16 and
2629 304 73 15 oele

2395 328 84 21 gp,aph
2496 326 94 20 Qppige

2277 354 49 20 And
2340 362 50 12 near
2409 356 35 19 the
2467 356 120 20 Celebrated
2608 357 100 20 PRIES!

2331 388 115 19 RACHEL
2456 388 40 19 and
2502 389 58 19 other
2566 390 97 20 BATHS.

2427 419 92 20 ROTOR
2523 419 43 20 DA.

2301 471 121 35 MES
2448 472 214 41 YOUNG,

2515 517 142 27 Proprietress.

2395 543 71 19 Tonus
2480 544 112 19 Moderate.

2282 602 273 45 PHOENIX
2578 606 131 43 FIRE

2279 750 80 19 Losses
2384 750 64 20 Paid.

2524 809 33 14 *ds
2585 807 126 25 £1,500,000

2276 854 163 21 accumulated
2486 856 73 19 funds

2276 880 90 21 Exceed
2587 884 77 24 £I,OOO
2673 887 38 20 000

2275 931 25 22 W.
2316 933 58 22 WARD
2385 934 71 26 BAKER,
2527 934 24 22 W.
2560 936 11 21 A
2584 937 103 23 WILLIAMS

2315 959 71 22 District
2394 960 82 26 Manager,
2548 960 49 23 Local
2611 962 57 26 Agent.

2373 985 92 22 Auckland.
2584 987 78 28 Rotorua,

2499 1114 35 38 M.
2557 1115 127 40 SIMON,

2473 1155 60 26 (Late
2543 1157 22 18 of
2574 1156 136 25 Melbourne.)

2500 1190 98 27 Practical
2608 1192 72 26 Tailor.

2474 1224 122 27 Clothes
2618 1225 91 26 made

2488 1260 33 24 to
2542 1257 85 27 order
2651 1265 40 19 on

2523 1290 139 27 shortest

2535 1325 109 26 notice.

2484 1449 54 26 Style
2550 1449 39 21 and
2599 1449 33 21 Fit
2641 1452 36 18 not
2688 1452 20 18 to

2468 1476 25 20 bo
2508 1476 93 27 equalled
2615 1477 20 19 in
2648 1479 60 18 town.

2469 1519 15 21 A
2488 1526 42 13 Di)ii
2533 1525 33 15 eS3
2621 1519 56 21 Next
2689 1522 19 18 to

2468 1545 93 24 Lurkins,
2578 1545 129 22 Ohinomutu,

2299 1620 132 42 loturua
2453 1620 158 41 Sawmill
2623 1620 85 49 Coy.

2338 1696 78 21 'HITS
2425 1698 60 19 AND
2495 1696 57 21 RED
2567 1696 68 21 PINE
2646 1696 21 21 of
2675 1696 35 21 the

2278 1793 94 24 Wsittii,
2399 1794 120 17 fi*utiii«v;?
2548 1797 34 14 mi
2586 1793 15 18 41
2626 1794 84 17 Tawa

2278 1816 129 21 Mliiii&ics,
2421 1817 33 17 i'v.
2461 1818 74 23 ;«:»«'•,
2550 1816 92 18 SSloeSts
2656 1816 53 17 aiul

2303 1884 19 19 A
2331 1883 52 27 good
2397 1884 40 19 and
2452 1884 90 21 assorted
2552 1882 73 28 supply
2635 1884 75 25 always

2277 1917 26 12 on
2312 1910 55 20 baud
2378 1914 21 16 at
2408 1911 34 18 the
2449 1910 82 19 Timber
2540 1910 64 19 Yard.

2409 1936 173 20 ROTORUA.

2277 1984 60 22 N.B.
2359 1984 115 26 -Special
2492 1989 58 16 care
2578 1984 80 22 taken
2682 1984 27 22 in

2383 2011 47 21 the
2456 2011 146 25 seasoning.

2308 2062 84 40 Prices
2413 2064 25 38 at
2475 2062 103 40 Current
2594 2062 85 41 Rates.

2277 2130 28 27 W.
2321 2130 122 33 HEMAW,

2612 2131 97 32 Manager.

2373 2247 27 25 Q
2512 2247 20 19 a
2556 2246 23 20 m
2605 2247 54 21 so
2684 2248 26 24 N,

2312 2318 99 21 BAKER
2421 2320 18 20 &
2449 2319 228 21 CONFECTIONER.

2309 2381 71 21 Goods
2391 2382 103 21 delivered
2508 2381 55 26 daily
2579 2382 21 20 in
2619 2382 91 21 Rotorua

2306 2451 79 26 Butter,
2394 2451 34 28 Egg
2439 2451 11 28 3
2461 2451 34 28 and
2503 2454 89 20 General
2598 2454 112 20 Groceries.

2326 2516 40 43 A.
2386 2516 30 42 &
2441 2516 35 42 G.
2498 2516 165 50 BROOK,

2281 2569 87 25 Boot
2378 2571 66 23 and
2460 2570 90 25 Shoe
2564 2571 146 25 Makers.

2356 2606 79 20 Fenton
2446 2606 71 24 Street,
2534 2607 98 20 Rotorua.

2278 2632 46 19 And
2347 2635 21 18 at
2395 2633 82 19 Parncll
2505 2634 40 19 and
2571 2632 139 23 Newmarket.

2303 2685 67 25 Largo
2380 2686 40 18 and
2430 2686 69 18 varied
2514 2685 59 20 Slock
2583 2686 22 19 of
2618 2685 92 28 English',

2278 2710 87 27 Foreign
2375 2712 41 18 and
2426 2712 91 19 Colonial
2527 2711 61 20 Boots
2599 2712 39 19 and
2648 2712 62 20 Shoes

2343 2740 20 16 to
2373 2737 72 20 choose
2455 2738 53 19 from
2517 2740 21 17 at
2547 2738 35 19 tho
2594 2740 52 17 most

2343 2813 94 19 Football
2448 2813 57 19 boots
2515 2819 12 13 a
2533 2813 111 25 speciality.

2277 2844 35 20 All
2331 2845 68 19 orders
2418 2845 40 19 and
2475 2845 77 26 repairs
2562 2845 148 26 expeditiously

2445 2870 102 21 executed.

2307 2914 25 25 >I
2341 2914 75 20 ANO
2427 2914 19 23 S,
2472 2914 49 20 HA
2528 2914 19 19 R
2555 2914 100 20 MONIU
2662 2915 47 23 NS,

2444 2940 148 20 ORGANS.

2462 2977 66 14 ALSO

2278 3001 76 27 Harps,
2372 3001 85 24 Violins,
2469 3000 141 25 Violoncellos,
2622 3001 88 20 Guitar'')

2302 3028 78 26 Bonjos
2399 3028 40 19 and
2446 3027 81 20 smaller
2538 3027 130 20 instruments
2678 3030 32 17 too

2302 3060 110 14 numerous
2423 3056 21 17 to
2458 3053 147 27 particularise.

2361 3102 109 21 GFFMAN
2495 3102 55 21 AND

2575 3089 76 50 SONS-

2278 3147 102 28 QUEEjg
2397 3147 121 26 STREET,
2537 3146 172 24 AUGKbANO-

2277 3177 43 19 The
2329 3177 77 26 largest
2416 3177 106 26 importers
2538 3177 21 19 of
2572 3177 28 19 nil
2615 3177 59 19 kinds
2690 3177 21 19 of

2302 3204 85 19 musical
2391 3204 131 19 instruments
2528 3203 22 19 in
2556 3203 51 19 New
2613 3203 97 19 Zealand.

2277 3234 35 20 All
2320 3236 60 19 kinds
2390 3236 21 19 of
2421 3235 85 20 musical
2512 3236 131 19 instruments
2649 3237 49 17 tuno
2699 3236 8 12 c
2707 3230 3 25 '

2303 3262 41 19 und
2359 3262 100 26 repaired.

2346 3311 39 33 H.
2402 3313 37 31 C
2460 3313 192 33 WRIGHT,

2353 3356 138 21 SURGEON
2501 3356 129 21 DENTIST.

2328 3409 116 25 (Successor
2455 3411 21 17 to
2486 3412 28 16 A.
2526 3409 21 20 L.
2559 3408 101 26 Wright),

2303 3462 89 19 Notifies
2402 3462 46 19 that
2458 3462 24 19 he
2501 3462 18 18 is
2538 3461 119 26 continuing
2675 3460 34 21 the

2276 3487 92 21 busiuess
2379 3488 22 19 of
2411 3495 12 12 a
2434 3487 84 20 Dentist
2528 3490 22 17 at
2560 3489 34 18 the
2606 3488 103 19 Premises.

2276 3514 229 24 BHOETLAND-ST.,
2520 3514 85 19 assisted
2626 3514 25 25 by
2670 3514 38 19 Mr

2277 3540 32 20 W.
2322 3540 26 20 H.
2359 3540 106 20 Weight.
2484 3540 43 20 The
2537 3540 109 25 high-class
2656 3540 51 19 wotk

2276 3566 21 20 of
2309 3567 34 19 the
2354 3567 40 20 late
2405 3567 36 19 Mr
2451 3568 24 18 A.
2486 3567 23 19 L.
2522 3567 85 25 Wright
2627 3567 38 18 will
2685 3567 24 19 be

2276 3592 86 21 adhered
2374 3594 27 23 to,
2409 3594 39 18 and
2460 3600 39 17 any
2510 3593 38 19 left
2559 3593 114 19 unfinished
2682 3593 24 22 by

2278 3619 34 19 hat
2322 3619 115 26 gentleman
2449 3620 40 18 will
2509 3619 24 19 ba
2550 3619 117 25 completed
2681 3619 24 22 by

2370 3645 34 20 the
2413 3653 45 12 new
2468 3647 148 24 management.

2328 3704 37 21 I>
2388 3703 29 26 Q
2468 3702 213 25 riOELETT,

2385 3754 212 21 ARCHITECT;

2361 3782 102 25 Building
2471 3782 102 25 Surveyor
2582 3782 34 19 &c.

2275 3814 68 24 Agnet
2352 3814 31 18 for
2393 3813 35 20 the
2437 3813 98 20 National
2547 3812 46 20 Fire
2604 3813 40 18 and
2653 3812 41 19 Mar-

2274 3838 33 21 ino
2317 3840 110 19 Insuarnce
2435 3839 35 20 Co.

2296 3993 411 31 BOOTMKK6R,

2335 4048 323 64 ROTORUA.

2792 85 349 39 BgggmraHSgg

2793 147 113 29 Steam
2932 149 154 29 Sawrnill

2726 186 153 22 MAEAEROA
2918 191 113 20 OTUEOA
3069 189 85 21 BUSH.

2751 217 45 23 Beg
2805 220 19 17 to
2834 225 12 13 a
2855 221 62 19 solicit
2931 228 11 12 a
2952 223 59 19 share
3024 223 22 20 of
3058 223 70 26 public

2881 249 116 23 patronage.

2727 289 43 19 Tho
2777 289 61 20 Eimu
2846 291 80 21 Timber
2935 294 21 18 in
2965 295 40 18 this
3018 295 56 20 Bush
3088 296 18 19 is
3119 296 35 19 the

2806 315 68 21 Finest
2883 318 21 18 in
2916 319 50 19 New
2979 320 95 21 Zealand.

2728 366 42 19 The
2779 367 121 25 proprietors
2910 376 33 12 are
2952 373 98 24 prepared
3062 375 21 17 to
3093 380 60 19 guar.

2754 395 58 15 anteo
2822 392 33 19 the
2864 395 77 25 quality
2951 397 39 18 and
2999 398 34 20 the
3042 399 59 19 finish
3107 400 21 18 of

2781 418 34 19 the
2823 418 72 20 timber
2904 421 90 25 supplied
3001 423 27 24 by
3041 424 60 20 them.

2779 469 73 22 GOTHIC
2861 470 81 21 PICKETS
2958 472 10 21 ft
2986 472 118 24 SPECIALITY.

2730 515 94 25 Delivery
2833 522 22 12 as
2862 515 87 20 directed
2956 517 21 19 in
2994 521 59 22 town,
3072 523 82 24 country

2873 548 22 12 or
2904 544 21 17 at
2935 543 79 19 station.

2804 585 81 22 LOWEST
2908 587 93 22 CURRENT
3015 588 68 23 RATES.

2836 652 33 20 W.
2879 652 24 19 A.
2916 653 143 21 WILLIAMS

2994 681 136 20 EOTOEUA,

2773 736 28 27 J.
2820 736 50 27 W.
2892 737 214 36 WIBGLEY,

2747 792 18 20 A
2808 792 350 31 ECHITECT,

2873 844 138 21 EOTOEUA.

2758 880 70 24 Agent
2843 879 31 19 for
2886 882 35 18 the
2941 881 64 19 South
3026 882 78 20 British
3113 884 46 21 Fire

2732 907 17 19 &
2759 907 81 19 Marine
2850 907 113 19 Insurance
2973 908 107 27 Company.

2801 966 211 33 Established
3033 981 59 20 iB7O.

2732 1044 59 17 Under
2813 1045 28 16 the

2733 1066 32 16 His
2778 1066 62 16 Exeel-

2732 1088 88 16 Govcruor

3064 1049 96 21 Patronage

3063 1070 48 21 leney
3130 1072 29 16 the

3064 1092 17 15 of
3093 1091 23 18 N.
3129 1092 19 18 Z.

2797 1133 96 37 John
2928 1133 38 38 J.
2989 1135 103 48 Keys,

2730 1307 108 21 Estimates
2856 1309 57 25 given
2929 1309 32 20 for
2973 1310 112 26 Buildings,
3096 1310 52 21 alfcer-

2748 1335 76 20 tatioEß
2834 1336 37 18 and
2882 1336 76 25 repairs
2968 1336 20 19 in
2999 1336 27 20 all
3036 1337 96 20 brauches

2885 1362 21 19 of
2916 1363 35 19 the
2959 1363 64 20 trade.

2755 1392 101 28 Painting,
2867 1393 164 27 Paperhauging,
3045 1396 40 20 and
3102 1396 48 20 Glaz-

2728 1418 40 26 ing,
2780 1420 101 20 Venetian
2893 1421 16 19 &
2921 1420 57 20 other
2993 1420 67 23 Blinds
3071 1424 20 19 to
3102 1423 58 20 order

2738 1452 23 13 or
2777 1446 114 24 re-paiuted
2906 1446 40 20 and
2956 1448 98 26 re»:aped.
3093 1450 8 6 *

2743 1479 58 20 Good
2810 1477 66 21 stocks
2890 1479 21 20 of
2925 1479 88 21 Funeral
3026 1479 119 28 Requisites.

2775 1537 139 19 JfUJNJSBAL
2936 1537 33 18 FU
2979 1537 127 19 KNlStliatt.

2825 1622 39 28 H.
2895 1620 179 30 MABTIN.

2730 1669 128 29 Saddler
2869 1672 19 25 &
2904 1669 132 29 Harness
3052 1669 106 29 Maker

2774 1717 96 20 (Next.to
2879 1715 91 19 Larkin's
2984 1716 51 18 Boot
3049 1715 64 22 Shop-)

2852 1752 184 20 OHINEMUTU.

2753 1794 89 24 Saddles,
2855 1794 83 24 Bridles,
2947 1794 84 23 Collars,
3040 1794 33 19 &c.
3083 1794 49 24 kept
3140 1793 20 18 in

2732 1821 66 20 fctock.

2791 1858 34 19 All
2837 1857 129 26 descriptions
2977 1857 21 20 of
3008 1857 84 20 harness

2862 1886 56 18 made
2928 1888 21 16 to
2960 1885 64 19 order.

2783 1927 82 26 Ecpairs
2876 1928 50 19 done
2942 1926 47 20 with
2999 1926 105 25 despatch.

2730 1965 55 26 Style
2796 1966 38 18 and
2851 1963 155 27 Workmanship
3021 1961 125 28 guaranteei*

2730 2034 230 40 JECKLIN&
2980 2032 165 40 COTTER

2797 2099 112 20 FAMILY
2938 2097 155 26 BUTCHERS,

2813 2142 70 17 Ai-awa
2897 2139 71 24 Street,
2984 2139 97 24 Eotorua,

2758 2185 59 20 Ease
2827 2185 22 18 to
2859 2183 64 20 thank
2938 2183 34 20 tho
2983 2182 68 25 public
3066 2182 22 19 of
3097 2181 52 19 Eoto-

2732 2218 37 13 rua
2779 2212 32 19 for
2818 2212 46 24 past
2875 2211 66 18 favors
2956 2210 40 19 and
3013 2209 39 25 beg
3069 2212 19 15 to
3106 2209 55 18 state

2732 2238 48 26 they
2791 2237 40 20 will
2843 2237 94 20 continue
2945 2239 21 16 to
2975 2236 57 19 merit
3042 2236 84 24 support
3134 2234 26 25 by

2733 2264 106 26 pronding
2859 2263 34 20 the
2914 2263 43 19 best
2977 2262 77 26 quality
3070 2262 22 19 of
3107 2262 54 18 meat

2797 2300 32 28 At
2854 2300 105 27 lowest
2985 2299 176 35 prices.:^

2792 2367 182 41 BRITOMART
2996 2365 117 42 HOTEL.

2734 2432 149 39 Custom
2900 2431 121 37 House
3033 2431 116 38 Street

2825 2500 244 32 AUCKLAND.

2731 2547 160 20 Closotoßoilway
2899 2546 67 15 Station
2979 2545 34 16 and
3028 2546 43 16 Pott
3083 2546 58 15 Office.

2752 2585 80 21 Superior
2847 2584 142 16 acoommo'intion
3010 2584 28 15 for
3056 2584 78 15 Tourists

2773 2606 96 17 Travellers
2885 2605 33 16 and
2937 2605 75 21 Countiy
3028 2605 84 17 Farmers.

2794 2645 99 21 TERMS
2919 2644 171 21 MODERATE.
3104 2645 53 27 Sap

2732 2681 69 17 None
2822 2680 44 17 but
2886 2680 131 15 first-class
3026 2678 93 17 brands
3136 2682 13 12 o

2752 2703 62 20 Ales,
2824 2702 85 16 Wines
2919 2700 48 17 and
2975 2700 89 21 Spirits
3073 2700 62 21 kept,

2730 2744 57 20 THE
2832 2742 143 21 NATIONAL
3024 2740 136 21 OAEBOLIO

2836 2768 219 21 DISENFECTANT.

2730 2807 50 20 The
2789 2806 57 20 best
2856 2804 48 22 and
2917 2804 122 26 cheapest
3050 2802 109 22 Carbolic

2732 2834 170 21 Disenfectant
2940 2831 99 21 Powder
3079 2831 80 20 before

2869 2860 42 21 the
2932 2859 91 26 public.

2731 2889 89 25 Strong
2831 2895 22 14 in
2872 2888 92 23 action,
2986 2886 129 27 agreeable
3135 2886 23 20 in

2904 2914 82 24 smell,

2732 2943 104 17 Purifies
2853 2942 41 18 the
2914 2942 37 16 air
2973 2940 51 18 and
3046 2940 114 22 prevents

2898 2963 101 17 disease.

2843 2996 118 34 CfIRBOCIC
2979 2996 69 33 SOBF.

2856 3036 100 22 WARNOCK
2991 3036 45 25 Bros,

2805 3062 58 22 Works
2873 3061 40 22 Coxs
2921 3061 54 21 Creek.
2986 3060 99 22 Richmond.

2730 3087 101 22 Warehouse
2865 3086 71 22 Durham
2972 3086 60 25 Street,
3068 3083 91 23 Auckland.

2780 3142 163 37 Rotopua
2958 3141 159 42 Library.

2732 3203 114 48 OPEN
2863 3203 51 19 from
2927 3204 22 18 10
2961 3210 44 12 a.m.
3015 3203 21 18 to
3046 3203 11 18 5
3066 3208 43 19 p.m.
3121 3200 39 20 nnd

2793 3232 12 18 G
2814 3233 25 17 iiO
2848 3233 19 16 (o
2879 3231 23 17 10
2912 3236 13 18 p.
2933 3236 23 12 rxi.
2968 3229 92 23 Sundays
3069 3228 30 19 till
3107 3229 53 23 9p-m

2732 3267 76 14 Ssuust
2810 3271 13 9 ■>
2834 3262 89 21 iiiiiifii-
2934 3260 50 18 £Os
2998 3264 48 17 per
3059 3264 99 12 aniicim

2757 3294 88 20 Visitors
2864 3298 43 18 may
2925 3297 84 19 procure
3024 3290 68 19 Books
3107 3290 53 19 from

2732 3321 33 19 the
2782 3320 85 24 Library
2885 3325 24 12 on
2926 3316 81 26 making
3024 3324 11 12 a
3049 3316 79 25 deposit
3139 3316 21 19 of

2732 3349 36 18 not
2783 3346 39 20 loss
2841 3344 46 20 than
2906 3345 27 20 53,
2951 3343 40 20 and
3008 3342 119 26 purchasing
3137 3344 22 18 Is

2730 3379 79 19 empon
2820 3372 31 19 for
2861 3377 60 18 every
2932 3370 55 19 Four
2997 3370 70 19 books.

2756 3405 41 19 The
2816 3403 86 25 Library
2919 3401 18 21 is
2961 3408 51 20 open
3036 3402 71 25 during
3125 3401 34 20 the

2729 3432 90 23 Qvouing.

2729 3488 239 42 STEELE
3005 3488 149 40 Bros.

2765 3572 162 37 JVlararoa
2954 3570 169 39 Sawmill.

2730 3621 116 38 DESIRE
2869 3622 22 16 to
2902 3620 66 18 thank
2985 3619 35 18 the
3039 3619 66 21 public
3126 3617 30 18 for

2790 3643 47 21 past
2845 3643 74 17 favors,
2932 3641 40 18 and
2980 3641 37 20 beg
3025 3641 22 16 to
3055 3642 99 16 announce

2726 3664 48 18 that
2797 3664 75 20 having
2883 3668 12 13 a
2911 3662 54 21 large
2987 3662 58 18 stock
3057 3661 22 18 of
3100 3659 45 19 -well-

2727 3685 98 19 seasoned
2846 3685 105 18 first-class
2972 3683 74 18 timber
3064 3687 26 14 on
3103 3682 51 17 hand

2727 3707 50 20 they
2800 3711 34 13 are
2852 3705 97 22 prepared
2961 3706 22 16 to
2994 3704 53 18 fulfil
3056 3704 66 18 orders
3133 3701 21 19 a*

2726 3728 87 19 reduced
2824 3728 62 18 rates.

2859 3829 167 21 FEUITEBEE.

2752 3863 56 20 Next
2818 3862 100 21 Saddler's
2932 3861 55 26 shop,
2999 3860 124 21 Ohinomutu,

2727 3898 45 19 Has
2787 3897 73 25 always
2876 3902 11 14 a
2902 3896 50 24 good
2969 3895 72 26 supply
3055 3894 20 17 of
3090 3889 60 22 Fresh

2780 3922 64 23 Fruit,
2865 3922 49 19 both
2931 3921 50 19 local
3005 3918 37 21 and
3065 3920 23 17 im-

2831 3948 71 26 ported
2938 3954 25 12 on
2997 3945 55 21 hand

2893 3974 16 19 A
2925 3979 12 13 l
2951 3979 34 12 so

2845 4000 20 19 A
2886 3997 151 22 ■well—assorted

2779 4026 55 21 stork
2847 4026 21 19 of
2878 4025 90 22 Biscuits,
2977 4021 110 22 Gonfectior-

2725 4061 36 17 ery
2770 4053 41 20 and
2820 4054 93 19 Summer
2924 4050 72 20 Drinks
3006 4053 20 14 at
3034 4047 61 19 Moie
3104 4047 45 15 jatE
