3206 4196
2829 112 45 20 MY
2889 112 81 20 FIRST
2984 112 100 21 SHAVE.

2770 164 55 21 Shall
2836 165 11 19 I
2857 171 45 14 ever
2916 165 68 26 forget
2993 172 33 17 my
3036 167 44 20 first
3097 167 60 21 shave
3165 169 7 19 f

2745 191 39 20 For
2793 198 11 13 a
2816 192 47 24 long
2874 191 47 20 time
2939 192 61 25 daily,
3013 193 75 21 almost
3099 193 70 22 hourly

2744 217 149 20 consultations
2913 224 50 14 were
2979 219 45 20 held
3044 219 91 21 between
3145 227 28 20 mj

2744 244 44 20 face
2811 244 40 19 and
2875 244 34 19 the
2926 244 79 24 mirror,
3022 247 57 19 much
3100 247 21 18 to
3145 247 29 20 thi

2745 270 145 26 disadvantage
2909 270 21 19 of
2940 270 34 20 the
2985 272 68 24 latter,
3064 273 64 20 which
3139 272 34 22 lot!

2745 296 139 21 considerable
2907 297 127 26 quicksilver,
3058 300 72 20 caused
3152 300 22 26 bj

2746 324 35 19 the
2791 322 64 25 bangs
2872 324 89 19 revived
2972 324 52 20 from
3036 332 31 18 my
3078 333 50 13 nose
3138 333 20 12 as
3169 322 4 28 1

2747 348 71 21 buried
2837 355 32 19 ray
2888 349 44 20 free
2951 350 19 19 in
2985 350 35 20 the
3034 352 54 25 glass
3106 352 64 21 ehdea

2747 375 85 25 Touring
2843 375 68 26 wildly
2925 378 20 17 to
2956 376 42 20 find
3008 384 55 14 more
3073 379 49 20 than
3133 379 40 20 fou>

2748 402 42 20 real
2802 401 50 20 dark
2862 401 56 20 hairs
2927 409 27 13 on
2964 409 33 19 my
3006 410 66 20 upper
3081 405 35 27 lip.

2775 428 46 20 One
2834 428 100 26 morning,
2957 429 49 20 with
3025 437 60 20 many
3104 432 67 19 inwari

2749 454 120 26 reproaches
2886 454 32 20 for
2933 461 33 20 my
2985 457 110 20 cowardice
3105 458 21 19 in
3145 463 25 14 no

2749 480 110 26 Tenturing
2872 480 55 20 forth
2945 481 77 25 before,
3041 483 12 20 I
3071 484 73 21 braced
3154 492 20 19 u;

2749 507 39 20 and
2800 506 76 21 hunted
2886 506 33 21 for
2926 514 11 13 a
2950 508 74 20 barber
3033 509 59 26 ahop.
3120 511 11 20 I
3142 516 37 16 Wa.

2750 534 27 19 all
2787 533 56 25 right
2853 533 51 20 until
2918 534 34 20 the
2972 534 49 21 door
3041 543 39 14 was
3091 538 82 19 reached

2751 560 56 20 when
2827 566 32 19 my
2879 559 57 21 heart
2954 560 51 20 sank
3020 561 20 20 in
3051 567 11 15 »
3081 570 44 20 way
3139 564 32 20 th*

2751 586 57 20 made
2828 593 32 19 my
2870 586 41 25 legs
2928 587 90 24 tremble,
3034 589 40 20 and
3085 590 10 19 1
3116 592 55 19 woul

2751 616 48 16 turn
2823 618 55 20 away
2894 613 39 20 like
2947 620 12 13 a
2983 614 91 26 whipped
3099 616 45 26 dog.

2752 641 54 17 went
2816 638 88 26 through
2919 639 40 21 this
2978 640 140 26 performance
3128 644 43 25 eigh

2752 666 65 19 times.

2780 693 28 18 At
2831 691 44 24 last,
2891 692 21 19 in
2936 692 128 27 desperation
3090 699 48 18 born
3161 706 9 11 r

2752 718 86 25 despair,
2851 718 10 19 I
2872 718 71 20 rushed
2954 719 44 21 into
3008 729 10 11 a
3029 721 56 29 shojj,
3093 723 75 27 droppr

2753 751 32 20 my
2796 745 36 19 hat
2840 745 75 19 several
2935 745 59 21 times
3005 747 72 20 before'
3085 748 9 21 I
3105 749 54 27 hung
3167 752 12 19 i.

2753 777 34 19 np,
2800 771 34 19 fell
2844 771 21 19 in
2876 778 10 12 a
2905 771 55 21 chair
2968 773 38 20 and
3022 775 66 20 stared
3105 783 63 13 nroun
3172 771 1 26 ;
3176 771 3 26 .

2754 804 30 13 me
2792 797 20 19 in
2823 804 11 12 a
2851 798 94 23 petrified
2963 806 42 19 way
3024 800 45 20 that
3083 804 86 19 attractr

2754 824 33 20 the
2796 823 102 20 attention
2909 821 24 22 of
2940 832 98 20 everyone
3045 827 20 20 in
3077 828 34 20 the
3123 830 42 24 pise

2755 849 64 23 which
2838 851 21 18 to
2879 857 32 18 my
2925 851 78 26 dismay
3026 860 38 14 was
3088 856 82 19 crowde,

2756 877 42 20 But
2808 876 10 19 I
2830 883 39 12 saw
2885 876 46 20 that
2942 884 31 19 my
2992 881 47 19 turn
3055 878 67 23 would
3132 889 34 14 con

2754 903 20 20 in
2787 903 37 19 fire
2840 902 93 21 minutes.
2963 904 92 27 Nerving
3071 908 110 23 myself-f....

2754 929 34 21 the
2798 929 74 24 ordeal,
2883 929 10 20 I
2912 931 71 19 waited
2999 933 99 27 excitedly
3109 934 64 21 forth

2755 955 61 21 awful
2835 962 101 14 summons
2954 957 22 21 of
2986 959 64 20 Vneit
3062 955 4 27 '
3074 963 28 17 .to
3126 969 41 13 com

2756 983 22 19 It
2787 988 61 14 came.
3058 981 28 11 *'-'
3090 985 6 7 :
3102 983 42 11 ■'"'■■'

2766 1028 8 6 r
2778 1008 72 24 ..'ipur
2860 1009 47 19 turn
2918 1012 54 22 next,
2983 1011 41 24 sir,'
3034 1013 109 22 exclaimed
3154 1015 14 20 tl

2756 1035 99 26 guardian
2866 1035 22 20 of
2898 1035 33 21 the
2940 1037 61 20 chair.

2784 1061 50 20 How
2846 1061 11 20 I
2867 1068 46 14 over
2930 1063 85 21 reached
3032 1065 17 20 it
3059 1065 17 21 is
3087 1067 81 21 nr.kno*

2757 1091 21 17 to
2788 1088 38 19 nib.
2855 1088 10 19 I
2876 1088 38 20 had
2925 1096 12 13 a
2952 1089 40 21 dim
3003 1093 153 24 c6nseioos.hfas
3165 1101 8 14 <

2757 1114 112 26 stumbling
2895 1114 49 23 bv.'er
2973 1124 11 12 a
2999 1114 2 29 .
3013 1124 45 14 man
3069 1119 57 21 .who
3138 1114 3 29 '
3151 1125 32 18 (r«,

2757 1141 84 26 settling
2853 1141 29 20 his
2895 1141 34 21 bill
2940 1151 6 17 ;
2960 1143 48 21 then
3019 1150 33 21 my
3069 1148 70 20 trance
3150 1154 35 14 w..

2758 1167 83 21 broken.

2785 1194 4 23 1
2800 1194 51 20 Hair
2860 1197 36 18 cut
2905 1195 58 21 short
2973 1197 16 20 P'

2785 1220 33 24 To.
2833 1220 40 21 this
2891 1222 39 25 day
2950 1223 10 19 I
2975 1224 49 20 have
3038 1227 125 21 entertained

2759 1247 120 20 consistent'
2898 1248 101 22 malicious
3019 1251 71 21 hatred
3105 1256 72 19 towar,

2761 1273 47 20 that
2818 1280 45 14 man
2880 1274 32 19 for
2923 1275 33 21 the
2971 1277 56 21 cruel
3043 1279 77 21 remark
3131 1282 35 20 abo
3184 1273 2 29 ,

2760 1300 44 21 hair
2813 1303 41 21 cut,
2865 1300 38 21 hut
2913 1301 33 21 the
2954 1302 57 22 blood
3022 1305 23 20 of
3055 1313 31 18 my
3097 1314 45 14 race
3153 1315 24 13 w»

2761 1327 148 21 aroused—-the
2929 1329 95 29 majority
3038 1333 22 20 of
3081 1333 16 20 it
3116 1335 21 20 in
3160 1343 10 14 v.

2761 1353 45 22 face
2816 1354 11 20 I
2838 1355 54 20 must
2905 1354 68 22 admit.

2788 1382 5 11 •
2801 1380 38 21 No.
2852 1380 41 24 sir,'
2905 1381 11 21 I
2926 1382 82 25 replied.
3020 1385 5 10 '■
3035 1385 74 23 •have.'

2787 1406 20 22 A
2824 1406 47 21 look
2890 1407 21 21 of
2928 1409 147 25 astonishment
3095 1413 45 23 that
3154 1422 11 14 *
3177 1406 2 30 ■

2761 1439 53 20 very
2833 1432 79 29 galling
2929 1436 21 19 to
2968 1442 32 14 me
3015 1437 63 23 broke
3100 1446 47 16 over
3160 1446 24 17 u

2761 1460 66 21 man's
2849 1460 50 21 face.
2926 1460 58 24 Then
3006 1463 35 22 the
3064 1467 44 21 eoul
3126 1469 23 20 of
3161 1471 28 18 »!■•■

2763 1485 58 22 artist
2836 1486 89 22 asserted
2937 1488 62 22 itself.
3027 1490 35 23 He
3076 1495 73 21 turnod
3163 1495 26 24 hit

2762 1512 53 21 back
2833 1512 41 23 and
2890 1513 67 27 yelled
2970 1518 36 19 out
3019 1519 20 19 to
3050 1524 11 15 a
3080 1519 51 27 shop
3149 1521 12 21 b

2764 1538 57 23 'Hot
2836 1542 67 22 water,
2921 1540 95 24 Charlie.'
3039 1547 110 19 attraotirio'
3188 1538 1 28 .

2763 1564 32 23 his
2826 1565 49 22 loud
2906 1569 46 20 tone
2978 1569 35 21 the
3046 1573 98 23 attention

2763 1594 109 21 customers
2882 1593 40 22 and
2931 1593 84 24 barbers
3025 1592 67 28 alike.'

2789 1615 26 26 In
2834 1625 34 21 my
2888 1616 77 27 inward
2979 1623 45 21 soul
3037 1623 13 23 I
3067 1622 61 26 knew
3150 1628 16 21 tl
3189 1615 2 34 i

2763 1648 53 19 Wore
2838 1645 101 30 laughing
2955 1650 21 19 at
2998 1656 38 15 me.
3064 1651 37 28 My
3123 1653 49 24 barb

2743 1672 1 34 '
2764 1672 79 21 seemed
2854 1675 20 19 to
2883 1673 25 21 do
2918 1681 26 14 an
2963 1681 133 25 unnecessary
3114 1687 64 15 amov

2764 1699 21 24 of
2799 1699 106 27 stropping
2923 1702 40 21 and
2977 1702 108 31 lathering.
3112 1707 29 21 At
3158 1708 26 22 Ice

2764 1724 35 22 the
2808 1724 62 25 brush
2874 1724 4 35 j
2890 1733 61 15 warm
2964 1727 48 22 with
3022 1728 93 31 feathery
3124 1730 49 25 lath-

2764 1750 87 23 iotlchod
2869 1757 34 22 mj'
2921 1755 68 20 cheek.
3017 1756 69 22 When
3100 1764 34 18 my
3154 1761 7 19 f

2764 1780 42 19 Was
2823 1778 84 22 covered
2921 1778 49 24 with
2991 1782 34 21 the
3044 1782 61 24 white
3118 1787 46 20 foan
3186 1789 5 11 '

2764 1803 99 22 breathed
2881 1804 70 23 easier.
2978 1806 33 22 No
3025 1816 38 14 one
3081 1818 46 14 now
3140 1820 32 13 con

2743 1831 1 28 .
2764 1831 42 24 tell,
2818 1831 91 21 whether
2926 1834 12 19 I
2951 1834 41 21 had
3010 1836 35 20 the
3060 1837 62 21 board
3149 1846 16 13 o:
3185 1831 4 28 ■

2764 1857 79 26 Variety
2853 1859 54 20 actor
2921 1866 23 14 or
2961 1861 35 20 the
3009 1862 133 28 nothingness
3155 1868 17 19 ol

2743 1883 1 27 '.
2765 1883 115 27 BChoolboj':

2743 1907 1 31 i
2791 1910 78 26 Posing
2878 1910 31 21 his
2925 1919 57 14 razor
2991 1912 20 21 in
3028 1915 35 21 the
3076 1917 31 20 air
3113 1917 41 21 like

2743 1936 1 34 ;
2766 1936 65 20 sword
2840 1938 22 18 of
2876 1936 110 28 Damocles,
2999 1940 34 21 the
3040 1941 75 22 barber
3124 1945 38 25 beg
3176 1954 9 12 -,

2743 1962 1 34 ,
2765 1962 69 21 When
2844 1962 35 21 the
2884 1962 44 22 cold
2937 1965 49 21 stool
3005 1964 85 25 touched
3106 1977 34 19 my
3149 1971 28 19 nV
3187 1962 2 34 ■

2743 1989 1 30 l
2766 1995 26 13 an
2811 1989 80 21 ecstatic
2905 1989 56 22 thrill
2977 1999 37 14 ran
3036 1995 53 21 from
3107 1996 52 21 hoad
3178 1989 3 30 i

2743 2015 2 30 }
2844 2015 42 21 But
2900 2024 38 13 one
2956 2018 60 26 thing
3029 2020 103 23 detracted
3147 2024 15 20 ft
3181 2015 4 30 •

2743 2043 1 28 •
2766 2047 34 19 my
2817 2047 42 21 joy.
2886 2043 33 20 No
2942 2046 83 25 grating
3041 2049 64 20 sound
3128 2050 22 20 Of
3174 2059 17 12 >;■

2765 2068 145 25 disappearing
2923 2069 61 21 beard
3003 2073 85 20 reached
3102 2080 35 20 my
3158 2083 8 12 c

2764 2092 44 20 The
2817 2100 58 13 razor
2884 2095 72 24 passod
2965 2103 48 14 over
3029 2104 35 20 my
3072 2100 46 20 face
3135 2108 30 13 noi
3172 2092 3 32 >

2764 2119 68 25 iessly,
2857 2119 49 21 with
2919 2127 13 14 a
2954 2125 113 26 continuity
3085 2127 22 19 of
3123 2131 39 16 mot
3187 2119 2 32 i

2765 2145 46 19 that
2820 2146 73 20 caused
2909 2154 31 13 me
2954 2155 80 15 sorrow.
3063 2152 37 26 My
3109 2153 43 21 face
3158 2161 33 14 wu.

2743 2170 1 31 t
2765 2170 83 22 slushed
2859 2172 46 20 with
2918 2173 36 21 hot
2972 2178 62 18 water
3043 2178 41 20 and
3098 2179 49 21 then
3156 2187 19 14 o-.

2743 2199 1 29 •
2765 2199 70 18 water.
2863 2199 42 19 The
2923 2202 82 23 powder
3013 2204 46 24 puff
3076 2204 75 23 tickled
3165 2215 10 3 -
3185 2215 6 12 r

2743 2224 1 30 •
2765 2224 89 20 nostrils.
2897 2225 42 21 The
2971 2227 74 23 barber
3071 2231 54 21 oiled
3159 2234 32 20 mi

2766 2250 96 20 flattened
2880 2258 34 19 my
2931 2252 46 21 hair
2986 2255 20 19 in
3025 2258 40 18 two
3078 2258 83 25 scollops
3172 2267 12 12 <r

2743 2276 1 26 ,
2765 2281 35 21 my
2809 2276 96 24 youthful
2912 2279 103 22 forehead.

2743 2302 1 21 •
2793 2303 5 10 '
2806 2302 69 21 Next.'

2792 2328 12 20 I
2813 2329 84 27 jumped
2907 2331 52 21 from
2973 2333 35 21 the
3024 2334 62 26 chair,
3102 2343 45 15 won

2743 2354 1 37 t
2766 2354 92 21 barhor's
2876 2355 57 22 heart
2952 2358 28 27 by
2998 2367 12 13 a
3024 2360 84 29 shilling
3118 2365 35 26 tip,
3165 2371 7 14 c

2743 2384 1 26 r
2766 2388 26 13 on
2801 2388 35 18 my
2854 2385 44 17 coat
2916 2384 40 21 and
2975 2385 36 21 hat
3027 2387 21 20 in
3066 2395 55 15 some
3137 2396 31 14 utv

2766 2407 103 25 plainable
2896 2416 89 20 manner,
3017 2412 38 22 folt
3078 2415 34 21 the
3135 2416 42 22 whii

2743 2434 1 33 |
2766 2434 65 19 travel
2841 2434 49 21 with
2907 2440 58 21 great
2975 2439 53 20 force
3047 2447 27 20 up
3085 2443 40 19 and
3140 2443 34 19 de-

2766 2467 34 18 my
2810 2461 66 25 spinal
2884 2462 85 21 column.
2997 2464 95 23 Irnshed
3109 2468 42 20 into

2743 2487 1 31 .
2853 2487 40 20 and
2916 2489 49 20 with
2980 2498 11 13 a
3010 2495 58 23 great
3081 2495 60 19 effort
3154 2502 9 12 r

2766 2512 76 26 quered
2851 2512 35 21 the
2896 2514 77 27 foeling
2982 2519 21 18 to
3016 2519 46 24 give
3072 2526 13 13 a
3102 2521 40 24 yell
3152 2521 28 21 Inn
3189 2512 2 33 i

2743 2538 1 30 ,
2766 2545 21 13 ns
2806 2538 33 20 old
2862 2539 136 26 Archimedes,
3014 2550 38 15 one
3074 2547 45 19 that
3135 2554 56 14 wo-;ii

2743 2564 1 34 •
2766 2570 47 19 giro
2831 2564 34 20 the
2884 2566 64 21 wholo
2958 2570 62 20 world
3038 2571 34 21 the
3087 2573 98 25 gratifyr■•

2743 2590 1 31 t
2766 2590 129 22 information
2915 2593 44 21 that
2974 2595 11 20 I
3003 2594 41 23 had
3059 2598 50 21 boon
3124 2600 35 20 sha
3175 2607 16 13 ra

2755 2617 3 20 1
2766 2619 21 17 at
2796 2617 47 20 last.

2792 2686 108 23 SPIRITS
2912 2690 136 24 WITHOUT
3058 2693 103 24 SPIRITS

2791 2739 19 21 A
2819 2740 29 20 lot
2863 2741 22 20 of
2894 2741 34 21 the
2946 2743 95 24 boarders
3052 2750 20 17 at
3091 2753 12 16 a
3121 2748 43 27 priv

2765 2766 101 27 boardory
2876 2768 90 27 brought
2983 2777 13 14 a
3006 2773 88 22 medium
3112 2774 42 22 int.,

2764 2793 44 19 fold
2827 2799 38 15 ono
2879 2797 58 24 night
2955 2796 39 22 lost
3012 2799 57 21 week
3083 2802 40 21 and
3137 2801 23 22 hn

2763 2825 72 15 fence.
2864 2819 67 23 When
2941 2822 34 21 the
2984 2823 64 28 lights
3064 2833 52 15 wero
3130 2836 21 12 so
3163 2819 2 32 I

2763 2849 41 22 you
2836 2847 89 20 couldn't
2956 2849 42 21 find
3027 2852 56 21 them
3114 2855 52 20 witb

2764 2872 89 26 striking
2871 2879 11 14 a
2901 2875 73 25 match,
2992 2882 12 15 a
3018 2879 58 24 spirit
3090 2887 74 20 appear

2765 2898 39 20 and
2816 2899 86 21 hovered
2913 2907 47 14 over
2969 2903 34 20 the
3015 2907 43 18 star
3067 2905 86 23 boarder

2807 2927 76 19 Whoso
2902 2926 58 27 spirit
2978 2935 34 15 aro
3024 2938 41 18 you
3076 2932 14 20 ?'
3106 2934 55 25 inqu,'

2765 2951 45 20 that
2820 2957 117 21 tiersonago.

2793 2974 4 40 '
2808 2974 16 23 *
2826 2978 11 19 h
2835 3003 5 7 .
2840 2985 10 13 B
2869 2986 29 28 T
2902 2979 25 20 rit
2947 2981 21 19 °'
2980 2981 89 29 Bilnap,'
3092 2995 57 14 cnm#

2765 3006 115 23 sepulchral
2910 3011 94 22 rospome
3028 3008 22 22 in
3073 3020 12 14 a
3108 3020 57 16 Maet

2764 3030 62 20 voice.
3118 3028 13 13 H

2791 3056 75 28 Bilnap
2884 3055 39 23 had
2946 3058 51 22 boon
3012 3068 11 13 a
3037 3065 67 22 friend
3124 3068 22 19 of

2765 3085 42 18 star
2826 3082 101 22 boarders
2945 3086 51 21 until
3011 3086 26 24 he
3052 3091 92 28 (Bilnap)
3158 3082 3 37 ]

2765 3108 47 21 died
2822 3110 21 19 of
2850 3108 101 28 jnn-janw
2966 3111 41 23 and
3016 3115 35 23 the
3061 3121 42 19 star
3112 3120 49 21 boar

2765 3138 82 18 became
2856 3138 115 21 interested.

2793 3161 55 24 'No;
2862 3169 40 18 you
2909 3162 57 23 don't
2975 3167 96 24 say?'he
3080 3171 82 23 exclaim

2805 3190 46 22 les,
2869 3190 104 26 squeaked
2986 3191 35 25 the
3028 3195 65 27 spirit,
3104 3199 59 21 follov
3189 3190 3 32 <

2765 3217 27 26 by
2800 3225 12 12 a
2822 3217 63 22 dozen
2894 3224 53 21 raps,

2789 3243 44 21 The
2850 3246 43 19 star
2908 3244 86 23 boarder
3007 3247 91 25 wheeled
3120 3257 41 15 nfol

2763 3269 40 22 and
2813 3270 73 21 sniffed
2895 3270 35 21 the
2939 3272 36 21 air.

2791 3296 45 25 'By
2842 3297 88 20 thunder
2940 3298 11 21 !'
2966 3300 25 20 he
3010 3301 51 26 said,
3078 3305 5 10 '
3089 3303 71 26 you're

2761 3322 98 26 yourself.
2887 3322 12 21 I
2916 3325 54 20 can't
2984 3328 58 20 smell
3052 3330 65 20 either

2762 3351 58 17 stone
2835 3355 23 13 or
2876 3349 73 26 liquor.
2976 3352 22 21 If
3012 3353 75 31 Bilnap
3102 3357 17 19 is
3138 3357 30 19 de<

2763 3375 77 20 thered
2859 3375 25 20 bo
2894 3374 111 25 brimstone
3014 3387 26 13 on
3058 3381 49 25 him,
3123 3383 38 20 a»<s
3181 3390 11 11 i'

2761 3401 26 19 ho
2797 3401 53 23 isn't,
2867 3402 75 21 there's
2956 3404 70 22 bound
3044 3410 21 16 to
3083 3408 25 20 bo
3121 3408 43 27 l£qu

2761 3427 12 19 I
2782 3427 61 21 know
2857 3428 80 28 Bilnap,
2947 3431 53 20 dead
3010 3439 23 12 or
3039 3434 58 22 alive,
3107 3435 40 20 and
3156 3442 6 19 3

2761 3453 54 19 can't
2826 3454 53 20 work
2892 3462 41 19 any
2941 3463 51 20 snap
3010 3460 59 19 smell
3082 3461 99 24 ofcolop,

2763 3482 62 17 water
2838 3488 22 12 or
2878 3482 60 20 musk
2961 3490 26 13 on
3006 3491 31 13 me
3059 3486 33 19 for

2761 3505 42 21 Not
2811 3507 75 20 much.'

2788 3532 47 20 And
2845 3534 70 26 rising,
2926 3534 27 20 he
2970 3536 58 20 made
3038 3543 11 14 a
3059 3538 62 26 swipe
3131 3542 22 17 at

2761 3559 59 24 spirit,
2839 3559 44 20 that
2899 3561 94 21 smashed
3010 3562 34 20 the
3059 3571 64 14 nance
3137 3565 35 20 &c>
3184 3571 8 13 n

2761 3585 35 19 the
2806 3586 54 18 front
2871 3586 39 19 and
2921 3593 26 20 up
2958 3588 34 20 the
3010 3588 58 26 back,
3085 3591 40 21 rnd
3142 3592 21 19 in

2761 3611 51 19 both
2821 3612 59 20 6ides.

2773 3637 4 32 >
2787 3637 44 20 The
2840 3638 88 20 medium
2938 3639 68 22 hasn't
3015 3641 52 21 been
3076 3642 54 21 back
3139 3642 21 21 tli

2761 3663 61 23 since,
2833 3663 40 20 and
2883 3665 47 24 they
2940 3665 56 21 don't
3007 3670 36 23 put
3053 3674 28 21 up
3091 3675 41 20 any
3141 3676 24 14 m<

2761 3689 46 23 jobs
2817 3690 52 19 from
2880 3690 33 20 the
2922 3691 58 21 other
2988 3693 63 21 world
3061 3701 26 14 on
3102 3696 37 20 the
3154 3702 14 14 r
3177 3702 15 13 ir

2761 3715 86 21 boarder
2854 3716 70 21 either.

1039 59 58 22 THE
1110 59 61 22 HOT
1187 60 92 21 LAKES
1295 60 175 25 CHRONICLE,
1486 59 186 23 WEDNESDAY
1706 59 79 23 JUNE
1801 63 23 18 12
1838 60 56 25 I*<os,

2780 4076 73 16 Printed
2864 4076 32 16 and
2908 4076 90 21 published
3016 4078 28 17 for
3060 4080 30 16 thn
3098 4081 56 21 prcj-.ri

2781 4099 19 14 at
2815 4097 27 16 hig
2862 4098 178 21 n»(ri«terodpriDt:TiK
3046 4097 49 22 offie»
3111 4102 56 16 Rotii'
3182 4097 4 22 t

2780 4118 24 22 by
2811 4118 59 17 Pkboy
2880 4118 58 17 .Taxes
2947 4120 100 21 Hamko}*,
3060 4122 19 17 of
3087 4123 77 17 Rotorua

2813 4139 154 20 WEDNESDAY
2974 4141 65 19 JUNE
3049 4142 26 24 12,
3093 4144 48 25 1895;

708 873 164 34 MELLOW

382 1086 206 47 Proprietors--

347 1129 42 73 *
412 1135 282 65 DISTILLERS
732 1137 46 61 C°
808 1137 52 68 Ip

33 1324 270 33 WHOLESALE
326 1325 180 37 AGENTS,

319 1367 48 40 L.
396 1367 51 39 D.
479 1367 261 40 NATHAN
767 1367 115 44 &Co,

236 1506 78 27 t~x
413 1506 62 28 ir*<

28 1814 485 72 Jianufaetupeps
535 1823 382 64 SdrnDOPteps

149 1993 48 33 TO
220 1994 25 31 V

215 2308 361 73 Carpets.

398 2096 28 17 iJ
505 2098 20 16 jl
551 2087 22 28 U
590 2087 78 26 JLLU
689 2087 16 26 i
729 2087 17 25 I
768 2087 22 27 U
810 2087 42 26 iv
864 2087 30 25 I*
904 2103 9 14 i

824 2045 88 56 YP,.

276 2872 390 57 Hpftppsiitinn

40 3034 282 73 Tailoring
376 3027 404 80 Dressmaking
814 3036 110 59 and

181 3248 165 127 II
417 3250 213 122 SUPPLY
658 3245 84 142 |

191 3399 159 63 Queen
380 3398 88 62 St.,
509 3396 259 55 Auckland.

311 3681 350 30 THURHNGH

45 3719 80 42 Smith
154 3718 49 41 and
221 3716 114 50 Carriage
355 3717 106 46 Works,
491 3716 82 41 Coach
600 3717 48 39 and
678 3716 109 52 Waggon
822 3718 105 52 Factory

43 3839 4 24 i
64 3842 37 17 The
109 3842 115 21 undersigned
233 3846 29 12 are
270 3839 138 18 mannfuctnrerii
416 3841 18 16 of
442 3841 21 16 all
472 3841 64 17 classes
543 3842 19 16 of
571 3840 79 18 Vehicles
659 3845 12 11 .v.
683 3839 117 23 Agrjr'nltu'al
809 3841 118 22 Im|lomcnts.

65 3865 37 16 Our
111 3862 108 24 well-known
229 3869 11 10 n
247 3862 79 23 pututioii
336 3868 18 9 a»
362 3860 83 18 Praclicul
461 3862 102 18 llcchanica
578 3862 34 17 nii'l
626 3862 58 17 W.P'a
696 3863 19 16 27
731 3868 50 15 years,
793 3860 4 26 i
802 3864 91 21 xperience
911 3865 18 15 in

43 3886 31 18 the
82 3886 117 16 Australasian
208 3885 84 18 Colonies,
301 3884 63 21 justify
373 3888 19 10 us
400 3884 17 15 in
434 3883 83 22 claiming
529 3885 38 16 that
583 3889 25 10 «
624 3889 32 10 can
670 3884 67 15 furnish
752 3889 11 10 a
778 3884 56 17 bolter
849 3885 44 16 cla<s
911 3886 18 16 of

45 3907 78 17 vehicles,
132 3907 68 16 consist)
202 3911 23 11 -nt
234 3905 41 16 with
283 3906 61 15 honest
352 3905 47 15 work
408 3906 18 14 at
434 3910 9 10 a
452 3905 75 21 cheaper
537 3908 38 13 rule
583 3905 41 15 tlinn
634 3905 33 17 fiiv
676 3905 18 16 cf
702 3909 31 12 imr
741 3906 115 20 competitors.

64 3928 37 17 The
108 3927 61 17 Tubbc
177 3928 35 16 will
223 3928 35 16 find
268 3927 14 15 it
293 3928 16 14 to
324 3926 45 16 their
384 3926 98 20 advantage
498 3928 18 14 to
532 3925 149 17 ENCOURAGE
700 3926 79 16 LOCAI,
798 3927 130 20 INDUSTitY,

43 3950 57 16 ■whore
111 3949 41 19 tl.cy
163 3954 31 11 can
202 3949 45 16 have
253 3949 29 15 the
288 3947 78 21 plensuie
374 3948 17 15 cf
399 3947 59 21 seeing
473 3948 92 16 first-class
581 3947 77 16 rauteiiiil
671 3947 35 16 an',
722 3947 128 23 workmanship
865 3951 33 19 put
913 3951 16 14 in

43 3969 80 18 Vehicle*
130 3970 49 15 mnde
187 3972 17 13 to
212 3970 45 15 their
264 3969 61 16 valued
333 3969 64 16 orders.

63 3991 47 19 N.B.
112 3991 100 16 —Vehicles
219 3991 19 16 of
243 3991 24 16 all
275 3990 115 21 descriptions
400 3991 85 21 repaired,
495 3989 79 23 painted,
584 3990 94 16 renovated
688 3991 32 15 and
732 3991 49 16 made
797 3992 18 15 to
830 3991 40 16 look
887 3997 42 16 (qua

42 4015 19 16 to
69 4018 46 11 now.
490 4015 2 21 ,

43 4059 203 33 WILLIAM
264 4045 190 46 PAEKsiT
469 4059 258 32 Coachbuilder.

393 4097 139 28 JAMES
553 4097 132 31 HAUA,
706 4097 213 31 Blacksmith

293 4130 152 18 DEVONPORT
457 4130 74 22 BOA.D,
545 4130 148 19 TA.URANOI.

953 948 56 23 Under
1019 949 18 22 th
1056 950 129 27 distinguished
1194 951 90 27 Patronage
1294 951 18 22 of
1321 951 26 22 his
1358 952 101 26 Excellency
1470 952 28 21 the
1508 952 84 21 Governor
1600 952 27 21 the
1639 951 36 22 Earl
1686 951 17 22 of
1708 950 75 23 Onslow.

998 1048 138 66 HOT
1167 1048 303 66 SPRINGS
1515 1047 252 75 HOTEL,
1818 1085 9 22 >

1122 1148 125 46 TE
1276 1147 363 47 KROHH.

981 1241 54 24 The
1058 1242 58 25 best
1136 1242 129 29 Situated,
1284 1242 45 25 the
1350 1244 68 23 most
1441 1242 186 30 Comfortable,
1653 1242 46 25 the
1726 1242 59 25 best

1164 1276 141 32 appointed
1318 1277 80 24 Hotel
1410 1284 28 17 in
1448 1278 34 24 Te
1495 1277 96 25 Aroba.

971 1316 111 33 Adjoins
1110 1316 76 35 (with
1209 1318 108 25 Private
1338 1319 143 32 Entrance)
1501 1319 45 25 the
1571 1319 121 24 Thermal
1718 1317 110 34 Springs

940 1349 119 32 Domain,
1073 1351 97 26 Tennis
1182 1352 81 25 Court
1273 1352 28 24 in
1313 1352 120 26 Domain.
1799 1364 19 20 ;,,.

1124 1417 157 25 Terjis—63
1292 1425 46 24 per
1352 1416 57 34 day,
1428 1419 45 24 30s
1492 1425 46 26 per
1556 1417 72 26 week

1115 1484 56 41 W.
1190 1482 45 43 H.
1258 1483 156 43 KNOCK
1446 1485 206 50 Proprietor

965 1563 42 26 !the
1016 1567 64 22 Baths
1091 1568 40 21 and
1146 1568 96 27 drinking
1259 1570 73 19 waters
1349 1575 34 14 are
1402 1568 108 27 especially
1528 1568 111 22 efficacious
1658 1566 21 24 in
1696 1567 69 28 Gouty
1779 1574 6 15 1
1814 1565 13 23 d

939 1593 120 23 Rheumatic
1068 1593 111 28 affections,
1188 1594 77 26 Cronic,
1277 1594 119 28 Dyspepsia,
1412 1595 107 21 Disorders
1538 1596 21 20 of
1576 1595 35 21 the
1629 1594 89 28 Urinary
1736 1595 29 21 Or
1773 1599 58 23 gttllej

939 1621 115 21 Cutaneous
1063 1622 101 25 Diseases,
1185 1622 80 31 Splenic
1283 1622 39 20 and
1334 1622 86 27 Hcpalic
1430 1622 114 24 Disorders,
1562 1621 95 22 Diseases
1676 1622 39 21 due
1726 1624 20 20 ot
1756 1622 75 21 Excess

939 1647 86 28 Acidity,
1036 1648 120 28 Neuralgia,
1172 1648 93 21 Sciatica.

1042 1700 73 22 PubUc
1125 1700 49 22 Hall
1196 1701 40 21 attd
1254 1700 82 27 Sample
1354 1700 65 22 Room
1430 1700 109 23 connected
1550 1700 48 23 with
1607 1700 36 23 the
1654 1698 68 24 Hotel.

946 2658 455 80 CENTRAL
1486 2656 347 87 HOTEL,

1092 2746 60 29 HIGH
1170 2744 35 28 ST.
1225 2743 39 27 and
1282 2742 110 28 VICTORIA
1402 2743 34 27 ST.
1453 2743 65 32 EAST,
1543 2742 128 28 AUCKLAND.

1380 2781 24 15 to;
1484 2786 29 5 ,

995 2809 42 20 Thn
1057 2806 96 21 nVoVo'"l
1153 2804 6 9 ,
1159 2803 92 22 avf)urito
1267 2801 40 21 find
1331 2801 142 22 Commodious
1493 2801 63 21 Hotel
1574 2801 77 22 affords
1669 2801 167 22 EXCELLENT

946 2834 91 23 ACCOM
1041 2835 36 20 MO
1082 2832 52 22 UAT
1138 2831 48 22 lON
1219 2830 32 21 f:>r
1277 2829 141 25 TOUEISTS,
1454 2829 182 21 TEAVELLEES
1665 2829 15 19 &
1707 2828 129 23 VISITORS

946 2864 43 20 who
1000 2861 40 22 Will
1049 2860 77 21 receive
1136 2862 61 22 pfory
1207 2856 90 21 Comfort
1312 2855 40 20 nnd
1367 2855 112 21 Attention.

984 2912 81 30 Sample
1075 2913 76 20 Rooms
1160 2910 33 21 for
1202 2907 184 24 COMMERCIAL
1396 2907 183 22 TRAVELLERS
1590 2905 101 23 available
1701 2910 20 18 at
1731 2908 30 21 all
1771 2909 64 21 times.

998 2968 90 25 Charges
1097 2965 112 20 Moderate,
1234 2961 116 22 SPECIAL
1355 2960 89 22 RATES
1451 2960 34 22 TO
1496 2959 175 22 PERMANENT
1679 2961 156 21 BOARDERS.

1386 2996 10 10 n
1708 2996 3 10 .
1732 2996 2 10 ■

996 3019 106 22 Excellent
1110 3015 90 22 Cuisiuo.
1229 3013 95 28 Spacious
1338 3012 40 22 and
1397 3013 180 21 Well-Ventilated
1596 3014 116 20 Bedrooms.
1748 3013 87 23 Billiard

945 3049 64 20 Room
1019 3047 48 20 with
1078 3050 39 16 two
1127 3043 105 21 first-claps
1242 3042 71 20 tables.
1342 3041 42 19 Hot
1399 3042 15 18 &
1425 3041 50 20 Cold
1491 3041 79 25 Plunge
1580 3042 15 18 &
1606 3040 82 20 Shower
1698 3041 71 20 Baths.

1110 3076 79 23 Wines,
1202 3074 72 27 Spirits
1285 3073 39 20 and
1334 3073 47 19 Ales
1392 3074 21 19 of
1423 3073 33 19 the
1468 3074 44 19 best
1522 3072 80 20 Brands
1609 3072 54 26 only,

1095 3137 41 40 S.
1167 3135 41 40 C.
1237 3132 221 48 CAULTON,
1489 3132 209 49 Proprietor.

1014 3255 449 55 FECIAL
1524 3255 306 48 SALE

992 3392 193 44 Cutlery,
1212 3386 257 42 Hardware,
1495 3385 290 42 Brasswares,

1082 3460 151 35 House
1251 3453 282 46 burnishing
1548 3453 143 37 Goods

1226 3515 54 33 (in
1293 3513 98 34 great
1404 3512 148 33 variety)

946 3584 155 36 Nickle
1128 3580 89 38 and
1242 3580 96 35 E,P,
1367 3579 166 45 Spoons
1569 3575 89 36 and
1691 3575 142 35 Forks

1248 3641 95 38 E.P.
1373 3640 156 34 Cruets

1085 3704 89 36 Tea
1199 3702 116 40 Pots,
1340 3700 156 35 Butter
1526 3695 158 37 Dishes

946 3775 103 37 Jam
1068 3774 167 46 Spoons
1490 3767 159 36 Butter
1666 3764 167 37 Knives

1207 3825 145 42 Sugar
1401 3821 151 44 Tongs

1126 3883 81 33 etc.
1350 3879 78 35 etc.
1574 3876 79 32 etc.

1034 3961 273 44 SPLENDID
1357 3955 388 43 ASSORTMENT.

1094 4059 82 45 &c
1206 4055 81 47 vJ.

1157 4113 96 42 234,
1287 4111 148 44 Queen
1471 4109 152 40 Street.

1056 109 639 60 WAIWERA
1806 109 558 61 SANATOR,

1773 175 125 36 AND

1359 229 169 76 HOT
1625 229 350 76 SPRINGS
2057 229 276 75 HOTEL

927 330 88 34 Only
1042 332 44 26 30
1117 331 101 27 miles
1249 332 112 27 North
1392 332 37 26 of
1453 332 195 32 Auckland,
1677 330 89 29 with
1794 330 97 35 daily
1921 330 299 28 communication
2250 330 86 28 with
2365 330 113 28 Coach
2507 336 40 20 or
2567 329 156 27 steamer

1256 374 54 20 See
1325 374 168 21 advertised
1503 374 84 21 Time
1603 374 78 21 table
1692 373 30 21 of
1731 379 46 15 s.s.
1792 372 80 22 Rose
1882 373 98 27 Casey
1991 372 59 21 and
2067 372 129 21 Butler's
2206 372 33 21 R.
2251 372 39 22 M.
2307 372 106 21 Coach.

949 408 78 42 [|HE
1052 409 119 24 ABOVE
1187 409 298 24 ESTABLISHMENT
1495 409 140 24 STANDS
1649 408 234 25 UNRIVALLED
1897 417 26 16 as
1941 418 14 15 a
1966 408 92 25 Health
2069 416 27 17 or
2108 408 111 32 pleasure
2232 408 98 28 Resort,
2343 407 49 25 and
2405 407 43 24 has
2460 405 91 33 special
2572 405 153 32 advantages

950 435 9 38 I
1009 442 38 23 for
1059 442 79 24 either
1162 442 113 24 Tourists
1291 451 27 15 or
1332 442 116 28 Invalids,

1288 548 174 28 Beautiful
1481 548 156 35 Scenery,
1658 549 242 34 Sea-Bathing,
1926 549 159 33 Boating,
2104 548 152 38 Fishing,
2269 547 56 32 &c.

1474 583 126 27 Cusine
1613 584 68 28 and
1694 581 210 31 attendance
1923 583 37 27 of
1980 583 59 27 the
2060 583 86 31 best.

924 623 94 24 Famed
1028 623 38 24 for
1079 623 30 25 its
1123 624 116 24 Curative
1251 624 94 23 natural
1359 624 103 25 medical
1476 624 53 25 Hot
1541 624 102 33 Springs
1655 627 50 23 and
1719 627 82 23 Baths.
1837 626 38 23 As
1888 625 40 24 the
1944 625 102 32 Springs
2058 626 48 23 and
2120 624 74 25 Baths
2206 631 42 16 are
2258 623 41 23 the
2312 627 114 26 property
2439 622 25 23 of
2476 622 41 23 the
2532 620 83 28 Hotel,
2629 619 99 25 visitors

957 664 40 16 arc
1008 657 111 32 supplied
1130 657 57 25 with
1197 657 105 27 Towels,
1315 657 47 23 and
1376 666 43 15 can
1429 659 57 23 take
1495 666 30 16 an
1538 659 127 24 unlimited
1678 661 104 22 number
1794 659 26 24 of
1832 658 75 24 Baths
1919 664 25 18 at
1956 667 47 23 any
2015 659 59 23 time
2088 659 26 23 of
2123 658 40 24 the
2177 657 47 31 day
2239 655 78 28 FREE
2330 655 63 24 from
2406 664 47 23 any
2461 656 90 31 charge
2563 654 130 24 whatever.

1161 697 226 40 TARIFF
1405 699 122 39 PER
1541 700 142 47 DAY,
1703 701 56 40 8s
1773 701 71 46 6d;
1880 699 122 39 PER
2016 699 194 45 WEEK,
2232 696 71 40 £2
2352 696 93 40 10s.

1337 755 10 24 (
1363 754 135 34 ottages
1511 755 34 27 to
1559 755 48 27 let
1618 756 48 33 by
1679 755 60 28 the
1757 755 107 31 week,
1879 753 131 33 month,
2026 761 40 20 or
2084 755 60 27 the
2163 758 126 23 season

927 796 48 23 For
994 804 49 23 any
1056 795 164 24 information
1233 795 112 32 required
1360 795 82 32 please
1455 797 73 32 apply
1540 802 25 19 to
1580 798 125 32 Manager.
1748 809 61 7 -■—

1486 839 60 44 A.
1573 838 54 40 A.
1655 838 204 47 SMITH,
1980 838 280 46 Proprietor.

1848 1173 886 77 COACHINGLINE

2036 1382 535 52 BETWEEN

1970 1564 271 59 Rotorua
2276 1566 118 57 and
2429 1566 219 68 Taupo.

2032 1728 223 28 OFFICIAL
2279 1729 284 28 TESTIMONY,

1954 1788 244 41 HITCHEN'S
2224 1790 151 40 BLOOD
2398 1785 242 44 RESTORER

1850 1830 17 19 \V
1872 1836 20 13 OH
1900 1833 40 22 high
1949 1836 71 17 honours
2027 1840 19 14 lit
2053 1839 28 16 tho
2089 1839 75 16 Colonial
2171 1840 93 15 Industrial
2271 1840 99 16 Exhibition
2380 1839 38 16 held
2427 1841 17 14 in
2454 1839 109 19 Wellington,
2572 1838 33 16 and
2625 1843 11 10 n
2652 1837 26 16 the
2690 1834 52 19 officii

1888 1857 57 17 roport
1952 1857 89 16 submitted
2049 1859 16 15 to
2073 1859 29 16 tho
2109 1860 115 15 Government
2234 1860 28 15 tho
2269 1860 87 19 following
2363 1860 84 15 reference
2455 1863 33 11 was
2496 1860 48 14 mudo
2551 1860 16 14 to
2574 1858 36 15 it.—
2624 1865 10 5 -

1891 1874 49 21 lenry
1947 1877 20 14 A.
1978 1877 24 15 11.
2010 1877 87 20 Kitchens,
2102 1879 96 19 Auckland,
2204 1879 49 16 sends
2258 1884 10 10 a
2276 1879 53 19 small,
2337 1880 31 15 but
2376 1880 79 15 vulunble
2462 1878 69 18 exhibit,
2539 1877 91 20 consisting
2643 1877 19 16 of
2675 1881 10 11 a
2692 1881 49 15 vege-

1891 1896 3 23 i
1901 1897 92 17 compound
2001 1897 43 15 from
2051 1898 42 16 Now
2100 1899 74 15 Zealand
2181 1899 53 16 herbs,
2241 1899 26 15 for
2273 1900 27 14 the
2307 1903 40 12 cure
2354 1900 17 15 of
2385 1898 110 21 Indigestion,
2509 1897 121 18 Khcuinatism,
2644 1896 98 16 Rheumatic

1850 1913 47 16 Gout
1907 1914 31 15 and
1947 1915 96 20 Impurities
2049 1917 18 16 of
2070 1917 30 16 tho
2109 1918 58 16 Blood.
2189 1918 35 15 The
2229 1919 57 16 maker
2293 1924 33 11 ana
2333 1919 84 15 exhibitor
2431 1918 57 16 claims
2501 1918 27 15 for
2545 1917 32 15 this
2588 1916 79 17 medicine
2680 1915 63 16 several

1858 1935 82 14 mnortant
1947 1936 82 19 qualities,
2037 1937 34 15 and
2078 1938 30 15 has
2115 1938 60 19 gained
2182 1938 28 15 the
2221 1938 37 16 first
2265 1938 47 16 ordor
2319 1939 18 15 of
2348 1938 49 16 merit
2405 1939 43 15 from
2456 1938 29 16 tho
2495 1937 66 20 judges.
2589 1937 35 15 The
2638 1935 106 21 preparation

1893 1954 7 15 t
1907 1954 19 15 to
1933 1954 19 15 be
1959 1955 105 16 confounded
2072 1957 40 15 with
2119 1957 79 20 ordinary
2204 1958 55 19 quack
2267 1958 95 19 medicines,
2370 1958 88 16 inasmuch
2464 1962 17 11 as
2488 1957 14 16 it
2515 1957 13 15 is
2543 1957 27 15 the
2577 1956 71 19 product
2662 1955 17 15 of
2693 1959 51 15 many

1850 1981 39 9 J™'
1890 1977 8 10 3
1905 1973 18 15 °f
1932 1974 52 20 study
1990 1976 34 14 and
2031 1976 118 20 investigation
2155 1976 22 20 by
2184 1982 16 10 ar
2217 1978 68 15 ;minont
2293 1978 84 19 phvsieian
2385 1978 19 15 of
2408 1978 28 15 tho
2446 1979 51 17 Army
2504 1976 71 15 Medical
2586 1976 47 18 Staff,
2641 1975 42 15 with
2689 1975 54 15 whom

1850 1992 29 14 the
1886 1992 83 17 exhibitor
1975 1995 57 15 servod
2040 1995 62 20 during
2109 1996 29 16 the
2150 1997 43 15 Now
2199 1997 73 15 Zealand
2282 2002 35 10 war
2330 2002 18 11 as
2361 1997 80 16 assistant
2451 1997 89 19 Dispenser
2547 1997 18 15 to
2582 1995 28 16 tho
2623 1995 42 14 New
2672 1994 72 15 Zealand

1850 2011 64 17 lorces.
1935 2013 28 15 Mr
1970 2013 82 17 Kitchens
2059 2016 76 19 explains
2142 2016 39 16 that
2188 2016 28 16 the
2222 2022 47 10 enres
2276 2017 21 15 of
2301 2017 123 18 Ifheumatism,
2432 2018 31 16 etc,
2471 2015 69 16 effected
2547 2016 23 19 by
2583 2015 25 15 his
2619 2014 90 18 medicine,.
2716 2018 28 11 ■*•

1850 2031 32 15 due
1888 2033 66 19 ontirclj
1963 2034 19 14 to
1989 2034 21 15 its
2018 2035 93 16 wonderful
2118 2036 48 15 effect
2173 2041 46 14 upon
2226 2036 27 15 the
2261 2037 48 15 blood
2323 2037 22 19 by
2358 2037 22 16 its
2387 2036 91 20 cleansing,
2485 2035 93 21 purifying,
2589 2034 33 16 and
2631 2034 113 19 invigorating

1850 2054 62 15 power-
1932 2052 18 16 It
1961 2053 14 16 is
1980 2054 48 16 mado
2035 2055 44 15 from
2086 2055 42 16 New
2136 2056 72 16 Zealand
2219 2056 48 15 herbs
2273 2056 33 16 and

2088 2102 224 26 NOTABLE
2346 2102 164 26 CURES.

1851 2129 92 21 Mention
1952 2132 18 19 is
1979 2133 58 20 made
2047 2135 22 18 of
2078 2134 35 20 the
2123 2135 106 25 following
2236 2142 22 12 as
2268 2142 11 13 a
2289 2136 39 19 fow
2336 2136 22 19 of
2365 2136 34 19 the
2409 2134 109 21 multitude
2528 2134 21 20 of
2559 2140 56 13 cures
2624 2132 91 20 effected:
2718 2143 25 3 —

1956 2166 51 21 -Oapt
2031 2169 93 19 Farquhar,
2132 2175 13 10 s.
2155 2174 12 10 s.
2189 2169 101 16 'Clansman'
2308 2180 27 12 sta
2337 2177 19 15 nt
2365 2176 107 20 Dysentery,
2481 2174 63 17 causod
2556 2174 23 21 by
2587 2173 79 21 working
2674 2173 19 16 in
2709 2172 35 17 bad

1961 2187 40 16 hoso
2007 2192 36 11 case
2050 2193 33 11 was
2089 2189 96 16 considered
2191 2190 17 15 to
2215 2189 19 15 be
2240 2190 50 19 hope-
2309 2199 26 15 air
2344 2198 54 16 cndw
2401 2200 17 14 el
2425 2197 56 16 mines
2489 2199 19 14 at
2514 2196 28 16 tho
2547 2195 119 16 Thames-D.
2682 2194 60 17 EUrin.

1871 2224 280 24 BhenmatiimofthcFeot-Oapt
2171 2229 119 15 JamosAvon-
2331 2218 176 18 Rheumatism-Mr
2514 2217 59 17 James
2582 2216 52 21 Pook,
2645 2215 97 17 Auckland,

1851 2243 43 19 dale,
1902 2244 90 18 Auckland
2006 2247 18 16 17
2030 2252 49 15 years
2086 2248 84 21 standing.
2331 2241 98 15 Cancerous
2457 2240 52 16 Llcer
2528 2244 19 11 in
2565 2240 12 15 I!
2582 2240 79 14 ace—Mr
2678 2240 28 14 W.
2722 2240 20 13 i/.

1872 2264 99 17 Hncumatic
1978 2267 53 19 Gout,
2039 2272 17 10 so
2063 2268 34 15 bad
2105 2268 37 15 that
2149 2267 29 16 tho
2183 2268 68 20 pationt
2257 2268 34 16 had
2309 2261 81 22 Walker,
2398 2261 102 18 Auckland.
2666 2268 24 20 _j
2699 2261 4 27 '

1852 2283 37 15 obe
1897 2284 49 16 lifted
1954 2284 17 17 in
1978 2286 34 15 and
2019 2288 31 14 out
2057 2287 18 15 of
2081 2288 81 15 bed—Mr
2171 2290 27 13 W.
2213 2288 77 19 Hunter,
2331 2283 105 17 Rheumatto
2455 2283 99 15 Oout—Mr
2571 2283 84 14 lidwards
2667 2283 75 17 Watore,

1852 2303 74 16 Ormoud
1933 2304 73 21 Poverty
2018 2307 42 19 Bay.
2309 2305 129 20 Confectioner,
2454 2303 95 20 Auckland;
2558 2303 28 16 Mr
2592 2302 99 17 Alexander
2700 2302 42 16 Bar-

1874 2323 104 17 Rheumatic
1986 2325 107 18 Fever—Mr
2109 2327 71 21 BroTn,
2197 2328 94 16 Britannia
2309 2328 40 17 rett,
2359 2326 61 19 Queen
2436 2327 62 18 Streot,
2514 2324 90 17 Auckland
2615 2323 4 25 J
2634 2324 28 16 Mr
2681 2324 21 15 E.
2719 2323 23 17 D.

1853 2343 76 22 Height,
1944 2345 72 19 Nelson.
2309 2348 93 19 Halstcad,
2412 2347 105 21 Veterinary
2525 2347 84 19 Surgeon,
2622 2345 100 17 Auckland.

1875 2366 104 17 Rheumatic
1994 2369 54 21 Qout,
2064 2370 77 22 Dropsy,
2162 2371 60 21 Aguo,
2238 2371 53 16 Liver
2320 2369 122 16 Rheumatism
2450 2370 18 15 in
2474 2369 30 16 the
2510 2368 57 15 Knees
2573 2368 33 15 and
2612 2366 48 21 Feet,
2667 2367 77 22 brought

1853 2387 104 21 Complaint,
1967 2390 34 16 and
2010 2390 81 17 Stomach
2109 2393 69 20 Cough,
2196 2395 46 14 most
2251 2393 37 17 did*
2309 2396 23 11 ou
2340 2392 24 20 by
2373 2390 80 21 working
2461 2391 17 15 in
2488 2393 53 13 water
2542 2389 50 16 —Mr
2604 2389 86 16 Matthew
2706 2390 38 15 Box

1853 2411 129 19 tressing—Mr
1998 2411 78 23 Waugh.
2093 2413 85 22 Bombay,
2201 2414 89 18 Waikato:
2309 2413 82 16 Thames.

1853 2430 51 21 given
1913 2436 29 16 up,
1952 2437 23 11 no
1983 2432 44 23 hope
2035 2434 41 16 held
2084 2438 37 18 out,
2131 2436 133 16 recommended
2273 2439 18 13 to
2331 2434 131 18 Rheumatism,
2472 2434 73 19 causing
2556 2432 66 16 iutonso
2630 2432 49 21 pain,
2688 2432 56 16 which

1853 2457 23 15 go
1884 2453 49 16 home
1942 2454 34 15 and
1986 2455 36 17 die.
2310 2456 95 21 prevented
2413 2455 29 16 th».
2450 2456 68 20 patient
2526 2456 43 14 from
2579 2454 51 20 being
2636 2458 40 12 ever
2682 2454 62 16 turned

1877 2474 128 18 luflaramation
2020 2478 19 16 of
2053 2479 30 15 tho
2099 2477 53 18 Liver
2171 2478 35 17 and
2222 2479 70 17 Gastric
2310 2483 18 10 in
2337 2477 33 16 bed
2382 2477 40 16 •Mr
2430 2477 58 16 David
2497 2476 62 20 Barry,
2568 2475 82 16 Newton.

1853 2495 51 16 Juice
1909 2497 18 15 of
1935 2497 29 16 tho
1976 2498 105 18 Stomach—
2082 2499 29 18 Mc
2124 2500 79 17 Thomas
2218 2501 72 21 Macky,
2332 2498 74 16 Chronic
2415 2498 151 21 Dysentery—Mr
2573 2498 23 16 A.
2604 2497 84 21 Bettany,
2697 2497 45 16 Pon-

1854 2517 96 21 Merehant,
1959 2519 100 19 Auckland.
2310 2520 54 21 sonby
2372 2519 57 20 Road,
2445 2519 97 17 Auckland.

1875 2538 86 22 Lupusof
1966 2544 28 13 the
2001 2542 186 22 Face—MrDijkioo,
2197 2544 94 16 Auokland
2332 2542 76 16 Chronio
2424 2541 122 16 Rheumatism
2565 2540 18 16 in
2602 2540 29 16 the
2640 2540 55 21 spine,
2707 2540 35 21 hip,

1877 2561 103 17 Kheumatio
1988 2563 102 19 Gout—Mr
2109 2566 101 19 Blackmail,
2225 2565 65 17 'Even-
2311 2564 48 20 knee,
2366 2563 61 21 joints,
2441 2563 35 16 oilf
2483 2563 19 15 of
2512 2563 30 15 tho
2555 2562 34 20 leg,
2610 2562 33 15 and
2664 2564 58 14 toes—
2726 2563 17 15 C.

1854 2582 30 21 ing
1893 2583 45 16 Star'
1948 2584 53 20 office,
2015 2587 101 16 Auckland.
2311 2585 80 21 Morgan.
2401 2584 64 17 Mount
2472 2584 49 15 Eden
2530 2583 55 21 Road,
2595 2583 97 16 Auckland.

1876 2601 121 21 Rheumatism
2006 2607 18 16 of
2041 2608 20 16 23
2081 2607 57 21 years'
2154 2608 138 21 standing—Mr
2311 2607 106 15 Rheumatic
2424 2607 54 18 Gout,
2490 2604 57 18 which
2556 2605 77 16 cor.fined
2642 2602 29 19 the
2678 2606 66 20 patient

1854 2625 77 18 Wiliam
1940 2626 85 24 McEvoy,
2035 2630 37 16 I'itt
2080 2630 74 16 Terrace
2167 2630 101 16 Auckland.
2311 2630 18 14 to
2337 2628 28 16 his
2373 2629 32 15 bed
2413 2628 27 16 for
2452 2626 107 17 weeks—Mr
2566 2626 21 17 T.
2596 2626 18 17 J.
2631 2626 111 22 Baiabridgc,

1876 2648 78 20 Sciatioa,
1964 2650 34 15 and
2006 2651 145 21 Lumbago—Mr
2158 2653 24 15 N.
2190 2651 100 20 McMillan,
2311 2650 97 20 Ponsonby,
2418 2649 109 20 Auckland.;

1854 2668 69 18 Vulcan
1930 2669 54 21 Lano,
1994 2672 99 18 Auckland.
2339 2671 75 16 General
2432 2671 80 20 Debility
2523 2669 35 17 and
2577 2669 115 22 Indigestion,
2710 2670 34 16 and

1876 2691 152 21 Lumbago—Mrs
2039 2695 52 21 Mary
2099 2695 60 21 Knox,
2168 2695 75 21 Rokoby
2255 2695 35 20 St.,
2311 2693 82 20 inability
2402 2695 17 13 to
2428 2692 43 20 keep
2477 2691 86 21 anything
2577 2697 21 10 on
2607 2692 30 15 the
2645 2691 99 17 atomach—

1854 2712 99 19 Auckland.
2311 2715 29 15 Mr
2348 2714 64 16 Gerald
2421 2713 62 20 Gra:e,
2492 2711 60 23 Kyber
2558 2712 47 21 Pass,
2613 2712 97 18 Auckland.

1876 2735 134 18 Sciatioa—Mrs
2017 2737 17 18 J.
2044 2737 92 22 Renwiok,
2150 2738 60 18 Drake
2225 2738 65 20 Streot,
2345 2735 126 17 Sciatica—Mr
2485 2735 47 16 John
2549 2733 50 22 Ross,
2615 2734 51 17 Duke
2681 2734 61 18 Street,

1855 2756 98 19 Auckland.
2310 2757 101 18 Auokland.

1876 2778 120 18 Rheumatism
2004 2780 18 17 of
2031 2782 20 16 20
2058 2782 58 21 years'
2133 2782 84 20 standing
2233 2780 58 18 which
2333 2778 96 21 Dischargo
2434 2778 19 17 of
2462 2778 42 16 Bioo
2509 2778 7 16 \
2525 2779 43 15 from
2575 2778 29 16 the
2610 2777 134 22 Bowels—Capt

1855 2799 77 23 brought
1939 2806 21 11 on
1967 2803 74 16 Asthma
2050 2804 33 15 and
2090 2804 123 21 Dropsy—Mr
2220 2803 71 17 Saniuet
2310 2801 20 17 X.
2340 2801 92 20 Aldridge.

1855 2821 55 19 Field,
1920 2821 46 18 Lorn
1975 2824 56 16 SUeet
2038 2825 99 17 Auokland.
2332 2822 54 17 Great
2393 2822 79 21 Debility
2479 2822 35 16 and
2519 2821 86 22 Bleeding
2612 2822 19 16 at
2638 2821 30 17 the
2675 2820 68 18 Nose—

1876 2841 203 22 Rheumatism—MrH.
2088 2846 64 22 Lewis,
2163 2846 62 20 Queon
2232 2846 59 18 Street
2309 2843 29 18 Mr
2345 2844 76 16 Thomas
2429 2843 82 21 Pellican,
2526 2843 99 21 Ponsonby.

1855 2865 98 18 Auckland.
2331 2865 98 21 Neuralgia
2437 2865 34 16 and
2479 2865 82 16 Nervous
2568 2864 138 22 Debility—Mrs
2718 2864 23 17 11,

1877 2887 74 17 Soiatioa
1959 2888 33 17 and
2001 2888 144 23 Lumbago—Mc
2153 2891 52 17 Ohas,
2215 2891 75 22 Honey-
2311 2886 63 22 Waile,
2384 2886 98 18 Auckland,

1855 2909 67 22 combo,
1932 2910 97 20 Auokland,
2331 2909 53 17 After
2390 2909 60 16 effects
2465 2909 18 16 of
2490 2908 104 17 Rhcum-.tio
2612 2907 59 21 Fever,
2687 2907 56 17 which

1884 2931 103 18 Kheuraatlc
2004 2932 100 17 Gout—Mr
2119 2933 61 21 Elliot,
2198 2933 90 23 MoGuire,
2309 2931 33 17 lo.'t
2351 2933 29 14 the
2389 2931 68 20 patieut
2466 2930 95 22 helpless—
2565 2930 26 15 Mr
2599 2930 47 16 John
2655 2930 24 15 K.
2689 2929 54 16 Joues

1854 2951 108 24 Contractor,
1971 2954 99 17 Auokland.
2309 2954 100 15 Auckland.

1876 2974 74 17 Chronio
1969 2975 174 18 Rhoumutsm—Mr
2161 2977 71 17 Ronald
2251 2977 37 17 Mc-
2330 2975 71 19 Kidiiey
2410 2974 73 16 Disoaso
2491 2973 34 16 «nd
2531 2973 91 20 Lumbigo
2633 2973 19 16 of
2659 2973 20 16 20
2686 2972 54 20 years'

1853 2994 75 23 Donald,
1937 2996 88 17 Kolliston
2038 2998 63 19 Street,
2114 2998 80 17 Thames.
2309 2996 135 20 standing—Mr
2455 2994 78 18 William
2539 2995 54 20 Tiiee,
2612 2993 64 22 Poplar
2690 2991 52 20 J/<i,jn

1875 3017 115 22 Indigestion,
2004 3018 74 17 General
2093 3020 85 21 Debi.ity,
2194 3022 35 15 and
2243 3021 45 16 Con-
2358 3017 81 17 Uowiek.

1853 3048 65 23 Thoso
1928 3057 56 14 cures
1994 3058 33 13 arc
2034 3051 28 21 all
2071 3053 87 19 attested
2167 3053 29 26 by
2205 3053 140 25 testimonium,
2354 3053 67 19 which
2431 3053 34 19 the
2480 3053 149 19 manufacturer
2638 3052 43 26 has,
2693 3053 50 21 with

2089 3079 106 20 hundreds
2204 3081 22 19 of
2235 3080 74 24 others,
2317 3080 22 19 in
2345 3080 32 19 his
2385 3079 121 26 possession.

1940 3130 42 17 Sold
1991 3129 24 23 by
2026 3129 24 18 all
2054 3132 107 20 respectable
2170 3132 87 17 Chemists
2262 3133 35 16 and
2308 3133 126 21 Storekeeper*,
2445 3132 34 16 and
2490 3132 24 21 by
2525 3132 29 16 the
2562 3132 102 21 proprietor,

1959 3156 28 20 H.
1997 3156 25 20 A.
2033 3156 28 20 H.
2073 3157 154 25 HITOHENS,
2239 3160 25 17 50
2286 3158 126 20 Siiohtland
2421 3160 86 22 Street,
2518 3158 118 20 Ai^tclaa-d,

1880 3212 43 38 W.
1942 3213 189 36 Blomfieid
2146 3214 38 36 &
2196 3214 66 47 Go,,

1853 3265 206 21 TOTALISATOR
2078 3267 209 27 PROPRIETORS.

1879 3300 40 16 Are
1928 3303 40 19 prej
1977 3298 47 18 ared
2034 3302 20 15 to
2069 3298 56 20 tcake
2132 3306 155 19 arrangements

1853 3330 25 13 on
1897 3323 120 21 favourable
2036 3326 63 19 terms
2122 3326 34 20 for
2170 3326 36 20 the
2217 3333 38 14 use
2265 3331 21 17 ot
2287 3323 1 25 :

1853 3350 53 20 their
1915 3351 108 19 machines.

2024 3378 102 20 Addkess

1853 3407 44 40 W,
1935 3407 187 38 Blomfieid
2158 3410 38 37 &
2231 3411 56 41 Co.

1919 3453 119 35 QUEEN.
2088 3455 131 36 STREET,

1981 3486 173 28 AUGKb/VND.

1853 3535 114 57 <2.HOf
1975 3552 84 35 LAKES
2062 3546 226 51 JHRONjCLtg)

1853 3605 16 19 is
1892 3605 34 19 tlio
1949 3604 47 30 only
2018 3612 63 19 paper
2095 3606 110 26 published
2217 3608 23 18 in
2253 3607 34 20 the

1852 3631 92 19 Kotorua
1965 3631 90 24 District,
2070 3633 41 19 and
2129 3633 17 19 is
2160 3633 102 19 thereforo
2276 3641 11 12 a

1905 3657 93 26 6plendid
2007 3657 126 28 advertising
2142 3659 96 20 medium.

1878 3742 11 19 §
1904 3734 40 20 Job
1951 3735 94 23 Printing
2053 3737 23 18 of
2082 3742 63 18 every
2153 3738 89 22 descrip-
2250 3745 10 18 §

1878 3757 62 25 gtion
1958 3759 99 18 executed
2072 3759 53 19 with
2147 3761 98 17 neatness
2251 3765 9 19 g

1878 3779 57 24 gand
1950 3779 98 21 despatch
2063 3782 23 17 at
2102 3781 36 18 the
2153 3780 55 20 office
2225 3781 35 19 of;

1878 3805 10 19 g
1895 3801 43 18 this
1946 3805 68 17 paper-
2250 3807 11 17 g

1874 3890 69 40 M*
1972 3890 59 38 W.
2064 3891 41 37 J.
2132 3891 34 37 N
2172 3891 27 16 AI
2200 3890 3 40 '
2204 3891 42 15 lElt
2248 3903 5 8 '

1902 3940 153 20 BARRISTER
2066 3942 17 18 &
2092 3941 128 19 SOLlClTOß-

1852 3961 154 24 (Commissioner
2015 3963 20 17 of
2044 3963 31 17 the.
2090 3963 92 23 Supreme
2197 3963 59 18 Court
2267 3963 20 18 of

1853 4007 88 18 Solicitor
1954 4009 19 16 to
1982 4008 31 18 the
2022 4008 24 18 N.
2056 4009 20 17 Z.
2087 4010 128 17 Uovernnient
2230 4008 57 19 .tnder

1961 4031 96 18 Advances
2066 4034 19 15 to
2093 4031 77 19 Settlers

1853 4052 98 20 Victouia
1959 4055 89 21 Arcade,
2057 4055 115 21 Qi:een-kt.,
2180 4055 105 18 Auckland.

1877 4078 48 17 Mon
1956 4080 18 15 to
1984 4078 50 17 lend
2043 4083 24 12 on
2079 4078 84 18 freehold
2175 4078 80 23 security
2267 4081 19 14 at

1854 4101 38 19 low
1900 4102 49 17 rates
1954 4101 20 18 of
1977 4101 82 19 interest.
2085 4102 71 23 Money
2166 4102 84 18 invested
2258 4101 29 20 for

1854 4127 48 16 t.'iH*
1912 4123 37 21 U')i
1958 4123 19 21 of.
1990 4125 70 23 ;'}\r£:.

2344 3224 77 19 DVICE,
2442 3224 149 16 PERSONALLY
2607 3225 31 16 OB
2648 3226 31 16 BY
2690 3226 38 17 LET-

2483 3245 50 18 TER,
2545 3244 64 16 FBEE.

2326 3283 37 15 DB.
2380 3283 56 15 NEIL
2446 3283 31 15 hns
2493 3284 75 19 pleasure
2581 3283 17 15 in
2613 3284 92 21 informing
2718 3285 23 16 hi*

2307 3304 71 18 patrons
2385 3304 34 15 ar.d
2427 3304 29 15 tbc
2464 3304 55 19 public
2526 3304 37 14 that
2573 3303 20 15 he
2599 3304 30 15 has
2639 3307 68 13 secured
2712 3307 29 14 tiic

2305 3322 70 15 services
2382 3323 17 14 of
2410 3328 10 9 a
2425 3324 94 18 competent
2525 3326 78 16 muuager
2613 3324 27 15 for
2651 3324 25 15 his
2686 3326 44 14 Auck-

2307 3342 38 14 land
2363 3342 80 19 business,
2462 3342 54 16 whoso
2532 3347 33 10 ine(
2565 3342 10 9 ,:
2577 3343 26 15 cal
2619 3344 74 19 training
2709 3345 31 14 and

2305 3361 72 19 hospital
2391 3363 97 18 experience
2498 3361 68 17 enables
2583 3361 34 16 him
2634 3364 18 14 to
2661 3363 37 20 give
2714 3364 26 14 the

2306 3380 36 15 best
2349 3381 58 15 advice
2414 3382 27 14 for
2448 3382 28 14 the
2486 3382 89 14 treatment
2581 3382 18 14 of
2606 3382 76 17 diseease.

2325 3408 66 16 BALM
2409 3409 29 15 OF
2456 3407 147 18 GILEAD.—The
2618 3411 72 18 greatest
2700 3410 40 15 Cold

2306 3432 48 11 curer
2371 3429 18 14 of
2399 3429 28 14 the
2438 3432 40 16 ago;
2497 3428 29 15 hus
2540 3429 49 15 cuied
2606 3430 44 15 colds
2667 3431 18 14 of
2697 3430 43 15 from

2307 3451 47 11 seveu
2363 3449 17 13 to
2388 3449 29 14 ten
2428 3452 48 12 wears
2486 3448 82 19 standing.
2591 3449 52 15 Price.
2655 3450 16 14 2s
2681 3450 21 14 fc'd
2712 3453 28 14 pet

2306 3467 58 16 bottle.

2325 3500 65 16 LUNG
2404 3501 153 16 BALSAM—WiII
2567 3507 38 11 euro
2622 3502 118 19 Consumption

2306 3519 17 16 in
2331 3520 21 15 its
2360 3520 46 20 early
2413 3525 19 10 or
2442 3521 62 15 middle
2514 3523 60 17 stages.
2595 3522 44 15 Miss
2650 3522 89 18 Russell,

2307 3539 75 15 Woollen
2399 3540 51 18 Mills,
2469 3540 99 19 Ouehungn,
2585 3541 62 19 speaks:
2705 3545 35 11 was

2305 3563 51 15 given
2364 3563 23 16 up
2394 3559 21 19 by
2422 3562 33 13 two
2469 3559 64 16 doctors
2548 3561 55 14 deloro
2616 3560 8 15 1
2635 3561 105 14 commenced

2307 3578 58 19 taking
2377 3584 44 14 your
2434 3579 51 19 Lung
2503 3579 72 17 Balsam,
2593 3578 32 16 and
2646 3578 11 16 1
2674 3580 65 15 decliire

2307 3598 71 15 without
2388 3603 33 15 any
2432 3599 120 19 exaggeration
2565 3600 34 14 lliat
2615 3598 13 15 it
2644 3599 50 15 saved
2711 3604 28 15 my

2306 3616 35 16 life.
2362 3618 46 19 Any-
2421 3618 70 16 sulfeier
2500 3618 59 15 sh.,uld
2570 3617 117 17 cinniuuicute
2698 3615 42 19 witii

2372 3638 48 15 Price
2427 3638 19 15 2s
2453 3639 21 14 GJ
2479 3643 30 14 per
2516 3638 55 17 bottle;
2588 3638 31 15 five
2629 3637 27 16 for
2666 3638 32 15 10s.

2326 3674 103 17 CASCARA
2446 3674 95 17 BITTEES
2543 3683 17 14 r
2561 3674 34 15 The
2605 3674 39 20 only
2655 3676 35 16 real
2700 3681 40 12 cure

2306 3694 26 16 for
2349 3695 105 19 costiveuess,
2472 3693 107 20 Indigestion,
2594 3693 92 18 Headache
2695 3693 2 21 .
2706 3699 34 13 and

2305 3714 103 19 Flatulence,
2418 3714 68 19 making
2500 3719 11 9 a
2527 3712 85 17 miserable
2629 3714 37 16 life,
2675 3715 64 21 happy:

2306 3733 37 15 well
2353 3734 61 15 named
2425 3734 21 19 by
2457 3734 45 15 these
2512 3732 37 16 who
2559 3732 41 15 have
2610 3733 66 17 used-it

2306 3752 111 17 Sufeekeb's
2537 3752 46 15 Price
2590 3752 18 16 2g
2615 3753 21 15 Od
2643 3758 28 15 per
2678 3754 53 18 bottle-

2419 3789 130 16 Complexions
2575 3788 89 17 beautified
2691 3792 48 15 made

2336 3814 22 15 in,
2366 3810 69 19 pimples
2444 3808 34 15 and
2488 3807 73 16 blotches
2571 3810 76 15 removed
2658 3811 21 19 by
2690 3812 49 19 using

2306 3833 31 10 our
2347 3829 70 14 LIVEIt
2427 3827 73 16 TONIC,
2512 3827 53 15 which
2575 3827 15 16 is
2600 3829 34 15 also
2651 3830 28 16 the
2696 3835 43 11 most

2305 3848 89 15 successful
2402 3852 39 10 euro
2448 3847 26 14 for
2480 3846 100 16 Biliousness
2591 3848 31 15 and
2634 3849 23 15 all
2667 3850 72 16 diseasoß

2305 3867 18 15 of
2330 3867 28 15 the
2365 3867 46 16 liver.
2432 3867 70 14 Price'is
2507 3866 21 15 (id
2533 3871 31 14 per
2570 3867 55 19 loitle;
2632 3869 32 16 five
2671 3870 27 15 for
2705 3871 33 14 10s.

2324 3886 64 16 IRISH
2406 3886 57 14 MOSS
2479 3885 49 15 AND
2549 3886 47 16 COD
2612 3888 71 16 LIVER
2700 3890 39 15 OIL

2306 3905 172 16 EMULSION—The
2486 3905 36 15 best
2527 3906 34 14 and
2566 3906 80 20 Cheapest
2652 3909 87 16 Emulsion

2305 3926 17 14 in
2330 3926 27 14 the
2367 3925 70 17 market;
2445 3929 10 10 a
2469 3924 59 19 special
2542 3929 39 12 cure
2595 3926 27 16 for
2628 3928 70 19 wasting
2705 3928 34 16 and

2305 3945 78 19 debility.
2404 3944 48 15 Price
2460 3944 18 14 2s
2488 3948 30 15 per
2529 3944 58 17 bottle.

2328 3979 32 15 DB
2370 3978 80 18 NEILS,
2469 3979 155 19 Wellesley-street
2638 3981 41 15 East
2707 3982 31 19 (tw

2304 3998 51 15 doors
2365 3998 53 15 above
2425 3998 53 15 Milne
2485 3998 33 14 and
2523 3998 85 20 L'huyce's,
2613 4001 13 14 is
2634 4001 104 19 tbecheapes

2304 4017 51 15 house
2361 4019 17 14 t'j
2384 4018 33 18 buy
2421 4017 62 16 Patent
2489 4017 33 15 and
2527 4018 117 20 Homeopathic
2648 4020 90 17 Medicines

2304 4037 54 15 Toilet
2377 4036 94 19 Requisites
2490 4038 35 14 and
2546 4037 90 22 Druggists
2657 4040 80 15 Sundries

2304 4056 54 15 Herbs
2364 4056 34 15 and
2404 4056 63 15 Herbal
2476 4056 124 18 Preparations,

2439 4084 87 16 ADVICE
2540 4085 60 17 FBEE

2322 4111 94 19 Masujeb:
2431 4113 19 17 P.
2465 4112 23 18 M,
2497 4113 18 15 M
2521 4112 146 20 ICKAY.tra'ned
2685 4116 9 16 V

2761 3782 68 20 When
2846 3782 34 20 the
2894 3789 79 14 sermon
2983 3784 17 19 is
3014 3785 112 27 extremely
3139 3785 45 22 lor-

2787 3808 43 20 The
2839 3808 52 20 tired
2900 3809 40 20 nud
2950 3810 76 19 wicked
3037 3810 69 21 sinner

2760 3835 45 19 Has
2814 3834 39 20 but
2860 3840 12 13 a
2886 3835 65 24 single
2959 3836 135 25 thought—to
3103 3838 42 25 Mt,

2788 3856 4 27 '
2800 3860 58 20 Shall
2868 3860 12 20 I
2888 3861 26 19 be
2921 3861 40 19 late
2970 3862 32 19 for
3011 3856 96 27 dinner}'

2760 3919 61 25 Upon
2831 3920 37 19 her
2881 3920 56 20 dress
2951 3922 50 19 ench
3017 3928 50 18 year
3080 3922 37 21 she
3135 3929 29 21 sp?

2785 3946 48 19 Just
2842 3946 70 19 fifteen
2921 3946 92 21 hundred
3022 3947 89 27 dollars;

2760 3970 46 21 And
2816 3978 45 13 now
2868 3972 36 19 she
2917 3972 35 19 sits
2962 3973 20 19 in
2992 3973 61 20 calico

2785 3997 47 20 And
2842 3998 59 19 hums
2910 3998 60 20 while
2978 3999 56 24 baby
3042 4000 82 21 hollers.
