2540 4039
125 1333 166 26 SHIPPING
311 1334 276 26 INTELLIGENCE.

283 1392 143 19 ARRIVED.

90 1424 60 27 April
157 1425 32 23 21,
200 1425 103 19 schooner
309 1424 53 25 Imp,
373 1425 35 24 20,
414 1424 80 25 Tulett,
505 1425 54 20 from
567 1424 80 27 Cloudy

62 1451 52 27 Bay.
144 1452 112 25 Passenger
256 1463 27 3 —
285 1452 73 25 Henry
374 1453 31 19 St.
424 1451 51 22 Hill,
494 1453 53 19 from
562 1459 26 13 an
604 1459 41 13 un-

61 1480 116 20 successful
192 1480 60 20 chase
270 1479 23 20 of
309 1479 32 21 six
358 1486 97 20 runaway
471 1480 94 20 convicts
583 1481 22 19 in
622 1486 25 14 an

61 1512 56 21 open
129 1507 55 21 boat.

90 1536 60 18 Siime
160 1535 46 26 day,
216 1537 138 24 government
364 1534 45 27 brig
421 1535 101 22 Victoria,
539 1535 40 20 200
591 1537 56 22 tons,

61 1561 109 22 Richards.
200 1562 113 25 Passenger
315 1573 26 3 —
343 1563 26 19 A.
381 1562 25 20 E.
418 1562 156 25 Macdonough,
589 1562 58 26 Esq.,

61 1588 71 21 Police
139 1590 133 26 Magistrate,
281 1591 55 19 from
346 1595 13 14 a
367 1590 80 21 similar
454 1590 120 27 expedition
581 1596 22 13 as
614 1595 33 15 tne

60 1616 53 24 Imp.

300 1670 118 19 SAILED.

87 1702 60 26 April
157 1701 33 26 19,
202 1701 118 27 brigantine
330 1702 79 24 Scotia,
423 1703 25 19 63
465 1705 55 24 tons,
532 1701 71 28 Ward,
614 1702 34 20 for

59 1729 90 21 Nelsou.

89 1758 59 19 Same
154 1757 46 26 day,
207 1757 78 26 barque
294 1757 115 24 NavarLno,
416 1757 40 20 463
463 1759 55 22 tons,
527 1757 118 27 Warming,

59 1784 33 21 for
102 1785 128 26 Valparaiso.

86 1813 60 20 Same
160 1813 46 26 day,
223 1811 104 21 schooner
341 1813 78 19 Nelson
435 1813 89 23 Packet,
545 1813 26 19 20
587 1815 57 22 tons,

59 1839 98 27 Jackson,
169 1840 34 20 fur
211 1839 88 21 Nelson.

85 1868 61 25 April
155 1868 33 25 20,
203 1870 138 23 government
353 1867 47 27 brig
416 1867 101 24 Victoria,
532 1867 40 20 200
588 1869 57 24 tons,

59 1894 108 24 Richaids,
177 1895 23 20 in
209 1895 83 23 pursuit
300 1896 24 19 of
332 1896 105 22 prisoners
445 1896 46 19 who
502 1895 40 20 had
550 1896 95 22 escaped.

280 1944 35 20 IN
331 1944 85 22 PORT.

79 1977 86 27 Barque
172 1977 131 25 Indemnity,
311 1977 43 20 450
372 1982 61 20 tons,
440 1978 89 24 Adams,
541 1978 103 26 refitting.

52 2005 92 26 Agents,
157 2005 67 20 Waitt
235 2006 43 19 and
288 2005 79 25 Tyser.

80 2033 110 20 Schooner
211 2034 59 23 Ann,
294 2034 28 19 2i
343 2035 58 22 tons,
429 2034 84 23 Brown,
539 2033 44 20 laid
607 2039 37 20 up.

52 2061 80 26 Agent,
146 2060 66 21 Waitt
222 2061 42 19 and
275 2060 77 26 Tyser.

69 2090 4 5 '
82 2088 108 21 Schooner
198 2088 124 27 Richmond,
333 2089 27 19 30
372 2091 55 23 tons,
439 2088 97 21 Sinclair.
566 2089 76 26 Agent,

52 2116 37 20 W.
100 2116 138 20 Fitzherbert.

82 2143 107 21 Schooner
204 2143 67 20 Black
289 2144 104 24 warrior,
413 2144 24 20 15
449 2147 56 20 tons,
524 2144 118 20 Anderson.

82 2171 106 20 Schooner
211 2170 50 20 New
284 2171 123 26 Zealander,
432 2173 26 19 27
484 2175 57 21 tons,
561 2171 81 21 Guard.

52 2198 68 21 Waitt
130 2199 41 19 and
180 2197 73 27 Tyser,
264 2199 88 25 Agents.

81 2227 108 19 Schooner
209 2226 67 20 Three
293 2227 109 20 Brothers.
427 2227 27 19 50
478 2229 56 25 tons,
555 2227 87 21 Thorns.

52 2253 78 27 Agent,
143 2253 95 27 Captain.

82 2282 106 20 Schooner
211 2282 62 25 Erin,
299 2282 26 20 25
350 2286 56 23 tons,
432 2282 75 27 Relph.
551 2282 90 27 Master,

52 2309 78 26 Agent.

82 2338 106 19 Schooner
200 2336 73 25 Ocean,
291 2337 27 20 30
330 2339 54 24 tons,
404 2336 113 27 Ferguson.
546 2337 94 20 Wallace

52 2364 42 20 and
104 2364 46 24 Co.,
162 2364 86 26 Agents.

81 2391 109 21 Schooner
205 2392 72 19 Maori
291 2392 74 24 Davis,
386 2393 26 20 15
428 2395 58 21 tons,
506 2392 82 27 Wylde.
618 2392 22 21 J.

52 2418 73 25 Wade,
136 2420 76 25 Agent.

81 2448 108 19 Schooner
207 2447 106 20 Governor
327 2448 92 24 Hobson,
430 2448 26 19 40
474 2450 55 18 tons.
541 2446 98 22 Scanlon.

52 2474 88 26 Agents,
151 2474 56 19 Hort
217 2474 42 20 and
269 2474 103 21 Mocatta.

80 2503 76 18 Cutter
176 2502 109 20 Catherine
304 2503 108 24 Johnston,
432 2503 26 20 10
478 2505 59 22 tons,
553 2502 85 28 Taylor.

52 2529 75 27 Agent,
141 2529 96 27 Captain.

82 2557 80 26 Barque
172 2557 82 23 Phoebe,
264 2557 42 20 560
317 2559 56 22 tons,
383 2558 60 20 Dale.

80 2585 106 19 Schooner
202 2584 53 26 Imp,
268 2585 26 19 20
311 2588 55 24 tons,
376 2586 78 21 Tulett.
484 2586 97 21 Johnson
598 2586 42 20 and

52 2611 81 27 Moore,
144 2613 87 24 Agents.

80 2639 141 21 Government
231 2639 46 26 brig
290 2640 100 26 Victoria,
407 2641 40 20 200
458 2643 56 26 tons,
526 2641 112 23 Richards.

52 2667 75 26 Agent,
139 2667 96 27 Captain.

224 2733 122 23 CUSTOM
364 2735 111 22 HOUSE.

287 2796 112 15 IMPORTS.

77 2822 28 21 In
115 2828 46 15 the
202 2821 113 26 Sisters,'
317 2824 6 10 1
336 2829 64 14 prom
416 2824 160 21 Launceston
593 2827 51 19 via'

49 2849 104 21 Nelson.
155 2860 28 5 —
188 2850 66 19 Waitt
262 2851 44 19 and
322 2851 71 26 Tyser,
404 2853 88 24 Agents.
494 2862 26 5 —
524 2853 10 19 1
546 2853 92 26 package

48 2878 95 25 tobacco,
165 2878 9 19 1
186 2877 41 27 keg
245 2878 12 20 9
273 2884 59 14 cases
351 2879 41 25 do.,
405 2879 12 19 2
435 2880 56 20 bales
506 2879 88 26 leather,
611 2882 26 19 30

47 2905 65 20 boxes
123 2905 93 25 candles,
235 2904 41 24 13§
292 2906 71 20 chests
379 2909 41 21 tea,
438 2906 43 24 33£
497 2907 43 23 do.,
560 2909 9 19 1
587 2910 51 19 cask

48 2933 70 25 cyder,
130 2933 11 19 1
152 2932 92 26 package
254 2933 104 25 blankets,
369 2934 25 20 17
412 2935 49 25 bags
480 2938 53 21 oats,
546 2935 90 26 100,000

47 2961 101 26 shingles,
160 2961 12 19 2
190 2960 57 20 bales
263 2960 87 25 leather,
365 2962 13 19 2
395 2961 49 26 bags
463 2963 82 24 onions,
557 2965 11 18 2
588 2965 49 25 kegs

47 2994 115 21 preserves,
173 2987 13 21 3
196 2987 60 20 casks
273 2989 13 19 2
303 2994 57 14 cases
377 2989 10 19 1
406 2989 45 20 bale
470 2991 8 18 I
497 2990 41 20 box
556 2992 80 26 apples.

29 3015 2 7 '
47 3016 152 25 Passengers—
200 3015 44 21 Mr.
263 3015 116 26 Hughlins,
396 3017 43 20 Mr.
455 3017 55 25 Tod,
531 3018 41 21 Mr.
595 3020 41 20 and

47 3043 55 21 Mrs.
118 3044 77 25 Gedge,
213 3043 54 20 Miss
284 3044 142 27 M'Cartby—
427 3047 102 24 steerage,
547 3046 88 22 Messrs.

47 3071 71 25 Knox,
130 3070 64 26 King,
205 3071 42 20 and
257 3071 100 26 Larking.

76 3100 27 20 In
113 3105 45 15 thb
170 3099 130 25 "Phcebe,''
311 3106 65 15 fkom
386 3100 96 23 London
491 3108 35 14 «i«
532 3103 110 27 Nelson.,

45 3138 30 6 —
77 3124 9 25 1
104 3129 39 19 box
152 3128 58 20 linen
226 3128 96 28 drapery,
334 3129 24 21 5.
377 3130 113 21 Parkes.—
493 3132 13 19 B
517 3134 87 22 trusses,
622 3134 13 19 3

45 3156 62 20 hhds.
118 3154 56 24 beer,
184 3158 14 18 2
208 3157 110 25 packages,
334 3158 26 19 10
371 3158 61 20 hhds.
442 3159 44 25 gin,
498 3160 13 19 2
522 3159 33 20 do.
572 3161 62 24 wine,

46 3185 27 21 1.0
84 3185 60 19 hhds.
156 3191 54 16 rum,
221 3185 12 19 5
246 3185 60 20 hhds.
317 3185 87 27 brandy,
413 3187 10 22 \
435 3186 57 25 cask,
504 3187 32 21 six
546 3187 89 21 bundles

45 3212 83 23 sieves,.
137 3213 13 19 2
160 3218 57 14 cases
232 3212 162 31 ironmongery,.
430 3213 62 21 hhds.
503 3215 101 26 whiskey,
624 3216 10 19 1

45 3239 51 21 cask
113 3239 70 24 coffee,
203 3240 9 19 1
224 3245 47 14 case
288 3246 78 20 pepper
386 3241 10 19 1
414 3241 49 21 cask
475 3247 68 20 sngar,
556 3242 9 19 1
579 3243 55 21 .cask

43 3267 94 27 vinegar,
148 3268 12 19 9
170 3267 60 19 casks
242 3267 80 20 bottled
332 3268 61 24 wine,
404 3269 12 19 9
428 3274 64 18 cases,
505 3270 12 18 2
528 3266 68 26 cask's,
610 3270 25 20 10

29 3293 3 4 '
44 3295 75 21 firkins
256 3294 57 21 bales
322 3295 42 19 and
375 3297 11 19 7
397 3302 58 14 cases
473 3297 63 25 slops,
548 3297 27 19 40
587 3297 48 20 blls.

39 3323 67 24 JLqux,
126 3323 9 20 1
153 3323 49 19 cask
217 3322 79 21 refined
306 3328 70 19 sugar,
394 3324 25 20 13
435 3323 63 24 bales,
517 3325 12 19 5
541 3328 64 18 masts
623 3324 12 21 7

45 3356 73 21 spars;.
124 3349 163 26 12.caskspeas,
298 3351 13 19 2
322 3351 60 19 casks
393 3351 72 24 coffee,
477 3351 26 21 63
514 3351 46 21 bIU.
571 3351 62 25 flour,

47 3379 26 19 12
83 3379 67 23 hams,
160 3379 11 19 1
183 3377 50 21 cask
242 3383 56 20 peas,
310 3379 12 19 4
333 3378 78 21 barrels
421 3379 61 24 flour,
494 3379 27 20 49
530 3379 42 26 jars
588 3380 46 19 but-

44 3408 41 23 ter,
106 3406 37 23 17.1
162 3405 61 21 casks
241 3405 56 24 beer,
317 3406 12 20 5
347 3410 67 16 crates
430 3407 109 26 crockery,
546 3408 24 20 -1
588 3413 47 14 case

45 3431 140 28 carpeting;.!.
203 3432 153 27 Passengers—
358 3432 63 22 Chief
437 3434 69 24 cabin,
530 3434 44 26 M;n

29 3475 3 4 .
40 3460 61 21 'Mrs.
109 3478 2 4 ,
118 3458 133 27 Bo'ddingtbn
266 3461 43 19 and
323 3467 41 14 one
381 3462 64 24 child,
464 3462 42 20 Mr.
518 3463 40 19 and
580 3461 53 22 Mrs.

45 3487 99 25 Duncan,
156 3486 42 21 Mr.
252 3487 142 27 Boddington,
410 3489 43 22 Mr.
465 3489 111 27 Hodgson,
591 3490 42 21 Mr.

45 3515 138 24 Macfarlane,
194 3514 44 19 Mr.
249 3514 57 25 Law,
317 3516 43 20 Mr.
372 3517 105 24 Standish,
491 3516 43 23 Mr.
545 3517 88 27 Jordan,

45 3542 136 26 Miss.Kno.x,
194 3541 43 22 Mr.
245 3543 44 20 and
302 3544 53 19 Mrs.
367 3544 81 21 Patten.
479 3545 52 20 Fore
545 3546 61 19 cabin
611 3555 23 4 —

45 3569 218 25 M^ssrs.'iTomkins,
284 3570 94 24 Deadon,
396 3572 124 25 Aitkinson,
541 3572 92 25 Rhodes,

45 3599 103 22 Jackson,
160 3596 73 24 Cribb,
244 3596 85 24 Parker,
339 3598 94 21 Galliers.
465 3600 95 26 Steerage
562 3610 26 5 —
590 3600 43 20 Mr.

29 3637 9 4 -
44 3626 98 24 Corbett,
157 3625 43 21 Mr.
211 3624 64 21 Ewen
290 3626 47 19 wife
347 3626 41 19 and
402 3627 59 19 three
470 3627 102 26 children,
589 3628 44 20 Mr.

29 3653 75 23 ,Quin
113 3653 48 20 wife
170 3652 42 21 and
220 3657 42 15 two
273 3652 102 22 children.

205 3713 122 18 inwards,
339 3713 143 17 coastwise.

74 3741 29 20 In
112 3746 48 15 the
436 3746 63 15 prom
516 3741 119 23 Kafia.—

45 3769 124 26 Machattie,
189 3769 76 25 Agent.
268 3778 26 5 —
296 3768 13 19 2
379 3767 10 21 3
391 3767 129 27 whalebone,
537 3769 14 24 4
574 3772 61 19 chest

45 3801 42 20 tea,
105 3798 11 19 1
134 3797 40 25 bag
190 3802 69 20 sugar,
277 3794 15 25 i
310 3798 36 17 ton
364 3795 62 24 flour,
441 3794 17 25 i
476 3798 39 18 ton.
528 3800 105 23 potatoes.

46 3824 135 26 Passse&gera
181 3834 28 6 —
209 3824 95 21 Meter's..
316 3822 88 25 Brdwn;
420 3820 78 27 Cave,-'
506 3824 70 25 Brice,
593 3825 41 22 and

47 3851 113 27 Holiday.-
167 3854 20 19 _:
196 3852 8 21 I
222 3850 31 24 .jl
272 3849 97 24 ii^s.'.?

73 3878 28 22 In
101 3882 2 6 1
113 3885 47 14 the
170 3878 79 22 ''New
453 3883 64 16 from
522 3883 7 16 ;
536 3879 81 21 Ci.oud
619 3887 14 14 y

215 3906 53 23 and-
275 3907 72 25 Tyser,
358 3906 87 26 Agents.
446 3914 28 6 —
476 3905 27 30 ty
513 3908 50 19 tuns
572 3906 61 22 black

29 3932 54 22 -•'fed-.
102 3939 8 7 '
121 3933 151 28 Pa«s»ngert-~-
273 3934 99 20 Messrs.-
383 3933 128 26 Robertson,
532 3932 101 29 Wyuing^

45 3961 104 28 Rigetter,
153 3962 48 20 -and
211 3961 81 21 Master
304 3960 79 22 Guard;
496 3967 54 8 »-•-'
571 3960 26 15 '—
625 3970 4 7 •

718 124 27 20 In
754 129 47 15 the
979 131 63 16 prom
1059 127 108 21 Poverty
1185 128 83 22 Bay!—

691 151 129 26 Hofnbrook,
831 152 102 25 Agent.—
938 153 25 19 lo
978 157 46 16 cwt.
1040 153 42 23 'salt
1098 153 61 28 pork,
1171 156 27 20 38
1213 156 54 27 pigs,

691 179 25 19 10
727 181 46 19 tons
783 181 103 24 potatoes.
1117 180 5 8 *
1131 198 5 6 v
1137 191 4 5 .

717 205 26 20 In
765 211 47 15 the
833 206 185 27 '"Elizabeth,"
1043 214 64 15 from
1132 207 136 24 Xkaroa.—

691 232 92 26 Captain,
800 234 101 24 Agent.—
905 234 11 20 l
933 235 69 20 chests
1018 237 40 25 tea,
1070 237 26 19 20
1114 237 53 26 pigs,
1186 238 24 19 10
1220 241 48 18 tons

688 263 101 22 potatoes.

718 287 25 20 Lv
753 292 47 15 the
913 294 66 16 from
994 289 102 22 Nelson.
1099 301 27 4 —
1126 292 90 20 Johnson
1226 293 42 20 and

689 314 76 27 Moore,
776 315 86 24 Agents.
865 325 25 5 —
893 317 10 19 1
915 316 39 25 bag
964 317 101 21 sundries.

716 341 27 21 lv
769 347 48 15 the
983 350 63 14 prom
1075 351 48 14 the
1147 345 121 22 Chatham

689 369 108 21 Island's.
799 379 27 5 —
827 371 87 25 Master,
932 372 103 24 Agent.—
1037 373 12 19 2
1067 372 61 21 casks
1143 374 43 19 seal
1202 374 65 27 skins,

688 397 13 21 7
711 396 58 20 casks
778 398 61 25 pork,
852 398 13 20 6
874 402 47 16 tons
932 401 103 23 potatoes.
1048 400 24 20 12
1084 400 50 25 bags
1143 400 97 22 feathers.

715 423 28 21 I.v
766 430 48 14 the
998 432 61 15 from
1084 426 155 23 Manawatu.
1242 440 26 4 —

691 451 89 20 Wallace
797 452 42 19 and
855 452 43 26 Co.,
913 454 112 24 Agents.—
1029 455 26 19 l
1060 455 21 19 6
1072 457 49 18 tons
1138 458 101 23 potatoes,
1256 458 11 18 2

687 478 48 25 bags
753 479 153 25 merchandize,
917 482 13 18 2
944 481 69 20 chests
1029 484 40 22 tea,
1082 483 12 20 7
1111 482 100 26 packages
1227 484 41 20 and

687 505 68 24 boxes,
766 506 13 19 4
792 506 45 20 deal
847 507 82 24 boards,
939 508 10 19 1
962 508 45 20 bed.
1029 508 123 27 Passengers
1153 520 27 4 —
1182 510 85 21 Messrs.

686 532 59 21 Cook
755 533 42 20 and
808 533 110 22 Harrison.

714 560 28 21 In
765 566 48 14 the
863 561 140 21 Catherine
1205 571 63 15 from

686 588 175 22 Wanganui.—
863 590 86 24 Master,
958 590 75 24 Agent.
1035 601 26 4 —
1062 592 27 19 50
1100 592 83 20 bushels
1193 593 74 24 wheat,

687 615 25 20 10
723 614 32 21 do,
767 615 79 27 barley,
856 617 12 19 5
880 617 33 19 do.
932 618 53 20 oats,
999 618 8 19 1
1019 618 35 19 do.
1066 625 37 19 rye
1187 620 58 25 seed,
1255 621 12 19 2

685 642 58 20 small
759 643 109 26 packages,
886 644 15 17 *
915 647 38 18 ton
969 647 103 23 potatoes,
1084 647 13 19 3
1115 649 46 17 cwt.
1178 647 65 25 hams,
1256 649 10 19 1

677 672 3 4 '
685 669 66 20 barrel
760 670 110 26 crockery!
875 672 3 3 '

713 696 27 21 Isr
755 703 47 14 the
822 698 13 11 •■•
847 698 133 21 Governor
997 700 77 21 Hobso
1078 700 39 26 V
1127 707 63 15 from
1207 701 60 21 New

685 724 167 21 Plymouth.—
855 727 56 19 Hort
934 727 42 19 and
999 728 41 25 Co.,
1066 728 113 25 Agents.—
1182 730 11 18 &
1218 731 49 19 tons

684 752 59 24 flour,
754 753 13 19 4
778 759 57 13 cases
846 754 45 25 gin,
905 755 9 18 1
927 754 35 20 do.
974 754 70 26 claret,
1057 756 9 19 I
1080 755 35 21 do.
1123 756 77 23 clocks,
1209 757 11 19 1
1232 757 35 21 do.

684 779 91 26 weights.
805 779 124 28 Passengers
934 781 110 22 —Messrs.
1058 783 69 20 Hume
1136 784 42 20 and
1188 784 53 20 Bell.

916 837 117 22 Exports.

712 868 25 21 In
751 874 48 15 the
1013 877 46 15 por
1073 872 193 22 Valparaiso.—

686 896 65 20 Waiit
770 896 43 20 and
832 897 41 25 Tys
884 903 18 19 r,
923 899 85 24 Agents.
1011 909 28 5 —
1041 899 9 20 1
1071 900 63 20 trunk
1159 901 68 23 shoes,
1253 901 12 19 2

682 929 57 15 cases
748 923 47 21 Eau
805 924 25 20 de
840 924 100 26 Cologne,
951 927 13 19 4
981 927 123 26 puncheons
1120 928 44 25 gin,
1174 928 40 20 and
1224 929 41 19 live

682 957 130 21 passengers.

827 1013 140 19 OUTWART*,
984 1014 144 16 COASTWISE.

710 1038 26 21 In
746 1044 47 14 the
802 1040 14 11 4i
825 1039 115 27 Nimrod,'
945 1040 4 7 1
958 1041 145 20 forTologa
1115 1041 150 22 Bay.—Wal-

682 1066 42 20 lace
733 1066 42 19 and
786 1067 42 26 Co.,
840 1068 84 25 Agents.
927 1079 26 4 —
955 1069 12 19 2
978 1071 47 17 tons
1042 1069 47 24 salt,
1101 1070 13 18 2
1130 1075 56 14 cases
1196 1070 68 26 pipes,

683 1094 25 20 18
725 1093 61 21 hhds.
807 1094 9 20 1
834 1101 33 19 qr.
886 1096 48 19 cask
953 1096 85 26 brandy,
1051 1096 8 20 1
1079 1096 50 21 cask
1146 1097 94 23 tobacco,
1252 1099 12 19 2

681 1121 55 20 bales
746 1120 105 26 blankets,
863 1123 10 18 1
892 1129 46 14 case
953 1124 62 25 slops,
1029 1125 11 18 2
1059 1124 75 20 trunks
1150 1125 75 25 prints.
1237 1126 26 20 29

680 1148 45 21 iron
736 1151 56 23 pots,
805 1149 10 20 1
827 1149 76 20 bundle
910 1150 82 26 spades,
1006 1151 7 18 1
1026 1157 47 14 case
1084 1152 102 23 sundries,
1196 1153 10 19 1
1219 1153 46 20 bale

680 1175 102 25 blankets,
794 1176 11 19 1
817 1176 46 21 bale
873 1183 55 20 rugs,
941 1178 26 19 10
983 1178 50 25 bags
1046 1178 56 23 shot,
1113 1180 13 19 3
1136 1185 56 14 cases
1202 1186 60 20 soap,

680 1203 14 24 4
705 1206 34 17 ton
755 1204 62 23 flour,
835 1205 11 18 1
863 1206 70 24 parcel
949 1211 55 20 caps,
1025 1206 10 19 1
1054 1207 66 19 trunk
1134 1207 91 25 apparel,
1237 1209 26 19 20

680 1231 48 25 bags
739 1232 49 23 rice,
802 1232 12 19 7
824 1231 49 26 bags
885 1238 67 20 sugar,
965 1233 10 24 \
985 1233 48 20 cask
1049 1234 60 20 wine.
1140 1234 123 26 Passengers

679 1269 28 4 —
710 1258 83 21 Messrs.
813 1258 114 26 Campbell,
945 1260 124 26 Babington,
1089 1261 107 22 Nicholas,
1214 1263 50 26 lady

680 1286 39 19 and
730 1286 63 23 chill,
806 1285 41 22 Mr.
859 1287 40 20 and
917 1287 52 22 Mrs.
981 1288 103 20 Williams
1100 1289 41 20 and
1160 1292 39 18 two
1210 1290 53 20 chil-

680 1313 57 22 dren,
748 1313 42 20 and
801 1313 55 20 Miss
866 1313 72 27 Parry.

708 1341 24 19 In
743 1347 48 14 the
936 1348 43 14 for
989 1343 18 19 H
1013 1344 92 20 awke's
1113 1343 60 21 Bay.
1175 1355 26 4 —
1202 1345 61 20 Mac-

679 1369 71 23 hatlie,
772 1370 104 24 Agent.—
877 1370 12 19 4
900 1373 49 17 tons
959 1371 47 21 salt,
1013 1372 26 19 30
1051 1372 50 24 bags
1108 1371 60 23 flour,
1181 1373 9 19 1
1203 1373 60 20 chest

679 1399 38 20 tea,
729 1397 10 18 4
755 1397 61 19 casks
834 1397 58 26 pitch
909 1398 41 20 and
969 1400 37 22 tar,
1046 1399 53 20 coils
1116 1406 57 19 rope,
1185 1400 12 20 6
1213 1399 49 26 bags

679 1423 82 22 biscuit,
772 1425 13 19 4
798 1424 54 20 bales
871 1425 65 25 slops,
948 1426 9 19 1
978 1427 33 19 do.
1028 1427 103 21 blankets,
1143 1428 12 18 2
1173 1428 90 20 anchors

678 1451 40 19 and
729 1451 76 23 cables,
815 1453 12 19 8
839 1458 55 14 cases
905 1453 43 25 gin,
959 1454 26 19 40
1002 1456 49 18 tons
1061 1454 67 22 casks,
1140 1456 13 18 2
1164 1455 96 26 anchors,

681 1480 9 18 1
702 1481 34 17 ton
746 1479 63 24 flour,
821 1480 12 19 6
844 1480 48 25 bags
902 1481 41 19 and
955 1481 99 26 packages
1068 1482 103 22 sundries,
1184 1482 9 20 1
1205 1489 55 19 pun-

678 1507 65 19 cheon
762 1513 53 14 rum.
846 1507 123 26 Passengers
970 1519 25 4 —
997 1512 85 23 twenty-
1086 1510 48 20 four
1148 1516 47 13 men
1213 1510 25 20 of
1249 1517 13 14 a

678 1534 89 25 whaling
778 1536 68 25 party.

706 1561 25 22 In
752 1567 48 14 the
844 1562 127 23 Sttsannah
1096 1570 46 14 for
1164 1565 97 20 Cloudy

678 1589 55 20 B\y.
736 1600 28 4 —
765 1590 117 20 Machailie
891 1592 102 24 Agent.—
997 1591 26 23 l±
1033 1595 47 16 tons
1092 1599 67 19 sugar,
1167 1593 13 20 3
1190 1593 71 20 chests

663 1632 2 5 ,
678 1620 39 19 tea,
729 1618 24 19 10
765 1617 60 20 casks
835 1618 60 25 pork,
909 1618 24 20 10
952 1625 55 14 cases
1025 1625 57 20 soap,
1094 1621 12 18 2
1118 1624 46 16 tons
1173 1620 61 24 flour,
1249 1621 10 20 1

677 1644 48 20 cask
738 1643 80 22 arrack.
849 1645 148 26 Passengers—
1000 1646 72 21 twelve
1089 1653 47 14 men
1148 1648 32 19 for
1194 1648 66 20 whal-

677 1672 36 25 ing
722 1672 85 20 station.

663 1692 1 29 i
705 1699 26 20 In
741 1705 47 14 the
879 1700 3 8 1
885 1701 5 11 '
909 1707 46 14 for
970 1701 96 20 Cloudy
1082 1703 84 20 Bay.—
1167 1703 93 20 Johnson

663 1726 1 25 I
676 1726 41 20 and
731 1728 80 22 Moore,
829 1728 108 25 Agents.—
946 1729 9 19 1
976 1729 49 19 cask
1046 1730 103 24 sundries,
1169 1731 12 19 2
1202 1737 57 14 cases

675 1754 63 26 slops,
751 1755 9 20 1
774 1755 48 20 cask
833 1757 68 21 shoes,
911 1757 9 19 1
933 1762 45 14 case
988 1757 64 19 shirts
1061 1758 42 19 and
1113 1758 63 25 slops,
1189 1759 9 19 I
1210 1765 49 13 case

676 1782 88 26 hosiery,
783 1783 13 18 2
813 1788 58 14 cases
887 1783 112 24 hardware,
1020 1785 9 19 1
1047 1791 47 13 case
1111 1786 121 25 stationery,
1248 1787 9 19 I

675 1815 45 14 case
736 1809 160 27 haberdashery,
906 1813 13 18 4
936 1811 54 20 bales
1006 1811 97 21 blankets
1119 1813 41 19 and
1176 1820 56 19 rugs,
1244 1815 14 19 2

675 1837 63 20 dozen
748 1837 49 21 iron
807 1841 54 22 pots,
875 1839 11 19 6
896 1838 64 20 boxes
975 1845 57 20 soap,
1044 1840 12 19 2
1066 1846 58 14 cases
1134 1841 100 23 mustard,
1247 1842 9 20 1

675 1870 45 14 case
729 1865 68 26 pipes,
807 1866 13 18 3
837 1865 50 26 kegs
898 1867 90 25 vinegar,
1007 1867 11 19 1
1036 1867 49 20 cask
1104 1874 55 19 peas,
1171 1868 10 20 1
1192 1868 66 20 tierce

674 1892 93 24 tobacco,
778 1894 14 18 2
802 1893 49 25 bags
870 1894 46 23 sa'.t,
927 1895 13 19 2
959 1895 32 19 do.
1009 1895 73 22 coffee,
1099 1896 12 19 2
1131 1896 67 19 chests
1217 1899 39 20 tea,

676 1920 23 19 13
710 1920 49 25 bags
769 1921 49 22 rice,
831 1921 25 20 13
867 1922 33 20 do.
912 1928 67 19 sugar,
989 1922 25 20 10
1025 1922 34 20 do.
1070 1922 61 24 flour,
1141 1924 25 19 10
1177 1924 81 20 barrels

674 1947 57 26 pork,
745 1948 10 19 1
773 1948 52 20 hhd.
842 1955 54 18 rum,
910 1950 9 19 1
938 1950 48 19 cask
1002 1949 53 24 lard,
1072 1951 79 25 sundry
1167 1951 91 25 whaliug

673 1981 53 20 gear,
739 1976 11 18 1
762 1976 85 23 anchor,
859 1976 13 20 6
881 1976 51 26 kegs
943 1977 65 25 paint,
1020 1978 12 19 2
1044 1983 50 14 cans
1104 1978 36 20 oil.

700 2009 26 20 In
736 2015 49 14 ths
802 2011 14 20 '.'
1006 2017 43 15 for
1061 2011 95 21 Cloi'Dy
1171 2012 57 22 Bay.
1230 2023 28 5 —

674 2036 87 24 Master,
778 2036 76 26 Agent.
857 2048 25 4 —
884 2039 12 18 4
916 2038 60 20 ca^ks
993 2039 60 25 poik,
1071 2040 13 18 3
1100 2039 59 21 casks
1168 2040 64 25 slops,
1244 2041 12 19 6

673 2064 50 20 coils
733 2065 66 19 whale
809 2065 49 23 line,
872 2066 7 19 I
892 2065 49 20 cask
960 2072 53 16 rum,
1025 2065 12 23 £
1054 2067 65 20 tierce
1136 2067 94 23 tobacco,
1242 2069 12 19 2

673 2091 52 20 bolts
736 2098 94 16 canvass,
843 2093 25 19 12
878 2093 46 19 iron
935 2096 53 22 pots,
1001 2093 13 20 6
1024 2093 71 26 frying
1112 2100 58 21 pans,
1183 2095 12 19 6
1207 2095 49 21 boat

673 2119 94 24 anchors,
780 2120 9 19 1
805 2121 30 18 tin
853 2121 34 24 oil,
900 2121 13 19 3
931 2121 102 25 packages
1049 2122 68 25 paint,
1133 2122 26 20 ly
1177 2128 54 19 oars,
1244 2124 11 19 7

672 2147 48 26 bags
730 2153 69 19 sugar,
812 2149 11 19 1
835 2148 34 20 do.
879 2149 73 23 coffee,
964 2149 24 19 20
1000 2149 49 25 bags
1058 2149 62 20 flour.

700 2180 25 20 In
742 2185 48 15 the
808 2180 145 26 "Gannet,''
972 2187 44 15 for
1034 2181 111 21 Poverty
1168 2182 59 21 B\y.
1229 2194 27 4 —

672 2208 130 24 Hornbrook,
819 2208 105 26 Ajenf.r—
927 2209 24 20 l2
971 2209 45 25 pair
1032 2209 104 23 bUnkets,
1155 2210 12 19 3
1185 2210 70 26 pieces

672 2235 71 24 calico,
757 2236 9 19 1
779 2236 49 19 cask
842 2236 77 26 prints,
929 2236 13 24 i
957 2239 46 17 cwt.
1015 2237 95 24 tobacco,
1122 2238 10 19 1
1144 2237 39 21 box
1193 2238 62 20 hard-

672 2269 60 14 ware.

698 2290 25 21 Lv
738 2296 47 14 THE
997 2298 45 14 FOR
1058 2292 90 22 PIGCON
1167 2293 58 21 BaY.
1228 2305 28 4 —

671 2317 136 28 Fitzherbert,
819 2321 76 23 Agent.
898 2330 25 5 —
926 2320 12 19 2
955 2323 45 17 cwt.
1019 2326 59 19 soap,
1091 2321 10 19 1
1112 2320 45 20 bale
1167 2321 63 26 slops,
1242 2323 12 19 2

656 2349 2 16 I
671 2346 79 24 gallons
770 2346 79 20 liDseed
870 2347 36 23 oil,
927 2347 13 19 3
964 2350 47 17 cwt.
1035 2353 70 19 sugar,
1126 2349 24 19 25
1174 2349 80 25 gallons

672 2373 85 26 brandj,
769 2375 10 19 1
799 2373 45 21 bale
862 2374 103 23 blankets,
978 2375 9 19 1
1007 2378 36 16 ton
1060 2375 62 24 flour,
1136 2376 24 21 17
1178 2377 76 20 trunks

670 2401 101 24 sundries,
783 2402 12 19 4
807 2402 60 20 casks
877 2402 43 21 do.,
931 2402 14 20 3
956 2403 48 24 bags
1021 2402 75 23 wheat,
1108 2404 9 19 1
1131 2403 33 20 do.
1175 2403 78 27 barley,

670 2428 14 19 3
700 2435 58 13 cases
774 2429 113 23 hardware,
905 2431 12 18 2
935 2429 83 21 bullock
1036 2430 66 25 yokes
1119 2431 40 20 and
1170 2436 84 15 mount-

655 2467 1 16 j
670 2455 52 26 ings,
741 2458 12 18 2
770 2456 97 27 ploughs,
879 2458 13 19 2
910 2460 42 17 sets
968 2458 61 19 horse
1046 2458 94 23 harness,
1157 2460 12 18 2
1181 2459 72 25 grind-

670 2485 76 25 stones,
759 2485 10 19 I
782 2491 46 13 case
838 2491 60 19 guns,
911 2485 10 20 1
938 2485 38 25 keg
986 2486 134 24 gunpowder,
1131 2485 14 24 i
1154 2489 37 17 ton
1206 2487 47 22 salt.

670 2510 12 20 2
693 2510 47 27 bags
752 2512 48 21 rice,
814 2512 9 19 1
835 2513 59 19 chest
904 2517 40 19 tea,
964 2513 9 19 1
986 2513 37 25 bag
1033 2519 69 19 sugar,
1120 2514 12 19 5
1143 2520 53 14 cows
1213 2514 41 21 and

671 2538 9 19 I
701 2538 50 21 bull.
755 2550 26 4 —
784 2539 122 21 Passengers
908 2550 26 4 —
936 2540 40 21 Mr.
1000 2540 129 24 M'Lennan,
1149 2541 42 20 Mr.
1212 2542 41 20 and

670 2566 50 20 Mrs.
739 2566 54 26 Hay,
808 2568 42 19 and
863 2568 48 20 four
926 2568 100 24 children,
1043 2568 54 21 Mrs.
1110 2569 89 20 Sinclair
1212 2570 42 20 and

654 2603 1 21 I
668 2594 47 19 four
724 2594 103 21 children.

694 2626 28 21 In
736 2633 23 13 ti
771 2634 12 14 e
990 2634 45 16 for
1053 2629 96 21 Cloudy
1166 2629 57 22 Bay.
1227 2641 26 5 —

668 2655 86 25 Master,
765 2656 105 24 Agent.—
873 2657 10 19 l
889 2657 24 19 l2
925 2657 48 25 bags
990 2663 68 19 sugar,
1070 2658 28 19 42
1108 2657 68 20 chests
1188 2660 39 19 tea.
1239 2659 12 20 4

668 2682 49 25 kegs
726 2683 79 24 butter,
818 2684 12 19 L
843 2683 48 21 bala
899 2684 65 26 slops,
975 2685 10 19 1
1002 2685 113 26 puncheon
1123 2685 98 26 whiskey,
1240 2687 13 19 2

668 2716 56 15 cases
732 2711 71 19 lemon
814 2717 70 20 syrup,
898 2712 9 20 1
927 2717 46 14 case
981 2712 71 26 hemp,
1064 2713 13 19 2
1092 2712 49 26 bags
1151 2713 70 24 coffee,
1242 2714 9 20 1

668 2738 44 20 bale
722 2738 30 20 oil
760 2738 57 22 skin,
830 2740 9 18 1
851 2738 49 21 cask
920 2740 139 25 peppermint,
1073 2741 9 19 1
1094 2741 71 23 trunk,
1177 2741 10 19 I
1206 2747 47 15 case

668 2766 52 25 hats,
731 2765 87 24 leather,
831 2766 9 19 1
853 2766 60 21 small
924 2767 50 24 oale,
985 2767 40 20 box
1041 2768 95 20 buttons.
1166 2767 87 22 Passen-

667 2793 118 25 gers—Mr.
797 2793 114 25 Monteith,
929 2794 42 21 Mr.
982 2794 111 25 Williams,
1113 2796 138 26 Stephenson,

668 2820 63 21 Davis
742 2820 47 21 wife
799 2821 41 20 and
852 2821 78 26 family.

693 2848 28 21 In
742 2854 46 15 the
969 2855 45 16 for
1032 2849 101 22 Nelson.
1135 2861 25 4 —
1162 2850 50 21 Part
1232 2852 23 20 of

667 2876 88 25 original
764 2882 70 20 cargo.

693 2903 28 21 In
731 2909 47 15 the
959 2910 44 16 for
1013 2905 156 21 Manakau.—
1172 2905 49 22 Part
1231 2907 23 20 of

666 2930 88 26 original
765 2937 70 20 cargo.

705 2992 95 21 Latest
814 2993 83 22 Dates
913 2994 31 21 of
960 2994 102 22 Papers
1078 2997 131 19 received.

666 3025 95 23 London
1078 3028 129 25 November
1228 3032 22 21 16

666 3053 84 21 Nelson
1079 3057 63 27 April
1242 3060 8 21 1

666 3081 119 21 Auckland
1081 3084 79 22 March
1227 3087 23 20 18

666 3107 45 27 Bay
722 3108 24 22 of
757 3108 87 23 Islands
1077 3112 96 22 October
1240 3116 10 19 6

665 3135 88 26 Sydney
909 3138 3 5 '
1078 3138 79 23 March
1226 3142 24 20 21

666 3161 49 22 Van
727 3163 118 22 Diemnn's
854 3163 65 22 Land
1079 3166 77 22 March
1228 3169 22 20 18

666 3187 50 23 Port
726 3189 83 29 Phillip
1076 3192 100 28 January
1228 3194 22 22 15

665 3216 110 22 Adelaide
1073 3220 80 21 March
1239 3223 11 20 3

696 3279 45 23 •We
758 3284 51 27 stpp
828 3280 43 23 the-
884 3288 65 23 press
959 3286 29 18 .to
1007 3290 119 18 announce
1146 3283 49 24 that
1213 3285 37 24 the

663 3313 116 30 prisoners
804 3312 49 24 who
877 3314 95 31 escaped
995 3315 60 24 from
1079 3316 36 23 the
1140 3316 59 24 Gaol
1223 3326 27 16 on

665 3345 151 32 Wednesday,
839 3354 58 16 were
919 3347 106 32 captured
1047 3349 29 30 by
1096 3349 38 23 the
1156 3350 94 25 Natives

655 3379 126 31 •yesterday
799 3380 126 28 afternoon,
938 3381 43 24 and
1002 3382 99 31 brought
1119 3383 46 23 into
1178 3384 72 25 Town

665 3412 35 24 the
713 3420 64 16 same
792 3413 106 28 evening.

654 3455 95 99 New
781 3455 222 99 Zealand
1035 3455 222 99 Gazette

700 3554 70 23 AND
785 3554 215 24 WELLINGTON
1019 3556 188 25 SPECTATOR.

783 3610 133 24 Saturday,
932 3610 76 22 April
1022 3612 36 24 22,
1074 3612 60 21 1843.

653 3670 2 29 j
696 3661 97 31 Having
814 3660 59 25 been
902 3661 146 32 particularly
1077 3665 101 30 engaged
1204 3666 45 25 this

664 3695 71 29 week,
757 3702 33 16 we
805 3695 65 23 have*
879 3694 177 26 borrowed*'o*ur
1071 3695 76 25 leader
1165 3698 59 25 from
1235 3709 14 15 a

663 3737 52 23 very
728 3728 50 24 able
791 3727 79 26 article
882 3735 29 16 on
922 3728 38 23 the
981 3728 91 32 subject
1087 3730 26 23 of
1129 3725 120 38 JurymenJ

663 3763 23 23 in
698 3762 47 24 the-
747 3760 96 32 Weekly
854 3760 123 33 Dispatch,
995 3763 44 23 and
1052 3761 73 25 which
1136 3772 32 15 we
1181 3762 66 29 think

663 3796 50 24 well
724 3794 88 32 worthy
830 3794 48 24 the^
887 3795 108 23 attentive
1013 3796 93 31 perusal
1129 3798 25 23 of
1180 3807 67 25 every

654 3829 89 24 •liberal
750 3829 58 23 'Mini
812 3827 34 25 led
858 3836 54 15 man
922 3836 6 21 ;—;
931 3839 27 5 —
958 3827 6 17 :~:
972 3827 5 4 ~
1006 3838 5 4 -
1065 3829 18 14 l>
1146 3829 5 4 '
1203 3831 4 5 v

783 3869 25 17 as
819 3869 33 16 we
864 3866 84 19 esteem
959 3860 39 25 the
1009 3862 129 25 institution
1148 3865 27 23 of
1179 3865 67 33 jury-

654 3889 60 36 '«m,
734 3899 111 21 we-must
863 3894 89 24 confess
970 3894 49 24 that
1035 3903 42 16 our
1093 3902 95 28 country
1206 3899 40 26 has

660 3929 114 24 'benefited
786 3936 55 24 very
851 3928 59 25 little
922 3928 29 30 by
962 3929 26 23 it.
1024 3928 31 25 In
1067 3937 13 16 a
1095 3934 150 31 prosecution,

665 3961 153 30 {or'L'idtauSe,
831 3962 35 24 for
878 3962 140 32 blasphemy,
1032 3963 38 23 the
1084 3963 82 33 jddge'

1299 137 27 20 to-,
1339 132 53 25 take
1412 133 35 23 for
1465 134 97 30 granted'
1578 134 48 24 that
1644 135 38 23 the
1701 135 56 31 Jury
1769 143 39 16 are
1825 138 24 22 in
1867 144 14 16 a

1298 170 58 20 state
1368 165 26 23 of
1401 173 66 24 gross
1479 164 134 33 ignbrancey'
1624 168 46 23 and
1686 169 72 22 under
1776 169 56 24 such
1844 170 35 23 in-

1297 199 100 24 fluences
1426 206 25 16 as
1474 204 23 19 to
1524 200 106 31 preclude
1654 202 39 22 the
1719 203 115 30 necessity
1857 204 27 22 of

1298 231 133 32 addressing
1449 232 69 24 them.
1554 233 73 30 Judge
1646 234 104 30 Jefferys,
1768 235 64 24 when
1851 236 29 23 he

1298 264 62 31 hung
1378 265 36 22 his
1435 273 82 21 scores,
1536 266 44 23 and
1600 267 35 22 his
1657 275 76 15 scores
1751 267 27 24 of
1795 276 84 22 scores,

1298 297 92 31 pleaded
1409 297 56 29 that,
1482 299 62 23 cruel
1555 308 26 14 as
1599 299 28 24 he
1648 307 53 20 was,
1717 299 35 24 his
1775 303 104 22 cruelties

1297 330 38 23 did
1347 335 39 18 not
1397 336 92 19 amount
1501 336 21 19 to
1542 332 35 24 his
1596 333 148 24 instructions
1762 334 58 24 from
1842 336 37 23 the

1298 363 65 32 King
1373 363 45 23 and
1436 364 35 23 his
1490 365 71 24 Court
1572 376 6 17 ;
1596 366 44 23 and
1653 374 56 21 now,
1729 374 32 16 we
1773 375 105 24 suppose,

1296 397 75 23 Juries
1387 396 48 24 that
1454 399 88 22 convict
1553 399 43 23 for,-
1606 399 139 30 speculative
1766 402 112 29 opinions,

1296 430 35 23 for
1343 429 28 24 all
1385 429 48 23 that
1443 438 77 23 passes
1533 432 70 22 under
1615 432 38 24 the
1666 440 76 16 names
1755 433 26 23 of
1790 440 89 19 treason

1296 470 26 15 or
1338 462 140 32 blasphemy,
1491 471 52 23 may
1554 465 65 30 plead
1638 465 56 29 that,
1712 465 124 26 brutalized
1855 477 24 15 as

1297 496 57 31 they,
1362 503 59 16 were
1432 497 23 22 in
1467 497 37 23 the
1515 498 58 30 Jury
1585 498 52 28 box,
1651 498 58 23 their
1721 499 109 31 brutality
1842 501 37 24 did

1296 534 40 17 not
1354 534 92 18 amount
1466 534 22 19 to
1509 531 48 22 that
1576 531 24 23 of
1615 531 39 24 the
1673 531 93 31 judges.
1803 533 76 25 These

1297 562 116 30 thoughts,
1425 562 43 23 and
1480 571 67 24 many
1561 564 92 29 similar,
1672 565 57 23 havj
1747 565 58 24 been
1823 575 56 23 sug-

1295 595 86 31 gested,
1399 602 26 16 or
1440 596 75 23 rather
1533 598 121 23 renovated
1674 598 45 23 and
1737 600 96 23 aroused
1850 601 29 31 by

1296 629 38 22 the
1351 628 143 31 anniversary
1507 630 86 28 dinner,
1606 630 53 24 liel.l
1672 632 22 22 in
1715 640 162 17 commemora-

1297 663 46 22 tion
1352 661 24 23 of
1381 661 37 24 the
1428 663 107 29 acquittal
1545 664 24 22 of
1576 664 173 29 HorneTooke,
1758 665 119 31 Thelwall,

1298 694 88 31 Hardy,
1399 695 43 24 and
1454 696 68 24 about
1534 698 51 22 nine
1597 698 86 28 others,
1696 698 57 28 who,
1767 699 23 23 in
1805 701 72 29 1794,

1296 736 57 15 were
1372 728 98 24 indicted
1489 729 35 24 for
1542 731 54 30 high
1616 735 99 19 treason.
1752 732 50 24 The
1820 734 57 31 Jury

1296 761 37 23 did
1351 762 29 22 its
1399 762 55 30 duty
1468 763 24 23 in
1509 764 126 31 acquitting
1656 764 37 23 the
1711 766 104 29 accused,
1836 767 41 24 but

1296 794 52 31 they
1360 793 107 25 deserved
1479 804 28 15 no
1526 797 81 30 praise,
1620 799 34 22 for
1674 798 37 23 the
1730 805 52 17 case
1794 807 45 17 was
1851 809 25 15 so

1295 828 59 23 clear
1367 827 49 24 that
1434 828 52 32 they
1498 830 71 31 ought
1587 834 21 20 to
1630 831 57 23 have
1706 832 96 31 stopped
1820 835 19 22 it
1855 840 22 18 at

1294 860 57 24 least
1368 861 23 23 in
1410 861 37 24 the
1467 862 90 25 middle.
1592 864 69 23 Some
1674 865 24 22 of
1714 865 37 23 the
1764 872 59 19 most
1835 875 41 16 en-

1294 893 114 32 lightened
1420 903 51 16 men
1489 896 23 23 in
1524 896 38 24 the
1574 898 77 29 world,
1665 906 95 23 persons
1780 899 54 32 high
1852 903 23 21 in

1294 927 117 24 literature
1434 928 43 24 and
1500 931 138 29 respectable
1660 932 24 22 in
1705 933 91 28 station,
1818 942 58 16 were

1294 960 98 23 indicted
1404 961 33 23 for
1449 961 54 32 high
1518 967 97 25 treason,
1628 969 40 18 not
1687 964 35 23 for
1740 973 45 23 any
1802 973 73 18 ovsrt-

1294 999 35 17 act
1331 1006 31 4 —
1363 998 41 18 not
1414 994 35 24 for
1460 1003 42 22 any
1515 995 82 24 breach
1609 997 26 22 of
1651 997 37 24 the
1701 1005 77 23 peace,
1792 1004 39 19 not
1842 1000 34 24 for

1294 1027 37 22 the
1343 1026 105 32 slightest
1465 1034 96 25 attempt
1573 1035 21 18 to
1613 1030 83 23 violate
1709 1037 114 26 property,
1837 1033 39 24 but

1293 1060 84 31 merely
1383 1059 33 25 for
1424 1062 99 31 uttering
1530 1063 84 23 certain
1620 1064 138 30 speculative
1764 1066 110 30 opinions,

1293 1093 71 23 which
1383 1094 111 31 opinions,
1507 1096 59 30 truly
1585 1096 73 30 noble,
1672 1096 43 24 had
1737 1098 55 23 been
1811 1101 64 23 acted

1294 1134 58 23 upon
1366 1127 28 30 by
1407 1127 35 24 the
1454 1127 126 25 illustrious
1592 1129 162 32 Washington,
1766 1132 43 23 and
1822 1141 52 23 pro-

1293 1160 114 30 mulgated
1435 1161 30 30 by
1493 1161 44 24 Dr.
1563 1162 121 30 Franklin,
1715 1164 29 31 by
1774 1165 101 25 Thomas

1293 1193 79 29 Paine,
1385 1191 43 26 aiid
1440 1194 28 23 all
1482 1195 37 23 the
1531 1201 63 26 great
1607 1197 45 23 and
1664 1197 59 31 good
1736 1206 51 15 men
1801 1199 25 23 of
1838 1200 37 23 the

1292 1226 84 31 period.
1422 1227 50 24 The
1494 1228 124 32 Attorney-
1622 1229 107 31 General,
1754 1232 40 22 Sir
1815 1233 59 23 John

1292 1260 71 28 Scott,
1386 1260 49 24 who
1458 1261 129 25 afterwards
1608 1263 93 24 became
1722 1264 63 25 Lord
1809 1266 65 32 High

1293 1293 134 24 Chancellor
1447 1294 25 23 of
1493 1294 113 32 England,
1629 1296 72 24 under
1725 1298 38 23 the
1786 1300 49 23 title
1853 1301 25 23 of

1291 1326 63 24 Lord
1366 1327 83 29 Eldon,
1462 1328 72 31 spoke
1547 1334 21 18 to
1580 1329 38 24 the
1630 1329 58 32 Jury
1700 1331 35 23 for
1747 1333 78 30 nearly
1837 1338 36 19 ten

1292 1359 75 29 hours,
1390 1364 23 19 to
1434 1360 81 25 induce
1534 1362 60 23 them
1614 1367 23 19 to
1656 1364 48 23 find
1722 1364 39 24 the
1778 1367 96 23 accused

1290 1394 72 29 guilty
1371 1394 25 22 of
1402 1394 54 31 high
1465 1399 97 20 treason.
1599 1396 40 24 He
1648 1397 69 23 raked
1726 1399 44 23 and
1780 1401 94 30 scraped

1291 1434 66 22 every
1376 1432 75 26 musty
1468 1428 44 24 and
1533 1430 111 23 atrocious
1663 1439 96 23 passage
1779 1433 48 23 that
1846 1434 27 23 he

1291 1460 65 23 could
1369 1460 55 24 from
1438 1462 89 23 ancient
1548 1463 60 28 laws,
1621 1464 45 23 and
1687 1465 57 23 from
1762 1465 30 24 all
1809 1467 63 29 laws,

1291 1493 22 22 in
1326 1493 64 24 order
1400 1499 21 18 to
1435 1495 65 23 make
1514 1500 38 19 out
1563 1504 12 15 a
1588 1504 51 16 case
1651 1498 26 22 of
1686 1498 59 23 what
1762 1500 27 23 he
1801 1500 72 24 called

1290 1534 187 18 constructive
1490 1536 115 18 treason
1608 1543 33 4 —
1642 1539 32 20 or,
1687 1532 22 22 in
1722 1533 65 23 other
1795 1538 77 25 terms,

1291 1559 26 24 he
1334 1561 84 23 wished
1437 1566 21 18 to
1476 1563 115 29 establish,
1605 1564 49 23 that
1667 1564 108 33 although
1788 1575 13 15 a
1820 1575 52 15 man

1290 1592 44 25 had
1345 1599 38 18 not
1395 1595 56 23 been
1463 1595 69 24 found
1544 1597 71 31 guilty
1629 1598 24 22 of
1668 1606 13 15 a
1692 1599 74 31 single
1778 1600 93 30 offence,

1289 1632 58 25 past,
1367 1632 98 26 present,
1486 1637 24 15 or
1531 1632 150 29 prospective,
1702 1632 28 23 he
1754 1634 74 30 might
1845 1635 27 23 be

1289 1660 85 31 hanged
1389 1661 29 31 by
1430 1662 79 31 raking
1523 1663 44 23 and
1578 1665 107 30 scraping
1694 1666 103 30 together
1806 1668 66 23 small

1289 1694 124 31 fragments
1424 1695 25 23 of
1458 1696 37 23 the
1507 1704 75 16 scores
1594 1698 25 22 of
1630 1698 37 23 old
1679 1698 57 24 Acts
1747 1700 26 22 of
1782 1700 89 25 Parlia-

1276 1738 3 3 ■
1288 1733 61 17 merit
1362 1728 48 23 that
1421 1729 72 30 might
1506 1730 27 22 be
1554 1730 68 24 found
1636 1739 29 15 on
1679 1740 40 15 our
1740 1739 60 18 most
1819 1742 52 23 pre-

1288 1766 116 24 posterous
1416 1762 44 23 and
1473 1770 53 16 even
1540 1763 64 31 filthy
1616 1766 167 24 statute-book.
1821 1768 50 24 The

1289 1793 60 24 Lord
1369 1794 134 24 Chancellor
1523 1796 116 29 Thurlow,
1654 1799 56 28 who,
1730 1807 78 16 severe
1827 1802 44 23 and

1287 1835 81 22 savage
1380 1835 25 16 as
1418 1836 47 15 was
1478 1828 35 25 his
1525 1835 88 25 nature,
1626 1830 103 26 declared
1747 1834 47 22 that
1808 1834 62 24 there

1277 1869 2 4 •
1287 1860 65 24 could
1364 1862 27 22 be
1404 1869 28 15 no
1449 1862 52 31 high
1514 1868 89 19 treason
1621 1865 23 23 in
1663 1865 38 23 the
1719 1874 59 22 case,
1797 1868 20 23 if
1832 1868 38 24 the

1286 1893 226 32 Attorney-General
1522 1896 42 24 had
1577 1897 56 24 been
1643 1898 90 31 obliged
1745 1905 23 18 to
1777 1901 93 24 address

1286 1928 38 22 the
1341 1928 58 30 Jury
1420 1928 33 24 for
1477 1930 52 23 nine
1549 1931 67 23 hours
1634 1932 44 23 and
1696 1940 14 15 a
1727 1933 55 24 half.
1819 1935 50 23 The

1286 1962 136 31 sanguinary
1442 1962 79 31 judge,
1544 1963 63 25 Lord
1637 1965 84 29 Eldon,-
1747 1968 121 29 pretended

1274 1994 59 27 ;that
1345 1995 21 22 if
1381 1995 27 23 he
1421 1995 42 23 had
1475 1997 109 29 procured
1604 1998 38 23 Ihe
1661 2000 172 24 condemnation
1848 2002 24 23 of

1286 2027 61 23 these
1368 2035 51 15 men
1441 2028 34 23 for
1496 2029 58 24 their
1571 2031 112 29 opinions,
1701 2032 48 24 Mr.
1765 2033 47 24 Pitt
1831 2034 37 24 did

1285 2065 39 18 not
1345 2061 78 23 intend
1441 2065 22 19 to
1483 2061 62 32 hang
1564 2063 37 23 the
1621 2064 69 24 whole
1712 2066 25 22 of
1755 2066 69 30 them,
1844 2075 24 16 or

1284 2094 96 30 perhaps
1399 2102 43 23 any
1454 2103 42 15 one
1515 2096 25 23 of
1557 2096 68 28 them,
1639 2097 85 32 though
1747 2099 27 23 he
1795 2101 72 23 would

1284 2130 113 27 transport
1409 2128 60 24 them
1482 2129 30 23 all
1524 2129 34 23 for
1569 2129 49 25 life.
1655 2131 75 24 There
1740 2140 38 16 are
1787 2138 23 19 at
1823 2134 44 23 this

1284 2164 99 19 moment
1395 2166 38 19 not
1450 2162 21 23 le
1484 2169 10 15 s
1508 2162 53 23 than
1581 2168 43 18 two
1637 2164 101 25 hundred
1752 2167 42 22 and
1816 2168 52 30 fifty

1282 2201 95 23 persons
1399 2196 23 22 in
1446 2196 61 23 cruel
1536 2197 158 30 confinement,
1717 2200 85 31 merely
1831 2201 36 23 for

1278 2228 105 30 •uttering
1411 2228 58 23 their
1498 2230 111 30 opinions.
1659 2232 69 24 Some
1752 2234 25 22 of
1804 2234 63 24 these

1284 2262 102 29 opinions
1403 2270 37 15 are
1451 2263 76 31 stupid
1540 2264 89 31 enough
1631 2277 32 4 —
1665 2265 75 24 others
1752 2275 37 15 are
1801 2269 65 23 suffi-

1284 2294 81 31 ciently
1378 2303 127 22 enoneous,
1516 2297 43 23 and
1572 2298 76 23 others
1658 2299 71 24 admit
1738 2300 25 23 of
1771 2309 30 15 an
1814 2310 53 23 easy

1279 2328 132 29 •refutation,
1430 2329 41 23 but
1490 2335 40 18 not
1550 2338 42 16 one
1613 2332 24 24 of
1659 2332 60 24 them
1741 2335 20 22 is
1784 2335 23 23 in
1829 2336 38 23 the

1279 2361 109 31 -slightest
1406 2362 80 31 degree
1499 2363 124 25 calculated
1642 2370 23 19 to
1685 2366 75 31 injure
1771 2369 93 31 society.

1284 2394 53 24 Had
1350 2395 75 23 Juries
1437 2397 63 23 acted
1512 2399 196 31 conscientiously,
1723 2408 25 15 or
1763 2401 53 23 with
1829 2403 37 22 the

1283 2428 105 30 slightest
1407 2429 80 31 degree
1509 2430 25 23 of
1552 2432 151 31 intelligence,
1725 2439 39 17 not
1783 2443 42 15 one
1844 2436 24 22 of

1273 2461 73 23 -these
1359 2463 133 30 opinionists
1502 2464 71 24 would
1586 2465 56 23 have
1656 2465 55 25 been
1725 2467 105 31 deprived
1844 2469 24 23 of

1270 2500 6 12 ■'
1283 2495 34 23 his
1329 2495 72 31 rights
1418 2496 43 23 and
1473 2497 107 25 liberties.
1618 2498 36 31 By
1667 2500 33 23 far
1712 2500 38 24 the
1766 2507 100 25 greatest

1282 2528 25 23 of
1323 2529 30 23 all
1376 2537 40 15 our
1435 2530 92 23 modern
1548 2531 167 32 philosophers,
1738 2542 126 22 reasoners,

1273 2578 4 4 •
1282 2563 42 22 and
1337 2563 97 23 satirists
1435 2575 33 4 —
1469 2563 37 23 the
1519 2564 58 31 truly
1590 2565 126 25 illustrious
1728 2566 104 26 Voltaire
1835 2582 31 4 —

1282 2603 59 22 says,
1355 2596 48 24 that
1415 2597 25 22 of
1451 2596 30 24 all
1500 2597 123 24 ridiculous
1642 2599 94 32 objects,
1750 2601 37 23 the
1807 2608 59 18 most

1281 2630 121 23 ridiculous
1430 2630 20 23 is
1474 2637 27 16 an
1526 2631 153 31 Englishman
1701 2634 24 23 in
1749 2643 13 14 a
1784 2635 79 25 dance.

1282 2662 75 24 These
1369 2671 57 16 were
1439 2663 36 23 old
1494 2665 96 28 notions,
1604 2666 45 24 and
1665 2674 32 16 we
1716 2667 81 24 should
1816 2677 47 23 say,

1282 2696 47 23 that
1343 2697 37 22 the
1392 2702 58 18 most
1468 2697 130 30 ridiculous,
1614 2700 45 23 and
1677 2702 132 23 sometimes
1827 2704 38 22 the

1282 2734 59 19 most
1353 2730 84 29 odious,
1451 2731 19 23 is
1482 2738 27 16 an
1523 2731 151 32 Englishman
1688 2735 22 22 in
1723 2742 13 15 a
1743 2735 57 31 Jury
1811 2736 52 24 box.

1282 2763 29 24 In
1324 2764 62 23 these
1398 2764 83 23 annual
1493 2768 195 22 commemorative
1701 2768 92 24 dinners
1806 2778 59 23 upon

1282 2797 72 23 which
1366 2805 31 16 we
1410 2805 37 16 are
1460 2799 95 30 writing,
1569 2807 33 17 we
1620 2808 68 16 never
1707 2809 38 16 see
1757 2810 44 23 any
1813 2811 52 16 man

1282 2831 48 22 that
1342 2839 95 23 pursues
1450 2831 37 23 the
1499 2839 105 23 progress
1617 2834 26 23 of
1658 2834 172 32 intellectuality
1844 2838 25 22 of

1280 2864 84 24 Juries.
1400 2864 51 24 The
1463 2865 107 30 speakers
1588 2867 86 31 merely
1689 2869 89 23 confine
1791 2871 73 22 them-

1281 2898 72 23 selves
1366 2904 22 17 to
1399 2906 15 23 p
1428 2898 73 31 aising
1513 2906 41 15 one
1562 2899 58 31 Jury
1630 2900 33 23 for
1676 2907 39 17 not
1723 2904 143 31 committing

1282 2933 76 22 twelve
1371 2931 101 24 murders
1485 2940 25 15 so
1523 2933 120 30 atrocious,
1661 2935 44 23 and
1718 2940 23 19 at
1754 2936 36 23 the
1803 2945 62 16 same

1281 2966 53 23 time
1347 2973 24 16 so
1383 2965 129 29 ridiculous,
1525 2966 46 23 that
1584 2968 18 22 it
1613 2968 19 22 is
1640 2967 82 24 almost
1735 2970 130 30 impossible

1281 3004 23 18 to
1316 2999 102 23 conceive
1430 3008 14 14 a
1461 2999 60 30 body
1533 3000 24 22 of
1566 3000 80 24 twelve
1667 3010 52 15 men
1731 3003 49 24 that
1799 3005 66 23 could

1282 3032 55 24 have
1357 3032 96 24 listened
1467 3038 21 17 to
1510 3033 37 23 the
1566 3034 87 31 project
1672 3035 35 23 for
1719 3044 43 15 one
1775 3037 50 23 half
1842 3039 26 22 of

1282 3067 76 23 twelve
1376 3067 106 23 minutes.
1519 3066 49 24 The
1589 3069 54 22 time
1663 3069 21 23 is
1703 3077 60 23 gone
1783 3070 30 32 by
1831 3072 34 23 for

1281 3101 100 31 praising
1390 3099 98 32 Juryism
1502 3107 59 24 upon
1572 3100 39 24 the
1620 3102 125 24 accidental
1757 3105 108 30 acquittal

1280 3134 27 24 of
1315 3135 105 22 innocent
1432 3141 58 20 men,
1504 3133 23 23 in
1539 3142 13 15 a
1564 3142 52 16 case
1634 3135 26 23 of
1677 3136 51 30 fifty
1740 3145 65 22 years
1818 3138 45 24 old.

1281 3167 52 24 One
1345 3166 103 29 swallow,
1458 3166 37 24 the
1505 3166 92 25 Roman
1609 3168 94 24 soldiers
1713 3170 55 23 used
1781 3175 22 19 to
1815 3179 48 24 say,

1280 3201 38 23 did
1331 3205 38 20 not
1381 3199 66 25 make
1465 3208 14 15 a
1499 3208 115 22 summer;
1634 3202 43 23 and
1689 3210 44 16 one
1745 3204 85 23 verdict
1842 3206 26 22 of

1280 3243 14 15 a
1317 3234 49 23 half
1386 3238 93 26 century
1502 3232 36 24 old
1561 3234 55 23 does
1637 3240 40 18 not
1698 3236 109 24 establish
1827 3238 37 23 the

1280 3269 76 30 purity
1376 3267 24 23 of
1421 3267 49 23 trial
1493 3266 31 30 by
1543 3266 66 32 Jury.
1645 3268 49 24 The
1714 3270 111 31 principle
1843 3272 21 22 is

1280 3302 110 23 excellent
1393 3312 28 5 —
1425 3300 36 23 the
1482 3301 75 31 purity
1569 3305 24 19 at
1609 3300 51 24 best
1672 3303 125 30 equivocal.
1808 3326 5 4 .
1833 3304 29 23 In

1279 3336 39 23 the
1338 3336 51 22 time
1408 3334 24 23 of
1451 3333 45 23 this
1514 3333 29 32 by
1563 3333 36 25 far
1618 3336 158 30 over-praised
1797 3337 65 31 Jury,

1279 3369 112 23 atrocities
1414 3375 57 15 were
1494 3367 131 24 committed
1653 3368 30 30 by
1707 3368 156 26 Government

1279 3403 82 23 almost
1371 3401 87 31 beyond
1469 3400 135 31 credibility.
1641 3401 36 23 No
1688 3402 73 23 man's
1769 3403 40 23 life
1817 3411 45 16 was

1279 3436 48 24 safe
1329 3448 31 4 —
1362 3442 40 17 nor
1420 3441 45 16 was
1485 3434 37 23 his
1540 3438 114 27 property.
1691 3435 49 24 Mr.
1754 3435 56 30 Pitt,
1825 3437 37 23 the

1279 3470 78 23 Prime
1386 3467 114 28 Minister,
1529 3474 45 16 was
1602 3467 113 32 indicting
1746 3468 37 24 his
1813 3478 48 15 own

1279 3504 128 22 associates.
1447 3500 44 24 His
1503 3500 111 31 perjuries
1627 3505 23 18 at
1661 3500 38 24 the
1714 3501 47 24 Old
1782 3502 80 33 Bailey

1279 3544 57 16 were
1348 3535 113 24 excessive
1474 3533 87 31 beyond
1582 3534 157 30 imagination,
1752 3535 43 24 and
1809 3537 49 31 they

1279 3578 57 16 were
1348 3568 49 25 well
1409 3567 99 31 exposed
1517 3577 5 19 ;
1542 3566 45 24 and
1601 3567 48 31 why
1658 3568 82 23 should
1752 3577 41 21 we,
1804 3570 58 24 after

1277 3611 14 15 a
1301 3603 63 31 lapse
1382 3601 24 24 of
1421 3610 14 14 a
1454 3601 163 30 half-century,
1637 3601 106 32 annually
1756 3603 74 30 praise
1848 3612 14 15 a

1277 3636 57 31 Jury
1346 3637 34 23 for
1392 3634 82 31 merely
1485 3641 29 16 an
1526 3633 149 24 unavoidable
1686 3635 104 25 verdict?
1810 3636 51 24 The

1277 3670 56 32 duty
1344 3670 25 23 of
1379 3669 36 23 the
1427 3676 64 23 press
1512 3667 19 23 is
1544 3672 22 18 to
1586 3667 86 24 elevate
1692 3667 39 25 the
1747 3668 115 32 degraded

1277 3704 115 24 character
1404 3701 24 24 of
1437 3700 84 30 Juries,
1533 3700 41 23 but
1587 3700 45 24 this
1644 3701 20 23 is
1675 3706 41 19 not
1728 3707 23 18 to
1762 3703 28 23 be
1802 3703 58 24 done

1317 3737 78 31 giving
1413 3733 81 25 annual
1516 3734 92 23 dinners
1619 3735 27 30 in,
1659 3737 201 24 commemoration

1276 3771 25 23 of
1310 3779 14 15 a
1335 3770 92 30 solitary
1439 3767 85 24 verdict
1533 3768 26 23 of
1568 3775 14 15 a
1594 3767 156 33 half-century
1761 3769 45 25 old.
1835 3770 31 27 A.

1275 3804 95 32 popular
1378 3801 108 34 principle
1497 3800 121 31 possessed
1630 3801 29 31 by
1667 3810 14 14 a
1688 3803 78 23 nation
1776 3803 88 33 always.

1265 3859 3 3 .
1275 3845 91 19 secures
1377 3838 29 22 its
1424 3834 84 24 benefit
1520 3841 24 16 or
1555 3834 32 23 its
1604 3834 61 24 ruin.
1701 3834 25 25 It
1741 3836 43 25 has
1802 3837 58 24 been

1274 3871 50 24 said
1346 3870 49 26 that
1416 3867 108 32 England
1536 3874 80 17 -never
1637 3867 67 25 could
1728 3869 27 23 be
1778 3871 85 24 ruined-

1273 3909 82 27 except
1366 3904 29 30 by
1412 3902 30 23 its
1463 3900 149 30 Parliament,
1623 3901 51 28 ,and
1693 3907 40 26 yet
1751 3902 114 34 England,

1273 3937 41 24 has
1326 3942 48 24 not,
1378 3935 52 25 iand
1440 3942 70 17 never
1521 3935 51 29 had,
1590 3942 14 16 a
1622 3935 149 26 Parliament.
1809 3938 50 25 The

1273 3970 185 33 representation,
1471 3977 26 16 as
1517 3969 17 23 it
1545 3968 21 24 is
1585 3968 81 30 called,
1678 3968 21 25 is
1715 3977 16 16 a
1748 3971 110 32 complete

1941 559 43 24 We
1995 559 58 23 have
2065 564 38 19 not
2114 560 45 23 had
2171 569 28 15 an
2209 563 146 30 opportunity
2373 564 26 22 of
2415 564 75 23 notic-

1908 593 39 30 ing
1959 592 37 24 the
2009 592 97 31 subject,
2117 601 25 15 so
2154 593 52 31 ably
2218 595 97 23 touched
2333 604 59 22 upon
2407 597 30 30 by
2450 605 41 16 our

1907 630 170 27 contemporary
2096 627 23 22 in
2139 626 35 24 his
2193 632 43 18 two
2256 628 44 23 last
2321 629 115 29 numbers,
2454 638 37 15 re-

1907 660 102 30 specting
2032 659 38 23 the
2093 667 64 22 gross
2178 660 96 31 ueglect,
2298 668 25 16 or
2347 661 83 30 rather,
2458 670 33 17 we

1908 692 71 29 might
1990 700 48 23 say,
2058 692 37 23 the
2112 698 108 25 apparent
2239 694 163 30 premeditated
2420 697 70 23 inter-

1907 726 88 30 ruption
2020 731 21 17 to
2061 725 37 23 the
2119 733 78 16 course
2217 727 26 23 of
2254 727 91 30 justice,
2366 729 74 23 which
2453 729 37 24 the

1906 764 91 24 present
2009 759 154 23 Government
2176 759 56 24 have
2245 760 57 23 been
2313 761 74 31 guilty
2406 762 31 29 of,
2461 762 29 31 by

1906 792 102 31 refusing
2027 797 21 18 to
2066 800 44 23 pay
2130 792 38 24 the
2187 800 122 24 necessary
2327 802 113 23 expences
2467 797 24 22 of

1905 826 102 22 criminal
2021 826 161 30 prosecutions.
2220 825 42 24 We
2274 826 80 25 should
2364 827 57 24 have
2434 828 56 24 been

1905 858 103 31 disposed
2021 863 21 19 to
2054 858 55 24 have
2120 859 41 23 left
2173 859 37 24 the
2223 859 88 32 subject
2323 860 83 32 wholly
2416 862 25 22 in
2453 861 35 25 his

1905 891 79 29 hands,
1995 899 25 16 as
2031 891 34 24 his
2078 893 84 30 practic
2170 892 15 24 J
2196 894 135 30 experience
2343 894 25 23 of
2383 895 39 23 the
2434 902 54 16 con-

1905 932 111 23 sequence
2027 926 25 22 of
2067 926 54 22 such
2135 926 104 28 conduct,
2252 932 28 17 on
2295 927 36 23 the
2343 932 51 25 part
2411 928 26 23 of
2453 928 35 24 his

1905 959 133 30 employers,
2050 959 71 22 would
2134 959 79 23 enable
2225 959 47 24 him
2292 964 22 19 to
2333 960 75 31 depict
2426 969 62 16 more

1905 991 101 30 forcibly,
2021 992 37 22 the
2076 992 120 23 inevitable
2215 999 174 24 consequences,
2415 993 73 25 which

1904 1029 61 18 must
1984 1025 72 22 result
2075 1029 22 18 to
2116 1032 45 23 any
2183 1026 138 30 community
2342 1034 26 15 so
2391 1028 97 23 circum-

1904 1057 100 24 stanced.
2058 1057 50 24 The
2119 1063 96 18 account
2227 1059 26 22 of
2267 1059 39 23 the
2317 1066 81 25 escape
2411 1061 25 23 of
2452 1061 36 24 six

1904 1091 100 22 convicts
2016 1091 56 23 from
2085 1091 38 23 the
2135 1091 83 31 Raupo
2232 1092 66 28 Gaol,
2311 1093 20 22 is
2342 1093 38 23 the
2398 1095 89 23 natural

1905 1124 70 23 result
1987 1124 25 23 of
2027 1124 54 23 such
2095 1124 128 31 parsimony
2232 1134 7 19 ;
2253 1125 80 29 which,
2347 1134 24 15 as
2384 1134 33 16 we
2430 1127 58 25 shall

1903 1157 61 23 shew
1974 1158 21 22 in
2009 1165 40 15 our
2061 1163 54 17 next
2126 1158 104 28 number,
2249 1159 89 23 verifies
2358 1159 38 24 the
2414 1160 72 30 adage

1904 1191 25 22 of
1973 1198 74 23 penny
2064 1191 52 23 wise
2135 1191 43 23 and
2196 1192 76 31 pound
2446 1193 42 25 We

1904 1223 55 24 have
1983 1223 69 24 taken
2075 1224 36 23 the
2131 1230 94 17 account
2246 1225 24 23 of
2287 1225 44 23 this
2351 1226 137 31 disgraceful

1903 1257 63 23 affair
1987 1257 58 23 from
2066 1265 40 15 our
2129 1263 179 26 contemporary,
2338 1260 55 22 with
2422 1268 62 16 some

1905 1290 84 30 trifling
2009 1290 118 29 additions,
2149 1291 73 22 which
2245 1300 51 22 may
2316 1297 38 18 not
2371 1293 29 23 be
2418 1294 69 23 unin-

1903 1324 110 30 teresting
2026 1329 22 18 to
2058 1331 40 16 our
2110 1324 89 24 readers
2210 1333 6 19 ;
2230 1326 44 22 and
2283 1326 72 23 which
2366 1326 56 24 have
2430 1326 56 25 been

1903 1357 116 23 furnished
2048 1361 22 19 to
2089 1365 26 15 us
2138 1357 30 31 by
2193 1357 47 25 Mr.
2261 1358 84 30 White,
2368 1360 45 23 and
2436 1360 48 25 Mr.

1903 1390 103 30 Guyton,
2029 1390 56 30 who,
2109 1391 54 23 with
2185 1392 87 23 several
2293 1392 130 31 gentlemen
2443 1394 43 24 and

1902 1424 151 29 magistrates,
2065 1424 43 23 lost
2120 1432 30 15 no
2169 1424 54 23 time
2243 1425 23 23 in
2284 1425 93 32 lending
2396 1433 90 25 prompt

1902 1457 138 24 endeavours
2062 1462 21 19 to
2109 1457 107 24 frustrate
2246 1458 38 24 the
2313 1458 53 31 plan
2396 1460 24 23 of
2448 1460 37 25 the

1902 1491 109 23 convicts.

1935 1528 38 24 On
1993 1529 142 31 Wednesday
2147 1529 124 30 afternoon,
2291 1538 14 16 a
2322 1531 162 26 circumstance

1901 1562 107 24 occurred
2021 1562 72 23 which
2110 1562 41 23 has
2164 1562 85 25 thrown
2263 1564 37 23 the
2315 1568 59 20 town
2387 1566 24 22 of
2422 1566 61 24 Wel-

1900 1595 88 30 lington
2001 1596 46 23 into
2060 1595 36 25 the
2114 1601 99 26 greatest
2225 1598 143 23 excitement.
2406 1599 24 23 It
2444 1608 39 23 ap-

1900 1636 66 23 pears
1978 1628 49 24 that
2038 1629 67 24 about
2117 1630 51 23 four
2179 1630 87 24 o'clock
2282 1631 46 23 Mr.
2345 1631 82 32 Floyd,
2447 1634 37 23 the

1900 1662 76 30 gaoler
1989 1663 25 23 of
2023 1663 44 23 this
2080 1668 67 23 town,
2166 1663 83 31 having
2260 1663 40 25 left
2312 1664 38 24 the
2365 1666 54 29 gaol
2431 1667 53 24 with

1900 1700 43 18 two
1955 1696 122 32 prisoners,
2091 1696 32 23 for
2136 1696 37 23 the
2185 1705 95 23 purpose
2292 1698 26 23 of
2325 1699 90 30 getting
2427 1700 57 24 their

1900 1729 61 23 irons
1973 1729 92 30 altered,
2084 1737 61 16 some
2166 1736 99 18 convicts
2279 1731 48 23 who
2339 1739 58 16 were
2416 1733 70 24 about

1900 1766 22 20 to
1935 1762 27 24 be
1973 1762 104 25 removed
2088 1771 26 16 on
2128 1764 68 23 board
2209 1763 38 24 the
2257 1764 157 25 Government
2426 1766 57 32 brig,

1899 1795 70 25 broke
1988 1804 56 23 open
2063 1804 13 16 a
2089 1797 63 23 chest
2169 1798 131 30 containing
2317 1799 105 24 muskets
2441 1801 43 25 and

1900 1828 62 25 other
1975 1837 111 24 weapons,
2103 1830 54 23 with
2170 1830 73 23 which
2255 1830 54 32 they
2321 1832 76 23 armed
2410 1833 73 24 them-

1899 1862 80 29 selves,
2000 1863 52 31 they
2070 1863 68 23 drove
2156 1863 38 23 the
2213 1864 126 24 constables
2356 1865 45 24 and
2420 1867 64 24 other

1899 1896 113 30 prisoners
2030 1898 47 22 into
2093 1896 38 24 the
2151 1896 62 30 cells,
2237 1897 73 24 where
2330 1898 54 31 they
2403 1900 80 24 locked

1899 1929 59 24 them
1980 1938 37 23 up.
2063 1929 94 32 Having
2176 1930 59 24 done
2253 1931 53 29 this,
2331 1932 54 30 they
2404 1933 76 25 forced

1898 1970 56 23 open
1968 1962 37 25 the
2023 1968 52 26 gate
2087 1964 24 23 of
2130 1964 38 23 the
2184 1964 86 31 prison,
2291 1973 25 15 as
2335 1965 53 31 they
2399 1968 84 24 rushed

1898 1995 97 30 through
2007 1997 25 26 it,
2052 1997 116 30 knocking
2178 1997 68 23 down
2261 1997 46 24 Mr.
2327 1998 153 32 Macdonogh,

1898 2029 37 22 the
1957 2029 70 23 Chief
2043 2029 77 24 Police
2139 2030 143 30 Magistrate,
2295 2030 49 24 who
2361 2030 45 25 had
2420 2039 61 17 come

1898 2062 62 23 down
1973 2062 56 24 from
2039 2062 37 24 the
2086 2063 150 30 police-office
2247 2063 124 32 adjoining,
2382 2065 99 26 alarmed

1897 2095 29 31 by
1939 2096 37 22 the
1989 2102 78 25 outcry
2079 2096 73 23 raised
2171 2096 30 31 by
2213 2096 38 23 the
2272 2097 138 31 imprisoned
2428 2107 53 15 con-

1897 2128 92 24 stables.
2025 2129 75 24 Thfre
2111 2129 69 31 being
2198 2130 95 31 nothing
2307 2135 22 19 to
2342 2138 73 17 arrest
2423 2133 58 24 their

1895 2161 74 31 flight,
1992 2162 51 31 they
2056 2171 47 20 ran,
2122 2162 87 32 though
2227 2164 24 23 in
2269 2165 69 28 irons,
2357 2169 24 19 to
2399 2174 13 15 a
2430 2166 53 24 boat

1897 2195 72 23 which
1982 2204 44 15 was
2044 2196 63 31 lying
2118 2204 60 23 upon
2190 2197 39 23 the
2241 2197 70 23 beach
2328 2199 153 32 immediately

1896 2229 101 31 opposite
2009 2230 37 23 the
2058 2230 58 30 goal,
2129 2230 44 23 and
2185 2230 23 23 in
2220 2239 14 14 a
2246 2230 41 24 few
2300 2237 111 19 moments
2423 2241 64 17 were,

1896 2262 88 31 pulling
2002 2268 42 18 two
2056 2270 49 16 oars
2118 2263 53 23 with
2190 2263 39 23 the
2241 2271 83 25 energy
2336 2265 73 24 which
2429 2275 51 23 may

1896 2296 26 22 be
1935 2296 112 31 supposed
2055 2301 22 18 to
2089 2302 87 18 actuate
2189 2305 60 21 men,
2261 2298 51 23 four
2319 2298 25 24 of
2354 2298 73 25 whom
2437 2300 44 24 had

1896 2328 37 24 the
1953 2330 105 30 previous
2075 2331 94 30 evening
2189 2331 56 23 been
2263 2332 122 24 sentenced
2401 2338 22 18 to
2444 2339 37 18 ten.

1895 2363 71 29 years'
1978 2364 183 30 transportation.
2187 2363 48 25 Mr.
2246 2364 152 33 Macdonogh,
2410 2366 22 23 in
2443 2366 37 24 the

1896 2397 126 28 meantime,
2036 2396 43 24 had
2087 2405 41 15 run
2141 2397 67 31 along
2218 2397 37 24 the
2263 2398 79 29 beach,
2354 2400 80 30 giving
2443 2399 36 25 the

1895 2430 69 23 alarm
1977 2438 24 15 as
2014 2430 27 23 he
2053 2430 130 32 proceeded,
2203 2432 45 23 and
2259 2432 64 23 stood
2335 2433 22 22 in
2371 2440 110 25 company

1895 2462 52 24 with
1966 2463 96 31 Captain
2081 2464 122 29 Richards,
2223 2465 24 23 of
2263 2465 38 23 the
2323 2466 157 25 Government

1895 2496 57 31 brig,
1975 2497 72 24 where
2069 2497 134 24 Clarkson's
2222 2499 52 23 boat
2293 2499 49 24 lies.
2387 2499 30 24 Iv
2437 2506 42 18 two

1895 2531 97 22 minutes
2011 2539 13 15 a
2041 2530 57 32 good
2119 2531 73 24 boat's
2210 2539 57 16 crew
2285 2540 57 16 were
2364 2541 61 23 upon
2443 2534 38 24 the

1894 2568 58 26 spot,
1971 2564 40 23 but
2030 2564 73 30 owing
2121 2570 22 17 to
2161 2573 62 15 some
2242 2566 72 31 delay,
2336 2566 38 23 the
2393 2567 53 24 boat
2456 2569 25 23 in

1894 2596 72 24 which
1994 2604 45 16 was
2069 2597 47 24 Mr.
2142 2597 145 33 Macdonagh
2315 2599 45 24 and
2383 2600 98 32 Captain

1896 2629 119 31 Richards,
2029 2630 37 23 did
2078 2635 39 18 not
2127 2636 56 18 start
2192 2632 59 23 until
2265 2632 37 24 the
2309 2634 102 23 convicts
2423 2642 58 17 were

1893 2671 14 15 a
1919 2664 52 24 mile
1992 2664 43 23 and
2054 2672 13 15 a
2078 2664 51 24 half
2137 2664 57 24 from
2212 2665 38 23 the
2271 2665 74 29 shore,
2363 2667 45 23 and
2427 2668 53 24 then

1895 2697 52 23 with
1959 2697 55 24 such
2027 2706 13 15 a
2052 2698 40 23 bad
2105 2705 65 21 crew,
2183 2698 49 24 that
2244 2699 56 24 after
2312 2707 14 16 a
2334 2700 43 23 few
2385 2700 61 32 pulls
2456 2702 25 24 in

1895 2730 36 24 the
1944 2730 109 24 direction
2065 2732 24 22 of
2099 2731 37 23 the
2156 2732 107 31 pursued,
2282 2733 54 31 they
2347 2734 83 24 turned
2446 2740 34 19 to-

1895 2764 71 23 wards
1980 2764 36 24 the
2029 2764 155 24 Government
2196 2766 59 30 brig.
2295 2766 29 23 In
2333 2771 38 19 ten
2382 2768 99 24 minutes

1895 2797 57 24 from
1964 2798 37 23 the
2015 2799 53 22 time
2079 2798 65 24 when
2162 2798 39 24 the
2218 2800 99 23 convicts
2329 2801 95 29 started,
2443 2802 38 23 the

1895 2831 185 29 Sheriffarrivevl,
2089 2832 44 23 and
2142 2832 85 32 having
2232 2833 95 32 jumped
2338 2834 47 24 iuto
2396 2843 13 15 a
2420 2836 59 28 boat,

1895 2864 73 24 which
1981 2872 44 16 was
2037 2865 48 23 well
2104 2866 105 27 manned,
2224 2874 44 16 was
2287 2868 23 22 in
2324 2868 42 23 five
2382 2869 99 24 minutes

1895 2898 20 23 in
1929 2898 60 23 close
2001 2899 87 31 pursuit
2099 2907 6 20 ;
2126 2899 40 24 but
2185 2900 38 23 the
2243 2900 98 31 pursned
2354 2909 58 16 were
2431 2910 50 16 now

1895 2931 48 23 half
1954 2940 46 23 way
2013 2938 75 18 across
2109 2932 37 24 the
2168 2933 57 30 Bay,
2246 2933 45 24 and
2311 2935 59 23 their
2391 2943 88 24 escape,

1895 2965 71 23 which
1975 2970 22 19 at
2004 2966 49 23 first
2060 2966 110 32 appeared
2180 2967 139 31 impossible,
2329 2975 51 16 now
2389 2970 91 23 seemed

1894 3006 53 23 very
1955 2999 114 31 probable.
2100 2999 29 23 In
2139 3008 13 14 a
2160 3000 41 23 few
2211 3001 96 23 minutes
2318 3002 53 31 they
2379 3002 101 25 rounded

1894 3032 37 23 the
1950 3033 63 30 point
2028 3032 49 32 just
2095 3041 26 15 as
2139 3041 13 15 a
2168 3033 55 24 boat
2232 3034 60 24 from
2310 3035 38 23 the
2367 3036 51 31 brig
2436 3036 45 24 had

1889 3065 79 32 joined
1978 3067 22 22 in
2012 3067 38 23 the
2063 3066 73 25 chase.
2173 3067 52 24 The
2236 3067 64 25 boats
2314 3076 58 16 were
2379 3070 101 24 watched

1894 3098 52 24 with
1966 3100 153 23 considerable
2137 3100 102 30 interest,
2263 3102 44 23 and
2327 3107 41 19 not
2387 3103 95 24 without

1893 3140 63 16 some
1969 3133 172 32 apprehension,
2154 3134 55 24 both
2222 3135 83 31 parties
2316 3136 86 31 having
2410 3145 69 16 arms.

1895 3165 102 32 Nothing
2008 3174 61 15 more
2079 3174 45 16 was
2137 3167 69 23 heard
2216 3168 24 23 of
2250 3168 60 23 them
2321 3169 59 22 until
2389 3170 90 24 Thurs-

1893 3198 42 31 day
1946 3201 112 29 morning,
2076 3199 65 24 when
2153 3200 38 23 the
2209 3200 72 31 brig's
2293 3201 53 23 boat
2364 3203 115 30 returned,

1893 3232 43 23 and
1948 3233 111 31 reported,
2072 3232 49 23 that
2133 3233 57 23 after
2202 3233 114 31 following
2328 3234 38 24 the
2379 3237 100 23 convicts

1891 3264 35 24 for
1938 3273 61 16 some
2011 3265 77 29 hours,
2101 3265 82 31 during
2195 3266 72 24 which
2281 3267 52 32 they
2346 3267 56 32 kept
2411 3269 69 25 about

1893 3298 61 23 three
1968 3299 63 23 miles
2043 3298 79 29 ahe.'d,
2135 3299 23 22 in
2171 3300 38 23 the
2222 3300 109 24 direction
2343 3302 25 23 of
2382 3302 98 26 Palliser

1893 3331 56 31 Bay,
1969 3332 38 23 the
2024 3332 90 31 pursuit
2132 3331 45 24 had
2189 3333 57 23 been
2263 3334 68 31 given
2350 3343 31 23 up
2400 3341 23 18 to
2441 3337 38 24 the

1893 3364 90 29 Sheriff,
2004 3365 49 23 who
2073 3365 44 24 had
2134 3366 93 30 pressed
2244 3375 14 15 a
2276 3367 111 25 schooner
2406 3370 74 25 which

1892 3405 44 15 was
1955 3398 103 31 entering
2077 3398 39 24 the
2135 3399 104 29 harbour,
2260 3401 47 24 into
2327 3402 38 24 his
2383 3404 94 24 service.

1891 3431 51 24 The
1964 3431 155 24 Government
2139 3432 51 32 brig
2213 3434 42 23 left
2274 3435 38 24 the
2331 3436 101 25 harbour
2450 3446 29 16 on

1891 3464 122 31 Thursday
2025 3466 111 31 morning,
2149 3466 35 24 for
2204 3467 37 23 the
2253 3476 98 24 purpose
2364 3471 25 22 of
2398 3471 79 24 assist-

1890 3498 39 30 ing
1941 3497 25 24 of
1976 3498 37 23 the
2025 3499 92 24 Sheriff.
2153 3500 52 24 The
2215 3502 100 24 convicts
2325 3503 50 23 who
2383 3504 95 31 escaped

1891 3531 56 23 from
1960 3532 37 22 the
2009 3532 51 30 gaol
2072 3540 57 16 were
2138 3533 44 29 six,
2196 3534 87 32 though
2295 3537 19 22 it
2324 3537 21 22 is
2357 3537 49 23 said
2415 3538 61 30 eight

1891 3572 55 15 were
1959 3565 22 23 in
1992 3565 38 24 the
2037 3565 53 24 boat
2098 3575 6 19 ;
2119 3566 38 25 the
2166 3572 42 19 two
2217 3568 97 25 Clarkes
2323 3571 121 24 sentenced
2455 3576 21 19 to

1889 3605 67 16 seven
1966 3598 71 31 years'
2047 3603 185 28 transportation,
2242 3603 45 23 and
2294 3603 37 24 the
2340 3608 43 19 two
2394 3604 81 30 Roots,

1889 3631 110 29 Mullens,
2013 3632 43 24 and
2067 3632 105 34 Rowley.

1922 3669 25 24 It
1958 3678 94 23 appears
2069 3673 173 33 extraordinary
2252 3674 50 25 that
2319 3676 37 23 six
2368 3677 107 29 convicts,

1889 3702 89 33 heavily
1990 3704 84 30 ironed,
2093 3706 83 24 should
2194 3707 29 25 be
2235 3708 50 24 able
2303 3709 23 23 in
2340 3709 70 24 broad
2422 3710 54 32 day-

1889 3735 64 32 light,
1966 3742 23 18 to
2001 3746 80 24 escape
2098 3740 24 23 in
2141 3748 15 15 a
2168 3741 52 24 boat
2232 3741 53 24 with
2303 3742 42 24 but
2356 3748 45 19 two
2418 3751 58 21 oars,

1888 3770 45 23 and
1944 3770 49 24 that
2005 3776 44 24 too,
2061 3772 66 24 when
2139 3773 38 25 the
2191 3774 78 25 Police
2281 3775 139 32 Magistrate
2432 3777 43 24 and

1889 3803 37 23 the
1938 3803 97 32 Captain
2049 3805 25 24 of
2088 3806 39 24 the
2139 3807 52 32 brig
2202 3816 58 16 were
2273 3816 62 24 upon
2346 3809 39 24 the
2397 3810 77 30 beach,

1888 3836 74 24 where
1973 3838 59 30 good
2039 3838 65 24 boats
2112 3841 45 23 and
2165 3841 60 31 good
2234 3849 104 17 oarsmen
2349 3850 38 17 are
2394 3851 80 16 nume-

1888 3877 60 22 rous,
1961 3878 24 16 as
1998 3871 53 32 they
2061 3873 89 31 pushed
2162 3874 57 24 from
2239 3874 37 24 the
2288 3875 74 31 shore,
2382 3877 44 23 and
2437 3876 37 24 the

1888 3903 88 25 Sheriff
1984 3912 13 15 a
2008 3905 43 23 few
2067 3907 100 24 minutes
2184 3907 66 25 later.
2286 3908 52 25 The
2350 3909 62 25 chief
2421 3918 53 16 con-

1887 3937 72 24 stable
1971 3937 80 32 Sayer,
2063 3939 54 24 with
2126 3940 37 24 his
2173 3940 66 25 usual
2247 3941 123 33 judgment
2381 3943 45 24 and
2434 3942 38 25 de-

1887 3971 79 28 cision,
1985 3971 85 28 having
2086 3974 78 24 armed
2182 3974 95 25 himself
2289 3975 56 24 with
2356 3984 15 15 a
2390 3975 83 24 cutlass
2492 3991 2 4 •

580 34 100 52 Cfo
703 35 118 52 ygto
847 37 208 41 ZtaUmb
1080 39 195 42 <&anm
1296 43 91 41 ant)
1413 44 300 47 mitUlnqton
1738 43 167 51 £pma
1907 50 87 37 tot.

79 117 5 6 '
129 108 31 43 '^
193 113 31 16 r'
239 127 5 10 ;
257 120 77 21 Land
348 119 42 22 for
405 121 69 21 Sale.
510 111 5 24 '■
531 128 2 5 •
551 111 4 3 '
585 111 20 27 <?

78 152 103 48 TOKbe
189 153 58 30 Sold,
255 153 37 21 the
300 152 112 29 following
419 154 143 28 preliminary
567 155 95 22 sections

134 178 5 25 \
152 181 25 20 of
188 180 97 25 Country
295 179 65 22 Land
370 180 49 27 viz.,
433 181 42 22 No.
486 183 20 24 8,
525 183 31 24 11,
568 182 44 21 and
624 183 35 26 29,

74 204 24 22 itl
109 205 38 23 the
158 206 82 22 Ohariu
251 205 92 27 district,
353 206 78 28 No-95,
440 211 31 18 on'
477 207 37 22 the
525 208 134 26 Manawatu,

76 231 46 22 and
137 236 42 18 two
195 231 106 27 Sections,
321 233 100 27 recently
438 233 81 23 chosen
535 235 23 21 in
577 235 84 27 Lyall's

75 257 55 28 Bay,
143 258 50 22 with
204 258 56 21 their
266 260 171 27 corresponding
449 260 68 22 Town
530 261 77 26 Acres,
617 260 42 23 viz.

71 294 29 5 —
101 285 54 21 Nos.
167 285 33 26 85,
211 286 33 25 84,
256 285 47 26 747,
314 287 47 26 261,
375 287 47 25 510,
440 287 45 21 and
502 288 59 26 1036,
584 288 46 21 also
647 295 13 13 a

73 311 51 21 well
143 311 94 22 selected
258 313 90 21 Section
368 316 23 18 at
412 312 129 28 Wanganui,
562 313 44 23 No.
623 314 36 26 50,

73 338 97 27 opposite
181 338 36 22 the
228 338 76 27 Town,
316 346 30 15 on
357 339 43 28 Np.
410 341 13 20 2
433 339 52 23 line.

100 369 57 22 N.B.
173 370 90 21 Several
283 371 64 22 other
365 372 96 26 Cotmtry
482 371 106 27 Sections,
612 371 46 22 and

71 395 70 23 Town
154 397 70 22 Acres
233 400 21 19 to
261 397 31 23 be
303 398 59 23 Let..
382 397 52 22 -For
450 397 131 27 particulars
590 398 69 28 apply

72 425 23 18 to

423 451 29 22 A.
468 451 87 22 Perry,
566 458 25 15 or
600 454 23 19 to

426 477 27 22 R.
468 477 28 22 R.
513 478 99 21 Strano.

99 502 64 28 April
173 504 32 25 21,
216 503 58 21 1843.

253 547 76 21 Store
344 547 42 22 for
402 548 69 21 Sale.

71 580 67 49 TO
153 579 38 23 BE
205 580 87 27 SOLD,
308 580 63 22 those
385 581 105 27 premises
501 589 28 15 on
544 582 112 22 Lambton

127 624 2 4 .
145 607 71 27 Quay,
233 612 54 16 next
303 608 43 21 Mr.
364 607 109 23 Rowland
490 609 78 25 Duvis,
589 610 67 26 lately

69 633 106 27 occupied
187 635 27 25 by
225 634 28 21 A.
268 633 74 28 Perry,
356 635 158 27 commanding
530 643 42 14 one
583 636 26 20 of
618 636 36 21 the

70 659 49 22 best
127 661 115 21 situations
251 661 22 20 in
292 661 134 26 Wellington
438 662 32 21 for
485 661 71 22 either
565 670 13 14 a
593 663 64 22 retail

70 694 24 14 or
104 686 116 22 wholesale
231 687 106 27 business,
347 688 84 26 having.
438 689 108 21 siUicietu
557 696 64 21 space
631 689 23 21 in

68 713 60 22 front
138 715 24 20 of
169 713 37 22 the
215 718 89 23 present
313 714 105 27 premises
428 715 34 21 for
473 715 36 22 the
524 717 98 21 erection
635 717 24 20 of

69 747 12 14 a
90 741 61 26 large
163 741 105 27 building,
279 741 52 21 with
339 749 13 13 a
362 746 61 17 court
432 741 88 23 behind.
549 743 73 27 Apply
631 746 23 18 to

416 776 28 22 A.
461 776 86 27 Perry,
564 784 24 13 or
603 779 23 19 to

416 802 28 22 11.
461 802 26 22 R.
504 805 98 20 Strano.

97 827 61 28 April
169 829 33 25 21,
214 829 59 22 1843.

68 874 89 49 FOR
172 874 83 27 SALE,
272 881 28 15 ex
312 876 119 26 Margaret,
442 875 49 26 Bic,

141 902 26 20 25
182 902 78 21 tierces
271 902 58 26 beef,

94 929 14 20 3
123 931 50 18 tons
183 927 94 22 colonial
287 927 52 29 hay,

95 956 14 20 3
123 957 50 19 tons
183 955 59 21 Siam
253 962 72 19 sugar,

93 983 29 20 SO
136 981 81 22 barrels
228 982 82 22 bottled
322 982 42 25 ale,

92 1009 30 21 50
136 1009 66 21 boxes
214 1012 41 23 tea,

93 1036 29 21 50
135 1035 40 22 ash
185 1043 55 18 oars,

94 1064 28 20 30
135 1066 48 18 tons
193 1063 66 26 coals,

94 1089 59 26 Port,
165 1089 84 27 sherry,
259 1089 46 23 and
317 1089 104 23 Madeira
435 1090 24 22 in
467 1089 78 28 bottle,
557 1089 96 23 Ruther-

64 1115 52 22 ford
125 1115 45 22 and
180 1115 96 28 Drury's
288 1117 76 26 brand,

92 1143 101 28 Liquers,
204 1143 23 21 in
238 1143 72 22 dozen
321 1151 68 20 cases,

92 1169 149 28 Champagne,

94 1197 97 26 Brandy,
202 1203 56 20 rum,
270 1197 45 21 and
324 1197 38 27 gin
372 1197 24 21 in
406 1197 73 28 hlids.,

91 1225 28 20 30
134 1228 49 17 tons
195 1224 45 21 best
251 1225 89 26 Sydney
351 1224 64 26 flour,

91 1251 29 21 50
134 1253 48 19 tons
193 1249 85 23 Chilian
289 1251 63 26 flour,
364 1258 28 15 ex
405 1251 105 26 Cheerful.

380 1286 83 22 Waitt
477 1286 46 22 and
538 1286 85 23 Tyseii.
