2559 3999
1226 12 100 45 THFJ

65 86 473 130 NEW
639 69 872 147 ZEALAND
1622 86 856 135 GAZETTE

1228 246 100 31 AND

59 517 63 31 No.
145 515 66 40 39.]

2335 518 98 40 [Vol.
2456 520 27 30 I.

579 512 133 31 PORT
734 512 287 39 NICHOLSON,
1044 512 264 33 SATURDAY
1310 484 258 68 &ORNING,
1590 516 229 32 JANUARY
1841 519 30 33 9,
1895 518 90 29 1841.

676 1439 93 35 rpHE
785 1439 115 23 Directors
917 1439 26 22 of
957 1439 40 23 the
1014 1439 56 23 New
1085 1439 103 23 Zealand
1201 1439 67 23 Land

682 1467 30 21 JL
752 1466 115 28 Company
882 1466 86 29 hereby
983 1467 51 27 give
1051 1467 81 26 notice,
1150 1467 49 22 that
1213 1467 55 28 they

674 1491 59 23 have
740 1500 113 16 effected
863 1501 31 14 an
905 1501 172 15 arrangement
1084 1494 54 22 with
1145 1494 37 22 the
1190 1493 76 23 Union

674 1519 67 22 Bank
755 1520 26 22 of
796 1520 121 27 Australia,
934 1521 46 21 No.
996 1522 34 25 38,
1046 1521 44 21 Old
1105 1521 161 26 Broad-street,

675 1545 103 29 London,
789 1547 36 21 for
834 1547 36 22 the
884 1547 169 22 establishment
1066 1548 27 21 of
1105 1555 15 14 a
1136 1547 131 23 BRANCH

674 1573 91 23 BANK
778 1573 36 23 IN
829 1573 72 23 NEW
916 1574 158 27 ZEALAND,
1087 1574 98 27 through
1194 1574 73 22 which

674 1599 38 23 the
721 1600 104 22 business
838 1601 25 21 of
876 1600 39 22 the
931 1601 59 21 New
1006 1601 100 22 Zealand
1120 1601 65 22 Land
1201 1601 67 22 Com-

673 1634 62 20 pany
743 1627 46 22 will
798 1628 29 21 be
835 1627 136 23 transacted.
999 1627 49 22 The
1062 1627 115 23 Directors
1192 1627 75 23 there-

673 1653 48 23 fore
732 1654 145 22 recommend
886 1658 23 18 to
926 1654 111 22 Colonists
1053 1654 38 22 the
1110 1655 75 22 Union
1202 1655 65 22 Bank

674 1680 26 22 oi
718 1681 116 22 Australia
851 1688 24 15 as
893 1688 29 16 an
949 1681 170 23 establishment
1140 1681 127 28 possessing

674 1707 59 22 their
749 1708 71 22 entire
843 1708 138 27 confidence,
1001 1708 45 22 and
1065 1708 50 23 able
1133 1711 22 19 to
1174 1709 93 26 provide

674 1734 127 28 effectually
816 1735 35 22 for
867 1735 38 22 the
919 1735 107 22 financial
1041 1738 71 20 wants
1128 1735 26 22 of
1165 1735 37 22 the
1218 1735 51 23 first

674 1761 136 23 settlement.

844 1789 35 27 By
889 1789 65 22 order
964 1789 27 21 of
1001 1789 37 21 the
1048 1789 80 28 Board,

921 1815 35 23 JO
962 1815 44 23 PIN
1021 1815 104 28 WARD,
1142 1817 124 27 Secretary.

674 1843 57 21 New
740 1842 101 23 Zealand
851 1843 64 21 Land
925 1843 136 28 Company's
1071 1843 77 28 Office,

701 1871 20 25 1,
733 1870 159 27 Adam-street,
905 1869 104 28 Adelphi,
1020 1870 54 21 27th
1082 1870 69 27 Aug.,
1162 1872 62 21 1839.

1287 596 100 33 .rfIHE
1401 608 228 22 UNDERSIGNED
1643 609 64 21 takes
1723 608 45 22 this
1781 611 104 25 opportu-

1356 635 50 26 nity
1416 637 23 19 to
1446 637 77 19 return
1531 634 82 22 thanks
1620 635 34 22 for
1660 635 39 22 the
1706 635 81 22 liberal
1794 639 92 24 support

1441 661 64 22 while
1513 661 24 21 in
1543 661 101 23 business
1651 669 62 20 upon
1721 662 38 22 the
1767 662 65 27 Hutt,
1841 661 44 23 and

1357 691 25 19 to
1390 688 84 22 inform
1481 688 35 22 his
1523 688 85 22 friends
1615 688 44 22 and
1665 688 39 22 the
1709 689 83 27 public,
1803 689 48 22 that
1857 688 27 24 he

1286 710 49 28 'Bits
1342 721 54 15 .now
1406 714 132 28 openedhis
1547 722 50 14 new
1608 718 57 19 store
1684 723 62 20 upon
1763 715 121 23 Thorndon

1296 740 56 28 Flat,
1364 741 75 22 where
1448 742 28 21 he
1486 741 42 22 has
1536 742 66 22 made
1612 749 13 14 a
1634 745 64 24 great
1706 742 101 22 addition
1818 746 23 18 to
1844 742 42 23 'his

1296 768 63 22 Us/ual
1368 768 64 22 stock
1441 768 26 22 of
1476 768 90 22 various
1575 769 94 27 articles,
1682 769 121 28 especially
1815 768 71 24 ladies

1297 794 44 28 a;id
1350 794 120 23 children's
1479 795 99 27 wearing
1588 795 98 28 apparel.
1868 790 4 32 ]

1290 829 14 12 ■'
1315 840 7 18 {
1422 829 88 22 ladies'
1525 836 105 15 wearing
1644 837 113 16 apparel.

1299 863 7 8 c
1305 872 2 5 -
1319 861 79 22 ►White
1414 862 89 27 printed
1524 863 99 25 muslins,
1646 870 14 15 a
1679 863 63 27 large
1757 864 46 22 and
1818 863 68 28 seleqt

1368 889 26 21 of
1404 888 90 27 printed
1504 889 87 26 calicos,
1602 889 54 22 ditto
1663 890 68 21 white
1738 890 35 22 for
1782 890 102 29 shirting,

1284 918 70 23 rstays
1364 915 26 22 of
1401 915 99 28 superior
1508 915 74 27 make,
1596 915 154 28 underlinens,
1761 917 59 28 slips,
1832 917 38 22 &c.
1878 926 6 18 ;

1298 940 47 28 sslk,
1352 944 73 23 straw,
1432 942 44 22 and
1481 942 106 27 gingham
1592 943 108 27 bonnets;
1712 943 75 28 scarfs,
1796 943 87 27 shawls,

1298 968 43 22 and
1349 968 106 22 flowered
1463 969 72 21 fronts
1543 977 5 19 ;
1566 969 66 22 white
1649 969 45 23 and
1709 970 66 22 black
1790 970 95 22 worsted

1298 994 43 23 afid
1347 1002 3 4 •
1359 998 77 18 cotton
1455 996 113 26 stockings
1576 1004 6 18 ;
1606 996 64 22 boots
1689 996 46 22 and
1753 997 71 28 shoes,
1843 997 41 22 silk

1298 1022 100 27 mantles,
1409 1022 61 27 plain
1481 1022 46 22 and
1536 1022 53 22 with
1600 1030 72 21 capes,
1680 1019 97 32 ribbons,
1790 1025 40 21 &c.

1317 1058 4 25 J
1433 1056 68 22 men's
1516 1063 107 15 wearing
1637 1064 111 15 apparel.

1317 1089 135 34 Consisting
1474 1089 28 22 of
1521 1090 110 27 superfine
1654 1089 54 23 blue
1728 1091 89 27 jackets
1840 1089 44 23 and

1298 1119 106 24 t>*owsers,
1416 1116 112 27 superfine
1538 1117 103 26 snooting
1651 1120 61 18 coats
1728 1117 25 22 of
1764 1117 61 23 cloth
1840 1117 45 22 and

1299 1141 116 29 cafssinett;
1434 1143 89 27 jackets
1540 1143 25 22 of
1580 1143 90 27 fustian,
1688 1143 117 29 corduroy,
1822 1144 61 27 jean,

1298 1167 44 29 a^d
1357 1169 60 23 duclc
1427 1178 5 18 ;
1455 1172 101 20 trowsers
1574 1171 25 21 of
1617 1169 135 28 everlasting
1767 1171 116 27 corduroy,

1297 1197 88 26 fnstian,
1396 1196 118 27 moleskin,
1524 1197 130 26 gambroon,
1667 1197 45 21 and
1721 1197 59 22 duck
1787 1206 7 19 ;
1813 1197 72 23 waist-

1298 1227 59 18 coats
1372 1223 26 22 of
1408 1223 90 28 printed
1513 1223 82 28 velvet,
1612 1223 105 28 valentia,
1735 1224 45 22 and
1797 1227 73 20 tartan
1878 1232 6 19 ;

1298 1250 109 27 superfine
1415 1250 52 22 blue
1475 1250 60 22 cloth
1543 1258 60 20 caps,
1611 1250 82 22 Scotch
1698 1251 105 27 bonnets,
1811 1251 73 26 shirts,

1300 1277 47 27 (red
1356 1277 46 22 and
1410 1277 70 27 blue,)
1496 1277 67 21 white
1573 1277 44 22 and
1626 1277 84 28 striped
1721 1278 113 32 stockings
1840 1277 45 23 and

1298 1303 63 22 socks
1371 1304 26 21 of
1401 1304 117 26 -varieties,
1533 1304 64 22 boots
1607 1304 44 22 and
1660 1304 66 22 shoes
1737 1305 26 21 of
1773 1304 111 28 varieties,

1296 1330 149 26 gentlemen's
1463 1331 100 27 dressing
1581 1338 77 21 gowns
1677 1331 46 22 and
1741 1331 56 28 pilot
1817 1335 67 24 coats,

1300 1361 81 24 braces,
1393 1359 41 21 &c.

1375 1389 3 3 '
1531 1392 117 15 SUNDRIES.

1295 1415 12 22 V
1324 1417 114 29 Blankets,
1462 1418 55 32 (redj
1536 1418 61 28 blue,
1622 1418 45 23 and
1686 1419 84 27 white,)
1793 1418 90 28 flannel,

1298 1451 99 21 canvass,
1424 1446 117 27 moleskin,
1566 1445 97 28 threads,
1690 1449 69 25 tapes,
1786 1447 97 26 buttons,

1298 1469 68 25 Hooks
1376 1472 46 22 and
1431 1480 58 20 eyes,
1500 1472 99 28 needles,
1609 1473 58 27 pins,
1677 1474 42 21 &c.

1495 1514 132 19 GROCERIES,
1643 1507 41 21 &C.

1307 1547 3 7 1
1324 1539 71 23 Black
1409 1540 45 22 and
1469 1547 68 21 green
1556 1544 44 24 tea,
1616 1548 84 20 sugars,
1722 1541 53 26 (raw
1792 1540 44 23 and
1850 1547 36 15 re-

1298 1566 76 28 fined,)
1390 1567 59 27 blue,
1460 1568 62 26 soda,
1531 1575 60 20 soap,
1599 1568 97 27 candles,
1703 1568 81 28 starch,
1793 1567 91 29 pickles,

1298 1593 104 28 mustard,
1428 1594 81 26 butter,
1532 1594 86 28 cheese,
1636 1595 101 26 tobacco,
1756 1595 66 22 black
1839 1595 47 21 and

1298 1620 100 23 Jamaica
1407 1628 89 20 pepper,
1506 1624 110 24 nutmegs,
1625 1622 81 26 cloves,
1715 1622 85 27 ginger,
1810 1621 75 22 cinna-

1298 1654 59 19 mon,
1368 1654 72 20 curry,
1453 1655 108 21 cayenne,
1571 1649 52 27 rice,
1633 1648 66 28 flour,
1718 1651 107 23 currants,
1841 1648 45 22 and

1297 1674 85 23 raisins.

1506 1709 194 15 CONFECTIONARY.

1325 1734 80 22 Scotch
1416 1742 129 20 carraways,
1561 1735 109 28 almonds,
1687 1735 48 28 red,
1751 1735 74 26 white,
1841 1735 45 21 and

1297 1761 76 22 brown
1383 1762 80 26 candy,
1473 1762 87 22 refined
1568 1762 114 29 liquorice,
1698 1763 61 27 psnk,
1770 1763 59 28 pine,
1841 1761 45 23 and

1296 1787 106 29 liquorice
1415 1789 123 27 jub-jubes.

1495 1831 135 19 HARDWARE,
1647 1824 40 21 &C.

1324 1855 93 28 Knives,
1434 1857 101 27 scizzors,
1552 1864 84 21 razors,
1651 1857 70 28 locks,
1738 1857 85 28 hinges,
1841 1856 45 22 and

1296 1882 131 23 fish-hooks.

1352 1923 12 7 *
1404 1918 119 15 CROCKERY
1538 1918 25 15 IN
1580 1918 75 15 GREAT
1669 1918 106 18 VARIETY.

1307 1958 14 15 *.
1633 1945 29 22 A.
1678 1944 206 23 HORNBROOK.

1289 2041 23 9 _
1390 2022 82 21 NEW
1487 2022 170 21 ZEALAND
1676 2024 112 21 BIRDS.

1296 2056 89 48 FOR
1399 2057 85 27 SALE,
1500 2060 23 19 at
1532 2057 37 22 the
1581 2058 62 21 Store
1655 2058 24 21 of
1691 2058 28 21 D.
1732 2058 21 22 S.
1760 2057 70 23 Durie
1839 2058 46 22 and

1368 2083 45 26 Co.,
1424 2092 13 13 a
1445 2091 55 20 very
1510 2085 46 20 fine
1566 2085 117 22 collection
1694 2085 26 21 of
1732 2093 41 14 one
1781 2085 103 22 hundred

1295 2109 55 22 New
1370 2110 100 22 Zealand
1488 2111 50 22 bird
1553 2111 67 28 skins,
1633 2112 131 27 containing
1783 2119 68 20 many
1862 2112 26 21 of

1295 2136 36 22 the
1341 2140 60 18 most
1410 2137 114 28 beautiful,
1536 2138 46 21 and
1590 2142 71 19 rarest
1669 2139 67 22 kinds
1745 2144 23 17 to
1778 2140 28 21 be
1814 2139 70 22 found

1294 2163 23 22 in
1329 2164 37 21 the
1378 2164 84 27 Island,
1474 2165 45 21 and
1528 2165 31 22 all
1568 2165 24 22 in
1608 2166 38 21 the
1663 2173 54 21 very
1729 2166 89 28 highest
1826 2169 57 19 state

1296 2191 25 21 of
1331 2191 161 27 preservation.

1321 2226 146 28 Wellington,
1479 2227 125 22 December
1612 2229 34 26 31,
1659 2229 60 21 1840.

1296 2281 72 49 ON
1379 2281 84 28 SALE,
1476 2289 28 15 ex
1630 2283 32 27 by
1671 2283 39 22 the
1719 2282 164 27 Undersigned,

1359 2311 23 19 at
1392 2307 56 23 their
1457 2309 92 26 general
1559 2309 117 22 wholesale
1687 2309 45 22 and
1741 2309 64 23 retail
1813 2310 70 27 Store,

1321 2337 28 19 12
1357 2335 74 27 pieces
1440 2336 69 27 print,
1528 2336 146 28 exceedingly
1684 2337 51 21 well
1744 2336 95 29 adapted
1850 2337 34 22 for

1295 2362 71 27 lining
1376 2362 38 22 the
1423 2362 63 22 walls
1496 2363 26 21 of
1532 2370 81 15 rooms.

1321 2389 63 27 Rugs
1395 2389 44 22 and
1449 2393 163 25 counterpanes
1622 2391 27 21 of
1660 2391 87 22 various
1757 2391 63 27 sizes,

1321 2416 115 27 Blankets,

1321 2443 61 22 Pilot
1390 2443 46 22 and
1444 2443 99 28 flushing
1553 2446 107 26 trowsers,

1321 2470 115 22 Moleskin
1446 2471 45 21 and
1502 2471 109 27 corduroy
1622 2471 62 28 ditto,

1302 2517 2 4 .
1322 2497 68 22 Duck
1399 2500 103 20 trowsers
1511 2498 46 22 and
1564 2498 82 27 frocks,

1322 2524 98 27 Regatta
1430 2525 46 21 and
1486 2525 84 27 striped
1579 2525 72 28 shirts,

1322 2551 90 22 Chiniel
1422 2555 76 19 cotton
1508 2553 46 20 and
1563 2552 94 22 woollen
1669 2552 87 28 shawls,

1322 2579 161 28 Sou-westers,
1493 2579 40 22 red
1542 2579 46 22 and
1597 2579 82 22 Scotch
1689 2587 59 20 caps,

1324 2605 132 28 Umbrellas,

1321 2632 115 23 Women's
1442 2633 46 22 and
1495 2633 73 22 men's
1573 2633 61 27 hose,
1643 2633 94 27 mohair,
1746 2636 83 23 cotton,
1840 2633 45 22 and

1295 2660 102 27 worsted,

1321 2687 48 23 Silk
1376 2687 165 27 hankerchiefs,
1552 2687 45 22 and
1606 2687 64 22 other
1677 2687 96 28 drapery
1780 2687 25 22 of
1816 2694 68 21 every

1296 2714 141 28 description.

1299 2749 3 5 1
1320 2742 49 22 The
1379 2741 156 27 Undersigned
1545 2741 57 22 have
1608 2740 47 23 also
1662 2742 36 21 for
1703 2740 45 23 sale
1754 2742 38 21 the
1799 2739 85 24 follow-

1293 2769 40 28 ing
1336 2769 95 27 articles,
1439 2768 37 22 viz
1483 2776 5 14 :
1489 2782 27 3 —
1516 2768 64 27 flour,
1587 2768 88 28 biscuit,
1683 2768 80 22 cheese
1768 2767 116 28 (Cheshire

1294 2797 45 22 and
1347 2796 95 27 Dutch,)
1452 2796 81 26 butter,
1545 2796 52 25 rice,
1608 2795 39 22 the
1653 2796 50 21 best
1712 2795 22 22 in
1745 2795 39 22 the
1795 2794 88 28 colony,

1294 2831 83 20 sugars,
1399 2826 53 24 teas,
1472 2822 77 28 coffee,
1566 2822 99 27 tobacco,
1669 2826 117 24 --currants,
1796 2821 87 28 raisins,

1295 2851 78 27 spices,
1384 2852 40 21 &c.
1435 2850 41 23 &c.
1491 2850 40 22 &c.

1321 2878 63 26 Also,
1404 2885 14 15 a
1434 2877 61 27 good
1512 2876 81 30 supply
1612 2876 27 22 of
1657 2876 160 28 ironmongery
1836 2876 46 22 and

1294 2904 114 28 crockery.

1321 2931 29 23 N.
1361 2932 27 21 B.
1416 2930 47 24 The
1474 2930 84 28 baking
1564 2930 46 23 and
1615 2930 134 28 butchering
1759 2929 72 24 trades
1838 2929 46 22 still

1295 2959 104 27 carrying
1409 2966 36 15 on.

1579 2986 29 22 D.
1624 2985 22 22 S.
1662 2985 78 22 Durie
1755 2983 46 24 and
1814 2984 39 22 Co.

1321 3019 145 29 Wellington,
1482 3020 56 22 Dec.
1550 3021 32 26 10,
1598 3021 62 20 1840.

697 1925 170 24 LEDGERS,
883 1925 165 20 ACCOUNT
1063 1925 120 25 BOOKS,
1198 1926 44 21 &c.

676 1951 72 44 ON
764 1951 85 26 SALE,
865 1953 24 19 at
898 1951 38 21 the
947 1951 71 21 Office
1028 1952 27 20 of
1065 1951 39 22 the
1208 1952 54 23 Zea-

754 1973 54 22 land
1095 1973 64 11 **~~
1241 1969 22 13 *-

701 2000 107 27 Ledgers,
821 2000 67 27 demy
898 2000 45 22 and
952 1999 107 29 foolscap.

701 2027 108 22 Journals
820 2027 43 22 and
875 2027 52 22 cash
937 2027 78 22 books.

701 2054 54 27 Day
762 2054 80 27 books,
851 2054 78 22 bound
938 2055 25 21 in
973 2054 92 22 vellum.

701 2081 109 27 Foolscap
820 2081 45 22 and
875 2084 80 25 quarto
966 2081 52 22 cash
1025 2081 46 22 and
1080 2085 98 19 account
1186 2082 78 27 books,

672 2107 54 23 half
735 2108 86 22 bound.

701 2135 105 28 Superior
816 2135 171 22 memorandum
1001 2135 77 28 books,
1096 2135 89 23 various
1200 2137 64 21 sizes.

701 2162 86 22 Pocket
797 2161 77 28 books,

678 2207 10 7 ,
700 2189 138 22 Parchment
845 2189 78 22 bound
937 2189 45 22 and
993 2189 90 28 clasped
1093 2189 171 23 memorandum

673 2215 79 23 books.

701 2243 127 22 Portfolios.

701 2270 72 27 Large
783 2270 46 22 and
839 2269 64 23 small
913 2269 70 23 wafer
992 2269 64 23 seals.

702 2297 83 22 Patent
794 2297 86 22 wafers.

701 2325 107 26 Superior
818 2323 73 29 quills.

701 2351 72 22 Office
783 2358 44 21 pen
838 2351 86 21 knives.

700 2378 93 27 Sealing
802 2385 55 20 wax,
870 2381 42 18 two
923 2378 112 28 qualities.

700 2405 69 22 India
777 2405 89 22 rubber.

700 2432 51 22 Red
760 2432 46 21 and
814 2431 67 22 black
889 2432 48 27 ink,
947 2433 26 21 in
981 2432 91 28 powder
1082 2433 46 21 and
1136 2432 91 23 bottles.

701 2459 89 27 Rulers,
799 2459 90 22 various
899 2459 65 22 sizes.

701 2486 54 22 Best
764 2485 54 23 steel
828 2493 56 21 pens
894 2486 46 21 and
948 2486 117 23 losewood
1074 2486 98 23 holders.

700 2513 74 27 Large
784 2513 45 22 and
838 2513 65 22 small
912 2513 68 22 slates
994 2513 46 22 and
1049 2513 56 22 slate
1115 2513 94 28 pencils.

700 2540 51 22 Red
759 2544 60 24 tape,
831 2541 41 22 &c.
882 2540 41 23 &c.

674 2573 27 23 In
725 2573 39 23 the
787 2573 118 23 wholesale
924 2581 70 20 paper
1012 2573 142 28 department
1173 2573 44 23 will
1236 2574 28 22 be

795 2601 72 22 found
877 2608 28 15 an
916 2601 118 21 extensive
1044 2600 63 22 stock
1118 2601 27 21 of

700 2634 57 23 Fine
767 2634 48 23 laid
823 2637 57 25 pott,

699 2662 56 22 Fine
765 2661 63 23 thick
836 2669 64 14 wove
909 2664 81 26 quarto
999 2664 56 24 post,

698 2689 66 22 Ditto
819 2689 56 22 ditto
908 2692 80 19 octavo
999 2688 43 28 do.,

700 2716 118 28 Superfine
827 2723 62 16 wove
899 2718 79 26 quarto
988 2716 58 21 satin
1054 2719 59 25 post,

699 2743 65 22 Ditto
820 2743 55 22 ditto
902 2746 80 19 octavo
992 2742 64 28 ditto,
1065 2765 3 3 .

699 2770 65 23 Ditto
773 2770 50 23 thin
831 2770 48 23 laid
888 2773 79 25 quarto
976 2770 63 26 ditto,

699 2798 65 22 Ditto
820 2798 55 21 ditto
887 2800 79 19 octavo
975 2796 63 28 ditto,

699 2824 117 28 Superfine
828 2825 62 27 large
903 2824 51 23 thin
965 2824 54 22 blue
1034 2831 64 16 wove
1112 2826 80 26 quarto
1204 2826 59 26 post,

672 2852 110 28 stamped,

700 2879 117 27 Superfine
825 2878 47 23 laid
881 2878 107 28 foolscap,

700 2905 73 28 Large
783 2906 49 21 thin
842 2908 79 25 quarto
930 2908 59 24 post,

700 2932 60 22 Note
768 2939 76 21 paper,

699 2959 82 22 Brown
790 2966 76 21 paper,
872 2958 105 28 imperial
987 2966 57 21 cap.,

700 2986 48 28 Bag
757 2986 64 28 ditto,

701 3013 63 22 Kent
773 3013 62 28 ditto,

700 3040 71 28 Royal
782 3040 68 28 hand,

700 3067 101 22 Lumber
809 3067 63 27 ditto,

700 3094 55 22 Blue
766 3094 73 27 demy,

699 3121 75 28 Demy
781 3121 98 28 blotting
886 3128 76 21 paper,

699 3148 89 23 Double
797 3156 82 21 crown,

699 3175 71 23 Small
778 3175 69 28 hand,

700 3203 87 27 Crown,

698 3230 76 22 Blank
783 3229 72 27 cards,
867 3231 40 21 &c.
919 3230 41 22 &c.
971 3231 41 21 &c.

1500 3075 69 20 FOR
1583 3075 95 26 SALE,

1296 3108 119 48 GOOD
1423 3107 86 28 sherry,
1519 3108 25 21 in
1555 3110 90 25 quarter
1654 3107 70 22 casks.

1376 3135 112 27 Crockery
1498 3135 46 21 and
1552 3135 125 21 iron-stone
1686 3142 66 14 ware.

1321 3161 123 28 Eight-day
1453 3161 47 22 and
1507 3161 78 23 Dutch
1595 3161 83 22 clocks.

1320 3188 102 28 Fowling
1430 3189 82 27 pieces,
1522 3189 106 26 muskets,
1639 3188 47 22 and
1693 3187 127 23 umbrellas.

1321 3215 104 32 Cooper's
1436 3222 65 20 ware,
1513 3215 56 23 such
1578 3222 23 15 as
1610 3214 102 29 buckets,
1723 3215 89 26 churns,
1823 3213 58 29 tubs,

1294 3242 114 27 kneading
1416 3242 99 27 troughs,
1526 3243 42 21 &c.
1578 3242 39 22 &c.
1629 3243 40 21 &c.

1320 3269 98 23 Brushes
1428 3269 27 22 of
1465 3269 30 23 all
1502 3268 75 23 kinds.

1534 3303 26 22 T.
1571 3303 33 22 M.
1615 3302 135 23 Partridge
1761 3302 44 23 and
1816 3302 39 22 Co.

1296 3355 2 3 .
1320 3338 126 22 December
1455 3339 34 26 24,
1501 3339 62 21 1840.

1516 3392 147 22 TIMBER.

1295 3426 184 50 SEASONED
1488 3426 88 28 boards,
1587 3427 10 20 1
1608 3426 41 27 in.,
1661 3427 11 25 %
1682 3426 39 27 in.,
1731 3426 44 22 and
1787 3426 9 24 I
1806 3424 32 23 in.

1375 3453 107 22 Weather
1491 3452 88 23 boards.

1376 3480 116 27 Scantling
1502 3480 26 22 of
1538 3480 30 22 all
1578 3480 64 22 sizes.

1375 3507 98 28 Norway
1483 3507 69 22 deals.

1375 3534 101 22 Battens.

1373 3563 28 20 50
1409 3562 61 27 pairs
1479 3560 88 24 French
1576 3560 113 28 windows,
1700 3563 43 19 two
1753 3560 62 23 sizes.

1375 3588 123 22 Pannelled
1509 3588 72 22 doors.

1469 3621 24 23 T.
1510 3622 34 22 M.
1559 3620 183 23 PARTRIDGE
1752 3619 45 23 and
1807 3619 46 23 CO.

1292 3657 194 26 Manners-street,
1496 3655 147 28 Wellington,

1339 3685 35 21 Ist
1382 3683 132 24 December,
1527 3683 59 21 1840.
1877 3687 2 10 ''

1292 3741 41 22 /~N
1343 3739 49 23 OA
1400 3739 19 22 L
1427 3738 55 23 S.—
1482 3737 22 23 A
1519 3737 44 23 few
1580 3739 51 20 tons
1644 3736 36 22 for
1689 3736 53 22 sale.
1771 3734 77 29 Apply
1858 3738 19 18 to

1292 3760 41 29 Kj
1470 3765 26 23 T.
1508 3765 34 22 M.
1553 3765 135 21 Partridge
1699 3763 45 22 and
1754 3763 45 26 Co.,

1655 3790 195 23 Manners-street.

1316 3821 101 23 January
1429 3821 19 23 1,
1463 3820 60 22 1840.

2017 610 83 18 NEW
2116 610 166 20 ZEALAND
2295 610 103 21 FLAX.

2121 641 174 23 PROPOSALS
2479 646 29 8 —

1917 674 44 22 For
1976 674 84 28 raising
2077 682 14 14 a
2110 675 145 28 subscription
2273 679 24 19 to
2314 677 86 23 reward
2416 678 37 22 the
2465 679 35 21 in-

1943 702 94 26 genuity
2044 702 25 20 of
2080 708 45 21 any
2135 709 79 20 person
2222 702 49 22 who
2282 703 55 22 shall
2346 704 79 22 invent
2435 712 13 14 a
2455 706 44 21 tool

1944 735 26 13 or
1983 728 110 27 machine,
2112 735 25 15 or
2146 728 99 23 discover
2254 736 14 15 a
2276 737 97 20 process,
2387 731 31 27 by
2427 731 73 23 which

1943 754 38 22 the
1991 754 127 26 phormium
2128 758 75 25 tenax,
2213 755 37 22 the
2260 756 133 27 indigenous
2402 758 96 26 produce

1944 781 27 21 of
1982 778 38 24 the
2028 781 88 22 Islands
2124 782 27 22 of
2161 782 55 22 New
2225 782 106 28 Zealand,
2347 791 53 20 may
2412 784 27 22 be
2450 792 49 14 ren-

1904 809 2 28 |
1943 807 68 22 dered
2020 808 110 22 available
2138 815 23 15 as
2177 816 29 14 an
2223 813 78 24 export
2317 811 34 21 for
2361 811 139 22 commercial

1904 838 2 16 l
1942 841 114 21 purposes,
2066 838 25 18 at
2099 842 14 14 a
2121 835 59 27 price
2191 835 44 22 and
2243 836 24 21 in
2274 843 15 14 a
2297 837 104 27 quantity
2410 840 22 19 to
2442 842 58 18 meet

1904 863 2 28 j
1943 861 39 21 the
1991 860 98 23 demand
2095 862 24 21 in
2128 862 37 21 the
2175 862 118 26 European
2302 863 94 23 market.

1917 895 50 47 A
1982 895 145 21 MEETING
2142 902 45 15 was
2201 895 53 22 held
2267 899 23 18 at
2305 896 107 22 Barrett's
2423 897 76 28 Hotel,

1996 928 28 14 on
2035 921 108 28 Monday,
2161 921 37 22 the
2213 922 38 21 4th
2262 922 108 28 January,
2379 924 62 26 1841,
2453 924 46 22 Col.

1904 950 2 29 j
1917 947 124 22 Wakefield
2048 948 24 21 in
2083 947 37 22 the
2131 948 67 28 chair,
2217 949 23 21 in
2250 956 125 20 pursuance
2389 950 26 21 of
2426 957 29 15 an
2464 951 39 22 ad-

1916 974 144 22 vertisement
2069 975 75 21 issued
2152 975 31 27 by
2192 976 85 21 several
2285 976 130 27 gentlemen
2423 977 79 28 deeply

1914 999 123 28 impressed
2046 1001 55 22 with
2118 1001 36 22 the
2170 1002 165 27 indispensable
2351 1004 111 27 necessity
2478 1004 27 21 of

1915 1026 88 28 finding
2011 1034 61 15 some
2083 1028 69 27 staple
2162 1029 135 27 commodity
2306 1036 25 15 as
2340 1037 30 14 an
2380 1034 81 24 export
2465 1030 37 23 for

1916 1053 38 23 the
1964 1053 88 23 Islands
2062 1054 26 22 of
2098 1054 56 22 New
2163 1055 107 22 Zealand.
2305 1056 31 21 At
2344 1056 49 22 that
2401 1057 100 26 meeting

1904 1086 2 26 |
1915 1079 68 23 much
1992 1081 101 21 valuable
2103 1081 143 22 information
2256 1089 44 15 was
2316 1083 185 27 communicated,

1916 1107 46 21 and
1971 1107 95 27 samples
2077 1108 26 21 of
2113 1108 55 21 New
2179 1109 101 21 Zealand
2295 1109 47 22 flax
2358 1110 24 21 in
2399 1110 103 22 different

1916 1137 71 23 stages
1999 1134 26 22 of
2034 1135 141 26 preparation
2185 1142 56 15 were
2251 1135 120 28 exhibited,
2380 1137 46 22 and
2433 1145 12 14 a
2452 1144 50 20 pro-

1916 1160 95 22 visional
2021 1161 127 22 committee
2159 1169 44 14 was
2212 1163 127 31 appointed,
2351 1164 122 26 consisting
2479 1164 27 21 of

1916 1187 38 21 the
1963 1187 114 28 following
2091 1188 119 27 members,
2227 1189 110 22 intrusted
2354 1192 22 19 to
2391 1190 57 22 raise
2463 1190 38 22 the

1915 1220 119 21 necessary
2044 1214 158 29 subscriptions
2217 1218 24 19 to
2257 1223 64 20 carry
2334 1216 48 21 into
2392 1217 63 22 effect
2464 1216 38 23 the

1916 1239 74 29 object
1998 1241 117 28 proposed,
2126 1242 44 21 and
2179 1241 83 28 having
2271 1242 58 22 done
2343 1250 31 19 so,
2391 1246 22 19 to
2428 1246 74 25 report

1916 1270 22 18 to
1950 1274 13 14 a
1972 1267 91 27 general
2073 1269 98 26 meeting
2182 1269 25 21 of
2217 1269 142 22 subscribers.

1944 1308 107 15 MEMBERS
2065 1309 28 14 OF
2108 1309 44 15 THE
2168 1309 150 15 PROVISIONAL
2335 1310 141 16 COMMITTEE.

2079 1328 33 22 Dr
2131 1328 80 28 Evans,

2083 1355 93 27 Captain
2185 1356 97 27 Daniell,

2080 1382 22 21 J.
2114 1382 23 22 C.
2149 1382 118 27 Crawford,
2279 1383 59 26 Esq.,

2079 1408 22 22 J.
2112 1408 68 28 Watt,
2192 1410 59 27 Esq.,

2080 1435 35 22 W.
2126 1436 25 21 B.
2162 1436 97 27 Rhodes,
2270 1436 61 28 Esq.,

2081 1462 29 22 D.
2121 1463 66 27 Scott,
2200 1463 59 27 Esq.,

2081 1488 28 22 G.
2120 1489 95 27 Hunter,
2226 1490 60 27 Esq.,

2081 1515 31 22 H.
2124 1516 110 28 Moreing,
2245 1517 60 27 Esq.,

2079 1542 28 22 R.
2118 1542 29 22 D.
2158 1543 102 22 Hanson.
2271 1544 54 27 Esq.

1999 1576 35 22 W.
2050 1577 28 21 V.
2094 1577 95 26 Brewer,
2204 1577 60 27 Esq.,
2280 1577 124 28 Secretary.

1999 1603 88 28 George
2102 1603 96 28 Hunter,
2214 1604 60 28 Esq.,
2288 1604 128 22 Treasurer.

1945 1636 46 22 The
2008 1637 134 22 Committee
2157 1636 85 28 having
2256 1640 53 24 met,
2328 1637 83 23 submit
2428 1640 20 20 to
2466 1637 36 23 tha

1917 1662 74 28 public
2008 1671 13 13 a
2037 1664 61 20 brief
2107 1664 142 27 explanation
2267 1665 26 21 of
2312 1664 37 22 the
2365 1665 74 26 object
2453 1672 51 20 pro-

1916 1690 76 27 posed,
2004 1690 44 22 and
2060 1690 111 29 earnestly
2180 1690 73 22 solicit
2262 1690 38 23 the
2310 1691 161 23 contributions
2481 1692 26 21 of

1917 1716 31 22 all
1957 1716 82 22 classes
2048 1719 23 19 to
2088 1724 14 14 a
2115 1721 85 24 project
2208 1724 24 15 so
2250 1718 80 27 deeply
2346 1718 104 27 affecting
2465 1718 38 22 the

1916 1744 125 27 prosperity
2051 1744 26 22 of
2088 1744 43 22 this
2141 1745 144 26 community.
2315 1745 102 22 Satisfied
2427 1752 23 15 as
2459 1745 45 22 this

1917 1770 133 22 Committee
2061 1778 45 20 are,
2119 1771 24 21 in
2159 1778 105 15 common
2279 1771 54 22 with
2348 1771 31 22 all
2392 1771 111 28 impartial

1917 1798 122 27 observers,
2051 1804 23 14 as
2081 1800 23 19 to
2112 1798 37 21 the
2155 1798 111 27 salubrity
2276 1798 27 22 of
2313 1798 38 22 the
2361 1798 87 22 climate
2457 1798 44 22 and

1917 1822 37 23 the
1972 1827 49 18 vast
2042 1824 143 27 agricultural
2204 1832 24 14 as
2250 1825 50 21 well
2315 1832 24 14 as
2361 1825 94 23 mineral
2472 1832 34 15 re-

1917 1857 89 15 sources
2014 1850 27 22 of
2051 1847 62 26 these
2124 1850 92 28 Islands,
2229 1854 22 19 to
2268 1859 39 20 say
2324 1851 96 29 nothing
2429 1852 26 22 of
2465 1852 37 22 the

1916 1876 100 23 fisheries
2032 1878 45 21 and
2095 1878 61 21 other
2171 1878 108 22 branches
2295 1879 26 21 of
2337 1878 103 28 industry
2457 1879 48 21 that

1917 1911 37 14 are
1963 1904 124 27 beginning
2097 1907 22 19 to
2128 1904 93 28 develop
2231 1905 140 32 themselvesj
2381 1905 19 22 it
2408 1909 60 19 must
2476 1905 28 23 be

1917 1930 108 22 admitted
2034 1931 48 22 that
2094 1931 97 23 hitherto
2205 1932 38 21 the
2260 1935 153 24 expectations
2431 1936 72 19 enter-

1911 1957 82 23 tained
2003 1958 26 20 of
2029 1958 48 24 Jhe
2093 1958 125 26 phormium
2234 1961 75 23 tenax,
2321 1966 24 14 as
2354 1966 14 14 a
2378 1959 68 28 staple
2458 1959 44 22 cal-

1916 1982 88 22 culated
2016 1987 21 17 to
2046 1984 58 20 viral
2114 1984 36 20 the
2169 1987 74 18 cotton
2259 1985 27 20 of
2296 1985 107 21 Ameuca
2412 1986 45 20 and
2467 1985 37 21 Jia.

1916 2008 57 22 wool
1982 2009 27 21 of
2020 2009 120 27 Australia,
2151 2010 57 22 have
2218 2014 40 18 not
2267 2010 56 22 been
2331 2011 103 22 realized.
2456 2012 48 22 The

1916 2034 79 23 failure
2004 2036 41 22 has
2055 2036 80 27 arisen,
2145 2039 42 19 not
2194 2037 57 21 from
2259 2045 45 20 any
2314 2038 188 27 disappointment

1914 2062 23 21 in
1959 2062 36 22 the
2015 2064 103 27 quantity
2137 2064 26 21 of
2182 2064 37 22 the
2233 2064 52 27 flax,
2305 2064 75 22 which
2394 2065 20 21 is
2431 2065 71 23 found

1913 2090 101 27 growing
2029 2090 172 28 spontaneously
2216 2092 25 20 in
2256 2099 67 19 every
2335 2095 52 24 part
2400 2092 26 22 of
2440 2092 63 22 these

1915 2112 88 25 Islands
2013 2124 30 14 on
2053 2125 67 19 every
2137 2116 134 28 description
2288 2119 26 21 of
2325 2118 48 27 soil,
2390 2126 41 15 nor
2444 2119 58 22 from

1915 2149 45 20 any
1968 2143 80 27 falling
2057 2143 34 22 off
2100 2144 23 22 in
2140 2144 38 22 the
2193 2145 100 27 growing
2309 2145 98 22 demand
2422 2145 34 22 for
2465 2146 39 22 the

1914 2176 46 15 raw
1969 2170 108 26 material,
2088 2171 40 21 but
2135 2171 69 27 solely
2211 2172 58 21 from
2277 2172 39 22 the
2320 2172 156 27 impossibility
2482 2174 26 22 of

1914 2203 47 20 any
1968 2196 80 28 longer
2058 2198 117 27 obtaining
2185 2198 37 22 the
2238 2199 76 21 native
2329 2198 81 23 labour
2425 2206 79 15 neces-

1904 2220 2 19 1
1915 2230 51 20 sary
1977 2227 22 18 to
2010 2224 80 22 render
2100 2224 18 21 it
2125 2224 137 23 marketable
2271 2225 31 28 by
2312 2225 37 23 the
2359 2226 49 22 first
2417 2234 88 19 process

1915 2250 26 21 of
1952 2251 110 28 stripping
2071 2251 45 21 and
2125 2252 110 27 cleaning.

1942 2277 47 22 The
2007 2278 131 22 Committee
2155 2279 43 27 beg
2215 2283 22 17 to
2253 2281 78 25 repeat
2347 2279 156 28 emphatically

1914 2304 52 21 that
1975 2304 38 22 the
2024 2305 53 25 only
2093 2305 146 27 impediment
2248 2309 23 18 to
2288 2306 38 22 the
2344 2310 78 28 export
2436 2306 26 22 of
2473 2314 29 15 an

1915 2331 82 22 article
2006 2331 74 22 which
2089 2339 71 20 grows
2169 2332 51 22 wild
2231 2340 58 20 upon
2305 2333 38 22 the
2356 2332 89 28 highest
2452 2333 51 23 hills

1914 2358 47 21 and
1971 2358 24 22 in
2006 2358 38 22 the
2054 2358 90 28 deepest
2154 2366 100 20 swamps,
2270 2359 73 23 which
2351 2360 25 22 in
2385 2361 29 21 its
2423 2364 79 19 nature

1914 2384 19 22 is
1940 2392 14 14 a
1959 2386 122 26 perennial,
2086 2386 113 27 requiring
2202 2386 58 22 little
2265 2394 62 14 more
2333 2388 110 21 attention
2450 2387 54 23 than

1915 2411 38 22 the
1962 2412 121 27 periodical
2092 2412 87 27 cutting
2187 2412 64 23 down
2257 2421 7 19 ;
2274 2413 73 22 which
2354 2421 53 20 may
2415 2414 28 22 be
2452 2420 52 16 con-

1904 2441 2 28 j
1916 2438 87 22 sidered
2015 2446 24 14 as
2056 2439 124 28 producing
2196 2440 57 22 after
2269 2439 30 23 all
2316 2439 131 24 deductions
2461 2441 46 22 and

1915 2466 69 21 losses
1994 2473 30 15 an
2033 2473 95 20 average
2138 2466 26 22 of
2175 2468 25 24 2J
2211 2469 51 19 tons
2278 2474 41 21 per
2335 2474 52 15 acre
2401 2467 26 22 of
2436 2467 69 23 avail-

1916 2492 48 22 able
1974 2492 63 28 fibre,
2048 2493 81 22 valued
2138 2497 24 18 at
2225 2501 40 20 per
2274 2497 40 19 ton
2323 2494 66 22 when
2398 2495 107 27 prepared

1915 2518 36 22 for
1957 2519 112 28 shipment
2069 2533 28 4 —
2097 2520 17 22 is
2123 2520 36 22 the
2167 2523 60 19 want
2233 2521 27 21 of
2266 2528 62 15 some
2337 2521 51 27 tool,
2395 2521 109 28 machine,

1917 2553 25 15 or
1950 2553 94 20 process,
2057 2547 34 21 for
2101 2547 37 21 the
2148 2547 138 23 economical
2295 2548 155 27 performance
2459 2549 26 21 of
2492 2556 14 15 a

1916 2580 54 20 very
1979 2573 78 28 simple
2066 2573 50 22 task
2126 2574 72 22 which
2204 2573 41 23 has
2251 2574 98 22 hitherto
2355 2575 59 22 been
2422 2582 83 15 sucess-

1916 2599 55 28 fully
1982 2600 164 27 accomplished
2155 2601 30 26 by
2194 2600 38 22 the
2240 2601 57 22 New
2307 2601 103 23 Zealand
2418 2609 86 16 women

1915 2626 31 27 by
1956 2627 37 22 the
2004 2627 37 21 aid
2050 2627 27 22 of
2087 2634 14 15 a
2109 2628 161 22 muscle-shell.

1942 2653 47 23 The
2001 2654 132 22 Committee
2144 2658 83 19 cannot
2235 2655 86 22 believe
2332 2655 49 23 that
2396 2655 108 30 anything

1916 2687 61 15 more
1996 2681 19 21 is
2033 2681 105 28 requisite
2156 2685 22 18 to
2195 2682 81 27 supply
2291 2682 45 22 this
2345 2686 62 19 want
2416 2683 54 21 than
2481 2687 22 18 to

1914 2707 70 22 invite
2003 2707 37 23 the
2059 2708 111 22 attention
2187 2709 28 22 of
2230 2709 119 27 ingenious
2372 2716 91 19 persons
2478 2710 24 22 in

1915 2734 89 27 Europe
2022 2735 47 21 and
2085 2735 23 21 in
2128 2735 61 22 these
2208 2736 98 22 colonies
2323 2739 22 19 to
2362 2736 38 22 the
2411 2737 93 27 subject.

1914 2761 64 32 They
1982 2769 101 20 propose,
2090 2762 116 28 therefore,
2212 2766 22 18 to
2240 2762 55 23 offer
2298 2771 14 14 a
2318 2763 87 22 reward
2409 2763 34 22 for
2448 2764 55 22 such

1915 2794 29 16 an
1961 2789 118 21 invention
2098 2796 25 15 or
2141 2789 126 28 discovery;
2286 2789 84 28 feeling
2389 2790 114 22 confident

1915 2815 48 22 that
1971 2815 39 22 the
2028 2815 115 23 Directors
2154 2817 25 21 of
2189 2817 38 21 the
2246 2817 58 21 New
2323 2817 99 22 Zealand
2436 2817 66 23 Com-

1914 2849 60 21 pany
1992 2842 46 22 and
2057 2843 64 21 other
2135 2843 84 23 friends
2235 2844 25 22 in
2278 2843 105 28 England
2401 2844 45 22 will
2465 2852 37 14 co-

1916 2873 88 23 operate
2015 2869 54 22 with
2078 2869 61 23 them
2149 2870 24 22 in
2182 2871 148 27 augmenting
2338 2871 39 22 the
2393 2871 109 28 subscrip-

1914 2896 54 27 tion,
1980 2896 45 22 and
2035 2895 49 23 that
2093 2896 37 22 the
2141 2897 116 28 Company
2266 2897 45 23 will
2324 2897 124 23 undertake
2464 2898 37 22 the

1914 2923 82 27 special
2016 2923 55 28 duty
2081 2923 26 22 of
2116 2924 93 27 making
2224 2924 83 22 known
2328 2924 43 22 the'
2375 2925 86 27 subject
2478 2932 24 15 as

1914 2949 80 28 widely
2004 2957 24 15 as
2037 2950 96 28 possible
2142 2951 25 21 in
2176 2951 95 28 Europe,
2284 2951 46 23 and
2338 2951 27 23 of
2374 2951 127 28 promoting

1914 2976 44 23 and
1975 2977 127 28 rewarding
2119 2977 38 23 the
2182 2979 149 28 experiments
2351 2979 26 21 of
2394 2978 107 23 scientific

1912 3011 61 15 men.

1940 3031 47 22 The
2008 3031 132 23 Committee
2155 3031 59 23 need
2223 3034 40 20 not
2271 3031 65 23 insist
2345 3039 60 21 upon
2415 3031 37 23 the
2463 3033 39 21 ob-

1913 3057 62 23 vious
1994 3057 47 23 fact
2058 3058 49 22 that
2123 3057 38 23 the
2175 3059 137 27 landowner,
2330 3059 38 21 the
2378 3059 122 27 merchant,

1914 3084 36 22 the
1961 3084 123 28 mechanic,
2096 3085 46 22 and
2151 3085 29 22 all
2190 3085 65 23 other
2262 3085 145 28 descriptions
2415 3086 26 22 of
2450 3093 50 20 per-

1914 3118 51 15 sons
1974 3111 25 21 in
2010 3111 37 22 the
2057 3111 133 27 settlement,
2201 3120 37 14 are
2248 3113 123 22 interested
2378 3113 25 21 in
2412 3112 88 27 provid-

1913 3138 39 27 ing
1968 3137 49 23 that
2034 3137 80 28 which,
2133 3139 21 21 if
2173 3139 112 27 obtained,
2306 3139 45 22 will
2368 3139 56 22 rank
2442 3139 57 22 New

1914 3165 100 21 Zealand
2032 3172 83 20 among
2130 3165 62 23 those
2208 3165 98 28 wealthy
2321 3166 97 22 colonies
2427 3166 73 22 which

1914 3191 79 28 supply
2010 3191 37 23 the
2062 3192 87 22 mother
2163 3196 94 25 country
2264 3193 55 22 with
2328 3193 38 22 the
2376 3200 43 15 raw
2429 3196 70 19 mate-

1913 3215 41 25 rial
1964 3219 27 22 of
2001 3218 64 23 those
2074 3219 166 23 manufactures
2249 3227 60 20 upon
2319 3219 75 23 which
2401 3220 28 22 its
2438 3227 61 20 pros-

1914 3245 78 28 perity,
2004 3245 21 22 if
2036 3248 40 20 not
2083 3245 33 23 its*
2119 3246 120 28 existence,
2251 3254 51 14 now
2312 3246 105 28 depends.

1942 3271 163 29 Subscriptions
2122 3280 39 15 are
2175 3276 24 19 to
2213 3273 30 22 be
2256 3273 54 28 paid
2317 3273 49 22 into
2376 3273 37 22 the
2423 3273 76 22 Union

1915 3298 70 28 Bank,
2004 3299 25 21 in
2048 3299 38 23 the
2104 3306 66 16 name
2189 3301 26 21 of
2224 3300 39 22 the
2281 3300 121 23 Treasurer
2419 3304 24 19 to
2462 3300 37 23 the

1914 3325 150 23 Association.

2084 3358 148 18 SUBSCRIBER'S
2248 3361 83 16 NAMES.

1905 3387 44 28 iW.
1961 3386 131 24 Wakefield.
2107 3388 12 21 5
2147 3389 14 20 5
2188 3388 56 22 OH.
2251 3388 37 22 W.
2298 3388 65 22 Petre
2369 3403 4 5 .
2381 3403 6 5 .
2404 3389 12 21 5
2443 3389 14 20 5
2485 3391 14 19 0

1904 3425 2 20 i
1916 3414 27 21 G.
1954 3414 22 21 S.
1990 3414 85 22 Evans.
2083 3415 35 21 .5
2147 3415 14 21 5
2188 3415 58 21 OM.
2257 3415 100 27 Murphy
2368 3416 130 21 ..220

1916 3440 29 22 H.
1957 3441 106 27 Moreing
2071 3456 5 6 .
2083 3456 5 6 .
2106 3442 13 20 5
2147 3442 14 21 5
2188 3442 60 22 OW.
2257 3441 28 22 V.
2294 3442 96 22 Brewer.
2404 3443 13 19 2
2443 3442 15 21 2
2484 3443 15 21 0

1904 3464 2 29 !
1916 3468 28 21 D.
1955 3467 95 23 Sinclair
2071 3469 131 21 ..550
2213 3468 75 22 David
2297 3469 63 21 Scott
2368 3468 132 22 ..550

1915 3494 24 22 F.
1959 3494 30 22 A.
2010 3494 84 23 Moles-
2213 3495 31 23 H.
2255 3496 32 21 St.
2297 3495 50 22 Hill
2369 3495 131 21 ..550

1941 3521 71 22 worth
2107 3523 13 21 5
2147 3523 14 20 5
2188 3522 52 22 OR.
2250 3522 30 22 D.
2295 3522 97 22 Hanson
2404 3522 13 20 5
2444 3522 14 20 5
2485 3524 15 19 0

1917 3548 27 21 A.
1954 3548 66 27 Hort,
2034 3548 43 28 jun
2086 3549 32 21 .5
2145 3549 14 21 5
2187 3551 14 20 0
2210 3560 29 4 —
2247 3548 130 22 Wickstead
2384 3548 115 22 .550

1915 3574 35 22 W.
1963 3574 26 22 B.
2003 3575 90 22 Rhodes
2211 3576 35 21 W.
2257 3575 34 22 M.
2303 3575 72 22 Smith
2383 3575 115 21 .550

1940 3602 46 22 and
1994 3602 31 22 Co
2106 3603 13 21 5
2146 3603 14 21 5
2187 3605 14 19 0
2211 3602 179 27 T.M.Partridge
2402 3602 13 21 5
2442 3602 13 20 5
2483 3603 15 20 6

1914 3628 68 28 Henry
1982 3628 110 28 Shuttl-
2211 3629 21 22 S.
2244 3629 34 21 Re
2280 3636 55 14 vans
2401 3628 14 21 5
2441 3628 15 21 5
2484 3630 14 20 0

1907 3656 12 18 *
1940 3655 70 22 worth
2105 3656 13 21 5
2145 3656 14 21 5
2185 3656 46 22 OJ.
2238 3655 45 22 and
2288 3656 27 21 G.
2318 3655 71 22 Wade
2401 3656 14 20 5
2441 3655 14 20 5
2482 3657 15 19 0

1912 3682 23 22 J.
1946 3681 145 23 C/Crawford
2105 3683 13 21 5
2145 3683 13 21 5
2185 3684 14 20 0
2210 3682 53 27 Hay
2272 3682 46 22 and
2325 3682 64 22 Mac-

1912 3707 120 30 Ridgways
2046 3709 45 22 and
2236 3709 70 21 hattie
2401 3708 13 21 5
2441 3708 14 20 5
2483 3710 14 19 0

1939 3736 31 21 Co
2104 3737 12 20 5
2145 3737 13 20 5
2185 3735 46 23 OJ.
2242 3736 83 21 Dorset
2338 3749 46 7 ....
2401 3735 13 20 5
2441 3735 13 20 5
2482 3736 14 20 0

1912 3762 25 22 E.
1948 3762 91 22 Daniell
2069 3763 129 21 ..550
2387 3772 7 7 •

1912 3788 179 23 Waters&Smith
2104 3790 13 20 5
2145 3790 13 20 5
2185 3791 14 19 0
2354 3788 59 23 £130
2439 3789 15 21 4
2479 3790 15 19 0

1912 3815 72 23 Willis
1994 3816 44 22 and
2051 3816 37 22 Co.
2102 3817 13 20 5
2144 3816 12 21 5
2184 3817 14 20 0

1918 3868 85 24 TUST
2027 3868 162 28 RECEIVED,
2216 3868 195 23 PARCHMENT
2434 3867 60 23 FOR

1913 3891 23 26 O
1975 3896 108 22 DEEDS.
2323 3898 5 6 *
2350 3893 5 3 '
2442 3896 52 23 r:^

2092 3922 76 28 Office,
2180 3922 51 22 Jan.
2242 3922 19 27 7,
2274 3922 59 22 1841.
2405 3943 4 3 .

105 609 83 22 NEW
207 609 173 20 ZEALAND
399 607 186 22 COMPANY.

51 643 93 29 Capital,
159 642 120 28 £100,000,
293 642 25 21 in
327 643 56 20 4000
392 641 81 22 Shares
483 641 26 22 of
519 639 47 23 J025
578 639 63 28 each,

276 668 31 22 all
316 668 54 28 paid
379 675 37 21 up.

167 703 102 18 Governor:
280 703 44 19 .The
332 703 57 16 Eaki,
396 707 24 12 or
428 702 99 17 Durham.

146 731 184 21 Deputy-Governor:
341 729 75 18 Joseph
425 730 71 20 Somes,
503 729 44 19 Esq.

289 761 110 13 directors
405 762 4 12 :

135 785 90 17 Viscount
232 785 88 21 Ingestre,
328 785 53 20 M.P.,

134 806 49 18 Xord
190 806 60 19 Petre,
335 813 6 9 v

134 827 65 21 Henry
205 827 23 17 A.
235 827 96 20 Aglionby,
340 826 49 21 Esq.,
397 827 54 19 M.P.,

136 848 49 17 Hon.
192 848 74 16 Francis
273 848 75 20 Baring,
352 847 56 20 *M.P.,

134 869 49 17 John
191 869 83 17 Ellorker
280 868 91 21 Boulcptt,
383 869 48 20 Esq.,

135 889 50 18 John
192 889 80 16 William
279 889 76 20 Buckle,
361 889 48 21 Esq.,

127 909 4 2 '
137 910 74 17 Russell
219 910 63 19 Ellice,
290 910 50 21 Esq.,

136 931 61 17 James
205 931 68 17 Robert
280 931 73 19 Gowen,
361 931 49 21 Esq.,

136 951 47 17 John
191 952 56 17 Hine,
254 951 49 24 Esq.,

136 972 81 17 William
223 971 54 19 Hutt,
286 971 49 20 Esq.,

136 993 77 16 Stewart
219 992 129 19 Majoribanks,
361 992 48 21 Esq.,

134 1013 105 17 Alexander
246 1012 64 20 Nairn,
318 1012 49 21 Esq.,

115 1036 6 4 *
130 1034 53 20 .John
191 1033 54 20 Pirie,
253 1033 50 20 Esq.,
310 1034 105 18 Alderman,

136 1055 28 16 Sir
172 1054 68 20 George
247 1053 82 20 Sinclair,
338 1053 55 20 Bart.,
402 1054 54 19 M.P.,

134 1073 49 18 John
190 1075 45 16 Abel
244 1074 64 20 Smith,
317 1075 50 20 Esq.,
377 1074 54 20 M.P.,

136 1096 47 18 Won.
195 1096 111 19 Thompson,
321 1095 49 20 Esq.,
384 1095 105 19 Alderman,
504 1094 53 20 M.P.,

192 1116 96 17 Frederick
295 1116 38 17 Jas.
341 1116 120 20 Tollemache,
472 1115 54 21 M.P.«

127 1145 4 3 •
136 1137 77 17 Edward
221 1137 21 17 G.
250 1136 104 20 Wakefield,
361 1138 36 20 Esq
404 1148 5 9 ,

135 1158 28 17 Sir
171 1158 64 19 Henry
242 1157 63 19 Webb,
313 1157 57 21 Bart.,

135 1180 69 16 Arthur
212 1178 64 20 Willis,
284 1178 50 20 Esq.,

137 1201 68 19 George
214 1199 97 17 Frederick
319 1199 71 21 Young,
398 1199 43 21 Esq.

197 1227 93 20 Secretary
295 1232 4 11 :
312 1227 54 16 Johk
373 1227 70 19 Ward,
453 1227 41 20 Esq.

52 1254 90 50 THE
151 1255 63 21 main
222 1255 98 21 features
329 1255 26 20 of
361 1254 37 22 the
406 1257 84 24 system
498 1253 27 23 of
531 1252 113 22 coloniza-

124 1282 48 21 tion
183 1281 97 27 adopted
291 1281 29 26 by
331 1280 37 23 the
381 1281 124 27 Company,
522 1286 44 19 are,
569 1291 29 5 —
598 1281 44 25 Ist,

50 1309 39 21 the
98 1309 45 21 sale
153 1308 26 22 of
189 1308 73 26 lands,
277 1310 23 19 at
314 1315 29 15 an
358 1308 99 22 uniform
472 1307 45 23 and
531 1305 113 23 sufficient

51 1336 69 27 price;
139 1335 46 22 and
198 1335 77 26 2ndly,
292 1334 38 22 the
346 1334 155 28 employment
515 1333 27 22 of
553 1340 14 14 a
581 1333 62 27 large

51 1363 86 26 portion
147 1363 25 20 of
179 1361 38 22 the
226 1361 212 28 purchase-money,
450 1368 23 15 as
484 1369 29 14 an
523 1360 120 27 Immigra-

49 1390 46 21 tion
106 1389 72 22 Fund.
209 1389 28 21 In
247 1388 64 22 these
320 1391 105 25 respects,
441 1389 39 21 the
488 1387 123 29 principles
621 1388 26 21 of

50 1416 69 23 South
132 1415 115 23 Australia
261 1415 59 21 have
334 1415 58 21 been
407 1415 106 22 followed
526 1421 24 15 as
564 1414 79 27 nearly

49 1451 24 14 as
91 1443 174 21 circumstances
279 1441 81 28 would,
381 1442 24 22 in
420 1441 38 23 the
475 1444 93 26 present
584 1448 58 21 case,

51 1470 87 28 permit.

75 1497 48 21 The
137 1496 73 27 grand
225 1495 75 28 object
315 1495 26 22 of
355 1495 38 22 the
409 1503 57 20 new,
480 1503 25 14 or
517 1495 125 28 improved,

49 1527 83 24 system
142 1524 26 21 of
178 1523 38 22 the
227 1523 99 27 disposal
340 1523 27 21 of
383 1522 97 22 colonial
493 1521 73 28 lands,
583 1522 20 22 is
620 1526 22 18 to

49 1551 99 27 regulate
163 1550 37 21 the
215 1550 82 27 supply
312 1549 26 22 of
355 1557 50 14 new
418 1549 62 27 land,
496 1550 31 26 by
543 1549 38 21 the
595 1549 48 22 real

51 1581 68 18 wants
132 1577 25 21 of
171 1577 38 21 the
225 1577 118 26 Colonists,
360 1584 24 14 so
399 1576 49 22 that
462 1577 38 22 the
515 1576 55 21 land
585 1575 59 22 shall

51 1611 66 15 never
134 1604 28 21 be
181 1603 72 22 either
272 1603 191 28 superabundant,
484 1611 26 14 or
528 1603 112 27 deficient,

49 1631 71 22 either
135 1634 37 18 too
189 1631 77 26 cheap,
277 1637 33 27 jpr
329 1634 37 18 too
385 1631 61 21 dear.
484 1631 23 22 It
524 1629 41 22 has
583 1630 59 21 been

49 1658 76 22 shown
134 1657 49 22 that
192 1658 39 21 the
240 1653 52 26 due*'
296 1658 132 27 proportion
442 1658 104 21 between
560 1657 82 27 people

50 1685 44 22 and
100 1684 55 23 land
160 1691 53 21 may
218 1684 28 23 be
255 1684 128 27 constantly
388 1684 94 23 secured
488 1685 32 27 by
526 1683 116 23 abandon-

49 1712 38 27 ing
96 1712 38 22 the
144 1711 38 22 old
191 1714 84 25 system
287 1711 26 22 of
324 1719 97 19 grants,
432 1711 45 22 and
486 1711 117 27 requiring
613 1718 28 15 an

50 1738 96 23 uniform
156 1738 61 28 price
228 1745 40 21 per
276 1745 58 20 acre,
350 1738 35 22 for
393 1738 31 22 all
433 1746 50 15 new
493 1738 72 26 lands,
578 1738 65 22 with-

51 1769 38 18 out
98 1766 126 27 exception.
253 1765 26 22 If
290 1765 37 22 the
337 1766 61 26 price
409 1766 28 21 be
451 1769 42 18 not
506 1768 37 19 too
557 1764 52 28 low,
624 1765 19 22 it

50 1792 71 22 deters
131 1792 137 27 speculators
277 1792 59 22 from
352 1792 116 28 obtaining
480 1791 64 28 land,
559 1792 55 21 with
629 1800 14 14 a

49 1820 56 21 view
114 1822 22 19 to
146 1819 91 27 leaving
246 1819 59 22 their
313 1824 107 23 property
428 1820 23 22 in
463 1827 13 14 a
487 1820 75 21 desert
575 1822 65 24 state,

49 1846 44 22 and
107 1846 52 21 thus
172 1849 107 24 prevents
287 1846 110 26 injurious
408 1846 123 29 dispersion
538 1854 5 18 ;
559 1846 19 21 it
587 1846 53 27 also,

49 1872 29 29 by
88 1872 137 28 compelling
232 1879 68 21 every
306 1872 105 23 labourer
419 1877 22 18 to
449 1874 61 21 work
518 1872 35 22 for
560 1880 80 20 wages,

48 1900 57 21 until
115 1900 28 21 he
153 1900 40 21 has
203 1899 69 22 saved
287 1899 37 22 the
335 1900 54 27 only
399 1907 78 16 means
487 1900 27 22 of
525 1900 119 26 obtaining

49 1926 59 28 land,
119 1927 87 21 insures
221 1934 14 13 a
249 1926 82 28 supply
346 1926 26 23 of
381 1927 81 22 labour
475 1928 36 21 for
524 1926 57 22 hire.
612 1927 28 27 If,

49 1961 28 14 on
87 1954 39 21 the
136 1952 142 26 other-hand,
294 1953 37 20 the
341 1953 62 25 price
412 1954 79 21 bfc/not
500 1957 38 16 too
547 1953 62 25 high,
625 1953 19 20 it

146 1979 98 19 o-jrrSrTcs
254 1978 38 20 the
303 1978 87 21 settlers
407 1976 45 22 wiV
460 1985 22 13 \u
498 1984 14 14 &
526 1984 66 20 space
607 1977 35 20 in-

48 2003 159 28 conveniently
223 2010 96 20 narrow,
334 2010 43 15 nor
392 2003 54 22 docs
460 2005 17 20 it
493 2006 96 25 prevent
604 2003 37 22 the

48 2031 78 27 thrifty
139 2031 105 21 labourer
258 2030 59 22 from
331 2031 121 27 becoming
467 2038 12 14 a
490 2030 150 27 land-owner,

49 2058 57 21 after
115 2057 102 27 working
226 2064 63 15 some
299 2057 54 22 time
363 2057 36 22 for
408 2064 81 21 wages.

77 2085 20 22 A
115 2084 118 27 sufficient,
250 2085 43 20 but
310 2088 42 18 not
369 2092 63 13 more
452 2085 55 21 than
527 2083 116 22 sufficient

48 2112 65 27 price*
119 2112 34 21 for
166 2111 31 22 all
209 2118 51 14 new
274 2111 62 27 land,
352 2111 19 22 is
386 2111 39 22 the
440 2112 62 21 main
517 2111 87 21 feature
620 2111 26 21 of

51 2138 35 22 the
104 2145 49 15 new
168 2142 85 23 system
268 2138 27 21 of
311 2138 158 22 colonization.
503 2138 23 21 It
541 2138 101 21 obviates

49 2173 66 19 every
126 2165 85 27 species
226 2165 27 22 of
265 2165 104 27 bondage
376 2173 4 18 ;
401 2165 31 28 by
446 2165 120 28 providing
581 2172 61 14 com-

49 2192 87 22 binable
145 2192 86 27 labour,
242 2191 19 22 it
269 2192 93 21 renders
370 2191 104 29 industry
481 2199 55 20 very
545 2191 97 28 produc-

42 2220 57 26 -tive,
111 2219 44 22 and
164 2219 123 22 maintains
296 2219 55 22 both
361 2219 54 27 high
431 2226 79 20 wages,
527 2218 47 22 and
587 2218 55 28 high

43 2246 93 27 profits;
157 2246 19 22 it
191 2246 77 21 makes
288 2246 38 21 the
345 2246 82 27 colony
442 2254 25 14 as
483 2246 118 22 attractive
618 2253 25 14 as

39 2273 111 27 ..possible,
164 2272 57 22 both
236 2276 23 19 to
275 2272 123 28 capitalists
414 2273 44 22 and
473 2277 24 18 to
511 2272 116 22 labourers
635 2281 6 19 ;

35 2299 58 23 -:«nd
102 2304 41 17 not
151 2299 86 28 merely
246 2303 23 18 to
279 2300 70 26 these,
362 2300 42 21 but
414 2300 53 27 also,
477 2301 31 26 by
517 2299 127 27 bestowing

49 2334 28 15 on
91 2326 38 22 the
141 2326 87 27 colony,
246 2326 38 22 the
295 2327 74 21 better
383 2327 118 22 attributes
516 2326 26 21 of
559 2333 29 15 an
605 2326 39 22 old

48 2354 89 27 society,
149 2356 22 19 to
179 2353 64 22 those
252 2353 50 22 who
309 2353 58 22 have
374 2361 14 14 a
395 2353 91 22 distaste
494 2353 34 22 for
534 2353 62 22 what
602 2353 41 22 has

48 2380 123 22 heretofore
180 2380 60 23 been
249 2380 39 23 the
302 2380 114 28 primitive
426 2380 117 23 condition
553 2380 28 22 of
590 2388 52 15 new

49 2407 103 22 colonies.

75 2434 46 22 The
130 2438 64 24 great
202 2434 76 27 object
288 2434 26 21 of
324 2434 38 22 the
371 2434 61 28 price
441 2435 19 22 is
472 2438 24 19 to
510 2441 80 15 secure
604 2434 39 22 the

49 2465 57 18 most
115 2461 108 22 desirable
232 2461 143 27 proportions
383 2462 103 23 between
500 2460 81 29 people
596 2461 46 22 and

48 2487 53 23 land
106 2496 7 19 ;
127 2489 42 22 but
177 2488 38 22 the
225 2488 54 28 plan
289 2488 42 22 has
340 2488 37 22 the
385 2488 87 23 further
478 2488 72 23 result
557 2488 26 22 of
590 2495 52 21 pro-

49 2514 81 28 ducing
140 2523 13 14 a
162 2522 106 19 revenue,
286 2514 73 23 which
373 2516 47 21 will
433 2520 42 18 not
491 2515 54 28 only
560 2515 82 29 supply

49 2542 36 21 the
96 2542 106 28 requisite
216 2542 68 28 profit
298 2546 22 18 to
336 2542 37 22 the
390 2542 155 23 shareholders
560 2542 27 22 of
602 2542 39 23 the

49 2569 120 27 Company,
193 2569 42 22 but
258 2568 112 23 furnishes
393 2569 38 23 the
454 2577 79 16 means
551 2569 36 22 for
610 2577 30 14 an

51 2596 151 27 Immigration
213 2596 73 27 Fund,
287 2608 32 5 —
320 2603 14 14 a
341 2596 56 22 fund
405 2596 129 28 constantly
541 2596 101 28 applica-

47 2622 35 23 ble
99 2626 23 18 to
137 2622 37 23 the
190 2631 97 19 purpose
304 2623 27 22 of
342 2624 108 28 bringing
463 2624 81 22 labour
560 2627 25 18 to
601 2624 39 21 the

47 2649 79 29 colony
127 2662 31 4 —
159 2650 50 21 that
221 2650 27 27 is,
265 2650 24 22 in
306 2650 94 27 causing
416 2651 38 22 the
470 2652 52 21 best
540 2658 57 15 sort
617 2650 27 23 of

47 2676 148 23 colonization
205 2680 23 18 to
237 2676 99 33 proceed
345 2680 22 19 at
377 2678 39 22 the
429 2680 99 26 greatest
540 2678 99 27 possible

47 2710 52 15 rare.
128 2704 55 21 And
190 2704 44 22 this
240 2711 20 15 is
266 2704 39 22 the
313 2705 84 22 second
406 2705 87 22 feature
504 2704 26 22 of
541 2704 39 23 the
590 2712 50 15 new

47 2734 89 23 system.

37 2784 2 4 
72 2764 47 22 The
130 2765 154 27 employment
293 2766 27 21 of
334 2765 38 22 the
386 2766 213 28 purchase-money,
615 2772 26 15 or

47 2791 37 21 the
92 2792 110 27 principal
211 2795 51 24 part
271 2793 27 21 of
307 2793 25 26 it,
341 2793 25 21 in
376 2794 129 27 conveying
513 2792 88 22 settlers
616 2796 23 18 to

48 2817 35 23 the
93 2819 88 27 colony,
191 2819 42 22 has
242 2819 38 22 the
290 2819 116 28 following
416 2821 83 21 effects.
529 2819 23 22 It
562 2819 78 22 makes

48 2844 36 22 the
98 2845 132 28 purchasers
244 2846 28 21 of
286 2846 55 22 land
355 2854 37 15 see
407 2847 93 28 plainly,
515 2846 52 21 that
581 2846 60 22 their

48 2878 81 22 money
137 2872 46 22 will
190 2873 29 21 be
228 2873 110 22 returned
345 2873 25 22 in
385 2873 38 22 the
436 2874 69 28 shape
519 2874 26 21 of
559 2873 81 22 labour

48 2898 43 22 and
99 2899 139 28 population.
267 2899 23 22 It
299 2900 72 27 tends,
386 2900 25 21 in
421 2901 52 27 fact,
489 2902 24 19 to
521 2899 71 22 lower
600 2900 39 21 the

47 2932 116 22 necessary
182 2925 108 23 standard
309 2927 25 21 of
350 2927 70 27 price,
433 2928 105 26 because,
557 2927 55 21 with
627 2934 13 15 a

48 2956 101 19 constant
156 2953 75 22 influx
241 2953 27 21 of
278 2953 79 28 people
367 2956 23 19 to
400 2955 39 20 the
449 2954 89 27 colony,
546 2953 39 22 the
595 2953 44 22 due

47 2981 126 26 proportion
178 2981 104 21 between
288 2986 79 22 people
376 2979 45 23 and
428 2981 54 22 land
489 2987 54 21 may
548 2980 30 22 be
585 2980 55 28 kept

49 3012 27 21 up
84 3006 31 27 by
124 3014 14 15 a
145 3007 70 22 lower
223 3007 68 27 price,
305 3007 55 22 than
369 3007 21 22 if
402 3007 62 22 there
474 3014 59 15 were
542 3014 31 15 no
583 3008 55 21 such

49 3031 146 30 immigration
202 3050 5 5 .
223 3033 28 22 It
259 3033 112 22 therefore
378 3034 131 23 diminishes
517 3034 38 21 the
562 3034 78 28 period

50 3059 77 28 during
136 3061 73 21 which
218 3060 39 22 the
265 3061 105 22 labourer
384 3065 61 18 must
455 3061 63 23 work
532 3061 35 22 for
581 3061 57 27 hire,

51 3087 42 21 and
101 3087 29 27 by
140 3087 38 22 the
190 3087 66 28 rapid
270 3095 101 20 progress
386 3088 74 23 which
473 3089 20 22 it
506 3091 94 24 imparts
615 3091 24 20 to

50 3112 36 22 the
94 3114 48 21 best
152 3118 46 17 sort
206 3115 26 21 of
243 3115 158 27 colonization,
416 3116 19 21 it
449 3115 103 29 explains
567 3118 23 18 to
599 3115 39 22 the

51 3139 112 29 labouring
172 3141 56 22 class
239 3142 27 21 of
270 3142 150 28 immigrants,
430 3143 50 22 that
489 3149 67 20 every
564 3149 43 16 one
616 3143 27 22 of

51 3165 58 23 them
120 3167 51 22 who
185 3168 21 21 is
219 3168 138 23 industrious
374 3169 46 22 and
436 3168 86 28 thrifty,
540 3176 54 20 may
609 3169 29 23 be

49 3200 49 15 aure
106 3196 23 19 to
138 3195 92 22 become
242 3199 42 18 not
298 3195 85 29 merely
398 3204 29 15 an
442 3203 77 16 owner
533 3196 28 22 of
576 3197 61 26 land,

51 3219 38 22 but
103 3221 46 22 also
164 3221 24 22 in
207 3222 35 22 his
261 3225 60 24 turn,
342 3230 29 15 an
392 3224 117 28 employer
527 3223 28 22 of
573 3223 66 23 hired

50 3246 117 28 labourers,
178 3256 14 14 a
200 3252 84 19 master
293 3250 27 21 of
329 3254 110 19 servants.

76 3273 65 23 From
150 3271 62 26 these
222 3276 184 29 considerations,
420 3278 38 21 the
468 3277 120 28 Company
597 3277 42 23 has

51 3299 93 28 adopted
161 3301 39 23 the
216 3310 62 15 same
294 3307 84 24 system
394 3304 26 23 of
436 3304 117 29 disposing
567 3305 27 22 of
609 3304 30 23 its

51 3330 64 18 waste
126 3327 72 29 lands,
213 3337 24 14 as
253 3330 41 22 has
308 3330 91 28 already
413 3330 85 29 proved
512 3330 80 29 highly
604 3332 35 22 fa-

51 3354 102 23 vourable
167 3358 22 19 to
204 3356 36 22 the
254 3357 185 27 productiveness
453 3358 27 23 of
493 3358 107 28 industry
613 3359 24 22 in

50 3380 68 22 South
127 3381 121 24 Australia.
277 3384 28 22 In
315 3392 14 14 a
339 3392 51 15 new
400 3385 88 28 colony,
503 3385 96 27 planted
612 3386 25 22 in

50 3413 13 14 a
71 3407 71 22 fertile
152 3409 45 22 and
211 3410 115 23 extensive
341 3412 111 28 territory,
467 3414 20 21 it
500 3419 20 15 is
535 3412 102 29 obvious,

50 3433 47 21 that
114 3434 38 22 the
168 3436 168 24 establishment
350 3439 27 22 of
392 3438 56 23 such
463 3447 14 14 a
491 3442 85 25 system
589 3440 20 22 is
625 3448 14 14 a

50 3462 78 20 matter
144 3462 27 21 of
186 3462 38 23 the
240 3463 92 29 deepest
348 3469 103 20 moment
466 3469 24 20 to
507 3466 39 22 the
561 3467 76 22 future

50 3488 85 20 welfare
147 3489 26 20 of
185 3490 92 28 society.
409 3493 19 22 it
441 3493 39 23 the
494 3493 53 22 best
560 3493 77 23 effects

50 3520 50 19 may
109 3515 53 21 with
171 3516 128 23 confidence
308 3518 29 23 be
346 3520 138 28 anticipated
490 3527 4 14 :
511 3527 14 15 a
531 3523 107 20 constant

50 3541 43 20 ■md
101 3541 89 26 regular
198 3543 80 27 supply
287 3545 27 21 of
324 3552 50 16 new
382 3546 55 23 land
445 3547 25 23 in
485 3546 44 23 due
543 3555 94 21 propor-

47 3569 47 19 tion
102 3569 24 19 to
134 3568 39 20 the
192 3572 70 18 wants
271 3570 25 21 of
306 3579 14 14 a
326 3573 130 28 population
468 3574 129 28 increasing
607 3575 32 28 by

48 3596 69 18 births
126 3596 46 19 and
184 3598 162 28 immigration;
364 3600 31 21 all
408 3600 38 23 the
461 3600 138 28 advantages
613 3605 24 19 to

47 3623 73 18 which
127 3623 103 20 facilities
239 3623 26 20 of
275 3626 111 27 transport
393 3628 45 21 and
444 3628 193 23 communication

47 3652 37 16 are
94 3648 104 21 essential
205 3656 6 18 ;
227 3650 109 26 certainty
349 3653 26 21 of
384 3652 76 30 limits,
477 3654 45 23 and
537 3656 100 26 security

47 3675 26 19 of
84 3675 46 20 title
141 3676 23 19 to
173 3678 106 28 property
287 3676 23 22 in
322 3676 67 30 land;
405 3680 36 23 the
451 3685 101 24 greatest
563 3682 73 23 facili-

45 3702 42 19 ties
96 3706 29 15 on
134 3707 119 22 acquiring
261 3703 37 20 the
310 3703 41 23 due
361 3708 114 27 quantity;
489 3708 39 22 the
538 3712 100 24 greatest

45 3732 190 22 encouragement
247 3732 23 18 to
279 3729 149 29 immigration
439 3734 45 22 and
493 3736 142 22 settlement:

47 3755 44 20 and
105 3755 37 20 the
157 3758 58 18 most
228 3756 64 27 rapid
306 3765 103 21 progress
423 3761 24 21 of
463 3760 38 23 the
514 3763 81 26 people
609 3763 24 23 in

45 3781 100 21 material
155 3782 96 22 comfort
259 3783 46 22 and
314 3785 68 22 social
390 3786 190 28 improvement/

1294 3875 88 52 JUST
1396 3874 133 25 OPENED,
1547 3873 88 23 various
1651 3872 65 23 kinds
1733 3872 26 22 of
1777 3870 100 24 WRAP-

1352 3901 77 22 PING
1443 3901 110 22 PAPER.

1299 3929 4 22 i
1469 3927 78 27 Office,
1558 3927 56 23 Dec.
1625 3927 33 25 24,
1670 3926 61 22 1840.

672 3283 73 50 ON
762 3283 86 28 SALE,
864 3291 29 15 ex

754 3313 28 21 40
792 3311 55 28 bags
855 3311 50 23 best
915 3311 98 23 colonial
1021 3311 66 28 flour,

752 3340 14 20 2
780 3338 80 22 tierces
869 3338 101 27 tobacco,

753 3367 11 20 1
775 3365 50 23 bale
835 3365 42 23 sail
886 3372 101 21 canvass,

752 3394 29 20 60
794 3393 73 27 pieces
881 3392 69 28 fancy
959 3392 78 29 prints,

752 3421 15 21 4
781 3426 61 16 cases
853 3419 66 28 slops.

821 3446 56 22 And
894 3446 32 28 by
944 3445 45 23 late
1009 3446 100 29 arrivals,

752 3475 28 21 10
795 3473 72 23 chests
882 3473 75 28 hyson
973 3473 50 23 skin
1039 3476 44 25 tea,

751 3502 29 21 50
794 3501 68 22 boxes
879 3500 97 22 London
991 3508 61 21 soap,

751 3529 13 21 5
780 3530 50 20 tons
845 3527 121 28 Liverpool
980 3527 48 28 salt,

750 3557 14 20 3
780 3555 55 22 ditto
849 3555 79 22 brown
942 3562 72 20 sugar,

750 3584 14 20 6
779 3581 54 28 kegs
847 3582 101 28 superior
956 3581 99 28 tobacco,

750 3611 14 20 6
780 3612 45 20 cwt
842 3609 139 27 gunpowder
994 3609 24 22 in
1033 3608 115 28 canisters,

750 3637 28 21 20
792 3635 55 28 kegs
861 3635 101 23 assorted
977 3635 65 28 nails,

750 3664 28 21 50
792 3663 55 27 kegs
860 3663 57 22 ditto
935 3663 82 27 paints,

749 3691 14 20 2
778 3690 65 23 hhds.
856 3690 66 28 paint
940 3689 37 27 oil,

750 3718 41 21 100
804 3716 50 23 doz.
873 3716 115 25 Dunbar's
1006 3715 86 24 bottled
1107 3715 42 28 ale,

749 3744 40 21 An
797 3744 114 24 extensive
916 3746 135 20 assortment
1056 3743 28 22 of
1089 3744 168 27 irojunongery,

750 3771 66 22 Paint
828 3770 103 30 brushes,
940 3771 42 23 &c.
993 3770 45 23 ,&c.
1054 3771 41 22 &c.

967 3797 82 23 Waitt
1064 3796 45 23 and
1123 3796 109 23 Tinline.

694 3824 54 22 Port
757 3824 132 27 Nicholson,
901 3824 56 23 Dec.
968 3823 40 28 10/
1017 3824 62 23 1840.

152 3836 99 22 BILLS
265 3838 44 21 OF
323 3839 204 25 EXCHANGE.

46 3869 451 58 P'SWofK^S?
511 3879 43 23 AT
568 3879 63 24 THE

73 3923 129 24 November
211 3927 21 25 4,
246 3927 60 23 1840.

666 3879 72 48 ON
754 3878 85 28 SALE,
854 3882 24 19 at
888 3879 43 22 this
942 3878 77 29 Office,
1030 3878 49 23 files
1089 3878 26 23 of
1125 3878 38 25 the
1201 3878 56 23 New

744 3906 100 21 Zealand

846 3932 77 27 Office,
936 3932 58 23 Nov.
1004 3934 33 25 28,
1049 3934 61 21 1840.

714 606 115 22 UNION
843 607 100 20 BANK
958 607 44 21 OF
1016 602 219 26 AUSTRALIA.

676 639 97 22 London
791 639 91 27 Office,
899 639 44 22 No.
957 641 38 26 39,
1013 640 50 22 Old
1078 640 194 22 Broad-street.'

730 672 95 28 Capital,
835 672 122 28 £500,000;
978 672 52 28 paid
1039 681 36 21 up,
1091 673 118 28 £300,000.

912 710 119 14 directors:

783 733 69 22 George
857 733 40 18 life
904 735 67 20 Angas.,
978 735 50 20 Esq.,

784 754 67 17 Robert
858 755 75 20 Brooks,
941 754 50 22 Esq.',

782 775 62 17 James
851 775 49 17 John
905 775 11 21 '
916 775 91 21 Cummins,
1015 776 53 21 Esq.,'

765 802 2 3 •
858 795 95 23 GaraonerJ
964 797 50 21 Esq.,
1026 797 121 21 Manchester,

751 847 5 3 -
782 837 49 18 John
834 829 166 29 3WSttfefiißjkMe,
1006 839 47 21 Esq.,
1180 839 52 23 ■%_
1253 849 2 2 -
1274 835 2 27 j

782 855 251 24 BenjamiTrKJlHh'cloTiSsq.,
1111 856 14 11 ~*

783 879 73 17 Charles
865 879 75 17 Edward
940 880 95 22 JMangles,
1041 879 50 21 Esq.,
1274 873 2 30 j

698 901 3 11 '
782 898 264 26 Christophex^&ajwspnrEsq.,
1057 901 80 20 Halifax,
1274 908 2 9 i

783 921 78 17 Thomas
868 922 64 20 Sands,
939 921 157 22 JSsq.pLiverpdol,
1120 924 2 2 '
1274 917 2 21 !

782 942 62 16 James
851 942 56 20 Bogle
914 942 64 19 Smith,
983 942 51 20 Esq.,'

782 962 62 17 James
851 962 80 17 Ruddell
937 963 56 19 Todd,
1002 963 41 20 Esq.

675 989 86 17 Trustees
767 994 6 12 :
789 989 80 17 George
881 989 56 17 Cask
950 989 60 20 Glyn,
1023 990 47 21 Esq.,
1081 990 54 16 John
1147 990 60 19 Gore,
1216 989 49 20 Esq.,

825 1010 39 17 and,
867 1009 66 18 James
940 1010 17 17 J.
965 1010 100 20 Cummins,
1075 1010 49 20 Esq.,

704 1037 81 16 Bankers
791 1042 4 11 :
808 1037 74 16 Messrs.
890 1037 60 19 Glyn,
962 1037 114 20 Hallifax,
1085 1038 71 20 Mills,
1164 1037 37 17 and
1208 1037 29 17 Co.

798 1065 91 19 Secretary
894 1070 5 11 :
911 1065 83 16 Samuel
1001 1065 93 20 Jackson,
1103 1065 42 21 Esq.
1155 1079 4 6 ,

768 1091 80 18 Colonial
856 1092 92 21 Inspector
954 1098 3 11 :
970 1093 18 16 J.
996 1093 18 16 C.
1021 1093 103 20 M'Laren,
1132 1093 43 20 Esq.
1183 1094 3 3 '

799 1140 68 21 New
886 1140 123 21 Zealand
1028 1141 115 21 Branch.

676 1172 53 17 Local
737 1173 91 17 Directors
835 1178 5 12 :
851 1171 51 19 'Geo.
914 1174 17 16 S.
943 1174 73 19 Evans,
1028 1174 49 21 Esq.,
1089 1174 70 20 D.C.L.,
1170 1175 38 16 and
1220 1174 47 16 Geo.

1002 1196 42 20 Esq.

675 1222 98 21 Manager:
784 1222 50 17 John
842 1222 71 20 Smith,
921 1222 48 21 Esq.,
979 1222 36 17 late
1023 1222 19 17 of
1051 1222 30 17 the
1089 1222 117 17 Commercial
1214 1222 53 17 Bank

843 1244 22 16 of
874 1243 88 21 England,
976 1243 120 17 Manchester.

787 1270 114 23 Branches
912 1274 22 19 at
950 1271 98 28 Sydney,

950 1298 175 28 llobartTown,

952 1325 9 22 1
969 1328 131 24 <aunceston,
1112 1325 45 22 and

950 1352 55 22 Tort
1015 1352 80 28 Philip.

675 1385 55 22 Port
740 1385 130 28 Nicholson,
881 1385 80 23 March
972 1387 34 26 24,
1018 1388 61 20 1840.
