2559 3999
1459 1268 245 17 THERMOMETER.

1461 1978 117 22 LATEST
1592 1979 110 21 DATES.

1287 2007 98 22 London
1651 2007 64 31 Aug.
1729 2009 40 27 24,
1797 2011 73 21 1840.

1286 2039 92 31 Sydney
1649 2040 63 25 Nov.
1733 2042 40 28 25,
1799 2044 71 21 1840.

1286 2072 48 31 Bay
1346 2072 25 23 of
1387 2073 92 23 Islands
1651 2073 60 25 Dec.
1748 2076 24 27 9,
1799 2077 71 21 1840.

1285 2105 51 23 Van
1348 2105 122 24 Dieman's
1483 2106 67 24 Land
1572 2124 57 7 ....
1653 2107 60 24 Nov.
1736 2109 37 27 18,
1801 2110 69 22 1840.

1286 2138 54 24 Port
1352 2139 90 32 Phillip
1652 2141 53 23 Oct.
1734 2143 39 26 21,
1800 2143 70 22 1840.

1285 2171 108 24 Adelaide
1651 2174 54 23 Oct.
1735 2174 39 25 17,
1801 2176 69 23 1840.

1941 931 51 24 The
2011 932 87 31 barque
2404 935 97 30 Captain

1907 964 73 30 Marr,
1994 966 90 23 arrived
2096 974 30 16 on
2139 966 123 31 Thursday
2274 967 45 23 last
2335 967 61 23 from
2409 968 92 23 Hobart

1907 997 81 24 Town.
2026 998 47 24 She
2085 1000 72 23 sailed
2170 1007 29 16 on
2209 1000 40 23 the
2256 1000 67 29 20th,
2332 1000 46 23 and
2384 1000 116 24 furnishes

1907 1030 64 24 dates
1983 1035 23 19 to
2020 1031 36 23 the
2071 1032 58 23 18th
2136 1032 138 24 December.
2310 1033 45 24 We
2363 1038 83 19 cannot,
2453 1035 48 22 find

1906 1063 50 24 that
1967 1064 58 23 later
2036 1064 103 32 English
2152 1065 62 24 dates
2226 1066 46 23 had
2282 1066 59 23 been
2355 1067 104 24 received
2477 1068 24 23 in

1906 1097 54 23 Van
1972 1097 121 23 Dieman's
2105 1098 68 23 Land
2185 1099 56 23 than
2259 1099 65 23 those
2345 1107 33 15 we
2397 1101 104 23 received

1905 1130 31 30 by
1955 1130 40 23 the
2205 1132 60 23 from
2285 1132 118 31 Glasgow.
2449 1134 52 23 The

1905 1164 95 29 general
2011 1165 137 29 impression
2159 1165 24 23 in
2195 1164 94 24 Hobart
2300 1165 73 23 Town
2384 1166 67 24 when
2461 1167 40 23 the

1930 1197 65 22 Lord
2007 1197 123 23 Sidmouth
2172 1198 71 23 sailed
2254 1205 46 16 was
2312 1198 50 23 that
2375 1198 45 24 this
2430 1200 21 22 is
2461 1200 39 23 the

1905 1234 50 18 seat
1966 1230 27 22 of
2008 1230 158 24 Government
2175 1240 5 19 ;
2199 1231 43 23 but
2252 1238 95 24 persons
2366 1232 57 24 have
2441 1233 59 23 been

1905 1261 150 31 discouraged
2065 1263 60 23 from
2138 1265 92 29 coming
2241 1265 61 27 here,
2311 1265 24 22 in
2343 1273 157 23 consequence

1905 1295 26 22 of
1945 1295 55 24 Van
2006 1295 123 24 Dieman's
2136 1296 68 24 Land
2213 1297 85 31 having
2309 1298 59 23 been
2380 1299 49 23 well
2438 1299 63 30 plied

1903 1328 57 23 with
1978 1332 134 20 statements
2126 1330 24 22 of
2173 1338 41 15 our
2230 1331 72 30 being
2319 1332 25 22 in
2363 1339 14 15 a
2396 1333 102 30 starving

1904 1361 46 23 and
1960 1362 122 23 miserable
2095 1363 123 23 condition.
2263 1364 51 23 The
2325 1365 64 30 price
2402 1365 24 23 of
2440 1373 55 23 pro-

1904 1395 89 23 visions
2003 1394 62 30 here,
2082 1395 46 23 and
2147 1404 40 15 our
2206 1396 80 31 ability
2306 1397 157 32 immediately
2475 1403 23 19 to

1905 1428 83 30 supply
2012 1428 37 23 the
2072 1433 74 19 wants
2171 1430 24 22 of
2222 1429 84 30 others,
2326 1438 39 16 are
2385 1432 114 24 sufficient

1905 1468 100 16 answers
2016 1465 23 19 to
2051 1461 66 24 these
2129 1462 123 23 creditable
2264 1468 97 26 reports.

1938 1501 44 23 We
1995 1508 37 16 are
2044 1508 66 24 sorry
2122 1506 23 19 to
2152 1503 56 28 find,
2229 1503 48 23 that
2285 1503 63 24 there
2357 1512 39 15 are
2406 1513 94 16 reasons

1903 1534 37 23 for
1950 1539 66 25 great
2026 1536 181 29 apprehensions
2228 1538 131 29 respecting
2378 1538 37 23 the
2431 1539 67 30 grain

1905 1574 66 23 crops
1983 1568 25 22 in
2023 1567 55 24 Van
2095 1568 121 24 Dieman's
2227 1569 76 30 Land,
2323 1571 76 30 owing
2416 1576 23 18 to
2458 1572 40 23 the

1905 1601 97 29 scarcity
2021 1600 25 23 of
2066 1602 63 28 rain;
2155 1610 14 15 a
2179 1602 67 23 letter
2265 1607 70 19 states
2348 1603 63 24 them
2434 1609 22 19 to
2468 1606 30 22 be

1903 1637 53 26 past
1979 1641 116 24 recovery,
2127 1635 44 23 and
2201 1635 39 24 the
2269 1644 82 23 papers
2370 1645 126 21 announce,

1905 1666 49 23 that
1977 1674 43 16 one
2041 1668 134 30 gentleman
2197 1668 50 24 who
2274 1670 111 30 expected
2409 1673 85 26 8,000,

1905 1699 75 23 would
1997 1705 40 18 not
2056 1708 80 16 secure
2155 1704 75 26 2,000
2249 1703 94 23 bushels
2368 1703 25 24 of
2413 1704 82 24 wheat.

1905 1732 50 24 The
1980 1734 144 23 commercial
2143 1739 58 19 state
2228 1735 25 24 of
2278 1736 78 31 things
2380 1745 44 15 was
2449 1738 48 23 also

1905 1774 54 22 very
1987 1767 168 31 unpromising,
2187 1776 25 15 so
2242 1769 70 23 much
2342 1778 33 21 so,
2406 1771 90 29 indeed,

1904 1799 50 23 that
1971 1800 20 23 it
2009 1807 45 16 was
2077 1801 106 31 reported
2206 1801 50 24 that
2278 1807 43 19 two
2340 1803 75 24 banks
2437 1812 60 16 were

1905 1832 144 32 threatening
2062 1838 23 18 to
2104 1835 61 23 wind
2183 1843 31 23 up
2234 1835 59 23 their
2310 1836 119 30 branches,
2452 1838 46 23 and

1904 1865 117 24 withdraw
2037 1867 129 31 altogether
2187 1868 60 23 from
2270 1869 104 32 banking
2397 1870 23 23 in
2443 1871 55 23 Van

1904 1898 120 25 Dieman's
2037 1900 77 24 Land.
2163 1901 23 23 It
2204 1902 20 22 is
2244 1902 52 31 only
2315 1903 46 23 last
2371 1903 65 24 week
2449 1905 49 22 that

1903 1940 33 15 we
1950 1933 72 31 spoke
2035 1934 27 22 of
2083 1934 39 23 the
2141 1941 96 17 manner
2257 1936 24 22 in
2300 1936 76 23 which
2394 1936 36 24 the
2449 1938 49 22 free

1905 1966 113 28 emigrant
2029 1973 47 16 was
2089 1967 100 28 exposed
2208 1971 23 19 to
2252 1967 86 30 having
2357 1969 39 23 the
2408 1971 89 22 convict

1904 1997 83 30 played
1999 1997 33 23 oiF
2052 1999 91 28 against
2161 1998 47 23 him
2220 2003 24 18 to
2255 2004 96 26 prevent
2364 2000 98 25 advance
2474 2002 25 23 in

1903 2037 84 23 wages,
2001 2030 44 23 and
2056 2030 40 23 the
2108 2038 82 24 papers
2202 2039 50 16 now
2271 2032 78 24 before
2368 2041 28 15 us
2420 2040 80 25 report

1905 2062 38 24 the
1958 2063 177 24 determination
2154 2069 22 18 to
2195 2065 89 31 compel
2303 2066 73 23 ticket
2395 2067 24 24 of
2434 2067 65 24 leave

1903 2103 61 22 men,
1978 2118 5 9 4
1985 2100 22 19 to
2018 2098 88 22 remain
2119 2098 24 22 in
2155 2106 14 15 a
2188 2098 96 29 district,
2311 2099 55 23 with
2385 2100 38 24 the
2442 2101 57 23 view

1905 2133 23 19 to
1947 2129 72 23 check
2037 2130 39 24 the
2096 2131 100 23 advance
2215 2132 25 22 in
2259 2132 38 23 the
2316 2140 76 24 wages
2411 2134 26 23 of
2452 2135 47 23 free

1904 2170 60 22 men,
1985 2163 74 23 winch
2079 2164 75 30 might
2171 2166 24 21 in
2215 2166 59 22 their
2296 2166 98 24 absence
2416 2174 80 17 ensue.

1904 2195 43 24 We
1960 2196 98 31 thought
2069 2197 20 23 it
2099 2205 46 15 was
2157 2206 24 15 so
2201 2199 118 31 arranged,
2340 2199 51 24 that
2402 2200 39 24 the
2453 2206 44 18 two

1905 2229 93 29 classes,
2011 2230 38 23 the
2062 2230 62 23 bond
2135 2231 45 23 and
2192 2232 39 22 the
2242 2232 55 28 free,
2308 2232 66 24 could
2382 2238 40 19 not
2434 2242 64 16 come

1903 2263 25 22 in
1941 2267 89 19 contact
2038 2272 5 20 ;
2060 2268 22 19 to
2095 2272 41 22 say
2148 2265 97 31 nothing
2263 2266 26 22 of
2305 2267 37 22 the
2353 2267 62 23 bond
2425 2267 72 32 being

1903 2295 79 25 forced
1992 2297 47 23 into
2053 2305 14 15 a
2077 2298 101 30 position
2189 2303 23 19 to
2225 2298 74 31 injure
2311 2300 38 22 the
2362 2300 47 24 free
2420 2301 78 23 work-

1904 2329 39 30 ing
1955 2338 61 16 man.

1284 2246 119 44 New
1441 2246 211 43 Zealand
1684 2247 190 49 Gazette

1331 2307 68 22 AND
1414 2307 214 24 WELLINGTON
1643 2309 183 23 SPECTATOR.

1424 2362 131 26 Saturday,
1571 2363 54 22 Jan.
1639 2364 20 24 9,
1675 2359 61 28 1844.
1754 2362 8 25 /

1317 2416 30 25 In
1365 2418 135 31 conformity
1519 2419 55 23 with
1592 2419 39 23 the
1647 2420 74 23 notice
1738 2422 103 24 inserted
1851 2423 22 23 in

1283 2451 45 23 last
1343 2451 85 23 week's
1442 2460 78 23 paper,
1540 2460 14 15 a
1569 2454 102 30 meeting
1689 2454 53 23 took
1762 2454 64 31 place
1846 2463 27 16 on

1279 2484 106 30 Monday
1397 2484 45 24 last
1454 2489 23 19 at
1494 2485 114 24 Barrett's
1628 2486 82 29 Hotel,
1734 2491 23 20 to
1771 2489 102 24 consider

1273 2515 49 26 *the
1338 2517 52 24 best
1409 2522 63 28 steps
1490 2522 24 19 to
1533 2519 28 23 be
1580 2519 71 24 taken
1669 2524 24 19 to
1710 2528 78 17 secure
1801 2526 24 19 at
1836 2522 37 24 the

1284 2551 90 24 earliest
1390 2555 103 20 moment
1511 2560 63 16 some
1594 2553 98 23 efficient
1704 2555 64 23 mode
1781 2555 25 23 of
1821 2563 52 24 pre-

1282 2585 80 30 paring
1375 2584 57 24 New
1445 2585 101 24 Zealand
1556 2587 48 22 flax
1622 2587 24 22 in
1665 2587 73 31 larger
1749 2589 124 29 quantities

1282 2618 35 23 for
1328 2617 117 31 shipment
1460 2623 22 19 to
1499 2618 103 32 Europe.
1639 2620 51 23 The
1708 2622 101 31 meeting
1828 2630 45 16 was

1282 2655 60 19 most
1364 2651 143 31 respectably
1530 2653 44 23 and
1592 2654 147 30 numerously
1758 2656 114 29 attended,

1266 2689 4 30 j
1283 2684 44 23 and
1346 2684 97 24 Colonel
1459 2685 133 24 Wakefield
1608 2695 46 15 was
1672 2687 69 24 voted
1764 2689 49 23 into
1834 2689 38 24 the

1284 2717 68 24 chair.
1401 2718 94 24 Several
1526 2719 130 31 gentlemen
1683 2721 123 24 addressed
1835 2723 38 24 the

1282 2752 100 30 meeting
1401 2759 30 16 on
1450 2752 37 23 the
1506 2757 108 19 extreme'
1626 2754 140 31 importance
1785 2755 24 23 of
1835 2756 38 24 the

1283 2785 88 31 subject
1393 2785 73 23 under
1484 2786 175 30 consideration,
1684 2788 44 23 and
1751 2790 122 30 suggested

1282 2819 91 22 various
1390 2826 84 16 .means
1485 2818 27 24 of
1526 2820 113 31 attaining
1660 2820 38 24 the
1719 2829 99 24 purpose
1838 2823 35 24 for

1282 2851 72 23 which
1377 2851 55 31 they
1454 2860 59 16 were
1531 2853 123 24 convened.
1698 2855 51 24 The
1771 2857 102 31 meeting

1282 2884 123 25 concluded
1416 2885 33 31 by
1459 2887 135 30 appointing
1604 2895 14 15 a
1631 2887 135 25 Committee
1778 2893 23 20 to
1820 2897 52 24 pre-

1280 2926 55 23 pare
1348 2926 13 16 a
1373 2919 98 23 suitable
1489 2919 95 24 address
1607 2928 25 15 or
1650 2922 119 30 proposals
1789 2931 29 15 on
1835 2923 38 25 the

1265 2944 5 41 |
1282 2951 96 31 subject.
1414 2952 52 23 The
1479 2952 136 24 Committee
1622 2958 48 19 met
1677 2963 29 15 on
1716 2955 156 33 Wednesday,

1265 2985 61 23 Land
1347 2985 112 31 prepared
1477 2985 38 23 the
1533 2985 94 25 address
1644 2987 75 24 which
1735 2997 97 23 appears
1848 2991 22 23 in

1265 3011 8 30 \
1282 3017 44 24 this
1339 3018 63 30 day's
1414 3026 78 23 paper,
1505 3018 45 25 and
1562 3023 23 20 to
1597 3020 74 24 which
1678 3029 33 15 we
1719 3022 70 24 invite
1801 3030 70 24 gene-

1265 3051 5 28 [
1281 3051 34 23 ral
1326 3052 120 24 attention.

1315 3091 24 24 It
1349 3091 48 24 will
1406 3092 31 24 be
1449 3100 54 16 seen
1515 3093 49 24 that
1576 3102 13 15 a
1601 3094 59 32 good
1668 3095 155 32 subscription
1834 3097 39 24 list

1281 3125 19 23 is
1313 3125 73 24 added
1401 3130 24 19 to
1442 3126 37 24 the
1499 3127 102 29 address,
1626 3128 44 22 and
1693 3136 33 16 we
1748 3129 60 32 hope
1832 3138 40 16 our

1280 3158 74 24 fellow
1373 3159 107 24 colonists
1500 3160 47 23 will
1564 3161 69 23 make
1649 3161 40 23 the
1700 3167 94 19 amount
1805 3171 32 24 up
1849 3168 22 19 to

1280 3192 44 23 five
1331 3191 106 25 hundred
1443 3193 97 30 pounds.
1578 3194 50 24 The
1635 3195 81 23 absent
1723 3197 147 30 proprietors,

1281 3225 48 23 who
1341 3225 48 24 will
1399 3234 54 23 reap
1462 3234 24 16 so
1494 3227 63 31 large
1566 3235 29 16 an
1604 3228 134 32 advantage,
1748 3230 122 24 unattend-

1281 3258 28 24 ed
1325 3258 56 24 with
1399 3259 40 24 the
1456 3267 123 24 necessary
1598 3262 143 24 discomforts
1760 3263 25 23 of
1809 3265 63 30 early

1280 3291 159 31 colonization,
1451 3301 33 15 we
1497 3302 37 15 are
1547 3295 114 23 confident
1672 3296 46 23 will
1724 3295 29 24 be
1761 3298 110 30 prepared

1280 3328 23 20 to
1326 3325 44 24 add
1388 3334 30 15 an
1437 3327 66 30 equal
1522 3332 94 19 amount
1633 3332 23 20 to
1676 3329 49 23 that
1736 3330 135 26 subscribed

1280 3357 61 30 here,
1355 3359 45 23 and
1410 3367 34 16 we
1455 3368 53 22 may
1521 3361 73 30 safely
1605 3361 49 31 rely
1672 3363 56 22 with
1740 3364 130 25 confidence

1281 3399 30 16 on
1320 3391 40 24 the
1371 3392 52 23 well
1435 3393 84 24 known
1529 3394 116 31 liberality
1657 3395 26 23 of
1697 3396 38 23 the
1743 3396 59 24 New
1810 3397 60 25 Zea-

1280 3424 53 24 land
1345 3425 135 32 Company.-
1508 3427 45 23 We
1565 3436 60 23 may,
1637 3436 35 16 we
1683 3429 76 30 think,
1778 3439 92 17 assume

1280 3457 49 24 that
1341 3458 39 23 the
1392 3458 153 33 subscription
1552 3460 47 24 will
1610 3467 93 18 amount
1711 3467 22 19 to
1746 3468 43 19 two
1802 3464 67 24 thou-

1280 3491 56 23 sand
1347 3491 99 31 pounds,
1467 3500 28 16 an
1512 3498 94 19 amount
1622 3494 64 23 there
1697 3496 20 22 is
1728 3496 60 24 little
1800 3497 70 25 doubt

1279 3524 74 23 which
1364 3525 47 23 will
1423 3529 35 20 set
1468 3533 70 24 many
1549 3535 31 14 an
1591 3528 72 23 active
1684 3528 44 23 and
1748 3530 120 30 ingenious

1270 3574 3 15 ;
1279 3557 64 23 brain
1356 3561 23 20 to
1391 3558 65 24 work
1467 3559 34 23 for
1514 3559 38 24 the
1563 3561 130 30 prosperity
1703 3561 25 23 of
1743 3562 59 23 New
1810 3563 58 24 Zea-

1268 3592 4 6 1
1279 3591 53 23 land
1338 3600 5 20 ;
1359 3591 38 24 the
1405 3592 63 23 work
1480 3592 26 23 of
1520 3592 119 32 discovery
1651 3601 56 16 once
1718 3594 25 24 in
1750 3595 38 23 the
1796 3596 72 25 hands

1280 3624 25 23 of
1319 3624 58 24 such
1388 3632 60 22 men,
1461 3633 34 16 we
1506 3625 46 24 feel
1564 3626 114 24 confident
1690 3636 13 14 a
1721 3627 44 24 few
1776 3630 92 24 months

1279 3658 46 23 will
1340 3658 49 23 find
1407 3666 29 16 us
1454 3659 24 23 in
1494 3660 133 30 possession
1638 3660 25 23 of
1678 3660 38 24 the
1727 3662 106 24 machine
1845 3671 24 16 or

1280 3698 98 23 process,
1390 3691 75 24 which
1476 3693 46 23 will
1534 3693 81 24 enable
1626 3701 27 16 us
1666 3697 23 20 to
1695 3694 86 32 freight
1788 3704 14 15 a
1808 3696 60 24 hun-

1279 3724 53 23 dred
1349 3725 87 24 vessels
1452 3725 56 24 with
1525 3733 15 16 a
1557 3734 50 16 new
1628 3727 143 31 production,
1794 3730 75 24 which

1277 3758 46 23 will
1333 3758 47 23 still
1390 3758 89 24 further
1492 3764 109 26 augment
1610 3760 39 24 the
1661 3762 122 32 exporting
1793 3771 75 23 power

1278 3791 25 23 of
1317 3799 42 16 our
1368 3791 92 24 mother
1471 3796 104 28 country.

1311 3824 23 24 It
1357 3825 75 24 would
1449 3825 28 24 be
1496 3827 132 30 impossible
1647 3831 23 20 to
1687 3828 64 31 place
1764 3833 22 20 to
1799 3831 69 24 much

1276 3858 140 31 importance
1428 3867 61 23 upon
1502 3860 117 32 obtaining
1632 3861 37 24 the
1682 3869 78 17 means
1776 3864 25 22 of
1816 3873 51 23 pre-

1277 3893 80 30 paring
1379 3892 47 24 flax
1449 3893 107 31 suitably,
1576 3894 43 24 and
1638 3895 24 23 in
1682 3896 133 24 abundance
1834 3898 34 25 for

1263 3940 2 21 j
1277 3930 86 26 export.
1401 3926 51 24 The
1463 3926 64 32 plant
1539 3928 19 23 is
1571 3928 24 23 in
1607 3928 121 25 boundless
1738 3931 127 30 profusion,

1938 2394 26 23 If
1980 2395 64 30 grain
2057 2403 67 23 crops
2145 2395 57 24 have
2226 2401 41 19 not
2289 2398 125 23 succeeded
2438 2407 62 23 upon

1903 2427 51 23 fern
1964 2428 66 23 lands
2042 2437 26 14 so
2081 2428 51 24 well
2145 2437 25 15 as
2187 2430 68 23 could
2274 2431 26 22 be
2319 2430 97 31 desired,
2441 2433 59 23 such

1903 2465 84 19 cannot
1993 2461 27 23 be
2029 2461 51 23 said
2087 2462 26 23 of
2128 2470 66 23 crops
2207 2471 30 15 on
2248 2463 54 24 land
2313 2465 25 22 in
2350 2465 39 23 the
2399 2465 97 31 valleys.

1903 2494 44 23 We
1959 2495 28 22 do
1999 2500 39 18 not
2049 2495 69 23 think
2129 2503 33 16 we
2174 2496 58 24 have
2244 2505 53 16 ever
2304 2505 55 16 seen
2370 2498 58 24 finer
2439 2504 59 25 oats,

1901 2527 87 32 barley,
2003 2528 44 24 and
2059 2528 83 30 wheat,
2155 2529 55 23 than
2234 2531 20 22 is
2277 2538 51 16 now
2350 2533 105 31 growing
2465 2541 33 23 up

1902 2560 38 24 the
1955 2561 70 24 Hutt.
2063 2562 52 24 The
2138 2571 51 15 ears
2202 2564 26 23 of
2242 2564 39 23 the
2304 2564 76 24 wheat
2402 2573 37 16 are
2461 2567 39 23 six

1901 2594 81 24 inches
1999 2595 61 32 long,
2081 2595 45 24 and
2145 2597 37 23 the
2202 2601 68 19 straw
2288 2598 80 31 nearly
2387 2599 50 23 four
2448 2599 48 24 feet

1901 2627 56 32 high
1967 2638 6 20 ;
1994 2628 38 23 tlie
2044 2634 49 19 oats
2102 2630 45 23 and
2159 2630 80 31 barley
2250 2639 33 15 we
2291 2630 38 24 did
2336 2636 42 19 not
2385 2640 113 23 measure,

1901 2662 42 22 but
1955 2670 62 16 some
2027 2662 54 24 wild
2093 2667 50 19 oats
2155 2671 33 15 we
2201 2665 120 23 measured
2330 2673 62 23 upon
2406 2666 39 24 the
2459 2671 39 27 top

1902 2695 26 23 of
1943 2695 39 24 the
1994 2695 115 24 Tinakori
2120 2704 71 24 range
2203 2705 63 15 some
2286 2698 79 24 weeks
2383 2700 62 23 since
2464 2708 35 16 we

1901 2728 72 24 found
1985 2733 23 19 to
2019 2729 30 23 be
2060 2729 66 24 three
2138 2731 45 23 feet
2202 2735 44 19 two
2265 2731 80 24 inches
2364 2732 63 32 high,
2453 2735 46 22 and

1901 2770 60 15 were
1973 2762 80 32 nearly
2064 2764 56 31 ripe.

1936 2795 25 24 It
1983 2795 42 25 has
2043 2796 119 32 generally
2180 2797 59 25 been
2255 2798 95 24 allowed
2361 2799 31 31 by
2402 2808 98 23 persons

1901 2829 51 24 who
1964 2830 58 23 have
2039 2830 85 23 visited
2141 2832 92 23 various
2251 2836 63 26 parts
2328 2832 26 24 of
2368 2833 59 24 New
2438 2835 62 23 Zea-

1901 2862 54 24 land
1975 2863 49 24 that
2042 2864 55 31 they
2115 2863 58 24 have
2192 2869 41 19 not
2251 2873 55 16 seen
2322 2873 46 24 any
2379 2867 55 24 land
2444 2876 54 15 sur-

1901 2897 96 31 passing
2014 2897 40 24 the
2074 2897 75 32 valley
2165 2898 25 23 of
2205 2898 39 24 the
2258 2898 63 35 gutt
2331 2900 26 23 in
2368 2900 95 32 fertility
2476 2902 27 22 of

1901 2929 52 25 soil.
1991 2930 24 24 It
2026 2938 48 16 was
2085 2931 123 31 supposed,
2222 2932 111 30 however,
2346 2933 39 24 the
2398 2942 100 23 expense

1902 2964 25 22 of
1943 2964 101 31 clearing
2055 2964 78 24 would
2144 2969 96 27 prevent
2251 2966 31 23 its
2293 2966 71 31 being
2376 2967 124 24 cultivated

1901 3001 23 19 at
1947 3002 102 27 present.
2098 2998 70 23 Some
2190 3006 98 24 persons
2316 3000 120 23 estimated
2458 3001 40 24 the

1901 3037 101 24 expense
2013 3036 24 18 at
2049 3031 55 25 70
2116 3039 41 23 per
2169 3039 60 22 acre,
2248 3033 42 23 but
2302 3041 43 15 one
2356 3033 59 30 good
2434 3035 62 30 agri-

1901 3063 129 25 culturalist
2042 3064 73 24 added
2128 3065 48 23 that
2189 3065 20 23 if
2224 3066 18 22 it
2261 3065 37 23 did
2310 3070 51 19 cost
2372 3066 49 24 that
2432 3075 61 22 sum,

1901 3097 18 22 it
1930 3097 75 24 would
2017 3098 50 23 still
2076 3098 29 23 be
2117 3105 14 16 a
2142 3098 120 31 profitable
2273 3099 66 23 mode
2349 3100 24 23 of
2382 3100 116 33 investing

1901 3130 91 31 capital,
2005 3138 25 16 so
2037 3130 59 31 high
2107 3139 47 15 was
2165 3131 37 23 his
2215 3132 92 30 opinion
2316 3132 24 24 of
2350 3133 38 23 the
2396 3134 100 31 produc-

1900 3164 46 22 tive
1957 3171 76 23 power
2043 3164 27 23 of
2078 3164 39 23 the
2124 3164 51 25 soil.
2213 3163 154 34 Experiment
2374 3167 20 23 is
2401 3168 97 32 settling

1900 3196 39 23 the
1952 3197 106 31 question
2067 3206 6 21 ;
2093 3197 56 24 land
2161 3198 21 23 is
2194 3198 71 31 being
2282 3199 52 23 well
2347 3200 89 24 cleared
2452 3202 46 23 and

1899 3229 83 25 fenced
1994 3235 22 19 at
2024 3230 81 25 twelve
2116 3231 90 31 pounds
2213 3240 42 23 per
2262 3240 60 22 acre,
2335 3234 45 23 and
2392 3235 18 23 it
2421 3235 20 23 is
2454 3243 44 16 our

1900 3263 94 32 opinion
2004 3265 20 22 it
2035 3264 47 24 will
2096 3265 29 23 be
2145 3264 89 24 cleared
2245 3265 36 25 for
2291 3274 58 23 very
2361 3267 69 24 much
2448 3269 48 23 less

1899 3297 68 24 when
1976 3305 98 24 persons
2086 3306 38 15 are
2136 3298 116 32 practised
2262 3300 25 23 in
2293 3300 39 24 the
2343 3301 71 24 trade.
2451 3302 46 24 We

1900 3335 82 27 expect
2004 3336 23 18 to
2046 3339 40 16 see
2104 3332 19 23 it
2142 3332 90 24 cleared
2250 3337 24 20 at
2291 3333 44 24 five
2353 3335 90 30 pounds
2454 3343 43 23 per

1900 3372 59 22 acre,
1971 3364 35 24 for
2014 3364 89 32 though
2111 3365 38 24 the
2158 3370 62 19 trees
2232 3374 38 16 are
2282 3366 64 24 often
2351 3368 72 31 large,
2431 3368 66 24 there

1899 3397 20 24 is
1931 3402 42 20 not
1983 3406 56 16 near
2051 3399 39 23 the
2108 3400 106 30 quantity
2225 3399 26 23 of
2265 3400 65 24 wood
2349 3404 23 20 to
2383 3401 28 23 be
2423 3401 74 25 found

1898 3439 64 23 upon
1971 3439 29 16 an
2007 3439 53 17 acre
2069 3433 24 22 in
2102 3440 29 16 an
2138 3432 126 24 American
2270 3434 54 30 pine
2332 3434 79 30 forest,
2420 3435 76 24 which

1898 3465 21 23 is
1931 3465 132 31 commonly
2074 3465 90 24 cleared
2175 3465 45 24 and
2236 3465 82 25 fenced
2341 3472 24 19 at
2387 3468 64 24 three
2472 3473 23 20 to

1898 3498 52 23 four
1962 3498 90 31 pounds
2063 3506 42 24 per
2116 3507 59 16 acre.

1931 3530 46 25 We
1988 3531 60 32 hope
2060 3532 25 23 in
2097 3540 13 15 a
2120 3532 44 24 few
2175 3532 94 24 months
2281 3537 22 19 to
2315 3533 30 24 be
2358 3535 95 24 enabled
2472 3537 24 22 fo

1898 3568 78 26 report
1988 3571 12 16 a
2010 3564 65 32 large
2088 3566 105 30 quantity
2206 3566 24 23 of
2246 3566 54 24 land
2311 3568 74 24 under
2397 3569 98 25 cultiva-

1898 3598 56 28 tion,
1968 3604 25 16 as
2004 3599 91 23 several
2106 3599 155 32 enterprising
2273 3601 92 24 settlers
2384 3610 39 16 are
2443 3611 52 16 now

1897 3630 78 32 busily
1994 3632 109 30 occupied
2121 3639 63 25 upon
2201 3632 47 24 this
2266 3634 125 31 important
2406 3636 90 24 branch

1899 3664 25 23 of
1939 3664 98 24 colonial
2048 3666 138 31 prosperity.
2222 3667 45 23 We
2280 3676 39 15 are
2331 3669 103 24 satisfied
2446 3670 50 23 that

1898 3705 14 15 a
1928 3704 57 24 very
2001 3697 45 24 few
2064 3706 68 23 years
2147 3699 47 24 will
2211 3700 48 24 find
2270 3700 39 25 the
2322 3701 63 24 Hutt
2396 3704 99 31 sending

1898 3735 40 19 out
1949 3733 93 26 20,000
2063 3737 103 26 quarters
2186 3733 27 23 of
2226 3734 82 30 wheat,
2330 3735 46 23 and
2387 3744 26 15 as
2424 3744 71 24 many

1898 3768 52 19 tons
1963 3764 25 23 of
2001 3769 113 27 potatoes.
2152 3766 24 24 It
2198 3773 64 18 must
2284 3772 40 19 not
2347 3768 104 26 however
2465 3770 31 24 be

1898 3797 138 24 overlooked
2048 3799 51 24 that
2110 3807 33 16 we
2154 3800 59 24 have
2225 3809 14 15 a
2245 3801 64 31 large
2318 3801 46 24 and
2370 3803 126 31 important

1897 3831 149 31 agricultural
2055 3833 134 31 population
2201 3834 24 23 in
2237 3834 39 24 the
2288 3835 95 23 natives.
2428 3836 68 31 They

1897 3864 58 24 have
1967 3865 57 23 done
2037 3867 70 23 much
2117 3867 34 23 for
2164 3875 28 15 us
2204 3867 24 23 in
2241 3867 38 24 the
2291 3876 50 22 way
2354 3869 25 23 of
2394 3869 102 32 clearing

1896 3898 54 23 land
1959 3907 5 19 ;
1995 3900 23 21 in
2039 3900 45 23 this
2103 3908 56 22 very
2175 3900 101 25 harbour
2288 3901 55 31 they
2355 3902 58 24 have
2425 3904 70 23 saved

1896 3940 28 16 us
1938 3940 28 16 an
1980 3932 77 32 outlay
2069 3934 24 23 of
2110 3933 124 25 thousands
2249 3935 24 23 of
2288 3935 98 29 pounds.
2426 3937 70 27 They

530 44 101 31 THE
652 43 110 31 NEW
780 41 227 33 ZEALAND
1030 40 226 31 GAZETTE
1393 36 333 33 WELLINGTON
1747 35 292 32 SPECTATOR.

1353 120 171 24 SHIPPING
1543 119 275 25 INTELLIGENCE.

1515 170 146 16 ARRIVED.

1326 200 101 28 January
1439 200 24 26 7,
1470 200 87 27 barque
1665 200 128 24 Sidmouth,
1825 200 53 25 196,

1296 231 70 28 Marr,
1380 230 58 23 from
1451 229 92 24 Hobart
1555 229 72 24 Town
1636 238 6 19 ;
1662 228 92 31 general
1766 236 75 23 cargo.

1912 118 45 23 and
1968 118 39 23 the
2020 118 97 23 demand
2128 119 25 22 in
2171 118 94 31 Europe
2277 119 45 23 and
2333 120 109 24 America
2460 121 46 23 will

1910 150 35 24 far
1958 158 93 23 surpass
2063 159 46 22 any
2120 159 79 15 means
2211 152 25 22 of
2251 152 136 30 production
2397 153 26 22 of
2432 153 72 24 which

1910 191 33 15 we
1951 191 53 23 may
2013 184 92 23 become
2113 184 129 31 possessed.
2279 184 95 24 Instead
2379 186 27 23 of
2414 186 92 23 labour-

1911 217 39 30 ing
1962 217 73 23 under
2046 216 40 23 the
2096 217 49 23 fear
2157 217 73 23 which
2239 221 37 19 too
2285 219 128 30 commonly
2422 219 83 23 haunts

1910 249 132 30 producers,
2063 249 38 23 the
2118 250 48 22 fear
2185 250 24 23 of
2225 257 54 16 over
2303 250 126 32 supplying
2446 251 59 24 their

1910 281 111 29 markets,
2044 289 34 15 we
2090 282 58 23 have
2160 282 77 24 rather
2249 287 23 19 to
2284 283 49 23 fear
2340 283 39 23 the
2390 288 113 27 contrary,

1910 314 45 23 and
1968 314 123 31 especially
2103 319 23 19 at
2137 315 39 23 the
2189 319 60 19 most
2260 316 125 31 important
2395 317 79 30 period
2481 318 25 23 of

1910 346 141 31 production,
2065 348 31 22 its
2109 348 63 31 early
2183 352 86 26 stages.
2317 349 187 25 Manufacturers

1910 388 41 22 say
1964 379 57 24 send
2032 388 26 15 us
2070 381 89 30 plenty,
2173 381 57 23 send
2241 389 27 15 us
2280 386 40 19 ten
2331 382 113 23 thousand
2453 387 51 19 tons

1910 417 23 18 to
1957 420 130 16 commence
2110 414 63 28 with,
2196 414 46 22 less
2262 415 20 22 is
2301 419 39 19 not
2357 416 87 30 worthy
2463 424 41 15 our

1910 447 120 22 attention.
2065 446 63 23 That
2141 447 28 28 is,
2183 447 56 22 send
2251 455 27 14 us
2291 455 62 15 some
2361 448 71 30 thirty
2451 449 52 31 ship

1909 478 64 23 loads
1997 486 26 15 as
2046 487 14 14 a
2079 479 96 31 sample.
2210 479 72 24 What
2293 488 30 15 an
2334 481 169 24 inexhaustible

1909 511 55 23 field
1976 511 58 23 such
2052 520 13 15 a
2084 512 99 23 demand
2201 517 108 26 suggests
2317 513 11 24 ?
2375 513 56 24 And
2451 515 52 22 how

1909 544 88 31 trifling
2009 544 37 23 the
2059 549 94 19 amount
2170 545 25 23 of
2211 546 154 30 subscription
2380 555 123 22 necessary

1908 584 33 16 we
1961 582 92 26 suspect
2072 582 23 19 to
2109 578 79 24 enable
2206 586 29 15 us
2246 583 24 19 to
2282 586 59 24 open
2354 579 59 24 such
2424 588 13 15 a
2448 581 55 22 field

1908 610 27 23 of
1948 611 129 30 prosperity
2089 615 23 19 to
2122 610 66 24 these
2195 611 101 24 Islands.
2317 611 94 30 Indeed,
2420 613 83 23 should

1908 650 45 23 any
1983 643 122 30 ingenious
2127 644 127 24 individual
2274 645 95 31 provide
2391 654 29 15 us
2441 647 26 23 in
2490 655 14 15 a

1908 676 98 23 suitable
2015 684 103 22 manner,
2139 685 25 15 as
2175 677 29 24 he
2222 678 48 23 will
2287 678 29 23 be
2335 678 38 23 the
2393 686 67 17 cause
2480 680 25 23 of

1908 708 39 24 the
1958 709 103 23 fortunes
2073 710 27 22 of
2114 710 134 29 thousands,
2269 719 13 15 a
2292 711 92 23 fortune
2396 712 71 31 ought
2479 717 23 19 to

1907 742 29 23 be
1954 743 95 23 secured
2068 747 23 19 to
2110 743 49 23 him
2177 743 36 23 for
2231 744 119 31 confering
2368 752 26 16 so
2413 750 64 26 great
2488 754 15 15 a

1907 775 104 30 blessing
2030 783 29 16 on
2077 776 37 23 his
2125 776 74 23 fellow
2212 781 122 25 creatures,
2353 777 32 31 by
2397 779 108 31 securing

1907 816 14 15 a
1931 812 80 27 patent
2024 816 29 15 on
2065 810 88 22 certain
2164 813 78 26 terms,
2256 817 25 16 or
2293 811 109 30 agreeing
2409 815 21 20 to
2439 819 64 16 some

1907 842 88 30 trifling
2019 847 81 26 export
2122 847 40 19 tax
2185 850 30 16 on
2238 851 68 23 every
2325 848 40 19 ton
2389 844 26 23 of
2432 844 70 32 hemp

1907 874 105 30 shipped.

1527 278 121 21 SAILED.

1327 307 100 30 January
1450 309 24 26 4,
1501 307 86 30 barque
1796 305 85 29 Bruce,

1294 339 99 31 Sydney.
1431 339 142 30 Passengers
1611 339 66 31 Capt.
1685 338 123 29 Williams,
1820 339 62 22 Miss

1293 372 92 30 Lowry,
1398 372 45 23 and
1454 372 49 23 Mr.
1516 372 116 23 M'Gurk.

1328 405 67 23 Same
1407 405 51 30 day,
1478 405 49 30 brig
1743 404 84 28 Smith,
1846 404 36 23 for

1294 437 49 31 Bay
1362 437 26 24 of
1407 438 101 23 Islands.
1545 438 141 30 Passengers
1723 436 66 32 Capt.
1810 436 71 31 May-

1293 471 50 23 hew
1354 470 44 24 and
1410 471 48 23 Mr.
1473 470 90 24 Foster.

1327 504 100 30 January
1441 503 24 29 7,
1484 503 85 31 barque
1788 502 93 23 Kettle-

1293 536 56 29 well,
1362 541 22 19 to
1396 536 38 23 the
1448 536 91 28 Straits,
1552 536 54 23 with
1618 536 39 23 the
1672 536 124 30 Plymouth
1809 536 72 23 Com-

1291 569 80 31 pany's
1383 569 230 30 Surveyor-General
1625 569 43 23 and
1680 569 60 28 staff,
1750 574 23 18 to
1787 568 70 23 select
1868 576 14 15 a

1293 603 41 23 site
1345 602 35 23 for
1392 602 59 22 their
1463 606 57 18 town
1535 602 45 23 and
1591 602 138 23 settlement.

1327 635 66 23 Same
1406 635 51 29 day,
1471 635 110 24 schooner
1774 635 106 30 Murray,

1291 668 35 23 for
1339 668 88 29 Cloudy
1442 668 59 30 Bay.

1326 701 66 24 Same
1405 701 50 29 day,
1469 701 111 23 schooner
1727 701 121 30 Dunning,
1858 705 22 18 to

1293 734 37 23 the
1353 734 108 24 Thames.
1508 734 143 31 Passengers
1686 734 49 23 Mr.
1756 734 45 23 and
1816 734 63 23 Mrs.

1293 767 69 29 Scott,
1376 767 45 23 and
1432 766 99 24 Messrs.
1544 767 95 23 Walton
1651 767 43 23 and
1707 767 92 30 Joseph.

1326 800 66 23 Same
1405 800 51 30 day,
1475 800 56 23 New
1550 800 101 23 Zealand
1668 800 130 30 brigantiue
1842 800 36 23 St.

1409 832 96 29 Michel,
1515 833 37 23 for
1562 832 103 24 Akaroa.
1702 833 143 31 Passengers

1292 866 89 24 French
1395 865 106 24 Catholic
1511 865 89 31 Bishop
1611 865 43 24 and
1664 866 67 24 suite.

1518 915 35 14 IN
1568 915 86 14 PORT.

1326 943 80 24 Cutter

1324 976 90 31 Barque
1562 976 145 24 Newcorabe.

1324 1009 56 31 Ship
1564 1009 170 24 Shuttleworth.

1324 1043 116 23 Schooner
1619 1042 89 24 Moore.

1324 1075 91 30 Barque
1623 1076 70 30 Grey.

1460 1108 63 24 Lord
1700 1109 73 23 Marr.

1324 1167 46 24 Mr.
1385 1167 96 24 Bidwell
1492 1167 70 24 sailed
1574 1169 23 22 in
1611 1169 37 22 the
1660 1169 51 30 ship

1290 1204 22 19 to
1326 1200 99 29 Sydney.

1353 1306 28 14 cc:

1404 1306 33 14 eni

1447 1306 43 20 ang

1521 1302 55 19 liursi

1584 1307 40 20 ay,

1656 1307 85 20 anuary

1388 1343 59 17 Morn.

1498 1344 57 16 Even.

1600 1344 61 16 Wind.
1677 1346 3 23 |

1734 1344 92 17 Weather.

1291 1384 27 17 Fri

1291 1406 27 15 3at

1291 1427 41 15 Bun.
1350 1437 17 6 ...

1291 1447 46 16 Mou.
1349 1458 18 6 ...

1291 1467 49 17 Fues.
1349 1479 18 5 ...

1291 1488 45 16 Wud.
1349 1500 18 5 ...

1291 1509 76 17 rhurs...

1407 1385 21 16 57

1407 1406 21 15 65

1407 1426 21 16 67

1409 1446 19 17 79

1406 1469 20 15 61

1407 1490 21 14 60

1407 1510 21 15 63

1515 1386 21 15 58

1515 1406 21 16 70

1515 1427 20 16 72

1515 1447 20 17 73

1513 1469 20 16 Cl

1513 1490 22 15 60

1513 1511 21 16 67

1592 1386 40 16 S.E.

1591 1406 42 17 S.E.

1590 1427 22 16 E.

1590 1448 39 16 S.E.

1589 1469 39 17 S.E.

1588 1490 18 16 S.

1589 1511 18 16 S.

1693 1386 57 16 Fresh
1757 1387 14 15 &
1776 1386 71 20 cloudy.

1692 1407 94 16 Moderate
1795 1407 63 17 &fme.

1692 1427 54 21 Light
1754 1428 36 16 airs
1797 1429 14 15 &
1817 1428 42 17 fine.

1693 1448 50 16 Ditto
1748 1449 15 15 &
1768 1448 36 21 fog.

1693 1469 91 16 Moderate
1792 1470 14 15 &
1814 1470 46 16 rain.

1693 1490 178 21 Moderate&cloudy.

1692 1511 52 16 Ditto
1750 1511 14 16 &
1770 1511 42 16 fine.

1306 1550 61 17 Mean.
1370 1549 2 15 I

1405 1551 54 16 Ct.37.

1512 1553 55 15 GS.BG.

1510 1592 142 24 NOTICE.

1319 1625 149 23 Subscribers
1492 1630 22 18 at
1538 1626 83 23 Petoni
1644 1633 42 16 can
1712 1626 75 23 obtain
1817 1625 59 24 their

1285 1665 81 23 papers
1378 1665 30 15 on
1419 1658 138 31 application
1570 1663 22 19 to
1604 1659 48 23 Mr.
1666 1659 22 23 J.
1703 1659 100 29 Telford,
1825 1659 51 23 who

1286 1691 19 22 is
1317 1691 47 23 also
1376 1691 132 24 authorised
1519 1696 23 19 to
1551 1692 88 23 receive
1650 1697 121 26 payments
1783 1692 35 24 for
1829 1692 47 24 this

1286 1731 78 23 paper.

1318 1757 50 24 The
1380 1765 71 23 paper
1461 1758 20 23 is
1493 1766 50 15 now
1555 1763 52 18 sent
1613 1759 74 23 round
1698 1763 23 19 to
1733 1759 142 24 subscribers

1285 1790 24 23 in
1320 1795 67 24 town,
1400 1791 46 23 and
1458 1799 33 15 we
1508 1792 46 22 will
1573 1792 71 22 thank
1664 1800 45 22 any
1726 1792 50 22 who
1789 1792 28 23 do
1836 1798 40 17 not

1284 1827 39 26 get
1334 1823 58 24 their
1403 1832 84 23 papers
1496 1825 124 31 regularly,
1634 1830 22 17 to
1668 1825 68 23 make
1755 1825 39 24 the
1813 1833 62 16 same

1285 1856 83 24 known
1380 1861 22 19 to
1414 1865 36 15 us.
1488 1858 46 23 For
1546 1858 37 23 the
1604 1859 150 22 convenience
1774 1859 25 22 of
1816 1866 58 16 non-

1285 1890 149 29 subscribers,
1445 1898 33 15 we
1491 1891 61 23 leave
1560 1899 82 23 papers
1651 1900 30 15 on
1689 1891 45 24 sale
1743 1896 23 19 at
1774 1892 100 23 Messrs.

1286 1922 84 24 Cooks'
1384 1923 44 23 and
1438 1924 73 23 Durie
1523 1924 44 23 and
1581 1925 54 22 Co's
1647 1929 81 19 stores.

777 1271 104 18 TOWN
896 1271 113 18 ACRES
1025 1271 43 18 TO
1083 1271 74 18 LET.

676 1301 175 48 NUMBERS
863 1308 28 14 on
901 1301 39 22 the
949 1301 241 28 Surveyor-General's
1200 1309 57 20 map,

811 1329 40 20 510
960 1330 40 19 263
1111 1330 25 19 98

701 1355 44 21 For
753 1354 129 27 particulars
892 1355 67 27 apply
969 1358 22 18 to
1002 1354 106 29 Wallace,
1120 1355 80 27 White,
1216 1355 41 22 and

676 1380 103 22 Wallace.

700 1407 151 24 Wellington,
864 1407 51 23 Jan.
925 1410 21 21 6,
959 1409 62 21 1841.

800 1461 87 21 SALE
901 1462 49 20 BY
965 1462 166 21 AUCTION.

673 1494 90 47 MR.
779 1494 29 21 A.
823 1493 87 24 HORT
919 1495 46 21 will
974 1495 46 21 Sell
1029 1495 30 27 by
1066 1495 77 22 Public
1152 1495 106 27 Auction,

762 1524 24 18 at
794 1522 106 21 Barrett's
910 1521 68 27 hotel,
991 1529 28 14 on
1030 1522 101 26 Monday
1143 1525 61 23 next,
1221 1522 39 21 the

673 1547 50 21 11th
732 1546 91 28 instant,
834 1551 24 18 at
867 1550 25 19 12
903 1548 85 22 o'clock
997 1548 116 28 precisely,
1127 1548 37 22 the
1175 1548 85 23 follow-

673 1574 37 26 ing
718 1574 94 27 articles,
825 1582 27 14 ex
1046 1575 120 27 consisting
1177 1576 26 21 of

724 1602 28 20 60
765 1601 54 27 bags
830 1602 87 24 biscuit,

737 1630 13 19 8
765 1628 82 21 barrels
858 1628 63 26 flour,

738 1656 13 20 8
765 1654 56 21 ditto
830 1654 53 28 split
891 1662 74 20 pease,

726 1682 26 21 10
766 1680 55 22 ditto
832 1681 83 22 corned
924 1682 62 27 pork,

726 1708 26 21 10
765 1707 54 27 kegs
829 1708 81 26 butter,

726 1736 26 20 13
766 1734 53 27 bags
830 1734 59 22 table
898 1735 54 27 rice,

738 1763 12 20 8
765 1760 64 23 hhds.
840 1761 94 27 brandy,

723 1788 28 21 30
765 1787 70 22 dozen
845 1791 50 24 port
905 1788 45 21 and
960 1788 87 28 sherrry
1058 1789 74 26 wines,

723 1815 27 21 20
765 1814 63 22 casks
836 1814 87 22 bottled
933 1816 76 26 wines,

723 1842 27 21 40
765 1840 71 23 dozen
845 1841 87 22 bottled
941 1845 66 24 stout,

736 1870 14 19 6
765 1868 62 21 casks
836 1871 81 24 porter,

725 1895 24 20 15
764 1895 68 21 boxes
843 1894 112 23 Muscatel
964 1896 85 26 raisins,

737 1923 9 20 1
763 1921 52 22 cask
825 1921 88 27 pickled
924 1922 105 27 cabbage,

738 1950 10 19 1
765 1948 54 21 ditto
831 1948 104 27 oatnieal,

736 1976 13 17 2
764 1974 55 20 ditto
832 1974 44 20 fine
886 1981 73 18 sugar,
1047 1973 15 7 ~

723 2000 27 20 90
765 2007 53 14 cans
826 2007 56 20 soup
891 1999 46 21 and
946 1999 84 28 bouilli,

722 2027 27 20 30
760 2027 47 26 jars
816 2026 53 21 lime
880 2027 70 26 juice,

735 2054 13 20 3
764 2053 69 22 whale
844 2053 64 26 lines,

736 2082 11 19 1
762 2080 50 21 bale
827 2080 102 27 shirting,

735 2108 11 19 1
763 2107 55 21 ditto
828 2106 84 22 twilled
922 2106 77 27 calico,

723 2133 65 27 Rum,

722 2160 93 27 Arrack,

723 2187 69 26 Slops,

722 2214 21 21 A
753 2213 68 28 ship's
831 2214 100 26 caboose,

722 2240 55 22 And
785 2248 14 14 a
807 2241 86 27 variety
903 2241 26 21 of
940 2241 65 21 other
1014 2241 95 22 articles.

880 2275 80 16 TERMS,
978 2275 63 14 CASH.

670 2321 70 48 ON
755 2322 84 26 SALE,
855 2322 29 26 by
901 2322 86 26 private
1005 2326 107 22 contract,
1123 2326 23 18 at
1159 2323 95 22 reduced

745 2348 76 27 prices,
833 2348 38 22 the
880 2348 128 23 remainder
1018 2350 26 21 of
1055 2350 121 21 uncleared
1185 2350 69 27 goods

669 2382 27 14 ex
863 2375 42 22 viz.

694 2410 27 19 60
729 2408 55 26 bags
793 2409 45 21 fine
849 2409 49 27 ship
908 2409 88 22 biscuit.

695 2437 39 19 100
745 2442 52 14 cans
807 2443 55 19 soup
872 2436 136 22 andbouilli.

695 2462 21 20 A
725 2462 42 21 few
779 2463 75 21 Dutch
864 2463 88 21 cheese.

694 2488 63 22 Ditto
766 2489 139 27 Westphalia
914 2490 70 26 hams,
996 2489 44 23 and
1050 2490 77 23 bacon.

695 2515 138 28 Lime-juice,
851 2516 45 22 and
905 2517 85 27 pickles
997 2517 24 21 in
1028 2517 54 27 jars.

694 2542 89 22 Bottled
791 2543 32 21 ale
833 2543 46 21 and
889 2547 66 18 stout.

695 2569 103 27 Superior
806 2573 51 23 port
866 2569 46 23 and
919 2571 84 26 sherry,
1014 2571 22 21 in
1049 2578 67 15 cases.

693 2595 109 23 Teneriftb
812 2597 64 26 wine,
887 2597 24 21 in
922 2601 90 24 quarter
1023 2598 70 22 casks.

694 2622 60 27 Iron,
765 2623 56 27 zinc,
832 2623 58 28 lead,
903 2625 62 21 sheet
976 2624 45 22 and
1028 2625 96 26 pipeing.

694 2649 169 28 Ironmongery,
872 2651 64 26 nails,
949 2651 44 22 and
1002 2652 57 21 tools
1070 2653 26 20 of
1106 2652 30 21 all
1146 2656 65 18 sorts.

693 2676 88 23 Double
791 2677 110 22 barrelled
910 2685 64 20 guns,
990 2678 98 29 powder,
1103 2679 45 22 and
1166 2680 88 27 powder

668 2702 73 22 horns.

694 2730 54 27 Oils,
760 2731 80 27 paints,
851 2731 46 21 and
910 2735 70 24 turps.

694 2756 101 29 Flannel,
806 2757 100 28 doeskin,
919 2759 44 21 and
972 2759 119 28 buckskin,
1103 2760 39 21 &c.
1157 2760 41 22 &c.
1214 2761 39 22 &c.

930 2785 113 23 Bethune
1058 2787 46 21 and
1117 2786 111 23 Hunter.

693 2810 144 27 Wellington,
852 2811 102 26 January
964 2815 21 22 8,
1001 2814 61 21 1841.

668 2865 86 47 FOR
764 2865 78 22 SALE
852 2873 27 14 ex
912 2866 60 22 Lord
1131 2876 13 13 a
1151 2870 103 27 quantity

732 2892 26 21 of
770 2891 49 22 Van
833 2893 117 22 Diemau's
965 2893 66 23 Land
1046 2895 103 27 building
1166 2896 87 28 timber,

667 2918 104 27 shingles,
782 2919 44 21 and
835 2919 65 22 laths.

693 2945 64 22 Nails
767 2946 105 22 assorted.

692 2972 89 27 Europe
791 2973 45 21 and
851 2973 47 22 coir
905 2981 61 20 rope,
978 2975 88 28 oakum,
1087 2983 98 21 canvass,
1209 2977 45 22 and

667 2999 72 22 twine.

692 3025 56 23 Fine
758 3026 107 22 Derwent
873 3027 54 22 seed
936 3030 108 25 potatoes.

693 3053 56 21 Seed
758 3060 59 20 peas,

692 3080 77 26 Sugar,
781 3082 76 25 coffee,
868 3081 46 21 and
922 3081 54 22 rice.

692 3106 95 25 Spanish
795 3107 40 21 red
844 3107 57 21 wine
911 3107 24 23 in
945 3107 65 23 hhds.

692 3132 52 29 Slop
754 3133 107 27 clothing.

908 3161 77 28 Apply
995 3164 23 19 to
1030 3162 89 23 Willis
1129 3164 45 22 and
1184 3164 40 23 Co.

691 3186 144 28 Wellington,
847 3187 102 27 January
958 3190 20 24 8,
991 3190 60 21 1841.

155 891 243 23 GOVERNMENT
417 890 140 24 NOTICE.

191 929 99 21 Colonial
302 929 134 26 Secretary's
447 929 77 25 Office,

252 955 96 28 Sydney,
360 955 128 21 November
496 955 51 27 2nd,
560 956 60 21 1840.

232 988 71 22 NEW
318 989 158 21 ZEALAND.

62 1023 88 47 HIS
162 1023 134 31 Excellency
307 1022 37 21 the
357 1022 125 21 Governor
497 1021 19 21 is
525 1021 91 28 pleased
625 1024 22 19 to

148 1049 76 26 direct,
243 1047 53 23 with
311 1048 113 22 reference
442 1051 21 18 to
480 1048 37 20 the
534 1048 80 22 Notice
625 1049 27 21 of

63 1075 51 21 18th
126 1075 24 21 of
162 1076 88 25 August
259 1075 49 26 last,
319 1075 49 21 that
377 1074 36 22 the
423 1074 114 27 following
555 1075 94 21 Extract

61 1102 58 21 from
139 1101 37 22 the
195 1101 146 21 Instructions
360 1101 73 21 issued
444 1104 22 18 to
483 1101 37 21 the
538 1101 110 22 Commis-

61 1128 85 21 sioners
164 1127 120 28 appointed
301 1131 22 17 to
343 1127 101 21 examine
464 1127 44 21 and
526 1131 75 22 report
618 1136 28 13 on

62 1155 81 21 Claims
162 1157 23 19 to
205 1155 82 21 Grants
302 1154 26 21 of
340 1154 64 20 Land
421 1154 24 20 in
463 1153 55 22 New
539 1154 106 27 Zealand,

61 1181 72 21 under
151 1181 37 21 the
207 1181 44 21 Act
268 1181 24 21 of
303 1181 38 21 the
358 1180 115 21 Governor
491 1180 44 21 and
546 1181 99 26 Council,

61 1207 39 21 4th
117 1207 103 27 Victoria,
238 1207 44 21 No.
292 1207 19 26 7,
330 1207 28 21 be
373 1207 117 26 published
506 1207 35 21 for
556 1209 89 26 general

60 1234 151 21 information.

89 1268 19 21 I.
143 1268 48 21 The
202 1268 181 21 Commissioners
393 1268 45 21 will
447 1268 96 27 proceed
553 1268 53 21 with
616 1268 31 21 all

61 1295 135 20 convenient
205 1294 98 27 dispatch
313 1299 23 16 to
346 1295 37 20 the
393 1295 47 25 Bay
450 1294 25 21 of
487 1294 95 26 Islands,
603 1295 44 22 and

61 1327 29 14 on
101 1321 96 26 arriving
207 1322 68 26 there,
292 1321 45 21 will
351 1322 51 20 wait
417 1328 29 14 on
463 1320 38 22 the
510 1320 137 23 Lieutenant

61 1347 123 27 Governor,
204 1348 44 20 and
264 1348 56 21 after
336 1348 99 25 shewing
449 1347 47 21 him
513 1348 58 21 their
581 1348 66 21 Com-

59 1374 91 21 mission
161 1374 44 21 and
216 1374 151 26 Instructions,
386 1374 44 21 will
446 1374 74 21 advise
536 1374 54 21 with
599 1374 47 22 him

60 1407 24 14 as
95 1404 22 17 to
127 1400 36 21 the
174 1401 48 20 best
230 1408 76 13 means
317 1401 25 20 of
354 1401 100 26 entering
464 1408 28 13 on
501 1400 57 22 their
566 1401 79 22 duties.

61 1426 26 21 In
109 1426 35 21 the
165 1427 115 21 execution
300 1427 26 21 of
337 1427 57 21 their
412 1427 154 28 Commission,
593 1428 54 27 they

59 1453 44 21 will
114 1456 39 18 not
162 1453 28 22 be
200 1454 85 26 subject
295 1456 22 19 to
329 1453 36 22 the
383 1454 85 21 control
486 1454 25 20 of
523 1454 38 21 the
579 1454 67 22 Lieu-

59 1483 78 18 tenant
145 1480 121 26 Governor,
279 1484 79 23 except
364 1480 23 21 in
396 1480 37 21 the
441 1480 131 26 particulars
581 1481 64 22 here-

57 1506 83 21 inafter
149 1506 135 26 mentioned,
294 1506 41 22 but
344 1507 52 26 they
406 1506 45 22 Avill
459 1506 24 21 of
496 1514 78 15 course
584 1511 22 18 at
616 1508 30 21 all

59 1533 64 21 times
133 1533 60 27 yield
202 1536 21 19 to
233 1533 47 22 him
290 1533 38 22 the
337 1536 87 24 respect
433 1534 48 21 that
490 1534 18 21 is
524 1534 43 21 due
578 1538 22 17 to
610 1534 35 21 his

59 1560 89 21 station.

89 1586 31 20 11.
153 1586 63 26 They
225 1586 45 21 will
279 1586 53 21 bear
341 1586 23 21 in
374 1586 63 21 mind
447 1586 48 21 that
504 1586 37 21 the
558 1587 46 22 Act
622 1587 26 22 of

58 1612 92 21 Council
160 1613 52 20 does
222 1617 40 17 not
271 1613 110 21 authorise
391 1613 60 21 them
462 1616 22 17 to
494 1614 92 24 enquire
597 1614 47 21 into

58 1646 45 19 any
114 1647 47 13 case
171 1639 73 22 which
254 1640 17 21 is
282 1643 38 18 not
331 1639 104 27 specially
444 1640 99 21 referred
550 1644 23 18 to
583 1640 61 22 them

56 1665 31 26 by
97 1666 37 21 the
146 1666 115 21 Governor
271 1666 24 21 of
306 1666 56 21 New
372 1666 70 21 South
452 1666 82 21 Wales.

86 1692 44 21 111.
252 1692 132 28 proceeding
394 1696 22 17 to
427 1693 37 20 the
471 1693 73 21 actual
553 1693 91 22 investi-

57 1719 75 25 gation
143 1719 26 20 of
179 1726 44 20 any
233 1727 57 18 case,
308 1719 53 27 they
371 1719 44 21 will
426 1719 51 22 take
487 1727 50 14 care
547 1720 49 21 that
606 1720 38 21 the

56 1745 113 27 following
186 1746 130 27 particulars
334 1753 37 14 arc
390 1746 53 27 duly
453 1746 99 27 notified,
572 1746 34 22 for
621 1750 23 18 at

56 1771 57 21 least
121 1773 100 20 fourteen
232 1772 60 28 days,
309 1773 23 20 in
346 1779 40 15 one
402 1779 25 14 or
437 1780 60 13 more
513 1773 58 21 New
587 1774 57 21 Zea-

56 1798 54 21 land
129 1799 151 27 Newspapers,
300 1799 43 21 viz.
461 1807 77 14 names
558 1800 26 21 of
605 1800 37 21 the

57 1825 84 21 Parties
151 1825 120 22 interested
281 1833 23 14 as
315 1825 127 22 Claimants.
471 1826 47 21 The
533 1833 78 15 names
622 1827 25 21 of

57 1851 30 21 all
97 1851 85 27 alleged
197 1853 82 20 sellers.
316 1852 48 21 The
377 1853 112 26 situation,
500 1853 141 27 boundaries,

56 1878 45 21 and
120 1879 115 21 estimated
254 1882 77 19 extent
354 1879 25 21 of
399 1879 37 21 the
456 1879 64 21 Land
539 1879 102 22 claimed.

56 1905 48 21 The
115 1912 64 14 name
190 1906 25 21 of
226 1913 45 20 any
280 1908 120 25 opponent,
412 1905 37 22 the
458 1906 64 27 place
541 1906 26 21 of
577 1906 65 21 hear-

55 1931 45 26 ing,
122 1932 43 21 and
184 1932 37 21 the
240 1933 52 20 time
311 1933 26 20 of
354 1933 98 26 hearing.
492 1933 28 20 In
541 1940 60 13 cases
620 1934 25 20 of

134 1966 24 13 or
167 1962 61 22 jrreat
238 1959 143 26 importance,
393 1959 18 21 it
421 1959 42 21 will
475 1959 46 21 also
532 1960 27 20 be
574 1959 69 21 desir-

56 1985 50 20 able
124 1985 48 20 that
189 1985 72 26 copies
272 1985 24 21 of
308 1985 37 21 the
355 1985 90 21 Notices
456 1985 27 20 be
500 1985 141 21 transmitted

56 2014 23 17 to
90 2011 35 21 the
137 2011 164 21 Governments
308 2011 26 21 of
346 2011 54 21 New
420 2011 69 21 South
505 2011 74 21 Wales
597 2012 45 21 and

56 2037 51 21 Van
118 2038 113 21 Dicman's
242 2037 69 27 Land,
330 2038 34 21 for
381 2038 36 20 the
428 2045 94 20 purpose
539 2039 26 20 of
575 2039 67 26 being

54 2064 97 22 inserted
162 2065 22 20 in
192 2064 36 21 the
235 2065 122 26 respective
365 2064 155 22 Government
528 2065 112 22 Gazettes.

85 2091 38 21 IV.
242 2091 36 21 the
290 2091 86 21 Official
393 2091 114 21 Protector
524 2091 26 21 of
561 2092 81 21 Abori-

54 2117 69 26 gines,
135 2124 25 14 or
167 2125 59 14 some
238 2125 79 19 person
328 2118 119 27 appointed
456 2118 24 20 in
489 2117 35 22 his
534 2118 62 22 stead
611 2119 31 26 by

53 2143 39 22 the
102 2144 134 22 Lieutenant
247 2145 122 25 Governor,
380 2148 60 18 must
449 2145 27 21 be
484 2148 91 23 present
582 2148 22 18 at
612 2146 29 21 all

54 2170 58 22 their
118 2171 173 26 investigations,
301 2172 23 20 in
334 2171 64 21 order
405 2174 23 18 to
433 2174 87 21 protect
526 2171 38 22 the
572 2172 69 26 rights

54 2197 44 21 and
108 2197 100 22 interests
219 2198 26 20 of
256 2198 35 21 the
301 2198 104 26 Natives;
423 2197 36 22 the
470 2198 134 22 attendance
616 2199 26 21 of

53 2227 126 24 competent
190 2225 144 27 Interpreters
346 2227 59 19 must
414 2225 46 21 also
470 2225 28 21 be
508 2225 97 21 insured.

83 2251 28 21 V.
211 2251 183 22 Commissioners
411 2251 43 21 will
469 2252 98 21 conduct
583 2252 58 22 their

54 2277 150 27 proceedings,
222 2285 24 14 as
255 2278 34 21 far
304 2285 24 14 as
345 2278 53 32 they
414 2279 159 26 conveniently
590 2286 48 19 can,

54 2304 53 21 with
123 2312 56 19 open
197 2304 72 27 doors,
286 2305 119 27 especially
422 2305 72 21 whilst
516 2305 125 22 Witnesses

54 2338 37 14 are
112 2331 72 21 under
202 2331 151 21 examination
360 2340 5 18 ;
391 2332 40 20 but
450 2331 53 27 they
522 2332 58 21 have
600 2333 39 21 the

52 2364 74 19 power
136 2358 26 20 of
173 2357 84 28 closing
268 2357 56 22 their
335 2359 70 25 doors,
418 2358 33 22 for
461 2358 37 21 the
511 2366 96 20 purpose
619 2359 25 21 of

54 2383 152 28 deliberation,
218 2392 26 14 or
252 2385 19 21 if
282 2392 118 20 necessary
411 2387 21 19 to
448 2392 104 19 preserve
568 2386 71 27 order,

54 2411 44 21 and
108 2411 46 21 also
164 2414 22 18 to
196 2411 65 21 make
272 2411 55 22 such
337 2412 58 21 rules
403 2411 34 22 for
445 2411 37 22 the
492 2413 148 26 proceedings

53 2437 27 21 of
91 2437 57 21 their
157 2438 67 21 Court
234 2445 23 14 as
266 2437 54 28 they
326 2446 52 19 may
386 2438 63 22 deem
456 2439 106 26 requsite,
573 2439 67 26 being

52 2464 122 22 consistent
184 2464 53 22 with
247 2465 36 21 the
299 2465 125 27 provisions
440 2465 26 21 of
477 2467 37 19 the
532 2466 46 22 Act
595 2467 46 21 and

52 2491 53 21 with
116 2491 61 21 these
186 2491 152 21 instructions.

80 2517 41 22 VI.
213 2518 142 27 summoning
372 2519 45 21 and
435 2519 131 28 examining
583 2519 57 22 Wit-

52 2551 81 19 nesses,
144 2544 117 27 recording
270 2545 112 26 evidence,
394 2545 45 21 and
451 2546 24 21 in
491 2553 68 20 every
577 2547 63 21 other

51 2575 50 22 step
110 2571 27 21 of
146 2571 58 21 their
213 2571 121 27 procedure
344 2571 53 28 they
406 2572 44 22 will
466 2580 84 19 govern
568 2573 72 22 them-

51 2597 71 22 selves
132 2597 84 28 strictly
226 2598 30 27 by
266 2598 36 22 the
314 2598 105 22 direction
431 2600 120 21 contained
565 2601 24 21 in
600 2601 38 21 the

52 2624 45 22 Act
106 2624 24 21 of
141 2625 93 21 Council
242 2633 5 18 ;
264 2625 44 21 and
317 2625 24 22 in
350 2627 118 26 preparing
478 2626 59 22 their
546 2630 92 24 reports,

51 2650 54 27 they
115 2651 45 21 will
169 2651 68 28 adopt
245 2651 36 22 the
292 2652 160 27 accompaying
461 2653 57 21 form
527 2655 21 24 4,
567 2657 73 18 trans-

52 2677 90 26 mitting
152 2678 60 21 them
228 2678 53 22 with
297 2679 39 21 the
350 2679 58 21 least
423 2680 95 27 possible
536 2681 64 26 delay
617 2684 23 18 to

52 2703 38 23 the
101 2705 99 21 Colonial
210 2705 117 27 Secretary
335 2706 25 21 of
371 2706 55 21 New
437 2706 69 22 South
513 2707 83 28 Wales,
605 2708 35 21 for

51 2731 39 21 the
101 2731 97 22 decision
209 2731 26 21 of
245 2731 37 22 the

80 2765 42 22 His
129 2765 136 28 Excellency
275 2766 46 21 also
332 2766 80 22 directs
427 2767 18 21 it
462 2770 22 19 to
501 2768 28 21 be
546 2769 94 21 notified

50 2791 50 22 that
116 2792 121 21 Claimants
252 2796 23 18 to
296 2793 64 21 Land
376 2794 25 21 in
420 2794 55 21 New
491 2794 100 22 Zealand
601 2803 38 14 are

50 2818 103 28 required
163 2822 22 18 to
195 2820 103 21 transmit
307 2823 22 18 to
340 2819 43 22 this
393 2820 70 21 Office
483 2820 37 26 (by
539 2829 44 14 the
600 2822 39 22 4th

51 2853 27 13 of
89 2846 129 26 February,
238 2846 71 27 1841,)
325 2849 129 20 statements
465 2847 26 21 of
501 2848 58 21 their
567 2849 71 21 whole

51 2872 84 27 claims,
154 2872 123 28 exhibiting
293 2874 25 21 in
336 2873 54 23 each
405 2881 50 14 case
472 2874 37 21 the
525 2874 115 29 following

50 2899 137 27 particulars,
202 2900 43 21 viz.

78 2934 40 20 Ist.
146 2932 47 22 The
212 2940 78 15 names
306 2934 24 20 in
346 2933 41 23 full
404 2935 26 21 of
440 2934 30 22 all
485 2935 94 22 Persons
589 2936 49 22 who

50 2966 57 14 Avcre
117 2960 81 27 parties
209 2963 22 18 to
239 2961 37 21 the
287 2961 94 26 original
391 2962 136 21 transaction
538 2963 53 20 with
601 2963 37 22 the

50 2985 100 28 Natives,
161 2994 23 14 as
194 2987 138 27 purchasers,
343 2988 45 21 and
398 2995 37 14 are
451 2996 50 13 now
517 2989 121 22 interested

50 3020 25 14 as
84 3013 126 22 Claimants.

77 3039 52 22 2nd.
153 3039 47 23 The
216 3048 76 14 names
311 3041 25 21 of
353 3040 30 22 all
400 3041 95 22 Persons
515 3042 49 22 who
580 3050 57 15 were

49 3066 81 27 parties
140 3069 22 19 to
173 3066 37 22 the
220 3067 93 26 original
324 3069 143 26 transaction,
478 3076 25 14 as
513 3069 87 22 Sellers.

77 3093 46 21 3rd.
139 3093 47 21 The
193 3093 113 28 situation,
316 3094 140 28 boundaries,
468 3095 45 22 and
520 3096 118 23 estimated

50 3123 102 18 contents
163 3120 25 21 of
198 3120 38 21 the
247 3121 64 21 Land
321 3121 101 22 claimed.

77 3147 45 21 4th.
137 3147 47 21 The
193 3147 51 21 date
255 3147 25 21 of
290 3147 39 22 the
337 3148 93 27 original
437 3150 144 26 transaction,
593 3150 44 21 and

50 3173 129 26 particulars
189 3173 25 21 of
225 3173 37 22 the
272 3174 65 22 Deed
346 3182 25 14 or
386 3175 62 22 other
463 3176 68 22 mode
548 3177 25 21 of
585 3185 52 14 con-

49 3207 99 19 veyance
158 3200 61 21 used.

75 3227 45 21 sth.
136 3227 47 21 The
193 3227 162 22 consideration
365 3229 72 26 given,
449 3229 187 24 whetherincash

48 3260 25 14 or
83 3253 162 27 Merchandise,
266 3255 125 27 specifying
410 3256 36 21 the
466 3257 105 28 Articles,
591 3258 45 22 and

49 3279 57 23 their
116 3280 91 27 sterling
217 3281 72 22 value.

200 3321 35 26 By
243 3320 34 22 his
288 3321 154 28 Excellency's
453 3324 127 27 command,

338 3356 27 21 E.
379 3356 80 22 DEAS
474 3357 161 24 THOMSON.

819 3244 44 19 TO
877 3244 71 19 THE
964 3244 135 21 PUBLIC.

666 3275 157 49 MESSRS.
861 3276 160 27 WALLACE,
1061 3277 113 29 WHITE,
1209 3279 41 23 and

754 3302 155 22 WALLACE
936 3302 57 23 have
1001 3304 48 26 just
1057 3304 89 28 landed,
1167 3313 30 14 ex
1213 3307 37 21 the

812 3337 30 13 an
862 3330 115 21 extensive
1000 3334 134 20 assortment
1152 3333 27 21 of
1195 3337 55 24 pots,

666 3354 84 28 kettles,
767 3363 131 20 saucepans,
913 3356 41 22 flat
962 3357 68 27 irons,
1048 3358 45 22 and
1108 3358 64 22 other
1181 3360 69 22 useful

666 3382 92 27 articles,
776 3382 73 22 which
865 3383 54 27 they
936 3390 37 15 are
985 3384 79 27 selling
1074 3388 23 19 at
1106 3385 144 29 exceedingly

666 3408 40 22 low
715 3410 77 27 prices,
812 3413 25 18 at
852 3410 60 22 their
921 3410 70 28 Store,
1012 3418 29 14 on
1056 3411 37 22 the
1102 3412 71 22 beach
1182 3413 68 23 above

666 3436 87 20 Messrs.
766 3436 91 20 Hunter
864 3437 46 19 and
919 3437 52 19 Co's
980 3437 147 19 warehouses.

825 3490 140 21 STRONG
976 3491 113 22 SHOES.

664 3515 87 49 FOR
770 3516 79 22 SALE
868 3518 41 20 100
931 3517 59 27 pairs
1008 3518 73 22 men's
1096 3521 77 26 strong
1188 3519 64 23 boots

735 3543 46 21 and
788 3542 66 22 shoes
864 3550 55 21 very
929 3544 78 28 cheap.

957 3571 29 21 D.
1004 3571 21 23 S.
1040 3571 79 23 Durie
1130 3573 45 22 and
1186 3573 39 23 Co.
1251 3574 2 8 '

689 3596 143 24 Wellington,
843 3596 101 24 January
953 3599 21 21 8,
986 3599 61 21 1841.

663 3650 277 48 RBRADFIELD,
966 3651 93 23 Saddler
1082 3654 45 21 and
1150 3654 101 24 Harness

759 3677 87 22 Maker.
876 3678 94 27 Repairs
980 3679 77 27 neatly
1073 3680 66 22 done.
1169 3682 82 23 Orders

661 3703 103 22 received
772 3707 24 18 at
805 3703 130 23 Marshall's
944 3705 163 22 Coffee-house.

277 3409 243 27 Surveyor-General's
529 3412 78 28 Office,

346 3437 100 27 January
456 3437 21 27 7,
492 3439 62 21 1841.

47 3469 146 48 NOTICE
204 3469 27 21 IS
242 3469 127 22 HEREBY
380 3471 106 27 GIVEN,
498 3472 50 21 that
554 3472 81 23 hence-

128 3496 101 25 forward,
240 3496 23 21 in
274 3496 65 21 order
350 3499 21 18 to
381 3497 50 27 give
442 3498 54 21 time
511 3498 36 22 for
560 3500 75 21 Land-

49 3530 84 14 owners
149 3523 44 21 and
210 3523 87 26 Agents
313 3526 22 19 to
350 3523 88 28 inspect
453 3524 97 23 districts
564 3527 71 22 under

47 3556 86 20 survey,
149 3549 48 21 that
210 3549 38 22 the
264 3549 107 22 selection
388 3551 26 20 of
430 3551 55 21 such
499 3553 97 22 sections
611 3561 23 14 as

47 3583 52 20 may
108 3578 28 20 be
146 3576 67 27 ready
224 3576 43 21 will
278 3577 51 21 take
338 3577 64 27 place
412 3585 27 14 on
451 3578 36 21 the
498 3578 49 22 first
553 3580 81 22 Thurs-

47 3602 43 27 day
100 3603 23 21 in
138 3610 66 17 every
217 3602 87 27 month,
322 3603 76 22 unless
414 3611 29 15 an
461 3604 174 25 advertisement

47 3636 91 20 appears
148 3632 21 19 to
181 3628 36 22 the
228 3633 111 24 contrary.

75 3663 35 21 On
134 3662 61 21 these
219 3663 114 22 occasions
356 3664 30 20 all
414 3664 153 23 Landowners
590 3666 43 22 and

47 3690 86 26 Agents
143 3689 48 21 who
209 3689 43 22 still
267 3689 58 22 have
341 3690 58 22 their
414 3691 88 22 choices
520 3695 24 18 to
560 3693 71 27 make,

45 3723 39 14 are
94 3716 115 27 requested
219 3719 22 18 to
257 3717 84 27 attend,
359 3725 24 13 as
397 3717 19 21 it
430 3718 19 20 is
466 3718 128 27 impossible
611 3723 21 18 to

47 3750 39 20 say
94 3745 21 19 to
123 3742 60 22 what
189 3743 95 21 number
290 3743 39 22 the
336 3744 75 21 choice
419 3751 53 20 may
479 3745 76 22 reach.
579 3747 54 27 Any

45 3770 78 21 holder
132 3770 26 21 of
169 3777 12 14 a
190 3769 55 22 land
261 3770 65 21 order
341 3771 97 27 residing
452 3771 23 21 in
494 3772 37 21 the
548 3772 84 29 Colony

46 3796 48 22 who
104 3797 53 21 does
167 3799 39 18 not
215 3796 84 27 attend,
310 3797 43 21 will
365 3798 27 21 be
402 3798 129 22 considered
543 3803 21 17 to
575 3799 56 23 have

44 3823 104 22 reserved
157 3823 33 21 his
200 3822 84 26 choice,
297 3824 75 22 unless
383 3831 60 15 some
452 3825 64 22 other
525 3834 82 19 person
614 3827 17 22 is

47 3850 95 28 deputed
152 3852 22 20 to
184 3850 80 22 choose
275 3851 34 20 for
320 3850 52 22 him.

208 3883 36 22 W.
259 3883 33 22 M.
308 3884 105 27 SMITH,
426 3885 62 27 Capt.
499 3885 67 28 R.A.,

389 3918 229 29 Surveyor-General.

883 3759 140 22 NOTICE.

662 3784 90 22 HHHE
766 3785 222 23 PARTNERSHIP
999 3787 25 21 of
1035 3787 82 28 Taylor
1126 3790 45 21 and
1179 3791 72 22 Cock-

668 3809 29 23 L
734 3811 64 27 burn,
809 3812 140 28 Carpenters,
960 3813 20 22 is
990 3813 44 23 this
1045 3814 44 29 day
1099 3815 113 25 dissolved
1221 3818 29 27 by

660 3838 85 22 mutual
756 3842 98 18 consent.

985 3867 54 23 Wm.
1054 3868 101 28 Taylor,

986 3895 74 23 James
1072 3897 130 23 Cockburn.

686 3919 99 28 January
795 3921 19 25 8,
831 3921 58 21 1841.

680 118 15 12 r
910 119 240 26 Surveyor-General's
1160 118 78 27 Office,

977 148 102 24 January
1088 146 20 26 7,
1123 146 60 21 1841.

683 180 201 49 SURVEYORS
898 178 145 22 WANTED.
1072 178 43 22 For
1126 177 85 22 further
1215 184 49 19 par-

746 207 89 21 ticulars
845 206 67 27 apply
921 209 24 19 at
958 205 43 21 this
1017 204 77 27 Office,
1111 205 101 21 between
1228 203 36 21 the

681 233 67 22 hours
757 233 26 21 of
793 235 14 20 9
816 233 45 21 and
870 235 21 19 4.

842 259 35 21 W.
892 259 34 21 M.
943 257 107 27 SMITH,
1061 258 63 26 Capt.
1135 256 67 27 R.A.,

1026 282 226 25 Surveyor-General.

770 338 256 21 IMMIGRATION
1044 336 132 22 OFFICE.

683 372 109 47 LISTS
803 372 25 20 of
834 371 73 26 newly
917 370 88 22 arrived
1014 370 145 26 Immigrants
1169 376 37 14 are
1212 368 52 27 kept

757 402 22 17 at
797 398 43 21 this
860 397 77 26 Office,
957 396 74 22 where
1051 396 82 27 parties
1150 395 114 27 requiring

683 424 110 21 workmen
804 431 24 14 or
843 426 100 19 servants
953 430 42 14 can
1012 422 87 21 receive
1113 421 151 26 information,

683 450 42 21 and
741 450 63 21 those
819 453 39 18 out
872 450 26 21 of
908 449 153 27 employment
1075 456 42 13 can
1133 447 57 22 have
1207 447 57 22 their

683 483 74 15 names
766 476 126 27 registered,
905 483 29 14 on
945 475 107 28 applying
1061 478 23 18 to

856 503 93 20 Daniel
964 504 139 24 Kiddiford,

1007 527 156 26 Immigration
1181 527 83 26 Agent.

706 555 74 22 Thorn
783 555 43 21 don
839 555 71 26 Quay,
922 554 145 27 Wellington,

773 581 126 22 December
911 582 35 21 30,
962 582 61 20 1840.

908 635 22 21 A
946 635 91 21 CARD.

781 662 76 20 MR.
881 661 37 20 H.
943 662 33 20 B.
1000 661 160 24 RELPH,

832 695 104 14 SURGEON
951 695 158 19 ACCOUCHEUR,

912 721 123 18 PETONI.

162 127 242 28 GOVERNMENT
423 126 138 25 NOTICE.
655 137 4 15 ,

347 165 55 22 New
412 163 105 25 Zealand,

216 192 99 23 Colonial
326 191 132 26 Secretary's
469 188 77 27 Office,
557 188 96 27 Russell,

314 217 39 23 Bth
360 217 129 25 December,
499 217 61 20 1840.

104 254 86 20 SALE
205 253 42 20 OP
263 251 104 21 TOWN
381 248 241 22 ALLOTMENTS.

70 286 70 47 AT
157 285 76 21 eleven
251 283 84 22 o'clock
354 290 28 13 on
400 281 144 26 MONDAY,
563 281 37 20 the
617 280 38 21 Bth

157 311 43 27 day
224 311 24 21 of
275 308 111 23 MARCH
409 311 60 23 next,
492 308 37 20 the
555 306 100 22 Colonial

71 338 118 22 Treasurer
200 337 42 21 will
251 339 40 28 put
300 343 29 19 up
338 338 23 18 to
374 334 101 25 Auction,
491 337 24 18 at
525 332 128 26 Auckland,

71 365 38 21 the
119 362 196 23 undermentioned
321 361 68 21 Town
398 360 141 26 Allotments,
547 366 61 20 upon
616 358 38 22 the

71 391 124 21 conditions
205 388 125 22 authorised
339 388 30 26 by
379 387 160 21 Government.

98 416 94 22 Further
205 414 143 22 information
364 413 124 27 respecting
504 412 62 21 these
581 411 73 22 Allot-

69 446 73 18 ments
160 449 50 19 may
226 442 27 20 be
274 440 104 21 obtained
394 440 57 21 from
466 439 38 21 the
522 440 132 20 Surveyor-

69 469 117 25 Gcneiial,
198 468 44 20 and
250 466 126 26 respecting
385 466 37 21 the
433 464 124 23 conditions
565 464 26 22 of
600 464 52 26 sale,

68 496 56 20 from
136 495 36 20 the
183 495 115 20 Colonial
308 493 146 21 Treasurer.

96 526 179 23 AUCKLAND.
307 525 137 22 Allotments
451 524 45 22 laid
503 524 64 21 down
575 524 23 20 in
606 530 48 14 sec-

310 552 60 20 tions
379 551 54 21 Nos.
443 553 19 24 3,
473 553 20 24 4,
504 550 20 26 7,
535 551 20 26 8,
567 551 33 25 16,
609 549 45 21 and

310 579 33 24 17,
352 577 134 26 containing,
496 576 62 27 each,
566 576 51 21 half
623 583 29 13 an

308 611 58 19 acre,
377 610 60 14 more
448 610 24 14 or
484 603 49 21 less.
563 603 23 20 A
600 602 51 26 plan

309 631 25 21 of
346 630 71 21 which
426 630 19 20 is
453 636 50 14 now
512 629 24 21 in
544 635 78 15 course
630 628 26 21 of

308 657 144 26 publication.

95 684 49 21 Full
153 683 130 28 particulars
298 683 25 21 of
339 683 60 21 these
414 682 136 21 Allotments
564 680 45 23 will
623 682 28 20 be

64 711 120 26 published
194 717 28 14 on
233 717 29 14 an
273 710 59 26 early
344 710 49 26 day.

121 744 32 26 By
165 743 117 21 command
291 743 24 21 of
329 743 35 20 his
374 741 135 27 Excellency
518 741 38 22 the
567 741 84 22 Lieut.-

148 770 123 26 Governor,

224 802 213 22 WILLOUGHBY
451 801 197 26 SHORTLAND,

362 835 99 22 Colonial
471 836 123 25 Secretary.

899 776 26 20 A
941 776 103 19 CARD.

678 809 90 47 MR.
783 809 94 26 PARK,
893 808 57 22 Civil
963 809 114 26 Engineer
1092 808 44 22 and
1146 809 116 26 Surveyor,

767 835 44 21 late
823 835 24 21 of
858 835 38 21 the
906 835 137 27 Company's
1054 835 124 27 Surveying
1188 835 61 22 Staff.

704 861 143 26 Wellington,
859 861 53 22 Jan.
922 862 21 25 7,
959 863 62 20 1841.

697 915 44 20 TO
754 915 161 20 PARENTS
930 915 77 20 AND
1021 915 216 21 GUARDIANS.

675 947 183 48 WANTED,
868 955 24 13 as
901 955 29 14 an
938 948 137 26 Apprentice
1084 951 22 18 to
1115 948 36 21 the
1160 948 103 21 PRINT-

771 974 58 21 ING
848 974 153 26 BUSINESS,
1027 981 14 14 a
1062 974 137 28 respectable
1220 974 43 23 and

674 1000 126 27 intelligent
810 1000 82 27 Youth,
908 1001 68 21 about
986 1002 28 20 14
1023 1008 64 20 years
1098 1001 26 22 of
1133 1008 48 20 age.

701 1027 76 27 Apply
787 1030 23 18 at
819 1027 37 21 the
868 1027 70 22 Office
948 1027 26 21 of
985 1027 45 22 this
1040 1035 76 19 paper.

677 1080 86 25 T7OR
772 1081 84 27 SALE,
866 1081 49 22 that
920 1081 96 27 English
1021 1082 58 21 built
1086 1081 91 22 wooden
1184 1081 77 27 house,

676 1103 28 26 JL
746 1108 70 26 lately
826 1108 107 27 occupied
943 1115 24 14 as
983 1115 14 14 a
1015 1108 62 21 Store
1093 1115 29 14 on
1138 1107 38 22 the
1193 1108 68 21 River

675 1134 59 21 Hutt
748 1135 30 26 by
796 1134 89 22 Messrs.
903 1134 101 28 Hopper,
1027 1134 72 26 Petre,
1117 1134 45 22 and
1179 1134 82 22 Moles-

675 1160 76 22 worth.
781 1161 95 22 Further
884 1161 133 27 particulars
1028 1161 91 27 enquire
1129 1161 26 22 of
1170 1160 91 23 Messrs.

676 1188 64 21 Petre
750 1188 45 21 and
804 1187 152 22 Molesworth.

701 1214 101 26 January
812 1216 20 24 9,
844 1216 61 19 1841.
