2529 4029
45 74 148 427 THE
242 74 147 427 NEW
438 74 343 427 ZEALAND
830 74 343 427 GAZETTE
1222 74 147 427 AND
1418 74 491 427 WELLINGTON
1958 74 491 427 SPECTATOR.

592 523 219 39 PUBLISHED
854 521 132 38 EVERY
1030 518 256 40 WEDNESDAY
1328 515 87 41 AND
1460 520 225 36 SATURDAY
1731 521 205 37 MORNING.

565 640 129 32 PORT
717 633 567 42 NICHOLSON/SATURDAY
1305 632 236 42 MpRNING,
1564 635 263 33 DECEMBER
1849 640 52 34 24,
1924 641 91 29 1842.

2251 638 99 41 [Vol.
2371 633 69 36 111.

81 645 64 31 No.
160 639 87 42 205.]

160 741 3 3 '
179 736 54 21 For
255 732 123 24 ►L6ndbn
407 733 96 25 direct^

182 776 8 11 .■
200 770 29 20 To
238 769 41 20 sail
289 769 56 25 early
355 774 30 14 m<
386 767 104 26 January.
500 767 5 5 '

61 800 102 33 >j3^»,
190 823 4 3 .
204 804 91 29 rpHE
319 803 50 22 well
492 802 44 22 fast
555 801 80 27 sailing

211 828 38 26 X'
262 842 4 17 ;
291 831 83 27 barque
409 830 112 26 Clydeside,

53 852 145 39 >jj3j^^M^
216 854 86 27 Adams
312 857 149 27 commander,
470 856 43 22 will
522 855 40 22 sail
574 854 60 26 early

52 879 158 37 mSBMHBr-
225 892 15 14 n
249 885 106 26 January.
384 884 34 21 As
426 886 59 19 most
492 882 25 22 of
521 882 41 21 her
569 887 65 20 cargo

216 919 8 15 I
225 918 10 15 s
259 910 106 28 engaged,
390 909 118 27 intending
535 908 100 27 shippers

214 937 45 23 will
277 937 86 28 require
382 939 23 19 to
423 936 73 22 make'
504 934 130 23 immediate

53 966 140 29 application.
205 988 4 3 .
221 965 133 26 Passengers
372 971 38 14 are
430 963 46 21 also
494 960 108 29 required
610 963 29 22 to,

52 1000 75 16 secure
137 993 37 21 the
189 991 81 26 berths,
282 998 24 14 as
316 990 52 28 only
383 997 14 14 a
412 990 44 22 few
471 996 37 15 are
524 995 50 14 now
590 987 45 22 dis-

52 1019 106 28 engaged.
187 1019 48 21 The
256 1018 104 26 Clydeside
373 1016 52 28 will,
442 1014 154 26 immediately
604 1019 29 15 on

52 1046 140 27 discharging
205 1045 40 23 her
261 1051 66 19 cargo
341 1044 25 22 in
383 1042 102 27 London,
500 1047 94 21 prepare
612 1042 23 19 to

51 1077 78 19 return
147 1076 22 18 to
188 1072 56 22 New
259 1070 106 24 Zealand.
394 1070 44 21 She
462 1068 44 22 will
523 1066 110 22 therefore

52 1100 70 22 afford
136 1106 29 16 an
181 1098 111 22 excellent
308 1096 141 29 opportunity
459 1095 34 21 for
510 1092 71 28 goods
600 1098 35 15 re-

51 1126 79 29 quired
145 1129 22 19 at
183 1125 38 21 the
240 1122 183 29 earliest>p,eriod
442 1122 29 25 by
480 1124 82 23 parties
574 1120 67 19 here,,

52 1153 49 22 who
111 1159 37 15 are
157 1151 116 27 requested
283 1153 21 18 to
314 1150 93 21 instruct
423 1146 58 23 their
497 1149 77 24 agents
591 1146 44 20 and.

50 1179 86 23 friends
145 1181 22 19 at
176 1178 67 21 home
251 1179 23 19 to
285 1176 49 27 give
346 1172 44 25 this
402 1172 101 23 Colonial
513 1171 75 23 trader
598 1171 36 22 the

50 1206 129 29 preference
207 1204 45 22 For
261 1202 82 28 freight
351 1209 25 14 or
384 1205 101 23 passage,
496 1199 66 27 apply
572 1202 23 17 to

81 1249 1 5 ,
118 1250 3 7 ,
365 1233 84 21 Waitt
464 1231 46 23 and
523 1231 84 21 Tyser.

77 1270 146 28 Wellington,
233 1268 127 24 December
370 1269 33 25 16,
416 1267 61 21 1842.

54 1313 63 30 Sliip
132 1315 83 21 Hotel
228 1315 28 19 &.
264 1314 114 23 Tavern,
393 1312 132 20 Manners
539 1309 98 24 Street,

202 1347 42 23 BY
258 1345 84 24 JOHN
350 1343 139 27 -FULLER,

56 1383 79 19 WINES,
146 1382 96 19 SPIRITS,
252 1380 46 15 AND
307 1378 62 17 MALT
379 1378 98 17 LIQUORS
487 1376 28 16 OP
525 1370 116 21 SUPERIOR'

291 1405 107 17 QUALITY.

128 1426 155 24 Commodious
292 1432 74 15 rooms
376 1425 53 21 with
437 1423 57 27 good
503 1422 63 22 beds.
644 1443 2 7 ,

58 1455 6 4 '
84 1448 91 29 dinners
191 1456 37 24 got
248 1453 63 26 ready
331 1459 26 14 on
376 1452 36 20 the
424 1452 91 20 shortest
535 1449 74 21 notice.

137 1489 34 15 AN-
177 1487 119 16 ORDINARY
306 1486 70 15 DAILY
386 1486 29 14 AT
424 1479 14 20 2
456 1477 102 22 O'CLOCK.

195 1546 5 6 .
208 1527 53 21 For
271 1526 108 26 Sydney
391 1524 95 24 direct,

190 1576 2 6 -
209 1562 91 31 rpHE
310 1562 83 26 barque
402 1561 78 25 Bright
485 1560 84 24 Planet,
582 1557 59 22 John

76 1585 115 36 J&£~ffi^
212 1583 34 28 --L
283 1588 112 23 Morrison
402 1590 88 19 master.
510 1586 44 22 For
560 1583 82 28 freight

57 1609 145 42 /jSc-gKk
223 1624 26 15 or
257 1622 92 22 passage
359 1614 66 28 apply
433 1617 23 18 to
461 1614 38 21 the
511 1612 93 28 Captain
611 1618 31 15 on

82 1707 125 22 December
220 1708 33 23 19,
263 1705 62 22 1842.
592 1717 46 16 ■___

165 1749 167 28 Survey-office,
343 1748 55 22 New
409 1745 101 24 Zealand
520 1745 120 26 Company,

247 1776 142 26 Wellington,
402 1774 49 22 Oct.
461 1774 21 25 7,
494 1773 61 21 1842.

59 1811 146 51 NOTICE
219 1811 28 21 IS
263 1807 127 24 HEREBY
405 1805 108 27 GIVEN,
521 1828 3 4 ,
534 1804 51 22 that
603 1802 39 23 the

125 1842 5 4 •
140 1839 98 24 Country
247 1835 67 26 Land
323 1842 49 14 now
381 1832 73 23 under
463 1839 81 19 survey
553 1830 44 23 will
612 1830 30 21 be

59 1866 84 21 thrown
154 1872 56 20 open
219 1865 33 20 for
267 1861 105 23 selection
387 1860 37 22 for
441 1860 37 21 the
493 1858 149 26 Preliminary

59 1892 105 26 Sections,
183 1894 23 18 at
223 1893 88 24 present
327 1887 127 25 remaining
472 1885 120 25 unchosen,
612 1891 30 14 on

61 1919 105 26 Monday,
177 1918 37 22 the
224 1917 46 21 2nd
279 1916 106 26 January,
397 1915 61 25 1843,
474 1912 44 22 and
527 1912 115 25 following

59 1946 80 27 days—
140 1944 154 25 commencing
303 1945 22 19 at
341 1943 24 20 11
381 1947 60 19 a.m.,
459 1938 44 22 and
520 1938 83 26 closing
618 1941 24 17 at

59 1974 14 20 4
81 1980 60 20 p.m.,
151 1970 117 29 precisely,
278 1969 45 23 and
331 1968 67 26 being
408 1974 24 14 as
441 1966 85 22 follows
533 1973 6 14 :
541 1975 28 5 —

195 2006 10 6 -»
421 2005 5 8 i
482 1999 35 16 No.
522 1999 26 19 .of
561 1997 79 17 Sections

491 2020 58 15 under
557 2019 73 20 Survey.

75 2052 122 21 -Djsijuct
208 2044 345 31 orTHEOE^isffith^eciiotts.
590 2065 7 7 s
643 2053 2 19 ;

114 2073 148 23 a're'siluated"
268 2069 78 23 in^the
355 2070 81 25 valley,
448 2067 100 28 .parallel

112 2100 54 23 with
184 2099 49 21 that
250 2098 67 26 given
336 2098 38 19 out
393 2098 24 17 at
439 2093 43 22 the'
501 2093 44 21 last

113 2126 111 26 selection,
236 2124 44 22 and
290 2122 105 28 comprise
406 2124 23 19 at
436 2120 67 21 least.
510 2133 33 7 ...
588 2119 28 21 44

96 2154 78 28 [Plans
184 2159 57 21 open
253 2151 34 22 for
299 2148 126 28 inspection
435 2150 23 19 at
467 2146 36 21 the
515 2145 87 26 Office.]
619 2156 5 3 ■

87 2189 113 22 District
214 2193 27 14 of
256 2192 45 15 the
315 2183 69 22 Hutt
389 2195 73 19 ••••%•
517 2195 14 20 ,•
538 2194 7 6 •
577 2181 23 20 10
601 2180 15 21 °

114 2214 46 23 The
179 2213 99 22 Sections
296 2217 37 15 are
354 2209 46 21 laid
414 2209 38 20 out
468 2210 23 19 at
510 2209 38 19 the

114 2248 69 20 upper
190 2242 50 25 part
245 2238 26 22 of
278 2237 37 22 the
324 2236 64 26 river,
397 2234 45 22 and
451 2241 36 14 are
495 2241 54 14 con-

114 2267 81 24 nected
212 2265 54 23 with
286 2263 63 22 those
371 2261 92 27 already
481 2261 68 27 given

115 2298 45 19 out.
188 2293 68 22 Plans
264 2294 23 19 to
296 2291 28 21 be
332 2289 70 27 ready
412 2290 34 20 Ist
452 2288 97 21 Decem-

114 2322 46 26 ber,
172 2321 60 21 1842.
253 2341 6 3 .

90 2357 110 23 District
211 2361 27 14 of
247 2352 103 24 Horoki,
361 2348 123 26 extending
491 2347 57 22 from

116 2389 53 15 near
179 2380 90 22 Section
277 2380 34 26 10,
321 2377 116 27 Kinapora
447 2375 100 25 District,

115 2407 94 24 towards
230 2406 38 21 the
291 2407 61 20 coast
374 2406 24 19 at
423 2401 50 22 Wai
473 2413 11 17 r
484 2401 66 21 kanai
564 2422 5 4 .

115 2434 106 27 probably
229 2434 86 20 ..'....'.
578 2427 22 21 15
602 2427 15 21 °

104 2462 79 29 [Plans
192 2464 22 18 to
224 2460 28 22 be
261 2458 70 28 ready
340 2458 33 21 Ist
383 2455 132 25 December,
527 2455 73 26 1842.J

90 2497 112 22 District
230 2501 27 14 of
289 2492 82 22 Loury
405 2490 58 25 Bay,
497 2488 55 21 Port

116 2521 121 24 Nicholson
602 2515 15 19 5

235 2546 78 29 [Plans
322 2551 50 15 now
381 2544 77 25 ready.
461 2544 11 25 J
522 2550 6 9 '
534 2554 5 7 <

88 2584 89 22 Poriru
179 2590 21 18 a,
211 2582 134 23 Kinapora,
352 2577 45 22 and
402 2576 83 26 sundry
491 2577 61 25 parts

115 2609 85 23 around
209 2608 55 22 Port
272 2604 123 24 Nicholson
420 2616 98 8 ........
527 2616 6 6 .
540 2615 6 7 .
591 2604 28 19 18

103 2637 78 27 [Plans
190 2638 22 18 to
221 2635 29 21 be
259 2632 68 28 ready
338 2634 33 19 Ist
382 2629 135 26 November,
529 2629 73 26 1842.J

90 2665 112 22 District
212 2669 28 14 of
248 2658 148 26 Manawatu,
405 2656 38 23 the
452 2655 101 23 Sections

89 2702 4 6 '
116 2688 82 24 extend
226 2687 67 24 along
320 2685 38 22 the
379 2683 62 23 bank
463 2682 26 22 of
513 2681 40 22 the

87 2710 14 33 |
117 2716 68 24 River
193 2715 71 21 above
273 2712 62 23 those
345 2711 67 28 given
423 2711 38 20 out
475 2712 24 19 at
513 2708 39 21 the

116 2744 44 22 last
172 2740 113 27 selection,
303 2736 80 24 thence
401 2740 24 18 to
444 2735 38 23 the
500 2735 53 22 hills

117 2769 43 23 and
170 2767 107 28 comprise
292 2768 25 19 at
331 2764 80 33 least^.
419 2766 7 17 '.
433 2777 6 6 .
447 2776 7 6 .
460 2776 34 6 ...
501 2776 6 6 •
513 2776 7 6 .
529 2776 7 6 •
542 2776 7 6 •
579 2762 42 21 300

79 2796 109 27 Lf|[Plans
197 2797 22 18 to
229 2794 29 20 be
266 2791 68 26 ready
344 2792 34 19 Ist
386 2789 133 25 December,
531 2789 71 24 1842.J

89 2829 48 22 The
147 2825 64 23 Field
223 2823 61 23 Plots
292 2828 54 20 may
357 2821 29 21 be
399 2825 53 16 seen
470 2821 23 19 at
505 2816 38 23 the
558 2820 87 24 present

63 2856 55 21 time
127 2856 23 19 at
159 2852 38 22 the
205 2851 86 25 Survey
301 2847 98 23 Stations
414 2846 25 21 of
449 2844 38 23 the
505 2844 84 22 several
603 2844 42 21 dis-

63 2882 62 22 tricts
132 2876 155 30 respectively:
295 2892 18 7 ,.
329 2874 4 6 '
501 2896 7 7 ,
608 2883 3 3 '

92 2908 28 22 In
128 2905 65 23 order
201 2907 24 19 to
235 2899 165 25 accommodate
409 2898 38 22 the
456 2897 90 22 holders
555 2897 26 22 of
587 2897 58 27 early

64 2935 95 24 choices,
171 2930 165 26 arrangements
344 2926 58 23 have
418 2925 58 22 been
490 2923 65 22 made
566 2923 34 22 for
611 2923 34 22 the

63 2964 66 21 party
137 2957 126 28 possessing
278 2954 38 22 the
332 2952 49 23 first
390 2951 68 22 order
471 2950 26 23 of
504 2950 82 26 choice,
598 2956 47 15 suc-

64 2986 108 27 cessively
180 2983 92 26 making
287 2980 58 22 their
358 2978 107 23 selection
475 2980 23 19 at
512 2977 38 22 the
565 2977 80 27 Survey

66 3014 71 23 Office
148 3019 24 15 as
181 3017 54 16 soon
245 3016 24 15 as
278 3008 37 21 the
325 3006 68 23 Plans
402 3012 36 17 are
447 3004 76 27 ready.
532 3020 4 4 ,

307 3039 94 22 Samuel
416 3037 108 21 Charles
538 3035 83 27 Brees,

169 3067 9 9 *
408 3063 237 27 Principal-Surveyor.

113 3130 4 10 ,
220 3126 4 9 ,
234 3112 77 21 Meat
331 3110 149 25 Company.

65 3146 92 52 THE
176 3142 236 27 UNDERSIGNED,
430 3141 85 27 having
533 3140 57 22 been

138 3171 92 31 pointed
240 3170 113 26 Manager
362 3168 26 22 of
402 3168 37 21 the
452 3168 64 22 Meat
525 3167 120 27 Company,

64 3202 54 25 begs
127 3203 23 19 to
160 3204 117 18 announce
286 3196 49 22 that
348 3203 14 14 a
369 3194 91 27 regular
468 3193 79 28 supply
556 3195 25 20 of
589 3192 56 26 beef,

66 3230 94 24 mutton,
180 3225 45 23 and
240 3222 125 31 pwkfnay
385 3220 82 28 always
483 3220 29 22 be
532 3220 113 27 depended

66 3262 59 20 upon
136 3257 24 19 at
169 3253 44 22 this
222 3249 173 24 establishment,
427 3250 51 25 '^r
496 3272 24 6 ...

92 3282 32 22 As
148 3280 44 22 this
215 3279 121 26 Company'
348 3281 115 26 purposes*
471 3274 82 25 selling
572 3275 21 19 at
611 3274 34 20 the

65 3307 77 23 lowest
149 3307 72 27 prices
231 3308 29 19 at.
267 3302 74 24 which
345 3305 22 19 it
380 3302 20 21 is
408 3300 72 23 found
488 3299 38 22 the
535 3302 60 19 meat
608 3305 37 16 can

66 3335 30 22 be
104 3333 105 26 afforded,
221 3331 38 23 the
266 3328 152 28 undersigned
425 3328 19 21 is
458 3326 52 27 only
520 3325 125 22 authorized

67 3364 24 19 to
100 3361 48 26 give
153 3367 54 20 very
212 3357 92 24 limited,
308 3356 77 26 credit,
393 3353 155 25 and'ha'Slheen
557 3352 88 22 ordered

67 3391 22 18 to
105 3392 48 23 stop
167 3386 31 22 all
211 3386 104 22 accounts
328 3381 75 23 which
410 3386 44 17 'are
523 3379 53 28 paid
587 3385 58 21 upon

68 3414 108 23 demand.-
464 3414 17 25 .'
541 3432 6 5 .
567 3432 7 8 ,

94 3441 45 23 The
149 3439 102 23 business
259 3437 26 23 of
291 3436 38 23 the
338 3436 116 25 Company
462 3441 20 14 is
491 3433 86 22 carried
585 3438 60 18 on.w

67 3467 57 23 their
137 3473 51 17 new
200 3464 109 27 building,
320 3462 89 23 erected
425 3461 111 27 between,
545 3458 84 23 France
639 3465 6 16 s

68 3493 67 23 Hotel
153 3492 44 23 and
271 3490 58 22 head
346 3489 36 30 of,
385 3488 38 22 the
438 3487 58 27 Bay,
512 3485 47 22 and
572 3485 73 27 nearly

69 3521 96 28 opposite
174 3523 23 19 to
207 3519 46 22 Mri
263 3516 162 28 Lyon'fl'Store.

216 3554 5 5 '
233 3552 5 14 :
336 3549 36 22 W.
383 3548 105 26 Tlyger,
504 3544 117 29 Manager.
639 3552 3 7 -

94 3579 129 25 November
231 3579 33 25 23,
273 3577 78 22 ,1842...
367 3594 5 3 .
393 3591 13 11 .■
449 3580 24 14 -v
572 3580 18 9 -"'

171 3635 4 9 \
303 3625 111 22 Cheese.

85 3665 17 21 A
126 3661 118 25 SUPPLY
253 3658 102 25 received
362 3658 86 27 weekly
455 3657 26 23 of
485 3652 160 28 NewiZealand

70 3690 48 23 -OL
144 3690 67 23 made
318 3685 58 22 from
386 3684 37 23 the
428 3685 144 27 Cowpasture
578 3681 67 28 dairy,

69 3718 44 22 and
120 3718 34 22 for
162 3716 45 23 sale
217 3718 25 19 at
256 3714 37 23 the
301 3709 108 32 premises
414 3711 30 22 of
454 3711 41 22 the
510 3710 64 23 Meat
582 3709 63 22 Com-

69 3751 63 17 pany.
261 3752 3 13 :
320 3749 4 10 '
433 3754 5 5 .
482 3754 5 4 .
499 3745 8 13 c

132 3771 4 6 •
242 3785 3 4 ,
343 3765 150 27 W,.J'i.y.eEm
499 3764 122 27 Manager.

95 3788 336 36 Wfflis-Btoeet,'pecemW2o,
442 3791 60 22 lß42.

254 3839 84 23 Fresh
352 3838 106 22 Butter,
560 3829 16 28 '

70 3875 156 50 ALWAYS
241 3881 33 15 on
285 3872 51 23 Sale
350 3873 26 22 at
390 3868 116 25 thaMeab
515 3867 130 30 Company's

144 3901 115 29 premises.
382 3914 3 4 •
503 3918 29 12 _..,.
586 3909 5 11 :

333 3921 38 28 W.
386 3922 104 27 jPbYojK,
503 3922 118 28 Manager*

92 3959 158 28 Wiffis-shree*,
258 3957 57 27 Dec.
326 3958 21 27 2,
358 3947 63 36 l&b,
434 3952 5 10 '

748 729 53 21 Por
808 727 60 21 Sale
875 725 38 27 by
922 725 108 21 Private
1040 721 136 30 Bargain.'
1183 720 5 7 *
1202 744 5 8 ,

666 762 91 22 fXiHE
767 761 70 22 Lease
848 759 26 22 of
885 758 161 26 Prelimenary-.
1049 757 89 22 Section
1149 757 26 21 of
1187 756 65 23 Land

673 784 29 28 X
712 788 73 24 -<No.
793 788 35 24 45,
842 785 97 23 situated
947 786 26 21 in
981 784 134 23 Robinson's
1126 783 55 27 Bay,
1192 790 60 15 com-

654 822 4 6 '
665 814 78 28 monly
759 812 73 24 called
850 811 79 27 Okiwi,
947 812 53 21 Port
1015 810 128 27 Nicholson,
1164 816 24 15 as
1202 817 51 20 pre-

665 842 72 27 sently
752 839 116 29 possessed
884 840 31 26 by
928 837 102 23 William
1046 837 83 25 Deans,
1145 835 54 22 with
1214 835 38 23 the

665 869 96 25 Houses,
773 868 75 26 Crops,
859 866 53 26 &c.,*
922 871 30 16 on
963 864 39 22 the
1010 862 213 33 same.^TheJease
1234 863 18 22 is

663 895 36 22 for
710 894 37 23 the
757 897 57 19 term
825 893 55 24 o£l4
888 898 72 21 years,
969 890 44 23 and
1022 889 147 23 commenced
1175 896 29 14 on
1213 889 39 22 the

664 922 53 21 25th
734 921 108 25 January,
859 920 61 25 1841,
941 921 25 18 at
980 918 37 21 the
1036 916 78 28 yearly
1129 919 51 18 rent
1199 916 26 21 of
1239 922 13 15 a

665 955 66 21 peper
742 954 53 15 corn
802 947 35 21 for
846 946 38 21 the
893 946 48 21 first
948 944 63 21 three
1020 950 73 20 years,
1104 941 45 24 and
1156 941 97 28 Jg3oper

665 981 83 16 annum
758 974 35 21 for
804 972 37 22 the
851 971 125 26 remaining
986 970 79 21 eleven
1075 976 72 19 years;

691 1000 73 22 There
782 1000 20 21 is
820 1005 13 15 a
857 995 152 24 considerable
1033 995 103 28 quantity
1153 994 35 22 of'
1197 993 56 25 land

665 1027 90 26 already
769 1024 88 23 cleared
874 1023 45 22 and
936 1023 26 21 in
976 1029 60 20 crop.
1073 1021 49 23 The
1137 1021 115 28 dwelling-

665 1053 68 22 house
748 1053 19 20 is
782 1059 13 14 a
809 1054 57 18 most
882 1049 153 25 comfortable,
1054 1047 138 27 substantial,
1208 1048 44 22 and

665 1078 151 23 commodious
829 1077 97 22 erection
932 1084 6 19 ;
954 1075 46 22 and
1010 1075 36 22 the
1055 1075 64 28 place
1129 1075 122 26 altogether

664 1106 18 21 is
696 1108 58 19 most
767 1103 124 26 admirably
901 1101 125 23 calculated
1035 1102 35 21 for
1085 1101 38 22 the
1137 1099 115 24 residence

665 1131 26 22 of
701 1139 14 14 a
724 1131 137 27 respectable
870 1129 86 27 family,
973 1128 43 22 and
1025 1127 45 23 will
1086 1127 43 23 suit
1139 1127 49 22 well
1197 1127 54 23 both

665 1165 24 15 as
699 1166 13 13 a
720 1158 63 27 dairy
786 1156 46 23 and
841 1156 62 22 stock
909 1155 91 22 station.
1024 1155 53 21 .The
1086 1154 120 28 purchaser
1210 1162 41 14 can

665 1185 57 22 have
732 1192 14 15 a
754 1185 62 26 large
826 1183 84 28 quatity
920 1183 26 21 of
952 1182 89 27 poultry
1051 1181 20 21 if
1077 1181 30 21 he
1117 1180 103 23 choses..^

693 1212 45 21 For
746 1211 86 21 further
841 1209 130 28 particulars
977 1207 65 29 apply
1049 1211 23 18 to
1081 1208 50 22 Mr.
1140 1207 111 23 William

667 1238 73 27 Lyon,
751 1236 124 27 Merchant,
886 1235 149 26 Wellington,
1045 1242 25 14 or
1079 1237 22 19 to
1112 1234 48 22 Mr.
1172 1233 80 23 Deans

668 1272 28 15 on
707 1265 42 26 the,
753 1263 113 28 premises.

656 1309 9 3 -
694 1295 127 23 December
830 1296 33 24 14,
874 1294 62 21 1842.
942 1299 4 6 •
1214 1303 23 21 ■_
1235 1315 7 9 i
1241 1320 12 4 _

668 1341 53 21 Por
731 1340 69 24 Sale,
812 1339 44 21 the
868 1344 83 20 cargo
964 1338 29 20 of
1005 1338 45 20 the

672 1369 113 32 q'Aa'
793 1370 79 22 TONS
892 1369 77 23 BEST
986 1368 138 23 CHILIAN
1140 1367 111 28 FLOUR,

804 1397 58 21 fresh
871 1395 88 28 ground
969 1395 71 22 direct
1048 1395 58 22 from
1113 1393 138 28 Valparaiso,

778 1426 23 19 at
810 1423 46 22 £20
865 1430 40 20 per
916 1426 48 23 ton,
976 1422 60 22 cash.

1021 1455 84 22 Waitt
1115 1454 45 23 and
1168 1454 84 22 Tyser.

670 1485 145 27 Wellington,
826 1482 129 23 November
963 1484 20 25 4,
995 1484 63 20 1842.

670 1531 53 21 Por
736 1529 69 24 Salei
815 1528 44 20 the
877 1532 83 22 cargo
978 1526 30 22 of
1020 1527 44 20 the

679 1561 15 31 |
715 1560 61 19 Pf\
804 1558 79 23 TONS
907 1559 26 21 of
953 1559 37 22 the
1013 1559 49 21 best
1084 1557 61 23 fresh
1167 1557 87 28 ground

792 1586 86 21 Chilian
893 1585 66 27 flour,
965 1593 60 14 -now
1039 1585 90 27 landing
1143 1585 57 21 from
1217 1584 36 22 the

757 1629 2 5 .
793 1613 101 27 Cheerful,
913 1612 70 22 direct
997 1612 58 22 from
1065 1611 138 28 -Valparaiso
1204 1622 28 4 —
1233 1614 22 19 at

671 1641 48 22 £20
727 1647 40 21 per
778 1644 45 18 ton.

985 1665 83 22 Waitt
1083 1672 46 15 and
1143 1665 85 22 Tyser.

699 1693 49 22 Oct.
759 1695 33 25 23,
804 1694 59 21 1842.
1066 1693 5 32 ;
1242 1705 9 19 1

848 1739 44 20 Ex

676 1771 66 24 Ofk
758 1771 80 22 TONS
851 1771 47 22 first
913 1770 61 22 fresh
988 1769 87 28 ground
1092 1769 91 28 Sydney
1193 1768 57 23 flour

671 1792 35 28 O-
710 1804 30 16 vr
772 1800 27 20 15
814 1798 72 22 chests
894 1797 73 28 hyson
977 1800 43 23 tea,

759 1826 41 21 100
814 1825 72 21 chests
894 1831 70 20 green
974 1826 42 25 tea,

774 1854 26 19 10
814 1851 52 28 bags
876 1851 77 26 coffee,

776 1879 23 24 .5
812 1878 55 27 bags
876 1884 90 21 pepper,

986 1903 84 22 Waitt
1084 1903 45 23 and
1142 1903 85 22 Tyser.

701 1931 97 22 October
807 1932 34 25 25,
852 1933 60 20 1842.
1131 1945 3 3 •

920 1976 93 20 Seeds.

673 2009 72 49 QN
755 2009 85 28 SALE,
851 2012 23 18 at
883 2009 37 21 the
930 2010 86 20 Gazette
1021 2008 78 27 Office,
1106 2007 23 23 in
1135 2007 119 28 quantities

660 2059 116 20 -—Sword
783 2058 109 26 long-pod
898 2058 68 25 bean,

700 2082 119 29 Lopg-pod
829 2084 64 25 bean,

699 2110 110 27 Speckled
818 2110 72 21 dwaif
896 2109 85 27 kidney
990 2109 65 27 bean,

783 2137 65 26 bean,

690 2161 83 24 'Horse
782 2163 65 27 bean,

682 2209 4 2 .
699 2190 87 22 Scarlet
794 2197 90 19 runner,

699 2216 68 28 Early
777 2216 109 22 Warwick
893 2223 50 21 pea,

700 2243 69 27 Early
778 2242 115 23 Mazarine
901 2250 51 20 pea,

700 2270 105 22 Prussian
814 2270 51 21 blue
874 2277 49 20 pea,

700 2296 108 23 Nonsuch
817 2303 49 21 pea,

701 2324 56 21 Blue
766 2322 100 28 imperial
875 2329 49 21 pea,

701 2350 95 28 Spanish
806 2349 72 22 dwarf
882 2356 49 20 pea,

701 2377 73 27 Large
783 2376 97 26 cabbage,
890 2376 89 26 lettuce,
996 2394 7 5 .

701 2403 132 22 Drumhead
842 2402 100 26 cabbage
949 2402 90 28 lettuce,

702 2430 114 22 Battersea
826 2429 105 27 cabbage,

701 2456 132 23 Drumhead
842 2456 105 27 cabbage,

702 2484 51 22 Red
762 2483 75 22 Dutch
847 2482 106 28 cabbage,

703 2510 93 23 Puller's
806 2509 59 27 early
876 2509 106 28 cabbage,

703 2537 104 22 Prussian
816 2536 66 22 white
891 2536 82 27 turnip,
1199 2535 17 18 *

703 2564 86 22 Yellow
800 2562 77 23 Swede
887 2563 82 27 turnip,

704 2590 81 28 Purple
795 2594 36 24 top
841 2589 77 23 Swede
928 2589 81 28 turnip,

703 2618 74 21 White
787 2620 63 19 stone
861 2616 84 28 turnip,
1064 2639 6 3 .
1101 2637 4 4 .

703 2644 75 23 White
788 2644 56 22 horn
853 2643 83 27 turnip,

704 2672 72 21 Silver
784 2670 78 23 leaved
871 2670 58 26 beet,
941 2679 26 16 •</-,,

703 2698 51 23 Red
762 2697 58 27 beet,
826 2719 6 3 .

673 2743 5 3 .
703 2724 111 28 Mangold
824 2722 96 27 wurtsel,
1097 2733 3 8 ■

704 2750 142 26 Altringham
854 2753 82 24 carrot,

704 2777 67 27 Early
781 2781 56 18 horn
847 2780 80 23 carrot,

705 2804 65 26 Long
779 2810 82 20 orange
872 2805 80 25 carrot,

689 2848 9 3 .
705 2830 74 21 White
788 2829 107 27 mustard,

705 2856 82 22 Curled
796 2863 65 19 cress,
1212 2868 15 15 *;

686 2879 3 6 '
701 2883 69 26 Long
779 2882 79 22 scarlet
865 2881 83 27 radish,
1032 2893 6 6 ■<
1059 2896 4 2 -
1213 2888 5 8 '
1230 2887 4 4 '
1255 2887 1 3 '

705 2909 74 21 White
789 2908 73 27 turnip
871 2907 82 27 radish,

705 2935 50 22 Red
763 2935 75 26 turnip
846 2933 83 28 radish,

698 2962 144 26 ,Strasburgh.
847 2961 76 26 onion,
1023 2965 5 5 *
1141 2973 4 3 -
1188 2964 3 4 '

672 3009 5 3 .
706 2989 80 22 Brown
797 2987 95 29 Spanish
901 2987 74 26 onion,

690 3017 4 3 '
706 3015 98 27 Parsnip,

706 3041 84 23 Curled
798 3040 93 28 parsley,
970 3043 4 8 '

708 3069 74 22 Green
793 3067 76 23 curled
880 3066 87 27 endive,

706 3095 109 22 Batavian
825 3093 86 28 endive,
945 3115 4 5 .

707 3121 69 28 Leek,
804 3140 7 7 v
936 3124 178 21 ..,'.-••

706 3150 135 27 Asparagus,

708 3177 43 20 Sea
759 3175 53 26 kail,

708 3202 73 22 Globe
792 3208 84 21 savoys,

709 3228 81 23 Curled
799 3227 90 26 brocoli,

705 3255 52 22 Red
766 3254 57 25 solid
832 3255 73 26 celery
913 3253 47 24 and
968 3253 67 23 whit«
1044 3253 83 28 celery,

708 3278 103 34 Cabbjafe
822 3281 90 26 lettuce,

707 3307 104 24 Sumirier
821 3314 78 21 savory
899 3322 7 13 f
1049 3312 4 3 '
1079 3324 7 4 -
1120 3330 2 5 ,

705 3335 95 22 Winter'
804 3340 86 21 savory,

705 3363 69 26 Sage;
789 3368 4 4 •
926 3371 4 4 -
1184 3368 3 5 '
1201 3373 3 5 •
1249 3372 7 14 a

693 3389 90 26 /White
792 3387 57 28 beet,

706 3415 94 29 Thyme,
826 3434 5 11 ,
1181 3434 5 3 .
1216 3428 4 8 .

707 3441 100 24 Brussels
816 3443 94 28 sprouts,
1197 3464 2 3 .
1221 3454 7 13 ■.
1246 3464 5 3 .
1255 3462 2 5 .

706 3469 95 27 Borage,
842 3464 3 13 ;

706 3496 119 27 Angelica,

706 3522 81 23 White,
792 3518 78 26 selesia
877 3520 92 27 lettuce,
1020 3534 3 5 .
1066 3525 6 3 '
1223 3537 4 3 .

707 3549 83 22 Brown
799 3548 45 23 and
852 3547 67 23 white
927 3554 51 21 goss
978 3554 1 12 ;
986 3545 92 28 lettuce
1164 3569 3 3 .
1209 3564 4 4 .
1236 3561 3 4 •
1255 3562 2 2 ■

708 3575 93 28 Salsafy,
977 3574 3 3 •
989 3573 4 5 -
1011 3573 12 9 *.
1048 3575 3 3 •

707 3601 74 23 Vanal
790 3601 103 29 cabbage,
974 3603 129 23 -'•'-•••_
1220 3607 3 4 '
1232 3610 24 18 v.>

694 3628 92 27 •Soreil,
850 3646 13 7 
924 3645 3 4 .
955 3625 22 29 /

691 3655 109 26 -J'ennel,
881 3657 12 6 '"
964 3661 7 4 '

707 3681 117 26 Lavender
964 3678 13 22 •'

708 3709 65 27 Long
781 3707 85 29 pnckly
875 3707 129 26 cucumber,

709 3737 72 21 Sweet
788 3733 55 24 basil
853 3733 45 23 and
905 3732 59 24 bush
973 3731 63 28 basil,
1207 3754 2 4 .
1222 3755 2 6 ,

708 3763 97 28 Hyssop,

706 3789 70 28 Early
784 3786 142 25 cauliflower.
943 3804 3 4 .
959 3799 3 5 •
983 3799 3 6 .
1013 3805 7 3 ,
1235 3809 7 6 .
1255 3796 2 2 ■

695 3817 68 25 _Also
772 3822 15 16 a
801 3817 86 24 yanety
896 3813 28 23 of
928 3813 77 25 flower
1014 3810 73 28 seeds,
1096 3810 57 23 both

680 3844 46 23 and
735 3838 102 32 English.
896 3858 10 3 -
927 3839 9 3 '
1102 3836 147 35 ,„•?•...'

717 3919 57 23 n&T
786 3916 134 30 OPENED,
927 3914 46 25 and
981 3921 30 16 on
1017 3912 55 27 Sal«
1081 3911 153 33 aUhe;pffiQa
1241 3913 15 21 6i

744 3945 44 24 this
797 3944 78 30 Paper,
884 3942 42 24 ink
935 3940 77 25 stands
1021 3940 26 24 of
1053 3939 89 24 various
1150 3938 64 24 sixes.

1347 730 5 4 •
1371 741 3 3 .
1393 722 54 21 P6*
1461 722 70 25 Sale,
1545 720 36 23 ci

1284 751 103 52 PALE
1402 753 97 23 INDIA
1512 753 62 22 ALE
1583 753 28 22 in
1627 753 76 28 bottle,
1715 753 86 28 Bryant
1814 754 45 23 and

1352 779 96 28 Davis's,

1282 819 10 8 *
1309 806 67 29 S.tt|Ut,
1385 806 87 27 Bryant
1482 805 43 23 and
1534 806 96 27 Davis's,

1309 829 58 29 Eaft'
1378 833 85 21 Burton
1473 832 42 27 ale,
1571 842 10 5 -

1280 881 11 4 ..
1309 859 50 23 Paffe
1378 859 82 33 sherry,
1474 859 44 22 and
1534 859 111 28 Madeira,
1664 858 146 25 Rutherford'
1815 859 44 24 and

1281 885 90 28 Drury's
1380 885 81 27 brand,-
1491 887 12 12 •'
1525 890 3 3 '
1730 891 2 5 '
1785 892 3 5 •

1309 911 57 28 Very
1375 912 37 22 old
1422 911 109 27 Madeira,
1541 915 51 24 port
1600 934 4 8 ;
1606 912 44 22 and
1664 912 76 29 sherry
1747 913 26 22 in
1787 912 71 28 wood,

1282 934 132 33 Rti^erford
1422 936 45 24 and
1475 939 94 26 Drury's
1578 935 80 30 brand',

1310 965 41 22 Old
1359 972 85 20 cognac
1453 965 87 28 brandy
1549 965 24 23 in
1582 965 76 26 bottle,

1308 991 80 28 Cherry
1399 991 86 28 brandy
1494 998 22 16 m
1526 999 69 20 cases,

1292 1024 3 5 ■
1308 1018 115 26 Sparkling
1432 1018 144 29 champagne,

1308 1045 138 22 Marascbion
1458 1045 44 22 and
1509 1047 76 26 punch
1594 1052 97 19 essence,

1283 1088 3 4 .
1301 1071 53 23 lEait
1364 1071 28 23 de
1406 1072 103 26 Cologne,

1309 1099 69 23 lease
1388 1098 87 22 French
1485 1106 60 19 rugs.

1308 1123 105 34 Assorted
1423 1125 102 27 anchors,

1309 1151 68 23 Chain
1387 1153 80 25 cables,
1479 1153 88 22 various
1576 1151 69 27 sizes,.

1308 1178 83 22 Patent-
1395 1184 93 23 carpets,

1310 1204 92 28 Glasses,

1308 1230 121 29 Tumblers,

1311 1256 68 29 Pickle
1379 1256 23 29 3,

1309 1284 75 22 Butter
1392 1285 24 22 in
1423 1286 54 27 jars,
1608 1305 5 4 .
1639 1305 3 3 .

1310 1310 52 23 Pice
1372 1312 85 27 cheese,
1471 1313 40 21 &c.
1522 1313 48 23 &c.

1347 1343 2 9 1
1588 1338 83 22 Waitt
1686 1337 46 22 and
1748 1338 85 22 Tyser.

1310 1370 141 29 Wellington,
1462 1371 129 28 September
1600 1372 34 25 30;
1647 1372 60 21 1842.

1310 1416 38 20 To
1359 1416 198 26 Ship-builders
1572 1416 55 21 and
1641 1416 193 26 Ship-owners.

1286 1447 69 49 ON
1369 1448 77 22 SALE
1460 1448 30 27 by
1500 1448 37 22 the
1547 1447 148 27 undersigned
1701 1454 35 14 :—

1346 1474 102 23 Anchors
1456 1475 35 25 of,
1496 1475 30 21 all
1535 1475 71 26 sizes/

1286 1503 3 7 '
1312 1499 68 23 Chain
1390 1501 73 22 cables
1474 1501 43 22 and
1531 1501 61 22 short
1605 1500 77 22 linked
1697 1499 84 27 chains,
1791 1498 72 22 tested

1284 1529 30 26 by
1322 1534 14 15 a
1344 1527 133 28 hydrostatic
1486 1528 87 27 engine,
1581 1527 98 22 assorted
1689 1527 54 21 sizes
1753 1526 44 22 and
1808 1532 55 16 war-

1284 1554 82 27 ranted,

1310 1580 105 24 Bitheads
1425 1581 44 21 and
1477 1588 63 17 spare
1550 1579 107 27 shackles,

1310 1607 111 22 Windlass
1431 1607 65 23 metal
1507 1607 24 22 in
1541 1607 108 27 complete
1658 1609 59 24 setts,

1311 1634 110 22 Mariners
1432 1641 129 20 compasses,

1312 1661 45 21 Sail
1366 1668 91 14 canvass
1466 1661 44 21 and
1521 1661 71 26 twine,

1311 1686 70 28 Pitch,
1392 1691 41 23 tar,
1444 1688 40 21 &c.
1495 1687 40 22 &c.
1639 1686 8 12 *

1643 1712 87 22 Willis
1740 1719 46 15 and
1797 1711 38 22 Co.

1285 1739 96 23 October
1391 1741 32 26 11,
1435 1741 60 21 1842.

1322 1795 6 3 -
1338 1785 52 21 For
1409 1785 61 22 Sale
1492 1786 29 20 at
1543 1785 44 20 the
1602 1784 108 21 Nelson
1728 1783 81 26 Dairy

1561 1813 29 19 at

1460 1838 106 21 Kelson
1579 1837 103 21 Haven.

1287 1874 66 26 QA
1368 1870 83 21 cows
1467 1869 34 23 IN
1516 1869 86 26 CALF,

1283 1893 32 30 O
1320 1891 33 31 U
1380 1898 31 20 30.
1416 1896 82 22 heifers
1506 1896 23 21 in
1540 1896 50 26 calf,

1380 1924 28 21 50
1416 1929 76 21 young
1500 1922 89 27 heifers,

1310 1951 17 20 4
1334 1948 114 23 half-bred
1456 1949 103 22 Durham
1571 1948 66 27 bull*-,

1311 1978 25 20 1-1
1346 1974 75 34 sjteers,
1427 1993 3 4 .

1337 2000 19 23 6*
1359 2002 99 27 working
1468 2002 108 27 bullocks,

1338 2050 42 21 lW
1388 2054 64 20 ewes,

1338 2075 29 21 stf
1374 2075 108 26 wethers,-

1311 2101 48 23 The
1373 2101 70 22 above
1456 2108 38 14 are
1508 2100 57 22 from
1579 2099 41 21 Dr.
1632 2098 92 26 Imlay's
1740 2096 126 23 celebrated

1284 2129 64 22 stock
1356 2131 24 18 at
1388 2127 101 23 Twofold
1500 2127 56 27 Bay.
1583 2126 49 21 The
1642 2125 65 22 cattle
1722 2123 83 22 are-the
1816 2123 51 22 best

1285 2155 61 27 bred,
1356 2154 57 22 have
1425 2154 56 22 been
1489 2154 85 22 landed
1582 2154 24 20 in
1619 2152 37 21 the
1667 2152 64 21 finest
1742 2150 69 25 order,
1823 2148 43 23 and

1284 2182 106 25 form,the
1404 2178 54 26 best'
1461 2180 107 23 selection
1574 2180 25 21 of
1606 2186 42 20 any
1654 2179 33 21 lot
1695 2181 38 23 yet
1740 2176 96 27 brought
1845 2179 22 18 to

1285 2209 56 23 New
1351 2207 106 23 Zealand.
1486 2207 43 21 For
1535 2206 135 29 particulars,
1682 2204 65 28 apply
1757 2207 22 18 to

1474 2242 22 21 S.
1511 2242 100 26 Revans,
1627 2239 142 27 Wellington,
1782 2244 23 15 or
1851 2256 4 4 .

1474 2268 29 22 D.
1513 2268 145 25 Drummond,
1669 2265 86 23 Nelson
1765 2264 88 22 Haven.

1314 2296 55 26 July
1378 2296 20 24 7,
1409 2296 60 21 1842.

1460 2339 107 21 Heifers
1580 2339 30 20 in
1625 2337 68 22 Calf.

1290 2373 87 48 FOR
1390 2371 84 26 SALE,
1486 2371 68 21 about
1568 2371 26 21 50
1604 2369 99 28 superior
1712 2368 57 22 bred
1780 2367 87 26 heifers,

1347 2402 59 18 most
1421 2397 25 23 of
1456 2397 63 22 them
1532 2397 73 26 heavy
1618 2397 24 21 in
1659 2395 50 26 calf,
1726 2394 46 22 and
1786 2393 83 27 having

1289 2427 58 22 been
1365 2432 59 15 some
1439 2425 54 21 time
1506 2425 24 21 in
1544 2424 36 22 the
1601 2423 90 26 Colony,
1709 2423 39 20 not
1763 2420 66 26 liable
1846 2423 23 18 to

1289 2451 67 23 suffer
1364 2452 56 22 from
1429 2451 38 22 the
1477 2451 75 21 effects
1561 2450 25 22 of
1597 2450 38 21 the
1649 2449 63 22 Toot.
1740 2447 48 22 The
1800 2447 69 21 above

1291 2479 66 22 cattle
1372 2485 42 15 can
1427 2477 28 23 be
1472 2477 99 27 strongly
1583 2474 178 27 recommended,
1779 2481 23 14 as
1806 2482 5 7 »
1816 2473 53 27 they

1291 2506 57 22 have
1363 2505 57 21 been
1435 2504 97 22 selected
1547 2504 57 22 from
1618 2503 37 21 the
1671 2507 119 17 numerous
1804 2499 66 22 cattle

1291 2532 59 27 ships
1360 2531 68 23 which
1439 2530 57 22 have
1501 2529 98 23 'arrived
1611 2530 61 22 here.
1700 2527 75 28 Apply
1789 2529 22 18 to
1824 2526 45 21 Mr.

1291 2559 96 26 Revans,
1401 2559 85 21 Gazette
1494 2557 71 27 office,
1576 2564 25 14 or
1609 2560 23 18 to
1642 2555 44 22 Mr.
1697 2553 85 27 Hulke,
1790 2553 73 22 Evans

1304 2627 3 4 .
1317 2609 63 28 Also,
1390 2611 61 21 three
1462 2610 113 22 well-bred
1584 2616 72 15 mares
1661 2616 24 14 m
1695 2609 53 25 foal,
1760 2611 22 18 to
1791 2613 80 21 impor-

1292 2638 37 22 ted
1337 2638 82 22 horses.
1433 2651 5 4 -
1446 2652 4 4 •
1648 2638 16 22 ¥

1361 2692 4 5 ■
1385 2678 92 25 Union
1490 2681 79 21 Bank
1583 2681 30 19 of
1630 2678 148 22 Australia.
1848 2667 23 40 0

1293 2715 94 23 London
1404 2715 92 26 Office,
1512 2714 45 21 No.
1570 2714 36 25 33,
1615 2717 4 6 *
1625 2712 49 22 Old
1689 2711 182 27 Broad^street.

1346 2747 93 28 Capital,
1448 2747 121 26 £800,000;
1589 2743 52 28 paid
1648 2750 38 21 up,
1701 2743 119 26 i£500,000.

1347 2794 4 4 ,
1520 2782 113 13 'DIRECTORS
1638 2782 4 12 :

1398 2806 68 21 George
1472 2804 39 18 Fife
1517 2803 67 22 Angas,
1592 2804 49 19 Esq.,

1397 2827 68 17 Robert
1470 2825 77 19 Brooks,
1555 2825 49 19 Esq.,

1397 2848 63 17 James
1466 2846 48 17 John
1521 2845 100 19 Cummins,
1628 2844 48 20 Esq.,

1347 2870 18 19 4
1397 2868 68 17 Robert
1472 2867 96 19 Gardener,
1578 2866 49 20 Esq.,
1637 2863 122 20 ManclmUr,

1397 2889 49 16 John
1454 2888 46 17 Gore
1515 2888 49 19 Esq.,

1397 2909 49 17 John
1453 2908 80 17 ■William
1538 2906 75 20 Buckle,
1618 2906 49 21 Esq.,

1397 2929 96 20 Benjamin
1500 2929 22 16 £.
1528 2928 63 18 Lindo,
1599 2928 47 19 Esq.,

1398 2950 72 18 Charles
1477 2949 77 17 Edward
1560 2947 86 21 Mangles,
1655 2947 49 20 Eiq.,

1398 2970 115 21 Christopher
1517 2969 85 19 Rawson,
1610 2968 48 19 Esq.,
1669 2967 81 19 HaIiEMC

1328 2999 5 4 ■
1345 2997 7 9 i-
1398 2992 77 17 Thomas
1482 2990 65 20 Sands,
1554 2990 48 20 Esq.,
1609 2987 99 22 Liverpool,

1333 3020 3 3 ■
1352 3020 4 3 -
1398 3013 62 17 James
1466 3011 56 21 Bogle
1529 3010 63 19 Smith,
1599 3010 47 19 Esq.,

1311 3046 4 3 .
1338 3029 16 14 -'
1397 3033 63 17 James
1465 3029 82 21 Rudde'U
1552 3030 56 20 Todd,
1615 3030 42 20 Esq.

1296 3062 98 17 Trustee*:
1409 3060 148 17 Geo-rgeCarr
1568 3058 61 18 Gi.tn,
1641 3056 48 20 Esq.,
1698 3054 54 18 Johk
1764 3055 60 19 Gqrx,
1833 3055 38 21 Eiq.

1438 3075 37 25 and
1481 3080 67 21 James
1554 3079 17 16 J.
1578 3078 99 18 Cotimins,
1686 3076 44 21 Esq.

1320 3109 81 18 Bankers
1404 3113 8 11 i
1421 3103 143 22 Messrs.'Gx.Tir,
1575 3105 114 18 Hax.u*.a.x>
1697 3103 71 20 M*Wi
1775 3103 36 18 and
1818 3102 31 17 Co.

1412 3136 101 20 Secretary:
1524 3133 83 17 Samuel
1612 3132 95 18 Jackson,
1713 3131 44 19 Esq.

1383 3161 188 22 Coloniallnßpector:
1583 3159 18 18 J.
1608 3159 19 17 C.
1634 3159 102 18 M'Larek,
1744 3157 43 21 Esq.

1414 3210 69 22 New
1500 3207 123 23 Zealand
1639 3205 116 22 Branch.

1293 3244 56 19 Ideal
1354 3243 164 19 Dlrectori-:-GEO.
1529 3242 18 16 S.
1558 3241 73 18 Evans,
1642 3239 50 21 Esq.,
1787 3239 36 16 and
1835 3238 36 17 Gxo

1312 3274 7 8 ,
1440 3275 3 4 .
1512 3262 92 19 Honmsr,
1615 3261 43 20 Esq.

1294 3291 96 19 Manager:
1401 3290 49 17 John
1456 3289 73 18 Smith,
1536 3287 48 20 Esq.,
1590 3286 38 17 late
1635 3286 20 16 of
1663 3285 30 17 the
1701 3284 117 18 Commercial
1823 3284 48 18 Bank

1392 3312 5 4 •
1460 3309 21 17 of
1488 3307 89 21 England,
1587 3306 123 18 Manchester.

1402 3334 115 24 Branches
1526 3337 24 18 at
1563 3332 98 27 Sydney,

1342 3371 10 14 ?
1392 3378 3 4 .
1417 3366 7 20 ;
1503 3369 5 4 •
1563 3357 173 28 HobartTown,

1284 3386 12 11 •
1532 3394 4 3 •
1564 3386 149 25 Launceslon,
1724 3384 46 22 and
1788 3397 4 2 -

1562 3412 58 22 Port
1628 3411 80 27 Philip.

1287 3444 65 26 -Port
1357 3441 130 27 Nicholson,
1497 3438 125 27 March24,
1630 3439 64 21 lß4o.

1296 3495 92 51 T«HE
1401 3494 116 24 Directors
1533 3492 26 22 of
1572 3491 41 25 the
1626 3490 58 24 New
1700 3486 99 27 Zealand
1813 3489 58 23 Land

1334 3518 10 8 *
1369 3522 116 28 Company
1497 3519 84 27 hereby
1597 3518 51 27 give
1663 3517 82 25 notice,
1762 3516 49 22 that
1814 3542 9 9 T
1823 3516 48 29 they

1294 3551 177 22 baveBFrECTED
1479 3554 31 16 an
1519 3551 172 17 arrangemrnt
1698 3544 173 25 withtheTJniQn

1290 3576 70 26 OEteak
1372 3576 27 22 of
1413 3573 121 26 Australia,
1548 3571 46 23 No.
1609 3571 35 26 38,
1656 3570 48 22 Old
1718 3568 153 28 Broad-street,

1292 3603 105 24 London,
1405 3601 36 23 fat
1450 3601 37 22 the
1500 3597 168 25 establishment
1680 3596 26 22 of
1719 3603 14 17 a
1741 3596 130 26 JHtANCH

1289 3627 95 26 BANK
1396 3625 129 28 INI-NEW.
1530 3622 158 29 ZEALAND,
1698 3622 98 28 .through
1805 3619 66 26 which

1293 3656 40 23 the
1341 3654 101 24 business
1454 3653 27 22 of
1491 3651 41 23 the
1545 3651 58 23 New
1618 3648 101 23 Zealand
1731 3648 65 23 Land
1812 3648 59 24 Com*

1292 3681 117 28 pany-vill
1414 3681 30 22 be
1452 3677 135 25 transacted.
1614 3676 56 25 The.
1675 3675 114 23 Directors
1804 3674 67 24 there-

1293 3711 50 22 fore
1349 3705 145 26 recommend
1500 3709 26 19 to
1543 3703 109 23 Colonists
1667 3702 38 22 the
1721 3702 76 22 Union
1812 3702 59 23 Bank

1293 3736 28 25 of
1333 3733 120 26 -Australia
1468 3739 37 20 as,
1508 3738 32 16 an
1564 3728 169 24 sstablishment
1753 3729 118 28 possessing

1290 3757 63 28 iheir
1367 3760 70 25 entire
1459 3758 137 26 confidence,
1616 3756 45 24 and
1677 3755 52 23 able
1747 3758 22 19 to
1785 3756 86 33 provide

1293 3787 126 31 {effectually
1434 3786 35 23 for
1483 3784 40 26 the
1536 3782 105 24 financial
1654 3784 72 20 want*
1742 3781 26 22 of
1777 3784 38 21 the
1831 3782 40 23 first

1293 3815 135 23 settlement.
1460 3823 6 9 --
1560 3810 4 11 !
1581 3807 49 35 ■'"'",
1645 3811 3 5 '
1661 3835 20 7 „

1294 3848 4 12 t
1305 3850 12 11 ..■
1325 3843 4 3 ■
1460 3839 36 26 By
1505 3836 65 24 order
1578 3836 28 22 of
1615 3836 37 21 the
1658 3836 84 26 -Board,

1524 3877 5 4 ■
1537 3868 85 24 JOHN
1635 3867 104 28 WARD,
1753 3867 118 29 Seerefery:

1294 3900 60 25 New
1359 3899 101 29 Zieaiand
1468 3896 190 29 La.ndCompwy
1659 3895 105 27 '*<>©«»»
1769 3894 4 15 :
1806 3918 3 6 .
1825 3898 4 10 '

1322 3927 305 35 l,Adwn-ttre*t,AdelpK,
1636 3925 53 26 27th
1698 3926 61 28 Aug.
1776 3927 61 22 iB6O.

1896 724 64 26 Szjew
1973 725 122 22 Zealand
2121 726 100 22 Pacific
2243 729 92 26 Lodge
2358 728 30 22 of
2403 730 66 20 Pree

1997 771 3 5 .
2011 752 54 21 and
2079 753 139 26 Accepted
2228 754 121 22 Masons.
2371 764 6 4 -
2455 769 4 11 ..

1893 781 89 50 TIHE
2006 783 111 24 Brethren,
2133 786 24 21 of
2179 785 38 23 the
2235 786 70 23 above
2328 786 76 28 Lodge
2425 788 47 22 will

1934 830 3 4 .
1952 833 4 2 .
1965 810 110 23 celebrate
2090 812 38 21 the
2145 812 97 23 Festival
2257 812 26 23 of
2354 814 59 22 John
2432 814 38 22 the

1892 835 136 29 Evangelist,
2036 838 23 21 in
2067 837 57 22 their
2134 838 62 26 HalJ,
2207 842 22 18 at
2237 839 38 22 the
2289 839 108 23 Southern
2407 840 64 23 Cross

1891 861 79 28 Hotel,'
1976 870 30 15 on
2015 863 103 22 Tuesday
2127 864 41 22 the
2175 864 50 23 27th
2234 866 89 22 instant;

1917 889 47 22 The
1975 890 77 27 Lodge
2067 891 45 21 will
2121 891 28 21 be
2165 892 86 26 opened
2260 896 23 17 at
2298 894 13 20 3
2321 892 85 23 o'clock
2423 899 47 16 p.m.

1890 914 46 23 The
1947 916 102 27 Banquet
2058 924 28 14 on
2096 917 37 22 the
2143 917 60 22 table
2212 922 23 17 at
2244 920 12 19 6
2266 918 91 23 o'clock.

1917 941 47 22 The
1973 943 110 22 Brethren
2093 946 23 19 to
2124 950 82 21 appear
2214 944 23 22 in
2247 944 102 23 Masonic
2358 944 111 28 Clothjnjr.

2228 977 35 27 By
2271 977 64 22 order
2343 977 26 22 of
2379 977 38 22 the
2437 992 4 3 •

2363 1002 36 24 W.
2410 1004 33 22 M.
2458 1016 6 5 -

2340 1030 27 22 T.
2377 1030 30 22 N.
2422 1031 47 21 See.
2481 1047 6 4 .

1917 1052 125 24 December
2050 1056 34 26 20,
2095 1056 61 21 1842.
2308 1074 6 6 ,
2350 1071 4 2 .
2399 1061 3 3 •
2453 1060 14 13 ;r

1892 1097 91 35 rpHE
1995 1098 150 22 MEMBERS
2160 1099 66 22 AND
2242 1099 134 23 FRIENDS
2392 1100 27 22 of
2435 1100 44 23 the:

1898 1120 29 26 JL
1965 1124 48 22 first
2036 1124 155 27 Independant
2213 1125 94 26 Church,
2330 1125 140 29 Wellington,
2482 1122 4 10 '

1891 1150 134 27 assembling
2044 1151 35 21 for
2092 1147 105 32 Worship
2211 1152 23 22 in
2247 1152 38 22 the
2296 1152 84 24 Infant.
2384 1153 86 28 School,

1890 1176 123 22 Thorndon
2032 1176 55 29 Flat,
2103 1178 47 22 will
2163 1179 52 21 take
2230 1182 37 18 tea
2281 1179 101 26 together
2395 1179 25 22 in
2432 1179 40 22 the

1891 1202 70 22 above
1976 1211 63 14 room
2049 1211 28 14 on
2095 1204 106 28 Monday,
2213 1205 100 27 January
2321 1207 20 24 2,
2352 1206 60 25 1843,
2423 1208 23 20 at
2456 1207 15 21 5

1891 1229 92 27 o'clock,
2000 1230 56 21 after
2072 1230 78 28 which,
2167 1238 15 14 a
2195 1231 74 27 public
2278 1231 98 28 meeting
2385 1231 45 23 will
2442 1232 29 22 be

1891 1255 61 22 held.
1969 1260 4 4 '

1918 1282 44 21 His
1970 1282 105 28 Worship
2084 1283 36 22 the
2128 1284 81 27 Mayor
2216 1284 40 22 has
2264 1284 79 27 kindly
2352 1284 122 24 consented

1891 1311 23 18 to
1922 1308 96 28 preside.

1917 1334 58 23 N.B.
1975 1346 29 5 —
2004 1336 66 21 After
2083 1336 53 27 Tea,
2152 1344 14 14 a
2180 1336 146 23 contribution
2344 1337 33 27 (in
2395 1337 75 29 silver)

1891 1361 45 22 will
1944 1362 27 21 be
1982 1362 108 27 expected
2096 1364 56 21 from
2163 1363 53 22 each
2225 1371 80 20 person
2316 1367 21 18 to
2348 1363 75 28 defray
2434 1363 38 23 the

1892 1395 116 20 expences.

1918 1419 126 23 December
2050 1421 35 26 21,
2098 1422 62 21 1842.

1891 1472 52 47 A
1957 1471 129 23 STEADY,
2094 1472 72 21 active
2183 1479 74 20 young
2274 1479 52 14 man
2344 1471 74 23 would
2439 1472 30 21 be

1950 1519 3 3 .
1969 1497 54 27 glad
2032 1501 23 18 to
2065 1498 123 22 undertake
2197 1498 37 21 the
2250 1498 79 27 charge
2347 1498 25 22 of
2385 1505 14 14 a
2413 1505 59 15 mer-

1893 1523 92 28 chant's,
1996 1526 165 26 storekeeper's,
2172 1532 25 14 or
2206 1524 143 22 tradesman's
2358 1524 69 22 books
2435 1525 36 23 for

1892 1557 15 14 a
1919 1557 54 21 very
1991 1551 114 22 moderate
2119 1552 171 26 remuneration,
2307 1558 61 17 even,
2382 1550 21 22 if
2417 1550 53 29 they

1893 1576 54 28 only
1965 1578 107 27 occupied
2087 1578 41 21 but
2146 1585 14 14 a
2178 1578 42 21 few
2236 1578 66 22 hours
2320 1577 24 22 in
2363 1576 38 23 the
2411 1576 67 33 'day..

1881 1619 1 4 ,
1893 1603 61 22 Most
1967 1604 138 27 respectable
2122 1604 126 22 references
2262 1611 42 15 can
2323 1604 27 21 be
2369 1604 78 26 given.
2451 1604 23 21 i£

1892 1630 119 27 required.*
2040 1630 106 28 Address,
2172 1632 29 21 A.
2210 1631 27 22 B.
2249 1631 32 27 C,
2306 1631 54 20 New
2381 1630 95 22 Zealand
2490 1645 3 4 ■

1896 1657 84 20 Gazette
1989 1656 78 28 Office,
2079 1658 190 26 Manners-street,
2280 1657 145 27 Wellington.
2470 1672 3 12 ;

1922 1688 144 27 Wellington,
2077 1689 126 22 December
2212 1690 33 25 16,
2254 1690 59 20 1842.
2321 1703 2 5 ■

1894 1732 187 49 WILLIAM
2098 1733 108 22 ALLEN
2226 1733 142 27 respectfully
2384 1733 93 25 informs

1990 1759 39 22 the
2037 1759 138 22 inhabitants
2190 1759 26 22 of
2227 1759 52 22 Port
2290 1759 127 27 Nicholson,
2429 1759 48 25 tha.t

1895 1785 29 22 he
1941 1785 41 22 has
2001 1786 91 21 entered
2109 1786 49 21 into
2177 1789 165 24 nrrangements
2359 1785 54 22 with
2430 1785 46 23 Mr.
2491 1793 2 3 -

1895 1812 62 21 Watt
1965 1813 36 21 for
2010 1820 14 14 a
2032 1813 87 26 regular
2129 1813 78 27 supply
2217 1813 26 21 of
2254 1813 57 26 beef,
2321 1815 96 24 mutton,
2428 1811 49 28 &c.^

1895 1838 73 22 which
1978 1839 45 22 will
2032 1839 79 22 enable
2119 1839 50 22 him
2178 1843 21 20 to.
2210 1839 40 22 sell
2262 1842 24 19 at
2300 1839 98 22 reduced
2405 1839 71 27 prices

1893 1865 39 22 for
1941 1865 70 28 ready
2021 1873 83 20 money

1923 1897 34 22 W.
1968 1898 30 21 A.
2008 1897 110 27 begs'that
2128 1897 30 22 all
2173 1896 141 28 outstanding
2322 1900 106 19 accounts
2435 1896 44 23 due

1895 1927 22 18 to
1926 1924 47 22 him
1983 1931 52 21 may
2046 1925 27 21 be
2082 1924 82 22 settled
2172 1924 118 27 forthwith,
2300 1931 24 14 as
2333 1923 35 22 his
2380 1922 100 23 business

1894 1950 45 23 will
1947 1951 24 22 in
1980 1951 75 22 future
2064 1950 29 23 be
2103 1950 124 23 conducted
2236 1950 72 23 under
2318 1950 93 22 another
2420 1950 58 21 firm.

1925 1985 104 27 October,
2041 1986 62 20 1842.

1884 2021 24 7 ~~~
1947 2021 42 13 ====
2030 2027 87 21 Town
2134 2027 31 20 of
2176 2028 167 21 Manewatu.

1896 2059 92 50 THE
2010 2058 216 23 PROPRIETORS,
2246 2060 26 21 of
2282 2079 3 3 .
2294 2060 40 21 the
2354 2060 60 22 three
2429 2061 48 22 first

1983 2086 89 22 choices
2086 2088 23 19 at
2117 2086 40 22 the
2173 2086 50 24 last/
2230 2086 105 22 selection
2345 2087 26 21 of
2384 2086 97 29 country'

1895 2113 70 26 lands,
1978 2112 85 27 having
2081 2112 137 23 determined
2230 2120 61 20 upon
2307 2113 37 21 the
2360 2113 40 22 site
2414 2114 34 22 for
2462 2122 19 14 a.

1910 2146 93 23 TOWN
2019 2146 44 21 ON
2075 2146 65 22 THE
2155 2147 187 22 MANEWATU
2356 2147 107 28 RIVER,

1897 2174 55 21 after
1957 2174 79 20 several
2043 2174 59 20 visits
2109 2176 24 18 to
2141 2173 39 22 the
2187 2173 184 28 neighbouroood,
2382 2174 47 21 and
2439 2175 38 21 the

1896 2203 58 19 most
1971 2200 87 22 careful
2075 2200 44 21 and
2137 2200 84 21 minute
2239 2201 150 21 examination
2403 2201 26 21 of
2440 2201 39 22 the

1898 2231 69 18 entire
1983 2227 92 27 district,
2090 2226 67 22 aided
2172 2226 29 27 by
2209 2226 38 22 the
2262 2227 144 27 professional
2419 2227 57 27 skill,

1897 2253 136 27 knowledge,
2053 2253 44 22 and
2111 2253 130 28 experience
2255 2253 26 21 of
2291 2253 38 21 the
2345 2256 59 19 most
2418 2261 61 15 com-

1897 2284 76 23 petent
1980 2279 88 28 judges,
2084 2286 92 21 propose
2191 2282 22 19 to
2229 2279 54 22 offer
2293 2280 33 21 for
2343 2280 102 28 disposal,
2456 2284 24 18 at

2046 2305 38 23 the
2096 2309 89 25 present
2194 2306 58 27 time,
2264 2306 69 22 about

1898 2337 218 23 TWENTY-FIVE
2150 2337 105 27 ACRES,
2293 2337 36 22 IN
2365 2337 115 24 ALLOT-

1899 2365 112 27 MENTS,
2027 2364 85 23 EACH
2133 2364 40 21 OF
2196 2364 62 21 ONE
2279 2364 146 24 QUARTER
2439 2364 41 23 OF

2114 2390 46 22 AN
2175 2390 88 22 ACRE.

1924 2418 48 22 The
1981 2421 49 25 spot
2039 2418 50 21 thus
2098 2416 97 23 selected
2205 2423 109 21 possesses
2323 2416 37 23 the
2370 2420 57 19 most
2442 2425 39 15 ex-

1899 2445 85 22 tensive
1996 2444 102 27 frontage
2112 2446 23 19 to
2152 2444 54 26 deep
2218 2446 68 20 water
2301 2443 25 22 of
2337 2451 43 24 any
2395 2451 30 15 on
2441 2444 40 23 the

1899 2473 63 21 river.
1992 2472 27 24 It.
2030 2471 20 22 is
2069 2470 96 22 situated
2178 2470 47 27 just
2237 2472 23 20 at
2276 2470 47 22 that
2341 2471 64 27 point
2422 2471 58 22 from

1961 2495 73 26 whidh
2044 2505 14 14 a
2066 2496 54 23 road
2130 2496 73 22 would
2211 2496 84 23 branch
2305 2496 33 23 off
2343 2500 23 19 to
2375 2497 38 22 the

1900 2533 94 14 WOODED
2018 2531 46 16 AND
2084 2530 98 15 FERTILE
2201 2531 115 14 DISTRICTS
2336 2531 75 15 ALONG
2434 2531 46 15 THE

2140 2557 27 14 OF
2181 2557 45 15 THE
2241 2557 73 20 HILLS,

1901 2578 44 23 and
1956 2578 72 22 above
2037 2576 73 23 which
2119 2576 38 23 the
2171 2576 126 27 navigation
2311 2576 37 23 for
2354 2576 80 23 vessels
2443 2577 39 22 be-

1902 2612 74 15 comes
1986 2605 85 25 tedious,
2082 2604 23 25 if
2109 2606 38 18 not
2156 2604 92 26 difficult.
2276 2604 24 21 It
2305 2603 19 22 is
2330 2604 107 22 therefore
2444 2603 37 22 the

2099 2631 63 27 point
2169 2630 72 23 where
2250 2629 38 22 the

1903 2665 88 23 LAND
2004 2664 70 23 AND
2088 2663 113 23 WATER
2215 2663 160 23 CARRIAGE
2389 2663 92 22 MEET.

1903 2691 44 23 and
1955 2691 76 22 where
2039 2698 15 14 a
2062 2691 69 22 Town
2147 2698 59 14 must
2222 2698 26 14 be
2263 2696 90 16 formed
2369 2689 65 23 when
2444 2690 39 22 the

1905 2718 84 22 district
2003 2716 19 24 is
2032 2717 87 22 settled.
2133 2724 3 3 '
2147 2717 23 21 It
2178 2724 44 14 was
2227 2715 100 25 .selected
2341 2717 31 26 by
2382 2716 37 22 the
2431 2717 53 21 Sur-

1903 2745 81 26 veying
1994 2744 59 22 Staff
2064 2751 23 15 as
2097 2743 38 23 the
2143 2743 136 22 rendezvous
2286 2743 40 26 for,
2336 2742 58 26 their

1904 2771 43 22 and
1956 2771 42 22 has
2006 2771 57 22 been
2073 2778 50 14 now
2136 2770 77 27 found,
2223 2769 56 23 after
2288 2769 87 22 several
2388 2770 89 21 months

1903 2797 105 27 location,
2018 2801 23 18 to
2054 2797 28 22 be
2091 2797 37 21 the
2138 2799 58 19 most
2209 2796 163 27 advantageous
2381 2796 102 27 position,

1904 2825 57 21 from
1976 2825 30 21 its
2020 2823 97 28 peculiar
2136 2823 86 27 facility
2237 2823 26 23 of
2273 2822 111 28 approach
2394 2822 52 22 both
2455 2823 31 29 by

1904 2851 53 22 land
1967 2851 46 22 and
2020 2854 75 19 water.

1933 2878 28 22 In
1971 2877 153 23 confirmation
2135 2876 26 21 of
2166 2876 37 22 the
2212 2875 130 28 superiority
2350 2874 27 22 of
2384 2874 43 22 this
2436 2877 50 25 spot

1905 2912 52 14 over
1967 2911 46 20 any
2021 2903 62 23 other
2091 2906 38 24 yet
2137 2903 88 25 known,
2237 2902 37 21 the
2284 2902 90 21 Messrs.
2382 2901 103 27 Kebbell,

1895 2948 2 3 .
1905 2931 57 22 after
1980 2931 38 21 the
2037 2929 150 23 examination
2202 2929 27 21 of
2243 2928 37 21 the
2298 2928 59 24 river
2370 2928 59 21 from
2446 2928 46 21 the'

1895 2977 4 5 ,
1907 2957 88 22 Paneiri
2005 2957 48 22 Pah
2061 2959 22 19 to
2092 2956 29 21 its
2130 2955 86 27 mouth,
2225 2954 138 22 determined
2377 2961 28 15 on
2415 2958 70 18 erect*

2142 2982 40 26 ing
2194 2981 57 22 their

1907 3015 160 24 SAWMILL
2087 3013 234 25 IMMEDIATELY.
2329 3013 157 24 OPPOSITE.

1905 3044 48 21 The
1971 3043 77 22 works'
2060 3041 25 22 of
2099 3041 50 22 that
2166 3040 166 22 establishment
2349 3047 38 15 are
2404 3043 24 19 at
2443 3041 43 22 this

1906 3072 101 20 moment
2023 3069 25 21 in
2062 3067 63 31 rapid
2139 3074 106 20 progress,
2262 3067 44 21 and
2324 3067 37 24 the
2378 3067 108 28 proposed

1906 3097 69 22 Town
1984 3095 45 22 will
2037 3093 261 28 necessanlypartakeof
2303 3090 43 25 this
2355 3093 131 28 advantage.

1933 3123 49 22 The
2001 3121 92 22 nucleus
2106 3121 27 21 of
2149 3128 14 14 a
2176 3121 71 21 Town
2258 3120 29 27 is,
2296 3119 25 23 in
2334 3119 51 28 lact,
2396 3120 92 28 already

1907 3148 97 26 created,
2012 3149 30 27 by
2051 3147 38 23 the
2099 3147 163 23 concentration
2277 3147 27 21 of
2316 3146 38 23 the
2363 3147 125 28 Surveying

1907 3175 58 24 Staff
1971 3182 30 15 on
2011 3175 54 22 that,
2069 3177 54 24 spot,
2134 3180 25 16 as
2167 3173 37 22 the
2214 3176 74 20 centre
2303 3173 25 21 of
2338 3173 149 23 communioa-?

1907 3204 46 23 tion
1963 3205 24 21 to
1996 3201 38 22 the
2044 3200 147 27 surrounding
2199 3199 96 28 district;
2310 3199 39 22 the
2359 3199 96 23 erection
2464 3200 29 25 o£

1907 3230 92 25 Messrs.
2009 3227 117 29 jßLebbell's
2135 3225 54 24 'Saw
2203 3225 64 23 Mills
2282 3226 110 27 opposite;
2408 3226 28 27 by
2449 3225 37 25 the

1907 3257 165 26 arrangements
2083 3253 36 23 for
2133 3260 30 15 an
2179 3253 112 24 extensive
2302 3253 96 24 General
2410 3253 75 26 Store-;

1907 3316 29 21 oji
1943 3309 39 22 the
1990 3310 51 25 part
2050 3307 26 22 of
2087 3314 29 14 an
2124 3305 123 23 individual
2259 3306 50 23 who
2323 3306 49 25 has,,
2379 3305 60 21 since
2448 3305 39 23 the

1907 3337 123 23 formation,
2043 3334 26 22 of
2082 3333 39 23 the
2136 3333 91 27 Colony,
2240 3329 97 32 pursue^
2351 3338 14 20 %
2381 3331 107 23 lucrative

1907 3362 64 26 trade
1981 3361 53 23 with
2043 3360 37 25 the
2090 3359 93 28 natives,
2194 3359 45 23 and
2248 3359 72 22 whose
2328 3356 130 28 knowledge
2465 3358 26 22 of

1907 3389 38 22 the
1955 3388 136 25 advantages
2100 3387 27 21 of
2133 3386 38 22 the
2180 3386 99 27 position,
2286 3383 115 28 prompted
2408 3382 48 26 him
2464 3387 25 19 at

1908 3422 56 18 once
1975 3419 23 18 to
2006 3415 73 24 prefer
2087 3413 50 23 that
2149 3411 138 29 application.

1935 3442 48 22 The
1992 3441 94 22 Natives
2098 3439 32 28 by
2138 3440 73 22 whom
2225 3437 43 27 this
2276 3436 54 22 land
2340 3443 46 15 was
2394 3436 94 23 claimed

1907 3476 38 14 are
1955 3468 61 29 quite
2025 3466 110 29 prepared
2143 3469 22 19 to
2173 3465 49 27 give
2228 3470 28 20 up
2263 3463 129 28 possession,
2399 3464 45 22 and
2448 3471 38 15 are

1908 3495 146 26 exceedingly
2063 3493 94 22 anxious
2169 3493 24 20 to*
2204 3490 56 23 have
2269 3497 15 14 a
2292 3489 118 28 European
2417 3497 70 21 popu-

1906 3522 70 22 lation
1985 3527 83 20 among
2076 3519 69 26 them,
2154 3516 81 28 having
2251 3516 56 22 been
2316 3523 60 22 ujjon
2384 3516 38 21 the
2429 3516 64 31 mjw|-

1901 3544 195 29 .HenaiVfooting
2105 3545 52 25 with
2166 3544 37 22 the
2213 3542 124 28 Surveying
2346 3542 58 26 Staff.
2408 3542 80 28 during

1900 3577 44 22 ithte
1950 3576 54 22 four
2012 3582 26 16 or
2046 3574 43 22 five
2098 3569 87 26 months
2192 3568 53 30 t^ey
2265 3568 57 23 have
2337 3568 55 23 been
2400 3568 89 24 located

1935 3618 80 34 As'thfl
2022 3625 136 29 Proprietors
2165 3629 93 20 purpose
2266 3624 23 20 to
2299 3620 86 29 dispose
2394 3621 26 22 of
2425 3621 41 30 b»|
2473 3629 15 16 a

1907 3655 85 24 limited
2005 3653 89 29 portion
2110 3650 26 22 of
2145 3649 39 22 the
2197 3648 69 23 Town
2281 3650 24 19 at
2308 3650 108 30 .present;,

1905 3682 82 25 pledge
1996 3679 131 25 themselves
2134 3676 55 27 that,
2199 3678 23 19 at
2230 3681 30 16 no
2277 3676 73 29 rutur^
2358 3674 63 26 sales,
2425 3673 65 26 .shall

1909 3710 37 22 the
1957 3708 126 24 allotments
2090 3704 29 21 be
2127 3704 131 31 pjutup^ajiji
2267 3700 224 30 less^uoxthattnow.

1908 3744 14 15 °
1935 3759 22 27 A
1963 3743 12 15 e
1976 3759 140 27 Prospectus^
2124 3753 47 24 and
2187 3753 56 24 Plan
2263 3753 25 22 of
2301 3752 38 23 the
2352 3773 2 5 ,
2356 3752 68 23 Town
2443 3753 46 26 will

1907 3789 87 23 shortly
2002 3787 27 22 be
2038 3782 68 28 riady
2114 3782 36 23 for
2156 3780 161 28 inspection-at
2327 3779 39 22 the
2376 3779 117 24 Officesof

1909 3817 91 22 Messrs.
2009 3810 70 27 Waitt
2086 3808 47 24 and
2142 3808 73 27 Tyser,
2225 3806 32 23 Te
2266 3807 54 22 Aro;
2332 3810 3 5 •
2352 3808 9 10 -'

1922 3865 6 4 .
1936 3846 145 26 WelliPgtQOt
2091 3840 65 27 April
2164 3842 34 26 22,
2208 3841 59 22 1842.
2303 3849 4 6 •
2315 3848 6 23 ',

1910 3896 71 52 ON
1996 3893 86 26 SALE)
2095 3893 25 21 &t
2128 3890 45 22 thU
2184 3888 71 28 office,
2265 3888 70 23 blank
2344 3889 58 23 Bwi
2414 3884 77 28 Books

1957 3917 5 27 I
2009 3921 95 23 CttMtte
2140 3916 69 28 offit*,
2220 3915 56 24 D»c.
2285 3915 21 24 4.
