2520 3989
1887 277 29 20 To
1926 277 37 20 the
1971 277 78 21 Editor
2058 275 28 26 of
2091 276 37 20 the
2165 275 53 20 New
2228 275 94 20 Zealand
2333 275 85 21 Gazette
2430 279 38 19 and

2043 303 130 25 Wellington

1919 331 55 30 Sir,
1975 344 35 5 —
2010 332 34 23 As
2057 332 19 23 it
2086 333 21 21 is
2115 330 119 32 generally
2245 329 113 32 supposed
2369 330 48 23 that
2434 331 33 26 the

1885 371 50 16 new
1944 364 132 25 settlement
2087 369 24 19 to
2119 365 28 23 be
2159 363 89 23 formed
2259 363 119 30 according
2391 368 22 18 to
2422 364 44 26 Mr.

1886 397 113 24 Rennie's
2030 402 94 26 system,
2154 396 45 24 will
2229 396 29 23 be
2287 395 136 24 established
2448 404 21 18 at

1886 429 92 24 Bank's
2000 430 134 28 Peninsula,
2156 438 13 15 a
2186 429 43 24 few
2248 428 103 25 remarks
2370 429 62 24 made
2443 430 26 32 by

1886 470 44 16 one
1942 463 50 23 who
2004 462 41 24 has
2057 462 45 24 had
2114 470 63 16 some
2189 463 134 30 experience
2335 461 24 23 in
2368 461 48 23 that
2423 470 45 23 part

1886 495 24 23 of
1926 495 59 24 New
1997 495 109 28 Zealand,
2123 503 53 22 may
2196 500 41 18 not
2252 495 29 24 be
2301 495 167 33 uninteresting,

1883 528 51 31 just
1945 536 60 21 now,
2018 533 21 18 to
2052 528 47 23 this
2111 528 151 31 community.

1923 560 64 25 That
1998 561 37 24 the
2048 560 90 24 Middle
2150 560 80 24 Island
2243 562 20 22 is
2274 560 50 24 well
2336 560 94 32 adapted
2441 561 30 25 for

1887 594 147 30 agricultural
2049 594 47 23 and
2119 593 101 31 pastoral
2243 600 120 25 purposes,
2385 600 30 16 on
2436 594 33 24 the

1888 627 86 30 largest
1997 627 68 28 scale,
2087 628 20 22 is
2126 635 14 14 a
2158 626 46 23 fact
2216 626 177 30 acknowledged
2403 626 30 30 by
2443 628 26 24 all

1888 660 50 23 who
1950 660 59 24 have
2020 668 59 23 gone
2091 668 46 23 any
2152 659 102 23 distance
2266 660 48 22 into
2326 659 38 23 the
2375 660 94 25 interior.

1890 693 22 23 It
1926 693 21 22 is
1959 698 51 19 true
2022 693 49 23 that
2083 693 38 23 the
2134 697 90 19 eastern
2234 698 63 18 coast
2308 692 25 23 of
2342 691 37 24 the
2392 692 79 25 Middle

1888 726 80 23 Island
1980 727 20 23 is
2010 726 76 24 rather
2097 726 115 23 defficient
2224 726 24 22 in
2269 726 61 29 large
2349 725 106 24 harbours
2464 736 5 19 ;

1887 759 81 24 indeed
1980 760 57 23 from
2051 759 91 31 Cloudy
2154 759 50 29 Bay
2219 763 22 18 to
2252 759 84 29 Olago,
2348 766 14 15 a
2373 757 98 26 distance

1888 792 24 23 of
1929 794 49 22 300
1991 792 73 28 miles,
2078 792 63 23 there
2162 799 37 15 are
2219 799 29 15 no
2268 792 110 22 harbours
2397 791 27 23 fit
2441 792 30 24 for

1888 825 63 30 large
1974 825 85 24 vessels
2083 829 83 27 except
2188 825 23 22 in
2232 824 89 23 Bank's
2340 824 129 25 Peninsula.

1889 858 46 23 But
1947 858 71 29 there,
2034 866 54 23 may
2109 858 28 23 be
2158 856 70 25 found
2248 858 51 23 four
2319 858 104 30 spacious
2432 859 39 23 and

1889 891 48 23 safe
1971 891 119 28 harbours,
2124 890 93 31 namely
2218 903 33 5 —
2253 891 102 28 Akaroa,
2389 889 83 32 Pigeon

1890 924 59 30 Bay,
1962 924 58 24 Port
2031 924 73 30 Levy,
2117 924 45 23 and
2175 924 56 23 Port
2245 924 104 30 Cooper,.

1922 957 51 23 The
1997 957 53 23 land
2070 957 23 23 in
2113 957 90 23 Bank's
2224 956 127 24 Peninsula
2369 957 20 22 is
2401 957 71 24 rather

1889 989 65 31 hilly,
1968 990 43 23 and
2024 994 23 19 at
2058 990 51 23 first
2126 993 106 28 presents
2251 997 13 15 a
2285 989 81 24 barren
2384 996 89 24 appear-

1889 1030 55 16 ance
1956 1032 5 20 ;
1981 1028 39 25 yet
2039 1023 135 31 experience
2186 1022 42 23 has
2241 1023 83 30 proved
2337 1022 50 24 that
2396 1030 13 15 a
2418 1023 55 30 good

1890 1056 50 23 deal
1964 1056 26 23 of
2013 1056 50 23 that
2085 1056 55 23 land
2161 1056 19 22 is
2203 1055 60 31 good
2285 1055 33 24 for
2337 1055 135 25 cultivation.

1889 1089 115 31 Adjacent
2027 1093 23 19 to
2070 1089 38 23 the
2129 1088 127 24 Peninsula
2274 1096 37 16 are
2332 1089 74 30 plains
2421 1095 54 18 moit

1890 1123 127 27 extensive,
2028 1122 45 23 and
2084 1127 23 18 at
2116 1122 32 23 all
2158 1122 66 23 times
2238 1122 96 23 covered
2345 1121 56 24 with
2412 1121 63 24 luxu-

1890 1155 61 23 riant
1970 1163 73 24 grass.
2091 1155 78 23 These
2190 1154 75 31 plains
2283 1162 129 16 commence
2432 1160 23 18 at
2464 1164 11 14 a

1891 1188 103 24 distance
2015 1189 24 23 of
2064 1188 71 23 about
2156 1190 31 21 30
2206 1188 66 23 miles
2293 1192 21 19 to
2330 1188 37 23 the
2379 1188 66 23 north
2457 1190 21 22 of

1891 1221 38 23 the
1941 1221 134 29 Peninsula,
2088 1221 45 23 and
2145 1220 84 24 extend
2248 1225 24 19 at
2291 1221 57 23 least
2364 1222 33 22 90
2417 1222 59 23 miles

1891 1258 23 19 to
1927 1254 37 23 the
1977 1255 74 27 south,
2066 1255 100 29 running
2178 1253 59 24 back
2250 1259 22 18 to
2292 1254 38 23 the
2349 1255 127 23 mountains

1891 1288 70 22 about
1973 1289 33 23 60
2020 1288 75 22 miles.

1925 1320 53 24 One
1999 1321 75 22 would
2091 1320 115 30 naturally
2229 1321 52 26 ask,
2305 1320 60 23 what
2385 1328 38 15 are
2442 1321 34 23 the

1890 1361 80 15 means
1982 1354 24 23 of
2023 1354 190 23 communication
2233 1354 58 22 from
2311 1354 36 23 the
2366 1354 73 30 plains
2457 1358 20 19 to

1891 1387 38 22 the
1949 1386 110 24 harbours
2082 1387 27 22 of
2130 1386 88 23 Bank's
2240 1387 125 23 Peninsula
2374 1387 10 22 ?
2431 1386 46 25 The

1891 1420 101 24 distance
2010 1420 59 23 from
2090 1420 102 28 Akaroa,
2217 1418 122 32 (certainly
2358 1420 38 22 the
2416 1420 62 24 finest

1892 1453 45 23 and
1950 1460 59 17 most
2021 1453 156 23 commodious
2189 1453 101 23 harbour
2302 1453 24 23 of
2342 1453 38 23 the
2394 1453 84 23 Penin-

1891 1486 72 31 sula,)
1982 1491 24 19 to
2025 1487 38 22 the
2086 1486 127 31 beginging
2234 1486 26 23 of
2285 1486 36 24 the
2341 1486 96 28 Waiola,
2456 1495 22 15 or

1893 1519 73 24 Little
1978 1514 80 34 Rive*r,
2073 1520 18 22 is
2105 1527 68 15 seven
2184 1519 76 28 miles,
2273 1527 53 15 over
2338 1527 13 15 a
2358 1519 41 23 hill
2410 1520 68 23 where

1892 1561 13 14 a
1915 1553 62 30 good
1988 1553 66 23 horse
2067 1552 54 23 road
2134 1553 20 22 is
2167 1552 93 30 already
2281 1553 50 22 half
2346 1552 132 31 completed,

1893 1586 45 22 and
1950 1586 74 23 where
2035 1594 14 15 a
2061 1585 58 31 good
2133 1590 58 18 team
2205 1585 55 23 road
2273 1594 51 22 may
2337 1586 27 22 be
2376 1585 65 23 made
2458 1591 21 18 at

1892 1618 116 25 moderate
2027 1626 109 24 expense.
2185 1618 51 23 The
2255 1618 96 28 Waiola,
2365 1627 15 14 a
2391 1619 57 22 river
2460 1625 19 17 at

1893 1651 31 23 all
1947 1653 66 23 times
2032 1651 120 32 navigable
2171 1651 29 30 by
2227 1653 30 23 10
2279 1656 37 19 ton
2339 1652 73 28 boats,
2428 1659 51 16 runs

1894 1684 98 32 through
2005 1693 28 16 an
2046 1686 118 22 extensive
2183 1684 44 24 and
2245 1685 74 24 fertile
2337 1684 81 31 valley,
2439 1685 40 24 and

1892 1717 65 24 leads
1970 1718 97 24 towards
2080 1718 37 23 the
2127 1717 76 32 plains
2221 1726 25 15 as
2266 1719 51 23 well
2335 1726 24 15 as
2379 1718 38 23 the
2438 1718 41 31 Big

1894 1751 76 29 Lake,
1999 1752 59 23 from
2083 1751 73 23 which
2179 1752 19 22 it
2220 1752 21 22 is
2264 1751 54 31 only
2346 1756 44 18 two
2418 1751 61 24 miles

1894 1785 93 28 distant,
2001 1785 36 23 the
2050 1784 54 24 land
2116 1785 101 23 between
2238 1785 38 23 the
2298 1789 42 19 two
2352 1785 68 30 being
2432 1792 47 23 per-

1894 1817 70 31 fectly
1983 1818 58 23 level
2051 1827 7 19 ;
2081 1818 37 23 the
2138 1817 46 31 Big
2205 1817 67 24 Lake
2291 1818 19 23 is
2331 1818 111 30 supposed
2460 1823 20 18 to

1893 1850 58 24 have
1970 1860 14 14 a
2001 1851 177 23 circumference
2198 1850 27 23 of
2247 1851 68 23 about
2333 1851 59 30 forty
2410 1851 69 28 miles,

1894 1884 44 22 and
1951 1884 20 23 is
1984 1884 38 23 the
2040 1884 111 31 recipient
2166 1883 25 23 of
2206 1884 89 23 several
2315 1884 45 23 fine
2380 1888 99 22 streams,

1894 1917 44 22 and
1959 1917 31 23 all
2010 1917 36 23 the
2065 1917 54 23 land
2138 1917 79 22 within
2236 1924 68 23 many
2323 1917 66 23 miles
2408 1917 24 23 of
2447 1917 34 23 the

1893 1949 53 22 lake
1958 1951 20 21 is
1991 1950 26 22 of
2031 1950 38 22 the
2081 1950 68 21 finest
2161 1949 147 29 description.

1928 1981 58 24 Port
1999 1982 96 31 Cooper,
2108 1980 86 31 though
2204 1986 40 18 not
2253 1989 25 15 so
2291 1980 49 24 well
2352 1982 96 22 situated
2459 1990 22 15 as

1894 2013 96 25 Akaroa
2001 2023 24 15 as
2037 2023 13 14 a
2063 2022 39 15 sea
2113 2019 58 25 port,
2185 2013 41 23 has
2239 2015 48 22 also
2300 2015 29 22 its
2340 2014 141 30 advantages,

1894 2055 24 15 as
1940 2048 38 23 the
1998 2048 56 23 head
2075 2053 103 25 quarters
2199 2048 26 21 of
2246 2056 13 14 a
2281 2055 47 15 new
2346 2048 133 22 settlement.

1895 2080 35 24 Its
1943 2081 100 24 distance
2056 2086 23 18 to
2100 2081 38 23 the
2160 2081 60 22 main
2239 2081 54 23 land
2313 2081 20 23 is
2345 2081 68 23 about
2434 2082 47 22 nine

1893 2114 75 28 miles,
1982 2122 52 15 over
2046 2122 14 15 a
2072 2114 40 23 hill
2126 2113 73 23 where
2213 2121 12 15 a
2246 2114 59 30 good
2325 2114 53 23 road
2397 2114 20 23 is
2434 2122 46 23 per-

1895 2147 68 30 fectly
1975 2147 136 31 practicable
2122 2156 7 18 ;
2149 2146 42 24 and
2215 2147 30 30 by
2257 2152 68 18 water
2344 2147 64 31 eight
2418 2147 61 23 miles

1895 2184 21 19 to
1930 2180 58 24 Port
2001 2180 132 31 Rigamont,
2147 2187 28 16 an
2197 2187 59 23 open
2274 2181 42 30 bay
2328 2179 59 31 (also
2407 2188 28 16 on
2446 2181 34 22 the

1895 2213 61 23 main
1968 2213 64 30 land)
2045 2213 54 23 with
2112 2222 13 14 a
2138 2214 59 22 river
2217 2213 92 31 capable
2326 2213 25 23 of
2366 2213 115 31 admitting

1895 2246 64 31 eight
1971 2251 39 19 ton
2022 2247 73 27 boats,
2109 2246 43 23 and
2163 2246 91 32 leading
2262 2246 95 24 towards
2365 2247 37 23 the
2410 2251 71 19 centre

1895 2280 26 23 of
1938 2280 38 24 the
1988 2280 84 31 plains.

1930 2313 57 24 Port
1999 2313 65 30 Levy
2073 2321 51 22 may
2132 2312 27 23 be
2168 2312 132 25 considered
2312 2321 13 15 a
2337 2318 50 26 part
2396 2313 25 23 of
2431 2313 51 24 Port

1897 2346 97 31 Cooper,
2007 2347 43 23 and
2064 2347 102 23 contains
2179 2347 48 22 also
2247 2355 13 14 a
2269 2347 59 30 good
2340 2346 51 24 deal
2402 2347 23 22 of
2440 2346 40 24 fine

1895 2380 63 23 land.

1930 2412 88 31 Pigeon
2031 2413 50 30 Bay
2095 2413 18 22 is
2127 2412 53 31 only
2191 2412 45 24 five
2255 2413 64 23 miles
2332 2413 84 23 distant
2427 2412 52 24 from

1897 2446 57 23 Port
1966 2446 71 30 Levy,
2059 2446 74 23 either
2153 2446 29 27 by
2203 2446 54 23 land
2278 2454 25 15 or
2324 2452 75 17 water.
2436 2445 45 24 The

1896 2478 56 23 head
1966 2479 25 23 of
2007 2479 89 30 Pigeon
2118 2479 51 30 Bay
2189 2479 21 22 is
2231 2480 38 23 six
2286 2479 66 23 miles
2372 2479 58 23 from
2448 2478 34 23 the

1895 2511 59 24 head
1967 2512 25 23 of
2006 2512 103 23 Akaroa.
2145 2512 25 22 A
2182 2511 60 30 good
2263 2512 55 23 road
2336 2512 42 23 has
2398 2511 85 31 already

1895 2544 60 24 been
1966 2545 65 23 made
2051 2545 103 23 between
2168 2544 37 23 the
2217 2549 45 18 two
2273 2545 67 23 latter
2353 2545 74 30 places
2436 2553 6 20 ;
2461 2552 22 15 so

1898 2577 49 24 that
1958 2578 100 23 whether
2072 2578 37 22 the
2117 2577 131 23 settlement
2258 2579 20 22 is
2289 2578 86 23 funned
2387 2583 24 18 at
2422 2578 60 24 Aka-

1897 2619 41 15 roa
1949 2619 25 16 or
1986 2610 58 24 Port
2056 2611 98 31 Cooper,
2168 2610 37 23 the
2224 2618 80 16 means
2323 2611 24 23 of
2363 2612 120 22 communi-

1898 2645 75 23 cation
1985 2645 46 22 will
2041 2645 30 22 be
2090 2645 62 29 quite
2172 2651 53 23 easy
2239 2644 100 23 between
2356 2652 43 22 any
2412 2644 24 23 of
2451 2644 32 22 the

1897 2677 113 25 harbours
2025 2677 26 23 of
2067 2677 89 24 Banks'
2168 2676 135 30 Peninsula,
2316 2685 24 15 as
2353 2677 50 24 well
2414 2685 25 15 as
2452 2676 31 23 the

1898 2711 63 23 main
1973 2711 61 24 land.

1934 2743 51 25 The
2005 2744 90 23 climate
2116 2744 26 22 of
2164 2743 37 23 the
2222 2744 89 23 Middle
2332 2744 78 23 Island
2427 2744 19 22 is
2463 2749 21 16 as

1900 2777 45 23 fine
1964 2777 45 24 and
2026 2777 129 23 salubrious
2175 2784 24 15 as
2220 2776 49 23 that
2288 2777 24 23 of
2328 2777 37 22 the
2384 2776 101 23 southern

1900 2815 51 26 part
1963 2811 26 23 of
2004 2810 44 24 this
2059 2810 75 23 island
2145 2819 7 19 ;
2171 2809 82 24 indeed
2265 2810 39 23 the
2321 2814 80 26 strong
2412 2808 72 25 north-

1900 2843 49 31 erly
1960 2843 71 31 gales,
2044 2850 27 16 so
2083 2842 117 31 prevalent
2212 2843 24 21 in
2252 2842 86 24 Codk's
2349 2843 90 27 Straits,
2453 2849 32 15 are

1900 2884 56 23 very
1976 2876 87 24 seldom
2083 2875 41 24 felt
2145 2876 23 22 in
2191 2875 88 23 Banks'
2304 2876 130 26 Peninsula,
2447 2874 38 23 and

1901 2909 87 31 though
2010 2909 37 23 the
2068 2907 117 32 southerly
2203 2907 64 31 gales
2288 2916 37 16 are
2344 2917 62 15 some
2426 2909 59 22 times

1901 2942 76 24 rather
1989 2942 92 28 violent,
2095 2941 53 31 they
2160 2940 57 24 have
2225 2949 69 17 never
2305 2946 38 27 yet
2354 2941 82 24 caused
2446 2947 39 23 any

1901 2975 95 31 damage
2010 2980 19 18 to
2043 2975 38 23 the
2093 2974 100 24 harvest.

2037 3008 14 23 I
2064 3015 45 21 am,
2123 3008 45 28 Sir,

2095 3041 67 23 Your
2174 3040 107 24 obedient
2291 3046 100 23 servant,

2431 3073 27 20 B.

269 2998 153 20 FREIGHTS.

153 3230 113 16 AGENTS
282 3230 57 16 FOR
359 3230 68 16 THIS
443 3230 99 16 PAPER.

74 3265 38 16 Mr.
124 3265 126 15 BURCHAM
343 3265 78 16 Petoni.

74 3285 38 18 Mr.
124 3284 21 18 C.
157 3283 113 21 ELLIOTT,
281 3283 105 19 Examiner
392 3285 65 22 Office,
463 3285 74 18 Nelion
545 3284 74 20 Haven.

74 3306 38 18 Mr.
123 3306 18 16 3.
149 3304 24 19 B.
182 3304 92 18 BAINES
348 3306 47 17 New
402 3306 110 22 Plymouth,
518 3306 101 19 TaranaU.

74 3327 38 19 Mr.
124 3326 26 18 H.
160 3325 124 19 CHURTON
347 3326 118 23 Wanganui.

74 3349 38 17 Mr.
124 3347 29 18 W.
165 3346 101 18 WILSON
348 3347 42 21 Bay
396 3348 23 17 of
426 3347 86 20 Islands.

1315 2866 43 23 We
1388 2865 138 24 understand
1555 2865 151 23 Commodore
1730 2865 96 28 Berard,
1851 2865 24 23 of

1281 2899 101 29 L'Rhin,
1395 2898 110 25 stationed
1518 2903 24 18 at
1554 2897 102 30 Akaroa,
1665 2899 68 23 takes
1745 2906 56 23 very
1809 2902 65 26 great

1281 2935 94 21 interest
1385 2933 26 22 in
1422 2932 37 24 the
1477 2932 146 31 preparation
1642 2931 24 23 of
1682 2939 41 16 our
1740 2932 56 23 flax.
1834 2931 39 23 He

1282 2967 40 23 has
1334 2965 55 31 long
1404 2966 53 22 been
1477 2964 99 30 steadily
1589 2965 101 30 engaged
1712 2965 21 22 in
1752 2964 98 30 making
1861 2973 12 14 a

1281 2998 102 25 valuable
1396 2999 69 23 series
1476 2999 24 23 of
1516 2998 163 31 experiments.
1716 2998 64 23 Each
1794 2998 78 22 month

1282 3033 28 23 he
1322 3040 80 15 causes
1415 3040 12 14 a
1439 3031 85 24 certain
1537 3031 105 31 quantity
1658 3031 26 23 of
1698 3031 47 23 flax
1760 3035 23 18 to
1794 3031 29 22 be
1836 3035 38 18 cut

1282 3066 43 24 and
1345 3064 91 24 worked
1456 3073 31 23 up
1506 3065 50 22 into
1576 3071 63 23 rope,
1660 3063 40 24 the
1723 3063 104 31 strength
1851 3064 24 23 of

1282 3097 75 25 which
1368 3098 19 23 is
1399 3097 143 24 ascertained
1560 3097 30 30 by
1603 3097 38 23 the
1653 3096 139 31 application
1804 3097 26 23 of
1844 3104 30 16 an

1283 3131 66 32 equal
1361 3135 92 19 amount
1466 3130 25 24 of
1505 3130 70 23 force.
1613 3129 50 23 The
1676 3129 72 24 result
1759 3128 26 24 of
1795 3129 79 24 twelve

1282 3164 91 25 months
1385 3164 154 30 experiments
1558 3163 46 23 will
1620 3162 109 24 establish
1742 3161 38 25 the
1792 3170 82 16 season

1284 3203 23 19 at
1317 3196 74 25 which
1401 3197 47 23 flax
1458 3196 45 24 had
1524 3196 52 24 best
1596 3196 27 23 be
1636 3200 39 19 cut
1686 3195 54 24 with
1757 3203 14 16 a
1782 3196 57 23 view
1852 3201 22 18 to

1284 3231 117 28 obtaining
1413 3231 36 23 the
1460 3234 101 25 greatest
1573 3228 113 31 strength.

1317 3270 51 24 The
1379 3277 120 23 necessary
1510 3269 155 31 experiments
1684 3277 39 15 are
1734 3268 89 31 beyond
1836 3269 38 24 the

1282 3311 79 17 means
1373 3303 26 24 of
1414 3302 144 25 individuals.
1594 3301 44 24 We
1650 3302 57 23 wish
1718 3302 36 23 the
1768 3302 106 24 Govern-

1284 3341 62 20 ment
1368 3344 26 16 or
1415 3337 118 30 Company
1553 3335 74 23 would
1648 3342 68 16 cause
1736 3343 14 15 a
1770 3336 64 29 piece
1853 3335 22 24 of

1284 3369 87 33 ground
1383 3374 24 19 to
1416 3369 27 24 be
1453 3368 92 24 divided
1551 3368 48 23 into
1607 3368 148 31 twenty-four
1763 3368 110 30 portions,

1284 3403 44 24 and
1340 3410 46 16 sow
1396 3402 50 24 half
1459 3401 55 23 with
1527 3401 53 23 seed
1592 3400 45 24 and
1648 3400 39 24 the
1700 3401 64 23 other
1775 3401 51 23 half
1841 3401 33 24 fill

1284 3436 54 25 with
1350 3434 153 32 transplanted
1516 3434 48 23 flax
1572 3442 6 20 ;
1598 3433 45 24 and
1653 3433 68 24 when
1733 3438 23 19 at
1768 3435 107 30 maturity

1285 3477 67 17 cause
1363 3476 13 16 a
1387 3469 90 30 portion
1489 3467 25 23 of
1529 3466 56 24 each
1603 3471 21 18 to
1637 3466 26 23 be
1677 3471 39 19 cut
1727 3467 44 23 and
1785 3468 90 23 worked

1285 3511 30 23 up
1327 3501 110 31 monthly.
1474 3499 59 24 This
1545 3499 75 24 would
1632 3499 71 24 afford
1716 3504 43 19 two
1770 3500 105 24 hundred

1284 3536 43 25 and
1349 3533 154 33 eighty-eight
1525 3533 162 30 experiments,
1709 3533 73 24 which
1810 3534 65 24 could

1284 3574 41 19 not
1335 3567 40 25 fail
1386 3572 24 19 to
1420 3568 28 23 be
1460 3565 108 24 attended
1578 3565 55 24 with
1644 3566 84 24 results
1740 3571 60 20 most
1811 3567 64 24 valu-

1285 3602 50 25 able
1346 3606 23 18 to
1381 3600 38 24 the
1429 3607 107 23 progress
1549 3598 25 24 of
1589 3598 38 24 the
1639 3598 89 32 colony.

45 3557 93 58 New
169 3557 218 58 Zealand
418 3557 218 58 Gazette

90 3615 69 24 AND
173 3615 217 25 WELLINGTON
409 3615 184 26 SPECTATOR

2096 3131 202 19 WANGANUI.

1904 3171 29 20 To
1943 3170 35 21 the
1985 3170 78 21 Editor
2072 3169 27 25 of
2109 3170 36 19 the
2182 3169 54 20 New
2250 3170 94 23 Zealand
2350 3171 86 20 Gazette
2445 3169 35 20 and

2060 3197 127 25 Wellington

1937 3227 54 28 Sic,
1993 3239 32 4 —
2027 3226 38 30 By
2085 3225 39 23 the
2143 3225 51 23 first
2212 3226 56 23 mail
2291 3226 55 24 after
2369 3226 81 29 receipt
2465 3222 17 24 of

1903 3267 56 24 your
1970 3267 69 24 paper
2051 3259 25 22 of
2091 3259 39 23 the
2152 3259 42 24 3rd
2213 3254 109 36 January,
2335 3266 32 17 we
2386 3263 49 19 sent
2445 3262 37 25 you

1903 3301 11 15 a
1937 3294 63 31 reply
2013 3297 21 19 to
2057 3292 48 24 Mr.
2128 3292 123 24 Dawson's
2272 3292 73 29 letter,
2358 3292 73 22 which
2449 3297 33 23 ap-

1903 3327 82 30 peared
1997 3327 23 22 in
2032 3325 40 24 the
2095 3325 94 23 Gazette
2202 3325 26 22 of
2244 3325 48 23 that
2302 3325 59 24 date.
2396 3324 42 23 We
2448 3329 33 17 ex-

1903 3360 80 31 pected
1995 3359 48 23 that
2054 3366 47 24 you
2119 3358 74 24 would
2215 3358 57 24 have
2291 3358 68 23 found
2379 3358 60 29 place
2455 3354 27 24 for

1903 3393 25 28 it,
1951 3393 45 23 and
2014 3393 34 22 for
2070 3392 38 23 the
2129 3391 79 24 letters
2227 3391 25 23 of
2276 3398 62 16 some
2356 3391 126 23 inhabitants

1904 3426 76 24 whose
2005 3433 80 16 names
2104 3432 66 21 were,
2196 3424 24 23 in
2246 3423 60 24 their
2331 3424 98 31 opinion,
2454 3424 28 19 too

1904 3459 71 31 freely
1986 3459 64 24 used.

1937 3492 36 24 As
1987 3493 46 23 Mr.
2047 3492 102 22 Dawson
2161 3489 41 24 has
2214 3489 63 24 since
2289 3489 41 24 left
2341 3490 37 23 the
2391 3492 90 21 country,

1904 3524 59 25 their
1973 3525 110 24 insertion
2094 3530 57 20 now,
2159 3523 20 23 is
2191 3530 13 15 a
2217 3527 82 19 matter
2308 3523 25 23 of
2342 3530 28 16 no
2378 3523 102 22 moment;

1904 3563 39 26 yet
1955 3566 32 16 we
1999 3556 80 25 should
2093 3556 43 23 feel
2148 3554 91 32 obliged
2250 3556 30 30 by
2290 3563 55 23 your
2354 3555 87 32 placing
2451 3551 31 24 the

1904 3592 51 23 fact
1961 3592 26 23 of
1996 3600 12 14 a
2020 3590 63 31 reply
2095 3595 61 24 upon
2167 3589 88 28 record,
2269 3589 29 30 by
2307 3589 37 23 the
2356 3584 126 35 publication

1904 3624 26 24 of
1946 3624 53 29 this,
2012 3630 40 17 our
2064 3626 100 27 present,
2176 3621 75 24 letter.
2290 3621 86 24 Should
2386 3620 18 24 it
2414 3622 37 21 not
2459 3616 23 23 b»

1905 3657 133 24 convenient
2051 3660 23 18 to
2086 3654 28 24 do
2128 3662 33 21 so,
2172 3662 24 16 <is
2210 3659 82 19 matter
2304 3656 26 22 of
2342 3653 140 30 intelligence,

1905 3698 32 15 we
1949 3690 45 30 beg
2004 3688 49 24 that
2064 3688 19 23 it
2104 3695 52 23 may
2177 3695 85 23 appear
2279 3695 26 16 as
2325 3695 27 16 an
2371 3683 111 26 advertise*

1905 3727 73 19 rnent.

1938 3755 44 23 We
1994 3762 37 16 are
2041 3754 47 30 Sir,
2097 3761 57 23 your
2166 3753 106 24 obedient
2283 3756 108 24 servants,

2179 3786 29 24 P.
2221 3786 114 28 Wilson,
2346 3784 64 28 J.P.,

2177 3819 38 23 W.
2232 3819 147 28 Campbell,
2396 3814 61 27 J.P.»

2179 3852 71 24 John
2262 3852 96 28 Nixon,
2370 3849 61 27 J.P.,

2177 3885 111 23 Samuel
2299 3883 78 28 Kino,
2389 3881 52 25 J.P»

1905 3920 80 27 Petre,
1999 3920 117 27 February
2130 3920 39 22 25,

1319 3662 30 25 In
1360 3661 115 25 reference
1494 3664 23 20 to
1537 3668 14 15 a
1571 3660 67 23 letter
1657 3660 60 24 from
1735 3661 141 32 Wanganui,

1286 3695 72 25 which
1378 3702 95 25 appears
1501 3694 24 22 in
1545 3693 95 23 another
1656 3699 54 25 part
1727 3694 25 23 of
1777 3695 100 31 to-day's

1284 3736 78 26 paper,
1374 3735 34 16 we
1423 3727 73 24 would
1515 3730 60 19 state
1592 3725 51 24 that
1662 3734 34 16 we
1708 3727 54 31 duly
1773 3728 104 23 received

1286 3763 37 23 the
1342 3760 204 25 communications
1566 3763 23 19 to
1608 3758 74 24 which
1702 3760 19 23 it
1737 3760 81 29 refers,
1836 3761 41 23 but

1284 3800 61 20 want
1356 3795 25 24 of
1396 3801 67 25 space
1475 3791 124 33 compelled
1612 3799 29 16 us
1651 3796 23 19 to
1693 3793 66 31 delay
1770 3793 59 24 their
1840 3794 37 23 in-

1285 3829 84 24 sertion
1382 3835 62 17 some
1456 3825 85 30 weeks,
1554 3825 66 24 when
1640 3832 32 17 we
1684 3825 70 25 heard
1766 3827 50 23 that
1827 3826 48 24 Mr.

1285 3863 102 24 Dawson
1408 3868 44 16 was
1470 3860 71 23 about
1560 3863 23 19 to
1604 3858 63 24 leave
1688 3859 58 24 New
1766 3859 110 29 Zealand,

1285 3895 74 24 which
1370 3894 38 24 led
1419 3902 27 16 us
1459 3897 22 19 to
1503 3892 71 24 doubt
1586 3891 101 24 whether
1698 3892 73 23 under
1783 3892 38 23 the
1833 3892 44 23 cir-

1286 3932 143 20 cumstances
1443 3933 42 16 our
1504 3925 93 23 readers
1618 3923 75 30 might
1714 3930 38 18 not
1773 3925 104 23 consider

643 131 72 23 under
732 129 38 24 the
788 128 138 32 application
947 127 26 24 of
988 127 59 23 what
1065 127 21 21 is
1108 124 128 31 frequently

644 162 86 25 termed
742 162 37 23 the
814 162 114 23 sufficient
935 160 63 32 price
1169 157 66 31 They

643 197 60 26 deny
714 195 38 24 the
762 195 112 31 principle
893 193 134 31 altogether.
1063 191 40 24 On
1122 190 38 24 the
1170 190 65 24 other

644 228 68 29 hand,
724 227 38 24 the
774 226 113 25 Southern
900 226 69 23 Cross
981 225 82 24 admits
1077 224 49 23 that
1138 224 64 23 there
1213 224 21 23 is

644 261 59 31 good
714 261 26 23 in
750 260 38 24 the
806 259 117 32 principle,
936 259 42 23 but
996 258 78 23 denies
1090 258 31 22 it
1121 258 15 22 3
1133 256 102 31 applica-

646 294 66 31 bility
724 298 23 19 to
761 292 55 25 New
827 292 111 24 Zealand.
975 290 60 24 Both
1054 290 37 23 the
1103 289 134 24 Australian

646 327 44 23 and
701 325 122 25 Auckland
834 333 65 24 press
917 324 108 24 advocate
1043 323 136 30 dispersion,
1191 322 46 24 and

646 360 109 23 maintain
790 359 49 23 that
876 357 170 24 concentration
1074 356 20 22 is
1122 363 30 15 an
1183 355 52 23 evil.

646 392 127 24 Doubtless
783 391 54 23 both
858 390 169 24 concentration
1046 388 44 24 and
1108 388 128 31 dispersion

647 432 38 17 are
696 425 58 31 good
767 432 24 15 or
802 423 45 24 bad
858 425 132 28 contingent
1010 429 62 24 upon
1084 421 38 23 the
1134 420 65 24 mode
1211 421 25 23 in

646 458 74 23 which
731 458 53 30 they
795 457 68 23 exist.
900 456 43 23 We
955 455 80 24 should
1048 454 47 23 like
1107 458 22 19 to
1139 461 37 16 see
1185 453 52 32 just

647 499 25 16 so
684 490 68 24 much
764 489 165 24 concentracion
943 496 25 16 as
981 488 44 24 will
1036 486 71 24 afford
1118 487 38 23 the
1168 494 66 23 grea-

648 527 45 21 test
703 526 93 21 amount
807 522 25 23 of
846 522 59 31 good
926 521 45 24 and
982 528 29 17 no
1025 527 69 21 more,
1107 520 45 23 and
1172 519 65 24 there

648 564 43 16 can
702 557 29 23 be
743 563 30 16 no
783 555 47 24 fear
842 556 26 23 of
883 555 49 23 that
943 558 93 20 amount
1047 553 68 30 being
1126 553 113 23 exceeded

648 590 24 24 in
685 597 14 16 a
710 593 94 26 country
816 588 75 23 where
911 588 65 23 there
995 588 20 22 is
1027 594 29 15 an
1072 586 132 23 abundance
1216 586 25 23 of

649 621 139 32 unoccupied
801 621 73 24 fertile
892 621 62 28 land,
966 620 78 24 unless
1055 620 19 22 it
1086 626 82 16 ensues
1180 619 59 23 from

650 663 64 16 some
726 654 73 24 defect
809 654 25 23 in
851 654 137 30 legislation,
1001 660 26 15 or
1042 653 24 22 in
1078 651 39 24 the
1129 651 110 24 adminis-

651 689 83 21 tration
746 687 25 23 of
786 687 37 23 the
839 686 63 24 laws.

684 720 67 25 Even
774 720 127 30 dispersion
921 719 69 24 needs
1013 717 90 33 people,
1131 718 45 23 and
1207 725 34 16 we

651 753 83 25 should
756 752 50 24 like'
826 757 23 19 to
873 752 68 24 know
963 752 52 24 how
1035 751 54 30 they
1110 759 38 15 are
1170 755 23 19 to
1211 750 30 23 be

651 786 99 31 brought
768 786 53 23 here
839 785 78 24 unless
936 793 14 16 a
972 785 56 24 fund
1045 784 29 23 be
1085 783 109 31 provided
1204 783 38 24 for

652 820 37 23 the
702 827 105 24 purpose.
849 819 50 23 Nor
910 826 44 16 can
965 825 33 16 we
1010 818 98 29 imagine
1121 825 44 22 any
1177 824 64 16 more

653 851 112 33 equitable
776 851 66 24 mode
854 852 27 23 of
894 851 96 30 making
999 851 19 23 it
1029 849 69 32 apply
1110 849 90 32 equally
1217 854 24 19 to

652 885 30 24 all
694 885 134 31 purchasers
850 884 25 24 of
892 884 62 28 land,
973 884 55 23 than
1048 882 30 32 by
1090 884 97 30 making
1198 883 18 23 it
1229 891 13 15 a

653 919 90 31 portion
754 918 26 23 of
794 917 38 23 the
849 917 112 31 purchase
981 924 82 23 money
1078 915 53 32 paid
1148 916 36 23 for
1204 915 38 24 the

653 951 62 24 land.
762 950 54 24 Few
825 950 26 23 of
867 950 65 23 those
944 949 50 24 who
1007 956 83 24 oppose
1103 948 38 25 the
1154 948 88 25 Wake-

653 984 54 24 field
719 988 85 26 system
816 983 54 24 take
879 983 37 23 the
927 982 87 24 trouble
1023 981 24 24 of
1056 981 101 32 keeping
1165 982 78 24 before

654 1017 60 24 their
726 1016 81 29 minds,
820 1016 49 24 that
879 1025 14 14 a
902 1023 56 23 very
969 1016 63 30 large
1051 1016 91 29 portion
1163 1015 25 23 of
1204 1015 38 23 the

654 1058 84 23 money
748 1049 123 32 nominally
883 1049 52 32 paid
954 1049 34 23 for
1007 1048 52 24 land
1079 1048 21 23 is
1118 1048 24 23 in
1162 1048 80 30 reality

654 1092 15 15 a
687 1082 152 25 contribution
860 1088 23 18 to
903 1090 30 15 an
952 1082 154 30 immigration
1121 1081 64 29 fund,
1199 1081 44 24 and

655 1117 29 28 is,
705 1123 54 23 very
778 1115 75 30 fairly,
874 1115 88 31 strictly
981 1114 160 31 proportioned
1159 1119 23 18 to
1205 1115 38 23 the

655 1153 93 20 amount
778 1148 26 23 of
828 1148 54 24 land
903 1147 134 32 purchased.
1093 1147 65 24 Thus
1178 1147 65 24 when

656 1182 81 31 people
748 1189 38 16 are
798 1181 49 23 said
859 1187 22 18 to
893 1189 45 24 pay
950 1189 12 15 a
981 1180 77 31 pound
1077 1188 39 23 per
1136 1188 51 16 acre
1209 1181 35 23 for

656 1216 56 23 land
734 1220 24 18 at
775 1214 130 29 Auckland,
926 1214 38 23 the
983 1213 63 24 truth
1066 1214 20 23 is
1106 1218 38 18 not
1161 1214 81 23 stated.

658 1248 66 30 They
746 1248 24 23 in
787 1248 45 22 fact
850 1256 45 23 pay
914 1251 38 19 ten
973 1246 105 31 shillings
1091 1254 40 23 per
1143 1255 51 15 acre
1207 1247 36 23 for

656 1281 63 29 land,
731 1281 44 23 and
787 1285 36 19 ten
835 1281 107 30 shillings
952 1279 97 24 towards
1068 1280 38 23 the
1126 1280 119 30 immigra-

657 1315 48 23 tion
715 1314 55 24 fund
780 1314 35 23 for
826 1321 68 24 every
905 1321 52 16 acre
969 1314 54 29 they
1034 1313 120 30 purchase.
1191 1313 51 24 The

658 1347 134 32 purchasers
804 1347 24 23 of
842 1347 55 23 land
918 1347 23 23 in
959 1347 45 23 this
1023 1345 89 24 district
1131 1346 52 32 paid
1201 1347 44 22 five

659 1380 106 31 shillings
776 1389 28 15 an
817 1388 51 16 acre
879 1381 35 23 for
924 1380 62 28 land,
999 1379 44 23 and
1054 1379 77 23 fifteen
1140 1379 105 32 shillings

660 1413 97 24 towards
769 1414 37 23 the
817 1413 152 31 immigration
988 1413 63 28 fund,
1070 1412 35 23 for
1116 1420 67 23 every
1195 1420 51 15 acre

660 1447 54 30 they
724 1446 125 32 purchased
861 1447 59 23 from
933 1446 38 23 the
982 1446 57 23 New
1055 1446 102 23 Zealand
1176 1446 70 23 Com-

660 1488 68 22 pany.
771 1479 52 24 And
838 1487 33 16 we
882 1479 56 24 wish
951 1479 38 24 the
1001 1478 245 31 acknowledgements,

661 1513 33 23 for
705 1520 80 24 money
797 1513 53 31 paid
861 1517 23 19 at
896 1513 37 23 the
946 1513 54 22 time
1012 1512 34 23 for
1063 1512 54 23 land
1129 1512 115 29 declared,

661 1545 35 24 for
709 1545 58 24 what
777 1550 106 19 accounts
896 1545 44 24 and
951 1546 24 22 in
985 1545 59 23 what
1055 1546 132 30 proportion
1208 1545 39 24 the

660 1586 52 17 sum
724 1586 45 17 was
780 1578 111 29 received,
903 1587 25 15 as
940 1586 34 15 we
985 1586 39 15 are
1042 1585 61 21 sure,
1124 1578 19 23 if
1160 1579 86 30 parties

661 1611 45 25 had
717 1612 59 24 their
786 1612 96 32 receipts
895 1620 25 15 so
932 1611 117 32 prepared,
1066 1611 55 31 they
1133 1611 73 24 would
1220 1611 27 24 be

661 1652 63 17 more
742 1645 100 24 satisfied
861 1644 54 25 with
936 1644 38 24 the
985 1644 61 32 price
1058 1644 52 32 they
1122 1644 53 32 paid
1187 1644 36 25 for
1235 1653 12 15 a

663 1679 96 22 section.

696 1711 25 24 It
741 1711 41 24 has
802 1710 61 25 often
883 1712 57 24 been
960 1711 61 31 truly
1032 1710 73 25 stated
1126 1711 49 24 that
1192 1711 19 24 it
1229 1712 19 23 is

662 1745 67 23 much
750 1752 63 16 more
831 1752 54 23 easy
904 1749 24 19 to
947 1745 68 31 adopt
1036 1745 55 23 than
1109 1749 23 19 to
1151 1745 69 31 apply
1237 1753 12 16 a

662 1778 118 31 principle.
816 1777 26 24 If
851 1778 39 23 the
901 1777 93 32 Sydney
1003 1785 65 24 press
1077 1778 118 23 examined
1209 1778 40 23 the

663 1810 88 32 subject
772 1811 91 32 closely,
881 1811 53 31 they
952 1811 74 23 would
1046 1810 75 24 detect
1139 1811 49 23 that
1212 1811 37 24 the

662 1844 58 23 fault
731 1844 52 31 they
795 1844 57 24 have
862 1844 59 31 good
933 1851 81 16 reason
1027 1847 22 20 to
1057 1843 48 24 find
1117 1844 20 23 is
1148 1850 40 17 not
1196 1844 53 24 with

663 1877 38 23 the
712 1877 127 23 Wakefield
861 1877 118 32 principle,
992 1877 42 23 but
1049 1877 30 23 its
1093 1877 156 32 mis-applica-

663 1910 56 24 tion.
755 1910 42 23 We
809 1917 38 16 are
860 1910 43 24 told
918 1910 49 23 that
980 1915 42 18 two
1043 1909 86 33 objects
1144 1918 38 16 are
1195 1918 54 16 con-

663 1943 121 30 templated
795 1943 23 22 in
831 1943 39 23 the
886 1943 135 30 application
1034 1943 24 22 of
1070 1943 49 21 that
1129 1943 119 30 principle.

664 1975 51 24 The
726 1976 33 23 fir.
756 1984 8 7 c
768 1979 15 24 t,
797 1976 105 29 securing
922 1975 80 23 labour
1023 1975 22 22 in
1064 1983 14 14 a
1091 1976 85 22 certain
1196 1984 53 23 pro-

663 2009 90 29 portion
765 2012 21 19 to
799 2008 38 23 the
848 2008 53 23 land
921 2007 105 32 disposed
1045 2008 37 28 of;
1103 2008 37 23 the
1157 2009 91 28 second,

662 2041 135 31 preventing
816 2041 116 24 labourers
951 2041 121 31 procuring
1091 2041 53 23 land
1164 2049 85 24 unpos-

664 2074 79 23 sessed
756 2074 24 23 of
790 2074 73 23 value.

700 2107 23 24 It
735 2108 19 23 is
766 2116 28 14 an
814 2107 136 24 established
971 2107 53 28 fact,
1037 2107 49 23 that
1105 2107 37 24 the
1161 2109 88 23 natural

664 2140 99 32 pastoral
780 2140 65 24 lands
864 2141 25 23 of
905 2140 118 24 Australia
1041 2140 66 24 could
1119 2145 46 25 not,
1178 2142 71 23 under

665 2182 43 22 any
731 2174 181 29 circumstances,
932 2173 46 24 find
996 2173 152 32 employment
1159 2175 35 22 for
1211 2175 38 23 the

665 2215 62 16 same
745 2211 92 20 amount
856 2207 25 24 of
899 2207 79 24 labour
997 2215 24 15 as
1044 2206 38 24 the
1105 2208 144 30 agricultural

665 2240 66 24 lauds
751 2240 25 23 of
796 2239 57 25 New
874 2240 107 24 Zealand.
1020 2239 170 26 Half-a-crown
1209 2249 40 23 per

665 2281 52 16 acre
727 2272 74 25 would
811 2273 61 31 yield
884 2282 14 15 a
908 2274 75 31 larger
995 2273 82 31 supply
1086 2273 28 24 .of
1124 2274 78 23 labour
1216 2275 33 23 for

666 2307 38 23 the
715 2306 97 32 pastoral
830 2314 110 24 purposes
962 2307 25 23 of
1002 2307 120 23 Australia
1141 2307 53 23 than
1208 2316 41 15 one

666 2340 76 31 pound
762 2347 39 24 per
821 2347 52 16 acre
894 2340 72 23 would
985 2340 36 23 for
1043 2340 38 23 the
1105 2340 144 31 agricultural

665 2380 111 25 purposes
796 2372 25 24 of
841 2373 58 24 New
922 2372 101 24 Zealand
1031 2381 6 20 ;
1065 2377 39 27 yet
1127 2373 37 24 the
1188 2381 61 16 same

665 2408 62 30 price
740 2406 34 23 for
784 2405 53 24 both
851 2406 150 31 descriptions
1013 2406 24 23 of
1046 2406 53 23 land
1111 2406 19 24 is
1143 2406 106 32 charged,

667 2439 43 24 and
723 2440 34 23 for
769 2439 37 23 the
818 2446 62 16 same
891 2447 106 22 purpose.

700 2472 51 24 The
774 2473 91 30 general
885 2473 91 31 opinion
999 2473 28 28 is,
1049 2472 49 24 that
1121 2473 67 24 about
1207 2474 44 23 five

667 2513 71 22 acres,
750 2513 29 17 on
797 2512 28 16 an
845 2513 103 24 average,
960 2514 39 15 are
1016 2506 104 31 required
1138 2511 22 19 to
1176 2506 51 24 feed
1239 2515 13 15 a

667 2538 70 32 sheep
754 2540 22 22 in
788 2538 126 25 Australia.
950 2539 51 24 The
1017 2540 62 30 price
1090 2539 25 24 of
1123 2539 53 24 land
1189 2539 62 24 there

666 2572 86 31 having
763 2572 55 23 been
830 2572 61 24 fixed
901 2576 25 19 at
938 2580 41 16 one
999 2572 76 31 pound
1091 2580 40 23 per
1142 2580 59 21 acre,
1214 2573 38 23 the

667 2610 66 26 party
744 2605 49 24 who
805 2605 86 23 desires
909 2610 23 17 to
952 2605 28 23 be
994 2605 37 23 the
1041 2606 127 30 proprietor
1180 2606 25 23 of
1215 2606 37 23 the

667 2638 54 24 land
740 2638 41 24 has
799 2642 22 18 to
842 2645 45 24 pay
897 2638 44 24 five
961 2638 88 31 pounds
1068 2638 35 24 for
1120 2638 54 24 land
1192 2646 60 23 upon

668 2671 73 24 which
760 2676 22 19 to
802 2671 119 30 depasture
942 2678 29 16 an
994 2671 82 23 animal
1095 2672 71 23 worth
1185 2672 67 24 about

667 2704 120 24 one-tenth
796 2704 24 23 of
830 2704 39 23 the
881 2709 100 19 amount.
1018 2704 67 24 Even
1096 2705 20 23 if
1124 2705 56 23 each
1200 2713 51 17 acre

668 2737 73 24 would
753 2737 49 23 feed
818 2744 15 15 a
844 2737 77 31 sheep,
933 2737 72 24 worth
1023 2741 38 20 ten
1079 2737 114 32 shillings,
1206 2739 46 23 still

668 2770 39 24 the
719 2771 60 30 price
787 2770 24 23 of
820 2777 43 17 one
872 2770 75 31 pound
956 2778 39 23 per
1005 2778 50 16 acre
1065 2770 73 24 would
1150 2772 27 22 be
1187 2779 65 17 mon-

668 2808 88 17 strous.

703 2836 42 23 We
758 2836 84 24 believe
863 2836 63 24 three
944 2844 93 23 persons
1049 2845 39 15 are
1103 2838 115 23 sufficient
1230 2843 23 19 to

668 2869 54 24 tend
735 2877 41 16 one
797 2869 111 24 thousand
919 2869 69 31 sheep
1000 2871 23 22 in
1041 2870 125 29 Australia,
1180 2871 44 24 and
1237 2873 18 22 if

669 2904 44 22 five
724 2902 111 23 thousand
846 2909 63 16 acres
922 2903 27 22 be
959 2903 104 31 required
1072 2911 60 23 upon
1145 2904 73 23 which
1232 2909 22 19 to

670 2942 68 24 graze
750 2935 68 28 them,
831 2935 38 23 the
888 2935 109 31 purchase
1009 2937 61 30 price
1080 2937 73 23 would
1164 2945 51 15 now
1227 2938 28 23 be

669 2969 96 24 £5000.
801 2970 33 22 At
854 2973 83 26 twenty
950 2970 87 30 pounds
1054 2969 36 24 for
1102 2969 37 24 the
1156 2978 97 23 passage

670 3001 26 24 of
714 3009 28 16 an
765 3002 136 31 immigrant,
922 3002 37 23 the
978 3010 51 15 sum
1046 3002 74 24 would
1138 3003 117 24 introduce

671 3040 43 19 two
725 3034 100 24 hundred
838 3034 44 24 and
898 3035 49 31 fifty
959 3043 102 23 persons,
1074 3035 66 24 while
1152 3037 103 31 employ-

670 3073 64 19 ment
744 3069 20 22 is
782 3068 107 31 provided
908 3067 36 25 for
963 3068 69 29 three,
1046 3076 25 16 or
1092 3076 39 24 say
1143 3077 55 16 even
1219 3071 36 23 six

670 3109 103 24 persons.
808 3100 52 25 The
879 3106 94 19 amount
991 3101 84 24 needed
1096 3106 23 19 to
1137 3110 64 23 carry
1216 3109 39 18 out

672 3133 63 25 three
746 3141 50 17 men
808 3135 44 23 and
874 3135 57 23 their
943 3135 68 23 wives
1023 3134 73 24 would
1112 3135 35 29 be,
1159 3140 23 18 at
1200 3137 55 23 £20

671 3167 64 29 each,
753 3168 69 23 £120
835 3175 6 21 ;
861 3168 42 23 and
923 3175 43 16 one
985 3167 94 31 shilling
1096 3175 41 24 per
1153 3177 58 21 acre,
1231 3178 24 15 or

671 3200 44 24 five
727 3200 110 24 thousand
854 3200 114 32 shillings,
980 3201 73 23 would
1067 3201 60 32 yield
1139 3203 64 23 twice
1216 3203 39 24 the

671 3238 95 19 amount
776 3233 113 30 required.

703 3265 45 25 We
759 3266 85 23 believe
854 3266 21 24 if
890 3267 38 23 the
938 3266 129 25 Wakefield
1075 3267 110 32 principle
1198 3276 58 17 were

671 3299 109 31 carefully
792 3299 96 31 adapted
905 3304 24 19 to
947 3299 38 25 the
1006 3306 71 18 wants
1089 3300 25 25 of
1127 3301 128 30 Australia,

670 3334 19 22 it
708 3332 72 24 would
799 3333 26 23 be
846 3333 71 23 found
935 3333 125 29 beneficial,
1073 3334 44 24 and
1136 3335 73 23 would
1229 3335 27 24 be

670 3365 115 31 generally
805 3365 121 31 approved.
969 3365 108 33 Possibly
1097 3368 18 22 it
1136 3367 73 24 would
1229 3368 28 24 be

670 3398 71 24 found
751 3406 119 23 necessary
884 3404 21 18 to
917 3398 67 24 make
1003 3407 14 15 a
1028 3400 84 23 careful
1124 3401 132 24 distinction

671 3433 100 22 between
782 3432 147 30 agricultural
941 3432 44 23 and
996 3433 100 30 pastoral
1106 3433 66 24 lands
1185 3434 71 24 there.

671 3464 63 25 Both
743 3466 66 28 exist,
819 3465 45 23 and
875 3465 86 30 though
973 3466 146 29 agricultural
1127 3467 66 23 lands
1206 3475 52 24 may

670 3498 29 23 be
711 3497 117 25 converted
841 3502 23 19 to
875 3497 100 33 pastoral
984 3506 118 24 purposes,
1115 3507 33 16 we
1159 3499 71 25 doubt
1241 3501 19 24 if

670 3530 39 24 the
719 3530 67 24 latter
804 3537 42 17 can
858 3538 52 16 ever
929 3531 29 23 be
978 3531 57 23 used
1051 3531 38 24 for
1110 3533 148 31 agricultural

670 3563 97 31 objects.
884 3568 6 9 '

705 3596 30 25 In
746 3604 41 17 our
797 3597 100 31 opinion,
907 3597 64 24 there
981 3598 74 24 would
1065 3598 29 24 be
1107 3607 61 16 more
1180 3600 76 31 injus-

670 3629 45 25 tice
726 3630 24 23 in
761 3629 90 32 placing
870 3629 54 24 land
944 3635 24 18 at
985 3635 36 19 too
1033 3631 64 31 high,
1110 3633 54 23 than
1177 3633 45 24 evil
1234 3635 23 22 in

670 3662 92 32 placing
778 3663 19 22 it
814 3667 23 19 at
855 3668 38 18 too
910 3662 44 25 low
973 3670 14 17 a
1004 3664 68 30 price,
1092 3666 107 29 provided
1220 3666 38 24 the

670 3695 65 28 fund,
747 3702 26 16 or
783 3695 76 30 nearly
873 3695 28 24 all
915 3695 24 24 of
954 3697 25 28 it,
994 3704 43 16 was
1049 3704 23 16 to
1089 3698 28 23 be
1128 3698 95 24 devoted
1236 3704 22 19 to

670 3727 40 25 the
729 3735 109 25 purposes
856 3729 26 23 of
896 3729 161 31 immigration.
1095 3730 24 24 If
1135 3739 28 16 an
1182 3733 76 23 immi-

671 3762 89 30 gration
778 3761 56 24 fund
853 3762 28 22 be
899 3762 93 23 secured
1014 3763 24 23 of
1051 3771 15 15 a
1085 3764 132 31 magnitude
1236 3770 23 20 to

671 3793 84 33 supply
762 3795 79 24 labour
851 3796 24 23 in
888 3802 87 21 excess,
986 3795 38 23 the
1034 3796 104 32 working
1147 3805 51 16 man
1207 3806 51 24 may

670 3828 49 24 find
731 3828 35 24 his
777 3828 177 24 circumstances
963 3828 67 29 little,
1043 3829 45 24 and
1108 3830 98 32 perhaps
1220 3836 38 20 not

671 3867 24 18 at
707 3860 37 30 all,
757 3861 116 31 improved
884 3861 30 31 by
931 3862 162 30 immigration.
1129 3863 23 23 It
1173 3864 45 25 will
1231 3865 27 24 be

672 3902 55 16 seen
739 3902 28 16 on
780 3895 36 23 the
828 3895 66 23 other
902 3894 69 29 hand,
981 3894 48 24 that
1041 3895 63 24 there
1115 3895 21 25 is
1148 3905 13 15 a
1173 3899 85 23 certain

671 3928 61 23 limit
752 3932 22 19 to
787 3927 37 24 the
837 3928 61 30 price
910 3932 23 19 to
946 3927 73 24 which
1028 3934 74 24 wages
1114 3936 53 24 may
1178 3932 84 28 attain,!

163 3666 132 28 Saturday,'
309 3671 90 23 March
414 3662 33 35 I*6,
467 3666 63 28 1844.*

200 3721 106 22 PRICE
323 3722 46 21 OF
386 3723 101 20 LAND.

86 3757 48 26 We.
142 3757 57 23 have
217 3757 101 29 recently
329 3763 55 16 seen
404 3757 86 23 several
512 3757 90 24 articles
614 3765 26 16 on

55 3789 45 26 this
112 3789 88 32 subject
211 3789 24 23 in
256 3789 39 23 the
315 3788 94 32 Sydney
420 3797 97 24 papers;
536 3790 46 24 and
600 3795 40 19 two

55 3830 52 24 very
121 3822 112 24 elaborate
246 3821 90 25 articles
348 3822 58 24 have
417 3822 69 32 lately
498 3824 111 31 appeared
620 3825 20 22 in

55 3855 37 27 the
104 3853 112 25 Southern
230 3854 77 29 Cross,
319 3863 15 15 a
354 3863 69 24 paper
434 3856 78 24 issued
523 3862 24 18 at
562 3857 78 24 Auck-

55 3888 62 26 land.

88 3921 51 25 The
151 3920 134 26 Australian
296 3929 65 21 press
373 3921 56 26 have
441 3922 55 28 long
505 3922 40 24 felt
559 3930 81 20 uneasy

531 43 99 46 ffftf
654 42 120 42 Wtto
1035 38 200 46 ggftttr
1252 36 89 39 aub
1368 34 302 45 mcUmgtou
1697 30 255 49 gfepwtaiot.

1886 125 31 16 we
1933 116 172 32 unnecessarily
2116 116 109 31 occupied
2246 124 42 15 our
2306 116 101 24 columns
2418 119 48 25 with

1886 151 45 23 this
1944 149 153 32 disagreeable
2109 149 73 29 affair..
2206 148 59 24 This
2277 149 73 29 letter,
2361 150 24 22 of
2395 157 71 19 course

1886 184 132 23 terminates
2030 183 39 23 the
2081 181 202 31 correspondence.

104 1337 169 21 SHIPPING
293 1337 272 21 INTELLIGENCE.

265 1394 142 21 ARRIVED.

302 1428 70 20 None.

286 1478 116 20 SAILED.

69 1513 77 21 March
159 1513 34 23 14,
204 1512 104 20 schooner
326 1512 54 20 New
398 1510 122 24 Zealander,
531 1510 27 20 27
574 1512 57 21 tons,

43 1540 79 25 Guard,
132 1540 34 21 for
177 1539 82 25 Cloudy
272 1538 50 26 Bay.

269 1589 34 20 IN
319 1589 87 22 PORT.

69 1618 112 21 Schooner
207 1617 65 25 Erin,
298 1617 26 20 25
351 1620 59 17 tons.
438 1615 124 27 Repairing.

70 1646 110 20 Schooner
187 1644 78 21 Nelson
274 1644 85 26 Packet,
367 1644 27 21 20
402 1646 55 21 tons,
467 1643 60 20 Cole.
555 1643 78 26 Agent,

43 1673 100 26 Captain.

72 1700 109 21 Schooner
192 1699 112 21 Susannah
314 1699 57 25 Ann,
383 1699 34 24 79,
432 1698 83 21 Brown.
545 1697 87 27 Agents,

43 1727 87 22 Samuel
138 1728 43 19 and
190 1726 90 26 Joseph.

72 1755 109 20 Schooner
190 1754 83 26 Emma,
286 1754 25 21 14
322 1756 57 22 tons,
390 1752 137 22 Greenwood.
556 1752 80 26 Agent,*

45 1782 86 21 Master

72 1809 109 21 Schooner
190 1809 158 23 Ptrseverance,
358 1809 25 20 15
395 1810 54 22 tons,
458 1806 92 22 Tuawai.
580 1807 54 27 Cap-

44 1837 52 25 tain,
108 1837 78 25 Agent.

72 1864 124 26 Brigantine
218 1863 110 25 Governor,
357 1863 40 20 147
417 1865 56 21 tons,
493 1861 141 21 Williamson.

43 1891 102 21 Boulcott
153 1891 42 20 and
206 1890 48 24 Co.,
265 1890 76 26 Agent.

71 1918 124 26 Brigantine
215 1918 86 24 Sisters,
321 1918 39 20 130
378 1920 57 20 tons,
456 1916 84 23 Clarke.
569 1916 67 21 Waitt

43 1946 43 20 and
96 1945 75 26 Tyser,
181 1946 89 24 Agents.

72 1972 110 21 Schooner
199 1971 148 26 Shepherdess,
364 1971 36 25 32,
411 1970 116 20 Anderson.
559 1970 76 26 Agent,

43 1999 109 21 Schultze.

72 2027 110 20 Schooner
197 2027 63 23 Kate,
280 2026 26 20 62
321 2027 57 23 tons,
393 2025 137 21 Macfarlane.
559 2024 76 26 Eagar,

44 2055 78 26 Agent.

73 2081 108 21 Schooner
190 2081 62 25 Lady
265 2081 74 26 Leigh,
351 2081 39 21 109
409 2083 54 23 tons,
477 2078 61 21 Reid.
567 2078 69 20 Waitt

45 2109 41 21 and
96 2109 74 22 Tyser,
181 2109 89 22 Agents.

221 2168 122 19 CUSTOM
361 2168 107 19 HOUSE.

1264 121 47 26 and
1319 123 49 23 that
1380 124 20 22 is
1412 122 37 24 the
1460 122 61 31 price
1531 122 72 23 above
1610 119 74 25 which
1693 120 37 23 the
1740 119 118 31 employer

1263 153 59 27 finds
1333 156 19 23 it
1363 155 150 32 unprofitable
1532 159 24 19 to
1567 153 98 32 employ.
1703 152 44 24 We
1759 152 68 24 think
1839 153 19 23 it

1264 188 104 24 couldbe
1390 188 145 28 established,
1549 195 30 16 on
1590 186 105 32 enquiry,
1708 185 49 24 that
1770 185 88 31 though

1264 225 72 27 wages
1349 221 57 24 have
1420 222 56 23 been
1488 225 22 19 at
1521 220 47 24 this
1575 220 66 31 point
1651 219 24 23 in
1688 219 99 23 colonies
1799 218 54 23 hav-

1263 255 40 31 ing
1315 254 154 31 immigration
1480 253 77 28 funds,
1571 253 38 23 the
1620 252 67 32 point
1696 251 42 24 has
1748 255 41 19 not
1799 251 59 23 been

1263 287 82 32 passed
1356 287 24 23 in
1391 287 99 24 colonies
1509 286 96 31 lacking
1623 285 51 23 that
1692 284 118 31 provision
1820 284 37 23 for

1265 320 38 24 the
1322 320 82 30 supply
1423 320 24 23 of
1461 320 89 23 labour.
1594 318 43 23 We
1656 322 93 27 suspect
1771 316 50 23 that
1845 325 13 14 a

1265 353 84 24 careful
1361 353 141 31 comparison
1514 352 102 24 between
1628 350 37 24 the
1673 355 62 19 rates
1747 350 24 23 of
1783 357 75 23 wages

1265 390 23 19 at
1310 385 68 24 Swan
1399 386 78 28 River,
1501 386 25 22 in
1545 385 103 30 by-gone
1667 383 75 28 times,
1767 382 45 24 and
1835 387 23 19 at

1266 418 73 24 South
1351 418 118 24 Australia
1479 418 46 24 and
1545 418 25 22 in
1583 416 55 24 New
1660 415 110 29 Zealand,
1783 415 75 23 would

1265 451 57 30 fully
1333 451 108 24 establish
1454 451 45 24 this
1511 450 107 24 surmise.

1300 491 29 29 If,
1342 500 25 15 as
1380 500 32 16 we
1424 495 100 27 suspect,
1536 498 30 16 on
1578 490 95 30 enquiry
1694 490 19 22 it
1731 488 76 24 would
1827 488 30 24 be

1265 524 92 33 proved,
1381 524 49 24 that
1452 531 76 24 wages
1550 527 82 19 cannot
1655 524 89 22 remain
1761 522 35 23 for
1813 529 45 23 any

1267 557 78 31 length
1363 558 26 23 of
1414 559 53 22 time
1488 558 70 23 above
1579 556 37 24 the
1634 560 50 19 rate
1705 560 23 19 at
1747 554 75 24 which
1841 555 18 22 it

1269 590 74 24 would
1367 590 29 24 be
1420 591 167 30 advantageous
1610 593 22 19 to
1656 588 91 32 employ
1769 587 89 29 labour,

1267 623 55 24 then
1347 623 40 24 the
1409 625 62 29 price
1489 628 23 19 to
1534 623 28 23 be
1580 621 53 32 paid
1651 621 36 24 for
1705 621 38 24 the
1760 620 99 31 especial

1268 664 99 24 purpose
1380 656 24 24 of
1422 656 122 32 supplying
1563 656 81 23 labour
1660 654 34 24 for
1711 653 149 32 agricultural

1268 697 38 23 pui
1311 697 66 23 poses
1401 691 20 22 is
1441 694 40 20 not
1501 696 26 16 so
1549 689 132 30 important,
1703 696 25 15 as
1749 687 41 23 has
1801 686 58 24 been

1267 722 146 25 maintained.
1460 722 66 24 Thus
1545 722 21 23 if
1581 722 82 30 buyers
1685 719 106 25 obtained
1809 719 51 24 four

1268 755 101 24 hundred
1381 763 63 17 acres
1456 755 25 24 of
1496 753 151 32 agricultural
1662 752 75 30 lands,
1760 754 35 22 for
1816 760 43 16 one

1269 788 101 24 hundred
1381 788 96 32 pounds,
1488 788 90 23 instead
1587 787 24 24 of
1622 794 42 16 one
1674 786 104 24 hundred
1787 793 71 21 acres,

1269 821 43 24 and
1324 821 49 23 that
1382 829 51 17 sura
1444 821 75 23 would
1531 821 54 30 only
1597 819 93 33 provide
1702 820 81 23 labour
1805 819 55 22 with

1269 853 73 24 which
1353 858 23 19 to
1389 855 106 23 cultivate
1507 861 44 17 one
1563 852 104 25 hundred
1677 861 77 20 acres,,
1762 851 98 24 cultiva-

1269 892 46 18 tors
1329 887 73 24 would
1413 887 28 24 be
1453 886 127 32 compelled
1592 891 23 19 to
1629 886 90 24 abstain
1730 886 59 23 from
1809 885 51 23 cul-

1270 921 96 30 tivating
1378 928 62 16 more
1452 921 55 23 than
1519 929 14 14 a
1542 919 78 24 fourth
1632 919 25 23 of
1667 919 60 23 their
1738 917 122 33 purchase,

1270 961 25 15 i>r
1307 953 38 23 the
1357 961 153 24 consequence
1523 952 76 24 would
1610 952 29 24 be
1651 951 50 24 that
1714 951 148 31 competition

1270 987 34 23 for
1315 987 80 22 labour
1406 987 75 23 would
1492 987 62 23 force
1566 993 75 24 wages
1653 993 32 23 up
1698 989 23 19 to
1740 985 38 23 the
1796 985 66 30 point

1270 1023 23 19 at
1303 1020 72 22 which
1387 1020 130 31 employing
1536 1020 80 22 labour
1634 1018 75 24 would
1731 1019 27 22 be
1775 1025 86 23 unpro-

1270 1053 85 23 fitable.
1392 1053 47 23 But
1450 1053 91 22 besides
1554 1052 125 31 supplying
1691 1051 80 23 labour
1787 1055 23 19 to
1823 1050 39 24 the

1271 1086 177 31 agriculturalist
1471 1086 18 22 it
1511 1086 22 22 is
1557 1092 123 22 necessary
1702 1089 22 18 to
1745 1083 83 32 supply
1849 1091 13 16 a

1272 1124 59 18 town
1343 1119 96 23 demand
1451 1119 23 22 in
1495 1118 57 24 each
1571 1117 137 30 settlement,
1728 1117 73 23 which
1822 1124 40 16 oc-

1272 1153 88 23 casions
1371 1159 11 16 a
1396 1152 88 23 further
1495 1152 63 31 price
1571 1155 23 18 to
1605 1150 29 23 be
1646 1155 41 25 put
1705 1159 28 14 on
1740 1150 66 23 -land
1827 1150 35 23 for

1272 1185 38 24 the
1324 1193 40 15 use
1381 1185 26 23 of
1423 1185 36 23 the
1472 1185 155 31 immigration
1639 1183 65 24 fund.
1728 1183 45 23 We
1785 1183 27 23 do
1823 1187 41 19 not

1272 1218 103 23 consider
1387 1218 49 24 that
1446 1218 79 24 fifteen
1538 1217 107 30 shillings
1656 1224 41 22 per
1710 1224 51 15 acre
1775 1216 87 23 contri-

1272 1251 78 24 bution
1362 1256 23 18 to
1397 1252 35 23 the
1442 1251 155 30 immigration
1606 1249 56 24 fund
1670 1249 36 24 for
1716 1249 148 31 agricultural

1272 1284 64 24 lands
1356 1285 22 22 in
1400 1285 62 23 these
1481 1284 93 24 Islands
1596 1284 19 22 is
1627 1287 36 19 too
1676 1283 69 23 much
1754 1291 6 20 ;
1783 1289 28 16 on
1825 1282 39 24 the

1272 1323 111 25 contrary,
1398 1318 145 23 whensoever
1561 1316 39 24 the
1620 1315 66 24 lands
1706 1323 65 17 cease
1789 1320 23 19 to
1834 1316 29 23 be

1273 1350 125 32 purchased
1413 1350 29 32 by
1465 1350 200 28 non-cultivators,
1684 1349 44 24 and
1748 1357 38 16 are
1809 1349 55 30 only

1275 1384 127 31 purchased
1422 1384 52 23 with
1496 1392 29 15 an
1543 1383 112 23 intention
1668 1383 25 23 of
1709 1382 155 31 immediately

1274 1418 125 30 occupying
1420 1418 68 28 them,
1516 1425 34 15 we
1573 1420 91 27 suspect
1684 1416 49 23 that
1754 1416 19 22 if
1794 1415 69 24 culti-

1275 1455 75 19 vators
1376 1455 94 26 attempt
1491 1455 22 19 to
1536 1450 107 23 cultivate
1663 1456 63 16 more
1745 1448 56 24 than
1821 1456 43 16 one

1275 1483 58 24 third
1346 1484 25 23 of
1387 1483 38 24 the
1436 1484 96 23 number
1553 1483 25 23 of
1592 1490 63 15 acres
1674 1482 55 30 they
1740 1481 123 32 purchase,

1274 1518 17 22 it
1303 1516 44 24 will
1360 1517 27 23 be
1400 1517 69 23 found
1482 1517 51 23 that
1545 1516 38 23 the
1593 1516 61 30 price
1676 1516 26 22 of
1717 1516 80 22 labour
1815 1515 49 23 will

1275 1549 91 32 quickly
1378 1551 71 23 attain
1467 1550 39 23 the
1527 1550 59 23 limit
1606 1553 23 19 at
1652 1548 73 24 which
1745 1549 18 22 it
1782 1556 43 15 can
1836 1549 29 22 be

1274 1583 120 32 profitably
1406 1583 127 32 employed.
1571 1582 75 23 When
1658 1581 50 23 that
1722 1582 75 30 happy
1809 1582 56 22 time

1275 1617 92 27 arrives,
1389 1624 35 15 we
1444 1624 39 15 are
1502 1616 26 23 of
1552 1615 92 32 opinion
1662 1615 19 23 it
1696 1615 47 22 will
1754 1615 29 22 be
1794 1614 71 23 found

1275 1657 120 24 necessary
1408 1654 22 19 to
1442 1657 67 15 cause
1529 1649 84 30 buyers
1635 1653 22 18 to
1674 1648 129 24 contribute
1820 1648 45 23 five

1276 1683 43 23 and
1331 1687 85 27 twenty
1425 1691 24 15 or
1456 1683 73 30 thirty
1539 1681 108 31 shillings
1655 1689 42 23 per
1707 1689 51 16 acre
1767 1681 98 22 towards

1277 1716 37 23 the
1326 1716 57 23 fund
1396 1716 34 23 for
1442 1716 38 23 the
1492 1715 149 31 importation
1662 1714 26 24 of
1702 1714 81 24 labour
1794 1723 7 20 ;
1821 1714 46 23 and

1277 1749 49 24 that
1338 1749 58 23 such
1407 1757 15 15 a
1432 1749 155 23 contribution
1598 1747 47 24 will
1663 1747 66 24 allow
1750 1755 75 23 wages
1843 1752 22 19 to

1277 1782 26 24 be
1315 1782 138 24 maintained
1465 1781 158 30 considerably
1635 1781 70 23 above
1717 1780 39 24 the
1774 1785 93 26 present

1277 1820 68 24 rates,
1357 1815 55 23 with
1423 1823 28 16 an
1463 1815 74 23 active
1548 1813 96 24 demand
1653 1814 36 23 for
1698 1814 88 23 labour.
1822 1813 45 24 We

1277 1853 82 19 cannot
1371 1848 98 31 imagine
1481 1848 49 23 that
1550 1848 63 22 there
1631 1848 20 22 is
1672 1855 45 23 any
1735 1846 89 32 ground
1843 1851 23 18 to

1278 1882 45 23 fear
1336 1881 170 24 concentration
1520 1881 47 23 will
1578 1880 53 23 take
1644 1880 65 30 place
1731 1885 22 18 to
1775 1888 13 15 a
1810 1880 56 23 mis-

1277 1915 106 24 chievous
1408 1919 79 19 extent
1509 1914 24 23 in
1564 1914 64 23 these
1658 1913 92 24 Islands
1772 1914 31 29 by
1828 1913 38 23 the

1274 1948 169 23 >maintainance
1472 1947 26 22 of
1530 1947 39 22 the
1597 1946 131 23 Wakefield
1757 1950 87 25 system
1858 1954 6 19 ;

1277 1980 44 23 and
1347 1980 64 23 those
1431 1979 50 23 who
1502 1978 108 24 advocate
1631 1977 127 32 dispersion
1782 1983 22 18 to
1828 1978 39 23 the

1277 2017 79 19 extent
1374 2013 52 30 they
1444 2011 64 30 seek,
1527 2020 62 16 seem
1611 2016 21 19 to
1651 2011 107 24 overlook
1771 2011 37 23 the
1820 2011 47 23 fact

1279 2046 48 23 that
1349 2046 125 23 barbarism
1498 2050 62 19 must
1582 2046 28 22 be
1639 2044 39 23 the
1702 2051 163 24 consequence.

1279 2079 46 24 For
1337 2087 13 15 a
1368 2079 130 32 population
1520 2086 26 16 so
1568 2077 111 25 scattered
1700 2078 66 24 could
1788 2083 39 18 not
1838 2077 29 23 be

1279 2112 103 32 supplied
1395 2112 53 24 with
1460 2112 100 23 efficient
1581 2112 164 27 Government,
1759 2119 41 15 nor
1812 2111 55 23 with

1277 2145 58 23 local
1347 2145 148 27 institutions,
1505 2153 24 14 or
1543 2152 77 16 means
1630 2145 25 23 of
1665 2145 200 23 communication.

1278 2178 43 24 We
1343 2186 39 15 are
1404 2178 52 32 glad
1479 2184 22 17 to
1526 2178 91 23 witness
1642 2178 37 23 the
1698 2178 92 30 activity
1813 2177 54 23 with

1278 2211 72 24 which
1373 2211 39 25 the
1463 2211 115 23 sufficient
1603 2212 59 30 price
1687 2211 112 31 principle
1847 2211 20 22 is

1277 2245 69 31 being
1369 2244 130 29 canvassed,
1523 2253 24 14 as
1571 2252 32 15 we
1625 2244 42 23 feel
1691 2244 122 23 convinced
1837 2244 31 23 its

1279 2279 111 30 necessity
1410 2278 45 24 will
1477 2278 27 23 be
1527 2278 138 23 maintained
1685 2278 31 31 by
1730 2278 137 27 discussion,

1279 2311 44 24 and
1344 2311 76 24 where
1440 2318 62 17 error
1523 2311 20 23 is
1561 2311 101 23 detected
1683 2312 19 22 it
1715 2311 44 22 will
1780 2314 40 19 not
1842 2312 27 21 be

1280 2345 68 23 found
1369 2350 23 17 to
1412 2345 27 23 be
1457 2344 135 30 chargeable
1604 2348 23 18 to
1639 2344 38 22 the
1696 2344 119 31 principle,
1829 2344 40 22 but

1280 2384 22 17 to
1322 2385 61 16 some
1404 2377 203 31 mis-application.
1644 2377 39 23 On
1702 2377 31 23 all
1752 2377 117 22 occasions

1279 2418 61 23 upon
1359 2410 73 24 which
1453 2410 36 23 the
1509 2410 110 31 principle
1631 2410 20 22 is
1670 2410 140 30 challenged,
1830 2410 39 22 the

1279 2445 49 22 first
1349 2445 93 29 enquiiy
1462 2448 22 18 to
1503 2443 75 22 which
1599 2443 37 22 the
1659 2443 112 24 attention
1792 2443 25 22 of
1839 2443 30 22 its

1279 2476 84 24 friends
1375 2477 81 23 should
1469 2476 27 24 be
1508 2476 108 28 directed,
1627 2475 83 24 should
1722 2476 27 23 be
1761 2481 22 18 to
1794 2475 75 24 detect

1279 2510 99 23 whether
1402 2510 37 23 the
1462 2510 130 30 opposition
1615 2509 28 23 be
1671 2509 72 31 really
1766 2516 25 16 or
1815 2508 54 30 only
1874 2505 2 33 j

1280 2542 123 31 nominally
1418 2543 98 23 directed
1536 2543 90 30 against
1647 2542 38 24 the
1703 2542 119 31 principle,
1844 2549 26 15 or

1280 2577 90 31 against
1390 2584 61 16 some
1475 2584 63 15 error
1560 2576 24 23 in
1606 2576 30 23 its
1658 2576 147 31 application,
1825 2575 45 23 and

1281 2611 63 22 when
1357 2610 37 23 the
1406 2617 63 17 error
1480 2610 20 22 is
1512 2608 104 24 detected
1629 2608 54 31 they
1695 2608 82 24 should
1789 2608 81 23 hasten

1281 2648 21 18 to
1321 2650 68 16 cause
1409 2643 39 23 the
1467 2650 121 22 necessary
1609 2642 121 23 alteration
1742 2643 24 22 in
1778 2641 38 23 the
1829 2649 41 23 ap-

1280 2676 107 31 plication
1409 2681 21 19 to
1451 2676 28 23 be
1497 2675 74 29 made,
1583 2683 27 16 as
1630 2675 39 24 the
1688 2676 50 23 best
1757 2682 79 16 means
1849 2674 24 23 of

1281 2709 132 31 converting
1434 2713 127 27 opponents
1583 2712 32 25 to,
1644 2709 49 23 into
1717 2708 86 24 friends
1826 2707 46 24 and

1281 2746 133 18 supporters
1423 2742 25 22 of
1456 2742 37 22 the
1503 2746 96 18 system.

182 2222 99 27 Spirits
293 2224 54 20 and
360 2223 136 21 Tobacco.

75 2256 66 20 Stack
150 2262 28 14 on
197 2255 57 20 hand
270 2255 35 20 th?
315 2256 33 20 Ist
361 2255 81 21 ultimo.
444 2265 27 6 —
474 2254 91 26 Brandy,
583 2255 54 19 2548

45 2283 96 26 gallons;
168 2282 50 22 B.P.
233 2283 65 23 Hum,
315 2283 56 20 2766
388 2283 95 26 gallons;
511 2282 51 23 Gin,
585 2282 52 20 1115

44 2310 97 26 gallons;
157 2310 88 24 Arrack,
258 2311 38 19 180
306 2310 96 25 gallons;
417 2310 110 25 Whiskey,
543 2310 39 20 121
594 2309 44 26 gal-

45 2338 49 20 lons
104 2345 6 17 ;
136 2344 47 14 case
193 2337 93 26 Brandy,
303 2338 26 20 30
346 2337 80 26 gallons
433 2345 7 16 ;
465 2343 47 15 case
529 2337 51 24 Gin',
598 2337 39 20 188

47 2365 82 26 gallons
136 2373 5 16 ;
174 2365 104 24 Cordials,
303 2366 26 19 22
357 2365 80 26 gallons
446 2372 4 17 ;
482 2365 28 25 fig
533 2364 104 24 Tobacco,

47 2392 83 23 329716
139 2399 6 17 ;
160 2392 41 21 roll
210 2392 105 23 Tobacco,
322 2392 40 20 301
369 2394 23 21 ft
400 2400 6 17 ;
417 2392 121 23 cavendish,
556 2392 66 23 7501b
632 2399 5 16 ;

48 2420 83 26 Cigars,
141 2420 53 24 1599
194 2420 40 24 ft;
248 2420 76 23 Snuffs,
338 2420 39 23 322
377 2420 39 23 ft.

73 2448 113 19 Delivered
188 2447 42 24 for
240 2448 58 19 home
313 2448 149 25 consumption.
463 2458 28 4 —
492 2446 94 26 Brandy,
597 2447 41 20 579

47 2475 95 25 gallons;
168 2474 51 21 B.P.
232 2474 64 24 Rum,
320 2474 27 21 88
358 2474 93 26 gallons;
479 2474 41 20 Gin
539 2474 40 20 123
594 2474 45 25 gal.

47 2502 47 21 Ions
102 2509 6 17 ;
134 2502 109 27 Whiskey,
263 2502 26 20 64
309 2502 82 26 gallons
399 2510 5 16 ;
432 2508 48 14 case
504 2501 93 26 Brandy,
625 2502 13 19 8

44 2530 98 24 .gallons;
167 2535 47 14 case
231 2530 49 22 Gin,
306 2530 40 20 117
365 2530 96 26 gallons;
486 2529 29 26 fig
533 2528 104 24 Tobaccoi

47 2557 98 25 J492ftj
171 2557 40 20 roU
234 2557 106 24 Tobacco,
350 2558 39 22 292
389 2558 39 22 ft.

75 2584 111 21 Delivered
195 2584 44 25 for
247 2585 151 25 Exportation.
399 2595 26 4 —
426 2584 94 26 Brandy,
537 2584 41 20 109
594 2583 44 26 gal-

44 2612 52 21 Jons
104 2619 6 16 ;
136 2611 49 23 Gin,
196 2612 26 20 90
233 2612 81 25 gallons
322 2619 5 15 ;
344 2612 65 23 Rum,
430 2612 40 19 153
487 2610 82 27 gallons
578 2618 6 16 ;
611 2611 28 25 fig

42 2638 112 25 •Tobacco,
166 2638 40 23 632
206 2638 27 23 ft
242 2646 6 16 ;
265 2638 113 21 cavendish
386 2638 97 21 Tobacco
497 2638 38 22 277
535 2638 39 22 ft.

76 2665 103 23 Received
195 2665 45 20 into
259 2666 125 20 warehouse.
385 2676 28 5 —
414 2665 92 25 Brandy,
523 2665 55 21 2433
595 2665 44 26 gal-

49 2693 61 24 Ions;
132 2693 30 25 fig
170 2692 104 25 Tobacco,
285 2693 55 20 3667
344 2694 22 22 ft
375 2700 6 16 ;
403 2693 112 20 cavendish
533 2692 105 24 Tobacco,

50 2721 41 20 279
96 2721 32 22 ft.

79 2748 66 20 Stock
153 2753 27 15 on
193 2747 58 20 hand
260 2747 35 21 the
310 2748 40 19 4th
359 2748 87 20 instant.
446 2758 28 5 —
475 2747 93 26 Brandy,
585 2747 55 20 4293

50 2775 82 23 gallons
141 2782 5 17 ;
168 2774 64 25 Rum,
251 2775 54 21 2325
312 2775 82 26 gallons
401 2782 6 17 ;
428 2774 50 25 Gin,
494 2775 40 20 902
544 2775 81 25 gallons
634 2782 5 17 ;

50 2803 89 24 Arrack,
160 2803 40 20 180
219 2802 83 26 gallons
312 2810 5 16 ;
346 2802 109 26 Whiskey,
477 2802 38 20 121
543 2802 82 25 gallons
633 2809 6 17 ;

50 2836 48 14 case
108 2830 92 27 Brandy,
211 2831 27 19 22
249 2830 80 25 gallons
338 2838 5 15 ;
369 2836 47 14 case
432 2829 50 24 Gin,
500 2829 24 21 71
545 2829 80 26 gallons
634 2836 5 16 ;

51 2857 104 26 Cordials,
166 2859 26 19 22
207 2857 97 26 gallons;
322 2858 28 25 fig
360 2857 103 23 Tobacco,
482 2857 54 23 6014
536 2857 42 23 ft;
600 2855 40 22 roll

50 2885 105 23 Tobacco,
167 2885 39 22 9ft
215 2892 6 17 ;
237 2885 112 21 cavendish
361 2885 39 21 752
406 2886 21 21 ft
436 2892 6 16 ;
458 2883 81 26 Cigars,
548 2884 53 20 1599
606 2885 34 22 ft;

52 2912 79 23 Snuffs,
142 2912 37 23 322
179 2912 37 23 ft.

79 2939 139 26 Wellington,
230 2938 75 22 March
313 2940 22 24 4,
348 2940 61 20 1844.

1523 2806 101 24 FLAX.

2030 243 141 23 MIDDLE
2190 242 138 24 ISLAND.

51 3033 99 22 London
547 3033 14 20 5

51 3066 58 22 New
125 3067 78 21 South
221 3066 83 22 Wales
318 3073 46 15 and
376 3066 28 21 V.
416 3065 28 22 D.
457 3064 26 23 L.
511 3066 51 21 ..2

51 3099 50 22 Nei
107 3107 41 14 son
548 3100 15 21 2

558 3033 3 18 ;
589 3034 13 19 o

558 3067 4 19 s
589 3067 13 20 o

558 3102 5 18 :
589 3100 14 21 o

629 3033 14 20 0

629 3067 14 20 0

629 3100 14 20 0

50 3137 125 22 Tarana&i
187 3143 46 15 and
240 3137 74 21 Coast
547 3137 15 19 2

558 3137 4 19 !
589 3137 14 20 0

629 3137 15 21 0

51 3174 133 21 Auckland

564 3192 2 3 .
577 3173 39 21 nil.

172 3383 101 23 Notice
289 3386 28 19 to
334 3384 183 23 Subscribers.

54 3419 81 25 Papers
150 3417 47 20 will
209 3417 37 19 not
257 3416 25 20 be
293 3417 48 19 sent
360 3417 21 19 to
394 3423 92 19 persons
497 3419 69 24 living
575 3419 36 21 but
620 3419 27 26 of

80 3445 56 22 Port
145 3443 126 25 Nicholson,
288 3444 71 20 unless
368 3447 160 23 arrangements
537 3452 38 15 are
584 3448 60 19 made

75 3473 40 22 for
126 3472 36 21 the
166 3473 106 25 payment
281 3471 27 26 of
313 3471 37 21 the
360 3478 63 20 same,
432 3473 94 24 through
536 3479 29 15 an
573 3474 69 26 Agent

79 3501 25 19 at
117 3501 137 24 Wellington.

230 134 98 21 Public
342 132 69 22 Sale.

31 169 160 51 MESSRS.
216 167 151 23 BETHUNE
390 164 68 24 AND
485 163 131 23 HUNTER

134 195 45 23 will
197 194 41 23 sell
256 194 31 28 by
308 192 77 24 Public
404 191 106 27 Auction,
534 193 25 19 at
578 190 37 22 the

31 224 135 22 Exchange.
181 221 33 23 Te
233 221 56 27 Aro,
309 226 29 16 on
356 218 119 27 Thursday
495 220 61 23 next,
578 216 37 22 the

31 252 45 21 21st
86 249 81 23 March
177 250 96 24 current,
289 247 30 25 by
327 245 68 22 order
408 245 25 21 of
446 245 39 21 the
500 245 116 25 Registrar

31 278 23 21 of
61 277 109 22 Intestate
181 275 95 24 Estates,
288 272 166 27 Wellington—

58 310 21 23 A
95 310 103 28 quantity
214 308 26 22 of
252 306 117 27 furniture,
390 305 68 28 plate,
477 305 73 25 boots,
571 302 45 22 and

31 338 89 22 various
131 336 62 23 other
207 337 112 24 property,
329 334 69 25 being
411 332 36 21 the
458 331 77 22 effects
545 330 28 22 of
580 329 37 22 the

31 367 80 18 estates
129 362 26 23 of
167 362 21 22 J.
208 360 123 27 Campbell,
353 359 35 23 W.
408 358 29 23 V.
456 358 97 25 Brewer,
573 355 45 23 and

31 389 98 22 William
141 389 110 22 Newman
263 386 116 23 deceased.

237 426 73 15 AFTER
324 425 85 19 WHICH,

59 448 20 22 A
91 447 104 28 quantity
206 446 27 22 of
241 444 165 26 Merchandise,
418 444 35 21 viz
461 451 6 14 :
470 453 27 5 —

58 473 82 27 Prints,
162 473 103 26 calicoes,
290 471 90 30 printed
402 470 100 25 muslins,
526 468 92 26 dowlas,

32 501 101 26 drugget,
146 500 40 22 &c.
199 501 41 21 &c.

58 527 52 22 Sale
120 531 23 18 to
153 526 66 27 begin
230 527 27 21 12
267 525 85 23 o'clock
367 523 115 29 precisely.

59 559 147 26 Wellington,
219 557 80 23 March
311 558 31 25 14,
355 557 61 21 1844.

61 609 27 22 In
101 609 37 21 the
146 609 106 26 Supreme
261 607 67 21 Court
338 605 25 22 of
370 605 76 22 Wel-1

86 636 95 25 lington,
205 634 26 21 in
256 633 37 21 the
322 632 108 22 Southern
442 630 5 23 I

87 661 96 23 District
189 660 25 22 of
221 660 57 22 New
286 659 81 26 Ulster,
375 658 54 22 New
442 662 5 32 j

89 687 110 23 Zealand.
436 682 11 28 J

35 722 124 21 William
174 720 142 24 Newman,
331 719 134 21 deceased
479 718 143 21 Intestate.

36 753 192 51 PURSUANT
244 757 22 17 to
282 753 38 21 the
329 752 59 22 Rule
399 752 26 22 of
436 751 44 22 this
493 749 130 24 Honorable

108 781 77 26 Court,
196 780 38 22 the
245 780 112 21 Creditors
367 779 22 21 of
406 778 38 22 the
458 776 165 24 above-named

35 807 110 23 deceased
155 814 44 19 are,
209 814 28 14 on
248 813 25 15 or
282 806 77 22 before
369 806 38 21 the
416 805 50 22 13th
477 804 43 26 day
530 804 25 21 of
563 804 60 21 June

35 839 63 22 next,-
115 838 23 18 to
155 841 63 15 come
227 834 26 20 in
270 833 43 21 and
322 839 69 21 prove
402 832 57 22 their
475 831 63 22 debts
548 830 76 22 before

36 861 86 23 Robert
132 860 89 27 Rodger
232 860 86 26 Strang,
329 859 62 28 Esq.,
403 858 89 22 Official
508 856 115 23 Adminis-

37 892 68 18 trator
122 886 26 22 of
161 887 107 22 Intestate
287 886 94 25 Estates,
392 889 24 18 at
430 885 34 21 his
479 884 64 21 office
552 883 25 22 in
587 883 36 22 the

37 915 68 21 Court
117 914 82 25 House,
212 912 118 27 Mulgrave
348 912 78 26 Street,
444 910 144 27 Wellington,
600 916 25 15 or

37 941 24 22 in
72 940 87 22 default
168 940 90 21 thereof
266 940 50 26 they
325 938 45 23 will
380 939 27 21 be
417 936 159 29 peremptorily
587 943 39 15 ex-

38 967 81 23 cluded
138 967 56 21 from
210 966 29 22 all
254 965 86 23 benefit
354 964 83 28 arising
447 964 59 22 from
522 963 38 22 the
578 962 48 23 said

39 997 77 19 estate.

207 1020 96 25 Robert
318 1020 28 22 R.
362 1019 100 25 Strang,

146 1047 114 28 Registrar
270 1047 25 21 of
301 1046 39 22 the
351 1046 105 26 Supreme
467 1044 76 26 Court,

374 1072 109 22 Southern
499 1070 100 23 District.

39 1109 108 26 Supreme
158 1109 68 21 Court
237 1107 80 26 Office,
328 1107 143 26 Wellington,

155 1135 80 21 March
247 1136 32 24 14,
292 1135 60 20 1844.

246 1179 26 22 B.
301 1178 119 26 LEVY,

39 1213 207 24 Chronometer,
261 1213 95 24 Clock,
371 1212 22 20 &
408 1211 99 21 Watch
522 1210 107 24 Maker,

207 1247 143 21 LAMBTON
373 1246 89 24 QUAY,

72 1279 234 20 WELLINGTON,
333 1278 76 19 NEW
433 1277 165 19 ZEALAND.
