2520 3989
1903 3855 76 17 Printed
1992 3855 37 16 and
2042 3854 98 21 published
2156 3858 55 16 every
2228 3853 113 21 Wednesday
2355 3852 37 17 and
2401 3851 74 17 Saturday

1924 3876 90 20 morning,
2028 3876 23 20 by
2070 3876 85 16 Samuel
2169 3875 90 17 K«vaks,
2274 3876 20 14 at
2308 3875 32 15 the
2355 3873 54 17 Office
2423 3871 18 16 of
2451 3871 24 14 tn«

1925 3897 49 16 Nsvr
1988 3896 98 17 Zea&aud
2098 3897 92 15 Gazeotk
2201 3899 41 12 and
2256 3894 134 17 Wkliinoton
2404 3892 71 16 Skctaj

1924 3922 44 13 tok,
1980 3917 156 19 Mannort-strect,
2146 3915 116 21 Wellington,
2274 3916 42 16 Port
2323 3913 107 23 .Nicholson.
2441 3913 26 14 «•

1926 3939 85 15 Zealand.

75 199 44 22 We
139 198 56 23 have
214 198 71 23 taken
305 197 164 29 tbe'following
488 196 78 23 article
584 195 42 23 and

42 232 184 27 advertisement,
238 239 28 15 ou
279 231 38 23 the
328 229 89 31 subject
431 229 25 23 of
464 228 87 31 boiling
563 228 65 23 down

42 265 73 28 stock,
127 265 59 23 from
203 264 39 23 the
262 262 91 31 Sydney
372 259 99 26 Herald.
508 261 24 23 It
543 260 46 24 will
600 260 28 23 be

42 305 54 16 seen
108 298 29 29 by
146 297 37 23 the
191 296 184 27 advertisement,
387 294 20 23 if
416 294 38 24 the
463 294 66 23 stock
540 293 88 23 therein

43 330 124 28 described,
179 331 27 21 be
217 333 40 19 not
266 335 55 24 very
328 327 68 24 much
404 327 71 24 above
487 334 28 16 an
524 333 104 23 average,

43 363 51 23 that
111 362 66 24 stock
188 369 39 16 are
245 360 72 31 likely
328 365 23 19 to
363 361 69 22 attain
444 367 57 16 even
518 367 14 15 a
548 358 81 30 higher

45 395 139 23 marketable
195 393 74 30 value,
290 394 25 22 in
327 392 130 29 .Australia,
470 392 55 23 than
543 399 33 15 we
588 399 41 15 ex-

43 428 92 30 pressed
146 435 41 15 our
205 426 70 24 belief
294 426 53 30 they
360 425 80 29 would,
453 425 23 22 in
495 424 39 23 the
551 423 78 24 article

43 468 33 16 we
89 460 99 23 inserted
199 461 24 21 in
236 467 41 15 our
292 458 92 32 journal
395 465 29 16 on
435 458 38 22 the
491 456 90 31 subject
590 464 5 15 :
597 468 33 5 —

104 504 51 23 The
175 504 86 30 boiling
273 503 63 24 down
350 503 25 23 of
389 503 68 30 sheep
470 501 43 23 and
530 500 69 24 cattle
609 501 21 23 is

42 538 69 29 being
122 536 87 32 rapidly
221 536 122 31 proceeded
356 535 60 27 with,
428 534 55 23 both
497 534 22 23 in
536 533 93 31 Sydney

43 571 44 22 and
101 570 37 23 the
151 574 102 26 country,
266 569 43 23 and
329 568 37 23 the
377 566 108 24 beautiful
504 567 61 23 rains
577 566 52 24 with

43 603 74 23 which
136 611 32 15 we
187 602 56 23 have
262 602 56 23 been
329 600 107 24 favoured
459 599 44 23 will
523 607 82 16 ensure
617 607 13 15 a

48 636 83 31 supply
143 635 25 23 of
177 642 65 23 grass
254 635 34 22 for
299 634 36 23 the
346 632 125 24 remainder
482 632 26 23 of
517 632 37 23 the
567 640 62 15 sum-

44 677 55 19 mer,
113 668 71 23 which
199 667 46 23 will
265 667 58 29 keep
336 666 38 23 the
386 665 67 24 cattle
464 666 24 21 in
502 665 58 24 their
579 673 51 23 pre-

45 707 51 17 sent
107 701 112 23 excellent
231 699 121 27 condition,
365 706 25 15 so
402 698 49 23 that
472 698 63 23 there
555 699 21 22 is
588 705 41 16 no-

44 734 66 30 thing
122 738 21 18 to
156 737 93 27 prevent
260 732 37 23 the
306 731 86 31 boiling
402 731 64 23 down
476 736 84 25 system
572 731 58 23 from

43 767 70 30 being
123 765 140 30 extensively
275 764 87 23 carried
376 771 36 21 on,
424 763 58 24 until
494 764 38 23 the
550 771 80 16 season

42 799 37 23 for
90 799 84 30 salting
185 798 93 23 arrives.
315 797 42 23 We
369 796 56 24 have
443 796 68 24 heard
529 796 38 24 the
580 804 50 23 sys-

45 837 45 18 tem
111 831 102 32 objected
234 835 23 18 to
275 839 28 14 on
313 834 106 30 Recount
431 830 27 23 of-
471 829 38 23 the
520 834 70 18 waste
609 830 25 23 of

44 865 83 23 animal
148 864 60 29 food,
221 864 43 22 and
285 871 30 15 no
332 862 69 24 doubt
419 866 64 27 great
503 866 67 19 wa^te
590 861 41 24 has

44 898 68 23 taken
126 897 70 31 place,
209 896 42 23 and
264 896 117 23 continues
394 900 22 19 to
428 895 28 22 do
468 902 24 15 so
504 903 5 19 ;
531 895 41 22 but
584 894 46 23 this

45 930 72 31 ought
136 934 22 18 to
176 929 27 23 be
216 929 93 23 avoided
329 936 24 14 as
366 928 37 22 the
425 932 84 26 system
527 927 104 23 becomes

46 971 36 14 mo
96 971 12 14 c
125 962 114 30 generally
253 961 143 24 understood.
433 960 76 23 Those
528 964 62 26 parts
609 960 25 23 of

45 1005 12 13 a
70 995 90 23 bullock
172 1002 23 14 or
209 995 69 30 sheep
286 994 73 22 which
372 994 68 22 forms
454 993 37 23 the
498 993 52 23 best
558 992 72 32 joints

45 1029 24 22 of
86 1032 66 23 meat,
164 1028 50 30 legs
227 1028 25 23 of
268 1031 86 19 mutton
367 1027 43 23 and
421 1025 108 24 buttocks
541 1027 25 22 of
581 1026 53 23 beef

46 1062 34 23 for
92 1061 108 27 instance,
214 1060 61 30 yield
291 1060 36 23 the
339 1060 57 23 least
407 1060 40 27 fat,
461 1059 42 23 and
516 1058 65 24 when
593 1058 38 24 the

46 1099 85 25 system
151 1101 74 15 comes
245 1094 47 22 into
314 1100 60 15 more
392 1091 90 32 general
506 1093 124 29 operation,

46 1135 34 15 we
91 1127 57 23 have
165 1134 29 15 no
207 1126 71 23 doubt
297 1126 47 22 that
357 1126 62 22 these
436 1125 101 30 portions
550 1125 26 23 of
594 1124 37 24 the

46 1160 95 23 animals
154 1159 44 23 will
211 1159 27 23 be
251 1159 50 23 sold
313 1162 21 19 to
346 1159 38 23 the
396 1157 65 25 retail
478 1157 107 24 butchers
597 1157 34 24 for

46 1192 165 31 consumption,
231 1192 44 23 and
296 1192 36 22 the
354 1192 151 30 forequarters
529 1191 54 30 only
603 1191 28 22 be

45 1225 75 25 boiled
129 1225 73 23 down.
232 1224 66 24 Then
310 1225 73 30 again,
393 1224 38 23 the
441 1223 74 31 liquor
526 1223 22 23 in
558 1223 73 23 which

46 1259 38 23 the
92 1263 60 18 meat
162 1258 20 23 is
189 1257 83 29 boiled,
283 1258 58 23 from
351 1257 72 23 which
435 1256 37 24 the
482 1256 33 23 fat
526 1256 20 24 is
558 1256 73 23 skim-

47 1291 58 28 med,
118 1291 72 23 which
209 1291 19 23 is
241 1291 22 23 in
275 1291 54 28 fact,
341 1298 14 16 a
364 1289 48 24 rich
428 1297 71 23 grayy
500 1302 32 4 —
534 1289 51 31 why
595 1290 36 23 in-

45 1324 64 24 stead
120 1324 24 23 of
153 1324 29 23 its
189 1324 68 30 being
268 1324 83 23 wasted
361 1323 81 23 should
449 1324 17 21 it
475 1327 38 18 not
520 1322 28 23 be
557 1322 75 24 boiled

47 1357 66 24 down
124 1361 22 19 to
157 1365 13 15 a
182 1364 76 16 coarse
271 1361 47 18 sort
325 1356 25 24 of
359 1356 104 31 gelatine,
477 1356 74 22 which
560 1356 73 22 would

46 1391 28 22 be
87 1398 51 15 sure
151 1395 22 18 to
184 1390 119 23 command
316 1397 12 15 a
341 1390 57 30 good
411 1389 90 23 market
511 1390 23 21 in
548 1389 83 28 China,

46 1423 74 23 where
132 1422 38 24 the
181 1423 96 28 natives,
290 1422 58 24 from
360 1422 38 23 the
408 1422 95 31 scarcity
513 1422 26 22 of
548 1422 84 23 animal

45 1456 60 28 food,
112 1456 51 30 give
170 1456 63 29 large
241 1456 74 30 prices
322 1456 34 22 for
362 1455 123 29 sea-slugs.
506 1455 51 22 The
564 1460 69 17 waste

47 1489 111 23 therefore
179 1488 74 23 which
274 1488 65 23 takes
350 1488 71 31 place,
434 1488 44 22 and
490 1488 73 22 which
576 1488 20 22 is
608 1496 25 14 so

47 1522 68 23 much
128 1521 101 31 objected
248 1525 31 24 to,
292 1521 45 23 will
357 1522 24 21 in
400 1521 53 22 time
471 1521 28 22 be
517 1520 114 23 obviated.

47 1555 44 23 We
102 1554 48 24 find
162 1554 49 23 that
223 1554 37 23 the
273 1554 103 31 quantity
393 1554 24 22 of
427 1553 73 23 tallow
513 1558 51 18 sent
575 1554 57 22 from

47 1588 39 23 the
98 1587 80 31 colony
189 1587 24 23 in
226 1586 37 24 the
274 1587 45 23 last
330 1588 37 22 six
379 1586 90 24 months
480 1586 24 24 of
516 1588 64 22 1543
588 1594 45 16 was

48 1625 42 19 two
113 1620 104 24 hundred
239 1620 45 23 and
307 1620 137 30 sixty-three
463 1625 50 18 tons
534 1618 42 32 (by
595 1619 39 24 the

47 1653 114 28 Arachne,
184 1652 80 30 Fama,
290 1652 120 31 Chelydra,
435 1650 96 31 Dublin,
557 1651 76 30 Alert,

47 1686 85 30 Rajah,
146 1686 126 29 Exporter,
285 1685 161 24 Australasian
461 1684 93 28 Packet,
567 1685 66 29 Jean,

48 1717 154 30 Montezuma,
216 1717 37 25 St.
266 1717 102 29 Heliers,
387 1718 122 29 Reflector,
523 1716 110 26 Stander-

49 1752 58 30 ings,
120 1752 43 23 and
185 1750 109 30 Wilson,)
316 1751 72 24 which
409 1752 44 23 will
471 1751 29 24 be
519 1751 72 24 worth
612 1752 22 22 in

49 1785 97 23 London
157 1785 122 28 £11,000,
294 1785 24 22 of
327 1784 73 24 which
412 1785 68 23 about
492 1785 89 25 £7000
590 1784 44 23 will

47 1825 29 23 go
96 1822 22 19 to
141 1818 38 23 the
197 1817 99 29 settlers,
309 1818 43 22 and
370 1818 89 23 £4000
478 1822 23 19 to
520 1817 37 23 the
574 1825 60 16 mer-

47 1851 80 23 chants
139 1851 44 23 and
203 1850 148 31 shipowners.
388 1850 57 24 This
466 1851 105 30 quanti.y
583 1858 51 23 may

48 1892 84 22 appear
153 1883 94 30 trifling,
258 1883 43 24 but
321 1884 18 23 it
358 1888 62 19 must
431 1884 28 22 be
480 1883 155 24 remembered

49 1917 49 23 that
116 1917 19 23 it
156 1917 19 23 is
193 1917 54 29 only
265 1924 14 16 a
299 1917 132 30 beginning,
450 1917 50 23 that
517 1917 18 22 it
552 1924 47 16 was
610 1924 25 16 so

46 1950 102 30 recently
159 1957 25 16 as
196 1949 58 30 May
266 1949 45 23 lost
322 1950 50 22 that
383 1949 76 31 public
469 1950 111 23 attention
590 1957 46 15 was

49 1983 99 23 directed
160 1987 22 18 to
192 1982 39 23 the
249 1982 96 31 subject,
358 1982 50 23 that
428 1982 37 23 the
487 1987 86 25 system
590 1990 46 15 was

48 2015 97 31 laughed
158 2021 30 22 at,
202 2022 41 15 run
257 2015 64 23 down
342 2015 30 31 by
384 2023 68 23 many
464 2015 49 23 who
531 2015 71 31 ought
614 2020 22 18 to

49 2048 57 24 have
119 2048 83 23 known
213 2048 81 28 better,
308 2048 43 23 and
363 2048 48 23 that
424 2049 17 22 it
452 2056 45 15 was
508 2048 54 31 only
569 2057 14 14 a
595 2048 41 23 few

50 2089 94 23 persons
165 2081 50 23 who
234 2081 66 23 could
320 2081 28 23 be
369 2082 123 23 convinced
504 2081 24 24 of
543 2082 38 22 the
594 2082 41 22 im-

50 2119 108 26 portance
180 2114 25 23 of
223 2114 37 23 the
280 2114 123 31 discovery,
424 2114 34 24 for
477 2114 56 24 such
552 2116 18 21 it
594 2123 41 14 un-

50 2147 122 31 doubtedly
184 2155 53 20 was,
251 2148 49 22 that
312 2147 69 31 sheep
399 2148 44 23 and
462 2147 105 24 bullocks
583 2156 53 14 con-

51 2181 75 23 tained
150 2180 81 29 tallow,
255 2185 24 19 at
301 2181 58 23 least
382 2181 74 23 tallow
478 2182 23 22 in
523 2182 115 22 sufficient

50 2214 122 31 quantities
195 2218 22 19 to
242 2214 67 23 make
328 2215 18 21 it
367 2215 69 22 worth
456 2215 65 23 while
546 2219 21 18 to
592 2214 46 24 boil

50 2248 62 22 them
134 2246 63 24 down
218 2246 36 24 for
266 2246 37 23 the
320 2255 98 23 purpose
431 2248 24 23 of
471 2248 129 30 extracting
610 2248 25 23 it.

50 2280 77 23 There
147 2279 58 24 need
224 2279 28 24 be
273 2288 28 15 no
319 2280 48 24 fear
385 2281 25 23 of
419 2281 162 30 overstocking
598 2280 39 24 the

51 2313 98 24 London
172 2312 89 24 market
280 2313 32 31 by
332 2321 44 23 any
396 2314 103 31 quantity
518 2314 25 23 of
563 2313 73 24 tallow

51 2346 48 24 that
119 2354 41 15 can
181 2345 28 24 be
230 2346 104 24 obtained
352 2347 24 23 in
396 2347 46 23 this
458 2347 87 30 colony,
558 2347 35 23 for
605 2355 33 15 we

50 2379 48 24 find
118 2379 30 30 by
159 2387 13 14 a
190 2385 78 18 recent
287 2380 78 23 article
383 2380 24 23 in
425 2380 38 23 the
477 2380 100 30 Foreign
595 2380 44 23 and

52 2412 104 23 Colonial
167 2411 121 32 Quarterly
307 2412 96 30 Review,
418 2413 48 23 that
478 2413 38 23 the
533 2414 105 30 quantity

52 2445 26 23 of
88 2445 73 23 tallow
179 2445 110 31 imported
302 2446 47 23 into
361 2446 108 32 England
480 2447 59 23 from
550 2446 89 24 Russia

50 2478 73 29 alone,
145 2483 104 19 amounts
271 2483 21 18 to
315 2481 90 27 51,000
428 2484 57 19 tons.
522 2479 77 24 There
617 2480 20 22 is

50 2519 63 16 some
125 2512 70 23 doubt
207 2511 100 24 whether
323 2512 20 23 it
361 2512 21 24 is
399 2518 61 19 most
470 2512 168 32 advantageous

50 2549 23 19 to
86 2544 45 24 boil
144 2545 64 23 down
218 2544 69 32 sheep
297 2545 44 23 and
351 2546 67 24 cattle
429 2554 29 15 on
467 2546 59 24 their
533 2547 105 28 stations,

51 2586 25 14 or
88 2582 23 19 to
122 2578 56 23 send
189 2577 61 24 them
261 2582 23 19 to
293 2579 92 31 Sydney
395 2583 22 20 to
428 2587 13 15 a
452 2587 83 23 person
543 2579 96 31 making

50 2619 15 15 a
76 2610 61 24 trade
150 2611 26 23 of
192 2612 25 22 it.
255 2611 75 23 There
350 2620 38 16 are
407 2620 68 23 many
485 2620 113 23 expenses
615 2617 22 19 to

50 2643 29 23 be
91 2643 105 24 incurred
207 2643 76 24 before
290 2645 87 30 boiling
388 2645 64 23 down
461 2653 42 16 can
515 2646 27 23 be
551 2646 87 23 carried

51 2684 30 15 on
101 2684 28 15 on
149 2685 13 14 a
181 2677 87 30 private
292 2678 171 23 establishment
473 2687 6 20 ;
504 2679 53 28 and,
579 2686 25 16 as
624 2686 15 15 a

52 2714 82 18 matter
146 2709 25 23 of
181 2716 87 23 course,
279 2718 94 22 persons
382 2711 49 23 who
444 2711 27 23 do
483 2711 98 31 nothing
592 2711 47 24 else

52 2750 42 15 can
113 2742 98 31 perform
231 2742 38 23 the
287 2743 64 23 work
370 2751 61 16 more
450 2744 122 31 efficiently
584 2744 54 23 than

52 2775 64 23 those
136 2775 49 23 who
198 2782 38 16 are
248 2780 40 19 not
299 2776 57 23 used
377 2780 21 19 to
412 2777 24 23 it.
473 2777 40 23 On
523 2777 39 23 the
576 2777 63 23 other

50 2808 69 28 hand,
136 2808 39 24 the
191 2813 66 26 great
275 2809 121 24 drawback
416 2811 23 22 in
457 2810 97 31 sending
572 2810 67 23 cattle

51 2841 44 24 and
115 2841 69 32 sheep
196 2846 24 19 to
242 2841 92 32 Sydney
345 2843 20 23 is
385 2843 38 23 the
440 2843 48 24 loss
501 2843 24 23 of
539 2843 85 31 weight
632 2852 6 15 :

52 2875 52 30 they
116 2882 60 23 may,
188 2874 21 23 if
227 2875 109 31 carefully
348 2876 104 24 attended
473 2881 30 25 to,
515 2876 55 24 look
590 2876 49 23 well

51 2908 58 22 after
120 2915 14 15 a
144 2907 55 31 long
207 2907 106 32 journey,
327 2909 41 23 but
387 2909 63 24 there
461 2910 21 22 is
494 2918 14 15 a
518 2914 66 26 great
595 2909 44 23 dif-

51 2941 90 22 ference
158 2940 66 23 when
245 2941 54 30 they
312 2949 62 16 come
395 2947 21 18 to
428 2943 29 23 be
473 2942 75 24 boiled
563 2942 74 25 down.

52 2973 35 23 As
108 2982 14 14 a
141 2980 78 16 means
240 2973 24 23 of
285 2975 100 30 meeting
407 2975 45 23 this
470 2975 120 31 difficulty,
606 2984 33 15 we

53 3007 72 22 would
137 3011 96 25 suggest
244 3006 50 23 that
305 3015 13 14 a
336 3015 82 23 person
431 3008 24 23 of
469 3008 66 24 small
547 3009 91 31 capital,

52 3040 135 29 thoroughly
201 3039 179 32 understanding
400 3041 36 23 the
457 3045 89 24 matter,
565 3041 74 24 would

52 3080 54 15 earn
118 3081 13 14 a
142 3072 58 31 good
212 3072 73 32 living
303 3073 29 31 by
344 3074 120 31 travelling
483 3075 58 23 from
555 3076 83 22 station

52 3111 22 17 to
87 3106 82 23 siation
182 3106 51 22 with
247 3114 13 15 a
280 3114 61 23 gang
353 3107 23 23 of
387 3115 49 16 men
451 3112 21 19 to
489 3108 99 31 perform
601 3108 38 24 the

53 3139 104 23 different
177 3139 150 31 descriptions
349 3140 25 23 of
391 3140 63 24 work
473 3149 122 23 necessary
616 3146 22 19 to

51 3172 81 23 reuder
156 3172 36 22 the
217 3172 83 29 tallow,
323 3181 105 23 preserve
449 3174 36 23 the
505 3174 66 24 skins
595 3175 44 23 and

52 3205 63 28 wool,
129 3205 43 22 &c.
209 3205 22 22 A
252 3213 82 23 person
353 3208 72 30 might
445 3207 52 24 thus
511 3207 128 24 undertake

50 3243 23 18 to
86 3238 27 23 do
126 3237 30 24 all
170 3237 36 23 the
219 3238 61 23 work
294 3244 22 17 at
329 3247 12 15 a
354 3241 82 23 certain
450 3248 51 16 sura
519 3248 41 24 per
572 3240 66 29 head,

51 3271 43 23 and
114 3271 30 30 by
166 3279 13 14 a
198 3272 105 29 previous
323 3279 159 25 arrangement
501 3274 54 23 with
576 3281 63 16 some

50 3304 93 30 Sydney
156 3304 124 28 merchant,
293 3305 73 30 might
377 3306 53 24 take
443 3307 37 23 the
492 3311 94 20 amount
595 3307 43 23 due

47 3343 26 17 •to
87 3337 46 23 him
146 3337 22 23 in
181 3336 83 29 tallow,
277 3342 22 18 at
312 3337 36 24 the
360 3339 89 24 market
465 3341 70 31 pricp,
548 3349 26 15 so
590 3341 49 23 that

50 3379 14 14 a
76 3369 79 25 settler
165 3370 74 23 would
252 3372 27 21 be
292 3372 93 22 enabled
396 3376 23 19 to
429 3377 51 19 turn
494 3382 13 15 a
517 3375 90 30 portion
616 3374 23 23 of

51 3403 35 23 his
98 3403 91 31 surplus
203 3403 65 24 stock
282 3405 47 22 into
348 3412 14 15 a
379 3405 139 25 marketable
537 3415 101 16 commo-

50 3437 47 31 dity
111 3437 93 23 without
216 3436 130 32 expending
357 3445 13 16 a
382 3438 72 31 single

83 3483 51 24 The
146 3483 116 31 following
282 3485 20 22 is
319 3483 38 24 the
376 3484 144 25 information
537 3486 101 25 afforded

48 3517 30 31 by
89 3517 36 23 the
135 3517 183 29 advertisement,
330 3517 75 24 which
415 3518 20 23 is
446 3519 92 23 entitled

49 3550 45 24 and
107 3550 67 23 cattle
186 3550 82 24 turned
279 3551 48 23 into

111 3596 89 23 Parties
212 3602 40 19 not
264 3598 68 30 being
344 3598 51 23 able
407 3602 23 19 to
442 3598 90 31 dispose
546 3599 25 22 of
579 3598 60 24 their

50 3629 71 32 sheep
132 3629 44 23 and
189 3630 67 23 cattle
268 3636 22 18 at
303 3640 13 14 a
327 3632 167 23 remunerative
510 3633 70 29 price,
593 3632 46 23 will

50 3663 58 23 have
126 3669 29 16 an
176 3664 146 31 opportunity
343 3664 25 24 of
389 3666 95 29 turning
506 3664 63 24 them
591 3664 48 24 into

50 3695 62 30 cash,
135 3695 28 30 by
176 3695 96 32 sending
292 3697 59 23 them
370 3702 23 19 to
410 3698 39 23 the
468 3697 171 31 Boiling-down

49 3729 191 28 Establishment,
254 3734 24 18 at
296 3730 37 23 the
353 3730 87 25 bottom
459 3731 25 24 of
504 3731 135 31 Liverpool-

49 3767 77 24 etreet,
137 3762 101 30 Darling
249 3762 117 29 Harbour,
377 3764 101 31 Sydney.
515 3764 71 27 From
600 3772 39 16 ex-

48 3796 124 30 periments
194 3796 67 23 made
285 3803 59 23 upon
374 3798 67 23 cattle
470 3797 124 32 belonging
617 3803 22 19 to

48 3828 102 24 William
163 3829 107 29 Lawson,
283 3829 91 29 senior,-
380 3829 68 32 Esq.,
458 3831 39 23 the
510 3831 72 23 result
594 3839 45 16 was

48 3869 25 16 co
86 3862 152 30 satisfactory,
247 3864 45 22 viz.
295 3875 32 3 —
329 3864 50 22 284
386 3862 44 25 lbs.
443 3864 57 23 from
514 3864 63 28 each,
591 3865 48 24 that

47 3896 49 23 that
108 3895 130 31 gentleman
252 3896 139 24 determined
403 3904 28 15 on
445 3897 84 32 having
540 3898 39 23 the
593 3904 46 18 rest

46 3928 154 31 immediately
212 3929 75 24 boiled
299 3929 73 29 down,
382 3937 25 16 as
419 3929 30 30 by
460 3930 49 24 that
520 3939 80 16 means
609 3931 30 24 he

701 3295 25 23 A
750 3295 111 24 Voyage
889 3304 31 16 of
949 3296 159 25 Discovery.
1110 3310 33 4 —
1143 3297 26 24 A
1192 3298 63 24 letter

666 3327 60 24 from
738 3328 144 30 Stockholm,
895 3329 25 24 of
936 3330 135 30 September
1091 3330 48 30 7th,
1153 3339 56 22 says
1218 3340 5 15 :
1226 3344 29 4 —

695 3361 51 23 The
758 3361 104 25 Swedish
873 3362 58 31 brig,
943 3362 37 24 the
991 3362 64 31 Bvll,
1066 3365 97 30 Captain
1173 3364 82 24 Warn-

666 3402 78 23 gresn,
758 3394 40 24 has
813 3394 51 32 just
875 3395 108 24 returned
998 3396 60 24 after
1075 3405 14 16 a
1101 3398 63 23 three
1183 3398 72 30 years'

666 3435 96 24 voyage.
798 3428 40 24 On
849 3428 42 26 her
899 3428 82 24 arrival
990 3433 24 19 at
1026 3429 58 25 Port
1096 3430 96 32 Phillip,
1200 3431 55 23 New

668 3461 76 23 South
755 3461 86 29 Wales,
851 3461 42 23 she
900 3469 46 16 was
957 3462 113 31 freighted
1077 3464 30 30 by
1117 3471 28 16 an
1155 3463 100 32 English

668 3494 51 23 firm
731 3499 25 18 to
768 3494 53 24 visit
839 3494 38 23 the
889 3502 49 16 sma
948 3495 9 23 1
973 3495 87 24 islands
1071 3497 27 23 of
1112 3497 38 23 the
1162 3497 92 29 Pacific,

668 3527 43 23 and
735 3527 76 24 obtain
834 3527 36 23 for
893 3528 171 25 manufactured
1088 3530 70 30 goods
1179 3530 76 24 sandal

668 3560 63 23 wood
751 3561 45 23 and
814 3560 65 24 other
898 3561 90 23 articles
999 3562 74 24 suited
1092 3569 23 17 to
1132 3563 39 23 the
1183 3563 72 25 China

668 3593 97 24 market.
805 3593 94 31 During
917 3593 46 24 this
980 3602 87 24 voyage
1086 3596 78 23 which
1183 3596 72 25 lasted

668 3626 69 23 about
765 3634 70 16 seven
863 3627 99 28 months,
993 3627 97 32 Captain
1116 3629 139 32 Warngresn

668 3659 97 23 touched
776 3664 24 19 at
817 3667 63 16 some
891 3659 87 24 islands
993 3665 42 18 not
1045 3662 82 24 visited
1148 3662 107 32 probably

668 3692 63 23 since
744 3692 86 24 Cook's
851 3693 62 28 time,
925 3693 45 23 and
980 3693 52 23 four
1045 3694 75 24 others
1132 3701 41 18 not
1193 3700 25 19 to
1230 3696 25 24 be

670 3725 69 23 found
747 3732 28 16 on
784 3725 39 24 the
835 3733 61 23 map.
933 3725 52 24 The
994 3726 98 32 Captain
1101 3728 54 24 took
1165 3736 90 24 posses-

669 3758 49 23 sion
733 3758 25 23 of
775 3758 63 24 them
858 3759 24 22 in
899 3758 39 24 the
955 3767 66 15 name
1033 3760 26 23 of
1075 3761 66 32 King
1162 3762 93 24 Charles

668 3791 69 24 John.
773 3791 51 24 The
835 3791 141 24 inhabitants
988 3800 59 16 were
1059 3802 14 15 a
1082 3795 56 23 mild
1151 3802 58 21 race,
1223 3796 32 31 ig-

669 3829 81 20 norant
761 3825 25 23 of
795 3825 39 23 the
845 3833 42 16 use
899 3826 25 22 of
932 3826 49 23 iron
993 3826 45 24 and
1049 3828 69 30 r,eady
1128 3833 22 19 to
1162 3828 53 31 give
1222 3829 33 23 for

668 3866 56 16 even
743 3866 12 15 a
774 3863 65 26 rusty
850 3858 48 24 nail
910 3867 12 15 a
941 3859 76 23 turtle.
1055 3859 65 33 They
1132 3868 61 16 were
1210 3861 45 25 also

668 3892 54 23 fond
742 3891 24 24 of
781 3892 46 23 bits
841 3892 25 23 of
883 3892 70 30 glass,
970 3892 44 23 and
1032 3894 74 23 would
1125 3894 87 24 remain
1224 3895 31 23 for

668 3924 63 24 three
744 3932 23 16 or
787 3925 51 23 four
850 3925 70 24 hours
941 3925 96 29 shaving
1056 3926 136 25 themselves
1205 3928 50 23 with

540 40 97 46 2Tijc
666 40 113 42 jtfeto
805 38 207 41 Ztalanb
1040 37 192 40 i&antu
1254 36 87 39 atttfe
1367 34 301 46 QUelttitgtott
1694 32 254 47 Spectator,

198 131 268 23 AUSTRALIA.

1265 122 87 24 broken
1370 122 90 23 bottles.
1499 123 23 23 A
1533 122 73 30 single
1626 121 94 24 musket
1738 121 50 24 shot
1806 129 47 16 was

1266 155 112 24 sufficient
1395 160 23 18 to
1439 155 101 32 disperse
1559 154 125 24 thousands
1703 154 24 23 of
1745 154 61 24 them
1807 167 33 5 —
1841 162 14 15 a

1265 188 66 31 proof
1340 188 49 23 that
1402 188 51 30 they
1465 188 47 23 had
1524 192 39 19 not
1573 187 79 24 before
1662 187 58 24 been
1732 188 82 23 visited
1823 188 32 30 by

1266 221 143 30 Europeans.
1444 220 53 24 The
1513 221 58 30 king
1583 220 24 24 of
1623 228 44 16 one
1679 220 25 22 of
1719 219 38 23 the
1768 221 86 22 islands

1266 253 119 31 presented
1402 253 38 24 the
1452 253 99 32 Captain
1562 253 54 23 with
1638 253 37 22 his
1686 256 88 27 sceptre
1787 253 67 22 made

1266 286 24 23 of
1299 286 65 23 wood
1381 287 124 30 aristically
1517 286 87 28 carved,
1617 286 44 23 and
1680 286 84 29 having
1775 293 15 15 a
1806 286 49 22 thin

1266 319 65 23 circle
1352 319 24 22 of
1390 319 80 31 jasper
1487 327 31 15 on
1536 319 38 23 the
1594 324 47 26 top.
1677 318 25 23 A
1720 325 67 16 name
1809 325 46 16 was

1266 352 66 30 giv.n
1353 352 30 30 by
1395 353 38 23 the
1451 353 91 30 captain
1561 356 24 19 to
1604 351 57 23 each
1675 351 25 23 of
1716 350 65 24 those
1800 350 56 23 isles

1268 385 56 22 after
1345 392 62 15 some
1428 385 101 23 member
1540 385 25 22 of
1583 383 38 24 the
1634 383 76 31 Royal
1731 383 91 30 Family
1833 383 23 23 of

1268 417 103 28 Sweden,
1391 418 44 22 and
1454 426 14 14 a
1480 418 104 31 quantity
1595 416 26 24 of
1636 416 84 31 plants,
1734 416 42 23 and
1798 415 58 24 tools

1268 449 63 24 made
1345 450 25 23 of
1384 455 64 18 3tone
1460 451 46 23 and
1523 450 71 29 wood,
1606 449 59 24 have
1683 449 56 23 been
1757 448 99 31 brought

1269 483 73 22 home.
1344 494 34 5 —
1379 482 94 23 London
1492 482 82 23 Times.

655 136 45 15 was
713 127 91 23 insured
816 134 14 16 a
841 125 153 24 considerable
1012 124 101 24 advance
1129 131 61 24 upon
1204 124 36 23 the

656 161 61 31 price
740 160 83 23 offered
847 159 47 22 him
917 158 29 30 by
967 158 37 23 the
1028 157 94 31 Sydney
1143 157 97 23 Carcass

656 193 121 24 Butchers.
807 192 71 23 From
887 190 95 24 wethers
991 190 124 31 belonging
1123 195 22 18 to
1153 189 87 24 Nelson

657 226 105 28 Lawson,
773 223 176 32 Esq.,27slbs.
961 223 25 23 of
993 223 75 23 tallow
1075 230 46 16 was
1129 222 111 31 produced

656 259 59 23 from
727 258 54 24 each
791 266 7 20 ;
817 257 45 23 and
872 257 59 23 from
943 264 14 15 a
967 255 61 24 flock
1040 255 25 24 of
1084 263 57 16 ewes
1155 254 38 24 the
1205 262 35 16 re-

657 291 47 22 sult
715 298 45 15 was
772 292 29 21 21
812 290 46 23 lbs.
872 289 24 24 of
906 289 74 23 tallow
992 287 64 25 each.

690 324 51 23 The
752 324 126 31 proprietor
889 322 45 23 will
947 328 86 24 engage
1045 326 23 19 to
1079 322 57 23 have
1148 320 38 23 the
1198 320 44 24 tal-

656 357 44 23 low
711 357 68 29 ready
790 357 35 22 for
837 355 125 30 delivering
973 354 78 23 within
1063 359 40 19 ten
1113 353 56 31 days
1178 353 26 23 of
1209 353 35 23 his

657 390 70 30 being
737 390 23 23 in
779 388 132 32 possession
922 387 26 23 of
965 386 37 23 the
1014 386 71 32 sheep
1098 394 24 15 or
1139 386 77 28 cattle,
1228 386 17 23 if

658 423 38 23 the
714 422 103 31 quantity
828 421 55 23 does
902 424 39 19 not
960 419 84 24 exceed
1061 421 65 22 5000
1138 418 70 31 sheep
1221 426 23 15 or

659 456 49 22 260
720 454 75 24 cattle.

692 487 47 24 For
757 492 77 23 terras,
847 486 68 31 apply
927 489 23 19 to
969 485 47 24 Mr.
1031 485 100 23 Edward
1150 484 94 29 Hallen,

659 520 108 24 Bellevue
779 519 91 28 House,
883 518 154 29 Kent-street,
1051 518 93 30 Sydney
1152 525 6 21 ;
1179 525 26 15 or
1217 524 28 16 on

659 553 37 23 the
708 553 117 31 premises,
838 551 75 23 where
924 551 38 23 the
974 550 75 24 tallow
1057 552 58 22 from
1127 550 67 24 cattle
1202 550 43 23 and

658 586 69 30 sheep
739 593 52 23 may
801 585 29 23 be
842 592 62 21 seen,
916 583 30 31 by
955 584 83 30 parties
1050 583 123 24 interested
1183 583 60 30 only.

691 618 52 24 The
755 618 74 24 tallow
841 618 41 22 has
901 616 90 30 already
1002 616 60 24 been
1079 615 117 32 inspected
1216 616 28 30 by

659 655 127 27 competent
802 651 92 31 judges,
914 657 82 23 among
1015 649 75 23 whom
1106 649 49 23 Mr.
1170 648 75 31 Agars

658 692 52 22 may
722 684 28 23 be
762 683 88 29 named,
863 683 54 22 who
925 682 42 23 has
979 682 46 23 had
1037 681 155 24 considerable
1205 689 40 15 ex-

658 718 104 30 perience
781 717 23 22 in
826 716 38 23 the
884 715 73 23 tallow
976 714 63 24 trade
1058 715 24 23 in
1103 714 87 24 Russia
1202 714 43 23 and

659 749 115 31 England,
788 748 45 24 and
845 748 76 23 whose
932 748 124 23 certificate
1068 748 20 23 is
1096 747 103 24 annexed
1206 755 6 15 :
1213 759 32 5 —

904 780 96 30 (copy.)

723 815 6 12 '
736 814 49 25 The
793 814 95 30 Boiling
894 813 184 24 Establishment
1084 817 23 19 at
1115 813 38 23 the
1158 813 87 23 bottom

659 848 26 24 of
694 848 214 31 Liverpool-street,
921 846 98 31 Darling
1031 846 118 28 Harbour,

694 882 16 11 •'
724 882 5 11 '
738 881 13 23 I
763 881 80 30 certify
854 880 56 28 that,
924 884 22 19 at
957 880 38 23 the
1005 883 94 27 request
1110 879 25 22 of
1144 878 102 23 William

660 914 105 27 Lawson,
779 913 68 30 Esq.,
862 912 77 29 M.C.,
958 912 14 23 I
993 912 58 22 have
1071 911 121 24 examined
1204 911 43 23 and

660 947 72 23 tested
751 946 37 23 the
811 945 83 29 tallow,
907 944 108 24 rendered
1027 945 60 23 from
1106 944 78 31 sheep,
1203 945 42 23 and

659 980 35 22 his
708 979 73 29 cattle,
795 983 24 19 at
837 978 38 23 the
896 978 69 23 above
986 977 183 24 Establishment
1178 985 6 16 :
1203 977 43 24 and

659 1020 128 23 pronounce
799 1012 39 23 the
849 1011 71 31 sheep
931 1011 73 23 tallow
1018 1011 67 30 equal
1098 1015 21 19 to
1136 1009 110 25 London-

659 1046 66 23 made
743 1045 72 23 Town
835 1044 89 28 tallow;
945 1044 37 23 the
1002 1044 55 23 beef
1075 1043 75 24 tallow
1172 1043 75 24 excels

659 1086 45 23 any
711 1078 79 31 yellow
800 1077 78 24 candle
891 1077 73 24 tallow
975 1077 12 23 I
997 1076 58 24 have
1065 1084 53 16 ever
1127 1084 54 16 seen
1189 1077 57 22 from

660 1111 95 25 Russia.

804 1142 113 33 (Signed)
1013 1143 8 11 '
1030 1143 31 23 T.
1079 1143 107 23 Agaus.'

770 1202 187 23 SANDWICH
976 1201 158 24 ISLANDS.

693 1262 44 22 We
749 1260 55 24 have
815 1260 58 24 been
885 1260 107 24 favou»ed
1008 1260 55 23 with
1074 1260 50 23 files
1136 1260 24 23 of
1172 1260 75 24 Saud-

661 1295 56 23 wich
731 1294 78 23 Island
819 1301 83 23 papers
914 1298 22 19 to
947 1293 38 23 the
997 1293 41 23 4th
1052 1293 139 23 November.

694 1328 26 23 It
737 1335 94 23 appears
852 1326 50 24 that
925 1326 63 24 Rear
1010 1326 105 24 Admiral
1138 1326 109 28 Thomas,

662 1359 288 31 Commanding-in-Chief
958 1361 23 22 in
991 1359 38 23 the
1038 1359 94 29 Pacific,
1142 1368 30 14 on
1182 1359 67 23 hear-

661 1394 40 31 ing
720 1394 36 22 the
775 1394 89 22 cession
883 1393 25 22 of
926 1392 38 24 the
976 1392 123 24 Hawaiian
1117 1392 92 24 Islands
1228 1397 20 19 to

661 1427 64 23 Lord
737 1427 91 29 George
847 1425 90 29 Paulet,
951 1434 23 15 as
995 1425 38 23 the
1055 1425 55 24 then
1129 1426 45 23 and
1186 1425 63 23 there

661 1460 190 31 Representative
863 1459 26 23 of
906 1458 41 24 her
965 1458 110 31 Majesty,
1094 1458 155 31 immediately

661 1493 71 23 sailed
744 1493 58 23 from
812 1492 145 31 Valparaiso,
975 1491 46 24 and
1032 1500 30 15 on
1078 1491 37 24 his
1133 1491 83 24 arrival
1228 1498 21 17 at

663 1525 118 24 Honolulu
793 1525 45 24 had
849 1533 31 16 an
890 1525 114 23 interview
1016 1524 56 24 with
1083 1524 65 32 King
1159 1524 90 24 Kame-

662 1558 96 24 hameha
771 1557 60 30 111.,
844 1558 45 23 and
906 1558 38 23 the
955 1557 113 32 principal
1087 1558 71 23 chiefs
1172 1558 25 23 of
1213 1558 37 24 the

662 1592 94 23 islands.
800 1591 52 24 The
873 1590 101 25 Admiral
993 1591 86 31 having
1099 1590 112 32 managed
1228 1596 22 18 to

663 1625 77 31 adjust
763 1624 37 23 the
823 1623 134 25 differences
974 1624 75 24 which
1068 1625 45 22 had
1132 1624 60 23 been
1214 1624 36 24 the

663 1665 69 16 cause
744 1657 24 24 of
777 1658 39 23 the
828 1658 89 23 cession
929 1658 25 22 of
964 1657 36 23 the
1015 1657 122 24 Hawaiian
1150 1657 99 29 Islands,

663 1690 65 24 made
747 1698 28 16 on
786 1691 38 23 the
838 1690 58 24 25th
915 1690 125 31 February,
1056 1692 72 27 1843,
1141 1690 45 23 and
1205 1690 45 24 that

663 1723 35 24 his
718 1723 101 31 Majesty
831 1723 181 29 Kamehameha,
1026 1731 25 16 as
1071 1724 39 23 the
1126 1724 124 30 legitimate

663 1756 59 31 king
734 1757 25 23 of
775 1757 37 23 the
830 1757 95 28 islands,
938 1756 81 24 should
1035 1756 30 24 be
1083 1757 86 23 treated
1187 1764 25 16 as
1224 1765 26 15 an

663 1789 154 31 independent
844 1790 125 29 sovereign.
1017 1789 52 24 The
1096 1790 154 29 Declaration,

663 1822 120 31 published
801 1823 30 30 by
849 1822 40 24 the
908 1822 111 28 Admiral,
1040 1822 105 24 breathes
1163 1831 15 15 a
1197 1823 53 32 high

664 1857 66 29 spirit
741 1856 23 23 of
777 1856 85 30 justice
878 1856 43 23 and
934 1855 99 24 national
1045 1855 94 29 honour,
1153 1857 45 22 and
1217 1865 33 14 re-

663 1889 65 23 flects
739 1894 65 25 great
816 1889 71 23 credit
899 1897 28 15 on
939 1889 49 23 that
999 1889 86 23 officer.

698 1922 39 23 An
750 1922 127 23 accredited
895 1926 67 26 agent
973 1923 25 22 of
1016 1922 40 23 the
1070 1923 120 23 American
1204 1923 46 23 Go-

664 1959 118 18 vernment
799 1955 89 22 arrived
908 1959 23 18 at
951 1955 120 22 Honolulu
1089 1963 29 14 on
1138 1955 38 23 the
1195 1956 55 22 30th

664 1987 63 30 July,
739 1987 24 23 in
781 1987 38 23 the
832 1987 88 23 United
937 1987 84 23 States'
1033 1987 65 31 sloop
1111 1988 24 22 of
1150 1996 45 15 war
1209 1987 41 31 Cy-

664 2027 49 21 ane,
726 2020 44 23 and
791 2029 29 14 on
839 2020 38 23 the
896 2020 113 30 following
1030 2020 43 31 day
1085 2020 114 24 delivered
1216 2021 34 23 his

665 2053 134 23 credentials
811 2058 24 18 to
848 2053 37 23 the
897 2053 75 29 ruling
985 2054 86 28 prince.

699 2086 43 23 We
753 2086 47 23 find
812 2087 49 22 that
873 2087 38 23 the
948 2086 113 24 Petticoat
1074 2087 157 24 Government

666 2122 19 20 is
697 2120 61 31 quite
772 2119 35 23 the
821 2128 54 22 rage
887 2124 23 19 at
927 2119 37 23 the
976 2119 122 24 Sandwich
1117 2120 99 28 Islands,
1230 2129 23 15 as

667 2153 47 23 well
728 2161 25 14 as
765 2153 20 22 in
800 2152 102 32 Europe,
914 2153 34 22 for
965 2161 33 15 we
1019 2154 54 21 read
1085 2154 23 22 in
1121 2161 42 15 one
1176 2154 26 23 of
1218 2154 36 23 the

666 2194 91 23 papers,
777 2186 50 23 that
847 2186 38 23 the
898 2186 121 24 American
1033 2186 181 24 Commissioner
1225 2195 27 16 on

666 2219 93 31 landing
769 2227 43 15 was
821 2220 101 23 received
931 2219 30 31 hy
971 2219 66 29 Paki,
1047 2220 44 22 and
1101 2220 64 23 other
1175 2220 77 29 chiefs,

665 2253 45 23 and
729 2253 119 30 presented
870 2253 36 23 his
918 2252 135 24 credentials
1065 2258 22 18 to
1106 2253 51 23 Her
1169 2253 83 24 Excel-

665 2286 69 30 lency
744 2286 37 23 the
793 2286 111 28 Premier,
918 2290 23 19 at
954 2285 50 24 Her
1018 2293 48 16 own
1079 2286 124 24 residence.

699 2319 52 23 The
771 2318 149 31 Temperance
938 2318 125 29 Advocate,
1083 2319 46 23 and
1139 2318 115 26 Seamen's

665 2351 88 24 Friend
760 2352 19 23 is
790 2359 13 16 a
817 2352 76 30 neatly
903 2352 89 32 printed
1011 2359 78 24 paper,
1100 2352 41 23 and
1151 2353 20 22 is
1181 2353 72 24 edited

665 2385 31 30 by
716 2385 38 23 the
774 2385 61 23 Rev.
856 2385 94 23 Samuel
969 2385 92 28 Danon,
1084 2393 29 15 an
1131 2387 122 23 American

667 2418 140 30 Missionary
819 2418 45 23 and
877 2418 118 32 Chaplain,
1009 2422 23 19 at
1045 2418 128 25 Honolulu.
1205 2420 49 23 The

666 2456 70 19 terms
757 2460 37 15 are
806 2460 43 15 one
861 2451 71 24 dollor
950 2459 41 23 per
1002 2459 96 22 annum,
1110 2453 23 22 in
1146 2452 106 30 advance,

666 2485 74 30 single
752 2493 64 23 copy,
829 2485 45 23 and
884 2493 26 16 so
922 2493 28 15 on
960 2486 23 21 in
991 2486 131 30 proportion
1133 2493 31 23 up
1178 2490 22 19 to
1211 2486 43 23 five

666 2518 84 23 dollars
762 2518 34 23 for
808 2523 39 19 ten
861 2519 84 30 copies.

701 2551 50 24 The
760 2551 85 31 barque
852 2551 111 31 Bearing,
971 2555 88 27 reports
1071 2552 49 24 that
1131 2552 41 23 she
1184 2552 70 31 spoke

666 2592 30 16 on
708 2586 92 30 August
823 2587 38 26 15,
875 2584 38 24 the
931 2584 139 33 whale-ship
1092 2584 92 31 Mogul,
1198 2586 56 22 New

666 2617 105 29 London,
785 2619 85 27 2,400.
907 2618 50 23 The
975 2617 86 31 Mogul
1071 2623 87 27 reports
1171 2618 83 32 having

666 2650 53 24 shot
738 2659 14 15 a
771 2651 51 23 bird
833 2650 55 24 with
900 2659 13 15 a
932 2651 63 30 piece
1007 2652 25 22 of
1047 2652 65 23 wood
1124 2651 46 23 tied
1181 2656 24 18 to
1226 2653 28 22 its

666 2683 68 29 neck,
747 2683 95 31 making
859 2683 85 24 known
964 2683 38 24 the
1020 2684 47 24 loss
1080 2685 25 23 of
1120 2684 39 23 the
1171 2685 83 24 whale-

667 2717 52 30 ship
730 2716 98 29 Parker,
842 2725 28 15 on
884 2716 79 24 Ocean
974 2716 89 26 Island.

702 2742 39 31 Cfn
753 2750 134 30 September
901 2750 64 29 15th,
976 2750 62 23 there
1047 2758 60 17 were
1120 2755 37 19 ten
1171 2751 84 24 vessels

668 2784 23 22 in
703 2782 37 23 the
751 2787 51 26 port
814 2783 26 23 of
849 2783 128 23 Honolulu.

701 2815 116 30 Frightful
840 2824 125 15 massacres
985 2816 44 24 had
1054 2817 68 23 taken
1145 2817 65 31 place
1234 2822 21 19 at

668 2848 104 31 Strong's
785 2848 88 29 Island,
887 2857 41 15 one
941 2850 24 22 of
976 2850 122 23 Hawaiian
1109 2850 89 31 Group,
1212 2851 43 23 and

668 2883 19 21 is
701 2881 71 23 called
781 2881 108 25 Qualm's
897 2881 79 25 Island
987 2883 23 23 in
1023 2883 104 23 Norrie's
1139 2883 115 31 Epitome,

667 2915 19 22 it
697 2914 42 24 lies
753 2915 21 22 in
788 2915 65 24 N.L.
868 2918 14 21 5
895 2915 51 31 deg.
963 2918 28 21 12
1001 2916 67 29 mm.,
1078 2916 46 23 and
1132 2916 66 24 E.L.
1211 2919 44 22 162

667 2948 53 30 deg.
734 2950 31 21 20
777 2949 56 23 mm.
870 2948 57 24 Two
938 2951 71 21 entire
1023 2956 78 21 crews,
1114 2949 44 24 and
1174 2950 31 23 all
1218 2958 37 15 ex-

668 2986 52 26 cept
737 2986 43 18 two
792 2989 97 23 persons
909 2982 123 30 belonging
1052 2986 22 19 to
1087 2991 14 14 a
1112 2982 61 24 third
1185 2984 70 23 vessel

666 3014 57 23 have
734 3014 59 23 been
805 3019 39 19 cut
853 3015 35 23 off
896 3020 23 18 at
931 3015 44 23 this
985 3015 73 23 island
1071 3015 84 32 during
1164 3015 40 24 the
1214 3016 41 24 last

667 3051 38 18 ten
718 3055 73 22 years.
828 3048 38 23 No
878 3048 67 23 white
963 3048 141 24 inhabitants
1117 3057 37 15 are
1167 3057 49 15 now
1229 3057 26 16 on

667 3080 38 23 the
717 3080 80 30 island,
810 3081 45 23 and
868 3081 59 24 what
938 3089 94 23 appears
1044 3089 55 24 very
1112 3082 143 24 remarkable

666 3114 28 28 is,
715 3113 48 23 that
783 3114 39 23 the
845 3115 87 22 natives
953 3121 108 16 converse
1084 3116 24 22 in
1126 3123 55 23 very
1199 3116 56 30 good

667 3146 107 31 English.
800 3147 24 24 It
833 3155 45 15 was
889 3147 47 24 also
947 3147 105 32 reported
1063 3148 49 23 that
1123 3149 37 23 the
1172 3150 83 22 natives

667 3179 44 24 had
723 3180 119 23 murdered
854 3180 38 23 the
903 3181 80 23 whites
993 3185 23 19 to
1025 3186 95 26 prevent
1129 3189 14 16 a
1152 3182 103 31 dicovery

668 3214 26 22 of
713 3212 63 24 these
806 3214 143 30 melancholy
972 3215 160 24 transactions.
1134 3227 34 4 —
1169 3214 86 32 Sydney

666 3245 100 22 Record.

1889 120 85 21 Cheese
1981 127 6 14 :
2002 117 108 23 Cheshire
2227 119 14 20 0
2269 118 10 20 1
2306 119 16 19 4
2340 131 6 5 .
2352 131 6 6 .
2376 119 15 19 0
2419 120 9 19 1
2453 124 11 19 6

2001 145 55 22 Pine
2066 143 75 28 Apple
2228 145 13 20 0
2270 145 10 20 1
2307 145 14 19 2
2340 157 19 7 ..
2377 145 14 19 0
2418 147 12 19 0
2453 150 10 19 o

2001 171 76 22 Dutch
2227 171 15 20 0
2268 173 14 19 0
2308 171 14 20 8
2339 183 19 7 ..
2377 171 14 20 0
2418 173 45 22 010

1992 198 30 21 N.
2034 197 25 22 Z.
2069 197 73 32 perlb
2225 198 14 20 0
2268 197 10 21 1
2305 197 14 21 6
2338 210 19 6 ..
2376 198 14 19 0
2416 199 13 19 0
2453 202 10 19 0

1889 226 101 21 Candles
1998 232 4 14 :
2010 223 95 27 English
2110 230 59 20 yrax,
2175 230 41 21 per

2027 251 23 21 lb
2227 251 14 19 0
2268 250 13 20 2
2307 250 14 20 3
2340 263 18 6 ..
2377 250 14 20 0
2418 251 12 21 8
2453 255 11 19 9

1993 279 78 26 Sperm
2228 277 14 19 0
2270 277 10 20 1
2298 276 25 21 10
2340 289 19 7 ..
2378 277 14 19 0
2418 277 47 23 So

1992 303 82 23 Mould
2227 303 14 20 0
2268 305 14 18 0
2308 303 14 20 6
2340 315 19 7 ..
2377 303 15 19 O
2419 304 13 20 0
2453 306 10 20 8

1994 331 56 28 Dips
2227 330 14 20 0
2269 330 13 20 0
2308 329 13 19 5
2340 341 19 7 ..
2377 329 14 19 0
2418 331 14 17 0
2453 334 11 18 o

1889 359 90 21 Flour:
1988 359 35 20 Ist
2027 355 94 28 quality,
2131 359 83 25 perton

2007 383 27 22 of
2042 385 56 20 2000
2107 382 34 22 lbs
2213 381 24 22 15
2267 383 13 19 0
2307 383 14 19 0
2340 382 52 20 ..16
2422 383 12 19 0
2455 386 10 20 0

1985 410 45 22 2nd
2039 409 57 22 ditto
2228 409 14 20 0
2270 409 14 20 0
2310 409 14 19 0
2341 421 19 7 ..
2380 409 14 19 0
2420 409 13 20 0
2455 413 10 19 0

1889 437 73 22 Flax:
1978 436 28 22 N.
2017 437 26 21 Z.
2053 443 40 20 per
2103 440 38 18 ton
2164 434 78 22 ....15
2270 436 14 20 0
2310 435 14 21 0
2342 448 19 6 ..
2378 435 14 19 0
2419 436 13 19 0
2454 440 11 18 o

1912 464 74 21 Do.—
1988 463 133 21 onboard—
2121 461 118 28 pressedl7
2268 462 13 20 0
2307 462 14 20 0
2340 475 19 6 ..
2376 461 14 19 O
2417 462 13 20 0
2453 465 10 19 C

1889 491 59 21 Gin:
1969 489 54 23 Pale
2038 490 25 20 in
2072 489 62 21 bond
2230 489 14 19 0
2271 489 13 20 3
2311 487 154 24 6.-056

1936 517 63 24 Case,
2007 517 14 20 4
2027 515 37 28 gal
2072 516 39 20 4-5
2119 515 24 21 in
2152 514 62 22 bond
2229 515 12 19 1
2270 515 13 21 0
2310 515 50 20 0..
2379 513 12 20 1
2420 513 12 21 5
2455 519 10 18 o

1889 543 80 22 Hams:
1985 541 130 26 Yorkshire,
2129 541 85 28 perlb.
2230 543 14 19 0
2271 542 14 19 0
2311 540 13 21 5
2343 554 18 6 ..
2380 542 14 18 0
2421 541 13 19 0
2455 543 10 21 7

1970 569 29 22 N.
2011 569 25 21 Z.
2048 568 73 27 perlb
2230 569 15 19 0
2272 569 14 19 0
2312 569 14 19 0
2343 581 19 6 ..
2381 567 15 20 O
2422 567 13 20 0
2455 571 11 19 5

1889 596 113 22 Mustard
2009 603 5 13 :
2030 595 44 21 Per
2082 595 72 21 dozen
2167 607 46 7 ....
2230 595 14 20 0
2259 594 27 21 16
2312 595 14 20 0
2344 607 5 6 .
2355 607 7 6 .
2380 593 54 21 018
2456 599 11 18 o

1889 623 100 21 Mutton
1997 630 5 14 :
2023 622 95 22 Carcase
2127 628 41 20 per
2175 620 24 22 lb
2210 636 5 6 .
2230 621 14 21 0
2272 622 13 19 0
2312 621 13 21 7
2343 634 5 6 .
2355 634 7 6 .
2380 621 14 19 0
2422 621 12 20 0
2456 624 10 20 9

1889 649 121 22 Muskets:
2026 648 95 22 Walnut
2126 647 92 22 stocked
2232 648 13 20 0
2260 647 24 21 15
2312 648 14 20 0
2343 660 19 7 ..
2382 647 10 20 1
2422 648 12 20 0
2457 651 10 19 0

1889 676 77 22 Milk:
1981 675 100 27 Perpint
2231 675 13 19 0
2272 675 13 19 0
2311 675 14 19 2
2343 687 19 6 ..
2380 674 14 20 0
2422 675 12 19 0
2456 677 10 20 3

1889 703 92 22 Maize:
1996 709 39 20 per
2045 701 81 22 bushel
2230 701 14 20 0
2272 701 13 20 3
2312 701 14 20 0
2344 713 20 7 ..
2381 701 14 19 O
2422 701 12 20 3
2457 703 10 20 6

1889 730 42 21 Oil
1940 738 5 13 :
1961 727 104 26 Linseed,
2075 734 42 21 per
2124 727 77 27 gallon
2210 728 35 20 .0
2272 727 13 20 6
2312 727 14 20 6
2344 740 6 6 .
2357 740 5 7 .
2381 727 14 20 O
2422 727 12 21 7
2457 730 10 20 6

1962 755 77 26 Black,
2043 755 24 21 in
2072 754 174 27 cask,pertonlß
2274 755 13 19 0
2314 754 13 20 0
2345 754 51 20 ..20
2423 754 12 19 0
2458 757 9 19 o

1997 783 79 25 Sperm
2213 780 28 21 50
2269 780 12 19 0
2309 780 12 19 0
2340 779 51 22 ..75
2420 780 12 19 0
2456 783 9 18 o

1889 809 77 22 Pork:
1981 808 77 26 Fresh,
2075 814 90 15 carcase
2180 813 41 21 per

2005 835 23 21 lb
2230 834 14 20 0
2272 835 14 19 0
2312 834 14 20 0
2345 846 17 6 ..
2381 834 14 19 0
2423 835 12 18 0
2458 837 10 19 4

1889 862 65 22 Pork
1960 870 6 13 :
1983 861 64 27 Irish,
2058 868 42 21 per
2107 860 74 22 barrel
2194 875 6 5 .
2208 874 5 6 .
2232 861 13 19 0
2274 861 13 19 0
2314 861 13 20 0
2345 873 5 6 .
2358 873 6 6 .
2382 860 54 20 410
2459 865 9 17 o

1970 888 58 22 N.Z
2228 888 14 19 2
2258 887 26 20 10
2310 888 13 19 0
2341 900 18 5 ..
2378 887 14 20 3
2421 888 13 19 0
2456 890 10 18 0

1889 915 132 22 Potatoes:
2041 914 57 22 New
2112 913 107 27 Zealand,

2065 948 41 20 per
2115 943 38 19 ton
2231 940 15 20 4
2274 941 12 20 0
2314 941 13 20 0
2345 952 5 7 .
2357 952 7 7 .
2382 940 14 20 6
2423 941 13 20 0
2458 943 11 19 0

1889 969 95 21 Porter
1992 975 7 13 :
2027 968 105 25 Dunbar,
2141 967 26 21 in
2173 967 47 21 bot.

2056 1001 41 20 per
2107 993 41 22 doz
2232 994 14 19 0
2274 994 12 19 9
2314 994 121 20 0..012
2458 997 10 19 6

1997 1021 87 27 Bryant
2093 1020 46 21 and
2148 1020 70 21 Davis
2232 1020 14 20 0
2274 1021 12 19 9
2314 1021 13 19 0
2345 1033 5 6 .
2358 1033 6 6 .
2383 1020 54 21 012
2458 1023 10 19 0

1889 1049 99 21 Pickles
1999 1055 6 14 :
2035 1046 117 28 Asso^d,
2182 1053 40 21 per

2061 1073 70 27 doz.,i
2143 1076 77 24 quarts
2234 1075 13 19 0
2263 1074 25 19 15
2315 1074 13 19 0
2347 1086 18 7 ..
2385 1074 13 20 0
2414 1073 23 22 17
2460 1076 9 18 0

1890 1103 74 21 Pitch
1976 1109 5 13 :
2014 1100 138 27 Stockholm,
2182 1107 41 20 per

2038 1127 74 22 barrel
2234 1128 13 19 2
2275 1129 13 19 0
2315 1128 14 20 0
2347 1140 19 7 ..
2383 1128 15 19 O
2425 1128 12 19 0
2460 1130 10 19 0

1891 1155 94 21 Plank:
2013 1154 54 22 Port
2089 1154 132 26 Nicholson,

2038 1188 41 20 per
2089 1182 40 20 100
2138 1181 46 21 feet
2197 1182 51 19 ..0
2275 1182 14 20 6
2316 1182 13 19 0
2348 1194 18 6 ..
2384 1181 14 20 0
2414 1180 23 20 10
2460 1184 9 17 o

1891 1209 69 21 Rice:
1973 1209 109 21 Common
2092 1214 40 20 per
2138 1210 49 19 cwt.
2199 1222 17 5 ..
2236 1209 13 19 0
2265 1208 25 20 10
2317 1209 14 19 0
2349 1220 18 7 ..
2387 1208 13 20 0
2427 1209 11 18 0
2462 1211 9 19 0

1973 1234 66 22 Good
2235 1236 13 19 0
2264 1234 25 21 15
2317 1234 82 21 0..0
2427 1235 11 19 0
2461 1237 10 19 0

1891 1262 54 21 Rum
1954 1269 5 13 :
1976 1262 24 21 P.
2012 1262 25 20 B.
2049 1261 34 25 P.,
2098 1267 40 21 per
2147 1260 75 27 gallon

2013 1288 22 21 in
2051 1288 62 21 bond
2236 1288 13 19 0
2277 1288 14 21 4
2317 1288 14 20 3
2348 1300 18 6 ..
2386 1288 14 19 0
2426 1288 13 20 0
2462 1290 9 19 0

1891 1315 89 22 Sugar:
1999 1314 120 22 Mauritius
2128 1321 40 20 per
2175 1317 49 18 cwt.
2240 1315 12 19 0
2280 1316 14 19 0
2321 1315 13 20 0
2352 1328 18 5 ..
2403 1320 52 15 none

2001 1342 81 20 Brown
2096 1341 55 21 ditto
2234 1342 12 19 0
2275 1343 14 19 0
2315 1342 82 19 0..0
2425 1342 12 19 0
2461 1344 10 18 0

2002 1368 96 22 Refined
2115 1368 53 26 loaf,
2184 1375 40 20 per

2027 1395 21 21 lb
2236 1396 13 19 0
2277 1396 14 19 0
2317 1394 13 21 5
2350 1408 17 5 ..
2387 1395 12 18 0
2427 1395 10 19 0
2461 1397 11 19 6

2003 1422 96 21 Manilla
2118 1428 38 20 per
2170 1424 48 18 cwt.
2236 1423 9 19 1
2275 1423 14 19 0
2315 1422 14 19 0
2347 1434 19 6 ..
2387 1422 8 19 1
2430 1422 7 19 I
2461 1424 11 18 C

1891 1449 74 21 Salt:
1983 1448 126 28 Liverpool,
2119 1455 40 19 per
2168 1451 52 18 ton.
2225 1449 24 20 15
2277 1450 14 19 0
2317 1449 14 20 0
2349 1448 52 20 ..18
2427 1449 12 19 0
2462 1451 10 19 0

1891 1476 60 21 Soap
1960 1484 6 13 :
1993 1476 103 21 Hawes's
2119 1472 103 30 London,

2018 1505 86 25 perton
2221 1503 28 20 40
2276 1503 14 20 0
2317 1503 14 20 O
2348 1514 20 7 ..
2387 1502 14 19 0
2427 1502 12 20 0
2463 1504 11 19 0

2010 1528 120 28 Liverpool
2222 1529 26 21 35
2277 1530 14 20 0
2318 1530 14 19 0
2349 1541 19 6 ..
2386 1529 14 19 0
2427 1529 11 19 0
2463 1531 11 18 0

1891 1557 105 21 Starch:
2012 1556 75 22 Perlb
2238 1556 13 20 0
2279 1557 13 19 0
2318 1555 14 21 5
2350 1568 19 7 ..
2387 1556 14 19 0
2428 1556 11 19 0
2463 1557 12 20 0

1891 1583 144 22 Scantling:
2051 1582 44 22 Per
2102 1583 40 21 100
2151 1582 67 21 feet..
2238 1583 14 19 0
2279 1583 14 20 6
2320 1583 13 20 0
2350 1595 19 6 ..
2388 1583 14 20 0
2428 1583 11 20 8
2465 1584 10 19 0

1892 1611 116 21 Shingles
2015 1617 6 13 :
2036 1610 45 20 Per
2088 1610 61 26 1000,
2158 1609 29 21 N.
2197 1608 25 22 Z.
2238 1610 13 20 0
2279 1610 14 20 6
2319 1610 14 19 0
2350 1622 6 6 .
2364 1622 5 6 .
2388 1609 52 20 010
2465 1611 10 19 0

2023 1636 71 27 Ditto,
2116 1636 28 20 V.
2155 1636 30 21 D.
2197 1636 26 21 L.
2238 1637 12 19 0
2279 1637 14 20 0
2319 1637 14 19 0
2350 1649 5 6 .
2363 1649 6 6 .
2387 1636 52 20 012
2463 1638 12 19 0

1891 1663 51 23 Tar
1949 1670 6 14 :
1971 1663 54 22 Coal
2239 1663 10 19 1
2278 1665 14 19 0
2319 1663 50 20 0..
2390 1662 11 20 1
2429 1662 10 20 5
2465 1665 11 18 0

1974 1690 131 22 Stockholm
2239 1690 14 20 2
2280 1691 14 19 0
2320 1690 82 20 0..0
2429 1691 11 18 0
2465 1691 11 18 0

1892 1717 63 22 Tea:
1966 1717 80 27 Hyson
2050 1716 58 27 skin,
2114 1723 39 20 per
2163 1716 64 22 chest
2239 1717 14 20 4
2280 1718 14 20 0
2320 1717 14 19 0
2352 1729 18 6 ..
2389 1717 13 20 6
2428 1717 12 20 6
2465 1718 11 19 0

1969 1744 92 26 Congou
2239 1744 12 20 8
2280 1745 14 19 0
2320 1743 81 21 0..13
2428 1744 12 19 0
2465 1745 10 18 0

1892 1771 106 21 Tobacco
2007 1778 4 14 :
2027 1770 142 27 Negrohead,
2187 1777 40 20 per

2051 1797 31 21 lb.
2096 1797 25 21 in
2136 1796 61 22 bond
2238 1798 13 19 0
2281 1798 9 20 1
2319 1798 36 19 6.
2364 1810 5 6 .
2388 1798 13 19 0
2430 1797 46 20 19

1892 1824 164 22 Turfemtine:
2073 1824 44 21 Per
2121 1823 99 27 gallon..
2239 1825 14 19 0
2281 1824 12 21 7
2320 1825 14 19 6
2351 1837 18 6 ..
2389 1825 13 19 0
2430 1824 10 19 8
2465 1825 12 19 0

1893 1851 161 22 Whalebone:
2072 1851 92 21 Perton
2227 1851 40 20 100
2281 1853 13 18 0
2321 1851 95 20 0..120
2430 1851 11 19 0
2467 1853 10 17 0

1896 1878 80 21 Wine:
1992 1878 89 27 Sherry,
2092 1884 40 20 per
2140 1877 51 27 pipe
2202 1879 51 19 ..20
2281 1879 12 19 0
2321 1878 81 20 0..40
2430 1878 11 19 0
2467 1879 10 18 0

2006 1905 68 25 Ditto,
2091 1911 40 19 per
2145 1904 80 21 dozen.
2242 1905 8 19 1
2281 1906 13 19 0
2321 1905 14 19 0
2352 1917 18 6 ..
2389 1904 13 20 2
2430 1905 11 18 0
2467 1907 10 16 0

2004 1931 58 26 Port,
2074 1938 41 20 per
2125 1931 48 26 pipe
2200 1931 50 21 ..25
2278 1933 13 19 0
2318 1931 83 21 0..40
2428 1931 11 19 0
2464 1931 11 19 0

2070 1963 41 21 per
2121 1956 47 21 doz.
2199 1970 5 5 .
2212 1970 6 6 .
2239 1958 9 19 1
2277 1959 14 18 0
2318 1959 36 18 0.
2361 1970 7 5 .
2387 1958 13 18 2
2427 1958 11 18 0
2463 1959 10 17 0

2003 1984 151 27 Champagne,
2169 1982 55 22 ditto
2239 1985 13 19 0
2279 1985 14 19 0
2319 1984 14 19 0
2350 1996 19 6 ..
2388 1984 13 19 0
2429 1984 11 19 C
2465 1984 11 19 0

2004 2011 75 20 Claret
2239 2011 14 20 0
2269 2010 26 21 10
2321 2011 14 19 0
2352 2023 18 6 ..
2390 2011 12 19 0
2430 2010 11 20 0
2466 2011 11 18 0

1896 2038 119 21 Poultry:
2032 2037 80 26 Fowls,
2119 2044 40 20 per
2166 2036 59 28 pair.
2241 2038 14 19 0
2282 2037 13 21 3
2322 2037 13 20 6
2352 2050 19 5 ..
2390 2038 13 18 0
2430 2036 11 20 5
2466 2037 11 20 0

2031 2064 84 26 Ducks,
2126 2064 56 20 ditto
2203 2077 5 6 .
2215 2077 6 6 .
2241 2065 12 19 0
2281 2064 12 19 5
2322 2065 13 19 0
2352 2077 5 5 .
2365 2076 6 6 .
2390 2064 12 19 0
2430 2063 11 19 8
2466 2064 11 19 0

2032 2091 80 25 Geese,
2123 2090 55 22 each
2202 2104 18 6 ..
2239 2091 14 20 0
2268 2091 25 20 10
2321 2091 12 20 0
2351 2103 18 6 ..
2388 2091 13 19 0
2417 2090 22 19 12
2466 2091 11 18 0

2030 2118 109 26 Turkeys,
2150 2117 56 21 each
2242 2118 9 19 1
2282 2118 13 20 0
2322 2118 14 19 0
2354 2130 19 6 ..
2393 2118 9 19 1
2430 2116 11 21 5
2467 2118 11 19 0

2034 2144 102 27 I'ijrc-ons,
2144 2144 82 26 {wild,)

2058 2178 40 20 per
2108 2171 47 27 pair
2242 2172 13 19 0
2282 2172 13 18 0
2322 2172 82 19 0..0
2430 2171 12 20 0
2467 2171 10 20 0

2031 2198 86 26 Ducks,
2126 2198 35 20 do.
2172 2198 51 21 do..
2242 2199 13 19 0
2282 2198 13 20 5
2322 2199 14 19 0
2354 2211 18 7 ..
2391 2199 13 19 0
2430 2199 12 19 0
2467 2198 10 19 0

1896 2227 62 21 Eggs
1964 2234 5 13 :
1987 2226 43 21 Per
2039 2225 73 21 dozen
2243 2225 13 20 0
2286 2225 8 20 1
2323 2225 81 20 6..0
2432 2225 10 20 0
2467 2224 11 20 0

1896 2255 77 20 Cows:
1988 2252 71 23 Milch
2231 2252 25 22 12
2284 2254 12 18 0
2323 2253 14 19 0
2354 2252 51 20 ..20
2431 2253 11 18 0
2467 2252 11 19 0

1896 2281 97 21 Mares:
2009 2279 76 23 Brood
2228 2281 27 17 20
2283 2281 12 19 0
2323 2280 13 19 0
2354 2278 50 21 ..70
2431 2279 11 19 0
2467 2279 10 18 0

1896 2308 117 21 Working
2030 2307 120 21 Bullocks
2158 2312 6 14 :
2187 2305 43 21 Per

1922 2335 50 26 pair
2230 2333 27 20 30
2284 2333 13 19 0
2324 2331 80 21 0..35
2432 2333 11 19 0
2467 2331 12 20 0

1897 2361 65 21 Hire
1973 2368 26 14 of
2010 2367 68 15 ditto
2086 2367 5 13 :
2107 2360 42 21 Per
2157 2359 51 27 day,
2217 2366 13 14 a

1924 2392 60 17 team
1995 2387 45 22 and
2047 2387 75 21 driver
2244 2388 14 19 0
2273 2386 23 20 15
2325 2387 14 19 0
2356 2399 18 6 ..
2394 2387 12 19 0
2432 2387 12 18 0
2468 2386 11 19 0

1898 2415 87 21 Sheep:
2003 2413 60 22 Each
2243 2414 13 20 0
2272 2413 24 20 15
2324 2414 14 19 O
2355 2425 19 7 ..
2394 2413 8 20 1
2431 2412 11 22 5
2467 2412 12 20 0

1898 2442 63 20 Boat
1973 2441 73 21 Hire:
2061 2440 44 21 Per
2112 2440 49 26 day,
2168 2440 62 22 with-

2090 2470 39 18 out
2140 2467 71 21 hands
2222 2483 5 5 .
2243 2469 13 19 0
2274 2469 23 19 10
2325 2469 13 18 0
2356 2480 18 8 
2395 2467 7 19 1
2432 2467 12 19 0
2468 2466 11 19 0

1898 2495 87 22 Wages
1992 2502 5 13 :
2027 2493 140 27 Mechanics,
2193 2501 39 19 per

2059 2521 45 26 day
2246 2523 13 18 0
2286 2522 13 20 6
2326 2523 50 19 0..
2395 2522 13 20 0
2434 2521 11 19 8
2468 2520 12 19 0

2035 2547 127 22 Labourers
2244 2549 14 19 0
2284 2549 13 19 3
2325 2549 83 19 0..0
2433 2547 11 20 5
2468 2547 12 19 0

1900 2576 67 22 Bark
1976 2582 5 14 :
1997 2575 30 22 N.
2037 2575 26 21 Z.
2074 2582 41 19 per
2124 2578 37 18 ton
2240 2575 13 20 3
2281 2577 14 19 0
2321 2576 15 18 O
2354 2589 5 5 .
2366 2588 7 6 .
2389 2575 15 20 4
2430 2575 11 19 0
2465 2575 12 18 0

1901 2603 77 21 Black
1988 2602 53 22 Dye
2049 2601 47 22 :N.
2105 2601 25 21 Z.
2139 2608 40 20 per
2187 2605 38 17 ton
2240 2601 13 20 5
2281 2603 13 19 0
2321 2603 14 18 0
2353 2615 18 5 ..
2390 2602 14 20 6
2430 2601 11 20 0
2466 2601 11 19 0

1900 2629 85 22 Wool:
2002 2629 66 21 N.Z.
2079 2629 142 27 per1b......
2240 2630 14 19 0
2281 2630 14 19 0
2321 2629 83 19 9..0
2432 2628 7 19 1
2466 2627 11 19 0

1899 2657 95 21 Timber
2001 2664 5 13 :
2031 2656 29 22 N.
2082 2655 26 22 Z.
2119 2655 111 22 furniture

1926 2690 41 19 per
1976 2685 41 19 100
2027 2683 45 21 feet
2244 2683 13 19 2
2286 2683 12 20 0
2326 2683 14 19 O
2358 2696 5 6 .
2371 2695 5 6 .
2394 2682 13 20 2
2422 2681 22 21 10
2468 2681 11 19 0

1901 2710 124 21 Cordage:
2034 2709 95 27 English
2134 2716 39 21 per
2180 2713 49 17 cwt.
2244 2710 14 20 3
2285 2709 12 20 5
2326 2711 14 19 0
2357 2722 19 6 ..
2395 2710 13 19 0
2434 2710 12 18 0
2469 2707 11 20 0

2028 2737 63 21 N.Z.
2096 2737 94 21 without
2197 2739 35 18 tar
2245 2737 14 19 3
2287 2737 13 19 0
2328 2737 13 19 0
2360 2749 18 6 ..
2395 2737 14 19 0
2434 2735 12 20 0
2470 2734 10 19 0

1901 2763 119 22 Canvass:
2035 2770 40 20 per
2089 2763 47 21 bolt
2248 2763 51 21 115
2328 2763 81 20 0..2
2434 2761 12 20 5
2470 2761 11 19 0

1901 2790 106 21 Copper:
2022 2790 104 26 sheeting
2147 2796 39 20 per
2199 2789 29 21 lb.
2246 2791 15 19 O
2288 2790 10 20 1
2328 2790 13 20 6
2359 2802 18 6 ..
2396 2791 13 18 0
2435 2789 13 19 0
2470 2787 11 19 0

1975 2834 6 6 .
2020 2817 64 21 Bolts
2246 2818 14 19 O
2288 2817 9 19 1
2327 2817 50 19 9..
2396 2816 13 20 0
2435 2814 46 21 00

2018 2843 65 22 Nails
2245 2844 15 19 O
2267 2838 5 4 '
2286 2842 12 20 5
2326 2844 51 19 0..
2396 2843 14 19 0
2435 2842 13 20 6
2471 2841 10 19 0

1901 2870 80 22 Lead:
1998 2869 62 23 sheet
2069 2877 41 20 per
2121 2873 38 18 ton
2178 2870 78 20 ..,,-30
2284 2871 12 18 0
2324 2870 15 19 O
2357 2869 49 19 ..35
2435 2869 11 19 0
2470 2867 11 19 0

1901 2897 75 21 Iron:
1987 2896 96 27 English
2093 2897 40 21 bar
2143 2904 40 19 per
2193 2901 35 15 ton
2235 2896 25 20 14
2288 2897 12 19 0
2329 2897 13 18 0
2361 2909 17 6 ..
2398 2897 13 19 0
2436 2896 12 18 0
2471 2895 10 18 0

1983 2923 68 27 Hoop
2060 2930 41 21 per
2108 2927 37 17 ton
2229 2923 27 20 25
2285 2924 13 20 0
2324 2923 15 20 0
2357 2936 19 6 ..
2395 2924 13 18 0
2434 2922 12 20 0
2468 2922 11 18 0

1901 2950 46 22 Oil
1959 2950 77 21 Butts
2046 2957 5 13 :
2075 2949 115 23 Gordon's
2209 2956 26 15 or

2048 2976 71 22 Mills'
2126 2984 40 20 per
2174 2977 56 27 imp.

2046 3007 41 18 tun
2243 3004 14 20 3
2285 3005 13 19 0
2325 3004 15 20 0
2356 3015 20 7 ..
2393 3003 14 19 3
2422 3001 22 21 15
2468 3000 11 19 0

2137 3030 124 23 DUTIES.

1901 3058 100 22 British
2011 3058 94 22 Spirits
2317 3058 33 20 4s.
2360 3062 41 23 per
2408 3053 71 29 gallon.

1901 3085 106 21 Foreign
2019 3084 56 22 ditto
2317 3083 33 22 ss.
2361 3090 39 20 per
2407 3081 72 28 gallon.

1901 3111 105 22 Tobacco
2016 3110 178 27 manufactured,
2321 3111 30 21 Is.
2360 3116 40 21 per
2408 3109 27 21 lb.

2015 3137 208 23 Unmanufactured
2317 3136 37 22 dd.
2365 3143 39 20 per
2412 3135 27 22 lb.

1901 3165 76 22 Snuff
2319 3165 31 21 2s.
2360 3170 39 21 per
2406 3162 29 21 lb.

1901 3192 88 22 Cigars
2320 3192 32 20 2s.
2362 3189 74 28 perlb.

1901 3219 84 21 Wines
2311 3218 26 21 15
2350 3223 39 22 per
2398 3217 51 20 cent.

1901 3245 58 26 Tea,
1973 3246 85 26 Sugar,
2075 3245 87 27 Flour,

1920 3272 46 22 and
1975 3272 65 22 other
2049 3272 89 27 Grain,
2148 3273 14 21 5
2171 3279 40 21 per
2220 3275 59 19 cent.
2341 3285 7 8 ■.
2361 3292 13 10 v
2376 3284 19 12 _i
2398 3290 54 12 orem

1902 3299 39 22 All
1951 3298 64 23 other
2025 3299 106 22 Foreign
2137 3299 144 28 productions
2322 3288 28 19 ad
2361 3288 91 18 valorem
2453 3297 11 17 *.

1916 3325 44 22 and
1966 3326 168 22 manufactures
2142 3327 26 21 10
2173 3333 41 21 per
2221 3329 57 19 cent.
2286 3346 5 6 ,

2107 3358 186 23 EXCHA.NGE.

1903 3398 68 23 B«»k
1979 3398 52 23 ID.
2040 3405 29 17 on
2081 3399 93 23 London
2208 3385 88 55 {•£

1903 3439 35 22 On
1948 3438 90 29 Sydney
2325 3440 71 21 Ditto.

1903 3466 89 22 Private
2001 3466 51 21 bilis
2301 3464 112 24 Nominal.

1924 3525 40 16 The
1974 3525 49 16 New
2034 3525 99 16 Zealand
2144 3525 93 16 Gazette
2242 3525 37 16 and
2291 3525 132 17 Wellington
2434 3524 43 14 Spec-

1902 3549 66 12 tator
1973 3546 15 16 is
1995 3545 98 21 published
2100 3549 54 16 every
2161 3545 113 21 Wednesday
2284 3546 37 16 and
2332 3545 91 19 Saturday.
2441 3541 36 17 Sub-

1900 3567 64 20 joined
1970 3570 31 12 are
2009 3567 30 15 the
2046 3567 89 15 terms:—*

1924 3587 64 16 Price
1995 3591 25 12 ojp
2026 3590 41 13 the
2074 3587 97 15 Paper.—
2171 3586 55 20 Forty
2231 3586 84 21 shillings
2321 3591 33 16 per
2364 3589 71 14 annum,
2444 3585 33 20 pay

1903 3608 40 16 able
1950 3608 19 16 In
1976 3607 80 17 advance
2061 3612 5 14 ;
2077 3610 21 12 or
2104 3607 86 19 sixpence
2197 3606 28 17 for
2230 3607 61 21 single
2301 3608 92 16 numbers.

1924 3628 32 17 All
1961 3628 67 19 orders,
2038 3627 160 18 advertisements,
2208 3628 38 15 and
2256 3628 162 17 communications
2428 3628 16 14 to
2453 3624 24 16 tn*

1903 3649 71 19 Editor,
1980 3652 30 13 are
2016 3647 99 21 requested
2119 3648 19 16 to
2145 3648 23 16 be
2173 3647 99 19 addressed
2277 3650 20 15 to
2302 3648 39 17 this
2347 3648 62 17 Office.

1925 3668 157 19 Advertisements
2087 3668 39 17 will
2131 3669 34 16 not
2169 3673 68 16 appear
2246 3669 21 16 in
2277 3669 31 17 the
2317 3668 80 20 ensuing
2406 3665 69 18 numbs*

1903 3691 17 17 if
1928 3689 83 18 received
2017 3689 46 16 later
2069 3688 47 18 than
2128 3689 19 17 10
2154 3688 74 20 o'clock,
2235 3694 49 15 a.m.,
2291 3694 24 13 on
2321 3689 32 17 the
2359 3687 88 20 mornings
2454 3685 23 16 be-

1903 3712 38 16 fore
1955 3709 119 22 publication.
2095 3709 159 18 Advertisements
2267 3710 37 17 will
2314 3711 22 16 be
2347 3708 94 18 continued
2448 3708 29 14 ana

1903 3731 78 20 charged
1992 3730 49 16 until
2049 3730 169 20 counter-ordered;
2229 3731 46 16 such
2281 3731 52 17 order
2338 3730 51 17 must
2394 3730 22 16 be
2423 3727 35 17 tent
2463 3727 14 14 to

1903 3753 32 16 the
1944 3751 55 17 Office
2011 3752 36 15 two
2065 3751 46 19 days
2129 3751 61 17 before
2201 3751 117 21 publication,
2330 3751 36 16 and
2375 3750 50 17 must
2432 3749 21 15 be
2461 3749 16 13 »

1903 3772 79 20 writing.
2006 3771 158 17 Advertisements
2176 3772 84 16 received
2277 3772 52 21 after
2345 3772 22 16 10
2382 3769 63 17 o'clook
2458 3769 19 13 on

1903 3793 84 19 Tuesday
1999 3792 37 16 and
2046 3792 68 21 Friday
2124 3793 94 20 mornings
2228 3792 40 17 will
2276 3793 22 16 be
2309 3791 78 21 charged
2397 3789 48 18 twice
2452 3789 25 14 tn«

1903 3813 54 18 usual
1964 3814 53 15 rates.

1499 552 41 20 On
1555 551 70 23 Sale,

1270 582 90 48 THE
1390 582 73 22 NEW
1488 581 152 23 ZEALAND
1670 581 186 26 PORTFOLIO,

1342 608 128 23 conducted
1487 609 31 27 by
1536 609 32 21 H.
1585 609 21 21 S.
1625 609 124 26 Chapman,
1771 608 37 26 (of
1820 607 38 23 the

1271 635 84 21 Middle
1363 635 110 28 Temple,)
1486 634 215 23 Barrister-at-Law.

1295 667 44 22 No.
1353 667 18 21 I.
1372 678 29 4 —
1401 667 22 21 A
1439 667 78 22 Letter
1531 669 24 19 to
1573 666 38 21 the
1628 666 72 27 Right
1716 666 63 21 Hon.
1798 666 61 22 Lord

1270 693 97 28 Stanley,
1385 694 120 27 Secretary
1524 693 26 22 of
1566 693 60 22 State
1646 693 36 21 for
1700 692 38 22 the
1757 693 103 22 Colonial

1270 720 153 27 Department,
1457 720 37 22 On
1501 720 38 21 the
1545 719 190 22 Administration
1741 720 26 21 of
1771 719 87 22 Justice

1270 747 22 21 in
1302 746 57 22 New

1296 773 45 22 No.
1355 773 31 21 II.
1388 784 29 4 —
1418 773 78 22 Letter
1510 776 23 19 to
1548 772 61 22 John
1625 772 60 22 Abel
1700 772 80 27 Smith,
1797 772 61 28 Esq.,

1272 799 66 28 M.P.,
1418 799 37 22 the
1462 800 145 26 Advantages
1615 799 74 22 which
1696 799 73 21 would
1779 806 80 15 accrue

1270 829 22 19 to
1302 826 95 27 English
1407 826 126 27 Capitalists
1542 826 58 22 from
1610 825 39 22 the
1660 825 169 22 establishment
1837 826 26 21 of

1271 860 13 14 a
1292 854 60 20 Loan
1362 854 103 25 Company
1475 853 35 22 for
1519 854 52 20 New
1580 853 101 26 Zealand,
1693 851 84 23 similar
1788 855 24 18 to
1822 852 38 22 the

1270 880 129 21 Australian
1408 880 67 21 Trust

1298 906 43 22 No.
1353 906 46 22 111.
1402 917 27 4 —
1452 907 39 21 An
1503 906 96 22 Address
1611 909 23 18 to
1644 905 38 23 the
1693 905 56 22 New
1759 905 101 22 Zealand

1272 933 64 22 Land
1346 933 139 28 Proprietors
1495 932 97 22 resident
1605 932 25 22 in
1639 932 39 22 the
1688 931 85 22 United
1788 931 73 27 King-

1272 959 56 27 dom,
1341 966 30 15 on
1386 959 86 22 several
1487 962 92 19 matters
1590 959 25 21 of
1622 959 137 26 importance
1770 962 23 17 to
1803 958 58 22 their

1297 1013 44 21 No.
1359 1012 41 22 IV.
1401 1023 29 5 —
1457 1013 37 21 On
1515 1012 37 22 the
1572 1011 117 23 Financial
1708 1011 113 22 condition
1837 1011 26 21 of

1272 1040 53 21 New
1470 1040 31 26 by
1512 1039 90 22 Charles
1611 1039 77 27 Terry,
1702 1039 58 27 Esq.,
1770 1038 89 25 F.R.S.,

1272 1066 80 22 F.S.A.

1298 1093 43 21 No.
1359 1092 27 22 V.
1388 1103 28 5 —
1418 1094 19 20 1.
1491 1092 159 22 Observations
1674 1099 29 14 on
1728 1091 133 27 facilitating

1272 1119 140 27 Emigration
1435 1121 23 19 to
1483 1119 56 21 New
1564 1118 108 27 Zealand,
1691 1119 30 26 by
1740 1125 79 15 means
1839 1118 24 21 of

1273 1146 115 22 Moderate
1410 1145 99 27 Charges
1524 1145 33 21 for
1576 1145 68 21 Chief
1661 1145 44 21 and
1721 1145 139 21 Fore-Cabin

1432 1172 27 21 In
1471 1180 14 14 a
1496 1172 76 21 Letter
1581 1175 23 17 to
1614 1171 86 28 Joseph
1710 1173 85 24 Somes,
1808 1171 52 27 Esq.

1272 1200 38 22 &c.
1322 1200 41 21 &c.
1393 1199 34 26 By
1439 1199 30 21 H.
1482 1199 21 21 S.
1516 1199 123 26 Chapman.

1298 1227 19 21 2.
1360 1226 21 22 A
1393 1227 75 20 Letter
1478 1233 29 14 on
1519 1225 105 26 Banking
1633 1225 25 21 in
1669 1225 56 22 New

1275 1253 30 26 By
1316 1252 87 22 Arthur
1412 1253 25 21 T.
1451 1252 108 27 Holroyd,
1571 1253 53 26 Esq.

1360 1279 41 21 VI.
1403 1290 27 4 —
1454 1279 160 21 Observations
1629 1286 29 13 on
1669 1278 37 22 the
1717 1277 145 28 Advantages

1274 1306 24 22 of
1309 1314 14 13 a
1342 1305 184 28 Representative
1543 1305 122 27 Assembly
1679 1305 36 21 for
1733 1305 57 21 New
1806 1305 57 21 Zea-

1301 1359 97 21 General
1411 1359 46 21 title
1468 1359 47 22 and
1526 1359 149 22 introduction
1687 1361 22 19 to
1719 1358 36 22 the
1767 1358 82 22 Series.

1462 1397 70 16 PRICE
1550 1398 120 14 SIXPENCE.

1525 1442 90 20 Seeds.
1656 1449 10 8 »

1274 1476 49 47 A
1339 1475 85 21 VERY
1439 1475 158 22 SUPERIOR
1611 1475 47 21 and
1668 1474 101 22 valuable
1780 1477 82 19 assort-

1352 1505 63 18 ment
1430 1502 26 21 of
1473 1502 60 22 fresh
1550 1502 69 21 Seeds
1635 1502 47 27 just
1696 1501 111 27 received,
1825 1501 37 22 the

1273 1528 46 22 first
1337 1529 26 20 of
1379 1536 13 14 a
1407 1528 91 27 regular
1512 1529 86 27 supply,
1608 1536 51 14 now
1676 1536 29 14 on
1722 1528 46 21 sale
1783 1531 25 18 at
1825 1528 37 21 the

1275 1554 69 22 Office
1364 1555 26 21 of
1406 1555 43 21 this
1470 1556 70 26 Paper
1560 1556 28 27 by
1604 1555 39 21 the
1664 1554 157 28 undersigned,
1837 1554 24 22 in

1275 1582 118 28 quantities
1404 1585 21 18 to
1435 1582 45 22 suit
1489 1582 131 27 purchasers
1629 1590 5 14 :—:
1637 1592 28 5 —

1301 1614 55 22 Fine
1367 1613 52 23 seed
1427 1621 62 20 peas,
1501 1621 66 15 seven
1577 1615 111 26 varieties,

1301 1641 44 21 Do.
1374 1641 37 21 do.
1439 1641 71 21 broad
1520 1641 75 26 beans,
1607 1641 64 22 three
1681 1640 112 27 varieties,

1301 1667 43 22 Do.
1374 1667 36 21 do.
1437 1667 68 28 lqprse
1515 1668 76 27 beans,

1301 1694 45 22 Do.
1374 1694 35 21 do.
1437 1695 83 21 scarlet
1527 1702 94 14 runners
1632 1695 45 21 and
1688 1693 87 23 French
1784 1694 78 27 beans,

1301 1721 43 21 Do.
1374 1721 36 21 do.
1439 1721 76 26 spring
1526 1721 77 26 wheat,
1616 1724 67 23 tares,
1694 1721 46 21 and
1751 1724 56 23 oats,

1302 1747 83 23 Round
1395 1747 45 21 and
1449 1747 87 28 prickly
1543 1747 99 28 spinach,

1301 1774 65 27 Long
1374 1774 81 22 scarlet
1464 1774 46 22 and
1519 1775 74 26 turnip
1602 1774 84 27 radish,

1301 1801 115 26 Rhubard,
1428 1800 67 23 white
1511 1801 46 23 and
1573 1801 40 21 red
1630 1801 52 21 beet
1696 1801 45 21 and
1756 1800 107 27 mangold

1275 1835 39 14 wm
1320 1828 52 26 tzel,

1302 1855 124 26 Carraway,
1437 1854 49 22 Dill
1496 1854 44 22 and
1550 1855 93 25 Bnrnet,

1302 1882 43 20 Sea
1356 1881 54 26 cale,
1421 1888 127 19 asparagus,
1560 1884 80 23 carrot,
1653 1881 45 21 and
1710 1881 98 27 parsnip,

1303 1907 94 28 English
1407 1908 50 21 leek
1467 1908 48 21 and
1524 1908 73 25 onion,
1609 1908 97 27 Spanish
1719 1908 34 20 do.

1304 1934 122 27 Vegetable
1444 1942 94 14 marrow
1554 1934 43 22 and
1606 1934 56 27 long
1675 1934 87 27 prickly
1772 1941 92 14 cucum-

1278 1961 42 25 ber,

1303 1987 145 25 Cauliflower,
1459 1987 88 25 endive,
1559 1986 44 22 and
1617 1986 82 27 celery,

1303 2013 119 27 Virginnia
1438 2014 100 25 tobacco,
1555 2013 151 26 mignionette,
1727 2013 45 21 and
1797 2015 68 19 sweet

1277 2047 58 20 peas,

1304 2067 39 21 All
1353 2072 56 16 sorts
1419 2067 26 21 of
1451 2067 85 26 garden
1548 2066 44 22 and
1604 2066 53 22 field
1667 2066 104 27 cabbage,

1304 2093 44 22 Do.
1459 2094 36 21 do.
1579 2093 36 23 do,
1674 2093 79 27 turnip,

1304 2119 39 23 All
1353 2123 54 18 sorts
1418 2120 24 21 of
1448 2120 91 25 lettuce,
1550 2120 70 26 salad,
1633 2119 50 26 and.
1690 2120 91 25 brocoli,

1304 2147 39 21 All
1353 2151 56 17 sorts
1419 2147 25 20 of
1450 2146 76 27 lupins
1536 2147 43 23 ami
1589 2147 152 26 nasturtiums,

1304 2173 39 21 All
1354 2178 56 16 sorts
1421 2173 25 21 of
1452 2179 70 16 sweet
1534 2174 70 24 herbs,

1304 2201 51 21 One
1365 2200 102 22 hundred
1479 2200 76 22 choice
1565 2200 91 22 varitics
1669 2199 25 21 of
1708 2199 75 22 flower
1793 2199 71 26 seeds,

1303 2227 22 21 A
1336 2234 53 19 very
1406 2227 102 21 valuable
1526 2231 132 17 assortment
1673 2227 26 21 of
1712 2227 58 21 fresh
1789 2226 77 22 choice

1277 2261 84 20 grasses
1371 2254 35 22 for
1414 2254 148 26 gentlemen's
1577 2254 70 22 lawns
1665 2253 43 22 and
1724 2252 144 28 agricultural

1278 2288 110 20 purposes,

1305 2307 111 27 Cabbage,
1446 2307 92 27 brocoli,
1567 2307 108 26 rhubard,
1705 2307 73 26 onion,
1808 2306 58 27 leek,

1278 2334 81 21 lettuce
1378 2334 80 27 plants,
1479 2335 48 25 &c,
1547 2341 50 14 now
1617 2333 71 28 ready
1708 2337 21 18 to
1748 2333 28 22 be
1795 2337 72 18 trans-

1278 2361 97 27 planted,
1387 2361 72 21 raised
1469 2362 58 20 from
1537 2360 96 27 samples
1645 2361 26 21 of
1680 2361 62 21 these
1753 2359 71 23 seeds.

1688 2395 41 21 W.
1745 2394 95 22 Moody.

1305 2422 100 21 October
1415 2424 18 24 fi,
1447 2423 65 20 1843.

1448 2474 79 20 Meat
1548 2473 151 26 Company.

1280 2505 91 50 THE
1392 2505 239 27 UNDERSIGNED,
1651 2505 84 27 having
1752 2505 59 22 been
1832 2512 38 21 ap-

1353 2533 90 27 pointed
1458 2533 112 27 Manager
1579 2533 26 21 of
1619 2532 39 21 the
1672 2533 63 21 Meat
1745 2532 123 27 Company,

1279 2560 52 27 begs
1341 2563 23 17 to
1374 2566 120 16 announce
1503 2559 50 22 that
1566 2566 13 15 a
1589 2559 90 27 regular
1688 2558 77 28 supply
1776 2559 26 21 of
1811 2559 57 27 beef,

1280 2590 92 23 mutton,
1393 2586 45 22 and
1456 2587 57 27 pork
1529 2594 54 19 may
1600 2586 85 26 always
1704 2586 27 21 be
1750 2586 120 27 depended

1279 2620 59 20 upon
1350 2617 23 17 at
1382 2613 44 21 this
1436 2613 175 21 establishment.

1306 2645 33 22 As
1364 2645 43 21 this
1430 2645 116 27 Company
1566 2652 107 24 purposes
1693 2644 78 27 selling
1792 2648 23 18 at
1833 2644 37 22 the

1279 2672 77 21 lowest
1364 2672 71 27 prices
1446 2675 24 19 at
1482 2671 76 22 which
1566 2676 19 17 it
1598 2671 19 22 is
1626 2671 73 21 found
1708 2671 37 21 the
1755 2674 62 19 meat
1830 2678 40 15 can

1279 2699 27 21 be
1317 2698 108 27 afforded,
1436 2698 39 22 the
1484 2698 152 27 undersigned
1644 2698 21 21 is
1677 2698 54 27 only
1740 2697 130 23 authorized

1281 2728 21 19 to
1312 2726 52 26 give
1369 2732 54 20 very
1429 2725 89 22 limited
1526 2725 77 26 credit,
1611 2725 47 21 and
1666 2724 39 22 has
1712 2725 56 21 been
1777 2724 96 23 ordered

1280 2756 22 17 to
1319 2756 49 23 stop
1383 2752 30 21 all
1427 2754 106 19 accounts
1548 2751 73 22 which
1636 2758 37 14 are
1689 2754 42 19 not
1744 2751 53 28 paid
1812 2758 60 21 upon

1281 2778 102 22 demand.

1306 2805 49 22 The
1366 2805 100 22 business
1477 2805 26 22 of
1511 2805 36 22 the
1559 2805 115 27 Company
1683 2805 20 21 is
1713 2805 86 21 carried
1809 2812 29 14 on
1849 2805 22 22 in

1282 2832 56 21 their
1353 2839 49 14 new
1418 2832 109 27 building,
1539 2832 90 21 erected
1646 2832 102 21 between
1767 2831 106 22 France's

1282 2859 68 22 Hotel
1369 2858 43 22 and
1431 2859 39 21 the
1489 2859 59 21 head
1566 2858 25 22 of
1604 2859 40 21 the
1660 2859 56 27 Bay,
1734 2858 45 22 and
1795 2858 79 27 nearly

1282 2886 97 27 opposite
1390 2888 23 18 to
1424 2885 45 22 Mr.
1480 2885 84 28 Lyon's
1574 2886 72 21 Store.

1555 2920 41 20 W.
1606 2919 104 27 Flyger,
1726 2920 118 26 Manager.

1308 2946 131 22 November
1448 2947 36 23 23,
1496 2947 61 21 1842.

1266 2972 2 12 i
1808 2976 7 6 ..

1444 2992 79 20 Meat
1555 2992 151 25 Company.

1515 3024 125 23 BUTTER

1281 3059 159 49 ALWAYS
1455 3066 30 15 on
1497 3058 69 27 hand,
1582 3059 46 21 and
1644 3061 23 19 to
1680 3058 30 22 be
1725 3058 52 27 had,
1788 3057 85 24 whole-

1360 3085 46 22 sale
1426 3085 42 22 and
1490 3085 70 28 retail,
1581 3088 23 19 at
1624 3085 39 22 the
1686 3085 79 22 lowest
1783 3085 90 21 market

1280 3113 67 28 price,
1363 3120 14 14 a
1395 3113 61 26 large
1476 3113 80 27 supply
1572 3112 26 22 of
1613 3112 38 22 the
1666 3111 128 23 celebrated
1809 3112 63 21 Cow-

1282 3142 87 25 pasture
1379 3139 46 21 and
1433 3139 121 22 Terawitte
1567 3139 72 26 Dairy
1650 3139 86 21 Butter.

1555 3173 36 21 W.
1605 3172 107 25 Flyger,
1727 3172 118 27 Manager.

1284 3225 174 29 /CHARTER
1467 3224 179 28 PARTIES,for
1656 3224 46 23 sale
1712 3230 23 17 at
1741 3228 37 19 the
1787 3226 87 21 Gazette

1284 3255 39 19 V/»
1340 3252 79 21 Office.

1281 3313 222 24 WHOLESALE
1531 3314 128 24 PEICES
1693 3313 178 25 CURRENT.

1380 3357 135 15 CORRECTED
1529 3358 30 14 UP
1573 3358 28 14 TO
1617 3358 56 15 LAST
1690 3358 81 14 NIGHT.

1623 3377 17 17 £
1663 3382 16 12 s.
1704 3377 18 16 d.
1778 3376 17 18 £
1859 3378 10 16 d

1281 3412 27 15 le
1315 3412 5 14 :
1335 3411 40 21 per
1383 3404 47 22 hhd
1623 3407 15 19 O
1666 3406 14 20 0
1707 3407 49 19 0..
1776 3407 15 19 0
1818 3407 14 19 0
1861 3407 13 20 0

1457 3443 42 20 per
1503 3436 100 22 barrel..
1623 3438 14 19 O
1666 3438 13 19 0
1708 3438 14 19 O
1740 3451 17 6 ..
1777 3439 15 20 0
1819 3439 14 20 0
1861 3440 13 19 0

1456 3469 92 26 perdoz
1626 3471 14 20 0
1656 3471 22 20 11
1710 3472 14 19 O
1741 3485 18 5 ..
1778 3472 55 20 013
1861 3474 13 20 0

1362 3503 29 22 N.
1403 3503 24 22 Z.
1439 3509 41 21 per
1489 3503 76 27 gallon
1585 3518 5 5 .
1597 3518 5 5 .
1622 3505 14 20 0
1664 3505 14 20 2
1706 3506 13 19 0
1738 3519 5 5 .
1751 3518 5 7 .
1774 3507 15 20 0
1817 3507 14 20 0
1861 3508 13 20 0

1282 3539 97 21 Arrack
1388 3544 6 14 :
1409 3537 44 21 Per
1461 3537 46 26 gal.
1518 3536 23 22 in
1551 3536 62 22 bond
1626 3539 15 19 O
1670 3538 10 19 1
1710 3539 14 19 6
1741 3552 18 6 ..
1778 3540 14 20 0
1819 3540 14 20 2
1861 3544 13 19 0

1281 3571 79 22 Bread
1369 3577 5 14 :
1390 3569 43 22 Per
1441 3568 46 23 21b.
1499 3568 51 23 loaf
1562 3571 80 20 ....0
1670 3572 14 19 O
1710 3571 83 21 5..0
1820 3573 13 19 0
1861 3573 14 20 6

1282 3603 73 21 Beef:
1371 3600 76 27 Fresh,
1468 3607 91 15 carcase
1574 3607 40 21 per

1398 3632 24 22 lb
1623 3635 15 19 0
1666 3635 13 19 0
1708 3635 14 20 8
1740 3648 18 6 ..
1777 3636 15 19 O
1820 3636 13 20 0
1849 3636 24 21 11

1389 3663 54 27 Salt,
1453 3670 43 20 per
1508 3664 69 24 tierce
1590 3678 5 6 .
1602 3678 6 7 .
1629 3666 10 19 1
1657 3666 27 20 10
1710 3666 37 21 0.
1753 3679 7 6 .
1778 3667 15 20 3
1820 3668 14 20 0
1861 3669 13 20 0

1282 3697 94 22 Butter
1383 3702 5 14 :
1407 3694 65 28 Irish,
1482 3702 41 21 per
1531 3695 31 22 lb.
1587 3709 5 6 .
1599 3709 6 6 .
1625 3697 15 21 0
1668 3698 14 20 0
1710 3698 14 20 9
1741 3711 18 7 ..
1778 3699 14 20 0
1821 3699 11 21 1
1863 3701 14 20 0

1402 3726 70 22 Fresh
1629 3729 13 20 0
1672 3729 10 20 1
1711 3730 15 19 6
1743 3742 18 7 ..
1780 3731 14 20 0
1821 3732 14 20 0
1863 3732 14 21 0

1282 3762 97 21 Brandy
1387 3766 6 15 :
1409 3758 59 23 First
1475 3758 92 28 quality,
1575 3765 41 21 per

1429 3790 79 27 gallon
1517 3790 24 22 in
1551 3790 62 22 bond
1626 3793 15 19 O
1669 3791 13 21 5
1710 3794 15 20 0
1741 3807 6 6 .
1754 3807 6 6 .
1779 3795 14 20 0
1821 3793 14 22 7
1863 3795 13 19 6

1282 3825 86 22 Brown
1388 3823 89 22 Stout:
1501 3829 40 20 per
1554 3821 54 22 hhd.
1624 3822 13 21 5
1667 3824 14 20 0
1708 3826 14 20 0
1740 3838 17 7 ..
1779 3826 14 20 6
1808 3826 26 21 10
1862 3826 13 21 0

1282 3852 101 22 Cigars:
1396 3849 104 27 Manilla,
1508 3856 40 20 per
1553 3850 62 26 1000,

1430 3876 25 21 in
1465 3875 61 22 bond
1628 3877 14 20 2
1670 3878 14 19 0
1710 3879 15 20 0
1742 3891 18 6 ..
1779 3878 14 21 3
1821 3879 14 20 0
1863 3880 12 19 0

1391 3902 217 27 ChinsurahperlOO
1630 3904 12 19 1
1672 3905 13 19 0
1713 3906 14 18 O
1743 3916 19 8 ..
1780 3906 14 19 0
1821 3906 14 19 0
1863 3906 12 20 0

1284 3932 88 21 Coffse
1380 3937 6 14 :
1397 3930 64 25 Java,
1473 3936 41 20 per
1521 3929 24 22 lb
1630 3931 15 19 O
1672 3931 14 19 O
1713 3931 13 19 3
1744 3943 5 6 .
1756 3943 6 7 .
1780 3932 15 19 O
1822 3932 14 19 0
1863 3934 14 19 0
