2550 3999
74 129 35 22 far
118 136 25 15 as
157 129 39 22 the
209 128 68 23 funds
287 129 26 21 of
326 129 37 21 the
376 129 78 27 colony
470 132 64 24 went,
551 129 39 22 the
604 129 52 22 hon.

75 155 101 22 member
189 155 98 26 strongly
296 155 101 27 objected
414 158 21 19 to
445 162 42 20 any
497 158 67 24 grant
572 155 58 22 until
640 156 17 21 it

76 189 44 14 was
130 182 22 21 in
162 189 14 14 a
186 181 112 22 condition
312 185 22 17 to
344 189 42 24 pay
397 182 53 21 each
460 182 98 21 minister
568 182 89 21 accord-

73 208 42 27 ing
129 212 21 17 to
165 207 37 22 the
219 207 94 22 number
328 207 25 22 of
366 207 33 22 his
415 209 166 26 congregation.
609 208 48 21 The

75 233 51 23 hon.
142 234 98 22 member
256 233 52 22 then
325 233 52 22 read
393 241 14 14 a
423 235 120 21 document
558 233 99 28 showing

75 260 48 22 that
134 260 35 22 the
180 260 84 25 weekly
275 260 92 27 receipts
374 261 25 20 of
406 260 37 22 the
452 260 96 22 resident
556 260 100 22 Catholic

75 286 71 22 Priest
155 287 22 20 in
189 286 119 22 Auckland
319 286 37 21 did
372 289 39 18 not
426 294 91 19 average
532 294 61 14 more
604 287 53 21 than

74 312 75 22 fifteen
165 312 108 27 shillings,
292 312 73 27 owing
383 315 22 18 to
421 313 37 21 the
475 317 92 23 poverty
584 313 27 21 of
623 313 33 21 his

73 339 165 26 congregation,
257 338 121 27 consisting
392 339 25 21 of
431 339 68 22 about
512 341 42 21 400
569 339 85 27 people,

75 365 43 21 and
127 364 47 22 that
184 364 86 22 besides
281 364 114 27 attending
403 369 22 17 to
436 365 60 22 them
502 365 28 22 he
539 372 58 20 gave
606 372 50 19 gra-

74 391 81 21 tuitous
165 391 129 21 instruction
304 395 22 17 to
337 398 13 14 a
355 395 62 23 great
424 393 93 21 number
523 393 25 20 of
555 391 100 22 children

73 417 73 21 whose
162 419 88 21 parents
265 423 57 15 were
339 421 37 18 too
388 425 55 20 poor
457 422 23 18 to
497 425 49 20 pay,
564 418 45 21 and
627 417 29 21 he

73 443 70 26 really
153 443 94 27 thought
262 442 29 22 he
305 443 46 21 had
365 451 23 14 as
402 444 58 26 good
475 452 13 14 a
497 443 66 23 claim
573 451 29 14 on
617 443 39 22 the

72 470 95 21 colonial
178 470 66 21 funds
254 477 24 13 as
289 477 12 13 a
310 470 99 22 minister
416 470 71 22 whose
497 470 157 27 congregation

75 503 55 14 were
141 496 48 21 well
200 496 49 21 able
261 499 22 18 to
294 496 111 22 subscribe
417 499 23 19 to
450 496 33 22 his
493 500 98 23 support.

99 522 40 26 Dr,
161 522 82 22 Martin
265 522 55 26 said,
341 523 36 21 the
397 523 99 27 question
514 530 43 14 was
574 523 82 27 simply

73 549 43 20 and
127 549 76 26 purely
214 556 12 13 a
242 549 103 26 religious
362 556 48 19 one,
426 549 44 21 and
485 549 65 22 could
569 553 38 17 not
625 550 29 26 by

73 581 43 20 any
126 574 121 28 possibility
259 576 28 20 be
297 575 106 26 regarded
414 576 23 21 in
448 583 43 19 any
508 576 64 21 other
582 576 57 26 light
647 584 5 18 ;

71 599 54 29 they
136 608 55 15 were
202 601 72 22 called
285 609 58 20 upon
355 605 22 18 to
387 605 92 18 consent
490 606 21 17 to
522 602 38 21 the
575 602 78 27 laying

74 627 26 22 of
111 627 37 22 the
158 628 214 22 foundation-stones
383 628 25 21 of
419 635 13 14 a
442 628 82 22 church
540 628 116 22 establish-

71 652 112 23 lishment.
223 655 34 20 On
277 654 91 26 looking
386 658 23 17 at
430 654 36 22 the
485 661 56 21 copy
565 656 26 20 of
616 655 38 21 the

72 680 112 21 estimates
202 680 99 28 supplied
319 684 22 17 to
355 678 55 29 him,
428 680 28 23 he
471 681 70 21 found
558 681 18 21 it
594 681 61 22 there

71 706 78 26 stated,
174 706 49 21 that
245 706 38 21 the
304 710 88 23 present
410 714 49 14 sum
479 707 25 22 of
524 708 62 23 £200
612 715 43 14 was

95 732 94 21 towards
200 732 115 27 defraying
332 732 35 22 the
384 733 90 22 salaries
490 734 26 21 of
528 734 128 27 clergymen

71 761 22 18 at
104 758 126 26 Auckland,
242 758 143 27 Wellington,
398 760 90 26 Nelson,
504 760 44 22 and
558 760 39 21 the
607 761 48 27 Bay

71 785 25 20 of
261 785 48 22 The
327 785 97 22 demand
440 786 44 22 this
498 794 53 20 year
561 787 35 22 for
607 787 49 22 that

71 817 92 21 purpose
174 818 44 15 was
230 811 107 27 certainly
348 816 38 18 not
402 812 66 28 large,
486 814 40 21 but
542 814 28 21 he
588 814 67 21 cared

71 838 92 26 nothing
174 838 66 21 about
250 838 49 21 that
299 849 27 5 —
329 838 35 22 the
380 838 129 23 foundation
527 841 25 20 of
569 847 14 15 a
598 844 56 18 state

71 863 84 22 church
165 871 44 14 was
220 864 65 27 being
295 865 56 27 laid;
369 866 43 21 and
423 866 20 21 if
454 866 44 22 this
510 866 80 28 colony
600 873 54 16 con-

54 903 5 5 -
67 890 81 26 jilted
160 894 21 17 to
193 890 37 21 the
240 896 89 21 present
335 899 55 19 sum,
400 892 52 27 they
460 893 73 22 would
539 894 115 21 doubtless

54 917 43 20 ■*bft
108 917 73 21 called
189 924 60 20 upon
261 921 22 18 to
294 918 97 21 increase
409 919 17 20 it
445 923 54 18 next
515 926 61 20 year.
616 920 38 21 He

68 943 136 26 deprecated
215 950 65 20 every
292 947 93 25 attempt
393 948 23 17 at
425 945 81 27 setting
514 953 29 19 up
549 953 13 14 a
569 946 85 21 church

70 969 168 22 establishment
261 970 23 20 in
308 970 50 27 this,
381 970 37 21 the
442 976 108 21 youngest
574 972 80 26 colony

71 995 119 27 belonging
200 999 23 18 to
234 996 110 26 England.
382 997 80 27 People
479 998 71 26 might
565 998 50 22 well
626 998 28 22 be

69 1022 40 21 left
130 1026 21 16 to
170 1026 90 23 support
280 1023 48 21 that
348 1023 92 26 religion
460 1025 22 20 in
503 1024 73 22 which
600 1025 53 26 they

69 1048 108 27 believed,
190 1048 45 22 and
244 1049 17 21 it
273 1056 42 14 was
327 1053 39 18 not
376 1049 41 22 fair
426 1054 23 17 to
459 1051 85 27 require
556 1051 61 22 them
630 1054 23 19 to

69 1078 91 23 support
170 1082 44 19 any
231 1075 70 22 other.
339 1076 70 22 Truth
424 1077 101 27 required
541 1085 29 14 no
589 1078 64 21 assis-

68 1105 65 17 tance
153 1105 21 17 to
193 1103 143 21 recommend
354 1103 62 21 itself
428 1106 22 18 to
466 1104 84 27 people,
572 1105 44 21 and
635 1105 18 21 it

69 1134 43 15 was
123 1132 103 23 contrary
236 1134 21 15 to
269 1129 37 21 the
316 1129 62 26 spirit
388 1130 25 20 of
425 1133 48 19 true
490 1130 94 27 religion
604 1131 49 22 that

68 1153 17 21 it
94 1153 79 23 should
185 1155 26 20 be
221 1155 78 26 placed
310 1156 23 20 in
344 1156 37 21 the
390 1156 96 26 position
497 1157 25 21 of
536 1158 116 26 requiring

69 1187 24 14 or
104 1180 136 27 demanding
256 1181 36 21 aid
307 1182 64 26 from,
388 1182 17 21 it
420 1183 70 26 might
504 1184 35 26 be,
556 1184 96 22 heretics

68 1207 45 21 and
134 1207 83 21 infidel.
256 1208 37 21 He
309 1209 98 21 detested
419 1209 36 21 the
466 1214 80 22 system
556 1211 96 26 pursued

66 1233 23 21 in
100 1233 57 21 New
167 1233 69 22 South
248 1234 74 23 Wales
331 1236 45 21 and
387 1235 48 22 Van
454 1236 115 22 Diemen's
586 1238 66 21 Land

69 1259 24 21 of
101 1259 196 28 indiscriminately
308 1262 100 26 assisting
417 1262 30 22 all
457 1266 61 18 sects.
536 1263 35 22 He
579 1264 73 21 would

68 1293 55 14 even
144 1287 72 25 prefer
231 1287 37 21 the
285 1287 51 26 plan
353 1293 24 17 at
388 1289 67 21 home
475 1290 24 20 of
522 1291 130 26 supporting

68 1319 43 15 one
130 1313 91 26 church,
242 1318 22 17 to
283 1315 48 21 that
350 1315 109 22 infamous
479 1319 81 24 system
579 1317 73 22 which

68 1338 104 22 declared
189 1339 49 23 that
254 1341 31 21 all
303 1341 105 27 religions
424 1349 58 15 were
501 1343 64 22 alike.
604 1344 48 22 The

68 1366 163 26 Episcopalian,
243 1367 37 21 the
292 1368 85 22 Roman
390 1369 106 27 Catholic,
507 1369 37 22 the
555 1370 94 27 Presby-

68 1392 77 26 terian,
166 1393 37 21 the
222 1393 124 28 Wesleyan,
363 1395 36 21 the
417 1395 122 27 Unitarian,
558 1397 46 21 and
615 1398 36 21 the

69 1418 179 28 Mahommedaii,
261 1427 56 15 were
329 1421 75 26 placed
410 1430 30 17 pn
450 1422 35 22 the
491 1430 60 14 same
559 1423 90 27 footing,

65 1444 45 22 and
129 1445 107 27 regarded
252 1452 24 16 as
294 1447 89 28 equally
398 1448 65 26 good.
503 1449 20 21 It
543 1457 43 14 was
606 1456 41 16 not

64 1472 61 26 right
135 1475 21 17 to
167 1476 38 17 tax
215 1480 14 13 a
240 1480 50 14 man
302 1477 21 17 to
335 1481 42 19 pay
388 1475 94 21 towards
493 1475 36 21 the
539 1477 112 22 mainten-

66 1505 55 14 ance
132 1498 26 21 of
169 1505 13 14 a
192 1499 100 27 religion,
306 1499 70 23 which
386 1501 23 21 in
426 1501 34 21 his
477 1503 129 21 conscience
621 1503 30 22 he

66 1524 102 22 believed
179 1529 22 17 to
212 1524 28 22 be
254 1526 65 22 false.
358 1527 36 22 He
410 1528 65 22 could
485 1536 36 14 see
532 1536 29 14 no
571 1536 79 15 reason

66 1550 112 23 whatever
197 1551 36 22 for
249 1553 76 26 voting
341 1560 13 14 a
369 1561 47 15 sum
435 1554 26 22 of
482 1562 80 20 money
581 1559 22 19 to
615 1556 35 22 the

65 1578 127 26 clergymen
203 1579 26 21 of
241 1578 35 22 the
287 1579 83 22 church
381 1580 24 22 of
417 1581 102 26 England
529 1583 23 21 in
563 1583 86 26 prefer-

67 1611 53 14 ence
133 1608 20 17 to
164 1604 37 22 the
217 1604 136 29 Wesleyans,
373 1606 36 22 the
427 1608 116 27 Catholics,
560 1610 43 21 and
614 1610 36 21 the

66 1630 174 27 Presbyterians,
252 1639 24 14 or
286 1639 44 21 any
340 1633 63 22 other
417 1638 53 18 sect.
507 1635 47 22 The
576 1636 75 28 clergy

68 1656 25 22 of
104 1656 55 23 each
170 1658 169 24 denomination
350 1667 54 15 were
415 1668 53 19 very
478 1661 67 28 likely
561 1663 89 28 equally

64 1685 90 20 zealous
164 1684 42 21 and
217 1686 90 26 equally
318 1687 78 21 useful.
435 1687 45 23 Mr.
499 1688 91 22 Clifford
605 1689 43 22 had

63 1711 131 22 mentioned
213 1712 48 21 that
280 1714 36 19 the
333 1713 86 22 income
438 1714 26 21 of
485 1714 37 22 the
546 1715 102 23 Catholic

64 1736 75 22 Priest
150 1744 43 15 was
203 1741 40 18 not
250 1745 63 15 more
323 1741 54 21 than
389 1741 42 21 15s.
447 1748 40 19 per
503 1741 67 22 week.
611 1743 38 22 He

64 1762 42 22 and
117 1763 38 22 the
165 1764 66 22 other
240 1764 126 28 clergymen
377 1766 47 22 that
436 1772 57 16 went
503 1768 66 22 about
580 1769 69 26 doing

64 1790 64 26 good,
148 1790 132 28 comforting
296 1792 36 21 the
351 1800 59 20 poor,
428 1794 44 22 and
486 1794 107 27 relieving
612 1796 37 22 the

64 1815 125 27 distressed,
202 1824 55 15 were
269 1819 92 21 entitled
372 1824 21 17 to
403 1828 25 13 as
443 1821 66 21 much
525 1822 122 22 assistance

62 1850 24 15 as
94 1843 37 22 the
141 1843 73 27 lordly
225 1844 84 27 prelate
319 1846 53 21 with
383 1846 33 22 his
428 1847 102 22 cathedal
541 1849 107 27 towering

64 1876 53 15 over
127 1870 33 21 his
170 1870 65 22 head.
270 1872 37 21 He
323 1873 72 21 wonld
410 1874 28 21 be
447 1881 61 20 sorry
520 1877 21 19 to
552 1882 36 15 see
600 1883 44 20 a.iy

62 1900 82 22 system
156 1897 25 20 of
193 1896 87 28 bigotry
297 1900 134 21 established
446 1900 23 22 in
485 1900 43 22 this
547 1906 100 24 country.

63 1923 113 26 Religious
186 1924 124 28 prejudices
320 1925 44 22 had
381 1926 55 22 been
453 1927 89 27 already
560 1930 86 21 carried

62 1952 35 19 too
107 1950 35 21 far
152 1950 22 21 in
186 1950 126 28 Auckland,
325 1959 55 15 even
395 1956 23 18 to
438 1954 37 20 the
495 1961 66 19 grave
577 1956 70 22 itself.

62 1976 40 21 Dr.
115 1976 83 21 Martin
210 1977 52 22 then
274 1979 72 21 stated
357 1980 36 21 the
402 1987 49 14 case
463 1980 24 21 of
499 1988 12 13 a
520 1988 55 21 poor
592 1990 53 14 man

62 2002 51 20 who
123 2009 44 14 was
178 2002 88 23 refused
282 2004 71 21 burial
369 2006 33 21 for
419 2006 33 21 his
470 2006 66 26 child,
553 2007 94 23 because

61 2028 69 26 being
140 2035 13 14 a
169 2028 163 30 Presbyterian,
352 2030 29 23 he
400 2032 38 22 did
449 2036 38 18 not
496 2033 64 22 think
570 2035 18 21 it
598 2042 50 19 pro-

61 2061 38 21 per
110 2058 23 18 to
143 2055 99 22 conform
254 2059 22 18 to
287 2056 37 23 the
335 2058 82 22 service
436 2060 25 21 of
471 2060 37 21 the
526 2060 83 23 church
626 2063 26 20 of

63 2081 112 27 England,
188 2083 43 21 and
241 2087 22 18 to
278 2091 44 20 pay
339 2085 84 22 certain
438 2085 47 22 fees
500 2087 104 27 required
619 2089 28 26 by

62 2107 49 22 that
120 2108 90 22 church.
249 2110 37 21 He
297 2112 47 20 also
353 2112 78 27 stated,
443 2113 46 21 that
503 2113 35 22 the
555 2120 91 21 present

62 2134 155 28 Episcopalian
228 2136 193 28 burying-ground
433 2147 42 14 was
491 2143 23 18 at
532 2148 43 14 one
592 2142 54 21 time

62 2169 112 18 common,
186 2162 45 22 and
242 2163 108 22 intended
360 2165 33 21 for
402 2166 30 21 all
449 2166 36 21 the
500 2166 145 29 inhabitants,

62 2190 44 19 and
118 2188 53 21 used
181 2189 28 26 by
220 2188 29 23 all
261 2189 37 22 the
316 2191 136 22 inhabitants
470 2200 23 14 as
510 2201 13 13 a
541 2194 107 27 burying-

61 2214 87 27 ground
156 2223 5 18 ;
173 2215 48 21 that
231 2216 56 21 after
297 2217 68 27 being
376 2225 22 15 so
409 2219 62 26 used,
482 2220 17 21 it
510 2227 43 15 was
564 2221 82 27 during

62 2241 37 22 the
119 2242 53 21 time
192 2242 26 21 of
234 2242 37 22 the
290 2242 44 23 late
353 2245 121 27 Governor,
488 2247 63 21 made
563 2255 53 15 over
626 2253 21 17 to

62 2268 37 21 the
119 2268 83 22 church
223 2269 25 21 of
269 2270 110 26 England,
397 2273 44 20 and
459 2274 145 21 consecrated
620 2275 27 26 by

61 2295 38 20 the
109 2294 86 27 bishop.
233 2295 47 22 The
297 2298 86 25 ground
398 2306 29 14 on
445 2299 36 22 the
491 2301 98 27 opposite
600 2301 47 22 side

61 2321 26 22 of
94 2321 36 21 the
141 2322 54 21 road
205 2329 44 14 was
258 2322 94 23 allotted
362 2328 21 17 to
391 2324 35 22 the
433 2326 87 21 Roman
527 2327 119 28 Catholics;

61 2348 95 21 another
165 2348 87 27 portion
264 2357 44 14 was
316 2350 66 26 given
395 2355 21 17 to
432 2352 36 21 the
481 2353 166 27 Presbyterians

61 2374 45 21 and
125 2374 59 22 Jews
202 2382 54 15 near
273 2376 48 21 that
338 2378 25 21 of
375 2378 36 21 the
423 2379 87 22 Roman
522 2380 123 27 Catholics;

60 2408 60 14 some
131 2402 25 20 of
168 2401 36 22 the
216 2401 166 27 Presbyterians
391 2411 57 16 were
458 2406 123 27 displeased
593 2408 52 21 with

59 2427 38 22 the
106 2428 87 25 ground
203 2428 90 23 allotted
306 2434 21 17 to
340 2430 67 27 them,
424 2432 94 28 perhaps
539 2434 53 27 they
611 2434 36 22 did

60 2458 40 17 not
108 2455 45 20 like
163 2455 37 21 the
211 2455 112 23 situation.
352 2457 62 28 They
424 2458 84 23 wished
518 2460 33 21 for
561 2468 13 14 a
585 2468 61 15 more

60 2481 109 22 romantic
178 2485 57 23 spot,
246 2482 43 21 and
298 2483 53 27 they
358 2484 58 22 fixed
425 2493 60 19 upon
492 2493 12 15 a
510 2486 55 23 little
574 2488 71 27 valley

60 2507 82 28 having
153 2511 42 18 two
206 2515 24 14 or
241 2509 61 22 three
314 2510 93 22 beatiful
417 2515 66 24 trees,
500 2513 46 22 and
555 2522 14 14 a
579 2515 65 22 small

60 2538 81 17 stream
152 2535 25 20 of
188 2539 68 18 water
266 2536 97 28 running
374 2538 95 27 through
478 2540 18 21 it
503 2547 6 19 ;
525 2540 43 22 this
578 2541 64 27 place

60 2568 44 14 was
123 2561 88 22 refused
231 2566 21 17 to
270 2562 67 28 them,
355 2564 45 22 and
417 2565 53 28 they
480 2566 44 22 had
533 2575 13 14 a
557 2568 89 27 quarrel

61 2587 50 21 with
122 2587 38 22 the
171 2589 220 26 Surveyor-General
397 2599 5 19 ;
419 2592 37 22 the
474 2593 168 28 Presbyterians

61 2621 55 15 were
127 2615 23 21 in
161 2622 159 21 consequence,
337 2618 34 21 for
388 2625 14 14 a
417 2619 54 22 time
490 2620 93 23 without
602 2629 44 19 any

59 2641 62 26 place
132 2646 23 16 to
164 2641 56 28 bury
230 2639 57 25 their
297 2643 65 27 dead,
373 2645 44 22 and
427 2646 18 21 it
455 2653 44 15 was
506 2647 80 27 during
595 2648 49 22 that

61 2668 52 21 time
130 2667 49 22 that
195 2669 36 20 the
249 2676 49 15 case
315 2670 88 23 alluded
419 2676 21 18 to
457 2674 112 22 occurred.
609 2676 37 21 He

59 2694 78 22 should
152 2694 28 22 be
197 2696 123 27 extremely
336 2705 61 20 sorry
413 2702 22 19 to
455 2707 37 14 see
510 2700 38 23 the
557 2706 90 22 present

61 2721 82 21 motion
163 2721 93 28 carried,
268 2723 46 22 and
333 2724 28 21 he
381 2724 72 28 hoped
464 2726 36 23 the
510 2726 136 24 honourable

59 2748 110 21 members
180 2748 72 22 would
261 2750 101 22 consider
372 2752 74 23 before
457 2753 51 30 they
515 2756 132 21 committed

59 2774 141 27 themselves,
210 2775 31 26 by
252 2778 132 26 consenting
394 2781 20 18 to
426 2783 49 18 rote
485 2782 37 19 the
532 2788 82 21 money
622 2783 24 20 of

58 2801 38 21 the
113 2801 76 27 public
210 2805 22 18 to
253 2809 43 16 one
316 2807 46 18 sect
379 2805 24 21 in
421 2806 129 26 preference
569 2812 23 17 to
617 2809 30 21 all

58 2827 81 21 others.

88 2854 43 22 Mr.
143 2854 80 23 Brown
230 2857 121 22 concurred
360 2858 24 21 in
396 2858 58 23 what
463 2859 44 22 had
513 2860 67 23 fallen
588 2862 57 22 from

58 2881 38 21 Dr.
109 2881 91 22 Martin.
229 2882 54 23 This
294 2891 44 14 was
349 2888 39 19 not
396 2892 12 15 a
417 2889 52 19 vote
480 2888 24 21 of
516 2895 82 21 money
610 2890 34 20 for

59 2907 37 22 the
107 2908 178 23 establishments
295 2912 119 26 generally,
428 2912 40 23 but
484 2914 34 21 for
533 2915 37 21 the
591 2923 53 20 sup-

59 2936 49 25 port
116 2934 27 21 of
154 2934 37 22 the
203 2935 154 29 Episcopalian
373 2938 72 23 alone.
485 2940 53 23 Had
555 2942 17 21 it
588 2942 57 22 been

60 2961 37 21 the
107 2961 91 26 general
209 2963 101 26 question
327 2965 26 20 of
363 2965 84 23 church
458 2967 186 29 establishments,

61 2987 61 22 there
141 2988 71 26 might
228 2988 57 23 have
301 2990 57 22 been
376 2999 59 15 some
450 2994 87 26 ground
552 2995 34 22 for
602 2995 43 23 dis-

59 3013 86 23 cussion
152 3022 5 18 ;
174 3015 40 21 but
224 3016 62 21 there
303 3018 67 21 could
384 3018 28 21 be
428 3026 66 20 none,
511 3021 73 22 where
601 3029 43 15 one

58 3043 46 19 sect
113 3041 65 21 alone
188 3041 64 22 seeks
262 3045 23 19 to
295 3044 137 28 monopolise
450 3046 29 21 all
499 3046 36 23 the
550 3048 93 22 benefit.

61 3067 47 22 The
116 3074 55 20 very
191 3070 134 27 proposition
344 3078 46 15 was
405 3072 88 28 absurd,
513 3074 96 23 because
628 3076 17 22 it

59 3095 110 26 supposed
177 3094 47 22 that
233 3097 78 27 people
322 3097 101 29 differing
433 3100 57 22 from
506 3101 56 22 each
578 3102 66 22 other

58 3121 22 21 in
101 3121 104 26 religious
220 3122 72 27 belief,
310 3124 73 23 would
401 3126 133 28 voluntarily
552 3128 52 27 give
614 3137 30 20 up

61 3147 55 22 their
127 3148 108 27 opinions,
252 3147 44 24 and
311 3150 58 23 their
384 3153 136 27 conscience,
538 3155 45 22 and
594 3162 50 16 vote

59 3181 60 20 away
139 3175 57 21 their
216 3183 80 20 money
315 3178 22 21 in
357 3184 91 22 support
466 3181 26 21 of
510 3180 48 23 that
570 3182 74 22 which

59 3202 52 26 they
122 3202 94 20 deemed
225 3205 24 19 to
258 3204 28 21 be
306 3211 60 15 error
381 3206 43 21 and
440 3207 99 23 untruth.
577 3209 65 22 Even

57 3228 39 21 the
106 3228 110 22 members
224 3229 26 22 of
260 3229 43 22 this
314 3231 91 22 Council
415 3232 65 23 differ
489 3241 53 21 very
560 3236 81 27 widely

56 3254 59 22 from
126 3254 56 22 each
191 3255 63 22 other
262 3255 23 22 in
296 3257 59 22 their
362 3258 104 28 religious
477 3262 108 27 opinions,
598 3263 45 21 and

58 3282 49 20 how
125 3288 42 14 can
186 3285 18 17 it
217 3282 29 22 be
264 3284 108 27 expected
392 3286 114 28 therefore,
527 3288 47 23 that
591 3289 53 27 they

57 3307 80 22 should
156 3314 67 20 agree
240 3309 23 22 in
283 3310 77 27 voting
377 3319 62 21 away
459 3314 56 22 their
539 3322 103 16 common

57 3335 68 21 funds
135 3335 35 21 for
180 3335 36 21 the
226 3340 91 23 support
326 3338 26 20 of
362 3345 12 14 a
385 3344 80 21 system
477 3341 26 21 of
513 3341 92 27 religion
616 3347 23 17 to

58 3361 73 21 which
141 3363 52 25 they
203 3361 56 22 have
270 3363 38 21 the
319 3366 109 25 strongest
443 3366 127 28 objections.
603 3369 39 22 We

56 3387 58 22 have
125 3394 30 15 no
165 3387 66 22 funds
242 3393 21 17 to
273 3394 91 23 support
373 3391 36 27 all,
428 3394 45 20 and
489 3394 110 23 therefore
614 3396 28 22 he

57 3414 73 22 would
141 3418 91 23 support
252 3422 65 16 none.
357 3417 36 22 He
412 3418 76 28 highly
506 3420 134 30 deprecated

55 3441 38 21 the
114 3444 95 25 attempt
223 3444 22 20 to
264 3445 34 19 set
316 3450 31 20 up
365 3451 14 14 a
397 3448 55 19 state
472 3447 81 23 church
576 3449 64 22 here.

58 3468 101 27 Nothing
169 3467 66 23 could
245 3476 60 15 more
316 3469 79 28 deeply
410 3471 74 28 injure
502 3473 37 22 the
554 3475 86 29 colony.

58 3495 22 21 It
91 3495 135 24 hadpioved
241 3502 14 15 a
268 3502 63 16 curse
341 3497 22 21 in
380 3504 39 15 our
438 3499 87 22 mother
540 3506 100 22 country,

56 3521 45 22 and
109 3521 51 28 why
170 3521 65 22 shoul
246 3529 31 15 we
292 3523 117 22 introduce
423 3525 19 22 it
456 3525 61 22 here.
553 3528 21 21 It
593 3529 45 22 had

56 3549 57 21 been
121 3548 72 22 stated
204 3548 48 22 that
262 3549 59 22 Lord
338 3551 91 27 Stanley
443 3552 23 21 in
484 3552 32 22 his
536 3554 106 28 despatch

56 3575 45 21 had
111 3576 182 24 Irecommended
312 3584 13 14 a
345 3581 50 18 vote
409 3582 38 19 out
456 3578 27 21 of
495 3579 36 22 the
542 3580 98 25 Colonial

56 3601 142 28 revenuejfor
209 3602 36 22 the
256 3603 118 28 travelling
383 3611 107 21 expenses
500 3606 25 21 of
531 3606 38 23 the
578 3608 62 23 Lotd

56 3627 83 28 Bishop
149 3628 27 21 of
187 3628 56 22 New
254 3629 107 28 Zealand,
378 3631 40 22 but
432 3632 45 21 this
491 3633 66 22 could
567 3634 29 22 be
612 3642 30 16 no

54 3662 88 20 reason,
154 3661 24 15 as
187 3655 18 21 it
214 3656 68 27 ought
293 3660 22 18 to
325 3657 27 22 be
362 3658 97 27 optional
471 3659 51 22 with
531 3660 37 22 the
583 3661 54 23 colo«

56 3682 55 21 nists
117 3685 23 19 to
151 3681 73 23 refuse
233 3682 18 22 it
257 3689 24 15 or
290 3687 47 18 not.
380 3684 44 23 But
433 3685 60 23 what
502 3686 70 23 better
581 3688 61 26 right

54 3707 47 23 had
111 3708 37 22 the
158 3707 84 27 Lordly
252 3708 83 30 Bishop
355 3714 22 18 to
393 3712 56 21 have
466 3712 37 23 his
521 3714 120 28 travelling

55 3742 108 18 expenses
179 3734 54 28 paid
252 3737 52 21 than
323 3737 38 21 the
381 3738 130 28 Wesleyans
533 3740 46 23 and
602 3742 38 21 tha

56 3761 118 26 Catholics,
186 3761 49 23 who
245 3763 108 22 travelled
369 3772 23 13 as
407 3766 68 21 much
492 3774 24 15 as
525 3766 35 23 hi
556 3766 21 23 3
570 3768 70 23 L6rd-

54 3787 62 28 ship;
132 3795 57 15 were
200 3796 29 14 no
245 3789 70 22 doubt
334 3791 93 28 equally,
437 3793 90 23 zealous
542 3794 23 21 in
583 3795 58 22 then-

54 3815 97 26 labours,
162 3815 43 22 and
216 3815 62 22 these
288 3815 95 30 perhaps
392 3825 57 15 were
465 3820 89 28 equally
570 3820 70 25 bene-

52 3841 59 22 ficial
122 3845 21 17 to
163 3841 37 23 the
219 3843 103 22 natives?
359 3844 38 23 He
418 3846 81 22 should
523 3848 113 23 therefore

54 3875 81 20 oppose
144 3867 38 23 the
193 3872 57 20 vote.

78 3894 50 23 The
139 3894 118 24 Governor
265 3895 104 29 inquired
378 3897 63 23 when
456 3899 36 22 the
504 3907 135 18 occurrence

49 3921 54 23 took
113 3921 70 26 place.
548 3925 5 3 ~
591 3938 5 9 ;
644 3933 2 4 ■

713 130 41 21 Dr.
766 129 82 22 Martin
859 131 67 25 (gave
942 136 67 15 name
1023 130 44 22 and
1082 130 60 26 date)
1155 130 45 22 and
1212 130 59 22 said'

685 156 28 21 he
724 155 42 22 had
776 163 28 14 no
815 156 70 21 doubt
892 156 39 21 but
939 156 44 21 Mr.
992 156 111 22 MTntosh
1111 156 37 22 the
1157 163 114 20 surveyor*

685 182 44 21 still
739 182 153 21 remembered
906 182 47 21 that
968 182 26 22 he
1009 182 51 27 (Dr.
1077 183 94 24 Martin)
1184 189 87 15 accom-

684 208 80 27 panied
777 209 35 21 tha
821 215 55 20 poor
885 216 51 13 man
951 212 23 17 to
984 209 37 20 the
1032 210 109 30 Surveyor
1152 209 119 21 General's

685 234 71 27 office,
767 235 34 21 for
811 234 38 22 the
860 242 93 20 purpose
965 235 24 21 of
1001 235 147 26 ascertaining
1158 235 74 21 where
1242 235 29 22 he

685 261 72 26 might
765 261 56 26 bury
830 261 35 22 his
875 261 60 21 child
946 261 91 22 without
1045 261 67 27 being
1121 261 117 27 subjected
1249 265 22 18 to

684 294 29 14 an
724 294 97 20 expence
831 286 46 22 and
887 287 111 27 formality
1003 287 72 22 which
1082 287 29 22 he
1121 287 39 21 did
1169 291 42 18 not
1218 287 52 22 like.

711 313 48 21 The
771 313 117 22 Governor
902 320 45 15 was
956 313 73 28 happy
1036 316 22 20 to
1075 314 55 21 hear
1144 314 18 21 it
1172 321 45 14 was
1233 314 38 22 the

684 343 80 20 parent
783 339 48 22 who
850 339 108 27 objected,
979 340 46 22 and
1042 343 40 19 not
1100 340 38 22 the
1163 341 106 21 minister.

686 365 59 22 With
759 369 85 24 respect
859 370 23 18 to
900 367 36 21 the
945 366 102 27 question
1064 367 75 21 before
1155 366 68 27 them,
1242 366 28 22 he

684 391 50 22 took
746 398 28 15 an
781 392 93 27 entirely
882 392 101 22 different
990 393 55 21 view
1051 393 25 20 of
1083 392 37 22 the
1127 395 82 19 matter
1214 393 54 21 than

684 417 37 22 the
738 417 120 23 honorable
875 419 101 21 member
991 419 41 21 Dr.
1051 419 90 21 Martin.
1176 419 94 27 Twenty

684 450 64 20 years
767 452 41 19 ago
826 445 128 26 Europeans
974 445 65 21 could
1054 449 39 17 not
1112 445 44 21 live
1172 445 23 21 in
1213 446 56 21 New

684 470 106 27 Zealand,
798 471 44 21 and
851 471 67 22 about
924 474 80 24 twenty
1013 478 64 19 years
1084 478 41 20 ago
1133 471 38 21 the
1178 471 90 23 Church

683 497 25 20 of
722 497 103 26 England
842 497 148 22 missionaries
1007 497 145 23 commenced
1169 497 58 23 their
1236 499 32 21 la-

684 523 72 27 bours,
767 523 110 28 spending
892 524 101 27 upwards
1004 524 25 21 of
1039 525 97 25 j£20,000
1150 524 116 27 annually,

684 550 42 20 and
741 550 106 27 prepared
863 550 37 21 the
914 550 86 22 natives
1014 551 36 21 for
1065 551 38 21 the
1120 551 114 26 reception
1245 552 26 20 of

684 575 134 27 Europaans,
837 576 92 22 assisted
946 576 88 27 latterly
1046 577 29 25 by
1090 577 37 21 the
1149 577 117 27 Wesleyan

685 602 91 21 Mission
786 611 5 18 ;
810 603 48 21 that
868 602 63 22 other
944 607 56 17 sects
1017 610 56 15 were
1090 604 42 20 few
1150 604 45 20 and
1211 607 55 18 scat-

684 629 67 25 tered,
763 630 42 20 and
821 629 28 21 he
867 629 39 21 did
915 630 63 20 think
995 630 17 20 it
1023 630 73 20 unfair
1106 633 23 17 to
1139 630 73 21 refuse
1230 630 36 21 the

682 659 73 21 grant,
765 656 77 26 seeing
852 655 48 22 that
906 663 31 14 we
944 663 37 14 are
988 655 106 22 indebted
1101 660 21 17 to
1131 656 38 21 the
1178 656 88 22 Church

684 680 25 21 o-f
711 682 105 26 England
823 682 92 21 Mission
924 682 34 21 for
965 682 35 21 the
1009 682 78 26 colony
1096 682 67 26 being
1170 683 95 27 formed;

683 706 27 23 he
721 708 52 21 read
784 715 27 14 an
822 711 87 19 extract
918 708 57 21 from
985 708 33 22 his
1028 709 141 21 instructions
1177 712 21 18 to
1205 709 61 22 shew

684 733 47 22 that
741 735 61 22 £590
812 741 43 15 was
861 734 92 23 allowed
963 735 29 27 by
999 734 38 22 the
1047 735 65 22 home
1118 739 149 22 government

684 759 33 22 for
735 760 37 22 the
792 767 94 21 purpose
906 761 125 26 (including
1049 761 104 27 schools),
1166 761 49 22 that
1229 762 37 22 the

684 786 92 23 Council
786 788 160 27 consequently
956 787 44 22 had
1007 795 31 14 no
1047 788 59 26 right
1115 791 24 18 to
1145 788 107 23 interfere
1259 797 6 17 ;

682 813 17 21 it
708 821 44 14 was
763 814 33 21 his
804 814 54 28 duty
865 819 22 16 to
894 814 56 22 have
955 814 109 28 proposed
1071 814 36 22 the
1115 822 48 14 sum
1169 814 96 23 allowed

682 839 29 26 by
723 840 37 21 the
774 841 64 21 home
854 844 153 23 government.
1035 840 48 23 The
1099 841 135 33 application
1244 842 26 21 of

683 865 37 22 the
729 874 49 15 sum
790 874 42 15 was
843 868 125 21 mis-stated
976 875 5 19 ;
993 868 17 21 it
1020 875 44 14 was
1075 868 34 21 for
1120 867 36 22 the
1167 868 99 22 minister

682 896 22 17 at
716 893 117 22 Auckland
844 894 61 25 only.

710 920 41 21 Dr.
764 920 81 21 Martin
856 920 99 21 referred
971 923 22 18 to
1004 920 37 22 the
1052 927 54 21 copy
1117 920 26 21 of
1155 920 39 21 the
1209 921 57 21 Esti-

683 949 70 18 mates
772 946 101 26 supplied
893 950 22 17 to
934 946 47 21 him
1001 948 27 25 by
1047 947 37 21 the
1105 946 66 22 Clerk
1186 948 23 20 of
1228 947 37 22 the

682 971 99 27 Council,
791 972 30 27 by
831 972 72 21 which
917 972 18 21 it
945 974 109 26 appeared
1065 973 36 22 the
1117 980 49 15 sum
1178 981 44 14 was
1232 974 34 21 for

682 998 37 21 the
733 1005 94 20 purpose
842 999 127 27 previously
983 1000 78 26 stated,
1073 999 55 22 such
1145 1000 68 26 being
1229 1000 36 21 the

682 1031 57 20 case,
750 1025 17 20 it
778 1033 43 14 was
830 1030 40 17 not
878 1026 61 26 right
949 1030 22 17 to
982 1033 77 15 accuse
1069 1026 111 21 members
1190 1026 26 21 of
1226 1026 40 22 be-

682 1051 38 26 ing
734 1052 105 26 ignorant
856 1052 26 21 of
898 1052 37 21 the
950 1052 113 28 questions
1078 1052 96 28 brought
1190 1053 76 22 before

682 1077 68 21 them.

708 1105 48 20 The
767 1105 116 22 Governor
893 1105 53 26 said,
958 1106 37 21 the
1005 1112 55 20 copy
1066 1113 44 14 was
1121 1108 39 19 not
1166 1108 95 24 correct;

682 1130 27 22 he
720 1131 39 21 did
768 1134 39 18 not
820 1131 84 28 impute
914 1133 118 25 ignorance
1051 1136 21 18 to
1081 1132 38 22 the
1130 1132 51 22 hon.
1193 1139 68 16 mem-

682 1157 38 21 ber
730 1158 39 21 Dr.
782 1158 90 21 Martin.

708 1184 41 21 Dr.
762 1185 89 21 Martin.
853 1196 27 4 —
882 1185 47 22 The
945 1185 43 22 Bill
1000 1185 33 21 for
1044 1185 38 22 the
1092 1185 174 27 Appropriation

682 1210 24 21 of
717 1218 97 14 revenue
825 1211 45 22 had
880 1219 30 14 no
918 1212 113 21 reference
1047 1216 21 17 to
1078 1219 61 14 sums
1148 1212 26 21 of
1186 1219 80 20 money

681 1239 21 18 to
713 1237 26 21 be
750 1237 51 27 paid
814 1237 30 28 by
853 1239 39 20 the
903 1238 64 21 home
978 1242 151 23 government,
1141 1239 17 21 it
1173 1245 45 15 was
1228 1246 38 15 en-

682 1263 64 27 tirely
757 1270 12 14 a
779 1264 44 21 Bill
833 1265 35 21 for
882 1265 163 27 appropriating
1061 1272 80 20 money
1150 1265 74 22 raised
1242 1266 23 21 in

681 1289 37 22 the
736 1290 85 27 colony.
851 1291 26 22 If
889 1291 33 22 his
938 1291 135 28 Excellency
1083 1292 72 21 would
1171 1296 94 18 consent

681 1320 21 17 to
713 1316 37 22 the
761 1317 116 22 alteration
889 1319 108 26 proposed
1006 1318 29 27 by
1047 1319 44 20 Mr.
1107 1319 97 26 Clifford,
1218 1326 48 20 per-

680 1343 54 26 haps
744 1345 110 21 members
865 1345 73 21 would
952 1345 52 21 then
1015 1345 45 21 ieel
1069 1345 44 21 less
1124 1345 109 27 difficulty
1242 1346 23 21 in

680 1370 127 27 consenting
818 1373 21 19 to
849 1378 62 14 some
922 1371 25 21 of
953 1371 37 21 the
1001 1371 64 22 items
1075 1372 25 21 of
1108 1372 157 27 expenditure.

707 1397 44 21 Mr.
773 1397 90 22 Clifford
881 1398 52 21 with
950 1405 115 14 reserence
1080 1401 23 18 to
1122 1399 36 20 the
1176 1399 89 21 Church

681 1423 109 21 Missions
799 1424 53 26 said,
866 1425 67 21 much
943 1425 70 21 credit
1021 1432 44 14 was
1076 1425 42 21 due
1129 1428 21 18 to
1161 1425 60 21 them
1232 1426 34 21 for

680 1449 57 21 their
746 1450 89 21 zealous
846 1450 138 22 endeavours
994 1454 21 18 to
1030 1451 137 22 Christanize
1179 1452 37 21 the
1226 1459 40 14 na-

680 1475 62 26 tives,
754 1476 44 22 and
809 1477 33 21 for
857 1477 38 21 the
910 1484 82 19 money
1002 1478 52 26 they
1064 1477 44 22 had
1122 1480 66 24 spent
1199 1479 23 20 in
1233 1483 33 16 at-

680 1501 86 28 taining
775 1502 42 22 this
828 1503 81 28 object,
920 1504 42 22 but
978 1505 27 20 he
1015 1503 38 22 did
1062 1508 39 17 not
1115 1512 37 14 ace
1162 1505 49 21 that
1221 1512 44 15 was

680 1535 42 20 any
733 1536 78 14 reason
818 1529 49 28 why
874 1531 81 26 parties
967 1531 48 21 who
1025 1531 43 21 had
1080 1538 62 14 come
1152 1534 40 18 out
1202 1532 61 21 since

679 1555 46 21 and
734 1555 93 23 differed
837 1557 57 21 from
911 1557 58 21 their
979 1557 65 22 views
1059 1557 79 22 should
1155 1558 28 21 be
1199 1559 66 21 taxed

680 1585 21 17 to
720 1586 91 23 support
828 1583 68 26 them,
912 1591 62 15 more
992 1584 118 27 especially
1128 1592 24 14 as
1167 1585 98 27 through

681 1608 58 22 their
748 1608 111 23 influence
869 1610 53 21 with
940 1610 37 22 the
987 1611 85 21 natives
1087 1611 61 26 large
1157 1614 76 24 grants
1244 1613 24 20 of

678 1635 53 21 land
748 1635 44 21 had
806 1636 56 22 been
879 1636 113 27 obtained,
1004 1637 70 21 which
1089 1637 68 27 being
1171 1638 29 21 he
1215 1646 50 19 pre-

678 1661 79 22 sumed
767 1662 34 21 for
811 1662 36 22 the
863 1670 104 21 purposes
978 1663 25 22 of
1015 1663 36 21 the
1070 1664 102 26 Mission,
1186 1666 76 21 would

678 1687 23 22 in
712 1695 14 14 a
736 1688 61 22 short
806 1689 54 22 time
870 1689 29 21 be
915 1690 73 27 ample
998 1691 33 20 for
1047 1690 27 22 its
1088 1694 98 24 support.
1188 1701 28 5 —
1216 1691 48 22 The

678 1714 52 22 hon.
741 1715 99 22 member
854 1716 55 22 then
920 1717 52 21 took
987 1724 12 14 a
1010 1717 54 21 view
1074 1717 25 21 of
1112 1717 38 21 the
1160 1717 103 23 Catholic

678 1741 101 26 Mission,
792 1745 21 18 to
823 1742 67 26 |show
906 1743 48 21 that
971 1743 51 26 they
1032 1743 45 21 had
1093 1744 56 21 been
1165 1752 25 14 as
1205 1746 60 21 zeal-

677 1768 62 27 ously
751 1769 117 26 employed
878 1769 34 22 for
922 1770 38 21 the
974 1769 43 22 last
1025 1771 36 20 six
1070 1777 25 14 or
1111 1778 67 14 seven
1189 1779 73 20 years,

678 1793 49 23 that
736 1795 22 21 in
769 1802 60 14 some
840 1795 95 23 districts
947 1796 56 22 their
1012 1797 73 21 native
1097 1797 108 22 followers
1215 1806 49 19 pre-

678 1821 142 26 ponderated,
831 1823 44 21 and
885 1823 23 21 in
918 1824 74 20 others
1003 1830 55 14 were
1069 1830 23 14 as
1104 1831 122 15 numerous
1235 1833 24 14 as

682 1847 62 22 those
757 1848 24 21 of
789 1848 37 22 the
833 1849 87 21 Church
931 1849 156 27 Missionaries,
1099 1850 45 22 and
1153 1851 28 22 he
1192 1851 73 23 there-

677 1874 48 21 fore
738 1875 92 26 thought
839 1875 52 28 they
900 1876 44 21 had
953 1884 24 14 as
987 1877 65 21 much
1059 1877 65 21 claim
1136 1880 21 18 to
1165 1878 37 22 the
1212 1886 52 21 sup-

678 1901 25 21 of
711 1901 160 28 Government,
883 1910 62 14 more
954 1903 142 27 particularly
1103 1911 23 14 as
1137 1904 53 27 they
1199 1911 65 21 spant

677 1934 14 14 a
707 1928 150 22 considerable
875 1936 49 15 sum
941 1929 106 27 annually
1059 1937 27 14 on
1103 1931 39 21 the
1159 1932 102 26 Mission,

677 1955 44 20 and
731 1954 46 22 had
794 1958 39 18 not
842 1956 92 22 become
950 1956 62 22 Land
1022 1957 121 21 Claimants
1152 1958 33 21 for
1204 1966 59 14 more

678 1980 53 22 than
751 1988 14 13 a
783 1981 40 21 few
844 1982 101 21 hundred
964 1990 61 14 acres
1046 1983 116 26 altogthcr,
1185 1985 76 26 barely

677 2007 109 21 sufficient
797 2007 33 22 for
840 2008 94 22 Mission
944 2009 78 21 houses
1032 2009 44 21 and
1085 2009 104 27 gardens.

704 2034 48 20 The
772 2034 114 22 Governor
904 2035 53 26 said,
976 2036 35 20 the
1028 2035 52 22 hon.
1101 2038 100 21 member
1219 2039 42 21 Mr.

677 2060 92 21 Clifford
784 2060 44 22 had
838 2061 76 22 shewn
929 2069 89 15 reasons
1032 2063 49 23 why
1098 2063 36 21 the
1152 2065 110 21 Catholics

678 2086 79 22 should
769 2087 26 21 be
806 2088 98 21 assisted,
917 2089 40 21 but
965 2089 29 21 he
1004 2089 45 21 had
1059 2089 75 21 shewn
1146 2098 58 14 none
1215 2092 46 26 why

678 2113 35 21 the
734 2114 119 22 assistance
873 2114 81 22 should
969 2115 28 21 be
1016 2115 153 23 discontinued
1186 2121 22 17 to
1226 2119 36 20 the

678 2140 96 26 Church,
797 2140 71 22 which
887 2141 45 21 had
953 2141 80 27 always
1052 2142 56 21 been
1123 2143 75 26 given.
1242 2145 21 21 It

678 2166 72 22 would
762 2167 25 20 be
805 2168 90 26 turning
911 2176 40 13 our
964 2169 68 21 backs
1051 2176 57 19 upon
1122 2170 35 22 the
1174 2171 89 21 Church

677 2193 43 21 and
732 2193 84 27 saying,
828 2195 197 26 notwithstanding
1036 2195 36 21 the
1082 2196 58 26 good
1152 2204 43 19 you
1205 2197 56 22 have

677 2220 65 26 done,
759 2227 31 14 we
807 2225 56 17 want
878 2221 94 27 nothing
986 2229 61 14 more
1066 2227 20 15 to
1101 2223 28 21 do
1141 2225 52 20 with
1209 2232 52 18 you.

677 2246 47 22 The
741 2246 100 22 Caiholic
857 2248 82 21 Priests
950 2255 56 15 were
1023 2253 39 17 not
1077 2248 53 22 land
1148 2250 115 22 claimants

678 2273 66 27 being
764 2274 76 21 aliens.
877 2275 22 20 A
920 2275 42 21 Bill
981 2275 71 21 would
1071 2275 27 22 be
1116 2277 103 27 required
1240 2282 23 18 to

677 2300 122 21 naturalize
812 2300 68 21 them.

704 2326 44 22 Mr.
760 2327 98 21 Clifford.
859 2340 28 3 —
888 2328 63 27 They
960 2328 45 22 had
1014 2328 58 22 been
1082 2329 22 21 in
1115 2329 38 22 the
1167 2335 94 22 country

677 2352 63 22 when
751 2353 67 27 being
826 2354 71 22 aliens
908 2362 46 14 was
963 2362 30 15 no
1008 2354 121 24 hindrance
1139 2360 21 18 to
1177 2357 84 22 obtain-

677 2380 35 26 ing
725 2380 53 21 land
787 2380 57 22 from
856 2382 38 21 the
910 2382 92 27 natives,
1014 2382 39 22 but
1063 2382 44 22 had
1118 2387 39 17 not
1166 2384 95 27 thought

677 2407 17 20 it
703 2406 113 22 advisable
828 2411 21 17 to
859 2408 30 20 do
899 2415 31 13 so.

703 2434 66 21 After
778 2441 60 14 Rome
848 2435 43 21 few
901 2435 99 22 remarks
1011 2435 55 22 from
1083 2435 37 23 the
1137 2436 123 27 Governor,

677 2460 44 22 Mr.
734 2460 87 26 Clfford,
833 2462 45 21 and
895 2462 40 22 Dr.
953 2462 89 26 Nartin,
1060 2462 36 21 the
1114 2463 147 23 amendment

676 2493 43 16 was
729 2488 124 25 negatived.
892 2488 40 22 Dr.
954 2489 83 21 Martin
1052 2489 45 21 and
1114 2490 43 21 Mr.
1179 2491 81 21 Brown

676 2514 76 26 voting
762 2515 39 25 for,
804 2525 26 4 —
833 2514 37 22 the
880 2515 124 23 Executive
1019 2515 94 27 against.
1115 2527 27 4 —
1145 2517 43 22 Mr.
1209 2518 53 21 Clii-

676 2541 48 21 ford
736 2540 102 22 declined
849 2542 85 26 voting.

703 2568 102 26 Original
814 2575 48 15 sum
873 2568 101 22 allowed.

702 2594 48 21 The
771 2594 117 22 Governor
907 2595 54 27 said,
978 2596 28 22 he
1023 2596 80 22 should
1112 2604 48 15 now
1169 2604 92 21 propose

677 2621 47 21 that
734 2621 37 21 the
781 2628 48 14 sum
840 2622 26 21 of
879 2622 61 22 £200
956 2623 27 21 be
999 2623 66 21 voted
1078 2630 25 14 aa
1120 2631 28 15 an
1162 2625 99 22 increase

677 2652 21 17 to
708 2647 38 22 the
757 2647 71 29 salary
840 2649 25 21 of
877 2649 38 21 the
925 2649 60 21 Lord
1002 2649 89 28 Bishop.
1131 2651 22 21 It
1165 2658 46 16 was
1228 2652 34 22 his

676 2681 48 15 own
743 2675 125 21 individual
889 2676 143 27 proposition,
1052 2677 28 21 he
1094 2677 45 22 had
1155 2682 40 18 not
1209 2686 53 14 con-

676 2702 72 21 sulted
759 2702 37 21 the
808 2701 131 28 Executive,
953 2702 44 22 and
1005 2703 18 21 it
1030 2703 64 22 could
1105 2708 38 18 not
1150 2705 112 23 therefore

675 2728 28 22 be
713 2728 132 22 considered
864 2736 13 14 a
898 2729 156 22 Government
1073 2733 143 26 proposition,
1234 2733 28 21 he

676 2756 89 21 wanted
775 2755 36 21 the
822 2755 122 22 Executive
956 2759 22 17 to
987 2756 137 24 understand
1134 2758 54 23 that.

703 2782 41 21 Dr.
755 2782 83 21 Martin
849 2782 56 27 said,
917 2782 47 22 that
974 2783 28 21 he
1013 2783 131 23 considered
1163 2785 36 22 his
1218 2786 44 22 Ex-

677 2808 99 27 cellency
784 2808 45 22 had
840 2809 67 21 taken
919 2809 36 21 the
973 2810 93 22 Council
1081 2811 29 27 by
1125 2812 97 27 surprise
1238 2813 24 23 in

677 2835 91 27 making
785 2835 54 22 such
859 2843 14 14 a
888 2836 103 27 proposal
1009 2844 24 14 as
1051 2837 37 22 the
1105 2843 103 23 present;
1234 2839 28 23 he

675 2862 80 22 looked
766 2869 58 19 upon
837 2862 37 22 the
886 2863 102 25 question
998 2863 74 23 before
1083 2864 37 22 the
1131 2865 95 23 Council
1237 2874 25 15 as

675 2889 68 27 being
753 2896 12 14 a
776 2893 57 17 most
842 2890 122 26 important
974 2897 41 14 one
1023 2898 5 19 ;
1044 2891 18 21 it
1077 2898 43 15 was
1137 2896 41 18 not
1186 2893 44 22 fair
1240 2896 22 19 to

675 2923 59 19 press
745 2923 13 14 a
767 2923 101 14 measure
880 2916 26 21 of
917 2916 54 22 such
988 2917 135 27 importance
1139 2922 23 18 to
1179 2927 13 14 a
1211 2924 51 18 vote

675 2949 28 15 on
721 2950 25 14 so
766 2942 62 22 short
846 2950 15 14 a
878 2943 83 21 notice.
1004 2943 24 21 If
1047 2944 35 22 his
1106 2946 156 28 Excellency's

675 2970 82 21 motion
778 2976 55 15 were
851 2970 92 27 carried,
963 2970 28 21 he
1007 2970 44 22 had
1068 2978 29 15 no
1107 2972 120 23 hesitation
1239 2974 22 21 in

675 2996 78 27 saying
771 2996 17 21 it
806 2996 72 22 would
898 2996 99 26 produce
1021 3004 12 14 a
1049 3005 54 20 very
1129 2999 42 22 bad
1195 3001 67 21 effect

675 3022 135 27 throughout
818 3023 38 21 the
866 3022 89 28 colony,
967 3023 44 22 and
1026 3025 53 21 tend
1094 3026 68 21 much
1178 3029 23 18 to
1219 3027 43 22 add

675 3052 21 18 to
717 3049 37 22 the
773 3050 126 22 discontent
917 3050 73 22 •which
1007 3050 90 29 already
1117 3053 93 26 existed,
1232 3054 28 22 he

673 3077 112 25 regretted
795 3080 21 18 to
826 3084 40 20 say
876 3079 22 19 to
910 3084 14 14 a
936 3084 54 20 very
998 3083 63 21 great
1076 3082 77 18 extent
1160 3088 5 19 ;
1169 3101 3 6 ;
1181 3081 80 27 people

673 3110 57 14 were
740 3103 90 28 already
839 3104 119 27 preparing
969 3108 21 18 to
1001 3105 69 25 leave,
1082 3105 94 23 because
1183 3107 27 21 of
1223 3108 38 21 the

674 3129 131 23 threatened
816 3135 69 22 taxes,
896 3131 46 21 and
950 3131 21 21 if
983 3138 48 15 new
1045 3132 101 22 Zealand
1163 3140 58 16 were
1239 3138 22 18 to

673 3156 27 22 be
711 3163 12 14 a
734 3157 89 22 Church
830 3157 26 22 of
863 3157 104 27 England
978 3157 87 28 colony,
1076 3159 36 22 the
1119 3167 81 16 sooner
1208 3161 52 26 they

672 3183 40 21 left
720 3184 37 20 the
769 3184 77 20 better.

699 3210 49 22 The
758 3210 124 24 Governor.
882 3222 29 4 —
912 3211 48 22 The
969 3211 52 22 hon.
1033 3213 100 22 member
1145 3213 40 23 Dr.
1197 3215 63 22 Mar-

673 3237 31 21 tin
715 3237 52 21 took
783 3244 41 16 one
835 3238 56 22 view
901 3238 27 21 of
939 3238 37 22 the
993 3238 92 29 subject,
1100 3239 46 23 and
1162 3241 26 21 he
1207 3242 52 22 took

673 3264 106 26 another;
800 3265 17 20 it
830 3265 75 22 would
922 3265 28 22 be
967 3269 87 23 strange
1069 3265 21 22 if
1102 3267 37 21 the
1156 3269 102 26 proposal

672 3290 80 22 should
769 3290 27 22 be
806 3291 137 26 withdrawn,
955 3291 94 23 because
1059 3296 40 18 not
1115 3295 111 26 approved
1236 3296 24 21 of

671 3317 30 27 by
710 3317 38 21 the
759 3317 54 22 hon.
823 3318 108 27 member,
943 3318 51 22 that
1001 3319 72 21 would
1082 3319 28 22 be
1120 3321 138 23 intolerance

670 3343 88 23 indeed.
788 3344 37 22 He
835 3345 48 25 (the
892 3345 127 25 Governor)
1025 3345 72 28 might
1103 3350 40 18 not
1152 3347 27 23 be
1189 3349 66 27 right,

671 3370 40 22 but
720 3370 29 22 he
758 3370 45 22 had
813 3377 24 15 as
847 3371 59 28 good
920 3379 14 15 a
942 3371 85 23 chance
1037 3373 26 21 of
1073 3373 68 27 being
1150 3381 24 15 so
1185 3382 24 14 as
1220 3376 37 22 the

671 3396 51 22 hou.
734 3398 106 21 member.
870 3398 37 22 He
919 3398 47 27 (the
977 3398 124 28 Governor)
1113 3400 47 22 had
1169 3408 14 15 a
1197 3403 61 26 right

671 3427 21 18 to
703 3424 66 22 make
779 3432 12 14 a
799 3425 102 27 proposal
911 3432 25 15 as
945 3425 50 22 well
1005 3433 23 14 as
1038 3426 37 22 the
1085 3426 51 23 hon.
1147 3429 107 28 member,

670 3450 47 22 and
724 3458 45 14 was
778 3455 38 18 not
823 3454 23 18 to
852 3452 27 22 be
890 3451 100 23 diverted
996 3453 29 27 by
1032 3453 38 21 the
1078 3453 52 22 hon.
1137 3455 119 23 member's

670 3478 129 27 opposition.
829 3478 37 22 He
878 3478 49 27 (the
935 3478 124 28 Governor)
1069 3480 51 22 took
1131 3488 13 14 a
1153 3481 103 23 different

669 3511 55 15 view
735 3504 26 22 of
767 3504 38 22 the
814 3505 87 28 subject
910 3505 129 28 altogether,
1045 3507 25 21 in
1081 3506 34 23 his
1125 3507 91 28 opinion
1226 3517 30 14 no

670 3531 138 28 community
825 3531 66 23 could
908 3539 92 26 prosper
1016 3533 91 22 without
1124 3536 132 28 supporting

669 3558 112 22 ministers
791 3558 44 22 and
845 3559 88 21 schools
942 3561 22 19 ot
974 3566 66 21 every
1050 3559 176 25 denomination.

696 3584 40 22 Dr.
748 3584 84 23 Martin
847 3585 89 28 begged
950 3589 23 19 to
983 3594 75 15 assure
1073 3587 33 21 his
1117 3587 136 31 Excellency

668 3610 49 22 that
725 3612 18 21 it
752 3618 43 16 was
805 3619 53 19 very
865 3613 36 21 far
905 3612 59 22 from
973 3613 35 21 his
1014 3613 110 23 intention
1136 3617 22 19 to
1167 3615 87 28 dispute

670 3637 34 21 bis
713 3638 61 26 right
784 3642 22 18 to
817 3646 93 20 propose
921 3646 46 20 any
975 3640 83 22 motion
1070 3644 22 18 to
1100 3640 38 22 the
1149 3642 103 29 Council;

669 3663 28 22 he
708 3664 38 22 did
756 3669 39 18 not
804 3665 34 22 for
849 3672 42 15 one
906 3665 85 23 instant
1000 3667 101 27 question
1119 3667 49 23 that
1180 3669 72 27 right:

668 3690 29 21 he
707 3692 72 26 might
794 3692 59 22 have
862 3692 43 22 felt
916 3693 92 28 warmly
1023 3701 26 15 on
1066 3694 37 22 the
1112 3695 88 27 subject
1214 3697 40 22 be-

668 3717 48 21 fore
725 3718 37 22 the
771 3718 98 26 Council,
877 3719 95 22 because
983 3719 28 23 he
1020 3720 100 23 believed
1129 3721 48 23 that
1185 3723 19 21 it
1209 3730 44 15 was

668 3744 125 22 calculated
806 3748 23 18 to
845 3745 66 22 affect
920 3753 53 20 very
983 3745 107 29 seriously
1099 3747 38 23 the
1150 3748 103 25 interests

669 3770 25 21 of
708 3770 41 22 this
759 3772 86 26 colony,
857 3772 44 22 and
911 3779 29 17 on
953 3772 51 22 that
1012 3777 94 19 account
1120 3775 29 22 he
1159 3775 94 28 thought

669 3796 27 22 he
707 3804 43 15 was
758 3798 100 26 justified
866 3799 25 21 in
903 3799 85 26 asking-
992 3799 33 22 his
1034 3801 137 28 Excellency
1181 3807 23 17 to
1214 3803 38 22 de-

668 3823 34 22 fer
712 3824 37 22 the
758 3825 86 21 further
852 3825 162 23 consideration
1026 3827 25 21 of
1062 3827 37 23 the
1111 3829 85 22 motion
1208 3833 22 18 to
1239 3838 14 14 a

667 3850 73 22 future
751 3850 49 28 day,
812 3852 23 21 in
845 3852 66 22 order
921 3855 22 19 to
949 3854 108 22 ascertain
1069 3854 36 22 the
1112 3855 85 28 feeling
1204 3861 48 18 out-

666 3878 48 21 side
724 3878 38 22 the
773 3878 91 22 Council
874 3885 29 15 on
917 3886 14 14 a
941 3886 99 16 measure
1049 3888 24 14 bo
1083 3881 128 28 important.

694 3903 48 23 The
753 3904 117 24 Governor
879 3905 57 28 said,
946 3906 28 22 he
985 3906 78 24 should
1073 3915 60 20 press
1143 3909 37 22 the
1187 3917 65 20 ques-

667 3930 47 22 tion
724 3934 24 18 to
758 3937 13 15 a
782 3931 101 21 division.

2052 3866 74 17 Printed
2138 3869 38 16 and
2190 3869 102 20 published
2309 3874 57 16 every
2383 3870 110 20 Wednesday

1923 3886 91 21 morning,
2036 3887 25 20 by
2079 3888 86 20 Epwabd
2185 3890 49 19 Roj,
2250 3892 21 15 at
2292 3890 33 17 the
2348 3891 56 17 Office
2420 3892 22 17 of
2465 3891 28 16 the

1924 3909 49 15 New
1988 3907 100 18 Zealand
2098 3909 91 18 Gauettb
2201 3915 41 12 and
2256 3911 141 17 Wellington
2413 3913 80 17 Specta-

1922 3933 45 13 tor,
1980 3928 155 22 Maanert-ttr««t,
2144 3932 116 20 Wellington,
2275 3933 46 16 Port
2335 3933 107 19 Nloholion,
2455 3935 38 15 New

1924 3950 85 15 Zealand.

573 43 99 46 JPfce
696 43 118 42 Ntto
839 43 209 41 StaUmt*
1073 43 192 47 4Br*f*ttt
1288 45 92 40 attb
1405 44 300 46 WMUnqton
1728 42 260 48 Jbptctator*

1327 130 40 22 Dr.
1379 130 85 22 Martin
1470 130 78 27 stated,
1556 130 45 23 that
1607 138 25 15 as
1638 131 37 22 the
1682 132 68 22 Rules
1757 132 26 21 of
1788 132 91 23 Council

1299 163 51 15 now
1364 156 72 27 stood,
1446 157 19 21 it
1474 163 45 16 was
1527 157 58 27 quite
1600 160 127 25 competent
1736 158 35 22 for
1786 158 35 23 his
1837 160 42 20 Ex-

1300 183 99 26 cellency
1407 186 23 18 to
1440 190 62 19 press
1512 191 43 19 any
1563 191 101 15 measure
1670 188 24 17 to
1704 192 13 13 a
1724 184 103 26 division,
1836 185 43 22 and

1300 209 27 21 he
1338 212 59 19 must
1403 217 39 18 say
1448 209 50 22 that
1506 209 28 22 he
1543 217 46 14 now
1595 210 103 26 regreted
1705 210 47 22 that
1762 211 38 21 the
1812 211 67 22 Rules

1299 235 44 22 had
1357 235 59 22 been
1431 235 83 22 altered
1529 236 22 21 in
1566 236 47 21 that
1629 243 100 20 manner,
1745 237 31 26 by
1792 236 36 21 the
1844 237 35 22 old

1299 261 69 22 Rules
1375 262 25 21 of
1404 261 93 22 Council
1505 269 28 14 no
1540 263 118 26 important
1663 263 145 22 amendment
1814 264 65 21 could

1299 287 26 21 be
1335 287 95 22 decided
1439 292 24 17 at
1472 287 38 22 the
1520 289 49 21 time
1579 289 49 21 that
1641 289 74 22 notice
1726 297 44 14 was
1780 290 66 26 given
1858 290 21 21 of

1298 313 37 22 the
1346 321 59 15 same
1411 322 6 19 ;
1433 314 30 22 he
1472 315 41 21 felt
1531 315 26 21 he
1566 322 43 15 was
1623 315 24 22 in
1666 315 49 22 that
1730 319 87 24 respect
1834 320 23 17 at
1866 323 13 14 a

1298 339 165 27 disadvantage.
1494 341 37 21 He
1540 341 41 22 had
1590 349 69 20 every
1665 349 78 14 reason
1755 345 22 18 to
1786 349 93 26 suppose

1298 365 48 22 that
1355 366 37 22 the
1403 366 81 22 official
1500 368 106 22 members
1621 369 75 21 would
1712 371 48 19 vote
1775 368 54 22 with
1846 369 33 21 his

1297 392 142 27 Excellency,
1456 393 40 22 but
1510 393 28 23 he
1553 393 70 28 hoped
1640 395 49 21 that
1704 395 30 27 by
1743 396 136 26 postponing

1298 418 36 22 the
1345 423 81 18 matter
1442 419 53 28 they
1510 420 67 27 might
1590 421 59 22 have
1665 421 54 21 time
1734 424 23 19 to
1767 421 110 27 consider,

1297 445 44 21 and
1352 445 71 22 would
1433 445 76 23 reflect
1518 447 70 21 before
1598 454 24 14 so
1633 447 75 26 doing.

1324 471 123 23 Governor.
1448 483 29 4 —
1477 472 49 22 The
1536 473 49 22 hon.
1595 475 103 20 member
1707 482 42 14 was
1757 475 61 27 quite
1825 475 52 21 mis-

1297 497 65 22 taken
1372 505 25 15 as
1411 498 48 22 how
1469 499 38 22 the
1517 499 76 22 official
1609 501 111 21 members
1730 501 75 22 would
1815 504 50 19 vote
1871 509 6 19 ;

1296 523 27 23 he
1334 524 48 26 (the
1394 525 126 27 Governor)
1529 526 39 22 had
1579 526 34 22 his
1622 527 74 26 views,
1705 527 40 22 but
1755 527 74 22 would
1840 532 38 18 not

1296 551 89 26 explain
1400 551 68 27 them,
1487 552 37 22 the
1535 556 57 18 votes
1609 553 73 22 would
1698 553 60 23 show
1767 554 51 22 who
1834 562 44 14 was

1296 577 65 24 right.

1323 604 65 20 After
1399 611 60 15 some
1466 605 98 21 remarks
1573 606 40 21 Dr.
1621 606 85 22 Martin
1715 608 108 26 proposed
1832 608 46 22 that

1295 629 36 22 the
1352 630 84 22 further
1455 631 130 22 disscussion
1604 632 28 21 he
1651 633 101 22 deferred
1772 634 35 22 till
1824 637 54 19 next

1295 656 104 24 meeting.

1320 682 47 22 The
1379 684 100 21 Colonial
1496 684 111 27 Secretary
1618 685 55 26 said,
1691 685 29 22 he
1736 686 81 22 should
1827 690 50 18 vote

1294 709 52 22 with
1357 709 36 22 the
1404 710 52 21 hon.
1467 711 98 21 member
1574 711 40 21 Dr.
1626 711 91 27 Martin,
1729 713 109 27 although
1844 713 34 21 for

1294 735 102 22 different
1413 744 98 20 reasons,
1529 737 39 21 and
1584 741 58 18 went
1657 745 29 15 on
1706 742 21 18 to
1742 743 57 18 state
1820 741 56 25 that,

1294 762 84 26 though
1396 764 95 21 anxious
1510 767 22 18 to
1548 764 74 22 favour
1642 764 34 22 his
1693 772 48 14 own
1757 766 121 27 particular

1294 788 55 21 faith
1359 789 28 21 he
1398 790 40 21 felt
1447 790 75 22 bound
1534 795 21 17 to
1564 791 62 21 assist
1636 791 30 21 all
1676 791 81 21 others.

1320 815 68 22 After
1402 823 13 14 a
1433 816 112 28 desultory
1560 819 153 21 conversation
1729 819 121 28 regarding
1866 828 12 14 a

1294 841 61 28 point
1365 842 25 21 of
1400 843 70 26 order,

1322 868 44 21 Mr.
1377 869 90 22 Clifford
1476 870 49 21 said
1536 870 44 22 that
1589 871 29 21 he
1629 871 54 21 took
1694 871 37 22 the
1741 880 63 14 same
1822 873 55 22 view

1295 894 24 22 of
1331 894 37 22 the
1379 896 86 21 6ubiect
1474 903 24 14 as
1509 896 37 22 the
1556 897 48 21 lion,
1617 898 101 21 member
1729 899 41 21 Dr.
1782 899 94 27 Martin,

1294 921 38 22 but
1353 922 72 21 would
1442 923 75 20 rather
1536 923 53 21 have
1609 924 38 21 the
1668 927 50 18 vote
1742 925 93 22 decided
1856 929 23 18 at

1295 953 61 21 once,
1368 951 22 17 to
1400 952 91 27 prevent
1502 950 144 26 excitement;
1663 950 28 21 he
1707 951 36 21 did
1759 956 40 17 not
1813 952 64 22 think

1294 973 36 22 the
1352 974 80 22 official
1450 976 110 21 members
1578 976 72 22 would
1668 981 51 17 vote
1734 977 33 22 for
1779 979 38 21 the
1828 986 49 19 pro-

1294 1000 67 27 posal,
1373 1000 39 22 but
1421 1008 29 15 on
1457 1002 41 21 the
1509 1005 100 25 contrary
1620 1003 95 27 thought
1727 1004 18 22 it
1761 1005 73 21 would
1849 1006 28 21 be

1294 1026 83 22 carried
1388 1028 87 26 against
1485 1028 32 22 his
1529 1030 138 27 Excellency.

1320 1053 45 22 Mr.
1377 1054 79 23 Brown
1465 1055 94 27 thought
1565 1057 46 21 that
1616 1057 38 21 the
1662 1058 106 26 proposed
1775 1058 101 22 addition

1294 1078 24 22 of
1329 1080 61 23 £200
1401 1085 22 17 to
1435 1081 35 22 the
1480 1082 73 27 salary
1567 1083 24 21 of
1602 1083 37 21 the
1655 1084 61 21 Lord
1731 1084 85 28 Bishop
1833 1092 44 15 was

1294 1109 38 18 not
1341 1106 54 27 only
1404 1107 66 22 liable
1482 1112 23 17 to
1515 1109 30 21 all
1555 1108 33 23 the
1599 1110 125 26 objections
1737 1111 23 21 in
1777 1112 63 27 point
1856 1113 24 21 of

1294 1132 106 28 principle
1419 1134 91 28 already
1529 1136 73 26 urged,
1623 1136 41 22 but
1682 1137 18 21 it
1714 1145 43 14 was
1768 1138 109 27 perfectly

1295 1158 80 23 absurd
1386 1160 44 21 and
1440 1162 155 21 unreasonable
1607 1162 63 23 when
1680 1164 19 20 it
1710 1171 43 15 was
1762 1165 115 21 consider-

1294 1185 26 22 ed
1331 1186 48 21 that
1388 1187 62 22 £600
1458 1188 45 21 had
1513 1188 54 22 been
1578 1189 90 28 already
1678 1191 109 25 provided
1796 1192 31 26 by
1839 1192 37 21 the

1295 1213 79 21 British
1394 1214 154 23 Government
1566 1216 31 21 for
1615 1216 39 22 the
1673 1221 92 23 support
1788 1219 26 20 of
1840 1218 37 22 the

1295 1239 89 27 Bishop,
1397 1240 63 22 while
1472 1249 32 14 we
1514 1242 43 21 had
1564 1243 45 26 just
1620 1243 69 22 heard
1706 1245 55 20 from
1779 1252 28 14 an
1823 1245 53 21 lion,

1294 1266 98 21 member
1401 1267 48 22 that
1459 1268 39 21 the
1508 1275 73 15 means
1592 1269 25 22 of
1629 1270 38 21 the
1684 1271 101 21 Catholic
1804 1271 74 22 Priest

1294 1292 51 21 here
1365 1292 38 22 did
1424 1298 38 17 not
1481 1296 67 21 reach
1567 1296 44 23 £50
1632 1304 39 19 per
1687 1304 90 20 annum,
1795 1298 37 21 the
1842 1298 35 22 in-

1295 1319 84 21 vidious
1390 1320 127 22 distinction
1527 1322 49 21 here
1587 1330 43 14 was
1640 1327 37 18 too
1689 1328 107 22 appaient
1813 1328 21 18 to
1850 1325 26 21 be

1294 1345 92 22 listened
1399 1351 20 16 to
1430 1347 35 21 for
1475 1355 12 13 a
1499 1353 102 23 moment,
1614 1350 46 21 and
1672 1350 36 21 the
1718 1351 82 21 motion
1808 1352 69 26 ought

1294 1376 21 17 at
1325 1379 56 15 once
1392 1379 22 15 to
1425 1373 27 22 be
1459 1375 97 26 rejected
1566 1375 27 28 by
1604 1376 37 21 the
1653 1377 99 22 Council.

1319 1399 48 21 The
1378 1400 216 27 Attorney-General
1606 1404 21 20 in
1646 1403 36 22 the
1700 1411 77 15 course
1797 1404 25 22 of
1843 1404 34 22 his

1294 1426 98 21 remarks
1416 1427 54 26 said,
1498 1428 36 21 the
1558 1429 75 27 colony
1651 1438 43 13 was
1715 1439 12 13 a
1750 1432 83 21 church
1855 1432 25 20 of

1294 1452 103 27 England
1407 1453 86 27 colony,
1515 1454 43 22 and
1567 1457 115 27 regarding
1693 1458 38 21 the
1741 1459 102 26 question
1856 1458 23 21 of

1294 1479 26 20 all
1332 1486 25 14 or
1367 1486 66 20 none,
1446 1480 29 21 he
1485 1481 79 22 should
1574 1487 48 16 vote
1632 1484 35 21 for
1679 1484 36 21 the
1732 1485 143 27 proposition.

1293 1505 45 22 The
1350 1506 52 22 hon.
1413 1508 100 21 member
1521 1508 53 26 said,
1584 1509 28 22 ho
1623 1510 80 22 should
1720 1519 28 14 on
1766 1512 29 21 all
1813 1519 64 14 occa-

1293 1533 58 21 sions
1362 1537 51 17 vote
1423 1534 51 21 with
1485 1534 36 21 the
1534 1536 123 27 Governor;
1675 1544 30 14 no
1724 1538 154 22 Government

1294 1559 64 22 could
1369 1559 26 21 be
1406 1560 85 22 carried
1503 1568 26 14 on
1540 1562 69 22 unless
1619 1563 18 21 it
1648 1571 44 14 was
1702 1571 31 15 so.

1319 1586 40 21 Dr.
1371 1586 85 22 Martin
1466 1595 45 14 was
1521 1590 119 26 extremely
1651 1598 63 20 sorry
1732 1595 21 18 to
1767 1591 58 22 hear
1840 1592 37 22 the

1293 1613 90 21 learned
1395 1614 216 26 Attorney-General
1623 1621 64 22 state,
1708 1618 46 21 that
1771 1618 45 21 this
1833 1626 44 14 was

1293 1647 12 14 a
1315 1639 89 22 Church
1413 1640 25 21 of
1449 1640 104 26 England
1571 1643 86 27 colony.
1696 1644 54 22 This
1765 1653 45 13 was
1830 1653 47 14 cer-

1294 1666 67 27 tainly
1381 1673 50 14 new
1448 1666 142 24 information
1612 1665 30 26 to*
1653 1671 52 25 him,
1719 1672 38 21 but
1769 1679 29 14 no
1809 1672 69 22 doubt

1294 1693 34 20 the
1339 1693 54 20 hon.
1414 1694 128 26 gentleman
1562 1696 40 21 had
1619 1696 57 27 leg;l
1695 1698 101 26 grounds
1816 1706 61 20 upon

1293 1719 71 22 which
1375 1724 22 16 to
1408 1720 67 21 found
1487 1720 43 23 this
1541 1723 87 25 opiuou.

1317 1746 49 21 The
1387 1747 118 21 Governor
1523 1748 51 27 said,
1595 1750 27 21 he
1643 1750 37 22 did
1700 1755 40 18 not
1759 1751 64 22 think
1839 1752 38 21 the

1293 1774 219 25 Attorney-General
1522 1780 74 17 meant
1606 1776 48 22 that
1666 1777 44 22 this
1722 1785 42 14 was
1771 1786 13 14 a
1792 1779 84 21 church

1293 1801 23 20 of
1329 1800 105 26 England
1445 1800 86 28 colony.

1317 1827 40 20 Dr.
1369 1827 85 21 Martin
1473 1829 72 22 would
1560 1830 25 21 be
1601 1830 52 27 glad
1674 1834 21 19 to
1713 1831 52 22 hear
1781 1832 38 21 the
1838 1833 39 21 At-

1293 1854 186 26 torney-General
1499 1856 86 27 explain
1609 1857 37 22 the
1672 1862 85 22 matter,
1784 1859 28 21 he
1834 1867 43 14 was

1292 1880 100 27 disposed
1404 1885 21 16 to
1437 1883 75 22 attach
1522 1883 63 22 much
1597 1885 81 25 weight
1689 1889 21 16 to
1728 1886 32 21 his
1777 1886 98 26 opinion,

1292 1908 43 20 and
1341 1907 28 21 he
1380 1910 109 25 supposed
1497 1911 16 20 it
1520 1914 55 17 must
1581 1910 56 22 have
1646 1912 55 21 been
1713 1912 46 21 well
1769 1912 106 22 founded.

1294 1934 33 21 He
1347 1933 37 22 did
1405 1938 38 17 not
1458 1935 88 23 himself
1562 1937 76 27 belong
1655 1941 22 18 to
1695 1938 37 22 the
1748 1939 91 21 Church
1855 1941 25 19 of

1292 1960 111 27 England,
1416 1962 42 21 and
1474 1963 29 22 he
1520 1963 44 22 had
1578 1971 27 14 no
1623 1965 71 21 desire
1707 1969 21 18 to
1739 1966 27 21 do
1777 1973 32 14 so.
1839 1967 38 20 He

1290 1987 108 26 regarded
1409 1988 38 20 the
1458 1990 131 21 established
1599 1991 108 22 churches
1719 1996 21 17 at
1755 1992 68 21 home
1833 1994 43 20 and

1292 2013 56 21 their
1364 2015 125 22 connexion
1507 2017 51 21 with
1573 2017 34 22 the
1624 2020 63 23 state,
1707 2026 24 13 as
1746 2026 13 13 a
1774 2026 63 15 curse
1854 2023 23 17 to

1292 2040 36 21 the
1341 2045 106 22 country;
1470 2043 52 26 they
1534 2051 52 14 were
1597 2051 28 14 an
1642 2044 147 26 impediment
1800 2049 21 17 to
1839 2046 37 21 the

1290 2074 102 19 pi-ogress
1410 2068 25 21 of
1451 2069 135 27 knowledge,
1603 2070 44 21 and
1665 2075 20 17 to
1698 2071 36 22 the
1751 2072 87 25 growth
1854 2073 25 20 of

1291 2093 106 26 intellect,
1409 2094 44 21 and
1464 2096 27 20 he
1504 2096 104 22 therefore
1617 2097 110 27 sincerely
1738 2098 83 22 trusted
1830 2099 47 22 that

1292 2119 54 22 New
1357 2120 101 23 Zealand
1468 2123 73 21 would
1552 2130 64 15 never
1628 2124 92 21 become
1732 2133 12 12 a
1755 2125 87 22 Church
1854 2126 26 21 of

1293 2147 109 27 England,
1414 2155 25 14 or
1449 2156 12 13 a
1473 2149 82 22 church
1571 2150 22 21 of
1607 2157 44 19 any
1663 2151 63 26 thing
1735 2151 88 27 colony.

1332 2174 57 33 The^
1410 2176 109 26 Attorney
1549 2176 91 22 General
1670 2178 127 27 explained,
1828 2179 49 21 that

1292 2200 106 27 although
1417 2201 27 21 he
1461 2201 45 22 had
1522 2204 46 21 said
1582 2211 22 14 so
1622 2211 29 14 on
1668 2204 38 21 the
1724 2212 52 20 spur
1794 2206 25 21 of
1839 2206 36 21 tho

1291 2230 106 23 moment,
1413 2227 27 22 he
1452 2228 37 22 did
1505 2234 109 17 notme.m
1632 2231 48 21 that
1690 2232 17 19 it
1723 2239 42 13 was
1776 2232 71 28 solely
1864 2239 12 14 a

1291 2253 87 22 Church
1386 2255 25 20 of
1420 2255 102 26 England
1529 2258 82 26 colony,
1622 2257 34 21 his
1665 2258 90 26 opinion
1764 2259 111 25 howevur,

1292 2288 42 13 was
1348 2281 54 26 only
1418 2285 22 18 to
1455 2283 27 20 be
1498 2284 104 26 regarded
1618 2284 38 22 the
1672 2292 62 15 same
1749 2293 23 13 as
1791 2286 48 21 th.it
1854 2286 25 21 of

1290 2314 44 19 any
1345 2307 64 22 other
1419 2315 86 20 person.

1317 2334 40 21 Dr.
1378 2335 85 22 Martin
1480 2338 103 26 accepted
1599 2338 24 21 of
1637 2338 37 21 the
1693 2339 142 27 explanation
1854 2340 26 21 of

1292 2362 35 20 the
1338 2362 111 25 Attorney
1461 2363 105 26 General,
1577 2366 105 25 amUanl,
1696 2366 47 21 thai
1752 2366 55 21 New
1819 2367 55 20 Zea-

1291 2387 52 22 land
1353 2388 72 25 mi^iit
1434 2389 51 21 with
1496 2398 25 13 as
1536 2392 61 20 mticli
1609 2397 113 22 propriety
1738 2394 26 19 be
1774 2394 73 20 called
1864 2401 12 12 a

1293 2415 85 20 Roman
1397 2415 106 28 Catholic,
1518 2425 23 13 or
1556 2425 12 13 a
1579 2418 92 25 French,
1684 2426 24 13 as
1724 2427 13 13 a
1747 2419 88 22 Church
1853 2420 26 21 of

1293 2441 101 26 England
1415 2442 88 27 colony.
1549 2444 34 22 He
1603 2446 102 21 believed
1724 2446 48 21 that
1792 2446 84 28 Bishop

1291 2468 127 26 Pompalier
1432 2475 43 15 was
1490 2472 117 26 supported
1622 2472 29 26 by
1668 2472 38 21 the
1724 2473 152 22 Government

1291 2494 24 21 of
1332 2495 91 26 France,
1445 2496 43 21 and
1505 2497 48 22 that
1569 2498 25 21 he
1611 2499 68 22 could
1699 2500 119 21 command
1839 2500 36 21 the

1291 2521 94 21 services
1406 2522 25 20 of
1449 2530 45 20 any
1515 2524 84 22 French
1619 2526 144 21 man-of-war
1781 2533 29 14 on
1833 2527 43 20 this

1291 2551 65 23 coast,
1368 2547 20 21 if
1402 2549 26 20 he
1440 2554 22 16 at
1471 2557 45 20 any
1527 2551 51 22 time
1585 2552 94 27 requred
1689 2552 61 22 them
1758 2560 5 18 ;
1780 2553 41 21 but
1830 2554 46 20 that

1291 2575 160 21 circumstance
1470 2576 40 22 did
1530 2582 39 17 not
1586 2579 75 26 surely
1681 2580 117 21 constitute
1820 2579 56 22 New

1291 2601 99 21 Zealand
1398 2609 12 13 a
1422 2602 95 28 French,
1526 2611 25 14 or
1560 2612 13 15 a
1580 2604 86 23 Roman
1678 2606 100 21 Catholic
1786 2606 89 27 colony.

1291 2628 35 21 He
1346 2628 80 21 should
1441 2629 32 22 .be
1494 2632 120 26 extremely
1635 2639 61 19 sorry
1717 2636 23 17 to
1760 2640 37 14 see
1818 2633 57 21 New

1291 2654 99 22 Zealand
1408 2663 13 13 a
1440 2656 84 23 church
1544 2659 25 20 of
1586 2665 42 21 any
1649 2659 63 27 thing
1729 2659 92 28 colony;
1848 2660 28 21 he

1290 2682 84 20 trusted
1384 2682 18 20 it
1413 2689 69 16 never
1498 2684 73 23 would
1581 2686 89 21 become
1686 2691 30 16 so.
1746 2686 48 22 The
1811 2686 65 22 inha-

1290 2709 82 20 bitants
1383 2709 24 20 of
1419 2709 43 22 this
1478 2716 91 23 country
1581 2719 54 14 were
1654 2713 120 25 composed
1785 2713 26 22 of
1823 2721 52 14 men

1291 2735 24 21 of
1327 2735 30 21 all
1369 2736 87 21 nations
1467 2737 47 21 and
1524 2738 30 21 all
1564 2738 108 28 religions.
1703 2740 29 21 In
1742 2747 29 14 no
1781 2745 95 23 country

1293 2769 41 14 was
1350 2768 14 14 a
1379 2765 103 25 stranger
1496 2771 25 14 or
1535 2772 14 14 a
1563 2765 107 27 foreigner
1686 2766 72 22 better
1772 2767 105 22 received

1292 2789 53 21 than
1358 2789 23 20 in
1398 2789 56 22 New
1468 2790 105 28 Zealand,
1588 2792 44 22 and
1642 2792 28 23 he
1686 2793 74 27 hoped
1769 2794 18 21 it
1802 2794 75 21 would

1291 2822 52 15 ever
1353 2816 105 21 continue
1469 2820 22 18 to
1501 2818 28 21 be
1539 2826 30 17 so,
1581 2820 40 21 and
1630 2820 49 21 that
1689 2820 88 22 neither
1786 2822 92 20 sectari-

1291 2842 69 21 anism
1371 2848 41 15 nor
1419 2843 88 27 bigotry
1519 2845 69 22 would
1595 2846 26 23 be
1627 2846 121 27 permitted
1755 2850 22 18 to
1786 2847 91 27 destroy

1292 2869 35 22 the
1346 2869 80 27 kindly
1444 2870 85 28 feeling
1550 2872 66 23 which
1638 2874 88 21 existed
1745 2881 85 20 among
1846 2874 32 22 all

1291 2896 81 21 classes
1382 2895 25 21 of
1420 2903 40 14 our
1469 2899 65 20 small
1543 2900 145 26 community.

1317 2923 66 20 After
1397 2930 61 15 some
1474 2926 100 21 remarks
1586 2926 56 23 from
1658 2928 47 21 Mr.
1720 2927 98 27 Clifford,
1835 2928 41 21 Dr.

1292 2949 103 22 Martin's
1412 2951 146 24 amendment
1573 2953 31 22 for
1619 2961 29 14 an
1659 2954 159 28 adjournment
1834 2962 44 14 was

1292 2977 125 24 negatived.

1317 3003 47 21 The
1385 3003 118 24 Governor
1522 3006 53 23 then
1592 3010 39 24 put
1649 3007 37 22 his
1707 3008 103 28 proposal
1830 3008 48 21 that

1291 3030 60 24 {6200
1360 3030 28 21 be
1400 3030 68 23 voted
1482 3039 24 14 as
1518 3040 27 15 an
1560 3034 96 22 increase
1667 3035 26 21 of
1704 3035 73 26 salary
1787 3035 37 21 for
1840 3035 37 21 the

1291 3057 88 25 Bishop.

1317 3084 61 26 Ayes
1378 3095 28 4 —
1408 3084 118 24 Governor
1536 3087 44 22 and
1594 3088 111 26 Attorney
1717 3088 107 27 General,
1827 3099 27 5 —
1854 3090 21 20 2.

1317 3110 59 22 Noes
1378 3121 27 6 —
1406 3112 102 22 Colonial
1526 3114 120 27 Secretary,
1663 3115 101 22 Colonial
1780 3116 97 22 Treasu-

1289 3145 40 18 rer,
1342 3138 91 22 Messrs.
1446 3138 87 28 Brown,
1543 3140 94 28 Clifford,
1646 3142 45 21 and
1701 3142 126 27 Martin,—
1827 3143 50 21 s.—

1290 3164 103 27 Proposal
1406 3166 127 26 negatived.

1473 3204 42 25 (To
1525 3204 24 21 he
1559 3206 93 20 continue
1656 3206 29 25 dj

1910 123 108 22 Candles
2026 130 5 15 :
2039 122 92 27 English
2140 129 56 20 wax,
2204 129 42 20 per

2054 149 23 21 lb
2255 151 13 20 0
2296 150 15 20 2
2340 151 13 19 3
2372 164 18 6 ..
2409 152 14 19 0
2451 154 14 20 3
2492 156 13 20 9

2020 177 74 29 Sperm
2255 178 13 18 0
2298 177 92 19 110..
2410 179 13 19 0
2451 181 14 19 3
2493 184 12 18 o

2019 202 77 22 Mould
2253 204 14 19 0
2296 204 14 19 0
2340 203 81 21 6..0
2451 207 13 19 0
2493 209 12 19 8

2020 229 56 26 Dips
2253 230 14 20 0
2295 230 15 20 0
2338 229 12 20 5
2369 242 7 7 .
2382 243 6 6 .
2408 231 12 19 0
2450 233 13 18 0
2492 236 12 18 o

1910 254 92 22 Flour:
2013 257 33 19 Ist
2052 254 89 28 quality,
2155 258 84 24 perton

2031 281 26 22 of
2067 282 51 21 2000
2129 281 34 22 lbs
2235 282 26 20 15
2291 282 13 20 0
2335 284 12 19 0
2367 283 53 20 ..16
2451 286 13 19 0
2491 289 12 19 0

2008 308 46 21 2nd
2064 308 51 21 ditto
2252 309 14 19 0
2296 309 14 20 0
2339 310 50 20 0..
2409 310 13 19 0
2451 312 13 20 0
2491 316 12 18 0

1907 333 64 22 Flax
1978 341 5 14 :
2000 334 29 22 N.
2041 334 25 21 Z.
2077 341 36 20 per
2122 336 40 19 ton
2187 347 45 8 ....
2239 334 26 21 15
2295 336 14 19 0
2338 336 13 20 0
2370 348 6 7 .
2383 348 6 7 .
2408 336 12 20 0
2449 339 14 19 0
2491 343 11 17 o

1934 360 45 23 Do.
1980 371 29 5 —
2011 360 102 23 onboard
2114 371 27 5 —
2142 360 122 27 pressedl7
2292 362 15 19 0
2336 363 12 20 0
2369 360 18 21 .'.
2406 362 14 21 0
2448 365 14 19 0
2490 368 12 18 C

1908 386 61 21 Gin:
1991 388 54 21 Pale
2062 388 22 21 in
2093 386 62 23 bond
2254 389 14 19 0
2296 388 13 20 3
2340 390 12 19 6
2371 402 18 6 ..
2408 390 14 19 0
2450 390 13 20 5
2491 394 12 19 6

1958 414 63 25 Case,
2029 415 15 20 4
2050 414 35 26 gal
2093 415 37 20 4-5
2140 414 24 21 in
2175 413 60 22 bond
2251 415 12 18 1
2295 416 13 18 0
2338 416 13 19 0
2370 428 18 7 ..
2409 415 11 20 1
2450 416 13 20 5
2493 421 10 17 o

1908 438 68 23 Hams
1985 447 6 14 :
2006 439 127 27 Yorkshire,
2149 447 41 21 per
2198 440 23 21 lb
2231 456 6 5 .
2253 443 14 18 0
2296 442 14 19 0
2340 440 12 21 5
2371 455 5 6 .
2383 456 6 5 .
2409 443 13 18 0
2451 444 13 19 0
2491 445 10 20 7

1990 466 68 21 N.Z.
2069 467 69 25 perlb
2253 469 14 20 0
2295 468 15 19 0
2340 470 12 18 0
2371 482 18 6 ..
2409 469 13 20 0
2451 470 13 20 0
2492 472 11 19 5

1907 491 130 23 Mustard:
2054 492 39 22 Per
2102 492 72 23 dozen
2188 507 46 6 ....
2253 496 14 19 0
2284 494 28 21 16
2340 496 13 19 0
2371 508 18 6 ..
2409 496 13 19 0
2439 496 26 20 18
2493 501 11 15 n

1907 518 103 23 Mutton
2019 527 5 14 :
2046 519 90 22 Carcase
2147 527 41 19 per
2196 520 23 21 lb
2231 536 6 5 .
2253 523 14 19 0
2295 522 14 19 0
2340 522 12 21 7
2371 533 5 7 .
2383 535 5 6 .
2408 522 14 19 0
2451 524 13 19 0
2491 526 12 18 9

1907 544 125 23 Muskets:
2049 546 90 21 Walnut
2145 546 94 22 stocked
2253 549 14 19 0
2282 548 26 21 15
2339 550 13 19 0
2371 561 18 7 ..
2410 548 11 21 1
2451 551 14 18 0
2493 553 11 19 o

1908 571 79 24 Milk:
2004 572 42 22 Per
2053 572 47 27 pint
2252 575 14 19 0
2295 576 13 19 0
2337 575 13 20 2
2370 588 17 6 ..
2408 575 14 19 0
2450 576 13 19 0
2491 579 11 18 3

1908 598 93 22 Maize:
2018 605 40 21 per
2068 599 77 22 bushel
2253 602 14 19 0
2295 602 13 19 3
2338 602 84 19 0..0
2451 602 13 20 3
2492 605 11 19 G

1908 625 57 22 Oil:
1982 625 104 25 Linseed,
2094 633 41 19 per
2143 625 77 27 gallon
2230 641 6 6 .
2253 628 14 19 0
2295 628 13 19 6
2338 629 12 19 6
2369 641 18 6 ..
2409 629 12 18 0
2450 628 13 20 7
2491 632 12 18 G

1982 652 286 27 Black,incask,pertonlß
2296 654 14 20 0
2339 656 13 18 0
2371 656 50 19 ..20
2451 656 13 19 0
2492 659 11 18 o

2018 680 76 25 Sperm
2234 680 29 21 50
2291 680 12 19 0
2334 681 12 19 0
2366 680 50 22 ..75
2448 682 12 18 0
2491 684 9 17 0

1908 704 76 23 Pork:
2001 704 77 28 Fresh,
2094 712 89 15 carcase
2199 713 41 19 per

2025 732 23 21 lb
2251 734 14 19 0
2294 734 13 19 0
2337 736 13 19 0
2369 747 6 6 .
2381 747 6 7 .
2406 736 14 19 0
2449 736 13 19 0
2491 738 12 19 4

1907 757 78 23 Pork:
2002 758 66 27 Irish,
2079 765 36 20 per
2126 758 75 21 barrel
2213 772 18 7 ..
2251 761 15 19 0
2295 761 13 20 0
2338 762 12 19 0
2369 774 18 7 ..
2407 762 14 19 4
2436 762 26 20 10
2491 765 12 18 0

1989 786 31 21 N.
2031 785 17 22 Z
2249 787 14 20 2
2279 788 28 19 10
2335 789 13 19 0
2366 801 18 6 ..
2403 789 14 19 3
2447 790 13 19 0
2488 791 12 19 0

1907 812 133 22 Potatoes:
2062 812 52 21 New
2130 812 109 26 Zealand,

2085 846 36 20 per
2132 842 39 18 ton
2186 840 80 20 ....4
2295 841 13 20 0
2338 842 13 19 0
2369 854 18 7 ..
2405 842 15 20 6
2448 843 14 19 0
2491 845 11 18 0

1908 865 93 22 Porter
2011 873 5 14 :
2047 866 100 26 Dunbar,
2159 866 24 21 in
2192 866 47 21 hot.

2075 899 37 20 per
2122 892 44 21 doz
2251 894 14 19 0
2294 894 13 20 9
2336 896 82 20 0..0
2446 896 14 19 0
2489 898 12 19 0

2016 919 83 25 Bryant
2110 918 45 21 and
2166 919 70 20 Davis
2252 921 14 18 0
2294 921 13 19 9
2336 922 14 19 0
2368 934 5 5 .
2380 934 5 6 .
2404 922 14 20 0
2447 922 14 20 0
2489 925 12 18 0

1907 944 98 22 Pickles
2018 952 5 14 :
2055 944 115 27 Assotted,
2201 951 40 21 per

2081 971 54 26 doz.,
2162 975 76 23 quarts
2253 974 13 19 0
2281 972 26 21 15
2336 975 14 19 0
2368 987 17 6 ..
2406 976 13 19 0
2434 974 27 22 17
2489 978 11 17 0

1906 998 74 21 Pitch
1994 1005 5 14 :
2033 998 137 27 Stockholm,
2201 1005 40 20 per

2058 1025 68 22 barrel
2251 1026 15 20 2
2294 1028 13 19 0
2336 1028 82 21 0..0
2446 1030 14 19 0
2488 1031 12 18 6

1907 1051 81 22 Plank
1997 1059 5 13 :
2032 1051 54 22 Port
2105 1051 134 27 Nicholson,

2057 1085 37 20 per
2103 1079 40 20 100
2154 1078 47 21 feet
2214 1093 5 6 .
2227 1092 5 7 .
2251 1081 15 19 0
2294 1081 14 20 6
2336 1082 14 19 0
2368 1094 5 6 .
2380 1094 5 6 .
2404 1082 55 20 010
2488 1085 10 17 0

1905 1105 71 21 Rice:
1990 1105 108 22 Common
2107 1112 40 20 per
2154 1108 49 19 cwt.
2215 1120 18 6 ..
2253 1108 14 19 0
2282 1107 26 20 10
2338 1108 13 19 0
2368 1120 19 7 ..
2405 1110 14 19 0
2446 1110 14 18 0
2489 1112 11 18 0

1989 1132 67 21 Good
2251 1135 13 18 0
2281 1134 24 19 15
2337 1135 13 19 0
2367 1148 18 5 ..
2404 1136 14 19 0
2446 1136 13 19 0
2488 1139 12 17 ()

1906 1158 56 21 Rum
1969 1165 5 14 :
1992 1158 25 21 P.
2028 1159 26 21 B.
2067 1159 30 26 P.,
2112 1166 40 19 per
2162 1159 77 27 gallon

2029 1186 23 20 in
2068 1185 57 22 bond
2251 1188 14 19 0
2293 1188 14 19 4
2335 1188 14 20 3
2367 1200 17 7 ..
2404 1190 14 18 0
2446 1190 14 18 0
2487 1191 12 18 0

1905 1211 90 22 Sugar:
2014 1212 116 21 Mauritius
2141 1220 40 19 per
2190 1217 49 17 cwt.
2254 1216 14 19 0
2296 1216 14 18 0
2338 1216 14 19 0
2370 1228 18 5 ..
2422 1221 58 14 none

2016 1239 78 21 Brown
2108 1239 56 20 ditto
2248 1242 14 19 0
2291 1242 13 19 0
2334 1242 82 19 0..0
2445 1244 13 18 0
2488 1245 10 17 i)

2017 1265 93 22 Refined
2126 1266 54 26 loaf,
2200 1273 39 19 per

2042 1292 23 21 lb
2251 1296 14 17 0
2293 1295 14 18 0
2336 1294 82 21 5..0
2446 1296 14 19 0
2488 1298 12 19 C

2019 1319 91 21 Manilla
2130 1327 41 19 per
2185 1324 47 17 cwt.
2251 1321 9 19 1
2291 1323 13 18 0
2334 1323 49 18 0..
2404 1322 7 19 1
2449 1323 51 19 in

1906 1345 74 21 Salt:
1997 1345 123 27 Liverpool,
2132 1353 41 19 per
2183 1350 37 17 ton
2230 1348 35 19 .15
2293 1349 14 18 0
2336 1350 13 18 0
2368 1362 4 5 .
2380 1362 5 5 .
2393 1349 25 20 13
2447 1352 12 16 0
2488 1353 12 17 0

1905 1372 61 21 Soap
1975 1379 5 14 :
2009 1372 98 22 Hawes's
2132 1373 104 26 London,

2035 1406 37 19 per
2081 1403 36 17 ton
2237 1401 26 19 40
2293 1402 13 19 0
2336 1404 13 17 0
2367 1415 4 6 .
2380 1415 5 6 .
2404 1404 14 19 0
2447 1404 13 19 0
2491 1407 10 16 o

2026 1426 116 27 Liverpool
2235 1428 27 19 35
2293 1429 14 18 0
2336 1430 13 18 0
2366 1442 18 5 ..
2403 1430 14 19 0
2446 1432 12 17 0
2489 1433 12 18 0

1905 1452 106 21 Starch:
2028 1453 71 20 Perlb
2251 1456 13 19 0
2294 1456 13 19 0
2336 1455 82 21 5..0
2446 1458 13 18 0
2488 1459 14 18 0

1905 1479 146 22 Scantling:
2068 1479 38 22 Per
2115 1480 39 21 100
2164 1480 66 21 feet..
2252 1482 13 19 0
2295 1482 13 19 6
2338 1484 12 18 0
2368 1495 18 6 ..
2406 1484 14 19 0
2448 1484 12 19 8
2491 1487 10 16 U

1905 1506 130 21 Shingles:
2053 1506 40 21 Per
2100 1508 60 25 1000,
2171 1507 28 20 N.
2208 1508 25 21 Z.
2250 1509 13 18 0
2293 1509 14 19 6
2336 1510 13 19 0
2368 1522 17 5 ..
2404 1511 14 18 0
2434 1510 26 20 10
2491 1513 10 18 0

2038 1533 67 27 Ditto,
2128 1533 27 21 V.
2168 1534 29 21 D.
2209 1534 25 21 L.
2251 1538 12 16 0
2293 1536 14 19 0
2337 1537 13 18 0
2367 1549 5 5 .
2380 1549 5 6 .
2405 1537 13 19 0
2434 1537 25 19 12
2488 1540 13 17 0

1905 1560 63 20 Tar.
1985 1560 54 21 Coal
2252 1562 8 19 1
2293 1564 13 18 0
2336 1563 49 18 ()..
2407 1563 9 20 1
2448 1564 11 19 5
2491 1570 10 14 v

1988 1586 127 22 Stockholm
2253 1590 13 19 2
2295 1590 13 19 0
2337 1590 49 19 0..
2406 1592 13 18 0
2448 1592 12 18 0
2491 1594 11 17 0

1905 1613 48 21 Tea
1963 1621 5 14 :
1979 1613 81 27 Hyson
2066 1614 53 25 skin,
2125 1621 40 19 per
2176 1614 62 22 chest
2252 1616 14 19 4
2294 1617 14 18 0
2337 1617 13 18 0
2367 1629 6 6 .
2380 1628 6 7 .
2405 1618 13 19 6
2447 1618 13 18 6
2491 1620 11 17 I)

1981 1640 96 27 Congou
2251 1643 13 20 8
2293 1644 14 19 0
2336 1644 82 20 0..13
2446 1646 13 18 0
2488 1647 12 18 0

1905 1666 106 22 Tobacco
2020 1674 6 14 :
2041 1666 140 28 Negrohead,
2200 1675 39 19 per

2066 1693 28 22 lb.
2108 1694 21 21 in
2148 1694 60 21 bond
2251 1698 13 18 0
2296 1696 8 19 1
2337 1698 48 19 G..
2405 1699 13 18 0
2448 1699 8 19 1
2488 1701 12 18 y

1905 1720 166 21 Turpentine:
2088 1721 38 21 Per
2132 1721 99 26 gallon..
2253 1724 12 19 0
2295 1723 13 20 7
2338 1725 12 18 (j
2368 1738 5 5 .
2382 1738 5 5 .
2406 1726 14 19 0
2448 1726 12 19 8
2489 1728 13 17 0

1906 1746 164 23 Wiialuijone:
2087 1748 39 21 Per
2136 1752 39 17 ton
2187 1763 4 5 .
2199 1762 5 6 .
2213 1763 5 6 .
2226 1763 4 6 .
2239 1750 42 21 100
2295 1752 13 19 0
2338 1752 13 19 0
2369 1752 64 19 ..120
2449 1753 12 19 0
2491 1755 11 16 0

1905 1773 83 22 Wine:
2006 1774 88 27 Sherry,
2104 1781 39 20 per
2152 1774 52 27 pipe
2214 1778 51 19 ..20
2295 1779 13 19 0
2338 1779 13 18 0
2368 1780 51 18 ..-10
2448 1780 13 18 0
2491 1782 11 17 U

2017 1801 71 27 Ditto,
2103 1809 38 19 per
2156 1802 79 21 dozen.
2254 1804 8 19 1
2293 1806 14 19 0
2337 1806 14 18 0
2368 1818 19 5 ..
2406 1806 12 19 2
2448 1807 12 18 0
2492 1813 10 11 ,i

2016 1828 61 26 Port,
2088 1835 36 20 per
2134 1828 51 27 pipe
2213 1844 3 5 .
2225 1844 4 5 .
2235 1831 27 20 25
2292 1832 13 19 0
2335 1833 13 18 0
2366 1845 5 5 .
2379 1845 6 5 .
2395 1832 21 20 10
2446 1835 12 17 0
2488 1835 12 16 t>

2084 1863 37 19 per
2131 1856 49 21 doz.
2211 1871 5 5 .
2223 1871 5 5 .
2252 1858 8 20 1
2292 1860 13 17 0
2335 1860 36 18 0.
2379 1872 6 5 .
2404 1860 12 19 2
2445 1861 13 17 0
2488 1863 12 16 0

2016 1882 148 27 Champagne,
2180 1882 55 22 ditto
2251 1886 13 19 0
2293 1887 14 18 0
2336 1886 13 19 0
2368 1898 17 6 ..
2404 1887 13 18 0
2446 1887 12 19 C
2489 1889 12 16 0

2017 1909 74 21 Claret
2252 1913 13 18 0
2284 1913 24 19 10
2338 1913 13 18 0
2369 1925 18 6 ..
2406 1914 13 18 0
2448 1914 13 18 0
2491 1920 11 12 i<

1908 1935 120 21 Poultry:
2046 1936 75 26 Fowls,
2128 1943 41 20 per
2177 1937 47 26 pair
2231 1952 6 6 .
2254 1939 13 20 0
2295 1939 13 20 .'5
2338 1940 6 17 (>(
2344 1947 7 11 >
2369 1952 5 5 .
2382 1952 5 5 .
2407 1941 12 18 0
2448 1945 11 14 o
2491 1945 12 14 v

2045 1962 79 27 Ducks,
2136 1963 56 21 ditto
2215 1967 50 18 ..0
2295 1966 13 18 5
2337 1966 13 19 0
2369 1978 18 6 ..
2406 1967 12 19 0
2448 1969 12 16 8
2491 1973 12 11 i>

2044 1989 77 26 Geese,
2132 1990 56 21 each
2213 2005 17 6 ..
2250 1994 13 17 0
2282 1993 25 18 10
2335 1994 14 17 0
2367 2004 18 5 ..
2404 1995 12 16 0
2434 1994 24 17 12
2490 1996 12 15 0

2042 2015 106 27 Turkeys,
2161 2016 54 21 each
2254 2018 8 19 1
2295 2019 14 19 0
2337 2020 38 18 0.
2383 2031 6 6 .
2409 2019 8 19 1
2448 2026 13 11 o
2491 2021 12 17 0

2046 2042 98 26 Pigeons,
2157 2043 79 26 (wild,)

2069 2076 37 19 per
2115 2070 50 26 pair
2252 2073 13 17 0
2294 2072 12 16 0
2336 2073 13 18 ()
2368 2084 18 6 ..
2405 2074 13 19 0
2447 2074 13 19 0
2490 2079 12 12 o

2044 2096 80 25 Ducks,
2134 2096 36 21 do.
2183 2096 50 21 do..
2253 2100 13 17 0
2295 2098 12 19 5
2337 2101 13 16 O
2369 2112 18 5 ..
2406 2100 14 19 0
2448 2101 14 18 0
2491 2105 11 12 ■>

1908 2123 70 20 licos:
1999 2123 42 21 Per
2052 2122 68 22 dozen
2254 2126 13 18 0
2298 2125 7 19 1
2338 2126 12 17 6
2369 2138 18 5 ..
2407 2128 11 15 0
2448 2129 13 14 o
2491 2129 11 16 o

1905 2150 64 21 Covws
1980 2158 3 13 :
1999 2149 72 22 Milch
2241 2152 25 19 10
2295 2154 12 16 O
2336 2156 14 14 v
2369 2166 4 4 .
2382 2167 3 3 .
2395 2154 22 17 l.»
2448 2157 12 14 o
2492 2157 11 13 ..>

1906 2177 83 21 Maruj
1998 2184 4 13 :
2021 2177 73 20 Brood
2237 2180 28 19 20
2294 2180 13 18 0
2336 2181 12 18 U
2368 2180 50 21 ..7U
2448 2185 12 15 0
2489 2184 13 16 U

1908 2203 115 22 Working
2042 2204 131 21 Bullocks:
2197 2204 42 21 Per

1931 2230 50 26 pair
2239 2233 28 19 30
2295 2233 13 20 0
2337 2234 50 19 0..
2406 2235 14 19 0
2448 2235 13 18 «
2489 2235 13 17 0

1905 2257 65 21 lliuu
1982 2264 26 12 or
2021 2264 79 14 ditto:
2115 2257 42 22 Per
2166 2258 50 26 day,
2226 2266 13 13 a

1933 2288 59 17 (earn
2004 2284 46 21 and
2058 2284 71 21 driver
2254 2288 13 18 0
2284 2286 24 19 15
2338 2289 13 18 0
2369 2301 18 5 ..
2407 2290 12 18 0
2449 2291 13 16 <>
2490 2293 13 13 •>

1905 2312 89 20 diir.Er:
2014 2310 60 22 liach
2251 2314 13 19 0
2282 2314 24 18 1j
2336 2317 13 17 0
2368 2327 18 6 ..
2409 2316 5 19 1
2446 2316 14 18 ,~>
2489 2318 12 15 0

1908 2338 61 21 Boat
1983 2338 73 21 Hike:
2075 2338 37 21 Per
2118 2338 50 27 day,
2175 2338 63 22 with-

2100 2369 35 16 out
2146 2366 72 21 hands
2229 2382 5 5 .
2251 2368 12 19 0
2282 2368 25 19 It)
2336 2369 13 19 0
2369 2382 17 5 ..
2408 2369 6 18 1
2448 2371 13 16 0
2498 2374 3 11 ;

1908 2391 96 22 WuiLs:
2039 2391 134 27 Mechanics,
2201 2400 38 19 per

2069 2418 40 27 day
2254 2422 13 18 0
2296 2422 13 19 (5
2338 2424 13 18 0
2369 2435 6 6 .
2383 2435 5 6 .
2408 2424 12 18 0
2449 2425 13 18 8
2491 2427 12 14 v

2046 2445 122 22 Labourers
2253 2449 12 19 0
2295 2449 13 18 3
2336 2450 14 18 0
2370 2462 5 5 .
2382 2462 6 6 .
2407 2451 13 19 0
2449 2450 13 19 5
2491 2455 13 13 o

1907 2472 80 21 Bakk:
2004 2472 30 21 N.
2047 2472 25 21 Z.
2084 2479 36 20 per
2130 2477 38 17 ton
2248 2475 13 19 3
2292 2477 12 18 0
2334 2477 13 18 0
2368 2489 4 6 .
2380 2489 5 6 .
2403 2478 13 18 -1
2446 2479 14 18 0
2488 2481 13 16 0

1907 2500 78 21 Black
1995 2500 53 21 Dye
2058 2507 5 13 :
2077 2499 59 22 N.Z.
2147 2508 40 18 per
2195 2504 38 18 ton
2248 2502 14 19 5
2292 2502 12 20 0
2334 2503 14 19 0
2367 2517 17 5 ..
2404 2505 13 19 6
2446 2505 14 19 0
2489 2506 13 18 0

1907 2526 86 21 Wool:
2011 2526 30 21 N.
2052 2526 26 21 Z.
2089 2533 37 20 per
2135 2527 22 21 lb
2249 2529 14 20 0
2293 2529 12 20 0
2335 2530 13 20 9
2368 2543 17 6 ..
2405 2532 13 18 0
2449 2532 9 18 1
2489 2533 13 17 0

1904 2553 95 21 Timber
2007 2559 6 14 :
2039 2552 29 22 N.
2091 2554 22 21 Z.
2124 2554 115 22 furniture

1933 2587 39 18 per
1983 2581 40 20 100
2035 2580 46 21 feet
2252 2582 13 20 2
2295 2583 13 19 0
2336 2584 84 20 0..2
2436 2585 26 20 10
2490 2586 13 18 0

1905 2606 112 22 Cordage
2026 2615 5 12 :
2043 2606 90 26 English
2139 2615 41 19 per
2186 2611 49 19 cwt.
2251 2609 14 20 3
2293 2608 13 21 5
2336 2611 14 19 0
2369 2623 19 7 ..
2408 2612 13 19 0
2450 2613 13 17 0
2491 2613 13 18 0

2034 2634 62 21 N.Z.
2103 2634 92 22 without
2202 2638 34 18 tar
2250 2636 15 19 2
2294 2636 11 19 5
2336 2638 14 20 0
2370 2650 18 6 ..
2406 2639 13 19 3
2436 2639 27 19 10
2492 2640 13 18 0

1905 2660 120 21 Canvass:
2042 2668 40 19 per
2097 2661 43 21 holt
2253 2662 54 22 115
2337 2665 85 21 0..2
2450 2666 13 18 5
2492 2667 13 19 0

1905 2687 106 22 Cor-PEit:
2028 2688 101 26 sheeting
2150 2695 40 20 per
2204 2689 30 21 lb.
2252 2691 13 19 0
2297 2690 8 19 1
2337 2691 13 19 G
2370 2704 19 6 ..
2408 2693 12 18 0
2450 2693 13 19 0
2491 2696 13 16 <)

2028 2715 61 20 Bolts
2251 2717 14 19 0
2296 2717 9 20 1
2337 2719 83 20 9..0
2450 2721 13 18 0
2492 2721 13 19 0

2025 2741 64 22 Nails
2251 2744 14 20 0
2293 2743 13 21 5
2337 2746 51 19 0..
2408 2747 13 18 0
2451 2747 14 19 6
2492 2748 13 18 0

1907 2767 80 22 Lead:
2004 2768 64 22 sheet
2077 2775 38 20 per
2126 2771 39 19 ton
2185 2770 79 21 ....30
2293 2771 12 21 0
2336 2772 14 20 0
2370 2773 49 20 ..35
2449 2774 14 20 0
2492 2774 13 19 0

1907 2794 60 22 Iron
1976 2802 5 13 :
1994 2794 95 28 English
2100 2796 36 21 bar
2148 2804 42 19 per
2199 2797 68 21 tonl4
2296 2798 13 20 0
2338 2799 14 20 0
2371 2812 5 6 .
2384 2813 5 5 .
2408 2800 14 20 0
2450 2801 14 19 0
2491 2801 13 19 0

1989 2821 69 28 Hoop
2068 2830 40 19 per
2113 2825 37 19 ton
2235 2824 28 20 25
2293 2825 14 20 0
2335 2826 13 20 0
2369 2839 18 7 ..
2406 2827 14 20 0
2449 2827 14 20 0
2491 2829 12 18 0

1907 2848 45 21 Oil
1964 2848 80 22 Butts
2054 2856 4 13 :
2084 2850 112 21 Gordon's
2217 2856 25 16 or

2056 2876 66 22 Mills'
2131 2884 40 19 per
2180 2877 55 27 imp.

2055 2905 40 19 tun
2251 2905 15 20 3
2295 2906 13 20 0
2337 2907 15 19 0
2369 2919 19 7 ..
2407 2908 13 20 3
2437 2907 25 21 15
2491 2909 12 18 0

2141 2936 126 23 DUTIES.

1907 2964 101 20 British
2020 2963 91 22 Spirits
2326 2966 35 22 ss.
2370 2973 40 21 per
2419 2967 82 27 gallon.

1907 2990 107 21 Foreign
2027 2989 57 22 ditto
2326 2993 34 22 ss.
2371 3001 38 19 per
2418 2994 82 27 gallon.

1907 3017 106 22 Tobacco
2024 3017 177 27 manufactured,
2331 3021 30 21 Is.
2371 3028 38 19 per
2418 3022 31 21 lb.

2024 3044 204 23 Unmanufactured
2326 3047 38 22 9d.
2375 3055 40 19 per
2423 3048 31 22 lb.

1907 3072 77 21 Snuff
2328 3076 32 19 2s.
2370 3075 78 27 perlb.

1907 3098 88 21 Cigars
2328 3102 33 21 2s.
2371 3109 40 20 per
2420 3102 29 22 lb.

1907 3124 85 23 Wines
2317 3130 28 20 20
2358 3133 107 23 percent.
2471 3131 5 11 5

1907 3151 52 27 Ale,
1971 3152 60 26 beer,
2043 3156 77 24 porter,
2133 3153 45 22 and
2187 3153 64 22 other
2263 3154 57 22 malt

1934 3178 92 28 liquors,
2315 3182 26 21 15
2354 3187 111 23 percent.

1908 3206 36 21 On
1954 3206 31 21 all
1999 3213 58 19 guns
2074 3213 24 14 or
2114 3213 104 21 weapons
2225 3207 35 22 -of
2273 3215 46 19 any

1935 3232 144 28 description,
2097 3240 22 15 or
2132 3233 145 28 gunpowder,
2293 3242 25 15 or

1936 3266 46 20 any
1993 3260 112 21 munition
2115 3260 25 21 of
2147 3267 45 15 war
2322 3263 28 21 30
2359 3269 40 21 per
2408 3267 59 18 cent.

1908 3286 35 21 On
1955 3286 30 21 all
1995 3286 64 22 other
2077 3286 72 28 goods,
2165 3294 77 21 wares,
2260 3295 61 16 mer-

1935 3312 116 28 chandise,
2062 3314 45 21 and
2115 3317 109 24 property,
2235 3318 83 25 except

1934 3340 113 26 personal.
2055 3340 104 27 baggage,
2181 3340 71 28 living
2268 3343 47 21 ani-

1934 3366 65 26 mals,
2013 3366 45 23 and
2068 3367 70 27 specie
2334 3370 13 21 5
2359 3377 39 18 per
2408 3373 57 20 cent.

2113 3394 187 24 EXCHANGE.

1908 3434 68 22 Bank
1986 3434 51 23 bills
2048 3442 28 15 on
2088 3435 92 23 London
2212 3422 17 44 -f
2235 3424 28 21 30
2274 3424 61 20 &60
2413 3424 17 22 si
2432 3432 15 19 S
2447 3424 25 22 ht
2472 3441 5 10 '
2488 3425 12 20 2

2220 3453 9 22 L
2262 3457 41 20 per
2314 3453 61 19 cent,
2386 3458 115 20 premium.

1908 3474 35 22 On
1953 3474 92 28 Sydney
2331 3477 75 23 Ditto.

1907 3501 91 23 Private
2006 3502 54 23 bills
2307 3504 116 24 Nominal.

1926 3551 41 16 The
1978 3551 49 17 New
2038 3552 97 16 Zealakd
2146 3552 94 16 Gazette
2247 3553 39 16 and
2298 3553 141 18 Wellington
2453 3556 48 15 Srzc

1906 3576 66 12 tator
1979 3573 16 16 is
2002 3573 100 20 published
2113 3577 53 16 every
2172 3572 124 22 Wednesday.
2317 3575 102 21 Subjoined
2429 3580 31 12 are
2471 3576 29 16 the

1906 3594 58 16 terms
1969 3599 4 10 :
1974 3601 23 5 —

1927 3613 65 18 Price
1998 3618 26 13 or
2030 3618 42 13 ins
2078 3614 72 16 Papjsb.
2150 3621 23 4 —
2173 3613 56 22 Forty
2234 3614 88 22 shillings
2328 3620 35 18 per
2373 3621 76 17 annum,
2459 3622 41 16 pay-

1905 3634 41 18 able
1953 3635 20 17 in
1980 3635 83 17 advance
2068 3640 5 13 ;
2083 3639 20 12 or
2109 3639 31 12 one
2147 3634 78 22 shilling
2230 3636 29 17 for
2264 3636 63 22 single
2334 3639 96 16 numbers.

1926 3656 33 16 All
1964 3657 68 18 orders,
2042 3655 160 20 advertisements,
2211 3657 38 17 and
2258 3659 169 18 communications
2437 3660 20 16 to
2469 3660 29 16 tba

1907 3677 70 19 Editor,
1982 3681 32 12 are
2020 3676 97 21 requested
2122 3677 18 15 to
2146 3677 22 16 be
2175 3676 100 19 addressed
2282 3680 21 15 to
2309 3679 40 18 this
2354 3680 65 17 Office.

1926 3697 161 17 Advertisements
2093 3697 35 17 will
2133 3698 33 16 not
2171 3702 69 17 appear
2249 3699 21 18 in
2280 3700 35 17 the
2324 3701 82 21 ensuing
2416 3702 77 16 numbtr

1905 3718 17 17 if
1929 3719 86 16 received
2020 3718 48 17 later
2074 3718 45 17 than
2128 3718 19 17 10
2155 3718 76 21 o'clock,
2238 3724 51 16 a.m.,
2297 3725 25 14 on
2329 3722 33 17 the
2369 3723 92 20 mornings
2469 3723 29 16 be*

1905 3740 37 16 fore
1956 3739 121 21 publication.
2098 3739 158 19 Advertisements
2270 3742 41 17 will
2321 3743 23 16 be
2355 3744 101 17 continued
2462 3742 35 18 and

1904 3761 80 20 charged
1995 3760 51 17 until
2053 3761 160 18 counter-ordered
2218 3767 5 15 ;
2233 3763 47 16 such
2286 3763 56 17 order
2347 3766 51 15 must
2404 3765 22 16 be
2433 3765 41 16 sent
2481 3765 16 15 to

1904 3782 32 16 the
1945 3782 56 16 Office
2013 3782 37 16 two
2068 3781 46 21 days
2129 3782 64 17 before
2202 3784 123 21 publication,
2338 3785 38 17 and
2385 3786 51 17 must
2446 3786 22 16 be
2478 3785 18 16 in

1903 3802 81 20 writing.
2007 3801 158 19 Advertisements
2178 3805 86 17 received
2281 3805 56 19 after
2354 3806 23 17 10
2390 3806 70 17 o'clock
2474 3810 22 12 on

1904 3824 67 19 Friday
1982 3823 98 21 mornings
2091 3824 36 17 will
2137 3825 24 16 be
2172 3825 83 21 charged
2265 3827 57 17 twice
2331 3827 88 18 theutual
2423 3828 54 17 rates.

1287 3277 221 25 WHOLESALE
1538 3279 123 25 PRICES
1696 3281 179 26 CURRENT.

1385 3326 135 16 CORRECTED
1536 3328 29 14 UP
1580 3328 25 15 TO
1619 3329 58 15 LAST
1693 3330 82 15 NIGHT.

1628 3349 17 15 £
1668 3353 16 12 s.
1710 3349 19 17 d.
1786 3350 16 17 £
1826 3354 16 12 i.
1867 3351 12 17 d

1288 3374 49 22 Ale
1345 3380 6 14 :
1366 3379 41 21 per
1416 3372 49 22 hhd
1630 3375 14 20 0
1672 3376 14 19 0
1713 3377 50 19 0..
1782 3378 15 20 0
1824 3378 15 20 0
1865 3379 14 19 0

1463 3407 40 20 per
1507 3400 99 22 barrel..
1625 3403 14 19 0
1669 3403 13 19 0
1711 3404 14 19 0
1744 3416 17 7 ..
1780 3405 14 20 0
1823 3405 14 20 0
1865 3406 14 19 0

1463 3434 40 19 per
1513 3427 42 21 doz
1629 3429 53 20 011
1713 3431 15 19 0
1745 3443 17 7 ..
1782 3432 13 19 0
1812 3431 26 21 13
1865 3432 14 20 0

1366 3453 31 22 N.
1409 3453 25 22 Z.
1447 3460 40 20 per
1496 3453 77 26 gallon
1592 3456 49 20 ..0
1668 3456 14 20 2
1711 3457 13 20 0
1745 3471 17 6 ..
1780 3459 14 20 0
1823 3459 14 20 0
1866 3460 13 19 0

1286 3483 99 21 Arrack
1394 3488 5 14 :
1415 3481 44 21 Per
1467 3480 45 26 gal.
1522 3480 25 22 in
1557 3481 58 22 bond
1629 3483 14 19 0
1672 3483 11 19 1
1712 3484 14 20 6
1745 3497 17 7 ..
1781 3486 14 20 0
1822 3487 15 20 2
1865 3486 14 21 6

1285 3509 78 22 Bread
1373 3516 5 14 :
1393 3507 46 22 Per
1447 3507 46 23 21b.
1503 3507 52 21 loaf
1568 3522 43 6 ....
1629 3510 15 20 0
1670 3510 15 20 4
1713 3511 13 20 0
1745 3524 17 7 ..
1781 3512 14 21 0
1823 3514 15 19 0
1865 3514 14 20 0

1284 3537 73 21 Beef:
1374 3534 79 27 Fresh,
1472 3541 92 15 carcase
1580 3542 36 20 per

1399 3561 26 22 lb
1623 3564 14 20 0
1666 3565 13 19 0
1709 3565 13 20 8
1742 3579 18 6 ..
1780 3568 14 19 0
1822 3568 53 21 011

1392 3588 55 27 Salt,
1458 3595 40 20 per
1510 3589 70 21 tierce
1593 3603 4 7 .
1604 3604 5 6 .
1628 3591 11 20 1
1657 3591 27 21 10
1712 3593 14 20 0
1744 3606 5 6 .
1756 3606 5 7 .
1780 3594 14 21 3
1822 3596 15 19 0
1863 3597 14 20 0

1283 3617 107 22 Butter:
1409 3615 66 28 Irish,
1484 3615 82 28 perlb.
1590 3618 49 20 0
1667 3619 14 20 0
1709 3620 14 19 9
1741 3633 19 6 ..
1779 3622 13 19 0
1823 3622 10 20 1
1864 3624 14 19 0

1405 3642 70 22 Fresh
1628 3645 14 20 0
1672 3646 10 20 1
1712 3646 14 21 6
1745 3659 17 7 ..
1782 3648 13 20 0
1823 3650 15 19 0
1864 3650 15 20 0

1284 3671 81 22 Brand
1370 3676 12 16 if
1389 3677 5 14 :
1411 3669 59 21 First
1476 3669 95 28 quality,
1579 3677 37 20 per

1432 3695 77 28 gallon
1518 3696 25 22 in
1553 3697 59 22 bond
1625 3699 14 20 0
1667 3698 13 21 5
1710 3701 14 20 0
1742 3714 6 7 .
1755 3714 5 7 .
1780 3703 13 20 0
1823 3702 13 22 7
1863 3704 15 21 6

1282 3724 85 22 Brown
1388 3723 89 22 Stout:
1501 3730 41 20 per
1555 3723 52 22 hhd.
1622 3725 13 20 5
1665 3727 14 20 0
1707 3728 14 20 0
1740 3741 17 6 ..
1779 3730 13 19 6
1808 3730 27 20 10
1863 3732 14 20 0

1284 3749 89 26 Cigars
1381 3758 6 14 :
1398 3750 105 27 Manilla,
1511 3757 41 20 per
1556 3752 59 26 1000,

1432 3777 26 21 in
1466 3776 62 23 bond
1626 3779 13 20 2
1668 3781 14 20 0
1710 3782 50 19 0..
1780 3783 13 20 3
1822 3784 14 20 0
1863 3786 14 20 0

1391 3803 174 27 Chinsurahper
1572 3805 35 20 100
1628 3806 12 19 1
1670 3808 14 19 0
1712 3809 14 19 0
1744 3821 18 7 ..
1780 3810 14 20 0
1822 3812 15 19 0
1863 3813 14 19 0

1282 3832 87 22 Coffee
1379 3838 5 14 :
1395 3831 66 26 Java,
1471 3838 41 19 per
1520 3831 24 22 lb
1625 3834 14 19 0
1668 3835 14 18 0
1710 3836 83 21 6..0
1821 3839 14 20 0
1863 3840 14 19 6

1281 3861 105 20 Creese:
1401 3859 108 20 Cheshire
1625 3860 13 20 0
1668 3861 11 18 1
1707 3863 15 19 4
1741 3875 18 6 ..
1778 3864 14 19 0
1822 3866 11 19 I
1862 3867 15 19 0

1399 3885 57 22 Pine
1466 3885 76 27 Apple
1564 3888 75 19 ....0
1668 3888 11 19 1
1708 3889 84 21 2..0
1821 3893 14 19 0
1861 3893 15 20 0

1399 3912 78 22 Dutch
1625 3914 14 20 0
1667 3916 14 19 0
1709 3916 14 19 8
1741 3928 18 7 ..
1778 3917 14 20 0
1820 3919 14 19 0
1849 3918 27 22 10

1391 3939 30 22 N.
1435 3939 26 22 Z.
1470 3939 75 27 perlb
1624 3942 14 19 0
1667 3942 10 20 1
1707 3943 14 20 6
1741 3956 19 6 ..
1778 3943 14 20 0
1820 3946 14 19 0
1862 3946 14 20 0
