2540 4039
73 110 229 132 THE
302 110 230 132 NEW
639 112 892 160 ZEALAND
1607 120 886 137 GAZETTE

1256 277 97 32 AND

71 309 1155 164 WELLINGTON
1341 309 1155 164 SPECTATOR.

603 504 217 37 PUBLISHED
866 506 132 36 EVERY
1044 501 257 42 WEDNESDAY
1343 508 88 36 AND
1478 510 227 36 SATURDAY
1751 511 202 37 MORNING.

111 619 63 30 No.
196 616 89 38 285.]

628 619 111 31 PORT
760 620 257 38 NICHOLSON,
1041 620 225 33 SATURDAY
1288 621 210 40 MORNING,
1522 626 247 31 SEPTEMBER
1790 631 52 32 30,
1869 629 88 29 1843.

2276 630 5 29 I
2290 631 77 28 Vol.
2391 631 53 28 IT.

200 710 53 21 Fox
267 710 116 21 London
398 710 96 24 direct,

86 747 71 24 /^%-t
210 742 92 22 rriHE
327 743 44 21 fine
399 743 44 21 fast
465 743 88 26 sailing,
579 745 61 26 Al,

68 765 20 13 //
92 765 89 29 »3EL
217 764 30 27 JL
284 769 108 23 schooner
405 771 87 20 LADY
507 771 105 24 LEIGH,

76 791 125 40 ißPijij^
224 797 38 21 109
273 800 50 18 tons
338 797 104 26 burthen,
454 797 46 22 will
516 797 44 22 sail
575 798 68 22 about

62 818 143 38 3hHHw
224 826 7 18 *
233 830 29 14 ne
271 825 11 20 *
285 826 20 19 st
315 823 133 22 November.

62 852 142 39 m^mjjJtJF
250 860 55 22 This
314 860 72 22 vessel
395 861 19 21 is
421 861 109 31 expected
539 861 24 21 in
574 861 69 23 about

225 890 37 19 ten
273 887 55 27 days
339 887 55 22 from
405 895 13 15 a
428 891 42 24 trip
480 889 33 19 via
523 888 119 22 Auckland

63 918 43 23 and
121 916 94 28 Sydney,
229 914 45 22 and
292 921 25 15 as
333 914 40 22 her
387 922 66 19 cargo
469 915 20 21 is
504 915 77 28 ready,
598 915 45 22 will

63 947 56 20 meet
128 942 52 23 with
189 941 127 23 immediate
327 941 113 28 despatch.

87 978 41 21 For
136 983 92 21 passage
237 976 60 26 only,
309 975 66 28 apply
385 978 23 19 to

374 1009 81 23 Waitt
472 1010 44 22 and
530 1011 84 21 TYseR.

85 1042 142 26 Wellington,
239 1042 131 26 September
380 1043 32 25 19,
426 1043 60 20 1843.

191 1091 120 27 Passage
325 1093 30 19 to
377 1092 126 20 London.

209 1124 92 33 npHE
313 1126 62 25 Tyne,
386 1125 69 26 being
466 1125 73 21 under
548 1132 94 21 engage-

80 1147 111 32 Jafejffigfc
215 1146 30 29 X
283 1155 65 18 ment
366 1155 22 18 to
407 1151 50 21 load
476 1152 56 21 wool
551 1156 24 17 at
590 1152 53 21 Port

60 1174 142 29 /f&lfisca&
222 1177 89 29 Phillip,
328 1178 82 22 should
424 1178 148 22 inducement
581 1178 60 28 offer,

59 1200 146 37 w£SS&B
222 1204 25 22 s^
250 1212 11 14 e
278 1212 17 14 w
340 1205 41 21 ca^
396 1204 53 22 here
466 1212 29 14 on
505 1205 42 21 her
557 1212 48 20 way
619 1208 23 19 to

83 1270 44 22 For
142 1277 90 20 passage
243 1269 60 27 only,
314 1269 82 32 haying
405 1268 99 27 superior
517 1276 126 14 accommo-

59 1298 92 25 dations,
163 1297 66 27 apply
240 1299 22 18 to
274 1296 93 27 Captain
378 1296 131 26 Robertson,
522 1303 25 14 or
555 1298 24 19 to

318 1329 112 22 Bethune
445 1329 44 21 and
504 1329 109 22 Hunter.

83 1362 147 27 Wellington,
240 1362 89 27 August
341 1364 31 25 15,
384 1364 61 24 1843,

133 1413 54 20 For
200 1413 106 20 Nelson
321 1413 55 20 and
390 1413 175 26 Valparaiso.

68 1443 88 34 '^dSi^
156 1454 9 15 1
165 1466 7 11 i
211 1450 44 27 HP
372 1449 78 27 frigate
494 1449 59 22 built
595 1449 48 28 ship

89 1470 100 40 Sgk
217 1470 30 27 1
358 1477 173 24 URSULA,

62 1498 146 38 /^^^^^
225 1503 21 21 A
261 1505 19 24 1,
301 1504 41 21 490
360 1506 57 23 tons,
438 1504 21 21 S.
480 1504 85 21 Martin
582 1512 61 14 com-

59 1524 149 38 g£P*|fPp|£i
224 1529 100 27 mander,
345 1530 44 21 will
408 1530 40 22 sail
467 1531 34 21 for
520 1531 38 21 the
574 1531 69 21 above

225 1559 58 24 ports
293 1564 29 14 on
332 1556 36 22 the
382 1556 52 22 30th
451 1557 91 22 instant
572 1557 43 21 She
625 1558 18 22 is

225 1590 53 20 very
297 1583 51 26 fast,
368 1583 44 22 and
431 1583 41 22 her
488 1585 156 21 accommoda-

59 1610 57 22 tions
125 1618 37 14 are
172 1610 48 22 first
228 1613 55 19 rate.
495 1615 10 20 .'
522 1630 3 5 ,
534 1623 2 5 ■

84 1642 43 21 For
141 1642 81 27 freight
235 1649 26 14 or
276 1649 100 20 passage;
386 1642 66 28 apply
462 1645 21 19 to
494 1642 38 22 the
549 1643 93 27 Captain

59 1676 26 14 on
95 1668 75 27 board,
182 1676 24 14 or
215 1672 25 19 to
390 1680 5 5 -
442 1681 3 4 •

266 1696 133 26 RIDGWAYS,
415 1696 109 26 GUYTON,
542 1696 20 22 &
577 1697 37 21 Co.

85 1728 142 27 Wellington,
239 1729 60 27 Sept.
310 1730 34 25 15,
354 1731 61 20 1843.
433 1739 3 4 ■

462 1770 6 10 '

76 1810 73 39 igsL
173 1815 219 24 /CONSIGNEES
417 1816 39 21 OF
485 1817 104 22 GOODS
612 1817 30 27 by

71 1838 96 38 iSSfpft,
174 1847 40 17 v^
242 1842 43 21 this
295 1842 70 22 vessel
382 1850 37 14 are
431 1844 118 26 requested
560 1847 21 18 to
593 1851 50 20 pass

59 1865 110 36 JgjSejam
184 1869 57 22 their
251 1869 81 22 entries
342 1870 158 26 immediately.

59 1890 111 30 QSIp-
212 1896 47 21 The
279 1896 76 21 Goods
374 1900 59 18 must
448 1897 29 21 be
497 1896 68 22 taken
585 1897 55 21 from

179 1922 112 27 alongside
311 1922 90 22 without
417 1922 73 28 delay,
501 1931 24 14 as
541 1923 38 22 the
593 1924 48 27 ship

57 1948 41 21 will
109 1948 40 22 sail
160 1956 28 14 on
200 1948 36 23 the
247 1949 52 22 20th
311 1950 89 21 instant.

265 1982 131 27 RIDGWAYS,
415 1982 107 27 GjJYTON,
538 1983 21 21 &
574 1978 38 27 Col
622 2002 4 4 .

82 2012 129 25 September
221 2013 32 23 15,
266 2013 59 19 1843.
400 2030 3 3 .

224 2063 77 19 Meat
322 2063 147 26 Company.

57 2093 90 49 THii
168 2095 234 27 UNDERSIGNED,
422 2096 84 28 having
526 2098 55 21 been
603 2105 38 21 ap-

129 2121 88 27 pointed
233 2122 111 27 Manager
353 2123 25 21 of
392 2123 37 21 the
442 2124 64 21 Meat
516 2125 123 27 Company,

57 2147 51 27 begs
118 2151 21 17 to
150 2155 116 14 announce
276 2148 49 22 that
341 2157 12 13 a
362 2150 88 26 regular
459 2150 78 28 supply
548 2153 26 20 of
582 2152 57 26 beef,

57 2178 91 23 mutton,
169 2175 43 22 and
229 2176 56 26 pork
302 2183 52 20 may
374 2176 81 28 always
475 2178 26 21 be
522 2178 120 27 depended

56 2208 58 20 upon
125 2206 24 16 at
158 2201 42 22 this
211 2200 172 25 establishment.

83 2234 31 21 As
138 2234 43 22 this
204 2235 116 27 Company
339 2243 106 20 purposes
463 2237 80 26 selling
563 2242 22 17 at
603 2238 37 22 the

55 2260 75 22 lowest
138 2260 71 28 prices
220 2265 21 18 at
256 2261 73 23 which
339 2266 17 18 it
370 2263 18 21 is
397 2263 72 22 found
478 2264 37 21 the
526 2268 60 18 meat
599 2272 42 15 can

55 2286 27 22 be
91 2287 107 28 afforded,
209 2288 36 22 the
255 2289 150 27 undersigned
414 2290 18 21 is
446 2291 53 26 only
509 2291 129 23 authorized

55 2317 21 18 to
86 2314 49 27 give
142 2321 54 21 very
201 2315 86 22 limited
296 2316 77 27 credit,
381 2317 45 21 and
433 2317 40 21 has
479 2317 57 23 been
546 2319 94 22 ordered

55 2343 21 18 to
91 2344 48 24 stop
155 2341 29 22 all
198 2345 104 19 accounts
317 2343 72 22 which
403 2350 38 15 are
457 2349 40 17 not
512 2345 54 27 paid
579 2353 59 20 upon

55 2366 99 23 demand.

80 2401 46 22 The
135 2402 101 23 business
247 2402 70 23 ofthe
328 2404 121 28 Company,
450 2404 19 22 is
480 2406 85 22 carried
575 2414 28 14 on
614 2408 23 21 in

55 2427 54 22 their
124 2436 50 15 new
189 2430 107 27 building,
309 2431 86 21 erected
414 2431 101 23 between
534 2433 104 23 France's

55 2454 66 23 Hotel
140 2456 44 21 and
203 2456 37 22 the
259 2456 59 22 head
335 2457 26 22 of
374 2457 37 22 the
428 2458 55 28 Bay,
501 2460 46 21 and
562 2462 77 26 nearly

55 2482 96 27 opposite
161 2486 23 19 to
195 2484 43 21 Mr.
250 2483 84 28 Lyon's
344 2484 69 22 Store.

325 2516 39 24 W.
375 2518 101 28 Flyoer,
494 2520 116 27 Manager.

79 2542 129 23 November
217 2545 33 25 23,
263 2545 60 21 1842.

221 2590 76 20 Meat
314 2590 149 28 Company.

178 2622 335 25 VEGETABLES.

55 2655 171 50 SHIPPING
240 2656 45 23 and
301 2658 105 23 Families
422 2666 42 15 can
478 2660 28 22 be
523 2661 115 28 regularly

104 2683 102 27 supplied
215 2683 53 23 with
277 2684 31 22 all
315 2685 147 28 descriptions
470 2687 26 22 of
501 2688 136 27 vegetables.

329 2719 36 21 W.
376 2719 102 28 Flyger,
492 2721 117 26 Manager.

78 2743 128 27 September
214 2746 34 26 29,
261 2746 60 22 1843.

210 2790 78 21 Meat
321 2791 150 28 Company.

280 2824 125 23 BUTTER

52 2857 157 48 ALWAYS
223 2865 29 14 on
262 2857 70 27 hand,
349 2859 44 22 and
409 2863 22 18 to
447 2860 28 22 be
490 2861 52 27 had,
555 2861 82 22 whole-

127 2884 46 21 sale
193 2884 41 22 and
254 2885 71 27 retail,
347 2889 22 18 at
388 2886 38 22 the
450 2887 80 22 lowest
549 2889 88 21 market

50 2910 64 27 price,
130 2918 13 15 a
161 2911 62 27 large
337 2913 26 21 of
377 2913 37 22 the
428 2914 129 23 celebrated
574 2916 62 21 Cow-

50 2940 85 23 pasture
145 2938 46 22 and
199 2938 119 23 Terawitte
331 2940 70 28 Dairy
412 2940 85 23 Butter.

321 2972 35 23 W.
370 2973 103 28 Flyoer,
491 2975 116 28 Manager.

75 2997 128 28 September
212 3000 35 26 29,
258 3000 62 22 1843.

208 3045 77 21 Meat
320 3046 149 28 Company.

276 3079 130 23 CHEESE.
442 3074 4 13 '

50 3110 89 48 THE
154 3111 89 22 MEAT
263 3112 156 23 COMPANY
430 3119 100 26 .expects
550 3116 85 29 shortly

121 3140 24 18 to
154 3137 86 22 receive
250 3138 190 29 regularsupplies
447 3141 28 22 of
480 3142 87 22 Cheese
577 3144 57 22 from

48 3163 36 20 the
95 3163 141 28 Cowpasture
247 3164 46 23 and
302 3164 119 24 Terawitte
428 3167 96 24 Dairies.

320 3198 35 24 W.
372 3199 102 29 Flyger,
490 3203 115 27 Manager.

71 3223 132 27 September
210 3226 34 26 29,
257 3226 61 22 1843.
642 3236 4 9 .

216 3271 78 21 Maat
308 3272 150 28 Company,

48 3302 70 50 AN
146 3303 201 24 APPRENTICE
375 3309 21 19 to
425 3306 38 24 the
487 3307 113 24 business,
615 3309 19 22 is

122 3331 97 23 wanted.
246 3331 46 25 For
310 3333 138 28 particulars,
466 3335 68 28 apply
551 3343 28 15 on
596 3336 37 25 the

48 3361 109 20 premises.

318 3387 35 23 W.
369 3387 102 29 Flyoer,
487 3389 118 28 Manager.

72 3410 129 28 September
210 3413 33 26 29,
257 3414 61 22 1843.

214 3458 77 22 Meat
306 3460 149 28 Company.

48 3488 179 51 WANTED,
242 3501 15 14 a
263 3494 72 22 vessel
346 3495 25 21 of
384 3495 69 23 about
462 3498 29 20 30
499 3499 59 24 tons,
572 3500 21 18 to
603 3497 28 21 be

137 3519 54 26 kept
207 3521 127 28 constantly
350 3522 118 28 employed
483 3523 23 22 in
526 3523 105 28 bringing

47 3548 50 22 Pigs,
107 3549 23 17 at
139 3553 14 14 a
162 3546 62 22 fixed
231 3547 111 28 price.per
351 3550 82 27 pound;
441 3551 58 22 from
511 3550 39 22 the
561 3556 68 22 coast,

48 3573 30 18 lor
86 3573 43 20 this
139 3573 177 23 establishment.

172 3606 3 35 [
313 3608 36 23 W.
364 3610 102 26 Flyoer,
482 3612 118 27 Manager.

47 3674 39 49 T
190 3653 140 22 Situation
351 3655 127 23 Wanted.

88 3677 49 22 WO
152 3685 76 21 young
240 3687 60 20 men,
314 3681 47 28 just
377 3683 88 23 arrived
475 3685 30 27 by
516 3684 39 22 the
565 3685 65 26 Mary

106 3730 5 5 #
136 3706 58 22 from
214 3707 106 28 London,
341 3716 36 14 are
396 3711 95 22 anxious
509 3714 25 19 to
554 3712 85 21 obtain'

46 3732 113 27 situations,
170 3733 47 22 and
233 3733 45 23 will
295 3735 28 21 be
339 3736 69 22 found
426 3737 85 28 willing
527 3742 24 18 to
563 3739 66 21 make

46 3758 125 22 themselves
191 3761 116 28 generally
325 3763 80 23 useful.
441 3765 44 22 For
502 3766 126 25 reference;
629 3770 3 7 1

46 3784 62 26 apply
117 3787 22 19 to
149 3786 37 23 the
196 3787 162 29 undersigned.

46 3834 16 3 -
381 3818 95 22 Samuel
492 3820 106 21 Revans.

222 3860 65 22 Just
301 3862 132 22 received.

46 3883 118 44 pLANS
187 3890 26 21 of
231 3892 39 22 the
292 3893 71 23 Town
382 3895 27 21 of
426 3895 170 25 Wellington.

67 3938 23 13 tut
137 3922 29 15 an
187 3918 68 22 ofthe
266 3919 109 24 Harbour
383 3921 27 23 of
423 3921 57 24 Port
495 3924 128 24 Nicholson

66 3940 101 28 Message
177 3944 70 28 cards,

858 712 36 22 W.
911 712 33 22 M.
961 713 107 26 SMITH,

675 757 57 14 LATE
742 757 238 15 SURVEYOR-QENERAL
991 758 28 14 TO
1031 758 45 14 THE
1092 758 50 15 NEW
1156 758 101 15 ZEALAND

909 784 116 20 COMPANY,

702 814 141 26 Surveyor,
859 814 212 27 Draughtsman,
1087 817 54 20 and
1154 816 79 21 Xiand

918 842 101 26 Agent.

674 876 176 27 Tinakori-road,
862 877 101 28 January
976 879 21 26 4,
1009 879 61 22 1843.

676 934 88 49 FOR
778 934 86 27 SALE,
879 941 29 15 ex
922 936 118 26 Margaret,
1052 937 49 26 &c,

748 961 26 20 25
788 961 78 21 tierces
875 962 57 26 beef,

702 988 13 20 3
730 990 48 19 tons
789 988 93 21 colonial
895 988 51 28 hay,

702 1015 14 20 3
731 1016 49 19 tons
790 1014 61 22 Siam
861 1022 73 20 sugar,

702 1042 28 19 30
743 1040 83 22 barrels
836 1042 86 22 bottled
932 1042 42 27 ale,

702 1068 28 20 50
744 1067 67 22 boxes
820 1070 44 21 tea.

702 1094 28 21 50
744 1094 38 21 ash
796 1101 56 19 oars,
1255 1106 2 18 ;

702 1122 28 19 30
743 1124 49 17 tons
802 1121 55 27 coal,

703 1146 58 27 Port,
773 1146 82 28 sherry,
868 1148 43 21 and
927 1149 104 22 Madiera
1039 1150 24 21 in
1079 1150 74 26 bottle,
1166 1149 91 22 Ruther-

675 1172 50 22 ford
735 1173 45 22 and
788 1174 94 28 Drury's
892 1175 78 27 brand,

702 1200 100 27 Liquers,
813 1201 23 21 in
847 1201 71 22 dozen
930 1210 69 18 cases,

703 1226 149 28 Champagne,

702 1253 96 27 Brandy,
809 1261 57 19 rum,
878 1255 43 21 and
931 1255 39 27 gin
981 1255 24 22 in
1015 1255 74 27 hhds.,

701 1281 28 20 30
743 1284 47 17 tons
800 1280 49 22 best
859 1281 92 27 Sydney
963 1282 66 27 flour,

702 1306 28 21 50
743 1310 50 18 tons
804 1307 86 23 Chilian
901 1308 66 27 flour,
981 1317 28 14 ex
1021 1310 105 24 Cheerful.

993 1348 83 23 Waitt
1091 1349 45 23 and
1148 1350 85 22 Tyser.

806 1406 40 19 On
862 1406 70 25 Sale,
948 1412 35 14 ex

675 1437 178 49 WINDOW
869 1439 97 22 GLASS
981 1441 83 25 20+16
1074 1444 23 18 to
1109 1442 73 26 10+8,

772 1465 121 22 Leather—
895 1466 47 21 sole
953 1466 43 22 and
1012 1467 112 28 calf-skin,

703 1491 57 22 Boat
770 1492 94 21 anchors
874 1493 44 21 and
929 1493 86 27 chains,

702 1519 42 21 An-
751 1522 129 19 astortment
890 1520 26 21 of
926 1520 89 21 hollow-
1019 1528 64 20 ware,

704 1545 132 22 Glass-ware
838 1557 26 4 —
867 1547 135 27 comprising
1010 1547 61 28 plain
1082 1548 44 22 and
1136 1552 37 18 cut
1183 1548 74 22 dinner

676 1572 101 27 services,
795 1573 74 27 wines,
884 1573 116 27 tumblers,
1019 1574 110 28 druggists
1143 1575 114 27 furniture,

676 1598 60 22 show
746 1599 88 27 glasses,
845 1600 44 21 and
901 1600 63 27 vials,
977 1601 48 26 &c,

704 1625 74 22 White
788 1626 51 21 lead
849 1627 45 21 and
904 1627 63 21 sheet
976 1627 59 27 lead,

704 1652 74 22 Prime
789 1653 58 21 Irish
857 1653 61 27 pork,
932 1654 51 27 split
992 1661 60 21 peas,
1063 1656 41 21 &c.

939 1692 112 22 Bethune
1067 1693 44 22 and
1125 1694 110 21 Hunter.

706 1717 127 28 September
844 1719 19 25 1,
876 1720 61 20 1843.

812 1764 87 19 Town
916 1764 32 20 of
960 1764 168 21 Manewatu.

678 1796 91 36 npHE
791 1795 215 24 PROPRIETORS
1031 1798 26 21 of
1081 1798 38 22 the
1141 1799 59 21 three
1216 1799 41 21 first

683 1819 30 26 JL
764 1823 88 21 choices
868 1827 22 18 at
900 1825 38 21 the
956 1824 44 22 last
1015 1825 105 22 selection
1132 1825 24 22 of
1170 1829 87 24 country

676 1849 68 26 lands,
758 1849 83 28 having
861 1850 139 23 determined
1014 1859 61 18 upon
1092 1852 38 22 the
1146 1853 40 21 site
1201 1853 36 21 for
1250 1860 7 14 a

690 1883 93 22 TOWN
798 1884 44 21 ON
856 1884 64 22 THE
936 1885 190 23 MANEWATU
1140 1887 114 27 RIVER,,

675 1910 57 21 after
736 1912 79 19 several
822 1912 60 19 visits
892 1915 21 18 to
923 1911 37 22 the
970 1912 187 28 neighbouroood,
1170 1913 46 21 and
1227 1914 30 22 the

675 1940 56 17 most
751 1937 84 22 careful
854 1938 45 21 and
917 1938 85 22 minute
1022 1940 150 21 examination
1188 1940 26 21 of
1227 1940 30 22 the

676 1968 70 17 «utire
762 1964 92 26 district,
870 1964 66 24 aided
952 1964 31 28 by
992 1965 38 21 the
1045 1966 145 27 professional
1204 1966 53 26 skiljl;

673 1989 139 26 L^owledgej
831 1990 45 21 and
890 1991 133 27 experience
1038 1992 75 21 ofthe
1129 1997 59 17 most
1202 2000 55 15 com-

674 2018 77 24 petent
758 2015 87 27 judges,
863 2023 93 21 propose
972 2020 23 18 to
1010 2018 55 21 offer
1076 2019 34 21 for
1127 2019 103 27 disposal,
1242 2024 15 17 at

824 2042 37 21 the
875 2047 89 23 present
974 2044 60 27 time,
1046 2045 68 21 about

675 2074 218 22 TWENTY-FIVE
929 2075 106 26 ACRES,
1076 2076 35 22 IN
1148 2077 109 23 ALLOT-

676 2100 111 27 MENTS,
804 2100 84 22 EACH
911 2101 40 21 OF
975 2102 63 22 ONE
1060 2103 149 23 QUARTER
1224 2105 33 21 OF

890 2128 44 21 AN
951 2129 91 21 ACRE.

701 2161 46 21 The
756 2164 49 24 spot
814 2161 51 21 thus
875 2161 97 22 selected
985 2170 111 20 possesses
1105 2164 36 21 the
1151 2169 58 17 most
1226 2173 31 14 ex-

673 2188 85 21 tensive
772 2188 101 27 frontage
887 2192 24 17 to
929 2188 56 28 deep
998 2194 67 17 water
1081 2190 27 22 of
1118 2199 42 19 any
1177 2199 28 14 on
1226 2193 31 22 the

673 2215 64 21 river.
767 2215 21 21 It
806 2215 19 21 is
843 2215 98 22 situated
958 2216 46 21 iust
1017 2220 22 17 at
1056 2217 48 22 that
1123 2213 63 32 point
1205 2219 52 22 from

737 2241 70 22 which
817 2249 14 14 a
840 2242 54 21 road
905 2242 74 21 would
989 2244 85 21 branch
1085 2244 33 21 off
1124 2249 22 17 to
1156 2245 37 22 the

675 2275 93 15 WOODED
792 2276 45 14 AND
860 2276 98 15 FERTILE
978 2277 118 15 DISTRICTS
1118 2278 74 15 ALONG
1217 2281 40 14 THE

843 2303 56 14 BASE
913 2303 29 14 OF
956 2303 46 15 THE
1017 2305 75 19 HILLS,

673 2327 43 22 and
730 2328 69 21 above
810 2327 72 22 which
893 2328 37 22 the
946 2329 129 26 navigation
1090 2330 33 22 for
1133 2331 81 21 vessels
1225 2332 32 21 be-

674 2362 74 14 comes
758 2355 84 24 tedious,
854 2355 23 24 if
882 2357 36 18 not
929 2356 88 26 difficult
1038 2373 4 3 .
1054 2356 23 21 Tt
1085 2357 17 21 is
1109 2357 107 23 therefore
1224 2359 33 21 the

871 2382 63 27 point
944 2383 73 21 whpre
1028 2383 36 21 tlie

674 2415 88 22 LAND
777 2415 67 22 AND
860 2416 114 22 WATER
990 2416 162 23 CARRIAGE
1167 2418 87 23 MEET

673 2442 43 21 and
727 2442 72 21 where
809 2450 13 14 a
831 2442 70 23 Town
919 2451 61 14 must
996 2451 28 14 be
1039 2451 91 16 formed
1148 2444 64 23 when
1223 2446 34 22 the

673 2469 85 21 district
772 2469 19 21 is
801 2469 86 23 settled:
918 2470 23 22 It
950 2477 45 15 was
1005 2470 98 23 selected
1118 2472 30 27 by
1158 2472 37 21 the
1209 2474 43 21 Sur

673 2495 80 28 veying
763 2496 58 22 Staff
832 2504 24 14 as
868 2497 36 22 the
913 2498 139 21 rendezvous
1061 2498 38 22 for
1113 2499 58 21 their
1184 2500 61 26 body
1254 2508 3 19 ;

673 2523 41 20 and
726 2523 39 21 has
774 2523 57 22 been
840 2531 52 15 now
905 2524 79 28 found,
995 2526 60 21 after,
1063 2526 85 21 several
1165 2527 92 22 months'

671 2549 103 27 location,
786 2554 21 17 to
821 2550 28 22 be
859 2550 37 23 the
907 2555 58 18 most
980 2552 166 27 advantageous
1155 2554 102 27 position,

671 2576 58 21 from
744 2577 28 21 its
786 2577 97 27 peculiar
905 2578 87 28 facility
1009 2579 25 21 of
1045 2579 112 28 approach
1168 2580 53 21 both
1231 2581 26 27 by

671 2603 54 21 land
733 2604 46 21 and
787 2607 75 18 water.

700 2636 27 20 In
738 2636 153 22 confirmation
902 2637 26 21 of
934 2637 38 22 the
983 2637 132 28 superiority
1125 2639 25 21 of
1158 2639 44 22 this
1212 2642 45 25 spot

671 2669 53 15 over
733 2670 44 20 any
786 2663 64 22 other
858 2667 39 24 yet
904 2663 92 27 known,
1009 2664 36 22 the
1057 2665 90 22 Messrs.
1155 2666 102 27 Kebbell,

672 2690 58 20 after
746 2690 38 21 the
804 2691 152 21 examination
972 2691 26 22 of
1015 2691 37 21 the
1071 2692 59 22 river
1145 2693 58 21 from
1223 2693 34 21 the

673 2716 88 22 Paneiri
772 2717 46 21 Pah
828 2721 23 18 to
861 2717 28 22 its
898 2717 88 28 mouth,
997 2718 139 23 determined
1150 2727 29 15 on
1190 2725 67 22 erect-

910 2745 40 26 ing
963 2745 59 21 their

671 2776 68 22 SAW
753 2777 79 22 MILL
854 2777 231 24 IMMEDIATELY
1101 2780 156 23 OPPOSITE.

670 2808 48 22 The
737 2809 70 22 works
825 2810 25 20 of
866 2810 49 21 that
933 2811 170 22 establishment
1122 2820 35 14 are
1177 2817 23 17 at
1216 2814 41 21 this

671 2840 100 17 moment
788 2836 22 21 in
826 2837 63 27 rapid
904 2844 110 21 progress,
1032 2839 43 21 and
1094 2839 38 22 the
1150 2841 107 26 proposed

670 2863 69 21 Town
750 2863 43 21 will
803 2864 133 27 necessarily
943 2865 92 26 partake
1041 2866 26 21 of
1073 2866 44 22 this
1126 2867 131 27 advantage.

698 2896 48 21 The
764 2896 93 22 nucleus
873 2897 24 21 of
913 2904 13 14 a
945 2898 69 21 Town
1030 2898 26 27 is,
1066 2899 24 22 in
1105 2900 50 26 fact,
1168 2900 89 28 already

670 2923 96 26 created,
776 2923 29 27 by
815 2923 38 22 the
864 2924 166 22 concentration
1047 2926 26 21 of
1087 2926 36 22 the
1134 2928 123 27 Surveying

671 2950 58 21 Staff
736 2957 28 14 on
775 2950 47 21 that
831 2953 55 25 spot,
898 2958 25 14 as
932 2951 38 22 the
981 2956 74 18 centre
1072 2953 26 21 of
1109 2954 148 23 communica-

670 2977 51 21 tion'
727 2979 24 20 to
760 2977 37 21 the
807 2978 150 27 surrounding
966 2978 97 28 district;
1081 2980 37 22 the
1129 2981 97 22 erection
1237 2982 20 21 of

673 3003 88 23 Messrs.
772 3004 116 22 Kebbell's
903 3006 51 21 Saw
970 3005 63 22 Mills
1049 3007 99 27 opposite
1155 3016 6 19 ;
1177 3009 30 26 by
1220 3008 37 22 the

669 3034 164 24 arrangements
847 3031 35 22 for
896 3039 29 14 an
944 3033 114 22 extensive
1070 3034 97 22 General
1180 3036 63 21 Store
1251 3043 5 19 ;

669 3058 46 21 and
723 3058 31 27 by
761 3058 37 21 the
807 3058 45 21 late
861 3058 135 32 application
1003 3060 33 21 for
1045 3067 14 14 a
1066 3060 108 23 Licensed
1181 3062 76 22 House

669 3091 28 14 on
706 3084 37 22 the
751 3088 51 28 part
812 3085 25 22 of
849 3092 28 15 an
887 3085 125 22 individual
1026 3087 50 22 who
1090 3088 47 28 has,
1149 3089 61 22 since
1220 3089 37 22 the

669 3111 117 22 formation
804 3112 25 21 of
843 3112 39 21 the
898 3112 93 28 Colony,
1007 3114 97 26 pursued
1120 3123 14 14 a
1152 3116 105 22 lucrative

669 3137 64 22 trade
742 3138 54 21 with
804 3138 38 22 the
852 3138 94 28 natives,
958 3140 46 21 and
1014 3140 73 23 whose
1098 3141 131 29 knowledge
1237 3143 20 20 of

669 3164 38 21 the
717 3164 135 28 advantages
863 3166 25 21 of
894 3166 38 22 the
943 3167 102 27 position,
1052 3169 118 27 prompted
1178 3169 48 22 him
1236 3172 21 19 at

669 3198 56 14 once
736 3195 23 18 to
767 3192 73 26 prefer
849 3192 49 22 that
910 3193 144 27 application.

695 3218 47 26 the
754 3223 91 22 Natives
860 3224 30 27 hy
899 3224 75 22 whom
990 3225 44 23 this
1043 3227 56 22 land
1110 3228 147 29 was^laimed

668 3256 38 15 are
716 3250 61 27 quite
786 3251 108 27 prepared
903 3254 22 18 to
935 3251 51 27 give
993 3259 30 21 up
1029 3248 132 35 possession)
1169 3256 45 22 and
1220 3263 37 15 are

668 3276 145 28 exceedingly
822 3278 94 21 anxious
929 3281 24 19 to
967 3279 59 22 have
1036 3288 13 14 a
1059 3281 118 29 European
1187 3290 70 21 popu-

667 3302 69 23 lation
746 3311 81 20 among
836 3304 68 27 them,
916 3305 85 28 having
1018 3307 57 22 been
1083 3316 60 20 upon
1153 3309 38 22 the
1200 3313 57 18 most

666 3330 97 28 friendly
770 3331 85 27 footing
866 3331 52 22 with
928 3332 38 22 the
978 3333 127 29 Surveying
1114 3337 58 21 Staff
1177 3337 80 26 during

664 3356 39 23 the
713 3357 50 22 four
772 3365 24 14 or
805 3358 43 22 five
858 3359 90 21 months
958 3359 54 28 they
1031 3361 58 22 have
1104 3363 56 22 been
1170 3363 87 22 located

664 3384 72 22 there.

675 3445 5 5 <
694 3418 33 21 As
737 3418 37 22 the
782 3418 136 28 Proprietors
929 3427 95 21 purpose
1033 3425 22 19 to
1066 3422 87 29 dispose
1163 3424 26 22 of
1195 3424 40 22 but
1245 3431 12 14 a

664 3445 87 22 limited
765 3446 88 26 portion
871 3446 25 22 of
906 3446 40 23 the
961 3448 69 23 Town
1047 3453 23 18 at
1088 3454 96 24 present,
1204 3450 53 30 they

663 3471 79 28 pledge
754 3473 131 22 themselves
894 3474 55 27 that,
962 3479 23 18 at
994 3482 29 15 no
1042 3476 75 23 future
1126 3478 63 27 sales,
1200 3477 57 23 shall

665 3499 39 22 the
715 3500 125 21 allotments
849 3500 28 22 be
887 3504 40 24 put
934 3509 30 20 up
974 3505 24 18 at
1007 3510 14 14 a
1031 3500 46 26 less
1087 3512 49 14 sum
1144 3505 55 21 than
1208 3512 49 14 now

666 3526 90 23 offered.

693 3559 22 21 A
734 3559 132 27 Prospectus
883 3560 48 22 and
950 3560 56 23 Plan
1028 3563 25 21 of
1067 3563 39 22 the
1123 3563 70 23 Town
1212 3563 45 22 will

664 3585 87 28 shortly
796 3585 69 28 ready
874 3586 34 22 for
916 3587 126 28 inspection
1059 3592 23 19 at
1094 3590 38 22 the
1143 3588 81 24 Offices
1234 3590 23 22 of

666 3613 91 21 Messrs.
768 3612 68 22 Waitt
845 3613 45 22 and
900 3614 77 27 Tyser,
989 3615 31 24 Te
1030 3617 55 21 Aro.

692 3644 145 27 Wellington.
849 3645 66 22 Abril
924 3646 35 26 22',
970 3648 61 21 1842.

665 3701 92 49 THE
779 3703 79 20 Nelson
880 3704 120 21 Examiner
1023 3707 43 19 and
1087 3707 53 20 New
1162 3707 95 20 Zealand

738 3728 109 23 Chronicle
864 3730 127 28 (published
1002 3735 22 19 at
1034 3733 102 29 Nelson,)
1152 3733 20 23 is
1189 3741 67 20 regu-

661 3755 58 27 larly
737 3757 140 22 transmitted
894 3762 22 17 to
934 3758 147 29 Wellington,
1101 3761 44 21 and
1160 3768 52 20 may
1228 3761 27 21 be

661 3782 46 22 had
717 3786 23 18 at
748 3782 38 23 the
796 3784 63 22 office
870 3784 26 22 of
906 3784 45 22 this
960 3793 76 20 paper.

689 3810 48 26 The
746 3816 79 20 Nelson
833 3817 118 21 Examiner
966 3817 46 22 will
1021 3818 28 22 be
1059 3819 71 22 found
1139 3826 30 15 an
1179 3819 76 22 excel-

661 3841 49 21 lent
717 3842 99 23 medium
826 3843 35 22 for
871 3844 141 22 advertisers.
1109 3844 6 14 i
1139 3855 5 2 -
1167 3842 5 15 ;

689 3873 77 22 Terms
776 3874 33 23 for
819 3875 38 22 the
867 3883 80 20 paper,'
953 3879 38 19 ten
1000 3876 103 28 shilling^
1116 3884 39 20 per
1164 3881 93 23 quarter

659 3900 97 28 payable
763 3902 25 21 in
797 3902 109 23 advance.
954 3920 4 3 .

690 3932 82 23 Orders
795 3933 34 23 for
848 3933 38 23 the
894 3946 2 4 ■
908 3940 70 21 paper
1001 3933 45 22 and
1070 3934 187 24 advertisements

661 3959 104 24 received
776 3962 22 20 at
807 3960 38 22 the
856 3960 71 22 Office
938 3960 26 22 of
976 3960 45 21 this
1030 3968 77 17 paper.

1296 715 70 48 ON
1383 717 79 21 SALE
1477 720 22 18 at
1517 717 38 21 the
1571 717 74 22 Office
1666 718 23 21 of
1707 718 45 21 this
1769 725 111 21 paper:—

1372 743 63 26 Keys
1445 744 26 20 of
1478 743 37 22 the
1525 744 70 21 Town
1604 745 26 20 of
1637 745 56 21 New
1703 745 126 27 Plymouth,

1305 769 3 4 '
1322 767 64 24 Plans
1397 770 26 21 of
1431 770 101 27 Country
1540 770 66 21 Land
1617 771 73 21 round
1701 771 143 27 Wellington,
1854 772 25 21 in

1294 800 56 21 case,

1322 821 65 22 Plans
1398 822 26 22 of
1431 823 92 26 Nelson,
1534 823 23 22 in
1568 830 58 19 ca3e,

1321 848 77 27 Copies
1414 849 27 21 of
1454 849 38 22 the
1508 850 55 21 New
1583 849 100 23 Zealand
1698 849 100 28 Journal,
1816 852 61 25 1842,

1293 875 115 26 complete,
1419 875 84 27 bound,

1321 901 133 28 Chapman's
1465 903 113 26 Portfolio,
1589 903 84 27 bound,

1281 936 3 19 ;
1299 950 6 5 „
1321 927 72 23 Prints
1400 929 25 21 of
1431 929 93 27 Nelson,

1321 953 72 23 Prints
1404 955 26 21 of
1435 955 141 28 Wellington.

1321 980 65 23 Plans
1396 982 26 21 of
1429 982 86 22 Nelson
1525 984 23 20 in
1558 983 89 26 Sheets,'

1320 1007 67 23 Plans
1397 1009 26 21 of
1430 1009 99 28 Country
1540 1009 65 22 Land
1616 1013 22 18 at
1651 1010 143 27 Wellington,

1320 1033 66 23 Plans
1395 1035 26 21 of
1429 1035 37 23 the
1475 1035 68 23 Town
1555 1036 25 22 of
1587 1037 56 21 New
1655 1037 127 27 Plymouth.

1321 1068 128 26 September
1459 1070 33 26 19,
1504 1071 61 20 1843.

1499 1115 39 20 To
1553 1115 33 20 be
1603 1115 75 25 Sold,

1293 1148 50 47 A
1373 1148 133 23 BAKER'S
1535 1150 124 21 PATENT
1692 1151 142 27 MANGLE,
1865 1159 14 13 a

1371 1175 80 22 Scotch
1461 1179 53 23 cart,
1524 1176 71 21 either
1604 1176 35 22 for
1647 1177 66 22 horse
1727 1185 26 14 or
1769 1178 108 28 bullocks,

1294 1200 114 28 com.plete,
1421 1209 42 14 one
1474 1206 34 18 set
1517 1202 24 22 of
1548 1202 65 23 horse
1623 1203 91 22 harness
1724 1204 47 22 and
1781 1207 42 19 two
1833 1209 46 17 sets

1293 1226 27 22 of
1325 1225 86 24 bullock
1423 1228 98 28 harness,
1532 1229 44 22 and
1585 1237 13 14 a
1609 1230 101 28 quantity
1720 1231 26 21 of
1753 1230 80 23 wheels
1845 1232 34 21 for

1292 1253 104 23 barrows.

1299 1290 3 3 ■
1320 1280 75 28 Apply
1404 1284 24 19 at
1437 1282 38 21 the
1510 1283 93 22 Gazette
1637 1283 78 22 Office.

1321 1312 129 27 September
1460 1315 32 24 19,
1504 1315 60 21 1843.

1494 1360 43 20 Ex

1295 1392 71 47 ON
1382 1392 79 22 SALE
1477 1392 28 28 by
1519 1392 37 22 the
1571 1393 152 27 undersigned
1724 1405 28 4 —

1372 1418 84 22 Hunt's
1466 1420 98 26 superior
1574 1420 38 21 old
1622 1423 50 24 port
1680 1421 65 26 wine,
1761 1421 86 22 bottled
1856 1422 23 22 in

1295 1444 91 28 Oporto,

1322 1472 103 27 Hosiery,
1436 1472 55 28 lace,
1503 1473 45 21 and
1557 1473 95 27 netting,

1307 1519 2 5 ,
1322 1498 164 28 Earthenware,
1499 1500 49 22 well
1558 1501 107 26 assorted,

1297 1532 4 2 ■
1322 1525 122 27 Champion
1456 1527 20 21 &
1487 1527 58 21 Co.'s
1555 1527 92 27 vinegar
1657 1527 23 21 in
1690 1527 51 22 half
1747 1527 132 28 hogsheads.

1674 1561 88 22 Willis
1779 1563 19 21 &
1814 1563 37 21 Co.

1322 1592 144 28 Wellington,
1479 1593 88 27 August
1577 1595 34 26 14,
1622 1596 60 20 1843.

1534 1639 52 20 For
1601 1639 70 25 Sale,

1295 1670 156 49 WHEAT
1473 1670 65 21 AND
1560 1670 111 28 FLOUR,
1687 1672 37 21 the
1743 1672 97 27 produce
1858 1672 25 22 of

1389 1696 38 21 the
1438 1696 65 27 Hutt,
1515 1697 23 22 in
1552 1697 56 27 hags
1621 1698 101 28 (200tes,)
1737 1703 23 17 at
1777 1699 33 23 £2
1825 1701 54 25 10a.,

1294 1722 46 22 half
1358 1723 53 26 bags
1485 1724 32 21 ss.
1555 1724 59 26 Bags
1634 1728 22 17 to
1676 1726 27 21 be
1722 1726 113 27 returned,
1856 1734 24 14 or

1296 1750 94 26 charged
1404 1752 31 19 2s.
1452 1750 35 21 6d.
1518 1750 53 22 Also
1582 1759 14 13 a
1605 1752 64 21 small
1685 1752 101 28 quantity
1797 1754 26 20 of
1828 1753 52 21 seed

1295 1776 74 27 spring
1378 1776 47 23 and
1435 1777 79 22 winter
1523 1778 73 21 wheat
1605 1778 43 21 and
1659 1778 94 23 skinless
1763 1780 84 26 barley.

1265 1814 2 6 •
1324 1803 73 27 Apply
1407 1806 22 19 to
1447 1804 90 21 Messrs.
1550 1804 95 22 Rhodes
1663 1806 45 21 and
1720 1806 46 26 Co.,
1779 1806 31 21 Te
1828 1807 51 26 Aro,

1296 1837 25 15 or
1330 1833 21 18 to
1360 1830 46 22 Mr.
1421 1831 128 27 Swainson,
1566 1831 150 27 Hawkahead,
1728 1833 69 21 River
1814 1833 66 22 Hutt.

1265 1869 2 5 ■
1323 1856 53 28 July
1384 1858 21 25 4,
1418 1856 69 23 1843.'

1295 1902 72 49 ON
1383 1902 86 26 SALE,
1478 1905 23 19 at
1510 1903 36 21 the
1558 1904 74 20 Stores
1642 1904 25 22 of
1675 1903 35 22 the
1722 1904 157 28 undersigned,

1372 1937 30 14 <px
1411 1930 73 20 Scotia
1485 1941 27 4 —

1266 1952 15 31 A
1404 1961 75 27 Flour,

1404 1988 63 25 Rice,

1265 2028 2 13 ;
1404 2015 77 26 Sugar,

1404 2041 97 27 Brandy,

1405 2067 88 22 Bottled
1504 2068 33 21 ac
1548 2068 42 21 and
1602 2071 83 24 porter,
1698 2070 100 26 Dunbar,

1538 2095 98 22 Thomas
1652 2096 24 21 M
1685 2111 5 4 .
1703 2096 149 22 Machattie*

1324 2120 61 27 Apri'
1397 2122 18 25 7,
1429 2122 61 20 3843.

1405 2166 41 21 On
1462 2166 69 24 Sale,
1546 2173 35 14 ex

1296 2196 64 24 OK
1393 2197 115 23 CHESTS
1537 2199 205 22 GUNPOWDER
1770 2199 69 28 TEA,

1296 2220 66 24 £d*J
1419 2225 13 20 5
1447 2230 51 16 tons
1509 2225 43 21 fine
1562 2232 74 21 sugar,

1420 2253 14 19 2
1450 2256 49 18 tons
1512 2253 86 26 Bengal
1609 2253 52 26 rice,

1423 2279 92 26 Ginger,
1527 2286 89 21 pepper,
1627 2280 41 22 &c.

1557 2317 114 22 Bethune
1685 2317 43 22 aad
1743 2317 109 23 Hunter.

1322 2342 144 27 Wellington,
1479 2343 88 27 August
1579 2344 34 27 15,
1625 2345 60 23 1843,

1520 2390 52 20 For
1588 2390 70 24 Sale,

1296 2422 90 48 THE
1402 2423 144 21 COTTAGE
1561 2423 95 22 situated
1667 2424 24 22 in
1707 2425 100 21 Oriental
1825 2425 57 28 Bay,

1369 2449 43 21 and
1428 2449 69 28 lately
1506 2450 106 27 occupied
1627 2451 31 26 by
1668 2451 37 21 the
1722 2451 158 28 undersigned.

1294 2476 22 21 A
1330 2475 53 27 long
1401 2476 60 22 lease
1480 2477 24 21 of
1521 2476 46 22 the.
1573 2477 85 22 section
1673 2485 58 20 upon
1752 2479 72 21 which
1844 2479 37 22 the

1294 2502 67 22 house
1372 2503 76 21 stands
1459 2503 43 21 will
1511 2503 27 22 be
1548 2504 103 27 granted.

1320 2529 67 22 Town
1398 2529 55 22 land
1463 2530 44 22 will
1516 2531 27 21 be
1552 2529 68 23 taken
1630 2532 22 20 in
1664 2532 122 27 exchange.

1321 2556 42 21 For
1371 2556 86 22 further
1465 2557 135 27 particulars,
1613 2559 66 27 apply
1689 2562 23 18 to

1614 2592 98 23 George
1726 2593 90 26 Duppa,
1831 2601 25 14 cr

1615 2619 35 21 W.
1667 2619 29 21 V.
1711 2620 101 22 Br-cwer

1296 2662 71 48 ON
1383 2663 86 27 SALE,
1481 2670 28 14 ex
1517 2665 99 21 Deborah
1626 2664 56 22 from
1694 2662 145 29 Laiuiceston,
1852 2665 28 28 by

1372 2689 37 21 the
1419 2690 149 27 undersigned
1569 2702 28 5 —

1349 2724 40 21 500
1405 2724 87 21 bushels
1503 2728 54 22 oats,

1348 2752 42 20 200
1405 2750 88 22 bushels
1503 2752 92 26 English
1605 2752 84 27 barley,

1347 2778 41 20 380
1404 2777 89 22 bushels
1504 2778 78 27 wheat,

1348 2805 41 20 230
1404 2804 90 23 bushels
1503 2806 62 26 malt,

1347 2830 74 28 Flour,
1433 2832 42 25 ale,

1347 2859 13 20 2
1376 2858 72 27 drays,
1461 2860 10 20 1
1482 2859 89 27 plough,
1583 2860 68 27 yokes
1658 2860 47 21 'and
1716 2860 83 27 chains,
1812 2862 40 20 &c.

1635 2893 21 22 J.
1673 2894 32 21 M.
1721 2894 102 26 Taylor,

1321 2918 129 27 September
1461 2921 31 24 12,
1505 2921 59 21 1843.

1412 2974 42 20 On
1470 2975 69 24 Sale,
1551 2975 44 20 Ex

1292 3006 126 49 PRIME
1435 3015 57 14 mess
1503 3008 61 27 pork,
1575 3008 86 22 barrels
1671 3008 44 22 and
1724 3008 53 22 half
1785 3009 92 22 barrels.

1349 3034 77 21 Butter
1435 3034 24 21 in
1471 3034 84 28 firkins,
1564 3035 66 22 made
1639 3034 24 23 in
1673 3036 62 26 May,
1748 3036 61 26 1843,

1290 3060 70 22 Dried
1381 3061 103 27 oatmeal,
1508 3061 82 22 double
1615 3062 110 22 barrelled
1748 3063 130 27 percussion

1343 3094 62 20 guns,

1290 3114 87 21 Roman
1388 3118 91 19 cement
1487 3115 24 22 in
1521 3115 138 27 puncheons,
1670 3116 91 26 barrels,
1777 3116 44 22 and
1830 3116 51 22 half

1343 3141 92 27 barrels,

1290 3167 86 22 Plaster
1386 3168 69 28 Paris,
1468 3169 130 22 Rotterdam
1610 3170 94 21 Geneva
1712 3170 24 21 in
1748 3177 68 21 cases,

1290 3194 82 22 Choice
1391 3195 68 22 wines
1479 3196 29 26 (a-
1519 3196 45 22 few
1578 3198 81 26 cases,)
1679 3196 86 23 bottled
1782 3198 34 21 ale
1833 3198 44 22 and

1343 3224 82 24 porter,

1290 3247 94 23 Refined
1393 3256 75 20 sugar,
1478 3249 106 23 Blankets
1594 3251 45 21 and
1650 3250 112 28 druggets,

1290 3274 64 23 Nails
1364 3275 31 22 all
1405 3276 63 27 sizes,
1479 3276 66 22 black
1555 3278 43 20 and
1609 3277 55 22 drab
1673 3278 84 21 beaver
1765 3278 56 27 hats,

1289 3301 72 28 Paper
1369 3302 119 28 hangings,
1500 3304 81 22 British
1589 3304 69 27 plate,

1289 3328 118 28 Tin-ware,
1417 3329 91 23 kitchen
1517 3337 88 21 ranges,
1615 3331 93 27 register
1714 3333 80 25 grates,

1289 3355 84 28 Stoves,
1385 3363 78 21 ovens,
1473 3357 75 27 frying
1557 3365 62 20 pans,
1630 3365 142 21 camppvens,
1781 3358 95 28 fenders,

1290 3382 136 28 Casements';
1449 3384 169 28 window-glass,
1637 3384 67 28 deals,
1721 3385 96 27 squared
1831 3385 47 28 flag

1343 3412 83 20 stones.

1289 3435 71 23 Slates
1369 3437 44 22 and
1424 3437 83 28 sundry
1518 3438 87 27 surplus
1616 3441 76 24 stores,

1473 3468 131 29 RIDSWAYS,
1622 3471 109 26 GuYTON,
1747 3478 46 15 AND
1809 3472 39 21 Co.

1289 3518 4 1 -
1318 3500 129 28 September
1457 3501 105 27 15,1842.

1357 3556 43 21 Ex
1441 3557 76 26 Tyne
1555 3558 59 20 and.

1291 3589 71 49 ON
1392 3589 87 28 SALE,
1503 3589 87 23 bottled
1621 3591 71 27 fruits,
1716 3591 86 28 raisins,
1832 3592 46 22 and

1368 3620 110 23 currants,

1318 3643 136 28 Carroways,
1466 3647 110 24 nutmegs,
1589 3644 82 28 cloves,
1682 3645 40 22 &c.
1870 3648 3 4 '

1318 3669 56 27 Split
1383 3677 61 20 peas,
1456 3672 102 26 oatmeal,
1571 3671 83 22 Scotch'
1666 3672 84 27 barley,
1762 3672 44 22 and
1816 3680 62 20 sago,

1318 3697 110 22 Hambro'
1438 3697 45 22 and
1496 3697 57 23 Irish
1564 3699 57 27 pork
1630 3700 23 21 in
1663 3699 92 27 barrels,

1438 3723 55 23 beef
1499 3725 23 21 in
1533 3726 97 27 tierces,,

1318 3750 93 27 English
1421 3751 72 22 bacon
1506 3752 63 27 (very
1579 3753 63 26 fine),
1665 3765 5 13 f

1317 3777 59 21 Loaf
1382 3777 45 22 and
1436 3777 78 23 Dutch
1525 3779 87 27 cheese,

1317 3803 72 22 Prints
1398 3804 23 22 in
1431 3808 65 24 great
1503 3806 94 27 variety,
1607 3816 4 4 ■
1663 3813 23 7 •-
1705 3816 3 4 ■
1759 3806 29 13 "'"

1317 3831 80 26 Strong
1407 3831 66 23 boots
1483 3832 44 23 and
1538 3833 73 27 shoes,
1622 3833 40 22 &c.
1765 3839 4 13 ;

1666 3867 40 22 .D;
1722 3868 24 22 S.
1762 3869 87 22 Durie.

1315 3890 132 30 August,29,
1461 3893 73 27 1843..,
1713 3907 3 8 »

1290 3935 176 50 CHARTEPv
1475 3937 176 28 PARTIES,for
1660 3938 46 23 sale
1716 3945 24 16 at
1745 3944 38 18 the
1792 3940 87 23 Gazette

1346 3960 79 27 Office.
1849 3972 25 15 >..

2031 720 55 20 For
2100 720 69 26 Sale,
2186 727 37 14 ex
2238 722 17 12 *'

1914 752 252 34 TJUTHERFORD,
2207 754 117 27 DRURY,
2366 755 22 21 &
2424 755 71 23 CO.'S

1912 775 50 25 XV
1988 779 100 24 superior
2097 780 75 26 wines,
2184 780 36 22 viz
2228 788 6 14 :
2237 791 28 5 —

1937 805 58 27 Port,
2006 802 83 31 sherry,
2101 807 46 21 and
2164 807 103 22 Madeira
2275 807 23 22 in
2309 807 77 28 bottle,

1937 831 53 23 Pale
2000 833 45 21 and
2055 833 76 22 brown
2142 833 78 28 sherry
2230 834 23 22 in
2265 833 70 28 wood,

1937 858 53 22 Port
2000 859 22 21 in
2035 859 70 27 wood,
2432 868 3 8 >

1936 885 104 22 Madeira
2049 886 26 22 in
2086 887 70 27 wood,

1938 912 139 27 Hennessy's
2087 920 84 20 cognac
2179 914 25 21 in
2216 914 69 27 wood,

1942 939 44 21 Old
1996 939 50 27 pale
2057 939 68 23 bottle
2136 941 95 26 brandy.

2225 974 81 23 Waitt
2320 974 49 21 and
2383 974 85 23 Tyser.

1936 1004 144 27 Wellington,
2092 1005 131 27 September
2233 1005 33 27 19,
2277 1006 60 21 1843.

1937 1049 65 21 Just
2023 1050 116 25 opened,
2157 1050 54 21 and
2226 1050 43 21 for
2291 1050 59 22 Sale
2373 1051 37 26 by
2425 1051 44 20 the
2482 1070 3 5 ,

2106 1081 195 27 undersigned,

1913 1110 251 24 /GENTLEMEN'S
2183 1112 145 27 Wellington,
2348 1113 62 28 drab,
2430 1113 66 22 black

1913 1136 52 25 VX
1992 1139 88 27 button,
2091 1139 45 21 and
2145 1138 106 24 Ciarence
2261 1140 70 26 boots,

1938 1169 102 27 Bluther,
2053 1169 112 28 Oxonian,
2176 1171 46 21 and
2236 1171 57 27 light
2308 1171 94 28 walking
2419 1171 74 28 shoes,

1937 1196 107 29 Working
2054 1197 72 21 men's
2136 1197 74 22 nailed
2223 1197 51 22 half
2279 1199 76 26 boots,,

1938 1223 66 27 Boys'
2015 1224 65 20 shoes
2089 1223 45 22 and
2143 1226 60 20 stout
2211 1224 51 22 half
2268 1225 68 26 boots.

1938 1249 67 23 Girls'
2021 1251 44 21 and
2080 1250 119 22 children's
2216 1251 66 22 shoes
2291 1251 46 22 and
2347 1251 59 22 cloth
2415 1251 79 22 button

1911 1277 69 26 boot's,

1938 1303 87 22 Ladies'
2056 1303 60 22 cloth
2145 1303 71 28 boots,
2244 1304 155 22 double-soled
2421 1303 73 28 shoss,

1912 1329 111 27 Morocco,
2034 1329 88 28 lasting,
2133 1330 44 22 and
2187 1330 88 22 French
2284 1333 74 26 carpet
2367 1331 100 28 slippers,

1938 1357 47 21 The
2005 1357 70 21 above
2092 1357 87 21 articles
2195 1364 38 14 are
2251 1357 27 22 of
2292 1364 15 15 a
2323 1364 55 21 very
2397 1357 99 28 superior

1912 1382 140 28 description.

1939 1410 37 20 An
1986 1413 131 19 assortment
2127 1410 25 22 of
2160 1411 130 27 Stationery,
2303 1411 120 28 consisting
2432 1411 33 22 of:
2467 1421 26 5 —

1939 1435 58 28 Post,
2009 1436 60 22 bank
2079 1437 43 21 and
2132 1437 96 28 foolscap
2238 1445 75 24 paper,

1939 1463 79 27 Demy,
2030 1463 103 28 blotting,
2145 1464 43 22 and
2200 1465 101 26 imperial
2312 1472 45 20 cap,

1939 1489 172 23 Memorandum
2121 1490 75 27 books,
2207 1491 106 28 assorted,

1941 1517 89 26 Oblong
2040 1516 90 29 clasped
2138 1517 73 28 pencil
2222 1518 74 27 books,

1939 1543 89 22 Collins'
2040 1543 115 28 indelible,
2166 1545 106 26 assorted,

1939 1571 103 21 Account
2051 1570 77 28 books,
2139 1571 58 21 from
2207 1578 44 15 one
2261 1572 62 27 quire
2333 1571 109 28 upwards,

1940 1597 92 27 Wafers,
2044 1597 87 27 sealing
2140 1604 56 20 wax,
2208 1598 46 22 and
2263 1598 39 22 ink
2312 1598 105 28 powders,

1939 1623 89 22 Artist's
2037 1625 92 27 pencils,
2136 1625 60 26 good
2205 1625 93 27 writing,
2307 1624 43 23 and
2360 1625 136 28 carpenter's

1912 1649 67 28 leads,

1940 1677 59 22 Steel
2009 1684 56 21 pens
2075 1678 45 21 and
2128 1686 44 19 pen
2183 1677 96 28 holders,

1941 1705 23 20 11
1977 1704 48 22 doz.
2037 1704 91 22 Smith's
2139 1712 56 21 copy
2204 1705 62 31 slips,

1940 1731 98 21 Gillott's
2047 1731 77 21 school
2133 1738 62 21 pens,
2206 1732 73 27 quills,

1939 1757 133 28 Envelopes,
2084 1758 99 22 national
2193 1759 75 21 school
2278 1759 70 27 slates,

1939 1784 80 27 Coffee,
2031 1787 44 24 tea,
2086 1784 43 22 and
2138 1785 86 22 refined
2233 1792 72 21 sugar,

1939 1811 74 21 Prime
2023 1811 59 21 Cork
2091 1812 75 22 butter
2174 1812 23 21 in
2207 1812 82 27 firkins,
2302 1820 23 14 or
2335 1813 30 28 by
2375 1813 37 22 the
2423 1813 72 22 dozen

1912 1838 93 27 pounds,

1938 1866 28 20 40
1979 1864 82 22 barrels
2072 1865 107 28 superfine
2190 1865 120 23 American
2322 1866 80 27 flour,'

1939 1892 121 21 American
2070 1891 110 28 chopping
2189 1899 60 21 axes,
2261 1893 47 21 iron
2319 1896 35 19 tea
2363 1893 88 28 kettles,

1939 1919 13 19 5
1967 1921 48 19 cwt.
2036 1919 124 21 Rodway's
2178 1923 79 23 patent
2280 1919 63 22 horse
2367 1920 64 22 shoes
2449 1921 45 22 and

1912 1945 62 26 nails,
2078 1954 2 10 i

1941 1971 73 22 Hall's
2022 1971 60 26 glass
2092 1972 142 26 gunpowder,
2243 1973 87 26 powder
2339 1973 73 27 flasks,

1941 1997 66 27 Ivory
2030 1998 96 21 handled
2155 2005 80 20 razors,
2261 2000 129 21 Cowovan's
2410 2001 84 21 Canton

1913 2031 62 15 razor
1984 2025 137 27 sharpeners,

1941 2051 117 28 Crockery,
2074 2051 115 28 including
2207 2051 87 29 dinner,
2314 2053 118 28 breakfast,
2451 2054 45 21 and

1915 2081 34 18 tea
1960 2078 103 26 services,

1928 2127 3 2 .
1941 2105 54 21 Fine
2006 2107 36 19 cut
2052 2104 108 22 tumblers
2169 2105 45 22 and
2223 2106 57 21 wine
2290 2106 90 27 glasses,

1941 2131 92 26 Pickles,
2044 2131 97 27 vinegar'
2152 2132 22 21 in
2191 2132 67 27 pints,
2268 2133 73 22 lemon
2353 2133 69 28 juice,
2433 2133 63 22 salad

1914 2157 36 27 oil,
1962 2165 82 20 capers,
2055 2166 83 18 sauces,
2149 2159 106 27 mustard,
2267 2160 61 27 peiarl
2340 2160 83 28 barleyj
2433 2168 61 20 sago,

1914 2185 102 26 oatmeal,
2028 2185 45 21 and
2084 2185 91 28 tapioca,

1941 2211 68 23 Fresh
2019 2211 87 22 salmon
2117 2212 44 22 and
2171 2220 65 20 soups
2246 2213 23 21 in
2279 2213 111 28 canisters,

1942 2238 109 22 Hockins'
2063 2242 76 24 patent
2148 2239 120 23 seidlitzin
2280 2241 107 27 powders,

1941 2265 58 22 Soda
2009 2265 43 22 and
2063 2265 78 28 ginger
2150 2266 54 22 beer
2213 2267 105 27 powders;
2421 2270 3 8 l

1933 2292 177 27 •Ra&pberryade
2120 2293 50 21 and'
2174 2293 147 22 Cheltenham
2332 2295 60 27 salts,

1941 2319 80 22 Steer's
2040 2319 126 28 opodildoc,
2181 2320 98 22 James!s
2295 2321 97 28 powder,
2403 2322 95 28 Dalby's

1915 2346 144 26 carminitive,
2433 2353 4 5 '
2491 2351 2 7 '

1941 2373 78 21 Brown
2030 2373 112 27 Windsor,
2153 2373 75 28 fancy,
2239 2374 43 22 and
2291 2374 93 28 shaving
2393 2382 70 20 soaps,

1941 2400 96 22 Essence
2052 2400 27 22 of
2090 2401 85 26 ginger,
2191 2401 86 28 brandy
2290 2402 84 27 bitters,
2391 2401 107 23 aromatic

1915 2427 97 26 vinegar,
2022 2427 164 22 inexhaustible
2198 2428 60 27 salts,

1942 2454 137 22 Permanent
2086 2454 48 27 ink,
2145 2455 104 27 scouring
2259 2455 70 27 drops,
2340 2456 95 27 pastiles,

1942 2481 47 21 Salt
1999 2481 25 21 of
2030 2481 92 27 lemons,
2135 2485 63 18 court
2206 2481 97 28 plaister,

1943 2507 119 22 Lavender
2071 2511 68 18 water
2148 2509 49 22 Eau
2206 2509 29 21 de
2246 2509 102 27 Cologne,

1942 2535 67 21 Bears
2018 2542 84 19 grease,
2114 2535 52 24 cold
2174 2543 82 20 cream,
2268 2543 109 16 macassar
2387 2536 44 27 oil,.
2435 2536 63 26 tooth

1915 2561 94 27 powder,
2019 2563 50 26 &c,

1941 2588 87 22 Ladies'
2044 2588 90 22 tortoise
2149 2588 56 23 shell
2221 2589 49 26 side
2286 2590 82 28 combs,
2388 2590 109 28 dressing,

1915 2615 43 21 and
1968 2615 64 22 small
2041 2615 62 22 tooth
2115 2616 84 21 combs.

1941 2641 64 28 Hair,
2035 2642 68 27 tooth,
2134 2643 52 26 nail,
2216 2643 100 28 shaving,
2341 2644 46 22 and
2413 2644 84 22 clothes

1913 2669 98 26 brushes,

1941 2696 77 30 Slates,
2030 2696 56 21 slate
2094 2696 86 27 cistern,
2192 2696 105 28 hearths,,
2301 2697 104 28 chimney
2416 2698 80 28 pieces,

1941 2723 78 21 Hones
2030 2723 45 21 and
2084 2723 102 27 chimney
2197 2727 64 25 pots,,-
2270 2740 3 5 ,

1940 2749 53 22 And
2010 2746 128 26 numerous'
2145 2750 63 23 other
2223 2751 94 27 articles,
2328 2751 72 22 which
2411 2748 44 26 will
2469 2752 28 22 be

1913 2776 47 21 sold
1971 2784 52 20 very
2033 2777 50 27 low,
2094 2776 35 23 for
2138 2777 54 22 cash
2201 2775 62 30 brily|
2273 2778 29 28 by

2137 2810 22 21 .T.
2174 2810 161 26 BODDINGTOK,

2006 2836 110 22 Lambton
2128 2837 72 27 Quay,
2210 2844 56 14 near
2276 2837 37 21 the
2322 2837 54 22 Post
2386 2837 115 29 Officejor

2137 2870 76 23 James
2227 2870 110 27 Jackson,

2270 2898 110 22 Lambton
2396 2899 72 27 Quay.

1938 2924 61 21 June
2009 2926 19 25 2,
2042 2925 60 21 1843.

1965 2974 101 22 Messrs.
2092 2974 155 22 HOLROYD
2272 2982 46 14 and
2345 2975 95 27 HART,

2074 3008 128 21 Notaries
2226 3008 105 25 Public,

1998 3047 37 14 TE
2066 3047 72 18 ARO,
2168 3047 240 15 WELLINGTON.

1938 3066 130 27 September
2076 3069 21 24 4,
2110 3067 60 21 1843.

2076 3112 90 21 Beach
2183 3113 145 27 Frontage.

1913 3146 64 48 TO
1992 3145 39 23 BE
2046 3145 66 28 LET,
2127 3146 70 22 beach
2207 3145 103 27 frontage
2323 3146 44 22 lots
2377 3147 23 21 in
2411 3150 86 19 section

1982 3174 41 21 490
2033 3180 30 14 on
2080 3173 37 21 the
2127 3173 56 21 Plan
2195 3172 71 23 ofthe
2275 3172 68 24 Town
2356 3174 28 22 of
2389 3173 108 28 Welling-

1909 3204 46 21 ton,
1966 3199 116 28 adjoining
2092 3200 43 22 Mr.
2143 3200 90 22 Taine's
2240 3203 69 24 store;
2324 3199 45 23 and
2378 3201 23 22 in
2411 3201 85 23 section

1908 3223 49 30 616,'
1964 3227 106 25 between.
2073 3227 75 27 Major
2157 3227 92 22 Baker's
2258 3227 45 22 and
2312 3228 42 23 Mr,
2362 3228 135 22 Swainson's

1909 3253 88 23 houses.
2002 3276 3 7 t

1936 3280 61 22 Also'
2002 3280 37 22 the
2047 3280 115 27 following
2171 3281 98 22 sections
2279 3288 29 15 on
2317 3281 37 22 the
2362 3281 57 23 Plan
2427 3281 70 23 ofthe

1908 3307 77 27 Tov'h,
1997 3307 45 23 viz:
2044 3318 27 5 —
2071 3314 6 3 '

1990 3350 5 3 -
2011 3340 28 21 55
2174 3341 43 20 319
2366 3342 41 21 922

1941 3377 10 10 •.
1998 3367 42 21 240
2175 3366 42 23 718
2353 3369 55 21 1079

1936 3392 75 28 Appjy
2025 3396 23 18 to

2087 3420 26 23 E.
2129 3420 21 22 J.
2167 3420 150 27 Wakjsfield,
2333 3429 24 14 or

2086 3447 35 20 W.
2137 3447 32 26 V.,
2181 3448 108 26 Brewer,
2305 3448 193 23 Manners-street.

2073 3493 43 21 Ex
2462 3511 3 4 ,
2484 3506 2 5 .

1910 3526 103 34 ~\[OW
2023 3525 159 29 LANDING,
2197 3526 46 23 and
2251 3533 28 15 on
2290 3526 50 23 Sale
2351 3529 24 18 at
2384 3526 37 22 the
2432 3526 64 23 Store

1910 3549 43 29 X\
1991 3553 70 22 ofthe
2075 3553 150 27 undersigned
2226 3565 28 3 —
2407 3567 4 6 .
2484 3573 2 8 ,

1937 3584 108 24 Blankets
2066 3587 32 26 11,
2115 3587 33 25 12,
2164 3585 42 22 and
2225 3587 25 21 13
2270 3588 106 24 quarters,
2395 3584 106 28 superior-

1910 3612 90 27 quality,
2324 3613 18 25 ,;

1936 3639 75 22 Bottle
2019 3639 74 27 fruits,
2105 3643 107 23 currants,
2223 3638 86 27 rais'nsi,
2331 3636 3 4 '
2354 3643 3 6 '
2380 3643 3 4 '
2416 3637 18 13 t>:
2449 3642 38 9 '"*'

1937 3666 84 22 Lemon
2033 3674 68 20 syrup
2111 3667 23 21 in
2149 3666 77 27 bottle,
2237 3666 47 27 gin,
2294 3664 45 22 and
2349 3665 111 28 a,variety
2473 3666 26 22 of

1911 3692 63 23 other
1982 3693 80 27 goods.
2296 3700 191 17 •-<;

2011 3725 32 21 M.
2055 3725 30 22 A.
2095 3724 44 23 will
2159 3724 52 27 buy,
2229 3723 39 23 for
2282 3723 59 27 cash,
2360 3725 28 20 10
2473 3725 27 22 6f

1910 3751 71 22 Black
1992 3751 37 22 Oil
2039 3759 26 14 or
2075 3758 68 19 more,
2155 3758 27 14 on
2193 3750 115 23 moderate
2317 3754 74 18 terms.

2155 3784 32 22 M.
2203 3784 104 22 Asher's
2321 3784 71 28 Store,

2270 3807 115 26 'Lambton
2395 3812 73 28 Quay.

1938 3839 87 27 August
2035 3839 35 27 17,
2082 3839 59 21 1843.
2498 3846 3 3 ■

1946 3883 3 5 '
1981 3885 53 21 For
2049 3883 71 25 Sale,
2136 3882 90 26 Seeds,
2243 3889 36 15 ex

1910 3916 94 50 JUST
2025 3916 111 27 received,
2157 3923 14 15 a
2194 3916 107 29 valuable,
2312 3921 143 21 .assortment
2473 3919 27 23 of

1957 3947 3 16 :
1973 3944 60 22 fresh
2042 3942 71 24 Seeds
2122 3943 57 22 from
2191 3943 102 23 London.
2333 3946 7 5 '

1962 3972 93 21 Gaiette
2091 3970 78 27 Office,
2179 3970 91 27 August
2280 3972 35 25 11,
2324 3972 56 22 1843
