2540 4039
1294 154 41 20 less
1352 154 87 27 freight.
1471 155 49 23 The
1541 157 89 28 Society
1640 157 41 21 has
1695 158 67 21 taken
1780 165 14 15 a
1806 166 69 19 room,

1294 180 32 25 36,
1337 179 44 23 Old
1395 181 72 23 Broad
1484 183 78 26 Street,
1578 183 34 22 for
1627 184 48 21 £30
1690 192 40 19 per
1746 192 89 15 annum.
1866 186 9 21 I

1294 205 54 22 have
1357 210 40 18 not
1407 207 56 23 been
1474 209 50 22 able
1535 213 20 18 to
1567 209 77 23 attend
1654 210 37 21 the
1702 210 43 22 last
1756 216 42 16 two
1808 215 67 18 meet-

1294 238 51 20 ings,
1355 232 47 28 but,
1413 234 65 23 when
1496 235 12 22 I
1524 239 76 19 return
1617 239 24 19 to
1658 240 66 23 town,
1743 237 43 22 will
1801 239 74 21 attend

1294 258 117 29 regularly.

1504 314 164 20 POSTAGE.

1326 363 41 23 We
1378 366 146 31 particularly
1535 367 70 23 invite
1617 368 38 23 the
1673 370 109 22 attention
1795 370 25 22 of
1836 378 41 15 our

1292 395 139 26 subscribers
1443 404 22 18 to
1477 399 38 24 the
1524 400 117 31 following
1652 401 98 31 Postage
1760 402 54 23 Act.

1559 436 92 21 General
1661 437 51 21 Post
1721 438 74 25 Office,

1469 463 118 24 Auckland,
1601 465 33 19 Ist
1643 464 128 27 September,
1784 466 62 21 1843.

1317 486 76 22 Notice
1402 489 18 20 is
1430 489 77 26 hereby
1515 491 70 25 given,
1595 491 48 20 that
1652 492 55 20 from
1721 493 41 20 and
1771 493 56 20 after
1838 494 36 19 the

1292 513 36 20 6th
1337 514 87 26 instant,
1435 523 25 13 or
1474 524 24 14 so
1513 524 53 14 soon
1582 518 114 21 thereafter
1710 526 23 13 as
1749 520 42 21 this
1808 521 69 20 notice

1291 541 52 19 shall
1357 541 26 21 be
1398 544 95 20 received
1508 546 23 18 at
1544 545 36 20 the
1597 545 108 27 following
1722 546 50 21 Post
1793 548 83 24 Offices,

1291 569 144 27 respectively,

1347 596 135 27 Wellington,
1653 600 136 26 Koromrika,

1346 623 88 25 Nelson,
1649 627 119 27 Hokianga,

1347 649 50 22 New
1408 651 121 27 Plymouth,
1651 654 110 26 Waimate,

1347 677 66 26 Petre,
1592 691 2 6 >
1648 682 90 24 Akaroa,

1290 703 36 20 the
1335 705 78 21 several
1423 706 126 25 regulations
1561 714 47 13 now
1617 708 24 20 in
1649 709 58 20 force
1717 710 34 19 for
1761 710 35 20 the
1806 712 70 17 trans-

1291 731 84 21 mission
1390 733 24 20 of
1431 733 73 20 letters
1524 734 40 20 and
1579 741 138 21 newspapers,
1735 737 42 20 and
1794 738 83 25 levying

1290 760 54 18 rates
1352 759 24 19 of
1391 760 87 26 Postage
1493 761 22 19 in
1531 761 52 20 New
1600 762 101 25 Zealand,
1712 764 43 20 will
1764 771 58 13 cease
1835 765 40 19 and

1291 785 119 26 determine,
1421 788 40 19 and
1471 788 24 19 in
1505 788 127 21 accordance
1642 790 50 19 with
1708 791 37 20 the
1761 791 115 20 directions

1290 811 24 21 of
1328 813 36 19 her
1383 813 110 27 Majesty's
1511 815 237 27 Postmaster-General,
1759 818 67 20 under
1841 819 35 20 the

1290 840 105 26 authority
1408 842 26 19 of
1449 848 13 13 a
1477 842 99 22 Warrant
1590 843 25 20 of
1633 844 35 19 the
1686 844 67 20 Lords
1772 845 104 20 Commis-

1289 867 79 20 sioneis
1388 868 24 19 of
1427 869 38 20 her
1485 870 110 26 Majesty's
1613 870 112 27 Treasury,
1749 872 61 20 dated
1829 874 48 19 319t

1289 893 88 26 August,
1390 896 60 24 1841,
1460 896 41 20 and
1518 900 103 22 pursuant
1637 900 21 18 to
1670 898 35 21 the
1722 899 119 25 provisions
1852 900 25 20 of

1289 926 26 14 an
1325 921 41 20 Act
1375 922 25 19 of
1411 923 37 20 the
1463 923 98 27 Imperial
1573 924 131 26 Parliament,
1716 927 13 19 3
1740 927 42 19 and
1795 927 12 20 4
1818 927 57 25 Vie,

1289 954 45 19 cap.
1346 949 34 24 96,
1397 950 37 20 the
1448 950 106 27 following
1571 952 55 20 rules
1643 953 43 20 and
1702 954 129 25 regulations
1841 955 35 20 for

1289 975 35 20 the
1340 981 130 21 conveyance
1487 978 25 20 of
1528 979 72 20 letters
1615 980 42 19 and
1677 987 138 20 newspapers,
1834 983 42 19 and

1289 1002 63 26 fixing
1363 1006 53 17 rates
1427 1005 25 19 of
1460 1008 85 23 postage
1558 1006 96 24 thereon,
1665 1007 42 20 will
1717 1008 48 20 take
1775 1009 67 25 effect,
1854 1010 24 19 of

1289 1030 66 20 which
1364 1031 28 19 all
1406 1037 87 20 persons
1503 1034 117 20 concerned
1636 1041 35 13 are
1681 1035 95 26 required
1794 1039 22 17 to
1827 1037 48 19 take

1289 1057 77 20 notice.

1317 1084 18 21 1.
1351 1085 44 20 The
1401 1086 97 20 Colonial
1508 1090 85 23 postage
1603 1088 40 20 due
1653 1095 27 13 on
1691 1089 72 21 letters
1775 1091 99 20 intended

1289 1112 21 19 to
1321 1111 25 20 be
1356 1115 46 18 sent
1413 1115 38 18 out
1460 1114 24 19 of
1499 1115 36 19 the
1552 1115 80 26 Island,
1644 1119 55 17 must
1715 1114 25 23 be
1757 1118 48 25 paid
1816 1119 60 19 when

1289 1138 35 20 the
1334 1139 60 20 letter
1403 1140 18 20 is
1434 1141 79 25 posted,
1524 1148 22 13 as
1555 1143 18 18 it
1583 1146 79 16 cannot
1668 1144 25 20 be
1699 1145 102 19 collected
1807 1146 67 19 either

1289 1166 21 19 in
1329 1167 36 18 the
1385 1167 80 21 United
1489 1168 106 26 Kingdom
1620 1176 25 14 or
1668 1171 23 19 in
1715 1172 61 20 other
1796 1173 80 20 British

1290 1192 104 23 Colonies.

1316 1221 20 20 2.
1351 1221 44 20 The
1412 1224 44 18 rate
1467 1222 24 19 of
1504 1225 135 25 sea-postage
1654 1227 23 17 to
1688 1225 25 20 be
1728 1226 66 20 taken
1802 1228 23 19 at
1840 1228 36 20 the

1289 1249 47 24 port
1345 1248 24 20 of
1381 1249 110 26 departure
1503 1249 23 20 in
1539 1250 51 21 New
1606 1251 98 26 Zealand,
1717 1259 28 13 on
1760 1254 29 20 all
1803 1255 73 20 letters

1289 1274 120 26 dispatched
1423 1276 28 25 by
1460 1277 54 25 ship,
1526 1281 36 17 not
1578 1278 102 20 intended
1694 1282 21 18 to
1726 1287 48 19 pass
1785 1281 91 27 through

1289 1302 35 19 the
1341 1302 80 21 United
1439 1303 115 26 Kingdom,
1562 1305 18 20 is
1597 1306 127 26 four-pence
1738 1308 34 20 for
1789 1315 13 13 a
1815 1309 62 20 letter

1289 1331 37 18 not
1336 1331 113 25 exceeding
1464 1331 46 19 half
1526 1338 26 14 an
1569 1338 68 15 ounce
1646 1340 5 17 ;
1671 1334 41 20 and
1726 1335 36 20 the
1770 1335 107 27 following

1289 1356 17 20 is
1314 1357 36 20 the
1359 1358 55 20 scale
1423 1358 26 19 of
1462 1360 55 18 rates
1534 1361 21 18 to
1566 1359 25 20 be
1602 1361 89 24 charged
1701 1368 28 13 on
1745 1362 73 20 letters
1837 1369 37 14 ex-

1289 1384 84 26 ceeding
1381 1385 47 19 half
1435 1391 28 13 an
1472 1391 75 17 ounce,
1556 1386 43 20 viz.

1289 1411 70 20 Above
1368 1412 46 20 half
1422 1418 28 14 an
1456 1418 67 14 ounce
1533 1413 42 20 and
1580 1416 38 18 not
1628 1415 113 26 exceeding
1751 1422 39 15 one
1799 1423 79 21 ounce,-

1315 1441 41 17 two
1367 1441 63 19 rates.

1289 1465 71 21 Above
1370 1473 40 13 one
1420 1473 68 14 ounce
1504 1468 41 19 and
1560 1470 39 18 not
1609 1470 113 26 exceeding
1738 1472 42 18 two
1790 1477 86 20 ounces,

1315 1493 49 20 four
1373 1496 64 18 rates.

1289 1521 70 20 Above
1366 1523 42 18 two
1415 1528 79 14 ounces
1504 1522 40 20 and
1554 1525 38 18 not
1603 1524 113 24 exceeding
1724 1526 58 19 three
1791 1533 84 15 ounces,

1315 1550 32 18 six
1356 1551 64 20 rates.

1287 1575 72 21 Above
1369 1576 59 21 three
1439 1583 76 14 ounces
1522 1578 40 19 and
1570 1580 38 18 not
1614 1580 113 26 exceeding
1733 1580 48 21 four
1789 1587 86 21 ounces,

1315 1603 58 26 eight
1382 1607 64 18 rates.

1288 1630 47 19 And
1345 1631 33 20 for
1388 1637 62 21 every
1460 1639 68 14 ounce
1535 1634 67 19 above
1611 1634 50 20 four
1671 1641 78 14 ounces
1762 1637 42 19 two
1816 1637 58 19 addi-

1288 1658 66 20 tional
1366 1662 55 17 rates
1433 1667 34 13 are
1477 1663 23 17 to
1516 1660 24 20 be
1550 1662 99 25 charged,
1660 1663 42 19 and
1715 1669 62 20 every
1787 1664 89 20 fraction

1287 1684 25 21 of
1329 1691 26 14 an
1374 1692 68 15 ounce
1462 1690 22 17 to
1503 1688 26 19 be
1549 1689 91 25 charged
1659 1696 23 13 as
1698 1696 41 14 one
1762 1691 114 21 additional

1287 1718 74 15 ounce.
1391 1714 59 21 Each
1460 1717 43 18 rate
1513 1717 23 18 to
1547 1716 26 20 be
1583 1716 110 21 estimated
1703 1718 41 19 and
1755 1719 88 25 charged
1854 1722 22 17 at

1287 1740 133 25 four-pence.

1315 1768 21 19 3.
1352 1768 25 19 In
1387 1769 94 21 addition
1493 1773 22 17 to
1527 1771 35 19 the
1573 1771 85 26 charges
1669 1772 33 20 for
1715 1776 138 23 sea-postage,
1865 1781 12 13 a

1287 1794 81 21 further
1383 1803 46 13 sum
1441 1797 23 19 of
1471 1798 126 26 four-pence
1608 1804 37 20 per
1655 1799 45 20 half
1714 1806 75 19 ounce,
1799 1802 42 19 and
1852 1808 24 14 so

1287 1828 27 13 on
1324 1822 22 20 in
1355 1825 132 25 proportion,
1498 1825 114 26 according
1630 1829 22 17 to
1670 1827 35 20 the
1723 1829 55 19 scale
1793 1829 83 26 already

1287 1849 42 20 laid
1340 1850 68 26 down,
1418 1855 57 17 must
1486 1853 25 19 be
1521 1853 89 26 charged
1618 1853 34 21 for
1662 1861 40 20 any
1708 1855 73 20 inland
1787 1862 89 20 convey-

1287 1883 51 14 ance
1348 1878 25 19 of
1381 1879 72 20 letters
1465 1880 46 20 that
1524 1881 52 19 have
1586 1881 89 24 arrived,
1688 1889 24 13 or
1721 1883 68 20 which
1799 1890 35 13 are
1843 1884 34 19 in-

1287 1905 76 19 tended
1379 1908 22 18 to
1411 1907 26 19 be
1448 1907 123 26 dispatched
1588 1909 28 24 by
1626 1909 80 25 private
1724 1910 66 26 ships,
1802 1910 75 21 should

1287 1938 42 19 any
1345 1933 73 21 inland
1434 1938 47 22 post
1500 1935 26 19 be
1545 1935 101 21 establish
1666 1937 22 19 in
1707 1936 52 21 New
1776 1938 101 20 Zealand.

1287 1959 51 20 This
1347 1963 45 18 rate
1402 1961 26 20 of
1442 1961 124 27 four-pence
1581 1963 78 26 having
1669 1964 52 20 been
1732 1965 55 20 fixed
1804 1965 28 27 by
1841 1966 36 20 the

1287 1986 103 27 Treasury
1398 1988 36 20 for
1449 1989 36 19 the
1495 1996 132 19 conveyance
1638 1991 24 19 of
1675 1992 28 19 all
1719 1992 73 21 letters
1803 1993 74 20 within

1287 2013 35 19 the
1333 2013 89 27 Colony,
1432 2016 92 20 whether
1533 2017 28 24 by
1571 2022 35 14 sea
1616 2022 25 14 or
1650 2018 58 19 land.

1314 2041 22 19 4.
1351 2041 69 20 When
1437 2042 72 20 letters
1519 2049 25 14 or
1560 2050 132 20 newspapers
1702 2051 34 14 are
1752 2046 125 21 re-directed

1286 2067 54 20 from
1350 2074 42 14 one
1401 2071 48 24 part
1459 2070 23 20 of
1496 2070 36 20 the
1543 2070 82 27 Colony
1635 2074 22 17 to
1668 2073 96 24 another,
1776 2074 49 26 they
1835 2075 42 20 will

1287 2094 25 20 be
1327 2095 122 26 chargeable
1463 2097 51 20 with
1530 2104 13 13 a
1552 2098 89 21 distinct
1655 2103 44 16 rate
1710 2100 25 19 of
1749 2103 85 23 postage
1844 2102 33 20 for

1287 2122 37 20 the
1336 2123 144 25 re-direction,
1489 2125 112 26 according
1611 2130 22 15 to
1645 2127 35 19 the
1690 2128 55 19 scale
1755 2128 73 20 herein
1835 2129 42 20 laid

1287 2150 67 24 down,
1366 2157 48 14 over
1432 2152 39 19 and
1482 2152 66 20 above
1557 2154 37 19 the
1604 2157 87 23 postage
1707 2156 120 26 previously
1837 2157 40 20 due

1288 2184 57 18 upon
1355 2178 66 21 them.

1314 2206 20 19 5.
1350 2206 19 19 A
1378 2206 92 26 gratuity
1481 2207 24 20 of
1519 2210 119 24 two-pence
1653 2215 37 20 per
1705 2209 70 24 letter,
1786 2211 42 19 and
1837 2218 40 13 one

1286 2239 69 20 penny
1365 2233 33 20 for
1409 2240 61 20 every
1479 2241 128 20 newspaper,
1614 2236 18 19 is
1643 2237 86 25 payable
1740 2240 22 17 to
1773 2238 35 20 the
1818 2245 58 13 com-

1286 2261 85 20 mander
1382 2262 24 19 of
1418 2268 41 19 any
1469 2262 79 25 private
1559 2264 68 19 vessel
1637 2265 118 25 conveying
1764 2265 72 21 letters
1846 2272 30 14 on

1286 2291 89 18 account
1383 2288 25 21 of
1416 2289 35 20 the
1463 2289 51 21 Post
1521 2290 66 21 Office
1593 2298 6 16 ;
1611 2291 38 20 but
1659 2298 29 13 on
1696 2292 73 20 letters
1776 2299 25 14 or
1811 2300 65 14 news-

1286 2323 73 19 papers
1369 2316 123 26 dispatched
1508 2320 21 17 to
1540 2318 36 19 the
1593 2318 82 21 United
1691 2319 114 26 Kingdom,
1817 2327 24 14 or
1852 2324 22 18 to

1285 2350 41 20 any
1341 2344 25 19 of
1380 2344 35 20 the
1434 2344 80 21 British
1531 2345 99 21 Colonies
1646 2347 75 20 named
1742 2347 73 24 below,
1834 2349 42 20 this

1285 2372 91 25 gratuity
1385 2372 18 19 is
1413 2375 39 17 not
1462 2375 21 17 to
1495 2373 25 19 be
1529 2373 56 26 paid,
1597 2380 22 13 as
1630 2375 36 19 the
1676 2374 100 27 Captains
1787 2376 41 20 will
1839 2382 35 14 re-

1285 2399 56 20 ceive
1350 2399 18 19 it
1378 2404 28 14 on
1416 2399 36 20 the
1462 2399 91 28 delivery
1564 2401 24 19 of
1596 2401 37 20 the
1642 2402 73 20 letters
1726 2404 22 18 at
1762 2403 55 20 their
1827 2406 50 23 port

1285 2426 25 20 of
1332 2426 136 25 destination,
1489 2428 42 19 and
1554 2429 37 19 the
1616 2429 139 21 Postmasters
1775 2431 22 19 in
1816 2432 61 19 those

1286 2453 98 21 Colonies
1395 2455 44 19 will
1449 2455 24 20 be
1483 2462 24 13 so
1516 2455 106 21 informed
1628 2467 28 4 —

1341 2488 96 23 Quebec,
1634 2489 32 21 St.
1677 2489 73 25 Lucia,

1341 2514 95 24 Halifax,
1634 2517 33 20 St.
1677 2518 110 23 Vincents,

1341 2542 115 26 Burmuda,
1634 2544 94 27 Tobago,

1340 2570 32 20 St.
1383 2570 78 21 John's
1472 2570 73 27 (New-
1637 2571 104 25 Greneda,

1368 2598 135 26 foundland,)
1633 2600 108 25 Trinidad,

1339 2625 102 24 Jamaica,
1632 2627 94 25 Berbice,

1341 2653 125 26 Barbadoes,
1635 2655 120 24 Demerara,

1341 2681 118 23 Dominica,
1635 2683 110 24 Bahamas,

1274 2716 2 24 |
1339 2709 101 25 Antigua,
1635 2711 119 26 Carriacou,

1274 2754 2 4 ,
1341 2736 73 24 Nevis,
1635 2738 138 25 Montserrat,

1341 2764 31 20 St.
1385 2764 67 25 Kitts,
1536 2771 3 4 •
1635 2766 76 23 Malta,

1340 2791 98 25 Tortola,
1635 2793 114 22 Gibraltar.

1312 2824 20 20 6.
1347 2824 60 21 With
1424 2827 84 25 respect
1526 2828 21 18 to
1565 2825 74 21 letters
1655 2832 25 14 or
1696 2832 131 23 r.ewspapers
1841 2829 34 19 in-

1282 2852 66 19 wards
1359 2852 28 26 by
1395 2853 81 26 private
1487 2853 65 26 ships,
1564 2859 27 14 no
1599 2855 94 24 gratuity
1702 2855 43 19 will
1753 2857 24 18 be
1789 2857 86 25 payable

1282 2885 28 14 on
1319 2879 60 21 those
1385 2880 23 19 in
1414 2887 13 13 a
1433 2880 68 20 sealed
1508 2881 49 19 mail
1563 2881 56 20 from
1626 2881 36 20 the
1673 2882 80 20 United
1760 2883 114 26 Kingdom,

1282 2913 23 13 as
1315 2906 18 20 it
1341 2907 44 20 will
1394 2908 53 20 have
1457 2908 53 20 been
1520 2909 84 26 already
1615 2909 57 26 paid,
1684 2910 37 20 but
1731 2916 28 14 on
1769 2911 29 19 all
1815 2911 60 21 other

1282 2935 72 19 letters
1378 2935 92 26 arriving
1494 2935 27 26 by
1545 2936 59 26 ships
1623 2939 23 17 at
1666 2937 51 20 New
1742 2937 98 26 Zealand,
1862 2946 12 12 a

1281 2962 93 26 gratuity
1384 2962 24 20 of
1422 2965 109 24 twopence
1540 2969 38 20 per
1587 2963 63 21 letter
1660 2965 42 19 will
1714 2965 24 19 be
1749 2965 55 26 paid.

1310 2989 19 21 7.
1346 2990 84 20 Letters
1448 2991 41 19 and
1505 2991 138 26 Newspapers
1660 2992 93 25 arriving
1768 2993 54 19 from
1837 2993 37 20 the

1274 3020 2 6 '
1282 3017 82 20 United
1384 3017 115 26 Kingdom,
1520 3024 25 14 or
1560 3018 56 20 from
1635 3025 43 20 any
1694 3019 25 19 of
1738 3020 35 19 the
1794 3020 80 21 British

1282 3044 98 20 Colonies
1397 3045 72 20 before
1488 3045 82 24 named,
1588 3045 24 20 in
1627 3052 14 13 a
1656 3046 69 20 sealed
1740 3046 50 21 Post
1808 3047 65 21 Office

1281 3072 46 25 bag,
1339 3074 57 18 must
1406 3072 27 20 be
1448 3073 103 20 delivered
1560 3073 45 20 free
1615 3073 25 20 of
1651 3074 29 19 all
1694 3080 35 13 sea
1742 3077 93 24 postage,
1849 3082 23 14 as

1280 3099 19 20 it
1308 3100 42 20 will
1358 3100 52 20 have
1421 3100 52 20 been
1485 3100 121 26 previously
1618 3101 52 25 paid
1677 3102 60 19 when
1748 3102 35 20 the
1800 3103 72 20 letters

1281 3133 25 14 or
1315 3133 132 20 newspapers
1456 3134 35 14 are
1501 3128 82 26 posted.
1613 3128 84 21 Letters
1707 3130 95 21 however
1817 3131 55 20 from

1280 3161 42 19 any
1335 3154 61 21 otber
1413 3157 64 24 parts,
1489 3161 25 14 or
1531 3156 58 19 loose
1603 3156 74 20 letters
1692 3156 92 26 brought
1794 3158 22 19 in
1832 3165 41 19 any

1281 3182 66 26 ship's
1357 3182 48 26 bag,
1416 3186 39 17 not
1464 3183 78 25 having
1551 3184 53 19 been
1611 3184 117 21 forwarded
1737 3186 92 25 through
1837 3186 35 20 the

1281 3210 50 19 Post
1348 3209 67 22 Office
1434 3213 22 17 at
1472 3212 37 19 the
1526 3210 59 26 place
1602 3212 25 19 of
1644 3212 120 26 departure,
1784 3213 43 21 will
1846 3213 26 20 be

1280 3237 82 26 subject
1379 3244 28 14 on
1423 3238 76 21 arrival
1515 3238 23 20 in
1555 3238 53 21 New
1624 3239 100 25 Zealaud,
1743 3242 23 18 to
1786 3241 35 19 the
1837 3247 35 13 sea

1279 3267 87 24 postage
1373 3266 26 20 of
1406 3265 126 27 four-pence
1538 3266 36 21 the
1583 3266 46 21 half
1644 3273 75 19 ounce,
1729 3267 42 21 and
1780 3274 24 14 so
1815 3274 26 14 on
1847 3268 23 21 in

1279 3293 134 27 proportion,
1430 3293 114 27 according
1560 3296 23 18 to
1602 3294 37 20 the
1656 3295 55 19 scale
1729 3295 85 26 already
1829 3295 43 21 laid

1280 3320 58 28 dowg
1347 3328 6 16 ;
1368 3320 43 20 and
1417 3321 24 19 in
1451 3321 61 20 those
1519 3327 59 15 cases
1587 3321 46 21 also
1643 3322 36 20 the
1689 3322 109 25 gratuities
1805 3325 22 17 to
1835 3323 35 21 the

1279 3348 135 20 commander
1423 3348 44 20 will
1477 3349 26 19 be
1512 3349 49 24 paid
1570 3349 24 20 in
1604 3349 52 20 New
1667 3349 100 21 Zealand.

1308 3375 20 20 8.
1343 3375 35 20 All
1390 3382 140 21 newspapers,
1540 3376 95 20 whether
1642 3376 87 25 British,
1741 3377 96 26 Foreign,
1846 3384 24 14 or

1279 3401 106 26 Colonial,'
1394 3403 108 26 conveyed
1512 3403 28 26 by
1548 3403 37 21 the
1598 3403 51 21 Post
1659 3404 93 20 between
1768 3405 69 26 places
1847 3405 23 21 in

1278 3429 52 21 New
1340 3430 101 25 Zealand,
1451 3431 44 20 will
1508 3431 25 19 be
1543 3431 124 26 chargeable
1681 3431 50 21 with
1740 3438 28 13 an
1778 3433 91 20 internal

1277 3459 45 19 rate
1331 3458 26 20 of
1367 3460 87 23 postage
1465 3459 24 19 of
1500 3464 41 14 one
1550 3464 72 19 penny
1632 3459 59 21 each.

1307 3485 20 21 9.
1341 3486 37 20 All
1394 3492 132 21 newspapers
1545 3486 94 20 received
1655 3489 23 17 at
1698 3485 53 21 New
1768 3487 101 26 Zealand,

1277 3513 92 21 whether
1386 3513 30 26 by
1424 3513 139 26 packet-boat
1580 3520 24 13 or
1622 3514 81 26 private
1720 3514 55 27 ship,
1786 3514 54 22 from
1858 3522 12 13 a

1276 3540 83 27 foreign
1369 3544 98 23 country,
1477 3541 44 20 will
1531 3541 25 20 be
1565 3541 64 20 liable
1644 3544 23 17 to
1677 3547 12 14 a
1698 3547 37 14 sea
1743 3547 87 21 postage
1847 3544 24 19 of

1277 3570 118 24 two-pence
1406 3569 51 20 each
1465 3575 5 16 ;
1486 3568 42 20 and
1539 3568 35 21 the
1583 3574 58 15 same
1650 3571 45 18 rate
1703 3572 58 17 must
1771 3570 26 20 be
1806 3570 63 21 taken

1277 3601 30 14 on
1315 3601 133 21 newspapers
1456 3596 124 26 dispatched
1588 3596 56 19 from
1655 3596 52 20 New
1721 3596 93 21 Zealand
1823 3600 23 18 to
1856 3604 13 15 a

1276 3622 82 26 foreign
1368 3625 98 24 country,
1482 3623 68 20 either
1559 3623 29 26 by
1601 3624 139 26 packet-boat
1750 3631 25 14 or
1788 3625 81 26 private

1277 3650 55 25 ship.

1307 3678 33 20 10.
1355 3678 138 26 Newspapers
1513 3678 106 26 conveyed
1637 3678 27 28 bj
1681 3680 77 26 packet
1775 3680 93 21 between

1277 3711 40 14 one
1330 3705 78 21 British
1418 3705 83 27 Colony
1511 3706 41 20 and
1569 3707 90 20 another
1669 3707 43 20 will
1721 3707 26 21 be
1763 3707 105 21 delivered

1276 3732 44 21 free
1330 3733 25 20 of
1366 3739 36 14 sea
1411 3736 87 24 postage
1501 3744 25 4 —
1527 3734 18 19 if
1557 3734 108 26 conveyed
1680 3734 28 27 by
1717 3735 83 26 private
1813 3735 54 26 ship,

1277 3766 40 14 one
1334 3766 70 21 penny
1420 3764 57 17 must
1493 3761 25 20 be
1533 3761 71 20 taken.
1634 3762 46 20 The
1693 3768 35 14 sea
1742 3766 87 23 postage
1844 3763 23 20 in

1277 3787 50 25 this,
1338 3788 42 20 and
1388 3788 37 20 the
1435 3788 112 26 preceding
1554 3789 90 24 Article,
1654 3789 43 21 will
1706 3789 27 21 be
1739 3791 24 19 in
1772 3790 95 21 addition

1277 3817 22 18 to
1316 3815 36 20 the
1369 3815 93 21 internal
1479 3819 47 17 rate
1545 3816 24 20 of
1591 3822 41 14 one
1648 3823 79 20 penny,
1747 3817 68 21 where
1832 3818 35 20 the

1276 3847 132 21 newspapers
1413 3849 37 14 are
1456 3846 39 18 not
1504 3843 112 21 addressed
1623 3847 23 17 to
1653 3845 37 19 the
1696 3847 51 24 port
1753 3845 24 20 of
1784 3845 81 25 arrival,

1275 3875 26 14 or
1310 3869 75 26 posted
1394 3872 21 18 at
1425 3871 36 19 the
1470 3873 51 24 port
1529 3871 25 20 of
1566 3871 121 26 departure.

1305 3895 33 22 11.
1353 3897 37 20 All
1398 3903 141 21 newspapers,
1548 3899 105 24 however,
1664 3902 24 17 to
1697 3906 50 19 pass
1756 3902 23 18 at
1788 3900 35 20 the
1834 3906 32 14 re-

1275 3923 67 21 duced
1351 3927 57 17 rates
1417 3924 25 20 of
1454 3927 87 24 postage
1557 3925 74 21 herein
1642 3928 32 18 set
1690 3927 66 24 forth,
1768 3930 57 18 must
1841 3927 26 21 be

1274 3953 48 19 sent
1339 3951 91 21 without
1439 3959 13 13 a
1468 3958 70 17 cover,
1548 3958 31 23 or,
1587 3953 25 21 in
1623 3960 14 14 a
1649 3960 63 14 cover
1726 3961 57 20 open
1794 3956 28 19 at'
1831 3955 36 20 the

1275 3978 63 26 sides,
1346 3979 42 21 and
1395 3979 123 22 there'must
1523 3980 27 21 be
1557 3986 34 15 no'
1594 3981 58 21 word
1658 3988 25 14 or
1689 3982 178 21 communication

576 58 97 47 Wbt
696 58 119 44 wrritt
842 61 211 44 SBitalmfo
1080 67 191 46 <&aicttt
1297 68 90 38 an*
1410 63 305 55 mutiitXQton
1738 74 253 44 ##tttatox.

1907 160 83 25 printed
2005 165 29 14 on
2051 160 35 20 the
2102 166 64 21 paper
2182 162 54 21 after
2251 163 28 20 its
2297 164 135 26 publication,
2448 172 40 15 nor

1906 192 58 20 upon
1973 186 36 20 the
2019 192 69 19 cover,
2098 193 40 15 nor
2147 194 41 20 any
2197 190 83 26 writing
2289 197 24 13 or
2319 191 69 20 marks
2397 198 58 20 upon
2461 194 25 23 it,

1907 219 24 14 or
1945 219 56 20 upon
2011 213 38 20 the
2065 219 63 16 cover
2136 221 49 14 over
2202 216 24 24 it,
2239 219 73 25 except
2328 218 36 20 the
2373 225 60 14 name
2446 221 42 19 and

1906 240 84 20 address
2004 240 25 20 of
2044 240 35 20 the
2093 247 77 19 person
2179 246 22 17 to
2215 244 67 20 whom
2292 247 48 18 sent
2346 252 6 16 ;
2376 252 40 14 nor
2432 249 56 18 mutt

1906 273 41 19 any
1959 273 65 20 paper
2038 273 25 14 or
2076 268 60 26 thing
2150 268 26 21 be
2189 271 97 20 enclosed
2298 272 31 24 in,
2346 278 25 14 or
2383 272 51 21 with
2446 279 42 20 any

1906 294 53 20 such
1968 300 127 20 newspaper.

1936 322 32 19 12.
1983 321 35 20 No
2025 322 62 20 letter
2094 323 112 25 txceeding
2213 324 78 21 sixteen
2301 332 77 15 ounces
2384 327 23 19 in
2413 327 76 26 weight

1906 354 39 13 can
1964 348 26 20 be
2006 348 115 21 forwarded
2140 350 28 26 by
2185 351 35 19 the
2241 350 50 21 Post
2307 352 93 22 between
2418 353 70 27 places

1906 375 73 20 within
1989 376 36 19 the
2036 376 81 26 Colony
2128 377 24 20 of
2164 377 52 20 New
2225 378 98 25 Zealand,
2334 382 74 24 except
2418 381 70 25 deeds,

1905 402 40 20 law
1958 403 142 26 proceedings,
2110 404 42 19 and
2166 404 40 20 law
2221 410 82 20 papers,
2318 408 74 24 posted
2401 409 23 19 at
2437 408 53 20 such

1906 429 76 25 places,
1999 430 73 20 within
2089 431 52 20 such
2157 431 72 24 hours,
2249 432 42 20 and
2306 433 66 20 under
2390 434 29 20 all
2436 435 54 20 such

1905 456 128 25 regulations
2049 463 22 14 as
2084 458 37 20 the
2138 458 230 22 Postmaster-General
2382 460 55 20 shall
2451 468 39 20 ap-

1905 483 68 25 point,
1984 484 42 19 and
2036 484 44 21 also
2095 488 74 24 except
2182 486 72 20 letters
2263 487 23 19 to
2300 486 42 20 and
2352 487 54 20 from
2420 489 70 24 places

1905 510 82 26 beyond
1994 510 35 21 the
2039 517 41 19 sea,
2098 512 42 20 and
2149 513 71 20 letters
2237 515 21 18 to
2269 513 41 20 and
2326 513 54 21 from
2389 515 37 19 the
2443 515 45 20 Go-

1905 543 82 19 vernor,
1998 544 24 13 or
2031 544 41 21 any
2081 539 25 20 of
2117 539 36 21 the
2165 539 142 22 Government
2317 541 75 23 Offices
2403 548 24 14 or
2444 542 44 20 De-

1905 567 124 23 partments.

1906 592 96 21 Extracts
2011 592 56 20 from
2076 593 36 20 the
2123 595 40 19 Act
2173 594 12 19 3
2196 595 19 19 &
2223 595 13 19 4
2247 594 55 24 Vie,
2309 602 19 14 c.
2340 596 42 24 96.,
2389 596 101 21 intituled

1933 625 26 13 an
2004 620 44 19 Act
2056 620 33 20 for
2098 620 36 20 the
2151 620 125 27 Regulation
2286 623 24 19 of
2322 623 35 20 the
2368 623 75 21 Duties
2459 630 29 14 on

83 149 108 29 pensation
200 148 28 21 be
237 145 64 22 made
310 144 155 28 concurrently
474 145 50 22 with
534 145 38 22 the
580 145 74 23 future

82 174 148 27 investigation
242 171 24 21 of
276 171 88 26 Claims,
375 170 58 22 have
444 176 45 17 met
497 171 55 23 with
564 172 35 22 his
608 172 46 23 Ex-

84 200 109 27 cellency's
203 197 67 24 entire
279 196 111 27 approval.

128 227 46 22 The
193 226 112 21 Protector
313 223 25 21 of
353 223 140 28 Aborigines,
505 225 45 22 Mr.
565 226 88 26 George

83 254 79 25 Clarke,
173 252 44 22 and
232 256 29 16 an
277 249 77 27 Agent
363 256 30 16 on
409 250 38 22 the
460 254 48 24 part
517 251 27 22 of
550 252 37 21 the
597 252 56 23 New

84 279 93 26 Zealand
186 279 119 24 Company,
315 279 21 18 to
345 276 28 22 be
379 277 131 22 nominated
518 277 30 28 by
557 285 51 20 you,
615 286 37 15 are

82 313 20 18 to
110 308 26 21 be
151 305 37 22 the
201 303 105 24 Referees
320 302 23 22 in
358 303 56 22 such
428 310 72 21 cases;
516 305 46 20 and
574 312 25 15 in
615 305 37 22 the

83 336 60 21 event
158 331 26 22 of
197 338 14 14 a
226 328 116 22 difference
357 329 26 22 of
398 330 89 27 opinion
501 331 89 27 arising,
607 332 44 22 Mr.

84 360 59 28 Spain
153 357 43 23 will
205 359 37 19 act
251 362 22 14 as
282 355 99 28 Umpire.

164 399 3 3 -
174 383 63 22 order
257 385 22 18 to
297 381 69 23 afford
381 390 45 19 you
441 391 66 20 every
525 384 85 28 facility
628 385 23 22 in

80 412 94 28 carrying
183 412 39 20 out
230 407 37 22 the
277 412 164 23 arrangements
451 410 90 28 already
550 414 64 19 made
623 412 29 27 by

81 440 32 23 the
131 439 111 24 Company
251 434 22 22 in
292 435 79 26 regard
388 439 21 19 to
430 436 38 22 the
485 437 131 28 purchasers
630 439 25 21 of

80 466 48 23 land
144 464 55 22 from
216 459 47 25 that
278 461 66 27 body,
355 461 35 23 his
400 463 136 28 Excellency
546 464 40 22 has
599 472 53 15 con-

80 491 75 26 sented,
166 491 22 21 in
198 488 37 22 the
252 491 65 18 event
326 488 24 21 of
358 496 14 14 a
382 489 107 28 difficulty
498 491 118 27 occurring
628 492 24 22 in

80 520 32 22 the
121 516 133 27 negotiation
267 514 55 22 with
332 514 37 22 the
386 515 86 23 natives
481 517 34 22 for
524 517 37 21 the
574 518 45 22 sale
629 520 26 21 of

80 544 47 25 mch
144 543 25 21 of
183 541 58 22 their
258 540 139 23 cultivations
416 550 26 14 as
461 550 35 15 are
516 543 75 23 within
613 545 38 23 the

78 572 61 23 limits
154 567 89 26 already
258 566 111 23 alienated
386 568 29 27 by
434 569 38 22 the
491 571 121 28 Company,
628 576 23 18 to

78 596 71 32 permit
157 594 54 23 such
221 600 49 14 caie
277 596 22 18 to
305 594 85 22 remain
400 602 58 21 open
468 596 33 22 for
510 596 37 22 the
554 602 95 24 present,

78 624 47 24 with
134 630 12 14 a
162 622 55 22 view
232 623 23 19 to
266 626 59 16 some
344 621 74 23 future
434 622 137 29 adjustment
580 625 26 21 of
612 625 37 22 the

78 651 66 24 native
153 648 73 22 claim.
258 668 5 6 ,

202 674 12 22 I
225 672 55 22 have
291 673 38 21 the
338 672 73 27 honor
421 679 23 17 to
454 676 35 27 be,
500 677 49 26 &c,

150 700 101 28 (Signed)
308 700 75 24 Ja&jes
398 701 91 23 Stuart
505 703 120 30 Freeman,

242 726 42 21 For
295 726 37 22 the
341 727 101 23 Colonial

101 763 60 24 After
169 761 83 26 having
261 760 97 23 acceded
370 764 22 19 to
402 762 61 22 these
473 769 173 25 arrangements,

78 794 20 20 at
112 790 34 22 the
164 790 88 25 request
266 787 26 21 of
308 787 37 21 the
360 788 134 28 Company's
511 790 80 28 Agent,
612 793 36 22 the

78 814 162 26 Commissioner
262 813 45 22 and
331 814 113 23 Protector
466 817 26 21 of
515 818 134 28 Aborigines

75 844 74 25 having
158 842 59 21 since
228 839 47 22 that
284 840 53 22 time
347 841 55 22 been
419 842 120 29 arduously
548 847 101 26 engaged

75 872 23 21 in
115 868 97 27 carrying
229 866 61 23 them
309 868 46 21 into
374 869 71 27 effect,
461 870 33 22 his
513 872 136 29 Excellency

77 904 46 15 now
131 897 69 20 learns
208 894 58 21 from
282 893 38 23 the
334 900 74 22 report
425 896 26 21 of
462 897 44 22 Mr.
518 899 75 27 Spain,
605 901 44 21 and

75 924 42 21 also
125 922 85 26 gathers
219 919 56 23 from
287 920 37 23 the
334 922 138 24 expressions
480 924 23 22 in
518 925 38 22 the
565 927 83 21 resolu-

73 950 42 21 tion
129 955 42 20 you
184 947 58 22 have
251 947 130 28 forwarded,
398 949 49 22 that
463 950 36 23 the
515 952 132 29 Company's

75 977 68 25 Agent
150 974 40 21 has
204 974 68 23 foiled
290 978 22 18 to
328 983 65 20 carry
401 980 39 18 out
449 984 30 15 an
492 985 156 21 arrangement

74 1001 83 24 entered
166 1001 48 22 into
225 1004 24 18 at
259 1001 33 22 his
310 1009 49 14 own
374 1008 96 22 request,
480 1005 44 22 and
538 1006 109 29 solemnly

73 1028 113 23 confirmed
196 1032 23 17 at
229 1035 15 14 a
259 1029 96 27 meeting
365 1030 52 21 with
428 1031 37 21 the
480 1032 82 22 Native
573 1033 74 23 Chiefs

71 1060 21 16 at
101 1056 49 20 Port
160 1054 129 22 Nicholson.

96 1082 10 22 I
125 1088 35 15 am
179 1088 51 15 now
250 1085 20 18 to
290 1082 59 22 draw
370 1091 56 19 your
444 1085 104 22 attention
568 1089 22 18 to
609 1087 36 22 the

71 1108 108 28 principle!
198 1115 29 15 on
247 1108 69 21 which
331 1108 36 23 the
384 1110 147 23 colonization
549 1113 25 21 of
585 1114 60 22 these

71 1136 82 22 Islands
163 1142 44 14 was
217 1134 47 23 first
272 1135 144 27 undertaken,
425 1138 43 21 and
477 1138 11 21 I
498 1146 36 14 am
542 1142 21 19 to
571 1147 74 15 assure

70 1169 47 21 you,
127 1161 48 22 that
184 1162 110 21 whatever
305 1167 156 22 arrangement
470 1164 33 22 his
511 1165 134 29 Excellency

70 1196 47 19 may
127 1188 46 21 find
183 1188 17 21 it
210 1195 116 19 necessary
335 1192 23 18 to
376 1190 68 26 adopt
453 1196 22 16 to
492 1192 105 22 extricate
609 1195 36 21 the

64 1215 86 23 Settlers
170 1216 55 21 ftom
241 1214 35 23 the
291 1215 112 22 dilemma-
409 1217 24 21 in
450 1218 70 21 which
534 1220 54 26 they
603 1228 37 14 are

64 1242 81 28 placed,
157 1242 37 22 the
209 1242 83 22 solemn
307 1249 119 16 assurance
437 1244 27 21 of
476 1244 40 23 her
526 1246 117 28 Majesty's

65 1270 150 21 Government
230 1268 48 22 that
290 1269 36 22 the
340 1270 118 23 territorial
476 1272 69 26 rights
562 1273 26 21 of
606 1274 38 22 the

63 1296 131 26 Aborigines
212 1303 24 15 as
254 1303 84 14 owners
357 1297 26 21 of
399 1297 38 22 the
456 1298 40 21 soil
515 1299 79 22 should
614 1301 28 21 be

63 1323 111 27 respected
186 1322 45 23 and
247 1322 88 28 upheld,
347 1323 45 22 will
408 1331 67 15 never
494 1326 27 21 be
538 1326 106 28 departed

62 1350 67 26 from;
144 1350 44 21 and
200 1350 23 21 in
234 1350 64 21 order
310 1350 45 21 that
366 1350 36 22 the
416 1352 104 21 colonists
532 1353 46 22 also
592 1362 52 20 may

63 1377 25 20 be
97 1376 79 28 placed
184 1377 24 21 in
218 1376 121 26 possession
350 1378 26 21 of
383 1378 36 21 the
428 1379 127 22 sentiments
565 1381 26 21 of
602 1381 42 22 her

64 1403 113 27 Majesty's
202 1404 155 21 Government
375 1412 23 14 as
419 1406 117 26 expressed
561 1411 22 17 to
605 1408 38 22 the

63 1430 111 21 chairman
184 1430 27 21 of
218 1429 35 22 the
265 1430 56 22 New
335 1431 98 22 Zealand
445 1433 120 27 Company,
578 1434 12 21 I
607 1442 35 14 am

63 1456 94 22 directed
167 1460 22 18 to
200 1460 65 25 quote
281 1456 37 22 the
333 1457 113 28 following
459 1467 92 19 passage
562 1461 56 22 from
632 1470 12 13 a

63 1484 60 21 letter
132 1483 119 22 addressed
261 1483 55 22 from
327 1484 38 21 the
375 1485 62 21 office
449 1486 25 21 of
482 1486 35 21 the
529 1488 116 27 Secretary

63 1510 26 22 of
95 1511 57 21 State
164 1511 33 21 for
207 1511 38 21 the
254 1510 108 27 Colonies,
371 1519 27 14 on
410 1512 38 21 the
461 1515 30 19 Ist
497 1513 26 22 of
532 1514 112 28 February

65 1538 48 19 last.

114 1571 28 22 In
151 1571 67 23 order
228 1571 47 21 that
284 1578 29 15 no
323 1571 70 23 doubt
406 1580 53 20 may
469 1574 56 22 exist
541 1582 23 15 as
574 1578 22 19 to
607 1576 37 22 the

63 1599 83 26 subject
154 1598 24 22 in
188 1598 123 22 discussion
321 1599 97 23 between
430 1599 38 23 the
476 1601 114 28 Company
598 1603 45 22 and

64 1625 322 28 herMajesty'sGovernment,
397 1626 60 23 Lord
465 1628 90 27 Stanley
564 1629 80 22 directs

64 1659 34 15 me
108 1655 21 18 to
139 1656 55 18 state
205 1652 47 22 that
262 1651 27 22 he
299 1652 148 23 understands
458 1654 35 22 the
502 1655 139 23 conclusions

63 1682 21 18 to
94 1679 70 21 which
174 1679 37 21 the
222 1678 55 22 New
284 1678 101 23 Zealand
390 1681 111 27 Company
508 1682 56 21 have
571 1691 69 19 come,

62 1709 22 18 to
93 1705 25 21 be
130 1705 37 22 the
176 1705 113 27 following
294 1713 36 14 :—
330 1707 58 21 That
397 1707 16 21 it
421 1707 20 22 is
451 1708 37 21 the
498 1708 54 27 duty
564 1709 24 21 of
602 1710 41 22 her

64 1733 114 26 Majesty's
188 1733 184 22 Governmentto
381 1738 66 22 grant
452 1739 23 17 to
483 1735 36 22 the
528 1736 115 27 Company

64 1760 97 20 between
186 1766 66 15 seven
273 1760 44 22 and
336 1761 61 26 eight
415 1761 102 22 hundred
536 1763 108 23 thousand

64 1793 60 14 acres
139 1786 27 21 of
176 1785 59 27 land,
248 1789 21 18 to
285 1787 29 21 be
324 1787 95 22 selected
428 1788 31 27 by
470 1789 59 22 them
541 1794 37 17 out
595 1790 25 21 of
632 1799 12 13 a

66 1816 54 18 tract
136 1813 26 21 of
176 1815 83 25 twenty
269 1813 95 22 millions
379 1815 26 21 of
411 1822 62 15 acres
487 1816 23 21 in
522 1816 54 22 New
588 1817 55 22 Zea-

64 1839 56 22 land.
150 1839 60 23 That
227 1839 40 22 her
291 1841 117 27 Majesty's
432 1842 153 23 Government
607 1851 35 14 are

63 1866 71 22 hound
146 1870 22 18 to
178 1867 66 22 make
254 1867 42 21 this
306 1872 65 22 grant
379 1868 93 22 without
478 1876 42 20 any
531 1870 79 27 regard
620 1874 22 18 to

64 1893 34 21 the
113 1893 70 27 rights
197 1893 28 23 of
240 1893 35 22 the
291 1894 92 27 natives,
400 1902 25 14 or
444 1898 22 19 to
484 1896 36 21 the
535 1897 70 26 rights
620 1898 25 21 of

62 1919 126 28 Europeans
212 1919 105 28 claiming
338 1921 72 22 under
423 1922 120 27 purchases
562 1924 78 21 earlier

61 1947 52 21 than
125 1946 61 23 those
196 1948 26 21 of
230 1947 36 21 the
276 1947 119 27 Company.
427 1949 52 21 And
489 1949 93 27 further,
595 1950 48 22 that

61 1974 17 20 it
87 1974 17 21 is
115 1974 36 20 the
163 1974 55 26 duty
228 1973 25 21 of
265 1973 38 21 the
315 1975 155 21 Government
480 1980 21 16 to
511 1980 129 23 guarantee,

60 2000 44 20 and
118 2003 21 17 to
154 2004 76 16 secure
247 2002 20 17 to
282 2004 38 16 trm
336 2000 122 27 Company,
470 2001 36 21 the
517 2003 124 26 possession

63 2024 25 20 of
94 2024 51 21 such
153 2023 71 27 lands,
235 2024 111 22 whatever
356 2027 99 26 opposite
468 2027 75 23 claims
553 2036 50 20 may
616 2030 25 21 be

63 2050 88 22 affected
163 2051 26 26 by
201 2050 59 22 third
271 2058 94 20 persons,
374 2053 45 21 and
428 2053 111 23 whatever
549 2063 51 20 may
614 2057 26 20 be

63 2076 36 22 the
108 2077 56 21 basis
181 2085 28 14 on
228 2077 72 23 uhieh
316 2075 54 25 such
381 2081 98 26 opposite
496 2082 78 21 claims
590 2091 52 17 may

64 2107 48 16 rest.

110 2130 25 22 In
146 2138 84 16 answer
240 2135 21 18 to
270 2132 61 22 these
341 2133 84 26 claims,
432 2134 58 22 Lord
501 2137 92 26 Stanley
604 2137 38 21 de-

63 2157 50 21 sires
124 2164 34 16 me
169 2162 21 18 to
198 2159 85 21 remind
294 2167 52 19 you,
358 2160 47 22 that
415 2161 29 21 he
455 2161 38 23 has
505 2163 88 27 offered,
613 2171 27 14 on

62 2184 36 21 the
106 2189 49 22 part
163 2185 24 21 of
195 2186 36 21 the
244 2185 84 27 Crown,
338 2194 22 14 as
372 2194 13 14 a
395 2191 86 24 matter,
492 2193 40 18 not
543 2190 26 21 of
574 2190 66 27 right,

63 2211 36 21 but
116 2211 26 21 of
151 2219 67 19 grace
228 2213 42 21 and
280 2213 86 27 favour,
385 2214 36 22 'to
432 2215 93 22 instruct
541 2216 37 22 the
595 2218 45 21 Go-

63 2245 77 15 vernor
150 2243 22 17 to
181 2238 66 23 make
256 2239 61 23 them
327 2248 13 14 a
351 2241 133 23 conditional
501 2248 71 23 grant,
591 2245 51 21 sub-

59 2265 46 26 ject
115 2269 21 17 to
145 2265 59 28 prior
214 2265 57 23 titles
282 2271 22 17 to
319 2267 27 21 be
362 2269 134 22 established
513 2277 23 14 as
552 2271 29 27 by
599 2271 40 21 law

60 2291 111 28 provided,
173 2304 27 4 —
202 2296 40 19 not
258 2293 53 28 only
331 2294 25 22 of
376 2295 54 22 such
448 2297 87 26 portion
555 2298 26 21 of
602 2298 37 21 the

61 2318 132 28 Wellington
205 2319 128 23 settlement
341 2328 25 15 as
376 2321 19 22 is
404 2322 22 22 in
437 2323 37 21 the
484 2324 73 21 actual
573 2332 65 15 occu-

64 2345 72 27 pation
146 2347 27 20 of
188 2347 86 22 settlers
289 2348 73 22 under
378 2348 68 29 them,
458 2351 39 21 but
513 2351 46 21 also
574 2352 26 21 of
611 2352 29 22 all

60 2375 56 24 parts
133 2376 39 18 not
187 2375 24 21 in
228 2373 36 23 the
277 2375 130 26 occupation
432 2384 26 14 or
474 2378 125 26 possession
619 2379 25 22 of

60 2398 78 28 others,
139 2410 28 5 —
169 2400 36 22 the
222 2404 74 19 extent
311 2402 26 21 of
354 2403 53 21 such
422 2409 72 22 grant,
513 2404 25 22 of
554 2413 85 18 course,

59 2429 38 18 not
115 2431 21 17 to
151 2427 84 23 exceed
251 2428 47 22 that
315 2432 21 18 to
352 2429 71 22 which
434 2431 52 27 they
496 2439 37 14 are
545 2432 94 23 entitled

59 2452 70 22 under
138 2454 45 22 Mr.
194 2455 160 26 Pennington's
364 2457 88 22 award.'

109 2480 96 24 Further
212 2481 53 23 than
278 2482 43 22 this
331 2483 60 22 Lord
400 2484 92 28 Stanley
499 2490 82 18 cannot
588 2494 51 15 con-

59 2511 47 17 sent
121 2511 23 18 to
153 2516 35 19 go,
201 2508 141 29 consistently
352 2511 50 20 with
419 2511 38 22 the
468 2512 132 27 obligations
610 2514 28 27 by

57 2533 70 23 which
138 2535 37 22 the
185 2536 86 26 Crown,
282 2543 24 15 as
316 2536 28 22 he
353 2538 122 26 conceives,
487 2539 19 22 is
515 2540 82 22 bound.

181 2562 90 28 Stanley
285 2563 19 21 is
318 2567 39 18 not
371 2566 114 26 prepared,
501 2574 25 14 as
536 2567 45 22 her'
586 2568 52 21 M-

56 2589 74 26 ajesty's
148 2589 113 28 Secretary
283 2590 27 22 of
330 2591 67 27 State,
414 2595 23 18 to
453 2593 49 27 join
524 2594 51 21 with
597 2594 38 22 the

59 2614 112 29 Company
186 2617 24 21 in
226 2616 80 28 setting
322 2618 59 22 aside
395 2618 37 22 the
448 2620 82 28 Treaty
539 2621 26 21 of
577 2622 62 21 Wai-

58 2643 64 25 tangi,
131 2643 56 21 after
195 2643 112 28 obtaining
314 2644 37 22 the
357 2645 135 29 advantages
499 2648 140 26 guaranteed

58 2667 29 28 by
104 2669 24 26 it,
145 2676 57 16 even
215 2669 85 28 though
316 2671 18 21 it
352 2672 71 27 might
437 2673 28 22 be
484 2675 66 21 made

57 2696 63 20 naked
246 2704 24 15 or
278 2697 86 28 though
372 2700 20 20 it
405 2700 72 26 might
553 2703 86 22 treated

56 2722 28 27 by
94 2723 91 28 lawyers
195 2732 24 15 as
228 2732 13 13 a
246 2725 156 28 praiseworthy
409 2726 78 23 device
494 2728 35 22 for
536 2730 102 26 amusing

57 2749 41 22 and
106 2751 113 28 pacifying
229 2758 92 21 savages
330 2752 34 21 for
374 2752 37 23 the
579 2756 60 23 Lord

57 2775 86 30 Stanley
157 2778 116 22 intertains
288 2785 15 15 a
317 2779 102 22 different
436 2780 55 23 view
507 2782 25 22 of
550 2782 36 23 the
603 2791 36 14 re-

56 2807 57 22 •pect
132 2804 42 23 due
195 2809 23 18 to
242 2805 132 27 obligations
397 2809 129 22 contracted
549 2810 29 28 by
601 2810 38 22 the

57 2830 74 23 Crown
141 2832 28 21 of
175 2831 117 29 England;
309 2833 44 21 and
362 2833 36 22 his
408 2834 55 23 final
473 2843 86 15 answer
570 2841 21 18 to
599 2838 38 21 the

56 2856 104 24 demands
171 2860 25 21 of
207 2859 39 22 the
255 2859 113 28 Company
379 2864 60 19 must
448 2862 27 22 be
487 2862 56 28 that,
554 2871 24 15 as
585 2864 53 28 long

56 2890 23 14 as
89 2884 26 22 he
125 2885 40 22 has
176 2886 37 22 the
223 2885 71 22 honor
310 2886 26 22 of
352 2888 91 27 serving
461 2889 36 22 the
516 2891 78 21 Crown
611 2891 27 22 he
646 2891 2 21 I

56 2911 42 21 will
107 2916 40 17 not
156 2912 70 23 admit
237 2912 47 22 that
292 2920 44 21 any
345 2921 86 21 person,
444 2923 24 14 or
478 2924 43 20 any
532 2918 104 22 Govern-

56 2942 60 17 ment
133 2940 76 27 acting
223 2939 26 22 in
265 2940 38 21 the
318 2948 66 15 name
400 2942 26 21 of
438 2942 40 23 her
487 2944 98 28 Majesty
595 2952 42 15 can

56 2968 95 19 contract
162 2974 14 15 a
184 2966 66 28 legal,
261 2968 77 26 moral,
349 2975 25 15 or
384 2968 109 30 honorary
513 2972 124 28 obligation

54 2993 23 19 to
87 2991 71 29 depoil
169 2994 75 22 others
257 2995 26 20 of
294 2994 58 22 their
367 2995 76 23 lawful
463 2997 44 22 and
524 2999 111 23 equitable

243 3047 100 28 (Signed)
447 3051 28 22 G.
487 3051 35 22 W.
535 3052 74 23 Hops.

80 3079 26 22 In
113 3080 138 26 conclusion,
260 3081 11 21 I
282 3088 36 14 am
328 3082 124 24 instructed
470 3087 21 19 to
506 3088 64 25 state,
589 3086 48 23 that

54 3104 51 29 duly
114 3106 149 27 maintaining
272 3107 62 22 these
350 3109 125 28 principles,
492 3113 45 20 and
550 3113 87 27 subject

54 3135 21 19 to
85 3133 38 21 the
132 3137 74 27 report
216 3133 26 22 of
259 3133 37 22 the
313 3135 176 29 Commissioner,
506 3138 34 23 his
557 3140 79 23 Excel-

51 3158 67 28 lency
138 3160 43 20 will
198 3160 28 22 be
246 3159 74 29 happy
348 3165 23 18 to
390 3163 51 26 give
461 3164 35 22 the
518 3167 117 26 expressed

52 3186 79 21 wishes
141 3186 27 22 of
178 3186 38 22 the
227 3186 123 27 claimants,
361 3188 64 27 who,'
437 3189 28 23 he
484 3196 59 17 must
559 3193 69 23 admit

52 3218 36 15 are
98 3215 57 19 most
164 3212 80 29 deeply
254 3213 94 23 affected
358 3215 32 28 by
398 3216 39 22 the
445 3219 192 27 non-adjustment

52 3240 25 19 of
83 3238 43 23 this
135 3240 119 28 important
261 3241 108 28 question,
382 3242 34 22 his
425 3243 128 24 immediate
563 3250 74 19 atten-

51 3267 57 26 tion;
120 3267 44 21 and
174 3267 43 23 will
224 3267 82 23 render
311 3268 62 23 them
385 3277 65 22 every
460 3271 117 24 assistance
588 3274 49 22 that

51 3295 18 18 xt
78 3293 86 28 maybe
174 3295 23 21 in
207 3295 37 21 the
262 3298 74 24 pdwer
352 3297 27 21 of
391 3296 37 22 the
445 3297 68 24 Local
533 3299 102 24 Govern-

52 3323 61 19 ment
122 3323 23 19 to
154 3321 77 23 afford.

157 3348 13 22 I
179 3348 57 23 have
248 3348 36 23 the
294 3349 71 23 honor
373 3353 23 19 to
405 3348 37 31 be,
454 3352 40 27 Sir,

212 3375 61 23 Your
284 3380 56 18 most
350 3377 104 23 obedient
464 3384 96 24 servant,

265 3403 45 23 For
319 3403 37 23 the
366 3405 102 22 Colonial
479 3407 123 29 Secretary,

101 3442 6 9 '
389 3432 111 23 William
515 3435 117 22 Connell.

51 3476 26 19 To
85 3478 35 19 the
132 3478 78 21 Editor
219 3478 28 26 cf
255 3480 36 19 the
321 3481 52 20 New
383 3482 94 20 Zealand
485 3483 90 21 Gazette
590 3485 43 20 and

202 3506 125 26 Wellington

78 3532 74 26 Sir,—
153 3534 127 27 Observing
298 3534 24 22 in
341 3542 14 14 a
372 3535 44 23 late
435 3537 96 22 number
549 3539 26 21 of
595 3539 37 22 the

54 3558 82 25 Gazette
145 3567 13 15 a
169 3560 124 29 paragraph
308 3563 125 28 respecting
446 3564 38 22 the
498 3565 98 22 number
611 3567 26 21 of

51 3586 111 23 machines
178 3587 22 23 in
219 3588 114 27 operation
341 3589 36 21 for
390 3591 118 28 preparing
523 3591 37 23 the
576 3593 56 22 New

51 3610 96 26 Zealand
162 3614 45 22 flax
226 3621 23 14 m
263 3614 45 22 this
325 3615 190 32 neighbourhood,
536 3619 40 22 but
591 3624 41 18 not

51 3638 80 30 having
145 3648 24 15 as
186 3646 39 23 yet
240 3648 51 15 seen
308 3649 44 20 any
364 3643 26 22 of
397 3643 36 23 the
449 3645 46 23 flax
511 3645 52 24 thus
581 3654 51 20 pre-

51 3666 71 28 pared,
135 3668 11 22 I
164 3675 35 15 am
209 3668 81 23 unable
305 3672 22 18 to
341 3669 51 28 give
405 3678 28 15 an
449 3673 89 28 opinion
548 3681 30 14 on
592 3674 38 23 the

50 3694 118 26 respective
176 3694 77 24 merits
258 3695 26 22 of
291 3695 61 23 these
358 3697 133 24 inventions.
521 3700 72 23 There
602 3701 26 27 is,

51 3720 102 29 however,
171 3729 42 15 one
231 3721 30 28 by
272 3722 45 22 Mr.
334 3723 67 28 Pratt,
418 3726 44 22 and
479 3727 78 28 nearly
569 3735 61 15 com-

50 3748 76 26 pleted,
138 3751 22 19 to
175 3749 73 22 which
263 3749 11 22 I
292 3750 73 22 would
381 3751 44 23 call
437 3760 57 20 your
512 3755 116 27 attention,

51 3773 42 21 and
102 3774 78 29 which,
191 3776 58 22 from
260 3776 36 22 the
312 3777 111 28 specimen
435 3780 27 22 of
467 3781 46 22 flax
521 3783 108 26 prepared

52 3803 26 19 •>y
92 3804 23 23 it,
127 3801 50 23 bids
190 3803 43 22 fair
249 3807 21 17 to
287 3803 71 23 throw
372 3807 143 26 competition
531 3809 45 22 into
592 3809 37 22 the

50 3828 63 20 shade
132 3835 23 15 as
174 3833 97 25 respects
291 3830 38 22 the
347 3831 104 30 cleaning
465 3834 37 22 the
517 3835 110 27 material,

49 3854 36 19 the
94 3855 97 28 strength
208 3857 45 22 and
269 3857 98 28 tenacity
385 3859 25 22 of
422 3861 37 22 the
474 3861 61 28 fibre,
552 3861 77 29 (being

49 3882 63 19 much
131 3887 87 21 greater
237 3883 52 23 than
310 3886 108 27 prepared
443 3888 29 27 by
494 3889 38 22 the
555 3890 73 23 Maori

49 3909 78 25 mode,)
139 3909 45 22 and
194 3910 37 22 the
241 3917 50 15 ease
306 3911 53 23 with
375 3913 72 22 which
458 3915 36 23 the
505 3916 64 23 small
579 3917 49 22 fila-

48 3937 69 18 ments
122 3935 26 21 of
153 3935 38 23 the
197 3937 55 22 fibre
258 3944 38 16 are
306 3938 124 29 devoloptd
439 3942 43 22 and
488 3942 138 26 subdivided,

47 3960 115 29 rendering
176 3963 43 24 this
233 3964 105 25 stubborn
355 3967 27 22 of
395 3967 104 26 stubborn
515 3970 75 28 plants
605 3975 23 19 at

1935 675 84 18 Section
2028 675 36 19 43.
2079 675 51 19 And
2138 675 23 19 be
2175 675 19 19 it
2204 677 90 19 enacted.
2326 678 54 19 That
2390 679 101 24 although

1905 706 128 20 newspapers
2041 706 47 20 may
2100 701 23 19 be
2130 703 46 18 tent
2185 703 26 24 by
2220 703 35 19 the
2260 704 58 23 Post,
2328 705 43 19 and
2377 705 113 26 thereupon

1905 733 37 14 are
1950 727 79 25 subject
2039 728 21 19 to
2070 727 35 20 the
2113 729 47 19 rate
2169 729 27 24 of
2203 731 89 23 postage
2307 733 31 17 set
2340 730 67 25 forth
2416 733 22 19 in
2455 733 35 20 the

1905 755 61 19 above
1985 754 69 23 Table,
2080 755 56 24 (vide
2147 755 83 21 Section
2239 757 47 25 42,J
2316 759 17 18 it
2349 758 55 20 shall
2415 760 36 19 not
2468 760 23 20 be

1907 781 129 26 compulsory
2046 783 21 19 to
2076 782 51 20 send
2136 782 55 20 them
2201 783 25 26 by
2235 785 56 24 post.

1933 809 83 19 Section
2027 809 35 20 56.
2078 810 49 20 And
2143 809 27 21 be
2186 810 18 20 it
2220 811 94 21 enacted.
2343 812 56 20 That
2415 816 75 23 except

1905 835 21 19 in
1938 842 56 14 cases
2004 836 72 20 herein
2086 837 99 26 specified
2204 837 31 27 (as
2244 840 92 25 respects
2346 840 96 20 soldiers'
2450 841 41 19 and

1905 863 80 20 sailors'
2003 863 80 26 letters,
2101 865 47 19 vide
2165 865 85 20 Section
2267 865 45 26 53,)
2337 867 29 20 all
2380 867 111 27 privileges

1905 890 127 20 whatsoever
2042 891 25 20 of
2078 892 88 25 sending
2175 892 73 20 letters
2257 893 28 26 by
2295 894 35 21 the
2347 894 57 25 Post,
2416 895 44 20 free
2469 895 22 22 of

1905 920 92 23 postage,
2013 924 25 14 or
2054 920 22 18 at
2091 926 12 13 a
2119 919 96 21 reduced,
2219 922 44 18 rate
2281 921 24 20 of
2323 924 94 24 postage,
2434 922 55 21 shall

1905 944 75 27 wholly
1990 950 58 15 cease
2058 946 41 20 and
2109 946 121 21 determine.

2201 974 66 21 GEO.
2284 974 124 26 COOPER,

2128 1001 85 26 Deputy
2227 1002 235 21 Postmaster-General.

2016 1065 178 25 COUNTY
2221 1068 155 24 COURT.

2072 1106 137 18 September
2220 1106 31 23 19,
2264 1106 59 19 1843.

1907 1134 85 31 Before
2003 1134 36 23 his
2049 1133 84 26 Hjmr
2144 1136 32 23 E.
2191 1134 121 32 Halswell,
2325 1137 70 32 Esq.,
2407 1138 84 33 Judge.

2117 1195 68 16 CIVIL
2204 1195 66 17 SIDE.

1943 1218 63 24 Watt
2029 1227 22 16 v.
2076 1220 88 30 Butler,
2166 1234 34 4 —
2201 1221 58 23 This
2284 1229 43 17 was
2356 1230 28 16 an
2413 1225 77 23 action

1905 1251 99 32 brought
2016 1253 31 31 by
2060 1253 46 24 Mr.
2119 1253 33 24 R.
2173 1254 33 24 D.
2227 1255 106 29 Hanson,
2355 1260 23 19 to
2399 1264 92 17 recover

1907 1284 37 24 the
1957 1290 59 18 costs
2029 1286 26 23 of
2070 1294 28 16 an
2110 1287 83 29 action,
2214 1288 37 23 the
2269 1288 121 24 defendant
2408 1289 83 32 having

1906 1317 90 24 refused
2008 1323 22 18 to
2043 1327 43 23 pay
2097 1319 38 24 the
2152 1328 111 23 expenses
2284 1321 106 24 incurred
2411 1323 25 22 in
2453 1322 38 24 the

1905 1350 158 32 proceedings.

1940 1383 96 25 Verdict
2048 1385 33 23 for
2094 1385 37 23 the
2141 1385 107 31 plaintiff.

1940 1416 101 31 Burgess
2069 1425 22 16 v.
2123 1417 109 31 Wallace,
2244 1432 35 5 —
2290 1420 59 23 This
2384 1428 45 16 was
2462 1430 29 16 an

1906 1450 73 23 action
1992 1455 23 19 to
2026 1458 90 16 recover
2130 1451 36 24 the
2179 1460 51 15 sum
2243 1453 25 23 of
2283 1453 71 31 thirty
2373 1454 115 32 shillings,

1906 1482 102 32 alledged
2020 1488 23 19 to
2054 1484 27 23 be
2094 1484 44 23 due
2155 1489 23 20 to
2199 1485 38 25 the
2257 1486 101 31 plaintiff
2375 1486 59 25 from
2453 1488 38 24 the

1906 1515 128 30 defendant,
2058 1517 35 24 for
2113 1525 43 16 one
2176 1518 84 24 week's
2273 1519 74 31 salary
2360 1520 21 23 in
2394 1521 96 31 making

1905 1557 31 23 up
1947 1549 38 24 the
1997 1555 107 19 accounts
2116 1553 27 21 of
2156 1551 38 24 the
2208 1551 99 25 Colonist
2319 1561 138 24 newspaper.

1940 1582 95 24 Verdict
2046 1583 35 24 for
2093 1584 38 24 the
2142 1584 106 31 plaintiff.

2119 1625 1 2 ■
2191 1621 19 9 ♦

2002 1644 183 25 POLICE
2217 1646 175 25 COURT.

1957 1706 149 29 Saturday,
2127 1706 159 24 September
2303 1709 41 27 23,
2366 1710 71 23 1843.

1942 1745 95 24 Thomas
2049 1743 68 32 Hext,
2131 1756 13 14 a
2154 1747 102 29 butcher,
2269 1747 73 32 Mary
2354 1749 52 23 Ann
2417 1749 74 31 Hext,

1908 1780 35 23 his
1963 1780 58 28 wife,
2042 1780 43 23 and
2105 1779 96 24 Charles
2219 1780 98 29 Bourne,
2342 1790 14 15 a
2378 1782 115 31 labourer,

1907 1820 57 16 were
1976 1812 80 32 placed
2068 1818 23 18 at
2102 1813 38 23 the
2152 1813 56 30 Bar,
2221 1814 98 31 charged
2331 1815 54 24 with
2392 1816 100 32 stealing

1907 1854 13 15 a
1931 1853 45 16 sow
1987 1854 32 15 on.
2028 1846 38 23 the
2077 1847 65 30 point
2155 1847 25 23 of
2195 1847 129 32 farrowing,
2342 1849 45 23 last
2406 1849 87 32 Friday

1907 1879 73 31 night,
1994 1879 36 23 the
2041 1884 106 26 property
2157 1881 26 22 of
2199 1880 47 24 Mr.
2259 1881 78 24 James
2351 1882 82 31 Inglis.

1942 1912 47 24 Mr.
2003 1912 106 31 Holroyd
2121 1914 112 30 appeared
2245 1914 38 23 for
2294 1915 162 31 complainant.

1940 1945 76 23 James
2029 1945 82 31 Inglis,
2126 1947 126 24 examined.
2255 1960 34 4 —
2290 1947 13 24 I
2311 1956 36 15 am
2356 1954 137 19 accountant

1907 1983 22 19 at
1941 1978 37 23 the
1992 1978 78 24 Union
2082 1979 69 24 Bank
2163 1980 26 23 of
2203 1980 126 30 Australia,
2352 1982 44 23 and
2415 1983 75 23 reside

1896 2020 40 14 -on
1949 2012 140 30 Wellington
2100 2012 99 24 Terrace
2209 2022 6 20 ;
2229 2014 14 22 I
2260 2013 46 24 had
2324 2022 14 15 a
2356 2023 46 14 sow
2420 2015 73 31 heavy

1907 2044 23 23 in
1942 2044 46 31 pig,
1998 2044 74 24 which
2084 2044 14 23 I
2110 2053 45 15 saw
2168 2046 69 23 about
2249 2055 13 14 a
2277 2051 93 26 quarter
2388 2053 22 18 to
2432 2049 61 30 eight

1907 2077 43 23 last
1964 2077 65 30 night
2041 2083 23 18 at
2074 2077 39 24 the
2125 2079 60 23 back
2195 2079 54 24 door
2258 2089 5 19 ;
2286 2080 37 23 the
2335 2088 45 16 sow
2401 2082 92 23 roamed

1907 2111 68 22 about
1987 2110 83 32 during
2083 2111 36 23 the
2133 2112 50 30 day,
2196 2112 42 24 but
2246 2120 45 16 was
2304 2113 103 25 fastened
2419 2123 31 23 up
2469 2120 24 19 at

1907 2144 60 23 dusk
1976 2153 6 18 ;
2002 2145 68 23 about
2089 2144 112 31 lmlf-past
2222 2147 63 30 eight
2304 2146 13 24 I
2335 2147 70 24 heard
2424 2156 13 15 a
2455 2150 38 30 pig

1906 2178 115 30 moaning,
2048 2178 43 23 and
2111 2178 152 32 immediately
2285 2185 60 18 went
2364 2186 39 18 out
2420 2187 22 17 to
2454 2190 39 15 see

1906 2210 74 24 whose
1993 2211 39 30 pig
2044 2212 18 22 it
2073 2219 54 21 was,
2140 2211 45 24 and
2196 2212 57 24 from
2267 2213 90 24 whence
2370 2214 38 23 the
2428 2215 65 23 noise

1906 2244 139 30 proceeded;
2058 2244 38 23 the
2108 2246 63 23 noise
2183 2253 63 16 came
2257 2246 59 23 from
2328 2247 38 23 the
2378 2247 113 25 direction

1906 2277 25 22 of
1947 2277 37 23 the
1996 2278 103 30 prisoner
2112 2277 86 25 Hext's
2215 2278 78 30 house,
2314 2280 52 29 and,
2386 2282 24 22 in
2431 2289 62 16 com-

1906 2318 60 23 pany
1984 2311 55 23 with
2058 2311 58 24 Mrs.
2142 2311 73 32 Inglis
2234 2312 44 23 and
2302 2313 38 24 the
2359 2319 99 25 servant,
2480 2315 13 23 I

1906 2349 59 18 went
1977 2348 22 19 to
2009 2344 39 24 the
2060 2349 51 27 spot
2119 2354 9 20 ;
2147 2345 12 23 I
2179 2345 108 24 returned
2302 2347 45 23 and
2359 2348 110 30 procured
2480 2356 13 16 a

1905 2377 96 29 lante.n,
2018 2377 84 32 having
2125 2378 41 24 left
2189 2378 60 25 Mrs.
2274 2379 75 32 Inglis
2375 2381 64 23 there
2448 2391 9 19 j
2477 2382 15 23 I

1905 2410 70 24 found
1988 2419 12 15 a
2012 2419 44 23 gap
2069 2411 23 23 in
2106 2411 37 24 the
2155 2411 49 24 side
2224 2413 90 30 palings
2334 2415 103 30 opposite
2454 2415 39 24 the

1906 2443 54 24 door
1969 2453 6 18 ;
1995 2444 64 23 there
2077 2453 39 15 are
2140 2450 43 19 two
2202 2444 84 25 houses
2309 2446 101 25 between
2431 2448 62 24 mine

1905 2478 44 22 and
1963 2477 102 30 Hext's-;
2079 2478 38 24 the
2131 2479 47 23 side
2195 2478 54 24 door
2269 2487 45 15 was
2332 2488 72 23 open;
2430 2481 63 24 there

1907 2518 44 15 was
1964 2511 66 24 blood
2044 2519 28 16 on
2083 2511 38 24 the
2140 2512 61 31 right
2217 2512 61 24 hand
2298 2513 25 24 of
2342 2514 37 23 the
2398 2522 45 24 gap
2451 2523 7 21 ;
2476 2515 17 24 I

1904 2545 81 29 passed
1998 2545 98 31 through
2109 2545 38 24 the
2157 2554 47 23 gap
2216 2546 47 23 into
2278 2546 37 24 the
2331 2547 95 30 garden,
2447 2549 46 23 and

1906 2577 69 24 found
1989 2578 37 23 the
2039 2579 37 30 pig
2087 2583 23 18 at
2121 2578 38 23 the
2170 2578 59 24 back
2241 2579 26 24 of
2275 2579 38 24 the
2324 2580 73 24 house
2406 2590 6 19 ;
2427 2581 63 24 there

1905 2618 45 16 was
1963 2611 65 23 blood
2041 2612 24 22 in
2077 2612 50 23 that
2148 2612 119 29 direction,
2289 2613 44 24 and
2354 2614 18 23 it
2390 2614 45 24 had
2455 2615 38 23 the

1907 2652 139 23 appearance
2060 2653 23 15 as
2096 2645 20 23 if
2131 2645 38 23 the
2187 2646 40 31 pig
2237 2645 45 24 had
2293 2647 81 24 moved
2384 2648 59 23 from
2455 2648 38 24 the

1906 2678 62 30 right
1980 2678 24 23 of
2015 2678 36 23 the
2063 2686 44 23 gap
2120 2684 22 18 to
2155 2678 38 24 the
2204 2679 65 31 place
2278 2686 58 17 were
2350 2680 14 23 I
2374 2680 71 24 found
2457 2681 18 23 it
2483 2691 7 18 ;

1905 2711 38 22 the
1955 2712 39 30 pig
2005 2712 45 23 had
2061 2719 36 23 my
2109 2712 74 23 initial
2197 2712 21 24 I.
2231 2712 95 24 marked
2338 2721 30 16 on
2380 2714 18 23 it
2409 2715 25 22 in
2446 2719 44 19 two

1905 2744 85 30 places,
2002 2753 28 15 on
2044 2745 37 23 the
2090 2745 43 23 left
2142 2745 54 24 ham
2209 2745 43 24 and
2265 2746 61 31 right
2337 2747 47 23 ribs
2394 2756 6 20 ;
2424 2747 13 24 I
2450 2756 41 15 can

1905 2785 71 16 swear
1988 2779 17 22 it
2018 2786 45 16 was
2076 2786 37 24 my
2125 2779 40 31 pig
2174 2788 6 20 ;
2201 2779 38 24 the
2251 2780 40 30 pig
2302 2787 46 16 was
2360 2780 58 24 alive
2437 2781 56 24 with

1905 2811 30 22 its
1947 2811 75 24 throat
2035 2816 38 19 cut
2083 2820 6 16 :
2110 2812 11 24 I
2144 2812 59 24 have
2223 2813 63 23 since
2303 2814 119 31 perceived
2444 2815 49 23 that

1905 2843 40 24 she
1963 2850 62 18 must
2043 2845 57 24 have
2117 2846 58 23 been
2196 2846 105 31 partially
2320 2847 98 24 stunned
2436 2848 31 31 by
2479 2857 14 14 a

1904 2877 58 23 blow
1982 2886 29 16 on
2030 2879 40 23 the
2089 2878 59 24 head
2158 2888 6 19 ;
2185 2879 38 23 the
2246 2880 41 31 pig
2304 2879 60 25 lived
2381 2880 69 25 about
2464 2889 29 15 an

1904 2910 57 23 hour
1973 2912 21 22 in
2007 2916 65 26 great
2084 2919 84 23 agony,
2178 2912 44 23 and
2232 2912 55 24 then
2298 2912 52 25 died
2359 2923 6 19 ;
2383 2914 39 24 the
2435 2914 56 24 head

1903 2944 112 30 produced
2027 2946 24 22 in
2065 2945 71 23 Court
2149 2952 45 16 was
2214 2945 38 24 the
2270 2946 58 24 head
2348 2947 25 23 of
2387 2955 39 24 my
2444 2949 48 30 pig,

1903 2977 44 22 and
1957 2977 63 24 these
2032 2986 38 15 are
2082 2977 38 24 the
2133 2979 89 23 bruises
2234 2978 14 23 I
2258 2979 89 24 alluded
2362 2986 21 17 to
2392 2989 6 20 ;
2419 2980 13 24 I
2444 2989 47 16 saw

1903 3011 39 22 the
1952 3010 82 24 female
2047 3012 103 29 prisoner
2161 3011 45 23 and
2224 3012 93 24 Bourne
2340 3017 24 19 at
2384 3013 39 24 the
2442 3014 49 24 side

1902 3043 62 29 door,
1977 3044 47 25 but,
2030 3048 39 19 not
2081 3044 38 23 the
2132 3045 102 30 prisoner
2248 3045 82 29 Hext;
2352 3046 14 23 I
2384 3047 107 24 immedi-

1902 3077 59 30 ately
1974 3078 110 30 procured
2096 3082 44 19 two
2152 3086 26 15 or
2197 3078 63 24 three
2281 3079 129 24 constables
2419 3089 6 20 ;
2451 3081 40 24 the

1901 3110 82 24 female
2006 3111 104 31 prisoner
2131 3111 44 23 and
2197 3111 93 24 Bourne
2311 3120 73 19 were^
2398 3113 24 24 in
2450 3114 40 24 the

1902 3143 70 25 house
1983 3153 6 20 ;
2009 3144 13 24 I
2034 3152 58 23 gave
2102 3144 61 24 them
2176 3146 46 22 into
2236 3145 93 32 custody
2342 3154 29 16 on
2380 3154 15 16 a
2406 3146 83 34 charge

1901 3177 25 24 of
1942 3177 99 31 stealing
2056 3177 37 24 the
2105 3179 47 29 pig.

1936 3211 34 31 By
1983 3210 38 24 the
2034 3211 87 29 Bench,
2122 3224 35 4 —
2157 3211 14 25 I
2189 3211 39 23 did
2246 3217 40 19 not
2302 3220 38 16 see
2353 3221 43 24 any
2409 3214 24 24 of,
2450 3214 38 24 the

1900 3245 115 31 prisoners
2035 3244 108 31 touching
2163 3245 38 23 the
2220 3246 54 30 pig;
2299 3245 38 25 the
2356 3247 66 32 night
2440 3255 48 17 was

1901 3285 45 15 was
1966 3278 72 29 dark;
2058 3278 38 23 the
2119 3278 82 24 female
2219 3280 104 29 prisoner
2343 3288 45 16 was
2410 3285 24 20 at
2451 3281 39 24 the

1900 3311 55 23 door
1968 3311 71 23 which
2052 3311 20 24 is
2084 3311 70 24 about
2170 3312 37 23 six
2225 3312 45 23 feet
2281 3313 67 24 -from
2371 3313 38 24 the
2428 3322 44 24 gap
2481 3323 7 20 ;

1900 3344 46 23 this
1966 3345 106 31 morning
2093 3344 12 24 I
2127 3345 120 31 perceived
2269 3346 73 31 finger
2362 3347 79 24 marks
2464 3349 26 23 of

1900 3377 66 24 blood
1979 3385 29 16 on
2018 3378 40 23 the
2069 3378 48 23 side
2130 3379 69 28 door;
2220 3379 13 23 I
2254 3380 93 24 noticed
2365 3388 28 16 no
2405 3380 79 25 marks

1900 3410 87 24 outside
1999 3411 38 23 the
2049 3411 91 32 palings
2150 3420 6 20 ;
2171 3412 63 24 there
2247 3420 44 16 was
2304 3421 13 15 a
2328 3418 64 26 great
2404 3414 50 24 deal
2465 3414 26 24 of

1900 3443 65 25 blood
1977 3452 59 16 were
2047 3445 37 23 the
2097 3446 40 30 pig
2147 3453 45 16 was
2200 3447 133 31 apparently
2340 3447 50 23 first
2396 3447 90 29 struck,

1899 3478 49 23 and-
1956 3478 38 24 the
2009 3478 68 24 blood
2098 3478 44 24 had
2163 3480 95 30 spouted
2278 3487 28 16 on
2327 3480 39 22 the
2382 3480 106 31 chimney

1899 3518 54 16 near
1962 3511 37 24 the
2012 3511 50 24 side
2073 3512 65 23 door.

1933 3544 59 24 Mrs.
2011 3544 123 26 Elizabeth
2152 3546 75 31 Inglis
2239 3545 127 29 examined,
2368 3558 33 4 —
2402 3546 79 24 About

1898 3579 16 22 8
1926 3578 87 24 o'clock
2027 3579 14 23 I
2053 3579 69 23 heard
2134 3587 14 15 a
2166 3587 42 23 pig
2226 3579 116 31 moaning,
2364 3579 44 23 and
2427 3585 60 18 went

1898 3611 54 23 with
1975 3619 38 24 my
2036 3612 104 24 husband
2161 3617 24 18 to
2206 3612 38 22 the
2262 3612 64 23 fence
2347 3612 25 23 of
2399 3612 87 24 Hext's

1898 3644 71 24 house
1978 3654 7 20 ;
1998 3645 39 24 the
2049 3654 84 23 groans
2144 3645 112 31 appeared
2266 3649 22 19 to
2300 3653 64 16 come
2374 3645 58 24 from
2445 3646 39 24 the

1898 3678 60 24 back
1969 3678 24 24 of
2010 3679 39 23 the
2062 3679 69 23 house
2140 3687 7 21 ;
2166 3687 26 15 as
2211 3686 32 15 we
2260 3686 57 15 were
2337 3679 71 31 going
2419 3679 67 26 down

1898 3719 31 16 we
1942 3716 47 20 met
1998 3712 69 31 Mary
2078 3712 57 24 Ann
2154 3711 74 29 Hext,
2246 3711 49 23 who
2314 3711 50 24 said
2382 3712 42 23 she
2439 3713 46 24 had

1897 3744 69 24 heard
1978 3745 39 23 the
2028 3753 100 16 screams
2137 3745 24 23 of
2177 3753 13 15 a
2202 3745 46 30 pig,
2261 3744 44 24 and
2316 3745 40 23 her
2368 3745 58 23 little
2439 3746 46 31 dog

1897 3777 43 24 had
1960 3786 43 16 run
2022 3783 52 24 out;
2095 3778 60 24 Mrs.
2181 3777 67 24 Hext
2267 3778 108 23 returned
2398 3782 22 20 to
2444 3779 42 24 the

1896 3811 62 24 front
1969 3812 56 23 door
2034 3812 43 23 and
2089 3815 59 20 went
2159 3810 99 32 through
2279 3811 38 24 the
2325 3811 72 24 house
2410 3818 25 18 to
2446 3812 38 24 the

1896 3845 49 23 side
1954 3845 63 29 door,
2030 3844 73 24 which
2116 3852 45 16 was
2182 3844 76 32 a-jar;
2279 3844 13 24 I
2312 3852 47 16 saw
2376 3845 39 24 the
2434 3847 50 31 pri-
2488 3864 3 12 ;

1896 3885 68 17 soner
1982 3878 93 24 Bourne
2093 3877 96 32 looking
2210 3877 73 24 round
2302 3878 40 24 the
2361 3887 81 16 corner
2450 3884 36 20 -at

1895 3919 37 16 me
1942 3921 6 20 ;
1963 3911 12 24 I
1988 3911 86 24 believe
2087 3910 93 24 Bourne
2192 3915 23 19 to
2225 3911 28 24 be
2272 3920 14 15 a
2303 3911 80 33 lodger
2402 3913 63 24 there
2474 3922 7 20 ;

1896 3944 13 24 I
1923 3944 70 24 heard
2004 3945 75 23 voices
2089 3952 63 16 more
2163 3944 55 24 than
2231 3953 62 16 once.
2298 3946 23 23 in
2334 3946 38 24 the
2387 3946 104 33 garden,,,

1895 3979 46 24 and
1961 3979 36 23 the
2018 3985 94 24 persons
2131 3978 56 24 from
2210 3978 72 25 whom
2300 3979 54 31 they
2366 3987 63 17 came
2441 3986 42 17 ran

681 146 43 22 last
736 147 68 28 really
816 155 12 14 a
846 150 136 22 marketable
999 152 76 22 article
1089 153 27 21 of
1127 153 72 26 value,
1221 153 44 21 and

682 174 108 22 available
807 174 56 23 from
881 176 30 22 its
924 178 94 22 softness
1038 183 22 17 to
1079 186 62 15 more
1158 186 107 21 purposes

680 199 54 22 than
739 199 57 23 have
805 201 98 24 hitherto
908 204 58 22 been
974 204 136 23 discovered.
1131 206 44 22 Mr.
1185 206 80 25 Pratt's

680 227 71 20 modus
760 230 98 23 operandi
866 230 20 21 is
896 231 124 27 extremely
1029 231 79 28 simple
1115 232 45 22 and
1170 232 93 27 unique,

680 252 46 23 and
734 253 20 22 is
764 254 54 28 only
826 255 87 23 limited
924 263 23 15 as
957 259 22 19 to
989 258 101 27 quantity
1101 259 32 26 by
1143 259 37 21 the
1190 259 44 22 size
1242 259 26 22 of

680 279 38 22 the
729 280 101 23 machine
842 282 117 28 employed
967 283 25 23 in
1001 284 101 28 dressing
1111 285 25 23 it.

707 306 72 23 Those
793 312 133 19 conversant
941 310 55 21 with
1009 309 45 23 flax
1065 318 28 14 on
1109 312 29 21 its
1147 312 80 22 arrival
1241 312 23 22 in

681 332 100 28 London,
792 341 38 16 are
840 342 72 15 aware
922 336 26 21 of
960 336 37 22 the
1013 336 127 23 difficulties
1149 339 116 27 attending

680 362 28 19 its
718 359 98 29 dressing
823 369 6 19 ;
846 362 45 21 and
902 362 58 22 what
969 363 51 22 with
1030 363 29 22 its
1069 364 68 27 being
1146 365 86 27 packed
1239 366 23 21 in

680 392 14 15 a
703 393 14 14 a
727 387 133 27 semi-green
875 392 63 23 state,
950 389 46 22 and
1009 390 24 21 in
1049 390 54 22 nine
1117 399 61 13 cases
1193 395 39 19 out
1241 393 27 21 of

680 415 37 19 ten
731 412 80 24 heated
826 415 24 21 in
866 422 161 21 consequence,
1042 416 45 22 bad
1096 418 106 27 package,
1219 419 44 22 and

679 439 94 27 mildew,
788 440 19 23 it
825 441 20 22 is
859 449 30 14 no
905 442 92 22 wonder
1011 450 33 15 we
1063 444 54 22 hear
1134 446 129 27 complaints

679 465 64 22 made
758 466 110 23 sufficient
884 471 23 18 to
924 468 93 23 exclude
1033 470 19 21 it
1067 470 124 25 altogether

727 493 91 26 English
830 494 93 22 market.
952 495 12 22 I
971 494 57 23 have
1035 503 49 16 now
1094 505 13 14 a
1115 497 66 22 letter
1187 498 76 22 before

679 526 42 19 me,
733 520 71 21 which
818 521 89 22 arrived
921 528 39 20 per
968 522 70 26 Mary,
1049 524 58 21 from
1118 531 13 14 a
1141 524 77 28 highly
1228 533 35 14 re-

679 546 109 35 spectable
795 546 50 22 firm
855 548 22 21 in
887 548 102 26 Mincing
997 549 66 27 Lane,
1072 550 72 22 which
1152 552 111 21 mentions

679 570 37 23 the
733 573 81 26 article,
827 581 25 14 as
866 578 56 23 sent,
968 578 36 18 too
1016 583 101 16 common
1128 582 23 17 to
1167 578 96 26 produce

779 599 44 22 and
839 600 126 28 condemns,
976 602 23 21 in
1014 609 30 14 no
1058 605 115 21 measured
1186 609 74 23 terms,

679 625 36 21 the
722 632 93 16 manner
824 627 27 21 of
856 626 118 28 shipment.
1004 628 54 23 Had
1065 637 40 14 our
1114 631 120 27 capitalists
1241 633 25 20 of

679 652 53 21 1840
741 653 104 21 attended
858 656 22 19 to
894 653 39 22 the
943 654 85 23 culture
1039 656 43 21 and
1096 658 86 25 growth
1192 658 26 22 of
1224 658 38 22 the

677 677 52 28 flax,
739 679 88 22 instead
837 679 26 21 of
868 680 77 26 sitting
954 688 28 14 on
994 689 13 14 a
1016 682 45 22 flax
1070 684 134 27 committee,
1216 685 45 21 and

677 705 157 28 subsequently
842 706 110 28 drugging
960 707 37 22 the
1005 711 85 20 market
1098 710 52 21 with
1158 711 101 27 rubbish,

678 731 53 27 they
740 732 70 21 would
821 733 57 21 have
884 734 57 21 done
952 741 61 15 more
1023 736 59 26 good
1092 740 23 17 to
1126 736 133 24 themselves

677 759 43 20 and
730 759 42 21 this
781 760 147 27 community;
945 767 28 15 an
983 762 110 22 available
1103 767 79 23 export
1187 765 73 22 would

677 783 57 23 have
751 785 44 22 had
809 793 61 14 some
886 787 85 22 chance
982 788 26 21 of
1020 796 94 20 success,
1130 790 44 22 and
1185 799 12 13 a
1213 799 48 19 per-

677 816 90 17 manent
778 819 75 15 source
869 813 27 21 of
908 814 149 27 employment
1073 816 58 22 been
1143 818 85 26 opened
1239 822 22 18 to

675 844 68 21 many
752 838 87 22 settlers
848 840 20 20 in
880 840 37 21 the
928 841 92 27 Colony.
1049 842 33 22 To
1093 843 54 22 such
1157 845 90 25 absur.di

677 864 40 22 ties
733 872 43 14 was
791 866 37 21 the
849 865 44 23 flax
910 868 73 21 mania
1004 869 90 26 carried,
1112 870 48 21 that
1173 872 86 21 several

676 898 89 20 persons
781 893 108 27 prepared
906 893 44 22 flax
968 894 30 27 by
1009 895 83 27 boiling
1102 896 38 22 the
1151 897 48 22 leaf
1209 898 22 21 in
1248 906 13 13 a

677 924 78 21 copper
763 926 56 19 grog
829 919 76 26 kettle,
918 920 52 23 then
986 922 52 21 beat
1047 922 18 21 it
1075 922 52 23 with
1139 931 13 14 a
1161 924 99 28 crimped

677 945 65 22 wafer
758 950 77 23 stamp,
848 947 43 21 and
901 947 65 27 lastly
977 950 145 22 commenced
1131 951 104 27 scraping
1244 952 17 21 it

677 978 22 14 as
710 979 12 13 a
732 976 88 18 servant
832 973 71 22 would
913 974 28 21 do
952 982 12 13 a
974 980 79 16 cairot.

704 998 33 27 By
745 1006 56 19 your
806 999 110 28 inserting
924 1009 56 18 your
985 1003 100 22 remarks
1091 1002 24 23 in
1122 1003 36 22 the
1167 1005 91 27 Gazette,

675 1032 44 19 you
729 1025 42 22 will
781 1027 85 27 greatly
877 1027 79 27 oblige.

782 1053 41 25 Sir,
835 1061 55 19 your
900 1054 103 22 obedient
1012 1060 98 22 servant,

828 1086 22 21 A
865 1086 174 23 Well-wisher
1053 1096 29 14 to
1096 1096 47 14 the
1158 1090 100 21 Colony.

708 1141 50 23 The
781 1141 117 32 following
920 1143 73 30 letter,
1021 1145 121 24 addressed
1171 1152 22 19 to
1223 1148 37 23 the

675 1174 96 24 Messrs.
786 1174 69 30 Hart,
868 1176 58 23 from
940 1176 58 23 their
1011 1177 90 25 brother
1120 1180 46 24 Mr.
1182 1181 78 31 Harry-

677 1207 67 28 Hart,
757 1208 45 22 will
815 1208 28 23 be
851 1209 70 23 found
933 1214 22 18 to
966 1212 89 22 contain
1067 1220 61 15 some
1138 1214 123 30 important

674 1240 145 23 information
839 1246 23 18 to
882 1242 37 23 the
938 1242 106 30 Settlers,
1056 1246 123 31 especially
1197 1248 63 23 those

675 1273 120 23 interested
808 1275 24 21 in
844 1274 38 24 the
895 1275 132 25 cultivation
1037 1278 44 23 and
1093 1286 81 24 export
1187 1281 24 22 of
1222 1281 37 23 the

674 1305 132 24 Phormium
819 1307 76 22 Tenax
904 1317 8 12 :
915 1321 31 3 —

696 1364 4 5 .
1008 1343 12 12 *
1085 1342 27 22 In
1124 1345 136 23 accordance

674 1365 52 20 with
738 1365 57 21 what
806 1366 10 21 I
827 1366 73 22 sta'ed
911 1369 22 19 to
941 1375 46 19 you
997 1368 23 21 in
1032 1376 36 19 my
1076 1369 48 27 last,
1136 1371 11 21 I
1155 1372 105 22 attended

675 1390 37 22 the
723 1392 96 26 meeting
826 1393 26 20 of
859 1393 37 21 the
909 1394 54 21 New
973 1395 100 21 Zealand
1084 1397 95 26 Society,
1192 1399 63 27 April

673 1418 22 26 8,
706 1418 44 21 and
759 1418 57 22 shall
826 1419 79 22 devote
917 1420 42 22 this
976 1422 62 21 sheet
1053 1426 23 18 to
1091 1423 38 21 the
1147 1425 73 22 affairs
1236 1427 25 20 of

674 1442 43 24 this
736 1445 44 22 and
799 1446 137 28 subsequent
953 1448 110 27 meetings
1082 1449 25 22 of
1129 1450 37 22 the
1190 1459 68 15 same.

675 1472 91 26 Among
781 1472 37 21 the
834 1479 96 16 minutes
949 1475 27 21 of
987 1475 81 22 former
1087 1477 110 28 meetings
1218 1486 42 14 was

674 1505 13 14 a
697 1498 63 22 letter
771 1499 55 22 from
839 1500 22 21 J.
873 1500 25 21 E.
911 1500 88 28 Young,
1013 1502 59 27 Esq.,
1083 1502 24 22 in
1117 1510 85 16 answer
1213 1509 21 17 to
1245 1513 13 14 a

673 1524 65 23 letter
748 1526 25 21 of
783 1526 137 23 condolence
931 1532 50 18 sent
991 1529 44 21 him
1047 1530 29 26 by
1087 1529 37 23 the
1134 1531 95 27 Society,
1248 1533 10 21 I

674 1552 85 22 believe
769 1559 44 19 you
824 1553 56 22 have
891 1561 14 14 a
915 1561 54 21 copy
981 1556 27 20 of
1018 1555 17 21 it
1051 1556 24 22 in
1093 1556 37 22 the
1147 1559 52 20 New
1207 1560 53 20 Zea-

673 1579 51 20 land
732 1580 96 21 Journal.
866 1580 23 22 It
899 1588 43 14 was
952 1582 81 26 agreed
1044 1586 23 18 at
1076 1590 13 14 a
1098 1583 83 23 former
1191 1590 69 18 meet-

673 1605 38 27 ing
721 1606 47 21 that
779 1614 12 14 a
802 1607 146 27 subscription
960 1608 79 22 should
1049 1610 27 21 be
1087 1614 33 18 set
1130 1618 28 15 on
1167 1611 49 23 foot
1225 1613 34 21 for

674 1632 38 22 the
731 1640 94 20 purpose
842 1634 26 21 of
886 1636 129 27 presenting
1030 1643 12 15 a
1051 1637 63 26 piece
1125 1639 27 20 of
1160 1639 60 26 plate
1236 1645 23 17 to

676 1660 44 21 Mr.
732 1660 121 27 Chapman,
865 1661 35 21 for
907 1661 34 22 his
952 1667 62 21 great
1025 1664 112 22 exertions
1152 1665 22 21 in
1183 1665 78 23 behalf

675 1687 24 20 of
713 1686 54 22 New
783 1686 107 23 Zealand.
947 1690 13 13 *
1017 1691 12 13 *
1093 1691 22 21 A
1131 1691 128 28 deputation

674 1713 79 22 waited
762 1721 59 19 upon
835 1714 59 22 Lord
905 1714 76 22 Elliott
998 1719 22 18 to
1037 1716 66 23 knew
1119 1717 98 23 whether
1231 1720 27 21 he

673 1740 71 21 would
752 1741 92 21 become
854 1741 58 22 their
927 1742 131 27 Chairman;
1075 1743 28 22 he
1120 1745 80 27 stated,
1213 1747 47 21 that

673 1766 29 22 he
714 1772 58 17 must
781 1768 86 21 decline
879 1768 48 21 that
937 1769 76 27 office;
1030 1769 28 23 he
1075 1778 44 14 was
1130 1771 128 23 favourable

673 1797 22 18 to
706 1794 136 27 emigration,
864 1795 40 21 but
922 1795 68 28 being
1009 1797 124 22 connected
1151 1799 51 21 with
1219 1800 37 22 the

673 1820 110 28 Ministry,
797 1821 28 21 he
842 1825 59 18 must
912 1826 37 17 not
959 1824 144 26 compromise
1114 1825 59 22 them
1191 1826 23 22 in
1225 1826 33 22 his

673 1851 47 18 acts
731 1848 43 21 and
783 1851 139 19 statements.
957 1849 61 28 They
1032 1850 51 22 then
1095 1852 78 22 waited
1185 1860 27 14 on
1222 1853 37 23 the

673 1874 53 21 Earl
736 1874 25 21 of
773 1874 87 27 Devon,
872 1876 48 20 who
931 1876 48 21 said
995 1876 28 22 he
1040 1877 46 22 had
1103 1885 30 15 no
1147 1879 111 28 objection

672 1903 22 18 to
705 1902 90 21 become
804 1902 57 21 their
871 1902 120 22 Chairman
997 1911 7 19 ;
1020 1911 23 14 so
1053 1908 54 18 next
1118 1906 109 27 Saturday
1237 1908 18 21 is

672 1926 37 22 the
720 1927 44 27 day
776 1928 59 21 fixed
845 1928 34 21 for
891 1929 70 21 which
972 1936 13 14 a
999 1931 97 27 meeting
1114 1933 27 20 of
1152 1933 36 21 the
1204 1934 52 22 sub-

673 1954 92 21 scribers
782 1958 22 17 to
821 1954 29 22 be
861 1955 71 21 called
947 1956 30 27 by
990 1956 64 22 letter
1065 1961 22 17 to
1107 1958 27 22 be
1152 1959 57 27 held,
1227 1961 33 21 for

672 1979 36 22 the
719 1987 93 19 purpose
823 1982 26 20 of
861 1981 149 29 determining
1020 1983 36 22 the
1073 1990 133 21 permanent
1216 1988 41 21 site

672 2006 26 20 of
709 2006 36 21 the
755 2013 79 19 rooms,
847 2008 99 21 whether
957 2013 48 17 east
1013 2017 26 13 or
1054 2014 54 17 west
1115 2018 5 18 ;
1130 2013 4 3 '
1142 2016 21 16 to
1180 2013 57 21 elect
1246 2020 14 15 a

670 2032 117 27 president,
809 2034 182 27 vice-president,
1013 2036 43 21 and
1073 2038 126 22 committee
1209 2047 6 18 ;
1237 2043 21 18 to

672 2066 66 19 agree
759 2064 21 17 to
796 2067 13 14 a
826 2060 129 28 deputation
976 2066 23 17 to
1018 2063 51 21 wait
1086 2071 58 19 upon
1160 2065 37 22 the
1211 2074 48 16 new

672 2086 125 26 Governor;
806 2088 20 21 &
835 2091 21 18 to
866 2095 66 18 agree
943 2092 22 17 to
976 2096 13 14 a
1000 2095 49 16 vote
1060 2090 24 20 of
1093 2091 80 21 thanks
1183 2095 22 19 to
1216 2093 41 22 Mr.

673 2112 81 27 Bulier,
766 2114 34 21 for
811 2114 38 21 the
859 2114 49 21 able
919 2123 92 14 manner
1018 2116 23 21 in
1049 2116 71 23 which
1128 2118 27 22 he
1164 2119 95 27 brought

672 2140 91 21 forward
773 2140 35 21 the
816 2140 51 28 plan
878 2142 25 20 of
911 2142 111 21 extensive
1028 2144 147 22 colonization
1181 2146 77 22 before

672 2166 36 21 the
719 2167 76 21 House
806 2168 26 21 of
844 2168 126 21 Commons.

698 2194 62 26 April
773 2194 31 21 15.
820 2195 116 22 Attended
945 2196 107 27 Society's
1063 2198 103 27 meeting.
1206 2199 48 23 The

671 2224 60 17 votes
742 2227 56 15 were
809 2221 35 21 for
854 2221 36 22 the
902 2222 48 26 City
962 2224 33 24 23,
1007 2224 34 20 for
1055 2224 61 22 West
1128 2225 49 22 End
1188 2227 31 26 16,
1232 2235 22 14 so

672 2246 37 22 the
720 2247 48 27 City
779 2247 44 22 had
834 2248 36 21 the
888 2248 50 28 day.
973 2250 47 21 The
1035 2251 139 25 Committee,
1187 2253 17 21 it
1215 2261 42 14 was

670 2273 144 27 determined,
835 2275 80 22 should
926 2276 26 21 be
962 2276 85 22 limited
1058 2282 23 17 to
1100 2280 33 25 30,
1155 2281 27 20 20
1198 2283 22 18 to
1231 2281 26 21 be

670 2300 86 22 elected
766 2302 85 26 to-day,
863 2302 45 21 and
918 2302 36 22 the
965 2304 74 21 others
1050 2309 22 16 to
1088 2305 27 21 be
1133 2305 82 23 chosen
1228 2307 29 27 by

670 2326 38 23 the
719 2328 133 22 Committee
863 2336 23 13 as
904 2330 102 22 occasion
1022 2331 71 26 might
1112 2333 93 27 require.
1244 2335 11 21 I

672 2353 55 23 have
738 2362 28 14 no
778 2355 76 27 doubt,
866 2355 41 22 but
918 2356 46 22 that
976 2357 37 22 che
1023 2357 37 22 list
1077 2358 43 22 will
1136 2359 26 22 be
1179 2360 78 22 adver-

672 2381 54 21 tised
742 2382 22 21 in
782 2382 38 21 the
835 2384 97 26 Journal,
949 2391 24 14 so
987 2384 19 21 it
1019 2385 44 21 will
1075 2385 27 22 be
1112 2387 102 23 needless
1223 2388 34 21 for

669 2415 37 14 me
715 2411 23 18 to
752 2409 146 27 recapitulate
909 2411 53 21 here
990 2411 71 22 There
1073 2420 44 14 was
1127 2420 14 14 a
1151 2414 51 27 long
1213 2414 43 22 dis-

670 2435 87 22 cussion
779 2436 53 22 with
851 2437 80 27 regard
940 2441 23 18 to
981 2439 37 21 the
1034 2443 90 23 postage
1136 2440 24 22 of
1171 2441 84 27 letters,

670 2462 71 21 which
752 2463 71 21 ended
833 2464 24 21 in
866 2464 112 27 referring
986 2465 19 21 it
1021 2470 22 16 to
1061 2465 37 23 the
1115 2467 138 28 Committee,

671 2492 21 17 to
708 2497 91 20 prepare
816 2498 13 14 a
845 2491 116 22 memorial
981 2495 25 18 to
1022 2493 60 21 Lord
1100 2493 111 28 Lowther,
1228 2503 27 14 on

669 2515 37 22 the
725 2517 91 27 subject,
836 2518 24 21 in
878 2518 72 22 which
970 2518 52 29 they
1041 2527 56 15 were
1118 2520 99 23 desirous
1233 2523 24 21 of

668 2542 68 28 being
751 2544 80 27 joined
849 2545 37 27 by
896 2545 30 22 all
942 2545 38 22 the
997 2547 127 27 companies
1135 2549 121 22 connected

668 2569 52 22 with
738 2570 37 21 the
797 2571 129 23 Australian
945 2572 109 28 Colonies,
1073 2581 25 15 as
1117 2575 48 21 that
1186 2576 68 22 would

667 2596 51 26 give
728 2604 58 14 more
800 2598 81 27 weight
889 2604 22 16 to
920 2599 24 26 it,
955 2607 24 14 so
991 2599 52 28 they
1057 2608 37 14 are
1105 2601 68 28 going
1184 2606 21 18 to
1217 2607 39 23 put

667 2622 133 24 themselves
810 2625 23 21 in
844 2626 189 22 communication
1045 2627 51 22 with
1116 2628 36 22 the
1169 2629 87 23 various

667 2651 110 21 societies.
816 2652 38 21 AH
872 2652 38 22 the
926 2653 63 22 ether
1004 2654 74 27 things
1088 2662 57 14 were
1155 2656 98 22 referred

666 2679 23 18 to
700 2676 37 22 the
749 2678 133 22 Committee
893 2683 22 18 to
924 2680 102 22 forward.
1054 2681 49 21 The
1114 2683 109 27 meetings
1232 2684 25 21 of

667 2703 38 22 the
716 2704 133 23 Committee
858 2712 38 15 are
908 2711 21 17 to
940 2707 27 21 be
978 2715 55 20 open
1049 2716 24 14 as
1090 2709 81 23 before.
1215 2711 39 21 Dr.

667 2730 102 28 Bowring
779 2732 18 21 is
807 2739 44 15 one
863 2733 24 21 of
899 2733 37 21 the
947 2734 142 27 Committee,
1100 2736 54 28 they
1171 2742 80 22 expect

669 2761 22 18 to
706 2761 39 23 get
759 2758 46 22 him
821 2763 25 17 to
860 2759 28 22 be
906 2760 81 28 deputy
1007 2761 127 24 Chairman.
1171 2764 11 21 I
1200 2764 56 22 shall

668 2785 77 21 attend
757 2785 35 22 the
804 2787 111 27 meetings
925 2794 55 15 once
992 2796 12 14 a
1014 2788 116 28 fortnight,
1142 2798 23 14 as
1176 2791 12 22 I
1198 2791 57 22 shall

667 2811 27 21 be
713 2812 49 22 able
783 2817 21 17 to
825 2813 55 22 hear
897 2814 37 22 the
950 2815 96 22 minutes
1056 2817 27 21 of
1094 2817 37 21 the
1143 2818 110 27 meetings

667 2838 75 22 before
752 2839 61 28 read,
824 2841 45 21 and
880 2848 24 14 so
914 2846 37 22 get
968 2842 30 21 all
1014 2842 36 22 the
1065 2843 149 24 informuuon
1232 2845 25 22 of

668 2865 37 23 the
715 2866 100 22 business
825 2867 66 22 done.
930 2869 44 21 Mr.
993 2869 109 28 Nattrass,
1120 2878 42 15 one
1179 2872 26 21 of
1219 2872 35 21 the

668 2892 138 29 Committee,
818 2894 89 22 shewed
922 2902 61 15 some
999 2897 97 26 samples
1111 2899 27 20 of
1153 2898 37 22 the
1206 2906 49 20 pre-

666 2920 101 24 paration
779 2921 44 21 and
832 2923 153 21 manufacture
1004 2923 24 22 of
1039 2925 123 21 Phormium
1181 2928 70 24 tenax,

666 2944 32 28 by
709 2946 44 22 Mr.
766 2947 113 23 Donlan's
893 2949 59 28 plan^
972 2950 43 22 and
1032 2951 57 22 from
1105 2952 63 23 those
1185 2954 69 27 speci-

666 2980 64 14 mens
749 2974 11 22 I
780 2974 80 24 should
879 2983 47 20 say,
945 2976 49 22 that
1013 2977 27 22 he
1061 2979 40 21 has
1120 2980 77 21 shewn
1216 2980 37 22 the

665 2999 81 28 fallacy
757 3001 23 21 of
788 3001 38 23 the
838 3003 56 22 New
905 3004 104 23 Zealand
1009 3004 60 23 Flax
1078 3006 68 28 being
1155 3007 98 27 unequal

666 3030 23 18 to
697 3034 13 14 a
720 3028 87 23 twisted
818 3030 75 27 strain,
904 3031 36 21 for
950 3031 63 22 there
1028 3039 45 14 was
1085 3039 68 22 every
1169 3036 84 26 variety

665 3060 24 14 in
709 3054 62 23 those
790 3057 134 28 specimens,
934 3069 28 4 —
973 3059 39 21 Ist.
1047 3059 37 22 He
1103 3060 91 23 showed
1214 3061 38 22 ihe

665 3081 121 22 Phormium
797 3090 24 15 as
837 3085 111 27 imported
963 3085 48 22 into
1027 3086 44 22 this
1087 3092 94 24 country
1197 3088 56 23 with

666 3107 38 23 the
713 3109 55 22 bark
779 3117 66 15 on.—
845 3111 51 22 2nd.
913 3112 63 21 Ditto
983 3112 90 23 dressed
1079 3114 58 23 from
1144 3115 38 22 the
1189 3115 62 27 bark,

666 3135 44 21 and
721 3143 23 15 as
753 3137 89 28 usually
859 3138 111 28 imported
985 3139 49 23 into
1051 3140 44 23 this
1112 3146 101 24 country,
1229 3150 24 14 as

666 3168 29 15 an
706 3163 75 22 article
799 3165 26 21 of
843 3173 131 16 commerce.
976 3178 28 4 —
1005 3168 47 22 3rd.
1068 3169 34 22 As
1117 3169 90 22 dressed
1223 3169 30 28 by

665 3188 45 22 Mr.
723 3189 107 24 Donlan's
840 3200 90 18 process
939 3194 68 26 ready
1016 3194 36 23 for
1062 3195 141 27 spinning.—
1204 3196 45 26 4th,

665 3222 113 19 specimen
788 3218 26 21 of
825 3219 109 28 sailcloth,
947 3222 124 21 warranted
1083 3227 39 18 not
1140 3227 21 18 to
1178 3226 35 19 rot
1223 3223 29 27 by

665 3242 67 28 damp
748 3251 25 13 or
788 3245 91 22 mildew
894 3246 36 22 for
944 3247 74 23 which
1036 3248 55 23 kind
1111 3249 29 23 he
1159 3250 40 22 has
1218 3257 33 15 re-

665 3269 76 22 ceived
765 3271 157 24 Government
945 3273 76 24 orders
1043 3276 34 21 for
1096 3280 35 17 ten
1151 3278 102 21 thousand

663 3297 65 24 yards
728 3313 6 10 ,
754 3298 72 22 whhh
843 3299 28 22 he
887 3307 51 21 says
952 3300 29 23 he
997 3301 20 22 is
1031 3309 55 21 very
1102 3304 68 23 much
1180 3305 71 22 afraid

665 3326 27 18 lie
711 3326 44 20 will
779 3329 40 18 not
833 3326 30 21 be
877 3327 50 22 able
950 3332 23 17 to
997 3333 94 19 execute
1114 3332 59 22 from
1193 3335 60 19 want

665 3351 26 20 of
706 3352 122 28 materials;
855 3353 44 22 this
914 3354 70 23 fabric
999 3355 40 24 has
1054 3357 56 22 been
1131 3359 71 22 tested
1221 3359 29 27 by

665 3377 153 24 Government
833 3380 93 28 officers,
945 3382 45 22 and
1006 3382 18 22 is
1043 3384 69 23 found
1132 3389 23 19 to
1171 3386 26 22 be
1213 3393 38 14 ex-

663 3404 89 23 cellent.
786 3407 21 21 5.
823 3408 129 27 Specimens
971 3410 27 21 of
1014 3412 119 27 tarpaulin,
1150 3413 97 27 sacking,

662 3433 46 20 and
717 3435 94 25 matting
831 3436 36 20 the
887 3443 61 14 same
967 3444 25 15 aa
1010 3437 48 22 that
1076 3439 45 21 laid
1134 3439 65 22 down
1220 3439 22 22 in

663 3458 36 22 the
705 3459 163 24 colonist-room
877 3467 23 17 at
906 3462 36 22 the
950 3464 56 22 New
1011 3464 101 24 Zealand
1116 3466 135 28 Company's

663 3486 83 27 House,
758 3487 44 22 and
813 3492 42 18 two
872 3496 25 15 or
913 3490 63 25 three
992 3491 62 23 other
1070 3493 82 22 fabrics
1162 3493 87 27 equally

662 3513 115 22 excellent.
806 3517 20 20 6.
838 3516 67 23 Some
916 3518 124 22 Phormium
1051 3520 80 25 Tenax,
1143 3520 106 24 bleached

661 3539 45 22 and
722 3539 88 24 dressed
826 3543 71 27 ready
913 3544 35 23 for
963 3545 50 23 lace
1029 3547 185 27 manufacturers,
1226 3546 27 22 of

660 3570 38 17 the
709 3570 63 19 value
781 3570 26 20 of
815 3570 49 22 four
872 3570 93 27 guineas
974 3580 41 20 per
1023 3574 85 26 pound.
1138 3574 19 22 7.
1168 3574 22 22 A
1200 3581 50 15 new

660 3595 78 26 fabric,
748 3595 66 22 made
825 3596 26 22 of
865 3597 55 22 New
935 3599 100 23 Zealand
1053 3601 55 23 wool
1118 3601 46 22 and
1180 3602 69 20 Phor-

659 3621 63 20 mium
743 3623 77 27 Tenax,
832 3631 15 14 a
865 3624 108 25 beautiful
990 3627 70 28 thing,
1077 3628 83 22 valued
1171 3631 24 19 at
1204 3635 44 15 one

659 3654 80 20 guinea
747 3656 38 21 per
795 3657 80 21 square
886 3652 63 26 yard.
978 3654 57 22 Now
1044 3655 62 23 these
1116 3655 58 22 facts
1181 3655 68 28 speak

654 3692 2 7 ,
659 3676 98 22 volumes
766 3683 23 15 in
800 3678 80 21 favour
889 3679 26 21 of
922 3679 36 23 the
968 3681 71 28 staple
1046 3681 26 23 of
1078 3689 56 20 your
1141 3687 94 22 country
1242 3690 5 19 ;

659 3702 61 21 three
731 3702 103 28 millions,
847 3705 82 29 chiefly
938 3707 24 21 in
971 3707 56 23 hard
1038 3711 60 25 cash,
1114 3709 20 21 is
1148 3709 52 28 paid
1211 3715 38 15 an-

658 3729 77 32 nually
745 3730 29 28 by
782 3730 105 28 England
905 3737 22 18 to
938 3734 64 22 other
1016 3736 112 22 countries
1139 3736 33 22 for
1185 3735 62 28 Flax,

658 3758 44 19 and
712 3758 20 20 if
747 3760 48 19 tliat
811 3759 67 22 could
892 3760 28 22 be
936 3761 100 23 directed
1051 3766 23 18 to
1089 3770 53 20 you,
1160 3762 60 23 what
1236 3770 13 14 a

657 3782 98 26 glorious
766 3784 64 28 thing
839 3786 18 21 it
866 3787 75 22 would
957 3788 35 22 be.
1021 3788 65 28 Now,
1099 3789 46 22 Mr.
1158 3789 90 23 Donlan

658 3809 75 23 thiuks
744 3812 46 21 that
801 3813 17 21 it
828 3813 65 22 could
903 3814 28 22 be
941 3814 111 28 imported
1063 3820 22 18 to
1099 3816 45 22 this
1155 3821 93 22 country

658 3840 23 17 at
691 3837 66 22 about
771 3838 50 23 half
835 3840 37 22 the
884 3846 48 16 cost
941 3842 26 20 of
980 3841 37 22 the
1033 3842 99 22 Russian
1149 3842 53 27 flax,
1213 3843 36 21 for

658 3864 28 26 by
698 3871 75 16 means
788 3866 27 22 of
826 3866 36 22 his
879 3875 89 19 process
983 3868 38 22 the
1032 3869 46 21 flax
1093 3869 67 23 could
1170 3870 27 22 be
1209 3876 39 15 ex-

656 3891 79 27 ported
744 3895 23 18 at
783 3900 14 14 a
808 3893 67 22 much
892 3894 44 22 less
952 3899 48 17 cost
1014 3895 25 21 in
1056 3895 38 22 the
1105 3896 142 27 preparation

656 3917 55 22 than
722 3921 32 19 at-
760 3923 98 24 present,
868 3920 46 22 and
934 3921 73 21 would
1022 3922 27 21 be
1068 3922 95 22 enabled
1181 3927 21 17 to
1221 3923 26 22 be

656 3944 87 33 packed
751 3948 38 24 •by
808 3953 41 14 an-,
858 3946 109 28 hydiralic*
984 3955 62 20 press
1067 3948 93 23 without
1179 3949 69 28 being

656 3970 87 29 heated,
755 3972 71 23 which
836 3973 19 22 it
869 3977 82 19 cannot
1010 3981 57 20 now,
1079 3975 45 23 and
1145 3982 23 16 so
1184 3975 64 24 incur
