2559 4020
1223 32 98 33 THE

55 87 462 137 NEW
626 92 872 132 ZEALAND
1604 87 871 139 GAZETTE

1240 252 96 31 AND

53 283 1215 151 WELLINGTON
1389 283 1093 151 SPECTATOR

590 485 219 38 PUBLISHED
856 485 130 37 EVERY
1031 480 257 40 WEDNESDAY
1332 479 87 37 AND
1466 477 227 38 SATURDAY
1740 477 205 37 MORNING:

644 602 111 30 PORT
776 600 257 37 NICHOLSON,
1049 596 266 34 WEDNESDAY
1339 596 209 35 MORNING,
1572 595 153 31 MARCH
1748 599 51 32 27,
1825 599 89 28 1844.

2262 595 92 40 [Vol.
2378 596 52 30 IV.

98 605 64 30 No.
184 605 90 36 336.]

1927 686 39 22 All
1986 687 37 21 the
2039 686 61 22 stock
2117 687 44 21 and
2180 686 99 28 produce
2294 687 105 23 intended
2418 691 23 19 to
2455 689 29 21 be

1900 713 66 26 shew,
1976 716 24 19 to
2008 713 29 22 be
2047 717 23 18 at
2080 712 110 23 Hunter's
2199 713 141 28 Stock-yard,
2348 715 32 21 Te
2392 716 56 25 Aro,
2456 721 29 15 on

1900 747 25 14 or
1934 740 77 22 before
2021 741 25 21 10
2056 740 87 22 o'clock
2152 748 23 14 in
2192 740 36 22 the
2239 741 104 28 morning
2359 741 26 22 of
2392 741 38 22 the
2441 748 43 20 gay

1900 766 24 21 of
1935 766 130 22 exhibition.
2094 766 49 22 The
2156 767 63 21 Yard
2235 767 46 22 will
2297 767 27 22 fee
2340 775 55 20 open
2412 771 22 18 to
2449 767 37 22 the

1901 792 73 27 public
1986 796 22 18 at
2018 794 26 20 12
2054 791 94 23 o'clock.

1901 825 183 19 bon-subscribers
2093 824 101 21 admitted
2202 827 22 18 to
2234 826 37 19 the
2281 826 61 19 Shotc
2351 832 26 13 on
2383 828 101 24 payment

2080 850 27 26 of
2113 857 36 14 one
2158 852 88 26 shilling
2256 852 56 21 each.

1926 882 48 22 The
1986 882 138 22 Subscribers
2141 882 45 22 and
2199 882 60 22 their
2273 882 84 22 friends
2368 882 44 22 will
2432 882 53 22 dine

1901 913 22 17 at
1939 909 39 21 the
1995 909 51 27 Ship
2067 909 67 21 Hotel
2152 908 125 28 (Fuller's),
2293 910 31 21 Te
2340 910 54 24 Aro,
2406 916 28 14 on
2448 909 36 21 tho

1902 936 41 26 day
1960 936 26 21 of
2001 936 36 21 the
2054 935 131 26 exhibition.
2214 936 49 21 The
2280 936 115 21 President
2411 936 24 21 in
2448 935 36 23 the

1901 962 69 22 chair.
1999 962 85 21 Dinner
2094 969 30 14 on
2134 962 38 22 the
2182 962 59 22 table
2251 963 13 20 5
2275 962 90 22 o'clock.

1927 993 90 22 Tickets
2032 994 39 25 55.,
2082 997 41 19 not
2136 994 115 27 including
2263 994 64 26 wine,
2340 997 21 19 t<>
2371 994 28 22 be
2408 994 45 22 had
2463 998 23 18 at

1901 1020 36 22 the
1948 1021 42 21 bar
1999 1021 26 21 of
2038 1020 37 22 the
2093 1021 75 26 Hotel,
2185 1025 23 17 at
2225 1022 38 20 the
2277 1022 85 20 Gazette
2373 1021 78 27 Office,
2462 1028 24 15 or

1902 1048 55 21 from
1967 1047 39 21 the
2017 1047 123 27 Secretary.

2077 1080 106 21 Charles
2198 1080 124 26 Clifford,

2214 1113 114 24 Honorary
2339 1113 119 24 Secretary.

1929 1144 146 27 Wellington,
2087 1144 79 22 March
2177 1146 34 25 U,
2223 1146 63 21 1844.

1934 1190 70 19 £?ew
2019 1188 124 22 Zealand
2158 1190 110 26 Society
2284 1190 30 20 of
2325 1190 124 21 London.

1904 1222 163 48 HAVING
2081 1223 56 21 been
2154 1223 97 27 deputed
2268 1224 30 27 by
2314 1223 36 21 the
2371 1223 104 22 Member

1991 1249 25 21 of
2025 1249 41 21 this
2077 1250 89 27 Society
2177 1254 20 17 to
2209 1254 91 23 request
2315 1250 37 21 the
2366 1250 121 22 formatibn

1904 1277 25 20 of
1935 1283 13 14 a
1960 1276 68 21 Local
2044 1276 133 22 Committee
2194 1280 22 18 to
2233 1276 133 28 correspond
2381 1276 52 22 with
2448 1275 38 23 the

1903 1307 79 23 parent
1992 1303 87 27 Society
2088 1303 24 21 in
2128 1303 101 27 London,
2242 1304 54 21 such
2310 1303 85 22 settlers
2408 1310 24 14 as
2443 1303 43 21 feel

1904 1330 124 21 convinced
2039 1329 46 22 that
2094 1330 39 21 the
2143 1330 88 27 Society
2243 1331 39 21 has
2289 1331 54 21 been
2353 1329 133 23 established

1903 1356 34 21 for
1947 1357 73 21 useful
2030 1363 112 20 purposes,
2153 1357 45 21 and
2208 1358 36 20 for
2258 1357 122 27 promoting
2388 1357 39 21 the
2438 1357 49 21 best

1903 1383 103 21 interests
2016 1384 24 20 of
2047 1383 37 21 the
2103 1383 92 28 Colony,
2208 1390 38 15 are
2263 1385 116 26 requested
2389 1386 23 18 to
2422 1383 63 21 leave

1904 1410 56 21 their
1970 1416 65 15 name
2053 1413 23 18 at
2092 1416 37 21 my
2140 1411 63 21 office
2220 1417 29 15 on
2260 1417 24 15 or
2301 1410 74 21 before
2388 1409 39 22 the
2437 1411 49 20 31st

1903 1437 92 26 instant,
2006 1436 55 22 after
2077 1437 72 21 which
2166 1444 28 14 an
2204 1437 61 26 early
2275 1437 42 26 day
2328 1437 41 21 will
2385 1437 28 20 be
2423 1435 61 23 fixed

1905 1464 32 20 for
1947 1463 100 26 meeting
2056 1466 23 18 to
2089 1464 92 26 appoint
2192 1471 13 14 a
2215 1463 141 22 Committee.

2176 1498 103 21 Arthur
2296 1497 25 22 T.
2337 1497 123 22 Holhotd.

1931 1529 33 21 Te
1975 1529 55 26 Aro,
2043 1528 81 23 March
2136 1531 32 24 16,
2181 1531 60 20 1844.

2083 1574 101 21 Scotch
2199 1574 113 21 Church.

1905 1608 48 48 IT
1967 1608 20 21 is
1995 1607 144 28 respectfully
2153 1607 119 28 requested
2288 1607 48 22 that
2350 1606 30 23 all
2400 1607 85 27 parties

1962 1634 49 22 who
2020 1634 57 22 have
2086 1639 40 17 not
2136 1637 39 24 yet
2188 1634 53 27 paid
2255 1633 58 22 their
2328 1634 157 22 subscribtions

1905 1661 95 22 towards
2020 1661 37 22 the
2074 1663 97 20 erection
2190 1661 25 21 of
2234 1661 38 21 the
2291 1661 78 21 Scotch
2390 1660 95 27 Church,

1906 1688 42 22 will
1960 1688 29 22 do
1999 1696 24 14 so
2034 1691 22 19 at
2066 1687 57 23 their
2139 1687 89 23 earliest
2245 1688 150 21 convenience
2415 1691 22 17 to
2453 1687 38 21 the

1906 1715 55 21 Rev.
1973 1715 23 21 J.
2008 1715 169 21 M-ACFARLANE.

1933 1748 80 23 March
2025 1750 31 25 18,
2068 1750 54 21 1844

1990 1802 245 24 GOVERNMENT
2266 1801 155 36 NOTICE.^

1967 1858 112 21 Annual
2112 1858 149 26 Licensing
2293 1857 130 27 Meeting.

1910 1894 42 46 A
1972 1891 150 22 GENERAL
2139 1890 149 23 MEETING
2302 1890 29 23 .of
2343 1890 149 32 the^JusuVes

1987 1919 24 20 of
2019 1918 42 23 the.
2076 1918 71 21 I'eaco
2164 1918 35 20 for
2212 1916 74 25 (fown
2302 1917 43 21 ar.d
2362 1917 96 22 District
2470 1918 27 21 of

1908 1944 200 26 PortJNichrilson,
2124 1943 44 22 will
2185 1944 27 21 be
2225 1943 82 22 holden
2327 1946 21 18 at
2364 1943 37 22 the
2418 1943 75 23 Police

1908 1972 79 26 Oliice,
2001 1970 144 27 Wellington,
2156 1977 28 15 on
2203 1969 37 23 the
2251 1970 49 22 first
2307 1970 104 27 Tuesday
2420 1971 24 21 in
2455 1971 38 21 the

1908 1999 77 21 month
2002 1998 25 21 of
2040 1998 64 26 April
2120 2000 61 23 next,
2193 2000 23 18 at
2225 1997 78 22 eleven
2315 1997 86 21 o'clock
2415 1997 24 21 in
2454 1997 38 21 the

1908 2026 116 25 forenoon,
2039 2025 36 21 for
2092 2024 37 21 the
2144 2032 96 19 purpose
2251 2025 25 20 of
2289 2023 77 26 taking
2381 2025 49 20 into
2441 2032 52 14 con-

1908 2053 119 21 sideration
2038 2051 143 27 applications
2192 2051 34 21 for
2237 2051 106 21 Licences
2352 2051 39 21 for
2398 2051 37 21 the
2446 2051 45 21 sale

1909 2079 24 22 of
1950 2079 118 28 spiriLuous
2087 2078 90 27 liquors,
2195 2079 65 25 vine,
2279 2077 42 26 ale,
2339 2077 43 22 and
2397 2078 59 26 beer,
2470 2077 22 23 in

1909 2106 135 21 accordance
2051 2105 52 21 with
2115 2105 36 21 the
2160 2105 123 26 provisions
2291 2104 25 22 of
2323 2105 36 21 the
2366 2104 129 22 Ordinance

1908 2134 12 20 5
1931 2133 107 26 Victoria,
2051 2131 89 23 Session
2152 2132 39 26 11.,
2204 2131 43 22 No.
2260 2133 32 19 12.

2098 2164 97 21 Alfred
2210 2163 28 22 R.
2255 2164 121 25 Chetham,

2223 2194 66 22 Clerk
2300 2197 21 19 to
2333 2194 36 22 the
2380 2194 86 22 Ben«h.

1936 2228 76 22 Police
2024 2227 77 26 Office,
2113 2226 145 27 Wellington,

1993 2261 79 23 March
2082 2263 19 23 8,
2113 2262 61 21 1844.

2045 2571 104 22 Doiron
2165 2573 55 19 and
2234 2572 128 25 Mackay.

1913 2603 154 50 DOIRON
2082 2604 69 22 AND
2167 2604 143 26 MACKAY,
2322 2604 176 21 Chronometer

1995 2630 87 22 Watch
2104 2631 103 22 Makers
2227 2631 44 21 and
2291 2629 144 26 Jewellers,
2453 2629 44 26 beg

1913 2660 57 18 most
1985 2657 143 29 rftgpectfully
2143 2661 21 18 to
2175 2657 83 22 inform
2274 2657 36 21 the
2327 2656 135 22 inhabitants
2476 2656 27 21 of

1915 2683 131 27 Wellington
2067 2684 43 21 and
2129 2684 29 21 its
2181 2684 101 26 vicinity,
2303 2683 47 22 that
2369 2683 53 26 they
2442 2682 58 22 have

1914 2710 142 22 commenced
2076 2710 102 23 business
2195 2711 24 21 in
2244 2711 38 20 the
2303 2710 67 21 house
2395 2710 107 26 formerly

2131 2737 110 27 occupied
2256 2737 28 27 by

1983 2769 49 22 Mr.
2053 2769 173 27 M'GREGOR,
2247 2770 102 20 Lambton
2366 2770 65 25 Quay,

1915 2802 79 27 where,
2006 2802 29 28 by
2046 2802 61 23 strict
2117 2803 109 22 attention
2238 2806 22 18 lo
2270 2803 107 27 business,
2386 2802 116 23 moderate

1915 2829 98 27 charges,
2025 2830 42 22 and
2079 2830 100 28 superior
2194 2830 172 28 workmanship,
2380 2830 54 27 they
2444 2830 58 28 hope,

1916 2860 20 18 to
1953 2857 66 21 claim
2035 2865 13 14 a
2064 2856 65 23 share
2147 2857 26 22 of
2189 2857 77 28 public
2284 2861 128 23 patronage,
2430 2856 71 23 which

1915 2883 16 22 it
1941 2883 58 22 shall
2008 2883 27 22 be
2046 2884 57 21 their
2114 2887 102 19 constant
2227 2884 66 27 study
2303 2887 23 18 to
2338 2884 71 22 merit.

1943 2910 167 28 Chvonometer,
2127 2911 97 27 Duplex,
2242 2912 99 25 Geneva,
2359 2911 80 25 Lever,
2457 2910 45 22 and

1918 2938 89 21 vertical
2019 2937 102 27 watches,
2133 2938 92 22 musical
2240 2938 77 26 boxes,
2328 2939 47 25 &0.,
2394 2938 108 26 carefully

1917 2964 91 22 cleaned
2020 2964 43 22 and
2073 2964 101 28 repaired
2183 2972 29 15 on
2223 2964 39 22 the
2273 2964 93 23 sheitest
2378 2964 82 23 notice.

2029 2997 101 26 Wedding
2147 2997 65 26 Rings
2220 2997 61 20 made
2291 2999 20 18 lo
2322 2997 68 20 order.

1943 3029 80 21 March
2034 3030 33 24 22,
2079 3030 62 20 1844.

2065 3074 26 21 A
2106 3074 114 22 Servant
2233 3075 117 21 wanted.

1915 3107 185 50 WANTED,
2117 3107 23 22 in
2160 3114 14 14 a
2191 3107 65 23 small
2276 3107 83 28 family,
2380 3114 14 14 a
2413 3110 89 18 servant

2012 3134 41 27 girl
2064 3134 50 22 who
2123 3135 19 21 is
2154 3138 128 23 competent
2292 3138 22 17 to
2324 3137 36 18 act
2369 3141 25 14 as
2404 3133 68 21 Cook.

1942 3161 78 28 Apply
2029 3164 22 18 at
2061 3161 34 21 tht
2106 3161 71 22 Office
2187 3162 27 20 of
2220 3160 44 22 this
2274 3167 74 21 paper.

1943 3195 82 23 March
2034 3196 33 26 22,
2080 3196 60 21 1844.

1919 3240 178 50 DANCING
2126 3239 163 26 AGADEMY,
2319 3239 129 26 Exchange,
2473 3239 32 23 Te

2001 3268 55 26 Aro,
2075 3266 73 22 under
2171 3266 38 22 the
2233 3265 107 22 direction
2365 3266 26 22 of
2411 3267 93 21 Messrs.

1920 3293 103 23 Marriott
2042 3293 44 23 and
2108 3293 136 25 Hatterslev,
2263 3300 66 20 every
2342 3291 104 28 Tuesday
2460 3293 47 21 and

1920 3321 82 28 Friday
2019 3320 119 26 Evenings.
2149 3330 3 3 •
2168 3320 78 21 Terms
2267 3323 22 17 at
2307 3326 80 20 looms,
2405 3324 22 16 to
2446 3327 60 14 com-

1919 3354 78 15 mence
2007 3351 23 17 at
2041 3347 104 27 half-past
2155 3346 13 21 7
2178 3345 94 22 o'clock.

1947 3378 80 23 March
2036 3379 20 25 5,
2068 3379 61 20 1844.

2068 3429 39 19 To
2122 3429 33 20 be
2172 3429 66 20 Sold
2253 3429 99 26 Cheap.
2361 3437 3 4 -

1920 3463 49 47 A
2000 3461 151 26 COTTAGE,
2159 3460 125 28 pleasantly
2291 3462 103 26 situated,
2404 3462 105 22 contain-

1994 3488 38 26 ing
2041 3487 158 27 sitting-room,
2213 3488 126 27 bed-room,
2351 3490 46 21 and
2409 3488 98 27 kitchen,

1920 3516 52 21 with
1990 3522 12 14 a
2018 3514 49 22 well
2084 3514 124 22 cultivated
2222 3515 92 27 garden.
2360 3516 42 21 For
2422 3516 87 21 further

1919 3541 137 28 particulars,
2068 3541 66 27 apply
2152 3546 22 17 to
2191 3542 46 22 Mr.
2256 3542 55 27 Roe,
2329 3546 22 18 at
2367 3543 37 21 the
2422 3544 88 19 Gazette

1919 3568 71 22 office.

1945 3601 113 28 February
2068 3603 20 26 6,
2101 3603 64 21 1841.

1920 3651 91 21 fF^HK
2034 3653 80 19 Nehtm
2136 3654 119 20 Examiner
2277 3655 42 19 and
2341 3655 52 19 New
2416 3655 95 19 Zealand

1925 3673 29 27 X
1994 3679 110 21 Chronicle
2120 3680 126 28 (published
2257 3684 24 18 at
2288 3680 101 27 Nelsqn,)
2406 3680 19 22 is
2444 3688 66 21 regu-

1917 3705 57 28 larly
1994 3707 140 22 transmitted
2151 3712 23 16 to
2191 3707 144 28 Wellington,
2355 3707 56 25 and.
2414 3714 58 21 may.
2482 3711 27 19 b»

1919 3733 41 21 had
1973 3737 23 17 at
2004 3733 38 22 the
2052 3735 64 21 oflice
2127 3734 25 22 of
2163 3734 45 22 this
2216 3742 76 20 paper.
2308 3740 13 19 .'
2340 3754 3 4 .

1944 3765 49 22 The
2004 3766 77 21 Nelson
2091 3767 117 20 Examiner
2223 3766 45 21 will
2279 3766 26 21 be
2315 3765 68 22 found
2395 3767 116 22 tn.-excel-

1919 3792 47 21 lent
1974 3793 98 22 medium
2083 3794 38 21 for
2129 3794 141 21 advertisers.

1944 3825 80 23 Terms
2034 3826 33 22 for
2077 3826 38 22 the
2125 3831 73 23 paper,
2209 3829 38 17 t6ii
2257 3824 100 28 shillings
2371 3832 39 21 per
2420 3830 78 23 quartc

1919 3853 93 28 payable
2022 3853 22 21 in
2055 3853 109 21 advance.
2267 3858 3 4 '
2395 3857 15 7 '"
2421 3858 21 6 --

1947 3884 83 22 Orders
2053 3885 33 22 for
2108 3885 37 21 the
2168 3891 68 21 paper
2260 3883 43 22 and
2328 3883 187 24 advertisements

1920 3912 103 21 received
2034 3915 20 18 at
2067 3912 36 21 the
2116 3911 70 22 Oflice
2197 3911 26 21 of
2235 3911 129 27 this^ap'cr.

667 694 89 48 FOR
770 694 86 26 SALE,
871 700 29 15 ex
912 694 62 25 Lady
987 694 97 24 Leigh—

777 722 82 24 Maize,

775 747 67 25 Lard,

776 774 77 26 Sperm
864 772 37 27 oil,
1224 791 5 4 .
1251 783 5 5 -

776 800 91 21 Onions.

981 824 84 22 Wait?
1080 823 45 22 and
1138 823 84 22 Tvser.

695 851 80 22 March
787 853 32 25 12,
831 852 61 21 1844.
1216 847 17 15 *

668 895 39 20 To
727 899 115 21 persons
868 894 124 21 desirous
1018 894 30 20 of
1070 892 182 26 establishing

695 921 163 20 themselves
868 926 37 15 on
915 922 44 19 the
971 921 85 20 Coast
1065 920 29 21 in
1103 920 46 20 the
1162 919 90 20 lucra-

695 948 55 21 tive
765 948 188 26 employment
968 947 30 21 of
1011 947 149 25 collecting
1172 946 78 24 Fla^,

695 975 106 25 Wheat,
816 975 102 23 Maize,
932 975 82 23 Pork,
1030 975 45 20 &c.
1091 974 43 20 &c.

671 1008 66 48 TO
752 1008 64 27 LET,
832 1008 31 27 by
883 1008 37 22 the
939 1007 158 28 undersigned,
1115 1014 14 14 a
1148 1006 103 22 first-rate

764 1034 113 27 premises,
902 1035 123 26 consisting
1049 1035 26 21 of
1096 1042 12 14 a
1132 1033 119 22 handsome

668 1061 114 22 verandah
800 1065 94 24 cottage,
911 1061 53 22 with
984 1061 136 21 convenient
1139 1060 84 26 offices;
1240 1066 12 14 a

668 1088 61 27 large
753 1089 135 21 two-storied
913 1087 207 23 weather-boarded
1145 1090 68 22 store;

668 1115 85 26 garden
772 1115 44 21 and
838 1115 100 26 orchard,
960 1115 49 21 well
1030 1115 92 21 stocked
1141 1113 52 21 with
1214 1112 38 21 the

668 1141 98 22 choicest
775 1141 53 22 fruit
843 1146 57 17 trees
918 1142 23 21 in
957 1141 41 22 full
1014 1141 98 26 bearing,
1131 1140 34 21 the
1182 1138 70 22 whole

668 1168 127 26 containing
814 1175 28 14 an
861 1176 52 13 area
929 1167 24 22 of
970 1168 61 22 three
1049 1174 68 20 acres,
1136 1165 80 23 fenced
1228 1165 23 21 in

670 1194 52 21 with
733 1202 13 14 a
756 1195 131 21 substantial
898 1195 72 26 fence,
983 1195 45 21 and
1037 1194 83 27 having
1131 1201 12 13 a
1153 1194 99 24 frontage

669 1224 22 18 lo
702 1221 37 21 the
750 1221 67 21 River
826 1221 106 27 Turenga
942 1221 53 26 Nui,
1009 1222 94 25 Poverty
1114 1221 53 26 Bay.

753 1254 61 21 Also
829 1261 29 14 to
873 1254 56 26 Let,
945 1261 28 14 at
988 1254 108 22 Poverty
1116 1254 55 25 Bay,

670 1282 21 20 A
717 1280 143 22 comfortable
884 1280 135 22 six-roomed
1049 1278 204 24 weathei'-boarded

669 1307 78 24 house,
766 1306 53 23 with
839 1307 75 21 offices
935 1308 44 21 and
998 1307 100 27 kitchen,
1121 1305 131 22 two-stalled

670 1334 70 21 stable
755 1334 44 21 and
812 1334 65 21 other
894 1334 170 26 out-buildings,
1077 1341 13 14 a
1102 1334 83 26 garden
1204 1339 51 15 con-

671 1360 85 26 taining
771 1365 43 16 two
824 1367 63 14 acres
898 1360 47 21 well
963 1361 86 26 fenced,
1062 1360 43 22 and
1115 1362 26 19 30
1156 1366 60 15 acres
1231 1358 26 21 of

670 1387 75 21 arable
755 1386 60 23 land.

699 1413 42 22 For
750 1413 137 27 particulars,
899 1413 65 28 apply
976 1416 22 19 to
1009 1414 36 21 the
1056 1412 155 28 undersigned,

949 1447 35 22 W.
1001 1447 24 22 B.
1042 1447 97 22 Rhodes
1158 1448 18 20 &
1186 1447 40 21 Co.

701 1474 77 22 March
789 1475 20 26 5,
821 1475 62 21 1844.

727 1524 99 22 Messrs.
854 1524 153 22 HOLROYD
1032 1532 47 14 and
1106 1524 94 26 HART,

833 1557 130 20 Notaries
986 1557 108 24 Public,

760 1595 37 15 TE
825 1595 73 19 ARO,
928 1594 240 16 WELLINGTON.

699 1627 129 27 September
837 1628 21 24 4,
870 1628 62 21 1843.
1021 1644 10 9 „

858 1684 35 22 W.
909 1684 34 22 M.
959 1684 107 26 SMITH,

671 1730 58 15 LATE
740 1729 238 15 SURVEYOR-GENERAL
988 1729 28 14 TO
1027 1729 46 14 THE
1090 1729 49 14 NEW
1155 1728 103 15 ZEALAND

908 1756 114 19 COMr-ANY,

699 1788 141 25 Surveyor,
857 1788 211 26 Draughtsman,
1085 1787 54 20 and
1153 1786 76 21 Land

916 1815 100 25 Agent.

671 1845 178 26 Tinakori-road,
861 1845 98 27 Januarj
972 1846 21 25 4,
1007 1847 62 20 1843.

817 1896 34 21 H.
882 1896 105 22 HARD
996 1897 48 20 EM
1054 1896 61 26 AN,

696 1931 92 21 Tailor
804 1931 54 19 and
871 1931 112 24 Draper,
999 1931 15 19 J.
1023 1924 247 31 smMoii-trcK:^.'^"

835 1983 115 28 Superfine
961 1984 72 21 Coats,
1045 1983 56 21 from
1118 1984 33 23 £3
1165 1985 12 19 0
1193 1986 12 18 0

673 2016 114 28 Supeifine
798 2016 102 21 Doeskin
912 2016 116 26 Trowaeis,
1046 2016 55 21 from
1118 2016 31 23 £1
1165 2017 11 19 5
1193 2018 12 17 0

659 2064 20 11 „
701 2056 63 15 MADE
775 2056 27 14 TO
812 2056 107 14 MEASURE
922 2060 25 3 —
949 2056 42 15 rOR
1001 2056 57 15 CASH
1070 2056 29 14 ON
1110 2056 122 14 DELIVERY.

741 2100 8 6 '
783 2098 91 22 RED
906 2098 115 22 LION
1059 2098 91 27 INN,

955 2140 28 14 BY

838 2166 119 21 Richard
986 2167 110 24 Brown,

880 2207 85 14 KARORI
983 2207 68 20 KOAD,

678 2235 75 26 Wines,
764 2235 78 26 spirits,
852 2234 42 20 and
900 2236 48 18 neat
958 2235 77 25 liquers
1042 2234 27 25 of
1075 2235 35 19 the
1120 2235 40 19 best
1172 2234 87 27 quality.
1270 2227 2 36 J

704 2270 80 21 March
794 2271 20 23 5,
826 2271 61 20 1814.

881 2320 25 21 B.
936 2319 117 27 LEVY,

677 2354 203 24 Chronometer,
896 2354 93 24 Clock,
1006 2354 20 19 &
1042 2353 99 21 Watch
1157 2354 104 24 Maker,

842 2388 143 21 LAMBTON
1007 2388 91 25 QUAY,

711 2420 228 20 WELLINGTON,
967 2420 76 18 NEW
1068 2419 163 18 ZEALAND.

907 2468 41 20 On
963 2468 69 23 Sale,

678 2500 91 33 rpHE
799 2499 72 22 NEW
896 2498 152 23 ZEALAND
1078 2498 183 26 PORTFOLIO,

684 2521 29 27 X
751 2526 126 22 conducted
896 2526 29 27 by
944 2526 32 22 H.
993 2526 22 21 S.
1033 2526 124 26 Chapman,
1177 2526 36 26 (of
1226 2525 37 22 tlio

677 2553 87 22 Middle
771 2553 111 28 Temple,)
894 2553 214 22 Barrister-at-Law.

704 2587 43 21 No.
761 2586 18 22 I.
782 2597 26 4 —
810 2586 21 21 A
849 2585 76 22 Letter
939 2588 23 18 to
982 2585 37 21 the
1037 2585 69 26 Right
1125 2585 59 21 Hon.
1204 2584 59 23 Lord

677 2613 99 27 Stanley,
794 2613 118 26 Secretary
932 2613 26 21 of
973 2613 60 21 State
1054 2612 36 21 for
1108 2612 37 21 the
1164 2611 99 23 Colonial

677 2640 154 27 Department,
866 2639 35 22 On
909 2639 37 21 the
953 2638 189 23 Administration
1148 2639 24 21 of
1177 2638 86 22 Justice

677 2668 23 21 in
711 2667 55 22 New

705 2698 44 23 No.
762 2699 33 22 II.
797 2710 27 4 —
825 2698 78 23 Letter
917 2702 23 18 to
956 2697 60 22 John
1031 2698 61 21 Abel
1107 2697 77 27 Smith,
1204 2698 58 27 Esq.,

679 2726 69 27 M.P.,
826 2725 38 22 the
873 2725 143 26 Advantages
1023 2725 72 21 which
1103 2725 71 22 would
1185 2731 79 15 accrue

678 2756 23 19 to
711 2752 93 28 English
815 2752 126 27 Capitalists
950 2752 57 21 from
1020 2752 36 21 the
1068 2752 166 21 establishment,
1242 2752 25 23 of

678 2788 14 14 a
701 2782 59 19 Loan
771 2781 102 25 Company
883 2780 34 21 for
927 2780 52 20 New
988 2779 100 27 Zealand,
1100 2778 82 22 similar
1195 2782 21 17 to
1228 2777 36 22 the

678 2807 128 22 Australian
816 2807 67 22 Trust

706 2840 43 21 No.
861 2839 37 21 An
911 2838 97 22 Address
1019 2841 21 18 to
1052 2838 38 22 the
1099 2837 57 22 New
1165 2836 99 22 Zealand

679 2866 65 23 Land
754 2866 140 28 Proprietow
903 2865 98 21 resident
1014 2865 23 21 in
1048 2865 38 21 the
1096 2864 82 22 United
1195 2863 71 26 King-

679 2893 59 27 dom,
750 2900 29 15 on
795 2893 85 21 several
894 2895 92 19 matters
997 2891 26 22 of
1030 2892 136 27 importance
1177 2895 21 17 to
1210 2891 56 21 their

706 2952 44 21 No.
767 2950 42 23 IV.
809 2961 29 5 —
866 2950 37 21 On
924 2949 36 22 the
981 2949 115 22 Financial
1115 2949 112 22 condition
1244 2949 25 22 of

680 2979 54 21 New
881 2977 29 27 by
920 2976 91 22 Charles
1021 2976 75 27 Terry,
1110 2976 57 28 Esq.,
1179 2976 86 25 F.R.S.,

680 3005 80 22 F.S.A.

767 3036 28 22 V.
797 3048 27 3 —
826 3037 19 21 1.
1082 3041 28 15 on
1135 3034 131 26 facilitating

680 3063 139 27 Emigration
845 3065 22 18 to
891 3062 56 21 New
972 3062 107 26 Zealand,
1099 3061 30 27 by
1148 3067 78 16 means
1245 3062 24 20 of

681 3090 115 22 Moderate
817 3089 99 27 Charges
931 3089 34 21 for
985 3088 67 22 Chiei'
1068 3088 44 21 and
1129 3087 136 22 Fore-Cabm

841 3116 28 21 In
879 3123 14 13 a
903 3115 77 21 Letter
990 3118 22 18 to
1023 3114 84 28 Joseph
1118 3115 83 25 Somes,
1213 3114 52 28 Esq.

680 3144 40 22 &c.
732 3142 40 22 &c.
801 3142 34 28 By
847 3142 30 22 H.
889 3142 22 21 S.
924 3142 123 27 Chapman.

708 3178 19 19 2.
769 3175 21 22 A
801 3175 77 21 Letter
887 3181 28 14 on
927 3173 104 27 Banking
1041 3173 24 21 in
1076 3172 56 22 New

681 3203 34 27 By
725 3203 86 22 Arthur
820 3201 27 22 T.
859 3200 108 28 Holroyd,
979 3200 52 27 Esq.

708 3234 45 22 No.
769 3234 41 22 VI.
811 3244 29 5 —
863 3232 159 23 Observations
1037 3239 28 14 on
1075 3231 38 22 the
1125 3232 143 26 Advantages

682 3261 25 23 of
719 3269 14 14 a
751 3260 185 29 Representative
951 3258 122 28 Assembly
1087 3259 35 22 for
1140 3259 56 21 New
1212 3258 56 23 Zea-

710 3319 97 23 General
817 3319 48 23 title
876 3318 46 23 and
932 3317 149 23 introduction
1093 3321 23 18 to
1125 3317 38 22 the
1172 3317 81 22 Scries.

958 3357 120 16 SIXPENCE.

684 3403 72 49 ON
771 3402 79 22 SALE
864 3404 25 19 at
907 3401 39 21 the
965 3400 71 22 Office
1057 3400 23 22 of
1099 3400 44 22 this
1160 3406 110 22 paper:—

762 3429 62 27 Keys
833 3429 26 21 of
866 3428 40 22 the
915 3428 69 22 Town
993 3428 28 21 of
1027 3427 57 22 New
1094 3426 126 28 Plymouth,

710 3457 67 22 Plans
788 3456 24 21 of
820 3454 177 29 Coxmtry.Land
1007 3453 73 23 round
1094 3453 141 28 Wellington,
1245 3453 23 22 in

682 3491 59 20 case,

711 3511 68 22 Plans
790 3510 25 21 of
821 3509 94 26 Nelson,
927 3509 21 21 in
960 3516 58 19 case,

711 3538 79 27 Copies
806 3537 25 21 of
845 3536 38 22 the
901 3537 55 20 New
976 3535 100 22 Zealand
1091 3533 99 27 Journal,
1208 3535 60 25 1842,

683 3564 117 27 complete,
811 3563 84 27 bound,

711 3591 135 31 Chapman's
857 3589 114 28 Portfolio,
981 3588 87 28 bound,

711 3618 74 22 Prints
791 3618 25 21 of
821 3617 95 27 Nelson,

711 3644 75 25 Prints
795 3645 26 21 of
825 3644 144 27 Wellington,

711 3671 67 21 Plans
788 3672 26 21 of
820 3671 86 22 Nelson
916 3672 23 21 in
950 3670 84 26 Sheets,

712 3697 68 22 Plans
790 3698 25 21 of
821 3698 101 27 Country
933 3697 64 22 Land
1008 3700 22 18 at
1044 3695 142 28 Wellington,

712 3723 67 22 Plans
788 3724 24 21 of
820 3724 38 21 the
867 3724 70 22 Town
948 3725 25 20 of
980 3724 57 21 New
1048 3722 125 28 Plymouth.

690 3768 3 7 ,
711 3754 130 27 September
850 3757 34 25 19,
896 3757 61 20 1843.

854 3798 78 22 Meat
946 3799 151 26 Company.

684 3831 125 48 FRESH
831 3831 96 27 PORK,
945 3832 73 27 prime
1033 3832 79 27 joint*,
1132 3831 75 26 ;from
1230 3830 36 22 4d.

756 3862 23 17 to
788 3857 36 22 sd.
835 3865 41 20 per
885 3858 30 21 lb.

955 3891 35 22 W.
1006 3891 103 26 Flyceb,
1126 3890 114 26 Manager.

710 3917 113 27 February
833 3916 35 28 27,
881 3918 61 21 1844.

195 698 54 21 For
263 697 108 26 Sydney
388 697 94 25 direct,

57 729 106 32 s^jufe^
200 733 94 28 T^HE
304 733 44 22 fine
359 733 44 21 fast
412 732 80 26 sailing
504 730 129 28 brigantine

71 753 110 40 Jg~^R
207 753 31 30 X
325 758 224 24 WANDERER,

51 780 148 38 /4s3JEjKI&
215 787 81 26 Henry
321 786 73 21 Burns
416 784 153 26 commander,
589 784 46 21 will

50 807 150 35 azgßsßßj
215 813 41 21 sail
265 813 35 20 for
316 812 37 21 the
363 812 72 21 above
445 812 60 23 Port,
517 810 117 27 positively

50 833 150 36 TJjffifSS^
216 847 29 14 on
265 838 141 27 Wednesday
424 842 61 22 next,
497 837 80 21 March
593 837 27 22 27
628 845 5 18 ;

210 866 40 22 has
274 866 95 25 superior
397 864 175 21 accommodation
599 864 36 20 for

46 901 139 22 passengers.

75 929 44 21 For
128 928 82 27 freight
220 936 25 13 or
256 934 97 21 passage,
366 927 66 27 apply
443 930 23 18 to

338 961 95 22 Samuel
449 959 45 23 and
510 958 96 22 Joseph.

75 994 192 25 Lamhton-quay,
279 993 80 22 March
369 993 21 23 5.
402 994 61 20 1844.

156 1040 54 20 For
224 1039 109 25 Sydney
346 1038 46 21 via
407 1038 113 21 Nelson.

71 1075 84 24 ./T3l-i
203 1071 93 28 rpHE
386 1071 89 27 regular
562 1068 75 23 trader

82 1091 99 40 efflfe*
210 1103 30 17 -*-
322 1099 77 20 BTAR
414 1099 38 20 0F
465 1097 100 23 china,

217 1125 70 21 Ward
304 1129 91 23 master,
419 1125 45 22 will
483 1124 40 21 sail
544 1124 35 20 for
597 1122 38 22 the

51 1146 147 39 'TjgabJtegy
217 1151 72 22 above
304 1155 60 24 ports
385 1158 29 15 on
435 1151 82 26 Friday
534 1150 103 26 morning

75 1223 43 21 For
128 1222 82 27 freight
219 1229 26 14 or
254 1228 99 21 passage,
365 1220 68 28 apply
445 1224 21 18 to

306 1254 113 23 William
434 1254 175 22 Fitzherbert.

76 1282 80 23 March
166 1284 34 24 26,
212 1283 61 20 1844.

208 1327 54 20 For
277 1326 92 20 Tahiti
385 1325 93 21 direct.

109 1365 56 20 -jr*
224 1359 94 22 rTIHE
328 1359 43 22 fine
384 1358 43 22 fast
437 1358 81 25 sailing
528 1356 109 27 coppered

83 1379 110 40 jSgGj^
231 1379 30 30 X
286 1386 109 22 schooner
404 1384 232 23 SHERHERDESS,

83 1413 131 34 Wwm|/
237 1413 46 22 will
293 1414 28 20 be
331 1412 136 27 despatched
477 1413 33 20 for
519 1410 37 22 the
568 1411 70 21 above

78 1434 136 25 JLA/KsBL
238 1440 63 27 place
311 1441 22 20 in
345 1447 13 14 a
368 1440 42 21 few
423 1439 60 27 days.

58 1470 161 35 fIHSSSHp
253 1473 44 23 For
306 1472 83 28 freight
400 1480 24 14 or
433 1478 99 21 passage,
542 1470 67 28 apply
616 1473 22 18 to

259 1508 24 22 C.
299 1507 34 22 W.
350 1508 128 25 Schultze,
494 1512 28 14 on
534 1503 76 23 board.

77 1542 81 23 March
167 1543 34 25 26,
214 1541 60 21 1844.

50 1586 171 51 PROBATE
236 1586 27 21 of
273 1585 39 22 the
322 1585 42 21 last
381 1584 52 22 Will
451 1583 43 23 and
508 1582 132 22 Testament

122 1614 26 21 of
160 1621 36 19 my
207 1613 45 21 late
263 1611 90 23 brother
363 1611 35 21 W.
414 1611 29 21 V.
461 1611 94 24 Brewer,
577 1608 61 26 Esq.,

50 1642 40 21 has
105 1641 58 22 been
179 1640 45 21 this
240 1639 44 27 day
300 1638 96 27 granted
414 1642 22 17 to
453 1645 43 18 me,
507 1643 44 14 one
562 1635 26 21 of
600 1633 38 23 the

50 1669 124 22 Executors
185 1666 86 23 therein
283 1665 91 26 named,
387 1665 45 21 and
445 1665 11 21 I
468 1665 56 21 have
534 1661 103 28 appoint-

49 1696 27 21 ed
87 1696 27 21 R.
125 1696 26 20 R.
161 1696 88 24 Strang,
258 1693 63 27 Esq.,
332 1692 37 21 the
378 1691 84 22 official
471 1690 168 22 administrator

50 1722 26 21 of
87 1722 36 21 the
144 1720 111 23 Southern
273 1720 93 21 District
382 1719 26 20 of
426 1718 56 21 New
501 1716 82 26 Ulster,
601 1722 37 19 my

50 1750 77 26 Agent
138 1752 23 17 at
171 1747 146 26 Wellington,
329 1746 34 21 for
371 1745 38 21 the
417 1750 106 23 purposes
532 1743 25 21 of
564 1749 74 20 carry-

49 1776 40 26 ing
99 1776 37 21 the
148 1774 46 22 said
205 1774 54 21 Will
269 1774 47 20 into
328 1773 72 21 effect.

325 1804 108 22 Charles
448 1803 26 22 B.
489 1802 108 25 Brewer,

436 1835 116 24 Barrister-
557 1835 81 26 at-law,

519 1867 92 22 Nelson.

79 1905 142 26 Wellington,
236 1903 43 22 this
289 1902 38 22 6th
339 1901 88 27 March,
440 1902 61 22 1844.

264 1961 14 13 a
296 1953 68 21 Cook.
403 1952 46 21 For
468 1951 85 22 further
569 1950 71 20 >:arli-

64 1974 42 29 VY
150 1981 79 26 culars,
242 1979 65 28 apply
317 1983 23 17 to

326 2010 35 23 W.
377 2009 33 23 M.
426 2010 83 24 Smith,

395 2042 104 24 Tinakori
512 2042 100 25 Coltnge.

82 2074 99 26 January
193 2074 32 26 16,
238 2073 61 21 1844.

155 2129 137 20 Seamen's
308 2127 101 21 Friend
423 2127 116 24 Society.

55 2167 49 46 A
120 2163 134 22 SERVICE
268 2161 125 23 conducted
412 2161 29 27 by
461 2160 36 22 the
518 2159 123 26 Ministers,

134 2192 21 20 in
176 2190 133 21 connection
332 2188 52 22 with
401 2188 35 21 the
457 2189 70 20 above
546 2185 96 26 Society,

53 2219 44 20 will
111 2218 31 24 .be
158 2217 52 21 held
229 2223 68 20 every
316 2215 93 26 Sunday
425 2215 115 21 afternoon
562 2214 22 20 in
605 2214 37 19 the

57 2244 79 23 Scotch
147 2243 96 26 Church,
255 2242 112 23 Lambton
379 2242 73 26 Qua}\

82 2279 94 21 Seamen
186 2276 45 22 and
242 2282 90 21 persons
341 2275 124 21 connected
477 2274 51 22 with
539 2272 104 28 shipping

56 2312 36 14 are
103 2304 119 28 especially
235 2302 88 22 invited
333 2305 22 19 to
365 2302 87 21 attend.

83 2336 87 22 Service
181 2341 21 15 to
215 2341 130 16 commence
356 2337 23 18 at
390 2333 106 28 half-past
506 2334 12 19 3
534 2339 53 20 p.m.

82 2369 47 23 The
294 2368 45 27 flag
352 2367 45 23 will
416 2368 28 20 be
463 2366 88 22 hoisted
569 2370 22 17 at
605 2364 37 23 the

56 2397 57 21 N.E.
125 2396 63 27 angle
199 2397 25 21 of
242 2395 37 22 the
295 2395 96 26 Church,
409 2394 55 22 from
482 2392 48 23 half
544 2399 27 15 an
587 2392 57 21 hour

54 2423 102 28 previous
169 2427 20 17 to
201 2422 37 22 the
250 2425 192 19 commencement
457 2422 23 20 of
496 2421 36 21 the
550 2420 92 26 service,

55 2451 57 21 until
123 2451 28 21 its
162 2450 63 22 close.

82 2482 100 27 January
193 2484 33 24 26,
240 2483 61 20 1844.

218 2533 78 21 BSeat
329 2532 151 25 Company.

289 2565 125 23 BUTTER

57 2601 159 49 ALWAYS
231 2608 29 14 on
271 2599 69 28 hand,
355 2599 46 22 and
417 2602 22 18 to
454 2599 28 21 be
497 2597 52 26 had,
562 2596 83 22 whole-

136 2628 45 22 sale
200 2627 43 22 and
264 2626 70 27 retail,
354 2630 24 18 at
398 2625 37 23 the
459 2626 79 21 lowest
557 2623 88 22 market

56 2656 67 26 price,
139 2662 14 15 a
170 2655 61 26 large
251 2653 79 28 supply
346 2653 25 22 of
387 2653 37 22 the
438 2651 128 23 celebrated
581 2651 64 21 Cow-

57 2686 88 23 pasture
156 2682 43 21 and
209 2681 120 21 Terawitte
342 2681 70 26 Dairy
423 2681 84 21 Butter.

330 2714 35 21 W.
380 2714 105 25 Flygeu,
500 2713 117 25 Manager.

226 2769 79 20 Meat
327 2768 150 25 Company.

58 2801 91 50 THE
170 2801 238 26 UNDERSIGNED,
427 2800 84 25 having
531 2799 55 21 been
609 2806 38 19 ap-

132 2828 90 28 pointed
238 2829 110 25 Manager
356 2827 27 21 of
397 2827 38 21 the
449 2827 63 22 Meax
522 2827 123 26 Company,

55 2856 55 27 begs
120 2861 22 16 to
153 2862 118 15 announce
282 2854 48 22 that
344 2862 13 13 a
367 2853 89 27 regular
465 2853 78 27 supply
552 2853 26 21 of
589 2853 56 26 beef,

56 2886 96 23 mutton,
172 2881 45 22 and
235 2881 56 28 pork
308 2888 52 19 may
380 2882 83 25 always
482 2881 25 21 be
529 2879 118 28 depended

55 2917 63 20 upon
129 2913 24 18 at
162 2909 43 21 this
216 2907 174 22 establishment.

85 2943 33 20 As
142 2941 42 22 this
209 2940 117 26 Company
344 2945 108 21 purposes
471 2937 78 27 selling
569 2941 23 18 at
610 2937 36 23 the

56 2968 80 22 lowest
142 2967 73 29 prices
224 2970 25 19 at
263 2966 72 21 which
344 2970 19 17 it
377 2965 19 22 ia
405 2964 71 23 found
487 2964 36 22 the
533 2968 60 17 meat
606 2971 41 15 can

55 2995 30 22 be
96 2994 107 27 afforded,
215 2993 38 22 the
263 2992 150 28 undersigned
419 2992 22 21 is
456 2992 51 26 only
518 2990 128 22 authorized

57 3025 23 18 to
91 3022 51 26 give
148 3028 53 20 very
207 3019 88 22 limited
304 3019 77 26 credit,
390 3019 45 21 and
443 3018 39 22 hu«>
489 3018 54 20 Won
555 3018 92 21 ordered

57 3053 23 17 to
97 3052 50 23 stop
161 3047 30 22 all
204 3048 106 21 accounts
326 3046 73 22 which
413 3053 38 14 are
466 3051 39 16 uui
522 3044 50 27 paid
588 3051 58 20 upon

58 3074 104 22 demand.

85 3108 48 22 The
144 3107 101 23 business
256 3106 24 22 of
289 3106 37 22 the
336 3106 114 27 Company
461 3105 19 22 is
490 3104 84 22 carried
585 3112 29 14 on
624 3104 23 22 in

58 3132 58 25 their
132 3142 49 15 new
196 3133 110 28 building,
318 3132 88 22 erected
424 3133 99 21 between
544 3131 105 22 France's

58 3162 69 23 Hotel
148 3161 41 22 and
210 3161 39 22 the
267 3160 60 22 head
343 3159 26 22 of
383 3159 38 22 the
436 3159 56 28 Bay,
511 3157 44 22 and
572 3158 77 27 nearly

59 3189 99 28 opposite
169 3192 21 18 to
201 3189 46 21 Mr.
259 3187 83 28 Lyon's
352 3187 71 21 Store.

332 3221 41 22 W.
384 3220 102 26 Flyger,
503 3219 118 27 Manager.

85 3260 131 23 November
224 3261 36 25 23,
273 3260 60 21 1842.

270 3316 165 22 Almanack.

58 3351 72 49 AN
153 3349 180 24 ALMANACK
353 3350 34 21 for
405 3349 97 27 Welling
513 3354 28 16 .;n
561 3347 18 22 is
599 3354 50 14 now

129 3377 132 29 publishing
270 3381 22 17 at
301 3377 45 21 this
356 3377 79 22 Office.

292 3417 74 20 price,
384 3412 29 20 Is.

238 3449 78 25 Office,
329 3449 125 22 December
464 3450 19 24 7,
495 3450 62 21 1843.

289 3499 42 20 On
345 3499 71 25 Sale,

57 3533 72 49 AT
158 3532 21 22 J.
209 3530 177 27 M'NALLY'S,
424 3531 112 22 Lambton
572 3531 75 26 Quay,

139 3559 67 26 Pork,
217 3559 60 21 from
288 3557 36 21 2d.
335 3561 22 17 to
367 3557 37 21 sd.
414 3564 41 20 per
516 3564 87 15 carcass
612 3557 37 22 4d.

73 3602 5 4 -
85 3587 99 25 Mutton,
197 3585 36 22 Bd.
244 3591 41 20 per
294 3585 31 22 lb.
332 3591 5 20 ;
354 3591 41 20 per
405 3591 87 15 carcass
501 3584 50 25 6Jd.

75 3632 1 5 ,
85 3613 63 26 Beef,
159 3612 36 22 4d.
206 3615 23 18 to
239 3611 36 22 9d.
285 3618 41 22 per
334 3612 29 22 lb.
372 3618 6 20 ;
394 3617 40 21 per
445 3613 90 26 quarter
544 3611 13 20 6
560 3610 33 26 jd.

85 3646 58 22 N.B.
145 3656 27 4 —
174 3644 36 23 No
221 3644 134 22 connection
368 3643 53 22 with
431 3643 37 22 the
480 3643 44 23 Big
532 3643 117 22 Butchers.

73 3696 3 5 .
87 3677 81 23 March
179 3679 20 24 1,
212 3677 63 23 1844.
569 3688 7 17 :
599 3694 10 4 .

57 3728 127 50 PLANS
209 3727 27 22 of
256 3727 38 22 the
317 3728 71 21 Town
408 3727 27 22 of
455 3728 167 21 Wellingiok.

132 3755 56 22 Plan
210 3755 26 21 of
243 3754 37 22 the
290 3754 82 23 arbour
382 3754 25 25 of
422 3754 54 22 Port
492 3752 131 22 Nicholson.

65 3801 88 24 TUST
166 3799 135 23 OPENED,
308 3799 43 23 and
363 3807 28 14 on
403 3799 51 22 Sale
464 3803 23 18 at
497 3798 37 22 the
546 3799 71 22 Office
629 3798 25 22 of

57 3825 27 25 O
122 3828 44 22 this
177 3828 78 24 Paper,
266 3827 38 21 inK
315 3826 78 22 Stands
403 3829 23 19 ot
436 3832 89 16 various
536 3832 62 15 sizes.

245 3885 177 28 PARTIES,for
431 3884 122 24 saleattne
563 3885 86 20 Oazette

58 3914 42 23 Vy
115 3913 79 27 Office

1283 688 65 21 Fort
1371 687 155 21 Nicholson
1548 685 190 29 Agricultural
1757 686 112 22 Associ-

1533 715 85 19 ation.

1284 745 92 32 rpHE
1404 744 195 22 FOLLOWING
1629 740 110 36 PRICES
1768 743 45 25 will
1839 743 28 22 be

1291 766 29 27 X
1357 773 66 25 given
1436 776 23 16 at
1470 771 36 21 the
1517 771 94 26 ensuing
1625 771 99 26 meeting
1739 770 27 21 of
1778 770 36 21 the
1825 770 44 21 As-

1284 798 113 26 sociation,
1418 801 21 17 to
1458 798 28 21 be
1505 797 51 22 held
1574 801 23 17 at
1614 798 44 20 Mr.
1672 797 109 21 Hunter's
1792 797 77 21 Stock-

1284 824 61 26 yard,
1356 824 31 21 Te
1400 825 56 25 Aro,
1473 831 29 14 on
1520 823 126 26 Thursday,
1663 823 38 21 the
1717 823 52 21 28th
1785 823 43 27 day
1847 823 25 21 of

1284 850 79 22 March
1374 855 55 16 next
1430 861 29 4 —

1772 875 16 17 £
1824 887 4 4 .
1851 875 19 17 d.

1312 905 19 20 1.
1347 903 43 22 For
1399 903 38 21 the
1447 903 49 21 best
1508 902 46 22 bull
1566 903 26 21 of
1599 909 42 20 any
1652 902 93 22 breed..
1778 904 51 20 10
1856 904 14 20 0

1310 937 21 20 2.
1346 935 47 22 The
1399 934 125 22 best-milch
1533 941 46 15 cow
1587 934 27 21 of
1621 941 42 21 any
1668 934 78 28 breed,

1284 962 36 21 the
1331 969 80 20 person
1422 962 99 26 shewing
1531 965 22 17 to
1560 964 57 18 state
1623 961 37 22 the
1668 965 80 18 nature

1284 989 24 21 of
1315 989 40 21 her
1366 989 63 22 usual
1440 991 96 25 pasture,
1548 988 45 21 and
1605 988 35 21 the
1652 995 96 20 average

1284 1016 101 28 quantity
1396 1015 25 22 of
1429 1015 54 22 milk
1493 1015 43 21 and
1546 1015 75 21 butter
1634 1015 114 27 produced

1284 1050 38 19 per
1331 1043 60 21 week
1777 1044 53 20 10
1856 1045 13 19 0

1310 1075 20 21 3.
1346 1074 46 22 The
1417 1073 49 22 best
1488 1073 72 21 heifer
1584 1073 53 21 bred
1661 1073 23 21 in
1710 1073 38 21 the

1284 1101 92 27 Colony,
1387 1101 45 21 and
1447 1100 72 22 whose
1535 1100 43 21 sire
1587 1100 20 21 is
1621 1107 47 14 now
1679 1100 70 26 living

1283 1127 24 21 in
1317 1127 36 21 the
1364 1127 85 22 district
1776 1129 14 19 0
1804 1127 25 21 15
1857 1129 14 19 0

1311 1160 20 20 4.
1346 1158 47 22 The
1403 1158 54 22 best
1470 1165 48 14 ram
1534 1157 26 22 of
1578 1165 44 19 any
1634 1157 69 22 breed
1710 1165 5 19 ;
1732 1157 21 22 if

1285 1190 40 17 not
1343 1185 53 22 bred
1411 1185 24 21 in
1453 1184 36 22 the
1501 1184 92 27 Colony,
1607 1189 21 16 to
1644 1189 56 16 state
1712 1184 37 21 the

1284 1212 63 27 place
1357 1212 57 21 from
1426 1211 89 22 whence
1526 1211 19 21 it
1558 1218 70 19 came,
1641 1211 46 21 and
1698 1211 50 21 how

1284 1238 55 27 long
1348 1238 23 21 in
1384 1238 44 21 this
1439 1238 85 21 district
1777 1239 13 20 0
1805 1239 26 20 10
1858 1240 14 19 0

1312 1271 20 21 5.
1348 1270 47 22 The
1419 1270 50 21 best
1492 1277 42 20 pen
1554 1270 26 21 of
1601 1270 61 21 three
1684 1277 64 19 ewes,

1286 1298 80 26 stating
1378 1297 36 21 the
1425 1297 74 26 breed,
1512 1296 44 21 and
1566 1297 18 20 if
1600 1297 95 27 possible
1712 1296 38 22 the

1286 1324 81 27 waight
1377 1324 24 21 of
1407 1324 45 21 last
1463 1331 87 14 seasons
1560 1323 44 27 clip
1776 1325 13 19 0
1804 1324 26 21 10
1858 1325 14 20 0

1313 1352 19 20 G.
1348 1351 47 21 The
1406 1351 50 20 best
1465 1357 42 20 pen
1519 1350 26 21 of
1552 1350 63 21 three
1623 1357 64 19 ewes,
1694 1350 55 21 bred

1285 1378 23 20 in
1320 1378 37 20 the
1374 1378 94 26 Colony,
1484 1376 83 26 stating
1587 1376 38 21 the
1640 1376 68 21 breed
1729 1377 25 20 of

1287 1405 41 21 sire
1339 1404 44 21 and
1393 1404 59 26 dam,
1464 1404 44 21 and
1518 1404 20 20 if
1548 1403 54 27 they
1613 1410 37 14 are
1666 1403 44 22 still
1726 1403 24 21 in

1287 1431 37 21 the
1338 1431 85 21 district
1778 1431 14 20 0
1807 1431 26 20 10
1860 1432 13 19 0

1314 1459 19 21 7.
1350 1458 43 21 For
1409 1457 38 21 the
1464 1456 88 22 stallion
1567 1457 51 21 best
1627 1456 124 22 calculated

1288 1488 22 17 to
1321 1485 100 26 improve
1433 1483 37 22 the
1478 1483 67 22 breed
1555 1483 26 22 of
1588 1483 76 22 saddle
1675 1484 77 21 horses
1781 1484 52 21 10
1860 1485 13 20 0

1315 1513 19 20 8.
1350 1513 42 19 For
1402 1510 40 22 the
1459 1510 89 22 stallion
1563 1510 50 21 best
1627 1510 123 21 calculated

1288 1541 22 18 to
1332 1538 101 26 improve
1458 1537 37 21 the
1519 1536 69 22 breed
1608 1537 25 21 of
1654 1536 97 27 draught

1288 1564 76 22 horses
1782 1565 10 20 1
1821 1565 13 20 0
1860 1565 14 20 0

1315 1593 19 20 9.
1350 1591 45 21 For
1404 1591 38 21 the
1452 1591 49 21 best
1510 1597 63 14 mare
1781 1592 52 20 10
1861 1592 13 20 0

1317 1620 32 20 10.
1364 1616 47 23 The
1430 1618 48 21 best
1494 1616 44 22 colt
1547 1624 25 15 or
1588 1616 54 28 filly,
1657 1621 39 17 not
1712 1624 40 14 ex-

1289 1645 94 27 ceeding
1392 1648 43 18 two
1446 1651 64 20 years
1521 1643 43 27 old,
1576 1644 38 21 the
1623 1643 98 28 produce
1731 1644 26 21 of

1289 1679 14 14 a
1312 1672 87 21 stallion
1410 1678 50 14 now
1471 1672 21 20 in
1505 1670 37 22 the
1552 1671 85 21 district
1780 1672 12 20 0
1807 1671 25 21 15
1860 1673 14 19 0

1317 1700 33 20 11.
1366 1698 43 22 For
1419 1698 39 22 the
1468 1698 47 21 best
1526 1698 52 21 boar
1780 1699 13 20 0
1821 1698 12 21 7
1860 1699 14 20 6

1318 1727 32 19 12.
1367 1726 42 20 For
1419 1724 39 22 the
1467 1726 49 20 best
1526 1724 107 27 breeding
1642 1731 44 15 sow
1702 1739 46 6 ....
1780 1726 13 20 0
1821 1724 12 22 7
1860 1726 14 19 6

1319 1753 31 20 13.
1368 1752 41 21 For
1428 1752 38 21 the
1486 1752 48 21 best
1550 1751 34 21 fat
1598 1752 50 26 pig;
1665 1751 37 22 the
1713 1759 40 14 ex-

1290 1778 81 22 hibitor
1386 1781 23 18 to
1429 1781 55 19 state
1499 1778 23 21 in
1545 1778 85 26 writing
1648 1778 37 21 the
1700 1778 52 22 food

1291 1806 43 21 and
1345 1805 89 21 method
1446 1806 25 20 of
1477 1805 91 27 feeding
1780 1807 13 19 0
1821 1805 12 21 7
1860 1806 14 19 G

1319 1834 31 20 14.
1379 1832 44 22 For
1436 1832 36 21 the
1484 1833 47 20 best
1542 1832 84 27 sample
1637 1833 24 20 of
1669 1831 80 27 wheat,

1289 1863 40 18 not
1339 1860 63 25 being
1412 1859 44 21 less
1466 1858 51 22 than
1526 1866 40 14 one
1577 1858 83 26 bushel,
1669 1859 84 27 stating

1291 1886 35 21 the
1347 1886 104 27 quantity
1461 1893 81 19 grown,
1560 1885 46 21 and
1625 1893 23 13 as
1661 1893 56 13 near
1729 1893 25 13 as

1290 1913 93 27 possible
1421 1912 38 22 the
1486 1912 99 27 produce
1613 1919 38 19 per
1686 1919 51 14 acre
1746 1920 6 18 ;
1803 1933 3 8 (

1291 1940 99 20 whether
1399 1936 47 24 it^is
1456 1939 37 20 the
1503 1938 48 21 fiist
1558 1945 53 19 crop
1618 1938 54 22 after
1683 1939 71 23 clear-

1291 1967 44 26 ing,
1346 1973 25 14 or
1390 1966 61 21 what
1466 1972 62 20 crops
1548 1964 110 28 preceded
1667 1966 17 20 it
1693 1973 5 19 ;
1714 1965 39 21 the

1291 1992 81 28 weight
1382 1992 25 22 of
1416 1992 37 21 the
1463 1992 85 23 bushel,
1560 1995 23 18 at
1600 1992 57 21 what
1675 1992 78 26 period

1291 2027 66 19 sown,
1369 2020 43 20 and
1436 2019 37 21 the
1493 2018 91 22 method
1600 2019 26 20 of
1637 2019 103 27 planting
1748 2027 5 19 ;

1292 2047 35 21 the
1339 2046 141 27 competitors
1490 2053 37 14 are
1537 2046 125 26 requested,
1673 2046 21 21 if
1705 2053 52 19 pos-

1292 2073 61 26 sible,
1367 2078 21 15 to
1399 2077 57 17 state
1469 2072 36 21 the
1515 2079 66 15 name
1593 2072 27 21 of
1633 2072 36 21 the
1681 2072 75 21 differ-

1292 2104 39 17 ent
1341 2100 94 27 samples
1446 2101 22 19 of
1477 2099 63 27 grain
1781 2101 14 19 0
1811 2101 26 19 10
1864 2100 13 19 0

1320 2127 32 21 15.
1367 2127 48 21 The
1427 2127 48 21 best
1484 2126 83 26 sample
1579 2126 25 21 of
1611 2129 53 23 oats,
1676 2133 30 14 on
1717 2126 38 21 the

1292 2161 60 15 same
1364 2154 124 20 conditions
1499 2160 24 14 as
1534 2154 37 19 the
1581 2152 43 22 last
1781 2155 14 19 0
1824 2152 13 22 7
1862 2153 13 20 6

1321 2183 34 19 10.
1371 2181 47 20 The
1430 2180 48 21 best
1487 2180 84 26 sample
1587 2180 26 20 of
1626 2179 83 28 barley,
1722 2180 35 21 do.

1285 2207 42 21 'do.
1411 2206 37 22 do.
1783 2209 14 19 0
1825 2207 12 21 7
1861 2207 13 20 G

1322 2235 31 21 17.
1369 2234 45 21 For
1425 2235 36 19 the
1472 2234 49 20 best
1531 2234 111 26 specimen
1654 2234 26 20 of
1692 2237 65 23 pota-

1294 2265 54 22 toes,
1368 2260 25 22 cf
1409 2265 40 17 not
1465 2260 41 21 less
1525 2260 54 21 than
1597 2261 26 20 14
1633 2261 29 25 lb,
1680 2267 77 19 grown

1292 2287 57 22 from
1359 2287 108 27 imported
1477 2287 66 27 seed;
1555 2287 82 27 stating
1644 2287 37 21 the
1693 2287 62 27 kind,

1294 2314 36 22 the
1342 2314 85 22 district
1444 2314 43 21 and
1499 2318 78 17 nature
1594 2314 26 21 of
1631 2314 39 21 soil
1686 2314 73 22 whese

1294 2348 84 20 grown,
1389 2341 37 21 the
1435 2341 91 21 method
1537 2340 44 22 and
1593 2341 52 21 time
1654 2341 26 21 mf
1687 2341 72 27 plant-

1294 2369 38 26 ing
1348 2368 44 22 and
1409 2367 77 28 taking
1503 2375 37 19 up,
1551 2367 60 22 what
1624 2368 100 27 quantity
1735 2368 25 21 cf

1294 2395 85 26 ground
1398 2395 90 27 planted
1512 2394 50 22 with
1584 2394 37 22 the
1637 2395 122 26 particular

1296 2427 44 17 sort
1354 2429 60 15 sown
1426 2422 45 21 and
1482 2423 37 19 the
1534 2421 97 28 produce
1647 2429 39 19 per
1698 2429 59 18 acre,

1296 2449 43 21 and
1355 2448 99 22 whether
1469 2455 91 15 manure
1576 2448 45 22 had
1637 2449 56 21 been
1704 2449 56 21 used

1296 2483 24 14 or
1328 2479 39 18 not
1787 2477 13 20 0
1827 2475 12 21 5
1868 2476 12 20 0

1324 2505 31 20 18.
1371 2503 44 21 For
1425 2503 36 21 the
1474 2503 47 21 best
1538 2503 112 26 specimen
1661 2503 26 21 of
1695 2507 64 23 pota-

1295 2533 52 23 toes,
1368 2530 26 21 of
1409 2534 40 16 not
1468 2529 42 22 less
1527 2530 52 20 than
1597 2531 25 20 14
1682 2536 76 19 grown

1296 2557 54 23 from
1371 2557 83 21 Native
1473 2557 58 25 seed,
1556 2556 44 21 and
1624 2557 72 21 under
1720 2556 37 22 the

1296 2591 59 14 same
1366 2583 125 21 conditions
1502 2590 24 14 as
1535 2583 38 21 the
1583 2583 43 21 last
1785 2585 14 19 0
1825 2583 12 20 5
1867 2584 13 19 0

1324 2613 31 20 19.
1371 2610 43 22 For
1426 2611 37 20 the
1480 2609 88 27 highest
1583 2609 87 22 dressed
1687 2610 73 26 speci<-

1295 2644 51 15 men
1364 2637 25 21 of
1406 2637 53 26 flax,
1476 2637 24 21 of
1515 2641 38 17 not
1570 2636 43 22 less
1627 2636 53 22 than
1694 2638 24 20 !0
1728 2638 30 24 Ib,

1296 2665 82 26 stating
1387 2664 38 22 the
1435 2668 47 17 cost
1493 2664 25 21 of
1525 2663 130 28 production
1666 2670 39 21 per
1713 2667 45 23 ton,

1296 2692 43 20 and
1350 2691 37 22 the
1395 2698 94 14 manner
1500 2691 25 20 ol'
1534 2691 117 26 preparing
1660 2690 17 22 it
1709 2705 46 5 ....
1788 2692 9 19 1
1828 2693 13 18 0
1868 2692 12 19 0

1296 2723 47 21 The
1369 2722 120 22 successful
1513 2722 96 27 samples
1623 2722 34 21 for
1670 2722 39 21 the
1726 2721 34 22 six
1891 2740 2 3 .

1323 2749 180 22 last-mentinneil
1515 2749 72 27 prizes
1597 2753 22 17 to
1630 2749 84 21 remain
1723 2748 37 22 the

1325 2780 100 24 property
1439 2776 24 21 of
1472 2776 36 21 tho
1520 2776 95 26 ciociety.

1324 2812 33 20 20.
1372 2811 32 21 To
1416 2809 36 23 the
1463 2809 45 27 slioj
1517 2809 55 22 herd
1581 2809 78 23 whosh
1668 2809 23 21 ill
1703 2809 57 22 have

1297 2837 75 21 reared
1392 2837 37 21 the
1449 2841 97 21 j>'tertieit
1562 2844 40 20 per
1622 2839 91 24 centage
1738 2837 26 21 of

1298 2864 70 22 lambs
1378 2865 21 20 in
1411 2870 92 20 anyone
1513 2871 9 19 srear,5
1522 2871 5 6 r
1530 2870 43 20 ear,
1580 2864 23 21 in
1611 2863 44 22 this
1665 2863 95 26 district,

1298 2891 55 21 from
1363 2895 39 18 not
1411 2891 45 21 lews
1466 2890 52 22 than
1531 2892 40 20 100
1581 2898 56 14 ewes
1790 2891 10 21 1
1829 2892 13 19 0
1870 2891 12 19 0

1324 2919 33 21 21.
1374 2918 44 22 For
1428 2917 38 22 thu
1478 2920 56 18 most
1542 2917 111 28 approved
1660 2921 100 22 account,

1297 2944 22 22 in
1341 2945 93 26 writing,
1456 2945 25 20 of
1498 2944 36 22 the
1557 2943 50 22 best
1626 2943 92 23 method
1740 2945 26 20 of

1298 2972 92 26 treating
1407 2970 66 22 cattle
1483 2970 46 22 and
1541 2970 68 27 sheep
1625 2971 93 21 affected
1733 2971 29 27 by

1298 2999 73 26 eating
1380 3001 47 18 tute
1790 3000 13 19 0
1818 2999 26 20 10
1872 2999 12 19 0

1325 3027 34 19 2<J.
1374 3025 47 21 The
1432 3025 75 21 fullest
1522 3029 101 20 account,
1633 3025 21 21 in
1664 3024 97 27 writing,

1299 3052 23 21 of
1337 3052 35 21 the
1392 3051 50 21 best
1456 3050 90 22 method
1562 3051 26 21 of
1601 3051 99 26 clearing
1711 3051 51 21 tim-

1298 3078 68 22 bered
1383 3077 63 27 land,
1465 3077 44 22 and
1529 3077 37 21 the
1582 3084 97 21 expense
1697 3077 26 22 of
1736 3077 25 26 it,

1298 3105 83 27 stating
1396 3105 38 21 the
1451 3104 85 22 district
1547 3107 22 19 to
1588 3103 71 23 which
1675 3103 38 23 the
1725 3103 38 23 de-

1298 3132 104 27 scription
1413 3131 85 28 applies
1790 3134 14 19 0
1818 3132 26 21 10
1870 3133 14 20 0

1325 3161 33 19 23.
1375 3158 86 22 Fulle3t
1469 3161 96 19 account
1576 3157 26 22 of
1613 3157 37 22 the
1667 3157 50 23 best
1727 3165 36 14 ro-

1299 3186 68 22 tation
1379 3185 26 22 of
1412 3189 100 23 crbpson
1522 3184 73 27 newly
1601 3184 88 22 cleared
1699 3184 63 27 land,

1299 3212 44 22 and
1352 3212 38 22 the
1400 3211 93 23 method
1503 3211 25 21 of
1541 3211 88 27 putting
1643 3211 61 22 them
1715 3211 47 22 into

1299 3239 36 22 the
1346 3238 87 28 ground
1790 3241 14 20 0
1818 3240 26 21 10
1872 3241 14 20 0

1325 3270 48 23 The
1384 3270 74 23 above
1466 3272 22 19 to
1497 3270 30 21 he
1545 3270 58 21 from
1620 3269 36 23 the
1667 3269 77 23 actual
1755 3270 131 28 knowledge

1299 3298 45 22 and
1360 3297 133 28 experience
1510 3296 26 21 of
1547 3296 38 22 the
1605 3303 90 21 persons
1710 3297 78 28 giving
1804 3297 36 22 the
1851 3298 35 21 in-

1299 3324 126 23 formation.

1326 3357 47 23 The
1390 3357 43 22 last
1443 3356 62 22 three
1515 3356 73 28 prizes
1598 3356 41 22 will
1651 3357 27 21 be
1693 3357 66 26 again
1770 3357 84 23 oflered
1864 3361 23 18 at

1301 3384 36 22 the
1346 3387 56 19 next
1411 3384 132 27 September
1552 3384 106 26 meeting.

1327 3411 47 22 The
1386 3410 141 27 competition
1545 3410 44 21 will
1604 3410 27 21 be
1642 3417 56 20 open
1711 3413 23 19 to
1749 3410 139 23 Subscribers

1300 3437 55 23 from
1367 3444 44 20 any
1421 3440 52 25 part
1480 3437 27 21 of
1513 3436 38 22 the
1562 3436 110 22 Southern
1684 3437 101 27 District,
1793 3437 45 23 and
1850 3438 37 21 the

1301 3464 61 22 stock
1378 3467 67 23 must,
1457 3467 23 17 at
1496 3463 38 22 the
1552 3464 55 21 time
1618 3464 26 21 of
1656 3467 71 24 entry,
1738 3465 28 21 be
1776 3465 58 21 bona
1844 3464 43 23 fide

1301 3491 37 22 the
1355 3494 112 25 property,
1488 3490 43 22 and
1550 3490 24 22 in
1597 3490 36 22 the
1653 3493 126 26 possession
1800 3491 28 26 of,
1850 3491 37 22 the

1300 3521 63 24 party
1374 3519 21 21 in
1406 3517 73 23 whose
1490 3524 66 15 name
1566 3517 54 27 they
1629 3525 37 15 are
1677 3518 101 22 entered.

1296 3551 2 6 1
1328 3545 116 26 Cottagers
1464 3544 44 22 and
1527 3544 119 28 labouring
1661 3552 51 14 men
1734 3545 96 26 farming
1849 3548 38 18 not

1299 3578 62 16 more
1380 3571 55 22 than
1451 3571 43 22 five
1513 3578 63 15 acres
1593 3571 27 22 of
1633 3571 60 27 land,
1705 3572 45 21 and
1771 3576 40 16 not
1821 3571 66 26 being

1301 3598 147 26 Subscribers,
1470 3598 43 22 will
1533 3598 27 22 be
1581 3598 93 23 allowed
1691 3603 23 17 to
1734 3602 100 23 compete
1853 3598 34 21 for

1299 3625 71 26 prizes
1381 3632 28 15 on
1419 3629 108 24 payment
1536 3625 24 21 of
1569 3624 43 22 five
1623 3625 102 28 shillings
1735 3630 111 17 entrance.

1326 3652 48 22 The
1390 3651 134 23 Committee
1540 3651 44 22 will
1601 3652 90 28 appoint
1706 3651 75 23 skilful
1796 3656 90 22 persons

1299 3681 23 19 to
1338 3682 36 18 act
1389 3686 25 14 as
1431 3678 93 27 Judges,
1539 3679 58 21 from
1613 3679 73 22 whose
1706 3678 98 22 decision
1823 3678 62 21 there

1299 3705 54 22 shall
1366 3706 27 21 be
1404 3713 30 15 no
1446 3705 87 28 appeal.

1327 3732 85 22 Parties
1428 3732 120 27 intending
1564 3737 23 16 t»
1603 3735 100 24 compete
1718 3731 34 21 for
1763 3738 43 20 any
1816 3731 24 20 of
1849 3730 37 22 the

1300 3759 69 21 above
1379 3759 80 28 prizes,
1470 3762 61 18 must
1538 3759 52 26 give
1601 3759 71 21 notice
1684 3758 22 21 in
1720 3758 86 26 writing
1815 3760 22 18 to
1849 3757 37 21 the

1300 3787 123 25 Secretary,
1435 3792 30 15 on
1474 3793 24 14 or
1513 3786 77 22 before
1604 3785 111 26 Tuesday,
1728 3784 38 21 the
1780 3784 52 22 261h
1843 3784 43 27 day

1299 3813 25 21 of
1331 3813 89 26 March,
1432 3817 24 17 at
1466 3812 37 22 the
1513 3820 61 14 same
1586 3813 53 21 time
1651 3811 78 27 giving
1738 3810 31 27 a,U
1785 3811 101 27 required

1299 3839 130 27 particulars
1440 3846 24 14 as
1474 3839 131 22 mentioned
1618 3839 78 24 above.

1325 3866 48 22 The
1388 3865 136 22 Committee
1541 3869 23 18 to
1579 3865 57 21 have
1650 3871 74 21 power
1744 3867 23 18 to
1783 3864 103 22 withhold

1299 3899 43 22 any
1351 3893 60 27 prize
1421 3892 80 27 which,
1512 3892 23 22 in
1553 3893 37 21 the
1606 3892 88 26 opinion
1706 3892 25 20 of
1745 3891 37 22 the
1794 3891 91 28 Judges,

1299 3919 19 21 is
1327 3924 40 16 not
1378 3919 115 21 deserved.
