2559 4020
1335 170 54 28 f|ajr
1406 168 54 32 play
1480 168 126 25 demanded
1626 168 50 24 that
1698 166 39 25 the
1759 173 131 24 surveyors,

1300 202 54 25 first
1362 201 119 32 employed
1492 202 29 31 by
1533 202 39 23 the
1590 202 120 31 Company
1721 200 24 23 in
1757 199 61 24 New
1830 199 60 24 Zea-

1301 235 60 29 land,
1372 235 46 24 and
1429 235 50 24 who
1498 242 56 16 were
1576 242 25 16 so
1621 231 213 33 unceremoniously
1846 232 45 24 and

1301 268 140 31 unfeelingly
1461 267 127 29 dismissed,
1601 265 82 25 should
1703 265 58 24 have
1773 266 58 22 been
1843 273 47 15 em-

1301 301 89 31 ployed.
1425 300 49 25 But
1486 301 17 23 it
1514 301 20 22 is
1546 301 62 31 quite
1620 299 90 24 evident
1723 299 49 23 that
1783 298 39 24 the
1834 298 57 24 Port

1302 334 125 24 NicUelson
1448 333 130 23 settlement
1597 333 46 23 and
1661 331 91 25 settlers
1767 339 39 16 are
1819 331 70 24 aban-

1301 367 74 24 doned
1385 367 30 29 by
1427 366 38 23 the
1477 365 57 24 New
1546 365 102 24 Zealand
1660 364 127 32 Company.
1824 363 63 32 The}

1302 400 85 24 believe
1399 398 54 31 they
1463 406 43 16 can
1523 398 77 26 derive
1618 407 30 15 no
1669 397 84 24 benefit
1773 397 58 24 from
1846 397 44 24 this

1300 432 73 32 place.
1409 431 25 27 It
1451 433 21 23 is
1491 439 49 16 now
1561 432 36 23 for
1617 439 36 22 us,
1674 431 25 22 in
1717 430 139 24 vindication
1869 431 22 22 of

1302 466 38 23 the
1351 464 95 32 injuries
1457 472 34 17 we
1502 464 57 24 have
1571 472 25 16 so
1607 464 55 31 long
1673 462 45 24 had
1730 468 23 19 to
1766 463 86 24 submit
1860 468 29 24 to,

1300 504 26 17 to
1338 498 53 23 take
1403 505 52 16 care
1465 497 49 24 that
1525 497 60 24 their
1603 496 69 25 belief
1687 496 20 23 is
1720 496 102 24 verified.

1317 536 53 26 The
1378 536 120 31 Company
1505 535 152 25 havelooked
1667 539 23 19 to
1698 534 90 24 Nelson
1796 534 35 23 for
1838 541 52 16 sur-

1301 577 89 25 veyors,
1400 570 45 23 and
1455 574 25 19 to
1491 570 36 23 the
1539 569 65 24 other
1615 569 100 23 colonies
1728 567 35 24 for
1775 575 14 15 a
1801 567 73 23 vessel
1883 576 5 20 ;

1302 602 87 33 though
1401 602 54 32 they
1464 602 74 31 might
1556 602 57 24 have
1634 602 57 23 been
1711 600 109 31 provided
1838 600 53 23 with

1301 636 56 24 both
1368 636 62 23 here.
1463 635 25 24 It
1498 643 45 16 was
1556 635 43 24 due
1611 640 23 18 to
1646 635 64 24 those
1723 634 50 22 who
1785 641 57 23 gave
1853 633 38 23 the

1303 669 118 31 Company
1443 674 116 18 existence
1580 668 43 24 and
1643 676 14 15 a
1676 674 76 22 name,
1775 666 48 24 that
1844 666 20 23 if
1879 674 12 16 a

1302 702 97 24 suitable
1416 701 75 24 vessel
1510 701 67 24 could
1597 701 58 24 have
1674 699 59 24 been
1751 699 72 24 found
1839 699 52 23 here

1302 736 50 24 that
1369 735 42 23 she
1429 734 82 24 should
1528 734 59 24 have
1606 734 58 24 been
1683 732 134 31 employed;
1848 732 43 23 and

1302 769 50 24 that
1359 768 59 24 such
1430 776 14 16 a
1455 767 74 24 vessel
1549 767 68 24 could
1636 767 59 24 have
1714 765 59 24 been
1790 765 72 24 found
1873 765 18 23 is

1303 801 83 32 proved
1404 802 31 30 by
1453 801 39 24 the
1511 800 69 24 offers
1599 800 25 24 of
1639 799 86 25 vessels
1745 798 75 24 which
1836 798 55 25 have

1303 836 57 23 been
1380 834 68 24 made
1469 840 24 18 to
1516 834 95 24 Colonel
1639 831 130 26 Wakefield
1792 832 25 24 in
1846 831 45 24 this

1302 868 72 31 plate.

1336 906 51 23 The
1409 906 149 31 proceedings
1580 904 129 33 respecting
1732 904 59 24 New
1815 903 76 24 Edin-

1304 939 73 30 burgh
1389 939 68 30 again
1474 939 89 23 exhibit
1581 939 37 23 the
1636 937 139 25 lamentable
1787 937 105 30 qualities

1304 972 25 23 of
1347 971 118 27 unfitness,
1483 978 25 15 so
1521 976 109 25 apparent
1642 972 22 22 iti
1686 970 38 22 the
1737 970 119 22 character
1869 969 24 22 of

1305 1004 38 24 the
1361 1004 139 29 Company's
1524 1003 117 30 Principal
1661 1001 87 31 Agent.
1798 1001 95 23 Colonel

1307 1036 126 24 Wakefield
1453 1037 42 22 has
1513 1035 84 24 known
1609 1036 35 23 for
1662 1035 94 23 months
1775 1034 49 23 that
1835 1034 58 23 New

1305 1070 137 30 Edinburgh
1451 1076 47 16 was
1506 1074 23 18 to
1539 1070 29 22 be
1577 1067 147 25 established.
1761 1067 48 24 For
1815 1076 14 15 a
1837 1067 56 31 long

1305 1103 53 24 time
1368 1103 31 24 be
1411 1103 44 23 had
1466 1110 80 15 reason
1560 1108 22 17 to
1594 1101 87 24 believe
1691 1101 49 23 that
1752 1101 38 23 the
1802 1101 90 23 settlers

1305 1136 72 23 would
1386 1136 74 23 arrive
1472 1137 23 22 in
1506 1136 57 23 New
1575 1134 99 25 Zealand
1686 1135 70 22 about
1769 1134 46 23 this
1827 1134 63 23 time.

1305 1169 37 24 No
1354 1170 144 30 preparation
1509 1176 45 16 was
1572 1169 65 23 made
1646 1177 6 20 ;
1672 1167 65 23 other
1749 1175 34 15 we
1795 1174 98 24 suppose

1305 1202 54 24 than
1371 1206 23 20 to
1414 1203 79 23 invent
1510 1202 170 31 justifications,
1694 1200 43 23 and
1750 1208 96 16 excuses
1858 1200 35 23 for

1305 1235 68 31 doing
1390 1235 105 31 nothing.
1531 1234 171 32 Subsequently
1712 1234 29 23 he
1762 1233 70 24 heard
1844 1233 49 24 that

1306 1269 39 23 the
1362 1270 131 30 expedition
1504 1268 74 24 would
1588 1274 39 17 not
1637 1268 64 24 leave
1713 1266 110 32 England
1835 1267 57 24 until

1304 1303 69 22 about
1384 1303 46 22 this
1442 1301 85 32 period.
1564 1301 58 24 Now
1635 1301 49 29 why
1693 1301 45 22 this
1749 1301 142 30 procrastin-

1304 1336 59 23 ation
1371 1336 9 23 ?
1416 1335 64 24 Does
1493 1340 39 18 not
1545 1335 94 23 Colonel
1649 1333 129 25 Wakefield
1790 1334 44 23 feel
1845 1333 47 24 that

1305 1369 38 23 the
1362 1368 94 24 baneful
1476 1369 100 31 portions
1597 1369 25 22 of
1643 1369 34 22 his
1697 1367 117 23 character
1835 1366 56 24 have

1304 1402 82 23 almost
1408 1402 80 23 ruined
1507 1409 68 23 every
1586 1402 86 28 settler,
1688 1400 45 24 and
1754 1400 38 23 the
1813 1400 78 23 settle-

1304 1440 62 18 ment
1376 1435 25 23 of
1411 1435 58 23 Port
1477 1435 126 24 Nicholson
1613 1435 10 23 ?
1659 1433 25 25 If
1696 1434 27 22 he
1730 1432 102 24 believed
1844 1433 48 23 that

1305 1468 38 24 the
1355 1469 131 22 settlement
1502 1468 72 23 called
1591 1468 57 24 New
1668 1466 138 31 Edinburgh
1818 1466 73 23 would

1305 1502 27 23 be
1343 1501 95 29 formed,
1453 1501 49 31 why
1514 1501 38 23 did
1575 1501 27 24 he
1620 1506 46 24 not,
1680 1500 38 24 the
1740 1503 101 21 moment
1864 1499 27 24 he

1304 1534 44 24 had
1359 1543 45 22 any
1413 1535 96 34 gpsitive
1519 1534 153 28 information,
1682 1533 97 32 proceed
1792 1538 22 19 to
1824 1532 67 23 make

1305 1568 37 24 the
1352 1576 120 23 necessary
1485 1573 170 26 arrangements
1662 1567 10 25 ?
1701 1567 25 23 If
1735 1574 30 16 on
1779 1565 37 24 the
1828 1565 63 24 other

1303 1602 60 23 hand
1376 1602 27 23 he
1415 1601 80 24 thiuks
1507 1602 17 23 it
1535 1609 54 23 very
1603 1600 106 33 probable
1722 1600 50 23 that
1784 1599 38 24 the
1834 1600 56 22 arri-

1303 1634 37 25 val
1347 1635 26 24 of
1381 1635 39 23 the
1429 1642 62 16 news
1498 1636 22 22 in
1529 1634 108 31 England
1646 1634 24 24 of
1676 1633 38 23 the
1722 1633 94 23 Wairau
1825 1632 66 24 Mas-

1303 1675 71 22 sacre,
1392 1668 46 23 will
1451 1668 90 30 destroy
1553 1668 38 23 the
1611 1668 57 23 New
1687 1666 140 31 Edinburgh
1846 1670 45 19 set-

1303 1701 101 29 tlement,
1417 1701 50 31 why
1486 1702 19 22 is
1524 1701 28 24 he
1571 1708 49 17 now
1641 1700 120 30 incurring
1778 1706 113 24 expenses

1303 1734 73 24 which
1397 1742 14 17 a
1421 1734 42 24 few
1483 1734 54 31 days
1557 1734 65 31 delay
1634 1741 53 22 may
1698 1732 63 24 show
1783 1738 61 17 must
1864 1732 27 23 be

1303 1767 131 32 profitless?
1483 1767 50 24 The
1563 1772 92 27 present
1676 1765 150 32 proceedings
1851 1772 39 16 are

1302 1800 126 32 altogether
1445 1806 40 18 out
1497 1801 24 24 of
1538 1809 89 20 season,
1648 1799 43 24 and
1703 1807 13 16 a
1728 1800 42 23 few
1789 1800 101 23 minutes

1303 1833 96 32 thought
1416 1834 75 24 would
1510 1834 58 24 have
1587 1833 85 32 proved
1690 1833 62 23 them
1773 1837 22 18 to
1815 1832 28 23 be
1855 1840 34 16 so.

1302 1867 82 25 Either
1396 1867 66 32 delay
1474 1873 22 18 to
1506 1868 46 23 this
1565 1868 53 23 time
1630 1868 21 23 is
1663 1874 13 17 a
1684 1865 106 24 criminal
1802 1866 90 31 neglect

1302 1900 25 24 of
1335 1901 64 30 duty,
1411 1908 26 17 or
1448 1902 75 23 action
1542 1908 48 17 now
1601 1901 21 23 is
1635 1899 190 32 unquestionably
1838 1907 52 24 pre-

1302 1939 97 19 mature.
1406 1948 11 9 ',

1324 1974 42 23 We
1378 1973 104 24 consider
1493 1974 47 23 that
1552 1981 29 16 on
1590 1974 84 30 receipt
1685 1972 25 23 of
1720 1972 39 23 the
1768 1979 62 16 news
1843 1972 48 23 that

1302 2007 38 23 the
1353 2007 118 31 Company
1483 2006 44 24 bad
1545 2005 141 25 determined
1705 2009 23 19 to
1738 2005 60 23 form
1817 2013 13 15 a
1842 2012 48 16 new

1301 2040 136 28 settlement,
1452 2040 57 23 their
1520 2039 79 31 Agent
1611 2047 46 16 was
1674 2038 78 23 bound
1764 2042 24 19 at
1800 2046 55 15 once
1868 2044 22 17 to

1301 2073 52 23 take
1364 2073 32 23 all
1408 2080 119 24 necessary
1540 2078 63 25 steps
1617 2078 22 18 to
1657 2076 95 28 prevent
1764 2071 65 23 those
1841 2072 49 22 who

1300 2106 125 30 emigrated
1437 2107 71 23 under
1521 2105 38 25 the
1568 2105 139 33 Company's
1714 2105 106 30 auspices
1830 2105 60 23 from

1301 2140 84 31 having
1397 2144 21 18 to
1431 2140 134 31 experience
1578 2148 41 14 one
1638 2138 95 32 particle
1745 2138 26 23 of
1786 2138 103 23 iuconvi-

1300 2181 63 20 ence,
1376 2173 75 24 which
1462 2173 71 31 might
1546 2173 57 23 have
1620 2173 57 23 been
1690 2171 104 24 obviated
1803 2180 6 19 ;
1831 2171 59 31 good

1302 2206 54 24 faith
1367 2206 126 24 demanded
1502 2206 52 24 thus
1564 2206 75 24 much.
1676 2205 38 23 No
1724 2206 166 22 circumstance

1301 2240 87 30 arising
1400 2247 28 16 on
1442 2240 46 23 this
1505 2240 48 23 side
1566 2240 71 30 ought
1658 2244 23 19 to
1693 2239 28 22 be
1733 2238 138 23 considered-
1879 2246 12 15 a

1298 2274 159 31 justification,
1471 2274 33 22 for
1516 2281 45 23 any
1573 2274 146 22 inconvience
1731 2276 23 18 to
1768 2271 72 23 which
1853 2272 38 22 the

1303 2307 55 23 New
1381 2306 138 31 Edinburgh
1543 2307 91 22 settlers
1658 2313 51 23 may
1732 2305 29 23 be
1782 2304 108 32 exposed.

1298 2340 51 24 But
1369 2340 20 22 if
1406 2340 64 31 delay
1483 2348 57 16 were
1554 2340 136 31 justih'able,
1708 2338 76 23 action
1803 2343 23 18 at
1845 2338 45 23 this

1302 2378 99 19 moment
1413 2374 19 23 is
1445 2373 111 31 culpable.
1594 2373 26 23 If
1631 2373 38 24 the
1681 2371 58 24 New
1752 2371 139 31 Edinburgh

1302 2406 92 24 settlers
1407 2406 28 24 be
1447 2412 41 18 not
1498 2406 93 24 startled
1603 2406 29 31 by
1644 2406 39 24 the
1693 2404 96 24 Wairau
1800 2404 91 24 Massa-

1302 2447 45 20 cre,
1359 2439 45 24 and
1416 2440 63 23 leave
1492 2439 107 32 England
1618 2438 122 30 according
1752 2442 23 19 to
1787 2438 105 30 appoint-

1303 2478 70 23 ment,
1388 2473 53 30 they
1454 2473 45 23 will
1510 2474 73 22 arrive
1596 2478 24 18 at
1630 2472 60 25 their
1702 2472 138 23 destination
1853 2471 39 23 be-

1303 2507 46 23 fore
1368 2506 52 30 they
1433 2514 42 16 can
1494 2507 78 23 obtain
1590 2506 129 32 possession
1732 2505 26 23 of
1774 2505 61 28 land,
1848 2504 45 24 and

1303 2540 51 30 they
1363 2540 45 23 will
1420 2540 57 23 have
1483 2545 22 18 to
1512 2540 135 31 experience
1654 2540 37 23 the
1700 2538 193 31 disappointment

1302 2579 23 17 to
1338 2573 73 23 which
1423 2573 38 24 the
1472 2573 92 23 settlers
1576 2573 25 23 of
1615 2573 59 24 Port
1685 2571 137 29 Nicholson,
1836 2571 57 24 New

1303 2606 133 31 Plymouth,
1449 2606 44 24 and
1511 2606 89 24 Nelson
1620 2606 57 23 have
1696 2604 58 24 been
1777 2604 116 31 ruinously

1303 2640 106 30 exposed,
1417 2640 97 23 because
1523 2639 97 24 Colonel
1630 2638 129 25 Wakefield
1771 2638 19 23 is
1799 2637 94 32 apathe-

1303 2674 38 28 tic,
1371 2673 110 29 indolent,
1510 2672 44 24 and
1578 2673 83 31 always
1690 2671 99 31 seeking
1815 2679 78 16 means

1302 2707 106 31 whereby
1429 2707 29 23 he
1488 2714 51 23 may
1563 2706 65 24 avoid
1651 2706 49 24 that
1710 2705 180 31 responsibility,

1303 2740 73 25 which
1396 2740 139 31 necessarily
1553 2740 102 23 attaches
1676 2743 24 19 to
1720 2738 39 24 the
1778 2738 65 23 office
1865 2738 28 24 he

1303 2775 54 29 fills,
1368 2773 92 26 amMor
1476 2773 74 24 .which
1563 2773 27 24 he
1603 2773 19 24 is
1634 2771 51 26 well
1706 2771 53 32 paid
1770 2771 36 24 for
1817 2771 74 32 filling

1304 2809 60 23 mtfet
1373 2806 155 32 inefficiently.

1921 2115 30 21 To
1959 2115 37 20 the
2008 2116 80 24 Editor
2097 2116 27 24 c/
2134 2117 35 19 (he
2177 2117 14 10 '
2200 2117 52 19 New
2262 2117 93 19 Zealand
2368 2117 86 20 Gazette
2468 2117 42 20 and

2043 2076 338 23 CORRESPONDENCE.

2080 2144 124 25 IVellini/ton
2215 2143 127 26 Spectator.'
2345 2145 5 10 1

1954 2179 54 28 Sir,
2044 2179 66 25 Your
2134 2188 68 23 paper
2226 2180 24 23 of
2271 2180 38 23 the
2335 2180 57 24 13th
2415 2181 97 28 instant,

1920 2213 102 22 contains
2035 2221 14 14 a
2061 2220 74 24 report
2149 2214 25 23 of
2191 2214 148 30 proceedings
2363 2214 21 23 in
2405 2214 36 23 the
2459 2221 52 16 case

1920 2246 26 22 of
2037 2246 81 26 Queen
2130 2254 29 16 .
2172 2246 30 24 E.
2217 2246 31 24 D.
2401 2246 61 24 That
2474 2255 37 15 re-

1920 2284 51 26 port
1994 2280 28 22 is-
2038 2287 24 16 so
2082 2280 136 28 inaccurate^
2238 2288 25 15 as
2283 2286 22 17 to
2325 2280 83 23 induce
2431 2288 35 15 me
2490 2286 23 17 to

1920 2312 100 31 imagine
2032 2312 50 24 that
2094 2313 37 23 the
2150 2319 73 25 party,
2242 2313 103 23 whoever
2363 2313 29 24 he
2412 2321 52 23 may
2476 2314 35 28 be,

1920 2345 31 31 by
1964 2345 74 24 whom
2058 2347 19 22 it
2095 2354 45 16 was
2159 2346 126 29 furnished,
2307 2346 66 23 could
2394 2351 40 19 not
2453 2347 58 24 have

1921 2378 57 24 been
1991 2380 24 22 in
2027 2379 73 24 Court
2112 2380 83 31 during
2208 2380 38 23 the
2263 2380 158 31 proceedings.
2459 2380 52 24 Cir-

1921 2416 152 26 cumstances,
2082 2413 72 23 which
2161 2421 38 16 are
2208 2413 97 24 familiar
2315 2418 23 19 to
2346 2421 59 23 your
2415 2413 99 29 readers,

1921 2450 96 26 prevent
2028 2453 36 16 me
2073 2446 57 24 from
2142 2447 129 30 correcting
2282 2448 23 22 in
2316 2446 68 24 detail
2394 2446 37 24 the
2439 2454 75 16 errors

1922 2479 25 22 of
1957 2479 45 23 this
2016 2484 83 26 report,
2119 2480 42 23 hut
2173 2488 25 15 as
2210 2480 85 30 having
2307 2480 56 23 been
2379 2484 94 28 present
2490 2481 24 22 in

1923 2512 73 23 Court
2032 2512 140 32 throughout
2207 2513 39 23 the
2281 2513 158 32 proceedings,
2469 2513 44 23 and

1923 2545 84 32 having
2019 2554 38 22 my
2075 2547 111 23 attention
2206 2547 146 31 paiticularly
2373 2546 99 24 directed
2490 2552 22 18 to

1923 2579 61 23 them
1994 2583 23 19 at
2033 2580 39 23 the
2084 2580 61 28 time,
2161 2580 12 24 I
2189 2588 38 15 am
2239 2580 94 24 enabled
2347 2585 23 19 to
2382 2585 59 19 state
2453 2586 59 18 most

1923 2612 121 32 positively
2064 2613 50 23 that
2137 2613 38 24 the
2198 2618 78 27 report
2295 2613 74 24 which
2392 2621 44 23 you
2458 2613 56 24 have

1924 2646 120 30 published
2056 2646 20 24 is
2089 2648 112 22 incorrect
2213 2651 22 19 to
2248 2647 37 24 the
2294 2651 79 19 extent
2380 2648 26 22 of
2415 2654 99 23 convey-

1923 2680 40 30 ing
1974 2688 29 15 an
2015 2681 136 30 impression
2163 2689 26 15 as
2201 2685 23 18 to
2237 2681 59 23 what
2307 2681 117 29 occurred,
2438 2680 74 24 which

1923 2713 20 23 is
1955 2713 39 24 the
2005 2721 55 24 very
2072 2714 103 31 opposite
2187 2714 25 23 of
2222 2714 38 24 the
2273 2714 71 24 truth.

2060 2745 14 25 I
2087 2754 44 21 am,
2145 2747 47 29 Sir,

2118 2780 66 24 Your
2195 2780 107 24 obedient
2314 2785 100 24 servant,

2185 2814 32 24 R.
2237 2813 101 25 Davies
2358 2813 123 25 Hanson.

1957 2846 152 32 Wellington,
2119 2848 84 24 March
2215 2849 42 27 22,
2272 2849 74 23 1844.

1422 2865 216 23 WAIRARAPA
1655 2863 107 25 ROAD.

283 3044 150 16 FREIGHTS.

61 3075 98 21 London
557 3075 14 18 5
599 3075 14 17 0
640 3075 12 17 0

60 3099 58 22 New
132 3099 80 22 South
228 3098 87 22 Wales
328 3104 48 16 and
385 3097 29 22 V.
427 3097 28 23 D.
468 3098 26 22 L.
522 3099 50 22 ..2
599 3100 14 20 0
639 3099 13 20 0

60 3126 95 23 Nelson
559 3127 14 22 2
599 3127 14 21 0
641 3126 11 20 0

60 3153 124 22 Taranaki
195 3159 47 16 and
249 3153 76 22 Coast
559 3154 14 21 2
599 3154 15 20 0
641 3152 11 21 0

60 3182 130 22 Auckland
587 3180 40 21 nit.

99 3242 96 21 Latest
208 3240 87 23 Dates
311 3239 32 23 of
357 3239 105 28 Papers
477 3240 135 22 received.

60 3269 96 22 London
479 3267 101 23 October
626 3268 26 22 28

61 3295 84 22 Nelson
174 3309 35 7 .<
408 3308 34 8 ...
477 3294 80 23 March
627 3295 25 22 16

60 3322 121 23 Auckland
479 3320 115 30 February
626 3323 26 20 24

60 3348 48 28 Bay
118 3349 23 22 of
152 3348 90 24 Islands
478 3347 81 24 March
640 3349 12 21 5

60 3376 91 27 Sydney
477 3375 82 22 March
641 3377 11 20 2

61 3406 51 19 Van
121 3402 119 23 Dieman'a
252 3403 67 22 Land
478 3402 103 28 January
627 3403 25 22 29

60 3428 145 30 PortPhillip
474 3429 57 28 July
625 3430 27 21 27

60 3455 126 24 Adelaide*
416 3457 24 21 V.
473 3456 131 29 September
627 3457 25 21 22

121 3512 176 23 SHIPPING
311 3512 277 23 INTELLIGENCE.

232 3594 3 4 .
284 3573 143 22 ARRIVED.

89 3607 75 22 March
174 3607 36 23 25,
221 3606 119 26 brigantioe
351 3607 52 21 Star
411 3606 29 26 of
451 3606 73 26 China,
536 3608 47 21 112.
595 3610 57 22 tons,

60 3634 71 25 Ward,
141 3635 62 20 from'
208 3634 88 26 Sydney
305 3635 35 20 via
351 3634 89 23 Nelson.

306 3687 117 22 SAILED.

89 3721 75 23 March
175 3721 37 24 27,
221 3723 71 18 cutter
308 3719 132 27 Enterprise,
455 3722 13 20 8
486 3726 56 19 cons,
554 3721 98 26 Sinclair,

61 3751 37 20 /or
108 3749 87 22 Nelson.

89 3777 61 21 Same
159 3777 50 26 day,
220 3776 104 22 schooner
346 3775 65 20 Thres
418 3775 106 26 Brothers,
547 3777 27 21 32
595 3780 57 23 tons,

63 3804 103 25 Jackson,
175 3804 36 21 for
220 3803 41 24 the,
265 3806 68 18 coast.

288 3851 34 22 IN
339 3851 88 21 PORT.

90 3881 109 21 Schooner
206 3880 78 21 Nikon
293 3880 88 26 Packet,
387 3879 29 21 20
422 3883 58 21 tons,
489 3879 60 22 Cola.
577 3881 75 26 Agent,

62 3909 100 27 Captain.

90 3937 110 21 Schooner
210 3936 112 20 Susannah
333 3936 57 25 Ann,
402 3935 36 25 79,
452 3934 84 23 Brown.
566 3936 86 26 Agents,

63 3963 85 27 $amii*l
157 3965 42 19 *a<*
210 3963 90 27 Joseph.

680 1699 69 25 Some
770 1699 80 25 twelve
868 1699 90 24 months
974 1706 62 16 smce
1055 1706 34 16 we
1109 1698 167 30 contemplated

714 1737 107 31 doubling
841 1737 40 23 the
895 1737 49 23 size
963 1737 30 30 of
1008 1745 40 15 our
1063 1743 84 24 paper.
1190 1735 82 25 Subse-

714 1776 92 31 quently
813 1775 39 25 the
861 1776 98 31 receipts
965 1774 135 25 diminished
1109 1782 26 16 so
1142 1774 130 32 materially

713 1814 51 25 that
783 1821 35 16 we
837 1814 131 24 announced
982 1814 38 24 the
1032 1813 144 32 probability
1189 1813 29 31 of
1231 1821 43 16 our

714 1853 65 31 being
790 1852 126 32 compelled
926 1857 24 18 to
962 1852 140 24 discontinue
1115 1851 37 25 the
1165 1852 105 24 Gazette.

715 1891 46 24 The
773 1891 139 31 defalcation
924 1890 42 24 has
976 1891 62 23 since
1054 1891 126 28 increased,
1190 1893 40 28 yet
1241 1898 33 15 we

713 1937 41 16 are
770 1933 60 19 most
850 1928 115 25 reluctant
983 1933 23 19 to
1016 1929 102 31 suspend
1133 1928 38 25 the
1175 1928 99 31 journal

708 1967 58 30 first
777 1966 121 31 published
907 1966 24 24 in
945 1966 59 24 New
1019 1966 111 29 Zealand,
1143 1967 46 23 and
1199 1966 74 24 which

714 2004 41 23 has
784 2003 53 24 been
865 2004 123 29 sustained,
1011 2004 99 30 thrjugh
1136 2004 136 31 fluctuating

714 2042 66 24 times
800 2042 47 24 and
866 2042 180 29 circumstances,
1062 2042 47 31 for
1126 2049 56 24 very
1193 2042 80 31 nearly

705 2080 63 32 four
777 2088 78 24 years.
891 2080 30 24 In
941 2080 121 32 revieiring
1081 2080 38 23 the
1129 2080 93 30 future,
1240 2087 33 17 we

712 2127 37 16 see
759 2126 29 17 no
798 2119 102 31 promise
910 2119 31 31 of
955 2119 162 31 improvement
1127 2118 24 23 in
1163 2118 38 23 the
1213 2126 58 24 pro-

712 2161 76 29 spects
801 2158 29 28 of
837 2157 38 24 the
888 2157 84 30 Colony
983 2156 80 24 within
1072 2164 62 16 some
1142 2160 43 20 two
1194 2164 76 24 years,

713 2197 46 23 and
777 2204 33 16 we
827 2198 81 21 cannot
926 2195 78 31 afford
1023 2198 22 20 to
1066 2195 67 24 incur
1153 2203 14 15 a
1178 2195 48 23 loss
1244 2195 32 30 of

711 2242 62 16 some
796 2233 114 24 hundreds
935 2241 45 24 per
1006 2241 82 15 annum
1110 2234 84 29 durinj
1222 2233 51 23 that

710 2272 89 28 period.
842 2271 40 23 We
893 2271 57 24 have
966 2272 56 22 detet
1028 2271 76 23 mined
1114 2275 23 19 to
1149 2270 124 25 economise

712 2314 24 20 to
763 2310 39 24 the
825 2313 83 21 utmost
931 2313 82 25 extent,
1038 2310 47 23 end
1105 2310 103 24 continue
1231 2317 42 16 our

706 2348 106 32 journal.
851 2348 45 25 The
907 2348 122 24 alteration
1041 2356 33 15 we
1086 2350 65 27 must,
1162 2347 109 29 however,

712 2387 71 29 make,
797 2390 24 21 to
832 2390 57 21 meet
900 2387 38 23 the
948 2389 61 21 state
1025 2387 31 30 of
1063 2386 40 23 the
1119 2386 73 29 times,
1211 2386 21 23 is
1248 2389 25 20 to

713 2425 60 24 issue
791 2425 39 25 the
848 2432 74 25 paper
941 2424 91 31 weekly,
1051 2424 92 24 instead
1161 2424 31 31 of
1204 2424 68 23 semi-

712 2463 83 31 weekly
800 2482 5 6 .
841 2463 73 31 After
922 2463 39 24 tlie
968 2463 51 28 first
1027 2463 29 31 of
1059 2463 79 31 April,
1147 2463 123 30 therefore,

713 2501 39 25 the
763 2503 65 23 New
842 2502 128 25 Zealand
983 2501 125 25 Gazette
1122 2508 54 18 and
1193 2501 77 24 Wel-

714 2548 113 18 lington
841 2541 153 25 Spectator
1004 2540 49 24 will
1064 2540 27 24 be
1099 2540 76 24 issued
1181 2539 91 32 veekly,

713 2580 46 24 and
777 2587 29 17 on
833 2579 149 31 Wednesday.
1032 2578 47 24 The
1098 2578 68 32 price
1187 2578 30 31 of
1236 2578 38 24 the

714 2625 73 25 paper
810 2617 50 25 will
877 2617 26 24 be
924 2625 27 16 as
973 2625 56 21 noio,
1048 2620 38 21 ten
1104 2616 108 32 Shillings
1227 2623 46 25 per

714 2659 102 29 quarter,
828 2656 48 24 and
884 2655 76 33 single
969 2655 104 25 numbers
1088 2655 49 24 will
1154 2655 26 23 be
1197 2654 79 25 raised

714 2700 23 21 to
749 2705 41 16 one
801 2696 96 32 shilling
908 2696 65 24 each.
1009 2695 195 25 Advertisements
1225 2695 49 24 will

714 2734 26 25 be
751 2734 102 32 charged
863 2737 25 21 at
895 2737 95 29 present
1009 2736 70 26 rates,
1091 2733 47 24 and
1147 2733 50 24 trill
1206 2740 68 17 never

715 2772 26 25 be
752 2773 103 24 inserted
864 2772 84 32 gratis.
985 2771 122 32 Stringent
1116 2779 104 23 economy
1230 2772 46 23 and

713 2815 68 28 great
792 2811 105 31 industry
909 2814 60 21 must
978 2810 26 24 be
1015 2809 37 25 the
1060 2810 72 24 order
1140 2811 32 31 of
1175 2809 37 25 the
1221 2811 59 31 day.*

714 2849 46 25 Let
771 2849 36 24 all
817 2849 27 25 be
854 2849 108 24 actuated
976 2849 28 32 by
1016 2848 47 24 this
1075 2848 135 27 conviction,
1230 2849 47 23 and

714 2892 39 22 not
766 2889 54 31 only
833 2888 72 32 relief
913 2888 40 24 but
961 2895 113 25 progress
1105 2887 30 25 ill
1145 2888 26 24 be
1182 2888 95 25 secured

715 2932 24 20 to
750 2928 39 24 the
809 2928 92 31 Colony,
912 2926 25 24 in
955 2927 99 32 defiance
1065 2927 31 31 of
1112 2927 35 23 all
1162 2926 40 24 the
1216 2927 59 24 evils

715 2961 56 24 with
781 2961 76 24 uhich
870 2968 30 15 fee
915 2960 58 24 have
991 2960 46 25 had
1051 2961 49 24 and
1116 2959 58 25 have
1184 2964 24 20 to
1221 2968 54 16 con-

716 2994 62 24 tend.

2102 2913 233 24 NELSON.

750 3055 132 24 NOTICE
895 3056 46 23 TO
959 3055 247 24 SUBSCRIBERS.

681 3105 186 33 Henceforward
875 3105 35 24 all
919 3105 115 31 Agencies
1050 3109 25 21 to
1086 3105 49 24 this
1142 3112 76 24 paper
1228 3105 51 24 mil

716 3138 27 25 be
754 3138 163 31 discontinued,
929 3138 57 25 with
997 3138 38 25 the
1051 3138 118 32 exception
1180 3138 32 31 of
1223 3138 53 25 Mr.

716 3172 92 25 Elliott
828 3176 27 21 at
876 3171 97 30 Nelson,
997 3172 45 23 and
1060 3170 53 26 Mr.
1135 3171 99 30 Bovrkr,
1253 3175 26 21 at

716 3205 58 25 New
785 3205 106 25 Zealand
905 3206 90 29 House,
1008 3204 81 25 Broad
1107 3203 87 31 Street,
1215 3205 62 24 Lon-

716 3239 51 24 don.
798 3239 97 24 Parties
903 3239 104 32 residing
1017 3238 25 24 in
1052 3237 68 25 other
1127 3237 80 32 places
1218 3241 61 21 must

717 3272 163 24 communicate
904 3272 74 24 direct
997 3271 55 25 vrith
1079 3279 43 16 our
1142 3271 70 31 office,
1233 3272 48 24 and

717 3309 60 21 must
783 3312 49 25 pay
837 3305 48 30 for
903 3305 187 25 advertisements
1101 3308 25 20 at
1138 3304 39 25 the
1187 3304 55 24 time
1253 3305 29 31 of

717 3338 62 25 their
791 3338 118 31 insertion,
922 3339 47 24 and
970 3338 48 32 for
1028 3338 39 25 the
1074 3345 76 25 paper
1161 3338 118 32 quarterly

717 3371 24 25 in
753 3371 110 25 advance.

686 3404 148 31 Wellington,
849 3405 96 24 Gazette
958 3404 77 31 Office,
1047 3403 91 26 March
1149 3403 41 31 27,
1204 3405 74 29 1844.

717 3471 96 24 Birth.
851 3471 39 24 On
910 3472 124 31 Saturday,
1065 3472 84 25 March
1171 3474 43 28 23,

683 3504 52 24 wife
755 3504 27 23 of
797 3504 49 24 Mr.
867 3504 78 25 James
967 3505 78 32 Mayo,
1058 3506 47 24 late
1126 3506 26 24 of
1167 3505 111 25 Chelten-

682 3538 63 28 ham,
759 3537 208 31 Gloucestershire,
979 3547 49 16 now
1041 3539 26 24 of
1084 3539 194 29 Herbert-street,

682 3571 152 30 Wellington,
848 3571 26 23 of
888 3580 13 14 a
912 3580 52 16 son.

676 3618 95 69 New
803 3618 221 69 Zealand
1056 3618 222 69 Gazette

722 3688 70 24 AND
806 3687 217 24 WELLINGTON
676 3689 368 33 SPECTATOR.

789 3743 161 23 Wednesday.
967 3742 88 23 March
1070 3744 35 26 27,
1124 3745 60 21 1844.

1333 2922 57 25 -The
1399 2922 92 24 settlers
1502 2929 58 16 were
1572 2922 95 23 assured
1683 2920 50 24 that
1745 2919 38 25 the
1803 2919 54 26 road
1871 2924 22 20 to

1302 2952 137 35 Wairarapa
1458 2963 31 24 up
1506 2955 38 24 the
1570 2955 62 24 Hutt
1652 2954 75 24 would
1747 2954 30 23 be
1806 2954 88 30 opened

1305 2990 77 24 before
1397 2989 37 24 the
1447 2989 145 24 termination
1604 2989 25 23 of
1645 2989 38 23 the
1693 2995 110 16 summer.
1840 2987 24 24 It
1876 2987 19 24 is

1306 3023 91 25 evident
1408 3022 64 25 there
1484 3030 57 16 were
1554 3030 29 16 no
1596 3020 130 26 difficulties
1739 3021 24 23 in
1786 3020 37 24 the
1846 3028 48 24 way

1306 3057 37 24 ofT
1349 3065 14 15 a
1373 3056 73 25 result
1463 3056 108 31 devoutly
1588 3054 80 34 bopett
1681 3055 44 24 for.
1763 3053 130 24 Neverthe-

1307 3090 45 36 less
1374 3089 63 28 the,re
1460 3090 19 23 is
1502 3097 30 16 no
1552 3093 108 28 prospect
1687 3087 26 25 of
1740 3088 38 23 the
1803 3088 92 23 settlers

1307 3117 106 40 reddling
1426 3121 38 26 the
1477 3122 133 32 Wairarapa
1622 3123 36 24 for
1677 3121 98 24 another
1790 3128 56 24 year
1865 3121 30 31 by

1307 3157 38 25 the
1357 3156 63 26 Hutt
1431 3156 64 24 road.
1541 3156 51 24 Tbe
1604 3161 61 19 want
1676 3155 26 23 of
1717 3155 99 24 suitable
1828 3154 67 24 lands

1308 3198 60 25 upon
1389 3190 74 24 which
1484 3194 22 20 to
1525 3189 121 33 depasture
1664 3188 67 25 stock
1752 3189 22 22 is
1790 3196 14 15 a
1815 3189 81 31 crying

1307 3223 52 30 evil,
1371 3222 124 33 especially
1511 3222 65 25 when
1597 3223 39 24 the
1655 3221 106 34 splendid
1778 3221 75 32 valley
1873 3222 25 24 of

1308 3257 37 24 tbe
1357 3256 127 32 Wararapa
1493 3257 21 25 is
1526 3261 24 19 at
1557 3264 41 16 our
1608 3255 108 33 disposal.
1754 3255 141 24 Stockhold-

1308 3298 37 16 ers
1356 3290 132 32 despairing
1498 3290 25 23 of
1532 3290 95 31 passing
1639 3291 47 23 into
1698 3288 39 24 tbe
1760 3288 136 33 Wairarapa

1307 3324 31 32 by
1361 3321 38 27 the
1420 3323 141 31 Company's
1581 3323 63 29 road,
1666 3330 27 16 or
1715 3321 96 32 settling
1831 3322 64 23 there

1308 3357 72 25 under
1409 3364 14 16 a
1452 3357 139 31 Company's
1613 3354 114 34 purchase
1750 3355 59 23 have
1836 3355 58 23 heen

1308 3390 124 31 arranging
1444 3395 22 19 to
1479 3390 61 23 drive
1549 3390 59 23 their
1617 3389 67 24 stock
1693 3388 119 24 forthwith
1822 3388 73 23 round

1309 3424 38 24 the
1357 3430 41 18 sea
1409 3427 72 25 coast.,
1490 3423 43 24 and
1542 3423 54 24 with
1606 3423 38 24 tbe
1655 3422 87 24 natives
1749 3422 36 24 for
1794 3421 99 23 licences

1309 3462 22 20 to
1343 3457 121 31 depasture
1475 3456 74 24 flocks
1562 3456 43 23 and
1617 3455 69 25 herds
1695 3455 23 23 in
1727 3455 50 23 that
1784 3453 110 24 beautiful

1307 3491 92 32 portion
1419 3490 27 23 of
1471 3488 58 24 New
1548 3489 110 25 Zealand.
1705 3487 37 23 To
1763 3486 73 24 whom
1855 3486 39 23 the

1310 3524 72 25 blame
1395 3521 25 25 of
1442 3523 39 22 the
1495 3522 61 24 Hutt
1572 3522 54 24 road
1638 3524 40 21 not
1700 3520 71 30 being
1788 3519 106 32 passable

1308 3558 29 33 by
1349 3557 47 26 this
1408 3556 55 23 time
1474 3556 110 28 attaches,
1602 3556 21 22 is
1634 3563 15 16 a
1663 3554 108 31 question
1786 3560 33 16 we
1838 3560 55 16 can-

1309 3587 40 28 hot
1369 3596 89 17 answer
1467 3597 7 20 ;
1502 3589 44 23 but
1568 3596 33 15 we
1623 3588 68 23 know
1726 3586 20 23 if
1777 3585 39 24 the
1844 3586 51 23 first

1308 3624 124 31 surveying
1455 3621 55 25 staff
1528 3629 54 16 ever
1604 3625 35 19 set
1662 3625 22 19 to
1700 3618 72 25 .work
1791 3619 24 24 in
1837 3619 56 24 New

1300 3661 2 25 |
1309 3644 101 45 Zealand
1421 3662 58 16 were
1499 3653 46 25 still
1564 3651 119 35 employed
1702 3653 19 23 it
1740 3651 75 25 would
1837 3652 57 24 have

1309 3691 62 25 been'
1376 3697 27 16 so
1415 3687 111 32 arranged
1549 3687 50 24 that
1617 3686 33 25 all
1667 3684 38 26 the
1724 3685 76 24 blame
1820 3686 74 24 would

1309 3724 57 25 have
1386 3721 112 33 appeared
1520 3725 24 20 to
1567 3725 46 20 rest
1636 3728 30 16 on
1679 3719 65 25 -their
1764 3719 129 25 shoulders.

1309 3756 51 26 The
1372 3764 50 17 new
1431 3754 45 25 and
1496 3754 74 31 costly
1584 3753 57 25 staff
1656 3753 56 24 have
1731 3752 48 25 laid
1799 3761 62 24 upon
1882 3762 13 16 a

1309 3791 43 25 bed
1363 3789 25 26 of
1403 3789 76 24 clover
1491 3787 29 32 by
1536 3787 143 32 comparison
1695 3785 54 25 with
1764 3786 38 24 the
1820 3787 75 24 duties

1309 3824 73 26 which
1394 3821 108 25 devolved
1511 3829 69 23 upon,
1600 3820 45 25 and
1657 3827 57 17 were
1728 3820 129 31 performed
1865 3821 31 31 by

1309 3858 38 24 tbe
1357 3857 52 24 first
1420 3854 123 32 miserably
1554 3854 67 24 small
1632 3854 70 24 force.
1739 3853 53 24 The
1804 3860 92 25 present

1309 3895 122 28 occupants
1463 3888 27 24 of
1521 3888 65 23 office
1614 3887 75 31 rarely
1717 3888 136 30 experience
1883 3895 14 16 a

1309 3923 104 33 grumble
1425 3923 59 23 from
1496 3930 13 15 a
1526 3921 87 24 settler.
1658 3920 51 25 The
1729 3928 56 24 poor
1805 3921 91 24 settlers

1300 3945 2 34 I
1309 3958 56 24 hare
1378 3956 80 30 hardly
1468 3963 15 16 a
1491 3954 103 32 grumble
1606 3955 41 23 left
1665 3956 25 22 in
1710 3953 71 24 them.
1829 3954 67 31 They

1957 2972 37 32 By
2006 2972 39 25 the
2064 2971 59 26 Star
2131 2973 33 31 of
2179 2971 80 31 China,
2281 2973 59 24 from
2362 2972 94 31 Sydney
2476 2971 36 25 v&

1923 3004 97 30 Nelson,
2033 3014 33 16 we
2078 3006 57 24 have
2146 3006 102 24 received
2260 3013 30 17 an
2301 3005 128 25 Examiner
2440 3006 26 24 of
2476 3006 36 24 the

1926 3039 58 24 ICth
1996 3039 94 24 March.

1957 3081 127 25 Country
2111 3082 137 25 Sections.
2260 3082 89 24 We
2370 3081 141 25 understand

1924 3114 49 25 that
1985 3121 99 26 country
2095 3116 65 24 lands
2177 3116 57 24 have
2251 3116 58 24 been
2321 3114 51 26 sold
2384 3119 24 20 at
2420 3115 96 28 Nelson,

1923 3156 64 17 some
1999 3154 23 19 at
2034 3154 45 19 two
2098 3149 44 24 and
2162 3157 63 17 some
2246 3153 24 20 at
2286 3149 45 25 five
2349 3148 107 30 shillings
2476 3156 40 24 per

1923 3190 62 18 acre.
2038 3182 45 24 We
2104 3190 38 16 are
2163 3182 76 33 happy
2259 3187 23 19 to
2311 3182 55 24 hear
2389 3180 50 24 that
2461 3181 55 31 they

1923 3223 59 17 were
2001 3216 129 32 purchased
2147 3216 32 31 by
2198 3224 31 16 au
2248 3216 72 23 active
2338 3213 44 24 and
2406 3213 109 26 valuable

1924 3250 93 22 settler.

1984 3283 108 24 Nelson
2121 3283 115 23 Survet.
2290 3280 51 24 The
2371 3279 45 25 late
2446 3280 71 25 Chief

1924 3317 115 30 Surveyor
2048 3316 27 24 of
2082 3316 45 22 this
2137 3315 137 28 settlement,
2286 3313 28 25 F.
2324 3313 112 30 Tuckett,
2445 3314 69 32 Esq.,

1923 3349 41 24 has
1977 3348 102 25 received
2093 3348 36 23 the
2142 3348 168 30 appointments
2326 3348 26 23 of
2370 3347 70 24 Chief
2456 3348 59 23 Sur-

1923 3390 68 23 veyor
2002 3387 23 18 to
2038 3382 38 22 the
2098 3380 131 24 settlement
2246 3380 25 24 of
2289 3380 57 24 New
2367 3380 147 32 Edinburgh,

1922 3415 45 22 and
1979 3414 57 24 New
2049 3413 100 25 Zealand
2163 3413 139 33 Company's
2313 3415 81 31 Agent
2406 3415 57 23 until
2476 3414 38 24 the

1922 3448 83 23 arrival
2025 3448 26 23 of
2069 3447 49 24 Mr.
2140 3447 101 25 Rennie.
2279 3448 48 24 Mr.
2349 3448 103 24 Tuckett
2469 3448 46 24 will

1922 3480 93 32 explore
2027 3480 46 24 this
2085 3480 75 25 island
2171 3481 60 24 from
2242 3481 90 24 Banks'
2352 3481 129 25 Peninsula
2493 3488 23 17 to

1923 3513 96 25 Milford
2039 3514 93 29 Haven,
2145 3515 45 23 and
2210 3515 42 24 has
2264 3515 41 24 full
2317 3523 77 24 power
2406 3520 22 19 to
2445 3515 71 24 select

1921 3547 36 24 for
1970 3547 38 24 the
2029 3549 52 28 site,
2095 3548 38 23 the
2154 3549 91 24 district
2255 3549 73 24 which
2346 3549 30 24 he
2393 3549 60 24 finds
2465 3549 52 23 best

1922 3580 98 33 adapted
2038 3582 35 23 for
2094 3582 158 31 agricultural-
2264 3590 120 24 purposes,
2405 3581 109 32 although

1923 3614 59 25 Port
1994 3615 90 31 Cooper
2095 3615 20 24 is
2128 3615 37 24 the
2177 3621 53 26 spot
2241 3615 72 24 which
2325 3615 96 24 Colonel
2429 3615 87 24 Wake-

1921 3648 55 24 field
1996 3650 77 31 points
2095 3655 39 17 out
2145 3657 26 15 as
2191 3650 38 22 the
2241 3657 44 16 one
2296 3654 60 18 most
2367 3649 78 32 fitting
2456 3649 58 23 from

1923 3682 61 24 what
1994 3684 22 23 is
2025 3682 93 31 already
2131 3681 84 25 known
2226 3683 26 23 of
2271 3683 38 23 the
2321 3688 105 25 country.
2464 3681 48 24 Mr.

1923 3716 104 25 Tuckett
2037 3716 47 24 will
2104 3721 58 18 start
2173 3716 24 24 in
2209 3724 15 16 a
2235 3716 43 24 few
2289 3716 65 31 days,
2367 3716 45 24 and
2422 3715 47 24 will
2486 3714 28 24 be

1923 3749 161 32 accompanied
2102 3749 29 31 by
2145 3749 47 24 Mr.
2206 3749 126 31 Symonds,
2344 3749 40 24 the
2397 3749 117 24 Assistant

1924 3783 79 24 Police
2026 3783 137 31 Magistrate
2184 3783 34 23 for
2239 3782 87 24 Cook's
2347 3783 93 28 Straits,
2465 3781 50 23 who

1924 3816 44 23 will
1981 3824 95 23 convey,
2090 3824 28 15 on
2132 3816 38 23 the
2182 3821 52 26 part
2246 3815 26 24 of
2290 3816 40 23 the
2350 3816 165 26 Government,

1923 3850 116 31 authority
2055 3855 23 18 to
2097 3849 39 24 the
2157 3850 88 22 natives
2264 3854 22 18 to
2307 3849 91 32 dispose
2415 3849 26 23 of
2457 3847 59 24 their

1923 3883 75 24 lands.
2035 3883 72 24 From
2128 3883 49 23 Mr.
2198 3882 122 25 Tuckett's
2340 3883 134 31 experience
2492 3881 25 23 in

1925 3916 58 24 New
1995 3916 109 29 Zealand,
2117 3916 44 24 and
2174 3916 15 23 h
2198 3924 12 15 s
2222 3916 83 24 known
2317 3914 191 31 indefatigabili'.y

1924 3949 38 23 the
1975 3949 109 25 colonists
2102 3949 26 24 of
2144 3949 57 24 New
2220 3949 139 30 Edinburgh
2379 3955 53 24 may
2444 3947 73 31 safely

821 3789 79 24 NEW
918 3788 223 25 EDINBURGH.

718 3825 25 25 It
759 3824 49 24 will
827 3824 29 23 be
884 3831 55 15 seen
957 3822 30 31 by
1006 3829 30 17 an
1055 3828 90 19 extract
1161 3824 60 23 from
1241 3824 37 24 the

683 3858 90 25 Nelson
784 3856 130 25 Examiner
924 3855 50 24 that
987 3855 47 24 Mr.
1047 3855 112 30 Tuckett,
1173 3856 50 24 who
1234 3857 44 25 had

683 3891 104 33 recently
797 3890 104 24 declined
922 3889 40 24 the
979 3889 140 31 Company's
1131 3890 94 29 service,
1236 3890 42 24 has

685 3926 57 23 been
752 3924 100 24 induced
865 3925 28 29 by
906 3930 63 17 some
981 3922 66 24 mode
1059 3930 26 15 or
1096 3922 104 30 another,
1212 3925 66 29 again

684 3966 24 18 to
719 3962 80 27 accept
811 3962 77 18 terms.
928 3956 38 24 He
987 3956 108 33 proceeds
1115 3956 23 23 in
1150 3956 40 26 the
1202 3956 76 24 Debo-

570 42 98 46 H;tjt
702 43 120 40 Neto
850 43 209 41 SEealaub
1086 25 194 65 4&tifiiu
1306 43 92 40 anb
1421 34 303 54 IH&ciUtiqton
1748 40 257 48 spectator*

705 129 111 21 Schooner
825 129 83 26 Emma,
920 130 27 21 14
958 132 56 24 tons,
1025 129 141 23 Greenwood.
1173 128 8 24 '.
1194 130 77 26 Agent*

679 156 88 22 Master.

706 184 110 21 Schooner
825 184 160 24 Pirssperanct,
994 184 25 21 15
1030 186 57 24 tons,
1095 183 94 22 Toawai.
1215 183 56 28 Cap-

678 211 53 25 taia,
742 212 79 24 Agent.

707 238 110 21 Schooner
834 238 148 26 Shrpherdus,
998 238 36 25 32,
1044 239 120 22 Anderson.
1193 238 77 26 Agent,

679 265 111 21 Schultze.

707 292 125 27 Brigantine
852 292 123 25 Wanderer,
987 292 38 23 131
1036 295 58 23 tons,
1105 293 77 22 Berns.
1211 291 60 22 Sam*

678 320 36 22 uel
722 320 42 21 and
774 320 91 26 Joseph,
875 320 91 25 Agents.

706 348 110 20 Schooner
831 347 110 26 Industry,
952 348 26 19 24
997 349 56 22 tons,
1064 345 55 23 Bell.
1147 345 69 22 Waitt
1230 346 41 21 and

677 374 75 28 Tyser,
762 375 91 25 Agents.

707 402 124 26 Brigantine
841 402 16 20 /
863 401 58 21 don't
931 401 68 24 know,
1010 400 85 26 Pbelps.

707 429 110 21 Schooner
839 429 75 24 Ocean,
935 429 27 20 30
982 430 55 23 tons,
1058 428 118 26 Ferguson.
1203 427 68 22 Waitt

678 456 41 21 and
729 456 75 27 Tyser,
819 457 88 25 Agents.

707 483 125 27 Brigantine
842 483 80 25 Scotia,
941 482 28 22 68
978 485 57 23 tons,
1044 482 75 21 Ward.
1148 481 29 22 R.
1192 482 77 27 Eagar,

679 511 78 26 Agent.

707 537 76 22 Cutter
804 537 111 21 Catherine
933 537 110 24 Johnston,
1065 537 25 20 11
1109 540 57 22 tons,
1185 536 86 27 Taylor.

679 565 99 27 Captain,
788 566 81 25 Agent.

708 592 124 27 Brigantine
849 593 55 21 Star
919 592 29 25 of
967 592 73 25 China,
1061 591 41 22 112
1121 593 58 23 tons,
1198 590 73 22 Ward.

679 619 35 22 W.
725 619 141 25 Fitiberbert,
876 622 78 22 Agent.

705 666 47 22 The
763 666 81 27 Urgent
853 666 42 21 had
906 666 83 21 arrived
998 669 23 17 at
1030 665 82 21 Nelson
1122 664 56 22 from
1188 664 84 27 Sydney

678 694 51 21 with
739 694 74 26 sheep.
854 694 46 20 The
915 694 96 20 Isabella-
1020 693 70 24 Anna,
1100 699 42 14 was
1155 692 117 21 advertised

678 723 23 19 at
710 721 85 27 Sydney
805 721 32 21 fot
853 720 90 24 Nelson,
954 720 118 24 Auckland,
1089 720 44 20 and
1141 719 131 27 Valparaiso.

678 748 46 22 The
734 748 47 26 brig
788 749 39 20 Sir
837 748 118 21 Archibald
966 747 111 27 Campbell,
1085 747 19 20 is
1114 746 118 22 advertised
1239 746 33 22 for

679 776 80 21 Nelson
768 776 45 21 and
821 776 140 25 Wellington,
970 776 25 19 in
1005 776 36 19 the
1051 774 87 27 Sydney
1146 780 84 21 papers.

857 824 123 21 CUSTOM
996 824 111 21 HOUSE.

816 880 99 26 Spirit*
927 880 56 21 and
996 880 137 21 Tobacco.

708 908 66 20 Stock
783 913 28 15 on
830 908 58 19 hand
902 908 37 19 the
950 907 33 20 Ist
995 907 82 20 ultimo.
1111 906 91 27 Brandy,
1219 907 55 20 2548

678 934 95 26 gallons;
802 934 51 21 B.P.
868 935 64 22 Rum,
950 934 56 21 2766
1022 934 97 26 gallons;
1147 934 52 24 Gin,
1221 934 53 19 1115

677 961 96 25 gallons;
788 962 91 24 Arrack,
891 962 39 20 180
941 961 96 25 gallons;
1051 961 114 25 Whiskey,
1180 961 38 20 121
1230 960 44 25 gal-

677 988 49 20 lons
734 997 7 16 ;
765 995 50 14 case
825 989 93 25 Brandy,
935 988 29 20 30
979 988 83 26 gallons
1069 995 6 17 ;
1101 994 48 13 case
1166 987 50 24 Gin,
1235 988 39 20 188

677 1015 82 25 gallons
765 1023 7 16 ;
805 1016 106 23 Cordials,
936 1016 28 19 22
990 1016 82 24 gallon!
1081 1021 5 17 ;
1117 1015 30 25 fig
1169 1014 105 24 Tobacco,

677 1043 83 22 32971b
769 1050 7 16 ;
791 1043 43 20 roll
842 1043 107 22 Tobacco,
957 1042 67 22 3011b
1033 1049 6 17 ;
1050 1042 125 24 cavendish,
1192 1042 39 20 750
1236 1043 22 21 ft
1267 1049 7 17 ;

679 1070 83 26 Cigars,
773 1070 95 24 15991b;
882 1069 79 24 Snuffs,
973 1070 77 22 3221b.

705 1097 114 21 Delivered
821 1097 43 25 for
874 1097 59 20 home
947 1097 151 25 consumption.
1128 1096 94 26 Brandy,
1233 1097 41 20 579

677 1125 96 25 gallons;
800 1125 53 20 B.P.
865 1125 63 23 Rum,
955 1125 25 19 88
992 1124 95 26 gallons;
1114 1123 43 21 Gin
1175 1124 40 20 123
1230 1124 44 25 gal-

677 1153 48 19 lons
733 1160 6 16 ;
764 1152 112 26 Whiskey,
896 1152 25 20 64
943 1151 82 25 gallons
1033 1159 6 16 ;
1067 1157 50 15 case
1141 1151 93 25 Brandy,
1262 1151 12 20 8

677 1180 96 25 gallons;
798 1186 50 14 case
863 1179 50 24 Gin,
940 1179 40 21 117
1000 1179 96 26 gallons;
1122 1179 28 26 fig
1169 1178 105 26 Tobacco,

679 1207 97 23 14921b;
802 1207 42 21 roll
868 1207 105 23 Tobacco,
985 1207 77 23 2921b.

705 1235 114 20 Delivered
827 1234 44 25 for
880 1234 180 25 Exportation.
1062 1233 93 26 Brandy,
1175 1233 39 21 109
1230 1233 45 26 gal-

677 1261 62 25 Ions;
764 1262 52 23 Gin,
827 1263 27 19 90
865 1262 83 26 gallons
957 1269 5 16 ;
978 1261 63 23 Rum,
1064 1261 40 21 153
1122 1261 97 26 gallons;
1247 1261 28 26 fig

677 1289 107 24 Tobacco,
795 1290 42 20 632
842 1291 23 22 fis
874 1297 5 16 ;
895 1289 114 21 cavendish
1018 1289 100 20 Tobacco
1132 1289 77 22 2771b.

707 1399 66 21 Stock
783 1405 27 14 on
822 1400 59 20 hand
889 1400 36 19 the
941 1399 39 20 4th
990 1399 87 20 instant.
1110 1398 92 27 Brandy,
1219 1399 55 20 4293

677 1427 99 25 gallons;
797 1427 66 24 Rum,
881 1428 54 19 2325
943 1426 82 26 gallons
1032 1433 6 17 ;
1060 1426 51 24 Gin,
1127 1426 41 21 902
1178 1426 81 26 gallons
1268 1433 6 17 ;

679 1455 88 23 Arrack,
789 1456 41 19 180
851 1455 97 25 gallons;
977 1454 111 26 Whiskey,
1110 1454 39 20 121
1177 1454 97 26 gallons;

678 1489 48 13 case
736 1482 94 26 Brandy,
842 1484 27 19 22
879 1482 83 26 gallons
969 1489 6 17 ;
1001 1487 46 14 case
1065 1482 50 23 Gin,
1132 1482 25 19 71
1179 1482 79 24 gallons
1268 1489 5 15 ;

679 1510 105 24 Cordials,
795 1512 26 18 22
837 1510 98 26 gallons;
953 1510 29 25 fig
992 1509 105 23 Tobacco,
1114 1509 97 23 60141b;
1234 1508 40 21 roll

678 1537 105 23 Tobacco,
795 1538 40 23 91b
846 1545 5 17 ;
867 1537 115 21 cavendish
992 1537 80 24 7521b;
1089 1536 83 26 Cigars,
1180 1536 93 24 15991b;

679 1564 78 23 Snuffs,
770 1565 77 23 3221b.

707 1592 139 25 Wellington,
859 1592 74 21 March
942 1593 23 24 4,
977 1592 61 21 1844.

706 1317 103 21 Received
826 1318 45 19 into
890 1318 125 19 warehouse.
1047 1316 94 25 Brandy,
1158 1317 55 19 2433
1230 1317 43 24 gal-

677 1345 61 24 Ions;
761 1345 29 26 fig
799 1344 106 25 Tobacco,
915 1345 96 22 36671b;
1035 1343 115 21 cavendish
1168 1343 105 24 Tobacco,

678 1372 77 21 27916.

715 1649 51 23 TO
805 1649 88 23 OUR
928 1647 307 25 SUBSCRIBERS.

1919 135 39 16 are
1971 133 37 19 too
2020 136 56 24 poor
2088 137 56 16 even
2161 135 23 19 to
2203 128 116 33 grumble.
2368 129 24 24 It
2412 137 45 17 was
2478 131 35 25 far

1919 160 121 24 otherwise
2053 167 24 18 at
2088 162 49 24 first
2158 163 24 23 in
2193 163 40 23 the
2246 162 56 31 days
2314 161 66 25 made
2394 162 77 32 balmy
2482 165 31 31 by-

1920 193 59 33 hope
1985 202 7 20 ;
2003 195 19 22 it
2028 201 46 16 was
2082 195 37 23 the
2128 203 121 23 surveyors
2260 196 54 23 then
2324 195 51 23 that
2381 203 58 16 were
2448 204 63 23 poor,

1919 226 54 31 they
1997 234 58 16 were
2079 227 66 31 badly
2169 228 62 31 paid,
2255 228 45 24 and
2323 228 67 31 sadly
2410 229 103 25 worked*

1921 259 47 24 But
1980 259 38 24 the
2231 261 24 24 of
2270 261 39 24 the
2330 261 59 24 New
2410 261 102 26 Zealand

1921 292 119 31 Company
2058 293 46 23 and
2124 293 38 23 the
2213 294 73 23 Court
2340 294 26 23 of
2391 294 121 25 Directors

1921 325 56 23 have
1991 326 102 31 changed
2105 326 30 23 all
2146 326 57 23 that.
2229 327 50 23 The
2291 327 51 23 first
2355 327 58 23 staff
2421 335 58 16 were
2490 334 23 19 at

1921 358 63 23 work
1994 359 69 23 about
2076 363 42 19 two
2131 367 74 22 years,
2218 360 44 22 and
2276 360 36 23 the
2325 367 50 16 new
2389 360 57 23 staff
2455 362 57 23 have

1921 391 57 24 been
1986 391 118 31 employed
2112 393 70 22 about
2190 391 39 24 the
2235 400 60 15 same
2304 393 64 24 time.
2391 393 29 23 In
2428 393 85 31 justice

1921 429 22 18 to
1954 424 37 24 the
1996 424 51 24 first
2053 424 88 30 named,
2149 432 31 16 we
2187 432 97 24 purpose
2295 425 113 24 hereafter
2416 427 96 32 making

1919 465 14 15 a
1949 458 144 31 comparison
2112 458 103 23 between
2234 457 38 24 the
2292 457 93 25 relative
2405 459 108 26 numbers

1919 490 119 31 employed
2074 498 25 16 or
2116 491 151 31 comparative
2285 490 61 24 force
2358 499 6 21 ;
2393 492 38 23 the
2451 493 60 23 rela-

1920 523 45 23 tive
1988 523 37 24 aid
2052 523 100 25 afforded
2174 523 57 25 each
2252 524 31 31 by
2310 523 37 24 the
2373 524 139 33 Company's

1919 555 80 31 Agent
2009 565 8 19 ;
2044 557 39 23 the
2099 557 117 24 character
2237 556 25 24 of
2287 556 37 24 the
2344 562 95 26 country
2455 559 57 25 each

1920 594 66 27 party
1998 589 41 24 has
2050 589 45 24 had
2107 595 23 19 to
2151 589 50 25 deal
2213 589 54 24 with
2278 598 6 21 ;
2304 589 97 32 making
2422 591 43 23 due
2477 593 34 23 al-

1920 623 100 23 lowance
2031 622 35 24 for
2084 623 38 23 the
2144 624 111 23 immense
2275 623 126 31 advantage
2421 624 91 25 derived

1921 656 30 29 by
1963 656 38 23 the
2013 663 49 16 new
2079 657 123 30 surveying
2220 656 61 23 force
2298 656 59 23 from
2379 657 38 23 the
2431 657 80 24 know-

1921 688 66 31 ledge
1999 689 106 31 acquired
2118 690 29 30 by
2159 689 65 24 those
2236 689 50 23 who
2304 689 50 23 first
2367 690 92 23 entered
2472 691 39 24 the

1921 721 53 24 field
1984 730 7 21 ;
2010 722 39 23 the
2060 723 105 30 quantity
2176 722 26 24 of
2217 730 63 16 acres
2292 722 113 32 surveyed
2417 723 29 31 by
2457 725 56 23 each

1921 759 73 27 party,
2007 755 46 23 and
2074 756 38 23 the
2130 763 101 23 expence
2250 763 40 23 per
2309 763 52 16 acre
2379 755 74 25 which
2469 757 42 24 has

1921 788 106 24 attended
2039 788 56 24 each
2113 796 90 24 survey,
2216 789 44 23 and
2282 796 32 16 we
2335 788 60 24 shall
2414 789 55 24 then,
2484 791 29 23 be

1921 821 50 24 able
1984 826 23 19 to
2018 821 63 24 show
2091 822 100 23 whether
2206 821 39 24 the
2258 821 56 24 New
2325 822 102 25 Zealand
2440 823 71 24 Com-

1921 861 61 24 pany
2003 862 59 16 were
2086 855 125 23 warranted
2236 856 21 22 in
2277 855 119 31 replacing
2413 855 38 23 the
2474 857 39 23 old

1921 887 59 30 staff,
1993 888 31 31 by
2036 889 38 22 the
2086 894 91 26 present
2192 889 73 30 costly
2278 889 180 29 establishment,
2472 889 40 24 be-

1921 928 68 16 cause
2010 922 54 29 they
2075 922 67 22 chose
2163 928 23 16 to
2206 922 94 31 pretend
2319 927 23 17 to
2354 922 87 23 believe
2464 923 49 23 that

1922 953 37 23 the
1980 955 113 30 principal
2111 962 108 22 surveyor
2241 962 44 15 was
2307 962 30 15 on
2361 955 35 22 his
2420 962 47 24 way
2489 962 23 16 to

1923 986 115 30 England.
2075 986 65 24 Each
2152 987 58 23 hour
2222 988 42 22 has
2275 988 100 29 recently
2388 989 125 30 compelled

1921 1026 28 15 us
1961 1023 23 19 to
1996 1019 44 23 feel
2052 1019 49 23 that
2121 1019 168 23 Machiavelian
2307 1020 76 30 policy
2396 1021 41 23 has
2459 1029 53 23 pre-

1921 1051 75 24 vailed
2017 1056 21 19 to
2055 1059 14 16 a
2087 1052 137 23 destructive
2243 1057 77 18 extent
2338 1054 23 21 in
2384 1054 38 23 the
2441 1054 71 24 Com-

1921 1086 80 29 pany's
2021 1085 117 24 Councils.
2184 1085 34 23 To
2240 1094 13 14 a
2272 1093 52 15 man
2344 1086 77 23 whose
2440 1087 73 24 throat

1921 1118 42 23 has
1975 1118 56 23 been
2044 1124 40 17 cut
2095 1118 29 30 by
2137 1127 13 14 a
2171 1118 61 23 hand
2252 1118 83 31 guided
2347 1119 30 30 by
2391 1127 13 15 a
2415 1120 98 31 friendly

1921 1155 163 24 countenance,
2098 1153 18 22 it
2128 1153 19 22 is
2159 1152 82 23 indeed
2252 1152 40 23 but
2304 1160 13 15 a
2330 1160 66 23 sorry
2408 1154 104 23 consola-

1922 1184 46 23 tion
1982 1190 22 17 to
2018 1184 58 24 have
2088 1193 14 15 a
2113 1185 104 31 decently
2231 1186 87 22 written
2330 1186 93 30 epitaph
2436 1186 77 31 placed

1921 1224 62 23 upon
1995 1218 36 22 his
2041 1219 127 23 tombstone
2179 1219 30 28 by
2221 1219 36 22 his
2269 1219 83 28 slayer.

1955 1258 44 22 We
2013 1266 56 16 were
2087 1258 102 31 recently
2201 1259 93 23 amused
2313 1259 29 31 by
2358 1259 120 32 observing
2490 1261 24 23 in

1921 1291 37 24 the
1971 1290 58 24 New
2041 1291 104 24 Zealand
2154 1291 106 30 Journal,
2274 1292 48 23 that
2343 1292 38 24 the
2396 1301 81 23 Burvey
2490 1294 24 23 of

1921 1324 37 24 the
1971 1324 65 24 lands
2049 1325 48 23 sold
2110 1325 51 23 four
2173 1333 66 23 years
2258 1326 43 22 and
2319 1333 14 15 a
2349 1325 52 25 half
2416 1327 62 23 since
2490 1328 24 23 in

1923 1357 103 29 London,
2048 1363 21 18 to
2092 1358 37 23 the
2151 1358 91 23 settlers
2272 1359 138 31 proceeding
2429 1365 22 18 to
2476 1360 37 23 the

1920 1390 51 24 first
1994 1391 49 34 and^
2062 1391 111 32 principal
2201 1391 138 30 settlement,
2365 1400 45 16 was
2440 1393 72 24 either

1919 1424 80 30 nearly
2018 1432 25 15 or
2055 1424 134 32 completed.
2227 1425 58 24 Now
2305 1431 22 17 at
2347 1425 38 24 the
2399 1426 54 23 time
2465 1426 49 23 that

1920 1461 122 19 statement
2054 1465 44 15 was
2112 1458 72 29 made,
2193 1458 38 22 the
2241 1458 90 23 settlers
2341 1466 58 16 were
2408 1465 106 17 consent-

1920 1490 40 31 ing
1972 1496 23 17 to
2008 1496 35 25 try
2064 1491 45 23 and
2126 1496 42 26 put
2189 1491 136 24 themselves
2345 1492 24 23 in
2381 1494 133 29 possession

1921 1524 25 22 of
1961 1531 63 16 some
2039 1529 84 26 twenty
2145 1532 25 15 or
2191 1524 70 30 thirty
2281 1524 114 24 thousand
2414 1534 62 15 acres
2490 1527 24 23 of

1921 1556 52 24 land
1986 1558 22 22 in
2021 1558 91 23 various
2124 1557 84 31 places,
2222 1558 23 23 of
2263 1557 72 24 which
2356 1563 22 18 to
2399 1558 44 24 this
2455 1559 58 24 hour

1921 1597 32 15 we
1965 1590 87 24 believe
2069 1595 40 19 not
2121 1599 42 15 one
2177 1591 112 23 thousand
2305 1599 64 16 acres
2387 1592 58 23 have
2457 1593 57 23 been

1920 1624 119 30 surveyed.
2078 1624 24 23 It
2115 1625 18 22 is
2147 1629 39 18 not
2206 1625 112 22 therefore
2337 1625 76 24 unfair
2432 1631 23 17 to
2473 1633 41 24 say

1922 1656 49 24 that
1984 1665 32 15 we
2027 1657 88 23 believe
2126 1663 24 18 at
2162 1658 45 24 this
2220 1658 58 23 hour
2293 1663 23 17 at
2327 1658 59 24 least
2398 1659 116 23 one-third

1921 1690 26 23 of
1962 1689 40 24 the
2013 1690 52 23 first
2085 1691 60 23 sales
2165 1691 26 23 of
2205 1691 53 23 land
2272 1691 65 24 made
2358 1691 30 31 by
2401 1691 37 26 the
2457 1692 57 24 New

1920 1723 101 23 Zealand
2034 1724 127 31 Company,
2173 1724 19 23 is
2206 1724 47 24 still
2271 1725 153 30 unsurveyed.

1968 1787 284 25 AGRICULTURAL
2271 1787 103 25 SHOW
2392 1788 73 25 AND

2144 1821 148 24 DINNER.

1956 1876 42 23 We
2011 1878 68 29 again
2092 1877 42 24 call
2147 1878 111 23 attention
2271 1882 22 18 to
2305 1878 37 22 the
2356 1877 157 31 Agricultural

1921 1910 70 23 Show
2013 1915 23 18 to
2057 1910 62 31 place
2140 1919 28 14 on
2189 1910 121 31 Thursday
2326 1915 55 19 nest
2391 1920 6 19 ;
2419 1912 44 22 and
2481 1920 33 14 we

1922 1943 59 31 hope
1994 1943 49 23 that
2065 1945 18 22 it
2103 1944 44 22 and
2165 1943 38 23 the
2215 1943 90 24 Dinner
2317 1944 46 23 will
2382 1945 27 22 be
2427 1952 25 15 so
2465 1945 49 24 well

1919 1977 117 27 attended,
2051 1984 25 15 as
2095 1981 21 18 to
2137 1984 68 23 prove
2220 1976 54 24 -that
2292 1981 65 26 great
2378 1978 95 22 interest
2493 1979 21 21 is

1921 2009 71 23 taken
2004 2009 22 24 in
2040 2009 38 23 the
2090 2009 109 30 breeding
2211 2009 42 23 and
2268 2010 90 29 rearing
2366 2010 25 23 of
2401 2011 75 22 stock.

1299 130 45 25 rah
1354 135 22 20 to
1389 130 57 25 seek
1458 138 14 16 a
1482 130 77 30 fitting
1570 130 42 24 site
1624 129 36 24 for
1671 128 59 24 New
1741 127 147 32 Ediuburgh.

160 127 19 22 *'
222 127 6 13 '
270 130 82 25 THIS
366 129 73 24 DAY.

226 163 171 24 Unreserved
411 161 61 23 Sale
480 161 6 23 !

63 195 93 52 MR.
171 195 280 26 FITZHERBERTwiII
461 195 41 23 sell
512 195 29 28 by
552 193 98 24 Auction

155 231 29 16 on
206 223 149 27 Wednesday,
377 222 54 23 27th
453 221 91 27 instant,
569 225 23 19 at
614 221 36 23 his

65 248 66 30 Mart,
143 254 23 19 at
174 258 44 15 one
226 249 89 24 o'clock
323 248 138 30 precisely

86 283 30 21 30
130 290 60 15 cases
200 282 46 26 gin,

87 309 28 22 25
129 309 55 27 bags
194 304 45 26 fine
249 307 67 23 white
327 314 75 20 sugar,

89 337 27 21 10
128 335 56 27 bags
194 334 78 26 coffee,

88 363 13 21 3
117 362 72 22 chests
199 366 104 17 common
312 364 43 22 tea,

87 389 29 22 20
129 388 82 22 double
222 386 103 24 barreled
336 386 128 30 percussion
473 393 66 22 guns,

87 417 28 21 40
128 415 74 28 peices
213 414 26 22 of.
246 419 67 22 print,

87 443 14 19 F>
115 441 85 22 barrels
210 442 95 21 oatmeal
317 440 100 28 (sound),

87 470 14 20 6
115 475 61 15 cases
188 468 93 22 tobacco
293 468 69 28 pipes,

87 497 28 21 30
130 495 138 21 Mousselinc
279 494 28 23 de
316 494 60 23 lame
388 493 94 27 dresses,

89 523 25 21 10
129 522 73 24 pieces
212 521 94 27 merino,

86 549 14 21 5
114 548 74 29 pieces
197 548 57 26 pilot
263 547 59 23 cloth
336 547 63 29 (very
409 546 119 30 superior),

87 576 13 21 3
115 582 61 16 cases
186 574 129 23 Frontinac.

321 608 63 16 ALWJ.

241 627 36 24 Ex
294 628 53 22 Star
359 628 27 26 of
398 628 72 24 China,

86 662 13 21 5
114 660 65 23 hhds.
192 661 47 28 gin,

87 689 14 22 4
114 687 64 23 hbds.
190 694 82 22 porter,

86 716 15 21 6
114 714 85 23 barrels
208 715 43 26 ale,

87 743 28 21 14
127 741 86 22 barrels
225 741 120 23 American
353 740 64 29 pork,

87 769 27 22 12
127 768 86 22 barrels
224 767 59 23 Irish
293 768 64 28 pork,

85 796 15 22 3
114 795 55 26 kegs
177 795 83 26 honey,

87 823 11 21 1
113 828 50 15 case
173 821 90 28 sadlery
278 821 95 26 (bridles
382 819 51 28 Sec.)

256 860 75 16 TERMS
348 860 28 17 AT
390 859 64 17 SALS.

87 885 82 24 March
177 887 36 24 26,
225 887 61 21 1544.

126 938 97 22 ESSRS.
241 937 95 25 HORT,
360 937 158 25 MOCATTA,
540 943 47 15 and
602 936 47 22 CO.

152 965 45 21 will
218 964 40 22 sell
278 965 29 26 by
325 964 77 22 Public
423 963 106 27 Auction,
550 966 23 18 at
591 962 59 22 their

61 993 80 26 Stores,
153 991 33 23 Te
204 992 54 25 Aro,
269 997 29 15 on
315 990 82 27 Friday
410 995 62 22 next,
489 990 54 21 29th
556 989 92 26 instant,

61 1023 23 17 at
95 1021 8 20 1
117 1018 85 22 o'clock

88 1050 81 26 Prints,
199 1049 90 26 calicos,
307 1047 67 28 -silks,
399 1047 43 23 silk
464 1046 184 27 handkerchiefs,

59 1077 132 22 tnousseline
202 1077 27 21 de
240 1075 79 26 lames,
336 1074 87 27 shawls,
435 1075 77 27 Opera
528 1074 50 27 ties,
590 1073 59 23 satin

59 1103 181 26 handkerchiefs,
250 1102 67 27 slops,

89 1130 104 27 Whaling
201 1136 62 21 gear,
277 1128 104 27 muskets,
397 1127 84 29 pistols,
498 1127 83 26 sabres,
591 1133 58 21 gun-

60 1157 95 27 powder,

87 1184 122 26 Tea-trays,
221 1182 49 23 loaf
276 1189 73 20 sugar,

88 1211 100 22 Marsala
199 1209 55 22 wine
264 1209 23 22 in
298 1209 73 26 hhds.,

88 1237 90 27 Brandy
189 1237 24 21 in
223 1236 74 25 hhds.,
308 1236 39 27 gin
357 1237 22 21 in
388 1234 75 27 hhds.,

87 1264 69 22 Table
166 1270 85 19 covers,
261 1270 91 21 pepper,
362 1263 86 26 ginger,
460 1261 71 23 China
540 1261 59 26 bats,

87 1291 71 26 Nails,
170 1298 29 13 an
214 1294 136 17 assortment
359 1289 25 22 of
397 1289 166 28 ironmongery,
579 1287 46 24 and
637 1295 13 15 a

61 1317 84 28 variety
155 1317 27 22 of
189 1317 65 22 other
263 1317 77 26 goods.

87 1350 31 22 Te
128 1350 54 26 Aro,
194 1349 81 22 March
285 1350 35 26 26,
333 1349 60 22 1844.

237 1403 129 27 Supreme
381 1402 93 21 Court.

60 1435 147 50 NOTICE
229 1436 30 22 IS
279 1435 128 23 HEREBY
423 1434 110 27 GIVEN,
550 1434 54 23 than
620 1441 29 15 an

141 1463 123 27 adjourned
275 1463 78 26 sitting
369 1463 27 21 of
402 1463 38 21 the
451 1463 108 30 Supreme
573 1462 75 26 Court,

59 1490 37 22 for
104 1489 36 23 the
152 1489 106 28 despatch
270 1489 25 22 of
302 1489 107 22 Criminal
420 1489 43 22 and
472 1489 57 22 Civil
539 1488 110 27 business,

61 1517 44 21 will
114 1517 29 21 be
153 1516 82 22 holden
247 1519 24 19 at
281 1516 38 22 the
329 1517 68 21 Court
409 1516 84 25 House,
504 1515 23 23 in
539 1514 111 27 Welling-

59 1546 46 23 ton,
117 1550 29 15 on
164 1543 110 27 Monday,
286 1543 38 22 the
333 1543 47 22 first
390 1543 26 22 of
424 1542 63 27 April
503 1545 63 23 next,
578 1545 23 19 at
610 1546 39 18 ten

60 1569 86 23 o'clock
164 1570 24 22 in
209 1569 37 22 the
265 1570 116 27 forenoon,
399 1572 24 19 at
439 1569 72 22 which
529 1569 55 22 time
604 1569 46 22 and

60 1597 63 27 place
133 1596 29 22 all
173 1604 92 18 persons
274 1597 73 21 under
356 1597 170 27 recognizances
534 1599 22 18 to
566 1603 84 20 appear

61 1624 71 21 either
141 1631 24 14 as
173 1623 150 26 Prosecutors,
333 1623 147 26 Defendants,
487 1630 23 14 oi
520 1623 127 25 Witnesses,

59 1658 38 15 are
107 1649 109 30 required.
220 1654 22 18 to
251 1650 52 27 give
315 1650 58 22 their
382 1650 144 22 attendance.

200 1700 6 8 ,
277 1683 97 22 Robert
389 1684 28 22 R.
430 1684 104 26 Strano,

337 1710 121 27 Registrar,

397 1737 112 22 Southern
520 1736 103 23 District.

89 1769 141 26 Wellington,
244 1768 82 22 March
337 1771 33 23 26,
383 1769 61 21 1844.

87 1815 98 22 Notice
201 1818 28 18 to
246 1816 153 25 Importers
416 1814 56 21 and
486 1814 126 22 Settlers.

62 1849 90 50 MR.
167 1849 22 23 J.
206 1848 137 23 GIBLETT
363 1848 24 22 of
409 1847 99 30 Sydney,
534 1855 73 15 owner
628 1848 22 22 of

152 1875 37 23 the
200 1877 54 20 Star
263 1876 28 24 of
302 1877 73 25 China,
387 1883 13 15 a
411 1875 89 27 regular
510 1875 80 26 trader,
603 1875 46 22 will

59 1906 93 20 execute
163 1903 76 23 orders
249 1903 35 23 for
294 1902 61 23 stock
367 1903 44 21 and
428 1902 70 27 goods
514 1902 136 22 deliverable

60 1933 24 19 at
103 1930 53 22 Port
175 1929 126 23 Nicholson
325 1936 38 21 per
387 1934 83 18 return.
514 1929 45 22 For
580 1932 70 19 terms

59 1957 67 28 apply
136 1960 22 18 to

318 1982 119 22 Wn.i-i.AM
448 1982 174 22 Fitzh'erbert.

87 2014 145 28 Wellington,
246 2014 81 23 March
338 2015 35 25 26,
383 2015 64 21 1544.

169 2059 96 21 Devon
280 2058 94 25 Hfetel,
390 2056 149 23 Taranaki.

58 2090 105 50 IN.
172 2086 6 5 '
188 2090 92 22 WATT
300 2081 55 34 tegs
376 2093 57 17 most
456 2088 147 28 respectfully
628 2091 22 19 to

131 2117 83 23 inform
224 2117 35 21 his
268 2116 85 22 friends
364 2120 22 18 at
399 2115 144 28 Wellington,
555 2115 49 22 that
623 2114 27 22 he

58 2145 41 21 has
108 2143 122 23 succeeded
242 2148 22 18 to
277 2143 37 22 the
325 2143 71 21 above
407 2141 114 29 premises,
532 2142 25 22 in
578 2141 72 23 which

59 2171 28 22 he
107 2172 18 21 is
140 2171 92 26 making
249 2171 116 21 extensive
380 2169 138 26 alterations,
540 2169 54 22 with
613 2169 37 21 the

59 2198 56 22 view
145 2198 26 22 of
199 2197 132 27 increasing
360 2196 37 23 the
422 2196 169 22 accomodation
616 2195 34 22 for

58 2226 95 21 visitors.

84 2256 121 23 Taranaki.
217 2255 83 23 March
310 2258 21 23 8,
344 2256 60 21 1844.
443 2257 6 6 '
471 2253 4 4 '
503 2259 4 4 '

58 2301 186 51 LANDING,
254 2308 28 16 ex
295 2302 112 25 Governor,
418 2301 43 21 and
472 2301 35 21 for
515 2301 46 21 sale
572 2303 23 19 at
611 2300 38 22 the

134 2330 75 21 Stores
221 2329 25 21 of
253 2329 37 21 the
305 2327 180 28 undersigned

85 2364 21 21 A
117 2362 76 23 choice
205 2367 135 18 assortment
350 2363 24 21 of
388 2363 75 26 wines,
475 2362 122 27 consisting
610 2361 39 22 of:

85 2390 144 27 Champagne
240 2390 23 21 in
276 2390 60 27 pints
347 2390 137 27 and'quarts,

80 2417 130 28 .Burgundy
221 2416 23 23 in
253 2417 62 28 pints
325 2417 46 22 and
380 2416 85 28 quarts^
465 2418 2 4 1

82 2444 85 27 jQaret,
185 2443 65 27 hock,
263 2444 106 26 onoselle,
387 2443 76 27 luneih
475 2442 91 27 Lisbon,
579 2442 43 23 and
637 2449 13 14 a

50 2470 51 23 vtt
107 2474 66 24 -casfcs
184 2470 26 28 of
218 2477 54 21 very
282 2471 100 27 superior
399 2470 38 23 old
449 2473 49 24 port
508 2470 45 21 and
563 2470 86 27 sherry,

38 2515 8 10 A
83 2498 100 25 Quarter
197 2497 66 23 casks
278 2498 27 21 of
316 2501 57 25 port,
383 2496 73 23 hhds.'
461 2497 26 22 of
494 2496 95 28 brandy,
606 2496 44 22 and

58 2531 61 16 cases
126 2524 27 25 of
153 2524 112 27 HGreneva,

87 2552 55 22 Also
153 2559 14 14 a
176 2551 43 22 few
228 2558 63 16 cases
301 2551 27 22 of
336 2558 52 21 very
398 2550 100 30 superior
507 2550 92 29 liquers,

75 2578 99 24 .Bottled
186 2582 60 19 stout
254 2578 25 23 in
289 2578 63 22 three
362 2578 71 23 dozen
444 2578 71 27 casks,
528 2604 5 5 _

84 2607 24 25 A
117 2604 66 24 small
193 2609 134 19 assortment
338 2606 24 21 of
369 2605 70 23 ladies
449 2604 58 23 neck
518 2604 48 27 ties,
578 2603 72 23 hand-

47 2632 128 27 .ierchiefs,
188 2633 40 22 &c.

86 2660 22 22 A
119 2660 43 22 few
178 2659 102 25 Victoria
299 2659 78 29 plaids,
395 2659 27 22 de
442 2658 60 24 lame
521 2658 45 23 and
587 2658 63 23 other

56 2686 96 28 iflr-esses,

80 2714 86 22 Xreuts.
173 2717 92 19 cravats
271 2713 44 23 and
322 2713 70 23 scarfs
399 2714 24 22 of
432 2712 38 23 the
475 2713 67 22 latest
549 2715 101 27 patterns

51 2740 29 23 -in
90 2745 63 21 great
161 2741 95 27 variety,

86 2767 78 24 Bloom
175 2768 46 22 and
229 2766 113 24 Valencia
351 2767 79 23 raisins
440 2768 25 22 in
474 2767 79 28 boxes,

87 2795 113 26 Currants,
213 2794 78 23 drums
301 2795 26 21 of
336 2795 49 27 figs,

87 2822 49 23 Soft
144 2821 59 25 shell
213 2822 104 22 almonds
327 2822 46 22 and
383 2821 125 23 Barcelona
517 2825 60 23 nuts,

85 2848 94 24 Bottled
186 2848 75 27 fruits,
273 2848 93 28 pickles,
377 2855 86 20 sauces,
474 2848 78 27 olives,
562 2849 42 22 fire.

87 2875 133 27 Normandy
230 2875 91 28 pippins
330 2875 23 23 in
364 2875 96 27 baskets,

88 2899 96 25 Ground
190 2901 104 23 Jamaica
303 2902 85 27 ginger,
397 2909 102 22 cayenne
508 2909 89 22 pepper,
606 2901 44 23 and

54 2929 93 30 jgrpund
157 2928 131 23 cinnamon.

460 2955 75 23 Levin
550 2956 21 21 8c
585 2956 39 22 Co.

89 2982 82 24 March
182 2983 20 26 8,
214 2983 62 21 1341.
