3290 4360
1086 2228 124 18 VISITORS'
1224 2230 62 17 LIST.

1035 2275 88 18 Beknt's
1136 2275 113 18 Batiigatk
1261 2275 77 19 House,

993 2306 106 18 Mesdames
1120 2307 92 17 Franklin
1233 2308 75 23 Sydney
1317 2314 5 15 ;
1343 2308 50 19 Hatu-

971 2329 62 21 tnond,
1043 2329 121 23 Melbourne;
1180 2331 99 21 Cranwell,
1294 2331 110 22 Auckland;

971 2354 76 21 Cooper,
1073 2352 108 24 Wanganui
1191 2359 5 16 ;
1223 2354 68 23 Geary,
1313 2355 77 18 N.S.W.
1400 2352 4 25 ;

971 2376 69 21 Cadell,
1050 2374 105 24 Hillstone;
1164 2377 79 18 Dobson
1249 2378 36 17 and
1290 2378 55 21 maid,
1350 2379 41 22 Eng-

971 2400 50 20 land;
1029 2399 90 22 Melville,
1124 2399 139 24 TeAwamutu;
1272 2399 64 21 James
1341 2402 63 21 Shaw,

971 2423 111 22 Coolgardie
1093 2423 4 25 ;
1120 2423 87 21 Manson,
1232 2425 97 23 Foilding;
1349 2426 55 20 Kerr,

971 2445 85 23 Sydney;
1075 2447 113 20 Cattauaeh,
1205 2448 111 20 Auckland;
1338 2449 68 17 Misses

971 2468 107 20 Hammond
1089 2469 32 24 (2),
1136 2470 122 22 Melbourne;
1281 2470 48 19 Miss
1341 2472 63 21 Train,

971 2493 118 22 Wanganui;
1109 2493 86 17 McLean
1216 2491 33 26 (2),
1275 2494 116 23 Wellington
1400 2491 3 26 ;

971 2517 57 19 Price,
1037 2516 82 17 Hawkes
1126 2517 50 22 Bay;
1188 2517 98 21 Eoulston,
1296 2517 109 23 Pukekohe;

971 2540 60 19 Sbaw,
1049 2539 118 23 Coolgardie,
1202 2540 81 22 Captain
1300 2541 104 23 Chapman,

971 2562 74 21 Tahiti;
1071 2563 28 17 Dr
1117 2564 60 21 Barry
1192 2564 20 17 T.
1228 2564 80 21 Kussell,
1326 2565 78 20 Dublin,

972 2582 84 24 Ireland;
1071 2587 46 16 Rev.
1136 2587 54 17 Dean
1211 2587 88 23 Slattory,
1317 2588 87 23 Sydney;

971 2609 46 17 Von.
1035 2609 122 18 Archdeacon
1183 2610 97 22 Williams,
1302 2612 25 16 To
1343 2612 61 20 Autc;

972 2633 44 16 Rev.
1038 2632 70 17 Father
1127 2632 61 23 Hays,
1204 2634 85 22 Sydney;
1312 2635 45 17 Rev,
1375 2635 31 17 Mr

972 2656 68 19 Nixon,
1063 2656 110 21 Auckland;
1196 2657 51 22 Very
1267 2658 46 17 Rev.
1336 2658 19 17 C.
1379 2658 26 17 11.

972 2679 51 21 Kirk,
1033 2679 107 23 Wanganui
1149 2679 3 23 ;
1167 2679 47 19 Rev.
1228 2681 71 17 Father
1314 2681 28 17 La
1354 2682 39 16 Ren-

971 2702 56 20 natol,
1038 2702 75 22 Sydney
1120 2702 4 24 ;
1139 2703 28 17 Dr
1175 2703 91 23 Chappie,
1276 2705 117 21 Wellington
1400 2702 4 24 ;

972 2726 79 21 Captain
1061 2726 64 22 Carty,
1135 2726 48 17 New
1192 2726 53 18 York
1253 2726 4 22 ;
1271 2728 69 19 Messrs
1349 2728 43 17 Man-

972 2755 39 14 son,
1026 2749 89 22 Foilding
1124 2749 3 24 ;
1147 2749 99 22 Cranwell,
1257 2750 79 23 Delany,
1346 2750 48 18 Lind-

972 2778 39 16 say,
1021 2772 17 17 J.
1049 2772 24 17 D.
1083 2771 100 24 Connolly,
1199 2773 107 22 (American
1321 2774 84 23 Consul),

972 2795 37 17 and
1031 2795 112 23 Cattanach,
1165 2797 110 20 Auckland;
1306 2798 99 20 Roulston,

973 2817 110 20 Pukekohe;
1103 2818 25 18 H.
1146 2819 63 22 Jones,
1228 2820 18 17 J.
1265 2820 69 21 Lands,
1352 2821 41 22 Eng-

972 2842 54 20 land;
1041 2842 109 22 Gallighan,
1161 2843 83 22 Chicago
1251 2849 5 16 ;
1276 2844 67 23 Floyd,
1357 2844 37 23 Syd-

970 2871 48 17 ney;
1032 2865 24 17 N.
1071 2865 24 17 E,
1110 2865 64 21 Gibbs,
1195 2866 122 23 Melbourne;
1344 2868 62 20 Train,

973 2888 120 23 Wanganui;
1117 2888 22 18 L.
1162 2889 72 21 Dorlot,
1256 2890 64 22 Perth,
1343 2889 63 23 W.A.;

974 2912 54 16 STl'aw
1046 2911 26 23 (2)
1091 2912 121 23 Coolgardie;
1233 2913 79 21 Abbott,
1340 2914 66 21 senior,

974 2934 192 22 Franklin,'Abbott,
1180 2935 78 22 Arnold,
1280 2937 65 20 Webb,
1358 2936 36 23 Syd-

973 2964 36 16 ney
1019 2958 3 23 ;
1036 2958 91 20 McLean,
1144 2959 133 22 Queensland;
1298 2961 66 20 Lewis,
1383 2961 24 16 Te

974 2981 111 21 Awaniutu;
1107 2981 67 23 Geary,
1191 2982 87 22 N.S.W.;
1300 2983 106 21 Tattersall,

974 3004 95 19 England,

1109 3051 73 19 Grand
1191 3053 77 17 Hotel.

997 3082 152 22 McsdamesLee,
1155 3083 66 21 Erucc,
1226 3084 98 21 Adelaide;
1332 3085 75 22 Wright

974 3106 37 17 and
1036 3106 56 21 maid,
1120 3106 100 22 England;
1244 3107 75 23 Shrimp
1320 3110 32 15 ton
1371 3108 37 17 and

976 3129 54 20 maid,
1058 3129 82 17 ILiwkcs
1157 3130 51 22 Bay;
1226 3130 181 24 Logan-Campbell,

976 3152 107 22 Gallagher,
1093 3152 110 23 Auckland;
1218 3153 22 17 E.
1254 3153 18 18 J.
1287 3154 64 21 Dunn,
1367 3154 40 18 Vic.

975 3175 51 17 Prof.
1036 3175 75 21 Brown,
1127 3176 66 17 Misses
1210 3177 76 19 Brotvn,
1302 3178 104 16 Alio'land.

975 3198 124 17 Commander
1113 3199 73 23 Yonge;
1211 3200 52 17 Hon.
1280 3201 21 16 P.
1319 3201 78 21 Marjori-

974 3221 64 21 bariks,
1056 3221 101 23 England;
1180 3222 70 18 Messrs
1271 3224 68 20 Elwin,
1357 3224 23 17 11.
1390 3224 18 17 J.

976 3243 93 24 Badgery,
1079 3245 18 17 -T.
1117 3245 76 21 Scoliill,
1211 3243 88 25 N.S.W.;
1317 3247 91 21 Webster,

976 3267 80 23 Wright,
1075 3268 78 21 Martin,
1172 3269 26 22 (2)
1216 3267 101 25 England;
1340 3270 68 22 Gould,

976 3291 132 17 Christehurch
1117 3291 3 23 ;
1136 3292 69 22 Ingnll,
1225 3293 43 16 Auo'
1275 3293 46 18 land
1333 3291 3 23 ;
1355 3294 53 19 Bicli,

977 3314 98 20 Okoroirc;
1090 3314 93 21 Fletcher,
1193 3316 47 17 New
1257 3316 63 22 York;
1334 3317 74 22 Taylor,

978 3337 107 21 McKenzie,
1096 3338 26 16 W.
1135 3339 102 17 Australia.

1104 3384 83 18 Geyser
1203 3385 78 18 Hotel.

999 3414 54 22 Lady
1073 3413 88 22 Halford,
1179 3416 100 23 England;
1304 3417 106 18 Mesdames

976 3438 126 22 BeUinghain,
1111 3439 119 22 Coolgardie;
1238 3439 82 22 Forster,
1327 3440 81 23 Sydney;

977 3460 97 21 Ttirnbull,
1085 3461 90 18 Scotland
1183 3460 4 24 ;
1206 3462 114 22 Blackburn,
1338 3464 71 20 Kai'es,

977 3483 126 26 Wellington;
1124 3485 81 19 Ireland,
1222 3486 81 20 Fowlds,
1322 3487 87 22 Burgess,

977 3507 85 18 Browne,
1073 3507 77 20 Schi-rff,
1160 3508 75 20 Bullen,
1250 3509 81 24 Massey,
1347 3511 50 16 Auck-

977 3530 46 17 limd
1030 3530 4 21 ;
1048 3530 67 19 Smith,
1127 3531 68 20 Abbot,
1202 3532 117 19 Melbourne.
1344 3533 67 18 Misses

977 3553 48 17 Beid
1045 3553 33 22 (2),
1104 3553 99 22 Turnbnll,
1226 3553 80 24 Forstor,
1327 3556 82 21 Nuttiill,

977 3577 63 20 Davis,
1050 3577 87 17 Mitchell
1152 3577 32 23 (2),
1203 3578 104 23 McGaliey,
1325 3580 84 21 Murray,

978 3599 57 21 Scale,
1045 3599 76 23 Massey
1130 3599 33 24 (2),
1175 3598 110 25 Auckland;
1301 3598 108 25 Bi'adslia\V,

977 3622 97 23 England,
1097 3623 70 18 Messrs
1176 3624 123 21 Hicliardson,
1311 3626 98 20 Swansea;

978 3646 126 21 Bellingham,
1120 3646 62 21 Shaw,
1196 3648 124 22 (Joolgardie;
1337 3648 61 18 Dobin-

979 3675 38 14 son,
1029 3669 68 22 Moyle,
1109 3669 67 21 Smith,
1186 3670 87 22 Stewart,
1282 3671 69 21 Abbot,
1361 3672 37 17 Mol-

978 3692 70 17 bourne
1056 3692 3 24 ;
1074 3692 98 21 Turnbull,
1183 3693 83 20 Nathan,
1274 3695 46 19 Bell,
1329 3695 82 21 Fowlds,

979 3715 79 22 Sprugg,
1069 3716 86 19 Browne,
1163 3716 82 23 Massey,
1256 3718 79 22 Girling,
1347 3718 51 17 Auck-

978 3738 50 20 land;
1042 3738 77 22 Young,
1129 3739 93 22 Whiting,
1230 3740 17 17 S.
1256 3740 69 21 Africa;
1339 3741 71 22 Digby,

978 3761 100 21 Adelaide;
1100 3762 73 20 Baikes,
1195 3763 129 23 Wellington;
1354 3765 57 16 Irwin

978 3784 78 21 Wilson,
1063 3784 125 23 Whangarei;
1198 3786 101 18 Morrison.
1306 3787 105 22 Urcjuhart,

978 3807 71 22 Napier
1057 3806 4 25 ;
1083 3806 113 22 Blachburn,
1215 3808 53 18 Mark
1270 3809 50 22 heir,
1345 3810 66 21 Grant,

979 3830 99 22 England;
1100 3831 75 22 Hayrxe,
1191 3830 99 24 Failding;
1309 3833 102 21 Robinson,

979 3853 53 20 Boss,
1042 3853 18 16 iVI
1065 3859 61 16 unuy,
1143 3854 76 22 Sydney
1228 3853 3 25 ;
1251 3855 54 18 Dean
1319 3857 92 21 Marryat,

979 3874 101 22 Adelaide;
1091 3876 45 17 Rev.
1144 3877 88 22 Burgnss,
1244 3878 39 17 Auc
1297 3879 54 20 land;
1365 3880 46 17 Bev.

979 3899 63 22 Kelly,
1051 3899 100 23 England;
1166 3900 64 22 Major
1243 3901 96 21 Edwards,
1351 3902 49 18 Auck-

979 3921 51 18 land.

1019 3969 127 18 Mokoia
1167 3969 106 18 View.

1003 4000 106 18 Mosdames
1126 4001 96 21 Bowman,
1241 4003 80 22 Napier;
1343 4004 70 21 White,

1128 4024 66 17 Missus
1203 4026 49 22 Kay,
1261 4026 25 17 To
1301 4027 100 18 Awamutu
1409 4023 3 25 :

980 4047 28 16 AVI
1012 4046 20 17 lit
1034 4052 15 15 o,
1220 4049 97 21 Bowman,
1336 4050 77 23 Napier.

980 4069 69 18 Messrs
1058 4069 115 23 Ilaininond,
1187 4071 99 22 Marshall,
1303 4073 98 17 Auckland
1410 4069 3 25 ;

980 4092 94 21 Chubliin,
1096 4094 121 17 Huntervillo
1226 4092 4 28 ;
1257 4096 96 20 Bowman,
1380 4096 33 24 (2),

980 4116 90 19 Hntwcll,
1100 4116 80 23 Napier;
1206 4118 28 17 Pa,
1235 4123 25 16 it,
1282 4118 131 23 Canterbury;

980 4139 68 21 Tyson,
1060 4138 97 27 Waikato;
1179 4140 69 22 North,
1265 4141 85 24 Sydney;
1372 4142 42 18 Mc-

980 4161 58 21 Pheo,
1046 4161 127 25 Wellington;
1189 4163 89 23 Sperreri,
1288 4165 94 18 Dunedin,

1540 143 58 17 Lake
1614 143 70 18 House
1697 144 78 17 Hotel.

1464 165 106 18 Mosdames
1580 166 64 20 Owen,
1651 167 134 17 Christclmrch
1794 165 3 22 ;
1813 167 62 17 Smith

1440 188 100 21 Auckland
1547 195 5 14 ;
1566 190 68 19 Moses,
1644 190 68 19 Burke,
1722 190 91 20 K.S.W.;
1828 190 36 22 Jag-

1440 217 39 18 ger,
1489 212 100 18 Ri'muera:
1618 213 67 17 Misses
1701 213 93 21 Murchie,
1811 214 52 17 Auck-

1439 231 46 28 land
1492 231 4 28 ;
1523 235 72 21 Hums,
1623 236 146 21 Okristclmroh;
1776 231 4 28 -
1795 237 80 22 Jagger.

1439 258 45 17 Hon
1494 258 28 17 W,
1533 258 22 18 L.
1574 259 74 20 Sinlms,
1667 260 42 17 S.A.
1723 260 29 17 Dr
1768 259 107 23 Stapleton,

1439 281 28 16 Dr
1476 281 119 23 Macgrogof,
1606 282 97 17 Professor
1711 283 88 20 Thomas,
1809 283 52 17 Auck-

1438 304 46 17 land
1491 304 4 24 ;
1515 304 64 23 Judge
1604 305 43 19 Gill,
1671 306 112 22 Tauranga;
1805 306 70 17 Messrs

1438 327 55 22 Leys,
1504 327 122 23 McDougall,
1634 329 97 21 Aldi-idgc,
1739 329 68 20 Smitli,
1818 329 57 22 Davy

1438 350 84 21 Hooker,
1534 351 79 20 Holder,
1624 348 65 24 JJcale,
1700 352 71 20 Stuart,
1787 352 87 22 Mynote,

1439 373 73 18 Master'
1531 374 108 21 McKenzio,
1665 375 98 17 Auckland
1773 373 4 22 ;
1809 375 64 20 Owen,

1438 397 20 16 H
1464 397 48 18 mis,
1531 397 86 22 Hughes,
1635 397 134 18 Christchurch
1779 397 4 22 ;
1808 398 65 19 Collie,

1438 419 50 21 Bolt,
1497 415 71 24 James.!
1578 420 54 22 S.A.;
1646 419 69 23 Fidler,
1726 421 78 23 Sydney
1811 428 5 14 ;
1827 421 47 17 Hall

1438 442 95 24 Harding,
1674 444 78 23 Jagger,
1768 445 104 20 Remuera;

1437 466 109 23 Gallagher,
1559 466 105 18 Auckland.

1568 513 42 18 The
1624 513 113 18 Langham.

1460 536 107 17 Mesdames
1575 536 78 20 Wilson,
1661 537 103 20 Winstono,
1773 537 99 17 Auckland

1436 559 67 20 Green,
1526 559 87 22 Sydney;
1639 560 106 18 Rodbeard.
1773 559 97 23 England:

1435 582 67 17 Missis
1512 582 77 20 Martin,
1596 583 109 21 Auckland;
1715 583 84 19 Horton,
1808 584 50 16 Rock-

1435 605 93 23 harupton
1536 605 4 23 ;
1557 605 66 21 Frean,
1638 606 114 20 Pickworth,
1761 606 48 20 Hill,
1826 607 44 17 N.S.

1436 628 71 21 Wales;
1522 629 109 20 Buchanan,
1650 629 87 20 Parnell;
1758 630 70 17 Messrs
1838 630 22 16 In-

1435 651 42 22 glis,
1488 649 110 24 Devonport
1604 652 114 20 ;Tarawhiti,
1726 652 83 23 Huntly;
1818 652 39 18 Win-

1435 676 59 18 stone,
1505 675 77 19 Martin,
1594 673 109 23 Auckland;
1714 675 83 21 Horton,
1808 676 50 16 Rock-

1434 698 99 22 hampton,
1543 698 64 22 Judge
1616 698 77 17 Wilson.

1434 873 56 19 THE
1509 873 56 19 HOT
1584 873 94 19 LAKES
1697 873 169 19 CHRONICLE

1434 883 432 9 AND

1434 883 216 9 Tourists'
1674 883 192 9 Journal.

1434 873 182 22 WEDNESDAY,
1623 873 141 19 FEBRUARY
1771 877 85 18 19,1896.

1432 932 23 16 It
1464 931 15 17 is
1488 932 97 21 Kcnorally
1594 932 92 22 supposed
1696 932 42 17 that
1747 939 24 11 on
1780 933 33 17 the
1818 933 40 17 dire-

1432 955 28 17 ful
1475 955 58 21 night
1544 955 19 17 in
1581 956 44 15 18N(j
1643 955 53 17 when
1714 956 99 16 Tarawera
1830 962 37 12 was

1431 979 42 16 rent
1486 978 82 17 asunder
1582 978 41 17 that
1638 978 32 17 the
1685 979 48 16 Pink
1750 979 38 17 and
1805 979 62 18 White

1431 1001 88 17 Terraces
1528 1007 48 11 were
1591 1002 63 16 blown
1669 1002 41 17 into
1726 1002 33 17 the
1774 1002 35 17 air.
1844 1002 23 18 So

1431 1024 29 17 far
1471 1030 20 11 as
1500 1024 33 18 the
1542 1024 48 17 Pink
1599 1024 77 18 Terrace
1684 1025 16 17 is
1712 1026 104 16 concerned
1830 1026 37 17 this

1430 1047 34 17 has
1473 1047 47 17 been
1530 1054 44 15 very
1588 1048 68 22 clearly
1671 1049 147 20 demonstrated,
1832 1049 35 17 but

1430 1071 54 16 there
1492 1071 16 17 is
1514 1077 25 11 no
1547 1071 85 17 absolute
1645 1071 55 22 proof
1708 1071 43 18 that
1760 1072 32 17 the
1804 1073 63 17 White

1430 1094 78 17 Terrace
1524 1094 66 17 shared
1604 1094 32 17 the
1649 1098 51 13 same
1717 1096 44 16 fate.
1787 1095 31 17 On
1834 1096 33 17 the

1430 1118 56 16 other
1501 1117 52 17 hand
1569 1117 32 17 the
1618 1118 69 21 guides,
1703 1118 63 17 whose
1781 1118 86 18 business

1430 1141 96 21 naturally
1536 1140 63 18 makes
1611 1141 50 17 them
1676 1141 48 17 close
1733 1141 37 17 and
1779 1143 88 16 accurate

1430 1164 103 20 observers,
1543 1170 31 11 are
1583 1165 19 16 of
1611 1164 76 22 opinion
1693 1165 42 16 that
1741 1165 37 16 this
1785 1165 82 18 sublime

1430 1187 94 22 specimen
1547 1188 20 16 of
1587 1187 88 17 Nature's
1701 1188 112 17 handiwork
1833 1189 34 17 lies

1429 1210 67 17 buried
1505 1211 80 16 beneath
1595 1211 32 17 the
1635 1211 75 22 deposit
1715 1212 19 16 of
1740 1211 45 17 mud
1791 1212 74 17 thrown

1429 1235 34 16 out
1477 1233 25 23 by
1517 1234 33 17 the
1566 1233 130 19 Rotomahana
1712 1235 93 22 eruption.
1820 1235 34 17 Sur-

1429 1263 50 16 veys,
1489 1257 16 17 it
1513 1258 16 15 is
1538 1258 42 17 true
1588 1257 47 17 have
1642 1258 47 16 been
1698 1258 61 19 made,
1769 1258 38 17 and
1813 1259 54 16 these

1429 1285 25 16 go
1463 1282 20 15 to
1492 1280 53 18 show
1554 1280 41 17 that
1609 1280 32 18 the
1656 1282 66 16 waters
1738 1282 20 16 of
1774 1281 34 18 the
1823 1282 43 17 lake

1428 1309 32 11 are
1476 1309 44 11 now
1534 1303 55 17 much
1606 1304 68 21 higher
1689 1305 47 16 than
1752 1305 65 17 before
1834 1305 32 17 the

1428 1327 95 22 eruption,
1538 1327 35 17 but
1581 1333 23 11 on
1614 1327 32 18 the
1662 1328 54 16 other
1729 1327 51 18 hand
1794 1328 58 22 photo-

1428 1350 72 22 graphs
1509 1350 62 17 whioh
1579 1350 47 18 Lave
1634 1350 47 17 been
1690 1351 55 18 taken
1764 1351 50 17 since
1828 1351 38 18 and

1429 1373 101 22 compared
1540 1374 45 16 with
1594 1374 53 16 those
1661 1374 20 16 of
1694 1380 11 10 a
1719 1374 43 17 date
1778 1374 52 23 prior
1845 1376 20 16 to

1428 1397 33 16 the
1470 1398 56 15 event
1535 1397 51 17 show
1597 1397 50 17 little
1661 1398 92 22 apparent
1766 1397 99 18 difference

1428 1419 19 17 in
1456 1420 33 17 the
1498 1420 54 17 level.
1586 1420 19 17 It
1614 1421 15 16 is
1642 1420 32 17 the
1683 1419 76 23 opinion
1769 1421 20 17 of
1797 1427 24 11 an
1831 1427 23 11 en-

1428 1443 66 22 gineer
1510 1443 43 17 who
1569 1443 68 18 visited
1659 1444 98 17 Tarawera
1781 1444 84 23 recently

1428 1466 43 17 that
1480 1466 32 17 the
1519 1466 143 18 non-existence
1670 1468 21 16 of
1698 1467 33 17 the
1747 1468 64 16 White
1820 1468 34 17 Tor-

1428 1494 42 13 race
1479 1489 15 17 is
1503 1495 25 11 an
1538 1490 103 22 extremely
1654 1492 52 15 moot
1715 1491 59 21 point,
1793 1491 38 17 and
1840 1491 23 17 ho

1428 1513 129 16 recommends
1574 1513 42 17 that,
1632 1513 68 21 boring
1718 1513 107 23 operations
1841 1514 24 17 be

1428 1536 120 17 commenced
1558 1542 24 11 on
1590 1536 24 17 its
1624 1536 34 18 site
1667 1537 46 16 with
1722 1543 11 10 a
1743 1538 47 16 view
1797 1539 21 15 to
1827 1539 28 16 set-

1428 1559 26 17 tle
1463 1560 33 16 the
1502 1559 66 18 doubt.
1583 1560 15 16 A
1604 1566 43 15 very
1655 1560 55 17 small
1717 1566 40 11 sum
1764 1560 20 17 of
1789 1566 74 17 money,

1428 1582 59 17 about
1497 1582 56 22 l5O,
1564 1583 62 17 would
1642 1589 54 11 cover
1714 1584 31 16 the
1754 1585 40 16 cost
1804 1584 20 16 of
1832 1585 33 16 the

1428 1605 134 24 undertaking.
1588 1606 32 17 We
1635 1606 23 18 do
1667 1608 33 16 not
1715 1607 30 17 for
1752 1613 12 11 a
1780 1609 85 16 moment

1428 1629 61 17 doubt
1497 1630 33 16 the
1540 1635 90 17 accuracy
1639 1630 20 17 of
1675 1630 32 17 the
1724 1636 77 16 surveys
1811 1630 53 17 made

1427 1652 50 17 after
1484 1652 32 18 the
1525 1653 93 22 eruption,
1629 1653 29 17 for
1672 1653 45 22 they
1726 1659 48 11 were
1790 1659 64 12 necess-

1427 1675 49 23 arily
1485 1676 72 17 carried
1566 1677 33 16 out
1607 1677 44 16 with
1662 1677 32 16 the
1701 1678 83 20 greatest
1792 1677 62 17 exacti-

1428 1699 51 20 tude,
1489 1699 36 17 but
1541 1699 87 23 previous
1644 1705 77 17 surveys
1737 1706 48 11 were
1802 1700 20 17 in
1839 1700 26 17 all

1427 1722 115 23 probability
1554 1723 54 16 much
1620 1729 49 10 more
1686 1721 98 24 carelessly
1801 1722 61 21 made,

1427 1745 38 17 and
1474 1752 31 10 are
1514 1746 92 22 certainly
1622 1752 48 16 open
1687 1748 19 15 to
1724 1747 92 22 question.
1843 1747 19 17 If

1427 1769 26 21 by
1462 1768 70 24 boring
1540 1769 15 17 it
1571 1775 47 11 were
1635 1769 115 18 ascertained
1767 1770 43 17 that
1827 1770 38 17 this

1428 1792 74 22 deposit
1518 1793 20 16 of
1554 1793 51 16 silica
1618 1799 48 10 were
1683 1793 39 16 still
1738 1793 19 16 in
1775 1793 38 17 situ
1830 1793 33 17 the

1427 1816 168 21 superincumbent
1602 1822 49 11 mass
1667 1816 19 17 of
1702 1816 45 17 mud
1764 1816 37 17 and
1811 1817 54 16 ashes

1427 1838 63 21 might
1505 1839 22 16 be
1545 1839 57 22 easily
1618 1839 87 18 removed
1722 1839 25 22 by
1763 1845 65 12 moans
1845 1840 20 17 of

1427 1861 100 23 hydraulic
1543 1868 63 16 power
1614 1863 20 16 in
1648 1863 60 17 which
1719 1863 31 17 the
1768 1865 67 15 waters
1844 1863 21 17 of

1428 1886 32 16 the
1469 1885 43 17 lake
1520 1886 63 22 might
1593 1886 22 17 he
1624 1885 81 18 utilised,

1428 1940 29 16 At
1472 1940 33 16 tlio
1521 1939 107 17 conclusion
1646 1939 20 17 of
1680 1939 32 18 the
1726 1938 68 24 special
1811 1940 41 17 busi-

1429 1968 41 11 ness
1482 1962 63 17 which
1554 1961 89 23 occupied
1655 1962 33 18 the
1700 1962 93 18 attention
1803 1963 20 18 of
1832 1963 30 17 the

1428 1986 57 16 Town
1496 1986 63 16 Board
1569 1988 20 14 at
1604 1986 33 16 the
1651 1985 83 24 meeting
1750 1992 25 10 on
1792 1985 70 23 Friday

1427 2009 38 17 last
1474 2009 33 17 the
1522 2007 118 25 desirability
1656 2009 21 16 of
1691 2009 68 23 taking
1776 2010 51 22 steps
1833 2010 20 17 to-

1428 2032 61 18 wards
1498 2032 32 17 the
1536 2032 125 24 establishing
1668 2033 20 16 of
1696 2039 11 10 a
1720 2033 71 16 branch
1809 2032 53 18 Bank

1428 2057 20 15 at
1456 2056 87 16 Rotorua
1555 2061 39 12 was
1609 2055 81 18 mooted.
1715 2055 40 17 The
1771 2055 91 19 members

1427 2080 76 20 present
1512 2079 98 22 expressed
1627 2079 50 17 their
1693 2077 90 24 approval
1792 2080 21 16 of
1829 2079 33 17 the

1428 2102 47 20 idea,
1485 2102 37 17 and
1531 2108 13 11 a
1556 2102 80 22 petition
1647 2108 39 11 was
1701 2102 64 17 drawn
1783 2108 26 16 up
1825 2103 37 16 and

1428 2124 66 23 signed
1503 2125 26 23 by
1536 2126 54 16 those
1599 2127 80 20 present.
1704 2124 39 18 The
1759 2126 103 17 document

1427 2154 43 12 now
1479 2149 34 17 lies
1522 2150 21 15 at
1551 2148 32 18 the
1589 2149 116 17 ClllloxiCXK
1723 2147 52 19 office
1781 2149 30 17 for
1823 2149 30 22 sig-

1427 2173 74 15 nature.
1527 2172 55 16 Home
1592 2172 59 16 weeks
1657 2178 43 16 ago,
1708 2172 54 16 when
1772 2173 32 15 the
1814 2174 36 15 mat-

1427 2195 29 17 ter
1468 2201 39 11 was
1516 2195 60 23 urged
1583 2195 19 17 in
1610 2195 52 17 these
1671 2195 84 17 columns
1766 2195 33 17 the
1808 2195 44 22 opin-

1427 2218 31 17 ion
1468 2224 39 11 was
1523 2218 100 23 expressed
1639 2218 43 17 that
1698 2218 68 23 failing
1787 2219 33 16 the
1828 2224 23 17 ap-

1428 2241 108 23 pointment
1546 2242 20 16 of
1574 2248 10 10 a
1594 2241 80 17 resident
1687 2242 58 23 agent
1754 2247 24 12 an
1795 2242 67 17 official

1428 2265 62 21 might
1496 2265 24 16 ho
1529 2265 66 22 spared
1606 2265 48 17 from
1663 2271 35 11 one
1707 2265 21 17 of
1736 2265 32 17 the
1777 2263 85 25 agencies

1427 2288 58 22 along
1494 2288 32 17 the
1534 2288 39 17 line
1581 2289 20 16 to
1617 2293 37 18 pay
1670 2294 10 11 a
1697 2288 71 22 weekly
1783 2288 44 17 visit
1844 2290 18 15 to

1428 2312 90 16 Rotorua.
1545 2312 37 16 For
1588 2311 37 17 this
1633 2311 54 17 small
1699 2317 61 17 mercy
1769 2312 33 16 the
1811 2317 39 12 com-

1428 2335 76 21 munity
1518 2335 64 17 would
1601 2335 20 16 be
1649 2335 96 20 thankful,
1763 2335 38 17 and
1818 2341 44 11 even

1428 2358 45 17 with
1484 2358 33 17 (he
1536 2358 82 22 prestige
1633 2358 68 22 gained
1716 2356 26 24 by
1759 2359 33 16 the
1804 2359 58 16 Town

1428 2381 61 16 Board
1500 2387 43 10 now
1558 2381 77 21 moving
1648 2381 19 17 in
1677 2381 31 17 the
1717 2383 70 16 matter
1795 2387 28 11 we
1832 2387 30 12 are

1427 2405 34 16 not
1474 2402 57 24 likely
1540 2406 21 15 to
1569 2406 32 20 gel
1611 2404 54 18 much
1679 2410 57 13 more.

1427 2450 104 23 LOCAL
1545 2450 97 23 NEWS
1665 2450 70 23 AND
1750 2451 102 22 NOTES.

1451 2506 85 18 Tourists
1557 2506 101 24 travelling
1674 2507 85 17 between
1778 2507 86 19 Eotorua

1428 2530 37 17 and
1475 2529 105 22 Auckland,
1584 2536 34 12 can
1632 2530 40 24 roly
1686 2537 50 16 upon
1750 2531 77 23 getting
1840 2537 23 12 an

1428 2553 93 18 excellent
1530 2554 35 16 hot
1577 2553 93 18 luncheon
1684 2555 19 16 at
1719 2554 33 18 the
1766 2554 97 18 Frankton

1427 2575 66 22 Hotel,
1515 2577 98 17 Frankton
1634 2577 91 21 Juncton,
1747 2577 61 17 where
1831 2578 33 17 the

1428 2599 51 18 train
1486 2601 53 21 stops
1548 2601 22 16 20
1580 2601 98 16 minutes.*

1451 2629 83 21 Tenders
1557 2637 31 12 are
1613 2632 87 23 required
1718 2632 26 23 by
1761 2631 32 18 Mr
1809 2632 21 18 C.
1841 2632 23 18 E<

1428 2654 75 18 Kusabs
1512 2655 31 17 for
1551 2653 88 25 clearing,
1650 2655 106 24 ploughing
1762 2654 39 18 and
1819 2656 34 16 har-

1428 2678 74 22 rowing
1515 2679 22 17 7.1
1546 2684 51 11 acres
1613 2679 21 16 of
1642 2679 54 17 scrub
1706 2679 50 17 land.

1454 2708 39 18 The
1501 2711 48 15 next
1557 2710 76 21 regular
1641 2710 83 21 meeting
1733 2711 19 16 of
1761 2711 31 16 the
1806 2711 59 17 Town

1428 2733 64 17 Board
1501 2733 54 17 takes
1564 2733 52 23 place
1625 2739 23 12 on
1658 2733 31 17 the
1699 2733 43 18 27th
1750 2732 43 19 inst.

1451 2763 32 18 Mr
1492 2764 20 18 C.
1523 2763 98 19 Crowther
1629 2765 20 17 of
1661 2765 33 17 tho
1700 2764 93 18 Atiamuri
1802 2764 59 18 Hotel

1430 2787 14 17 is
1453 2787 95 23 applying
1557 2788 29 16 for
1592 2788 32 16 the
1630 2788 83 18 removal
1726 2789 21 16 of
1754 2788 29 17 his
1796 2788 69 18 liconse

1428 2812 20 15 to
1460 2817 10 10 a
1479 2811 61 17 house
1547 2817 45 12 near
1601 2811 85 22 crossing
1694 2812 20 17 of
1730 2813 32 16 the
1779 2810 87 19 Waikatd

1429 2834 50 17 river
1488 2840 24 11 on
1530 2834 33 17 the
1580 2840 40 11 new
1635 2833 162 24 Taupo-Eotorua
1813 2835 52 17 road,

1452 2865 27 17 At
1495 2865 32 18 the
1545 2867 63 16 recent
1625 2865 82 18 Medical
1730 2866 93 22 Congress
1847 2866 20 17 in

1430 2888 88 17 Dunodin
1524 2889 28 16 Dr
1561 2889 55 22 Hope
1621 2889 63 16 Lewis
1691 2888 21 18 of
1716 2888 99 18 Auckland
1823 2890 44 16 read

1429 2918 11 10 a
1448 2918 59 16 paper
1516 2912 87 17 on''The
1616 2912 47 18 New
1681 2912 81 18 Zealand
1779 2912 88 18 Thermal

1453 2966 29 18 Dr
1498 2967 64 21 Emily
1579 2967 90 17 Brahierd
1693 2967 69 22 Eyder,
1773 2967 42 17 who
1832 2968 35 17 has

1429 2989 47 17 been
1486 2990 95 22 lecturing
1598 2996 24 11 on
1632 2991 76 17 various
1718 2991 56 17 social
1783 2991 45 22 topic
1835 2991 32 16 sin

1430 3011 99 20 Auckland
1538 3013 83 23 recently
1629 3014 17 17 is
1654 3013 61 18 about
1724 3015 21 16 to
1750 3019 38 17 pay
1799 3020 10 11 a
1824 3014 43 17 'dsit

1430 3038 20 15 to
1459 3036 91 17 Eotorua.

1453 3064 36 17 We
1496 3063 49 18 hav
1550 3063 84 18 received
1644 3064 73 23 twenty
1725 3065 38 16 two
1772 3064 85 22 subscrip-

1430 3086 51 18 tions
1490 3087 20 17 of
1519 3092 36 12 one
1563 3087 78 22 shilling
1650 3087 46 17 each
1717 3088 19 16 in
1761 3087 31 17 aid
1799 3088 17 16 o)
1836 3088 33 16 the

1430 3110 116 17 testimonial
1555 3112 20 15 to
1592 3111 64 21 Harry
1675 3109 56 19 Giles.
1757 3109 61 19 Those
1835 3111 22 17 de-

1431 3133 60 17 sirous
1505 3133 20 17 of
1538 3133 119 23 subscribing
1667 3133 38 18 will
1724 3134 61 22 please
1807 3133 24 18 do
1848 3140 20 11 so

1430 3156 83 17 without
1521 3156 62 23 delay.

1454 3187 18 18 A
1481 3188 127 22 subscription
1616 3187 30 18 list
1656 3188 34 17 has
1703 3188 47 17 been
1768 3188 72 22 opened
1848 3188 20 17 in

1431 3211 65 22 Taupo
1506 3217 23 10 on
1538 3211 66 17 behalf
1613 3212 19 16 of
1640 3211 40 18 Mrs
1690 3210 50 19 Park
1748 3212 37 16 and
1794 3212 73 22 family.

1431 3234 40 17 The
1479 3234 72 17 officers
1560 3235 20 16 of
1588 3234 32 18 the
1628 3233 106 24 Telegraph
1751 3235 117 22 Deparment

1431 3257 20 17 in
1459 3255 118 26 Wellington
1587 3257 36 17 and
1632 3258 99 17 elsewhere
1737 3264 31 11 are
1777 3258 39 16 also
1822 3258 35 16 sub-

1432 3281 83 21 scribing
1524 3280 32 22 fop
1562 3280 33 19 the
1604 3285 50 14 same
1663 3286 87 17 purpose.

1456 3312 101 18 Reference
1567 3313 20 16 to
1595 3318 33 11 our
1642 3312 85 18 business
1737 3313 85 17 columns
1828 3313 40 17 will

1433 3335 51 17 show
1501 3335 43 17 that
1552 3335 33 17 the
1595 3335 82 17 Eotorua
1688 3336 56 16 Brass
1759 3336 56 16 Band
1823 3342 34 11 con-

1434 3358 90 22 template
1533 3358 80 21 holding
1621 3358 84 17 Athletic
1714 3359 66 21 Sports
1798 3365 23 11 on
1837 3359 32 17 the

1434 3387 41 11 race
1484 3387 64 11 course
1566 3387 24 11 on
1599 3382 22 16 >S't
1628 3380 87 18 Patricks
1729 3382 44 21 Day
1808 3382 19 17 in
1837 3382 32 17 the

1561 3404 40 17 The
1617 3405 80 21 evening
1714 3405 38 17 will
1761 3405 22 17 bo
1794 3405 75 19 utilised

1433 3427 25 22 by
1467 3427 32 18 the
1508 3428 85 17 Eotorua
1600 3427 70 23 Joo'<ey
1679 3428 48 17 Club
1735 3428 41 18 who
1786 3434 82 17 purpose

1433 3450 80 22 holding
1521 3456 12 12 a
1541 3451 51 22 plain
1606 3451 37 16 and
1660 3452 55 21 fancy
1729 3451 52 18 dress
1795 3451 40 18 ball
1850 3452 19 16 in

1434 3474 31 16 the
1475 3474 85 18 Pukeroa
1576 3474 52 17 Hall.

1456 3505 32 17 Mr
1501 3505 20 17 J.
1535 3505 78 20 McEae,
1627 3506 19 16 of
1654 3506 32 17 the
1699 3506 98 21 Waverley
1810 3506 59 17 Hotel

1434 3528 104 20 Auckland,
1548 3528 39 17 and
1593 3534 20 12 so
1618 3528 47 21 long
1673 3528 96 18 identified
1778 3529 45 17 with
1831 3529 38 18 this

1434 3551 79 20 district,
1521 3551 34 17 has
1566 3551 47 17 been
1626 3552 99 22 whipping
1740 3552 33 16 the
1790 3554 79 15 streams

1434 3574 43 18 hero
1486 3575 29 16 for
1524 3574 32 17 the
1565 3576 43 20 past
1617 3575 35 16 few
1661 3575 46 22 days
1715 3575 46 17 with
1771 3575 85 18 consider-

1434 3598 41 16 able
1484 3603 78 11 success.
1588 3598 31 16 He
1628 3598 87 17 obtained
1725 3598 50 22 good
1791 3598 75 17 baskets

1434 3621 48 17 from
1490 3620 32 17 the
1529 3620 130 23 Ngongotaha
1679 3621 52 17 creek
1752 3621 36 17 and
1808 3622 61 16 better

1434 3643 39 17 still
1494 3644 48 16 from
1567 3643 34 17 the
1625 3643 144 19 Tauknnaatara
1789 3645 77 20 stream,

1434 3666 107 17 Horohoro,

1457 3697 95 18 Humours
1561 3697 47 17 have
1617 3698 47 17 been
1673 3699 34 16 rife
1713 3699 20 16 of
1740 3699 38 17 late
1792 3699 20 17 of
1820 3699 40 22 peti-

1435 3721 50 17 tions
1493 3720 59 23 being
1561 3723 33 19 got
1604 3727 24 17 up
1641 3722 30 16 for
1684 3722 74 17 various
1772 3728 96 16 purposes.

1434 3744 38 16 Tho
1482 3744 49 16 most
1540 3744 76 22 unique,
1623 3744 91 20 however,
1725 3745 15 16 is
1755 3751 34 10 one
1798 3745 26 22 by
1838 3745 31 17 the

1434 3767 73 17 natives
1514 3767 68 22 asking
1590 3767 30 17 for
1628 3767 32 17 the
1670 3768 81 16 removal
1761 3768 19 16 of
1793 3768 33 17 the
1834 3774 24 11 na-

1434 3790 38 17 tive
1481 3790 106 22 policeman
1597 3796 24 11 on
1630 3790 31 17 the
1671 3791 83 21 grounds
1761 3791 41 17 that
1811 3791 58 17 under

1434 3813 29 16 his
1471 3812 119 22 jurisdiction
1601 3814 31 16 tho
1640 3813 63 18 native
1721 3819 71 12 women
1802 3814 48 17 have
1859 3820 10 11 a

1435 3835 92 24 difficulty
1536 3836 20 16 in
1571 3836 75 22 getting
1661 3836 50 18 their
1727 3835 53 24 beer;
1794 3837 44 17 that
1846 3837 23 17 he

1435 3860 52 16 wont
1495 3859 56 17 allow
1558 3859 51 17 them
1616 3860 19 16 to
1642 3859 61 17 knock
1712 3860 58 17 about
1778 3860 20 18 at
1804 3860 64 21 night;

1435 3881 37 17 and
1482 3882 41 17 that
1530 3881 23 17 he
1563 3882 72 22 objects
1644 3884 19 15 to
1673 3888 72 12 women
1750 3883 46 17 with
1806 3883 63 17 babies

1435 3905 87 22 (altering
1531 3905 32 16 the
1573 3905 132 18 Court-house.

1460 3936 64 22 Harry
1531 3935 53 20 Jeffs,
1594 3936 73 22 jockey,
1685 3937 43 17 who
1742 3937 15 17 is
1766 3938 20 16 at
1794 3939 75 20 present

1435 3958 86 24 training
1525 3958 34 19 tho
1563 3959 55 18 horse
1627 3959 93 19 Wlritifor
1728 3961 32 16 Mr
1768 3961 22 16 A.
1799 3961 70 16 Mnnro

1430 3982 44 17 'met
1485 3982 45 17 with
1544 3989 11 10 a
1572 3988 62 12 severe
1654 3983 74 22 mishap
1743 3989 25 12 on
1785 3983 84 22 Monday

1437 4005 94 22 morning.
1557 4005 38 17 Tho
1604 4006 54 17 horse
1667 4006 64 17 bolted
1739 4007 46 16 with
1794 4007 39 16 him
1851 4008 18 15 at

1436 4028 32 17 the
1484 4034 43 11 race
1543 4034 70 15 course,
1634 4029 68 17 rushed
1719 4029 57 23 along
1795 4029 74 18 Fonton

1436 4052 58 16 street
1508 4051 38 17 and
1555 4057 20 11 so
1585 4057 23 12 on
1617 4053 20 16 to
1645 4052 33 17 the'
1687 4050 42 19 lake
1738 4052 53 17 shore
1809 4052 60 17 where

1435 4074 47 17 both
1493 4080 52 11 came
1552 4075 19 17 to
1589 4074 53 22 grief.
1668 4075 46 17 Jeffs
1731 4081 37 11 was
1785 4076 83 21 severely

1436 4097 76 22 injured
1529 4103 24 11 on
1574 4097 32 17 the
1618 4098 48 17 back
1683 4099 20 16 of
1719 4099 33 16 tho
1768 4099 47 17 neck
1832 4099 37 16 and

1437 4120 97 18 shoulder?
1544 4120 37 17 and
1595 4121 72 22 though
1677 4127 24 11 no
1715 4121 70 18 serious
1801 4122 68 17 results

1436 4148 31 12 are
1476 4143 117 22 anticipated
1602 4144 23 17 he
1634 4144 38 17 will
1681 4144 22 17 ho
1710 4144 85 17 confined
1804 4146 21 15 to
1833 4144 36 17 bed

1436 4166 30 17 for
1474 4172 11 11 a
1494 4166 37 22 day
1540 4172 21 10 or
1567 4168 44 15 two.

1922 146 63 21 Judge
1995 147 37 17 Gill
2041 147 90 16 returned
2140 147 48 16 from
2197 146 32 17 the
2239 146 57 17 Coast
2310 151 23 11 on

1899 169 100 22 Saturday.
2025 170 31 16 Ho
2063 170 66 21 spoaks
2138 169 68 22 highly
2212 169 20 17 of
2239 169 33 17 the
2281 174 52 17 crops

1898 192 85 17 between
1991 193 25 17 Te
2025 191 53 19 Puke
2091 193 38 16 and
2137 193 107 21 Tauranga.

1921 224 31 17 Mr
1961 226 37 15 mid
2008 225 39 17 Mrs
2056 224 94 18 Maunder
2161 225 41 15 who
2218 227 47 13 were
2274 224 58 16 taken

1897 248 20 16 to
1926 247 33 17 the
1967 247 88 17 Waikato
2072 247 89 22 Hospital
2177 246 92 22 suffering
2284 247 49 16 from

1897 270 32 17 the
1938 271 63 16 effects
2011 271 19 17 of
2038 271 33 15 the
2082 270 40 17 late
2138 270 38 20 fire,
2191 275 31 12 are
2238 275 43 12 now
2288 275 34 17 pro-

1897 294 86 22 gressing
1992 293 82 20 towards
2079 299 94 16 secovery.

1921 325 55 17 Some
1995 325 129 21 thoughtless,
2145 323 114 18 individuals
2286 329 34 17 pro-

1896 348 68 17 ceeded
1982 348 33 17 the
2023 348 55 17 other
2095 348 37 22 day
2145 348 20 16 to
2178 348 33 16 cut
2227 347 56 16 down
2300 347 32 16 the

1897 371 81 17 manuka
1987 372 49 16 tree's
2044 370 94 22 whioh,-on
2149 370 80 18 account
2246 370 19 16 of
2282 370 50 17 their

1896 394 36 17 size
1940 394 38 16 had
1987 394 47 18 been
2042 393 35 18 left
2086 393 90 21 standing
2185 393 29 17 for
2230 399 89 11 ornamen-

1895 417 28 18 tal
1938 422 91 17 pin-poses
2049 417 21 16 in
2086 417 33 16 the
2140 417 54 16 outer
2210 416 120 17 Sanatorium

1896 440 89 22 grounds,
1996 440 46 17 hear
2048 440 65 17 Picnic
2129 440 63 16 Point.
2213 439 77 17 Notices
2299 445 31 11 are

1895 464 67 21 posted
1977 468 27 19 lip
2018 463 21 17 in
2055 463 32 17 the
2105 462 84 23 grounds
2206 462 87 22 warning
2298 462 32 17 the

1895 487 64 22 public
1969 487 75 21 against
2061 486 133 22 depredations
2202 486 20 17 of
2236 485 38 18 this
2291 486 39 17 sort

1895 509 37 18 and
1940 516 21 11 as
1969 509 19 17 in
1997 509 38 18 this
2049 515 42 11 case
2112 509 32 17 the
2162 508 120 22 delinquents
2298 514 31 11 are

1894 533 69 17 known
1976 532 63 17 action
2048 532 39 17 will
2095 532 24 17 be
2128 530 56 19 taken
2193 532 75 22 against
2277 532 51 16 them

1894 562 21 10 as
1924 562 11 11 a
1940 556 87 21 warning
2040 556 20 16 to
2069 555 69 17 others.
2164 555 20 17 It
2196 555 15 16 is
2225 561 20 11 as
2254 554 42 18 well
2309 556 20 16 to

1894 579 48 17 s!;ate
1952 585 24 11 no
1993 576 97 20 malicious
2108 578 68 17 motive
2194 577 88 18 actuated
2296 578 33 17 the

1894 608 67 16 wrong
1970 602 58 20 doors;
2040 602 45 22 they
2095 600 68 24 simply
2185 601 77 17 wanted
2276 607 11 10 a
2295 601 25 17 lit-

1894 625 26 17 tle
1926 624 94 18 firewood.

1916 657 39 16 The
1971 656 55 17 usual
2046 656 89 22 monthly
2156 653 83 25 meeting
2260 656 20 17 of
2295 656 33 17 the

1893 677 80 26 Library
1990 679 113 18 Committee
2112 679 46 17 took
2174 679 53 21 place
2244 684 23 12 on
2285 678 32 18 Fri-

1893 703 37 21 day
1938 703 62 22 night.
2016 703 37 17 Pre
2054 704 47 15 .sent:
2108 701 145 19 MoSrsPuvcell
2260 701 67 24 (chair)

1893 722 169 24 Williams.Boord.
2074 725 99 23 McAuloy,
2182 725 59 18 Watt.
2253 725 60 23 Neigh-

1892 749 48 18 bour
1948 749 53 23 (hon.
2011 746 44 25 see.)
2085 749 40 16 The
2142 748 108 18 treasurer's
2267 750 50 15 state-

1893 774 51 16 ment
1952 772 76 17 showed
2037 778 11 11 a
2056 772 79 17 balance
2143 772 19 16 in
2171 771 51 17 hand
2231 771 20 18 of
2260 770 26 18 .'2
2296 770 30 19 17s

1894 796 39 16 lid.
1959 796 38 16 The
2012 795 42 17 idea
2063 795 20 17 of
2091 802 12 9 a
2115 794 114 23 promenade
2252 797 74 15 concert

1891 819 19 16 in
1919 819 31 17 the
1961 818 120 19 Sanatorium
2091 817 84 24 groua-li
2185 817 18 18 in
2213 817 31 18 ail
2255 818 19 17 of
2294 818 33 17 the

1891 842 56 17 funds
1964 848 38 11 was
2020 842 99 21 favorably
2134 840 113 19 considered.
2288 842 38 17 The

1891 865 102 17 Chairman
2002 864 39 18 said
2051 865 23 17 he
2084 865 49 17 woul
2140 865 6 17 1
2161 864 93 17 endeavor
2263 866 19 15 to
2291 864 23 17 ob-

1891 889 40 16 tain
1940 889 31 16 the
1980 889 78 16 consent
2065 889 19 15 of
2096 889 33 15 Mr
2144 888 22 16 M
2172 887 55 22 ili'roy
2244 887 38 17 and
2298 888 28 16 Dr

1891 909 85 23 Cinders,
1986 911 37 18 and
2032 917 24 11 on
2073 911 38 17 this
2127 911 58 22 being
2201 910 75 19 Secured
2293 911 33 17 the

1891 936 74 16 concert
1983 934 107 18 committee
2107 941 48 10 were
2175 934 114 22 iuipowercd
2305 935 20 16 to

1891 958 54 18 make
1953 958 133 23 arrangmonts
2095 958 29 17 for
2141 957 31 18 hoi
2179 957 41 22 ling
2229 963 24 11 an
2262 958 52 16 enter-

1891 981 92 17 tainment
1992 986 24 12 on
2025 981 97 22 February
2131 981 28 17 28.

1913 1012 52 18 Next
1973 1014 21 16 to
2002 1012 72 22 having
2090 1018 44 11 seen
2143 1012 32 18 the
2183 1012 37 18 lost
2234 1012 46 17 Pin't
2288 1012 36 17 and

1890 1037 62 16 White
1969 1037 86 15 Terraces
2064 1036 20 16 in
2100 1036 27 16 all
2150 1035 49 17 their
2219 1035 105 18 wonderful

1889 1060 70 22 beauty
1968 1065 11 11 a
1987 1059 47 17 view
2044 1059 20 16 of
2070 1059 31 16 the
2118 1059 97 21 paintings
2229 1059 55 16 ta'-en
2298 1059 26 21 by

1889 1083 32 17 Mr
1929 1084 20 16 C.
1961 1082 106 18 Blomfield.
2078 1082 61 20 artist,
2157 1082 16 16 is
2182 1082 31 17 the
2227 1082 42 17 best
2282 1088 42 16 way

1889 1109 19 15 to
1919 1106 60 18 arrive
1993 1107 20 16 at
2029 1111 24 11 an
2068 1105 42 17 idea,
2131 1106 19 16 of
2171 1105 52 17 these
2241 1105 83 22 glorious

1889 1130 103 22 specimens
2008 1129 21 17 of
2034 1126 91 20 Nature's
2131 1128 115 18 handiwork.
2272 1129 40 17 Visi-

1889 1155 39 16 tors
1951 1155 20 15 to
1988 1153 86 17 Rotorua
2091 1157 58 12 never
2166 1150 33 19 fail
2215 1153 20 15 to
2252 1151 72 18 admire;

1888 1174 46 24 thcr.
1941 1174 97 24 paintings
2062 1175 62 17 Whioh
2149 1174 59 17 adorn
2232 1175 33 16 the
2284 1175 40 17 hall

1889 1206 51 15 ways
1948 1200 20 17 of
1976 1200 32 16 La'
2017 1205 10 11 e
2032 1199 64 17 House
2106 1198 37 17 and
2152 1198 31 17 the
2190 1196 67 19 Palace
2266 1198 58 17 Hotel

1888 1223 37 17 and
1934 1224 15 16 it
1957 1223 16 17 is
1981 1223 94 17 therefore
2089 1221 119 22 satisfactory
2227 1223 21 15 to
2270 1223 53 15 Know

1888 1247 43 16 that
1939 1246 104 22 duplicates
2050 1251 43 16 may
2110 1245 23 17 be
2149 1244 88 18 obtained
2255 1245 20 16 at
2291 1245 33 17 the

1888 1270 64 17 artists
1970 1269 63 17 studio
2054 1269 20 16 in
2095 1268 140 21 Karangahape
2263 1268 59 19 Eoad,

1888 1293 45 17 Auc'
1941 1292 50 18 land.
2029 1292 33 17 We
2086 1291 116 17 understand
2230 1291 43 17 that
2293 1291 31 17 Mr

1888 1315 99 19 Blomfield
2002 1316 15 16 is
2032 1315 89 23 ma'-ing.
2136 1315 141 21 arrangements
2295 1315 29 16 for

1888 1339 107 22 exhibiting
2006 1339 54 17 other
2069 1338 104 22 specimens
2182 1335 20 20 of
2209 1338 28 17 his
2246 1339 49 16 work
2303 1338 20 17 in

1888 1363 90 16 Rotorua.

1910 1394 98 17 Professor
2013 1393 82 17 Thomas
2102 1392 21 18 of
2131 1393 32 16 the
2169 1392 98 17 Auckland
2276 1392 36 17 Uni-

1887 1418 76 21 versity,
1975 1415 54 19 made
2036 1423 12 10 a
2055 1416 37 23 trip
2101 1418 20 15 to
2130 1416 109 17 Taraweral
2247 1417 24 15 ist.
2279 1416 33 16 Sat-

1887 1441 60 22 urday
1957 1441 29 16 for
1995 1440 32 17 the
2039 1445 82 17 purpose
2135 1440 19 16 of
2164 1437 100 24 collecting
2273 1439 50 17 fresh

1888 1463 85 21 material
1985 1464 30 16 for
2028 1463 95 23 lecturing
2139 1468 95 18 purposes.
2260 1462 20 18 It
2288 1462 15 17 is
2312 1468 12 12 a

1887 1487 49 18 little
1961 1492 45 11 over
2022 1486 43 17 nine
2089 1492 54 16 years
2159 1486 50 17 since
2226 1486 98 17 Professor

1887 1511 81 16 Thomas
1976 1510 45 22 paid
2030 1510 28 17 his
2071 1510 36 16 last
2125 1510 44 16 visit
2185 1511 19 15 to
2220 1509 32 17 the
2270 1515 53 12 scene

1887 1534 20 17 of
1914 1534 32 17 the
1955 1534 93 21 eruption,
2058 1532 38 18 and
2105 1532 33 17 the
2154 1533 82 17 chancres
2252 1532 19 17 in
2281 1532 42 18 that

1887 1557 45 17 time
1942 1563 31 11 are
1982 1558 48 16 most
2039 1553 88 21 valuable
2140 1556 48 17 from
2198 1562 10 11 a
2218 1555 105 23 geological

1887 1581 54 21 point
1950 1581 19 16 of
1978 1580 54 17 view.
2058 1579 85 23 Samples
2156 1579 20 17 of
2192 1581 67 15 waters
2274 1579 49 17 from

1887 1606 38 15 two
1935 1604 19 17 of
1962 1604 32 17 tiie
2004 1602 41 19 cold
2053 1602 75 24 springs
2137 1609 24 10 on
2178 1602 31 17 the
2224 1602 99 18 Tarawera

1887 1627 55 17 shore
1950 1627 48 17 have
2006 1626 48 17 been
2065 1626 58 16 taken
2141 1627 19 16 to
2177 1626 99 17 Auckland
2293 1626 30 18 for

1887 1650 81 22 analysis
1978 1656 19 10 as
2006 1649 15 17 it
2030 1649 16 17 is
2061 1649 84 22 thought
2158 1649 42 17 that
2217 1649 20 17 til
2245 1655 17 16 >y
2277 1655 34 11 con-

1888 1674 38 17 tain
1937 1673 87 17 valuable
2039 1672 100 18 medicinal
2156 1672 109 22 properties.
2290 1673 33 16 Mr

1887 1697 26 17 H.
1935 1696 108 17 McDonald
2068 1695 133 23 accompanied
2225 1695 98 18 Professor

1886 1720 82 17 Thomas
1976 1720 70 21 during
2055 1719 29 17 his
2097 1719 133 22 explorations.

1911 1752 75 22 During
1994 1752 33 15 the
2036 1752 42 21 past
2088 1751 52 16 week
2153 1752 32 16 the
2194 1751 127 17 surface-men

1886 1775 48 17 have
1943 1773 76 19 cleaned
2028 1775 32 16 the
2069 1774 64 17 drains
2142 1780 23 11 on
2183 1774 58 17 either
2255 1774 38 17 side
2303 1775 20 17 of

1887 1799 32 16 the
1929 1798 49 17 main
1988 1797 45 17 road
2043 1798 47 16 from
2101 1797 32 17 the
2143 1798 86 16 Pukeroa
2245 1798 46 16 Hall
2302 1799 20 16 to

1887 1822 32 17 the
1928 1820 86 19 Utuhina
2023 1821 77 21 Bridge,
2110 1821 39 17 and
2162 1821 33 17 the
2213 1822 59 15 water
2279 1827 43 11 now

1887 1844 97 19 meanders
1994 1844 57 22 along
2062 1844 31 17 the
2110 1844 95 20 channels,
2223 1844 100 23 sparkling

1886 1868 38 17 and
1945 1868 49 17 clear
2013 1873 21 11 as
2054 1868 33 16 the
2103 1868 75 16 famous
2194 1868 87 16 fountain
2303 1869 20 16 of

1886 1890 106 21 Bandusia;,
2003 1891 73 22 though
2084 1896 12 12 a
2102 1890 123 18 triflohotter.
2243 1891 17 17 A
2269 1891 52 17 drain

1887 1915 32 17 has
1929 1915 38 16 also
1976 1915 46 16 been
2032 1914 40 21 dug
2081 1914 58 22 along
2148 1915 32 16 tin;
2190 1914 78 18 Tarewa
2277 1915 45 16 road

1886 1940 20 15 to
1915 1938 70 17 receive
1994 1938 32 16 the
2035 1934 77 21 outflow
2119 1938 47 17 from
2177 1938 32 16 the
2217 1938 53 21 pools
2280 1938 43 17 that

1886 1961 38 17 still
1934 1962 51 16 show
1994 1960 52 23 signs
2063 1961 20 17 of
2100 1967 67 16 geyser
2183 1961 61 17 action
2262 1961 58 17 there.

1886 1983 50 22 This,
1947 1984 35 17 and
1993 1984 32 17 the
2040 1984 76 21 cutting
2133 1985 20 16 of
2169 1985 48 16 frees
2229 1990 23 11 on
2262 1985 60 16 either

1886 2008 45 19 side,
1943 2007 37 18 will
1989 2004 45 21 tend
2044 2009 19 15 to
2072 2007 56 17 make
2136 2007 32 17 the
2182 2007 88 23 roadway
2279 2013 33 14 per

1887 2031 56 22 feetly
1953 2031 40 22 dry.
2019 2032 16 15 A
2044 2030 46 17 road
2107 2030 34 17 has
2150 2031 39 16 also
2203 2031 47 16 been
2267 2030 55 18 made

1886 2054 48 17 from
1943 2054 32 18 the'
1984 2053 76 18 Tarewa
2070 2054 45 16 road
2124 2052 59 23 along
2196 2054 31 17 the
2244 2054 77 21 railway

1886 2076 36 18 line
1931 2076 40 18 into
1981 2077 135 17 Pukuahia-st.
2143 2077 44 17 This
2196 2075 38 19 will
2240 2078 44 20 give
2289 2075 33 19 the

1886 2100 66 24 people
1961 2107 60 11 access
2039 2101 49 16 from
2097 2098 42 20 that
2151 2101 43 22 part
2202 2099 22 19 of
2231 2101 32 16 the
2270 2101 51 17 town

1886 2126 19 15 to
1914 2125 32 16 the
1954 2124 62 22 newly
2025 2124 72 22 opened
2110 2124 65 22 gravel
2184 2124 43 22 pits.

1910 2156 30 17 Mr
1949 2155 29 18 W.
1988 2156 22 17 E.
2020 2155 80 19 Abbott,
2117 2162 14 11 ;v
2147 2157 62 16 recent
2226 2156 65 17 visitor
2300 2157 20 16 to

1886 2178 89 21 Rotorua,
1987 2178 62 17 writes
2057 2180 19 15 to
2095 2178 31 17 the
2143 2179 72 16 Herald
2232 2179 89 22 pointing

1886 2203 33 16 out
1928 2202 32 17 the
1969 2208 79 11 manner
2055 2202 19 16 in
2084 2202 61 16 which
2156 2202 32 17 the
2196 2202 78 22 railway
2283 2202 38 18 and

1886 2225 106 17 steamboat
2012 2227 144 20 arrangements
2181 2225 51 17 clash
2253 2227 20 15 to
2289 2226 33 17 the

1886 2250 52 19 great
1945 2249 144 16 inconvenience
2095 2248 20 17 of
2121 2248 109 17 Australian
2236 2249 83 17 tourists.

1886 2272 35 17 His
1930 2272 110 22 suggestion
2050 2272 15 16 is
2074 2272 43 16 that
2126 2272 15 16 if
2155 2270 100 24 Monday's
2273 2272 36 22 Syd-

1886 2301 35 16 ney
1927 2296 81 16 steamer
2016 2294 71 18 started
2097 2295 43 17 four
2149 2295 56 17 hours
2222 2295 48 17 later
2279 2301 32 16 per-

1886 2324 42 12 sons
1937 2317 55 18 could
2002 2318 51 18 leave
2063 2316 82 20 Rotorua
2154 2324 23 12 on
2195 2319 42 17 that
2246 2319 37 21 day
2292 2319 20 17 in-

1886 2341 51 18 stead
1947 2342 20 17 of
1973 2342 31 16 the
2012 2341 70 22 Friday
2086 2341 95 23 previous.
2206 2341 43 18 This
2259 2343 61 16 would

1886 2366 42 20 give
1938 2365 51 16 them
1999 2365 52 16 three
2062 2364 47 23 days
2117 2365 68 20 longer
2194 2366 19 16 to
2227 2365 47 17 view
2290 2366 32 16 the

1886 2387 132 22 Wonderland,
2029 2388 60 17 which
2100 2388 63 17 would
2176 2388 23 17 bo
2208 2395 10 10 a
2228 2388 84 18 consider-

1886 2411 41 17 able
1943 2411 122 17 inducement
2081 2413 20 15 to
2118 2412 53 16 those
2189 2412 46 16 with
2255 2411 45 23 only
2310 2418 11 10 a

1886 2435 72 17 limited
1968 2435 44 16 time
2029 2436 20 15 to
2066 2441 60 15 spare.
2160 2435 49 18 This,
2229 2435 91 20 however,

1886 2458 62 17 would
1965 2458 110 17 necessitate
2092 2458 32 16 the
2142 2460 89 15 steamers
2245 2458 77 23 leaving

1886 2484 42 19 port
1934 2481 49 17 aftor
1988 2481 91 23 nightfall
2086 2481 61 17 which
2156 2482 15 16 is
2178 2481 143 23 objectionable.

1886 2506 16 16 A
1911 2505 61 17 better
1980 2508 43 18 way
2032 2505 34 16 out
2074 2505 20 16 of
2100 2503 32 18 the
2150 2505 93 21 difficulty
2258 2505 64 17 would

1885 2528 23 17 be
1917 2529 20 16 to
1946 2528 54 17 make
2007 2527 101 23 Monday's
2113 2533 77 17 express
2194 2524 59 26 really
2257 2534 25 12 an
2289 2535 22 10 ex-

1886 2557 51 16 press
1946 2551 36 17 and
1992 2552 33 16 not
2034 2557 11 11 a
2055 2551 73 17 funeral
2138 2552 169 21 processionleav-

1886 2575 35 21 ing
1929 2575 44 16 here
1981 2576 20 15 at
2008 2575 10 16 8
2027 2580 45 11 a.m.
2081 2574 38 16 and
2128 2575 76 22 getting
2211 2575 40 17 into
2258 2573 52 19 Auck-

1886 2597 46 18 land
1941 2599 20 16 at
1970 2598 10 16 3
1989 2604 45 16 p.m.
2049 2597 26 23 [A
2084 2597 91 23 telegram
2183 2598 83 17 received
2273 2596 50 19 since

1886 2621 59 17 above
1955 2627 37 10 was
2001 2621 18 16 in
2029 2622 46 20 type
2083 2620 75 19 notifies
2168 2621 41 18 that
2214 2621 33 18 the
2252 2622 59 17 steam-

1887 2649 28 13 ers
1924 2645 20 17 of
1952 2644 33 18 the
1994 2644 173 17 Huddart-Parker
2175 2644 37 17 line
2221 2644 38 17 will
2265 2644 19 17 in
2292 2645 20 17 fu-

1887 2671 42 13 ture
1937 2666 52 18 leave
1999 2673 23 11 on
2032 2667 94 22 Mondays
2135 2668 20 17 at
2165 2669 8 16 7
2184 2667 55 23 p.m.]

1911 2698 107 23 According
2027 2700 20 16 to
2056 2704 11 12 a
2084 2698 103 18 discussion
2200 2699 60 17 which
2277 2699 46 17 took

1888 2721 52 24 place
1950 2723 20 16 at
1983 2722 32 17 the
2029 2722 38 18 last
2080 2722 84 23 meeting
2180 2723 20 17 of
2213 2722 33 17 the
2258 2722 52 18 Auck-

1888 2745 44 17 land
1954 2745 160 18 Acclimatisation
2136 2745 74 23 Society
2228 2746 16 16 it
2260 2746 63 16 would

1888 2773 70 18 appear
1966 2768 43 18 that
2016 2769 19 16 in
2046 2769 40 16 face
2095 2769 20 16 of
2122 2769 34 16 the
2171 2769 77 17 Gazette
2262 2769 62 17 notice

1888 2792 62 17 issued
1971 2797 50 12 some
2037 2792 46 17 time
2100 2797 43 16 ago,
2166 2792 26 23 by
2213 2792 61 17 which
2291 2792 32 17 the

1889 2816 75 21 County
1973 2816 19 16 of
2001 2816 85 16 Rotorua
2099 2821 37 11 was
2154 2813 66 24 tacitly
2236 2815 88 18 included

1888 2839 18 16 in
1917 2836 31 19 the
1958 2836 100 19 Auckland
2066 2837 80 21 district,
2160 2844 24 12 .ve
2193 2844 30 11 are
2237 2839 39 16 still
2290 2839 22 17 be-

1889 2862 51 21 yond
1948 2862 32 16 the
1987 2862 48 22 pale,
2046 2862 37 16 and
2089 2867 31 11 are
2126 2862 21 16 in
2154 2867 23 12 no
2183 2862 73 17 district
2262 2862 49 17 what-

1889 2890 49 12 ever.
1963 2884 39 18 The
2021 2884 98 22 Secretary
2135 2885 21 17 of
2175 2883 33 19 the
2224 2884 100 18 Auckland

1890 2908 74 21 Society
1974 2908 15 16 is
1998 2907 45 22 only
2051 2914 42 10 now
2103 2908 19 16 in
2132 2908 70 22 receipt
2218 2909 20 16 of
2254 2914 11 11 a
2274 2908 38 18 tele-

1890 2936 53 18 gram
1954 2931 48 17 from
2011 2931 31 17 the
2053 2930 84 19 Colonial
2147 2931 112 22 Secretary's
2270 2930 53 19 office

1890 2954 72 21 stating
1979 2954 42 17 that
2038 2960 11 11 a
2065 2954 138 22 proclamation
2219 2954 64 17 would
2300 2955 23 16 be

1890 2978 73 21 shortly
1971 2977 68 20 issued,
2049 2977 100 22 including
2157 2978 38 16 this
2201 2978 78 17 district.
2305 2978 20 17 It

1891 3006 38 12 was
1945 3000 122 20 determined,
2077 3006 25 11 on
2110 3001 39 17 this
2166 3001 57 22 being
2239 3001 49 17 done
2304 3003 20 15 to

1889 3025 37 21 put
1934 3030 11 11 a
1954 3025 42 21 stop
2003 3025 20 16 to
2030 3024 32 17 the
2071 3023 100 18 wholesale
2180 3024 116 17 destruction
2303 3023 22 18 of

1890 3048 52 16 trout
1950 3044 47 20 both
2004 3053 24 11 on
2037 3047 33 16 the
2090 3048 44 21 part
2155 3048 20 16 of
2194 3048 72 16 natives
2286 3048 38 17 and

1890 3070 110 22 Europeans
2009 3071 20 16 at
2049 3070 91 17 Rotorua.
2167 3070 18 17 If
2206 3071 45 17 such
2267 3076 44 17 prac-

1891 3093 45 17 tices
1942 3099 48 11 were
2005 3093 100 23 permitted
2116 3093 33 17 the
2157 3092 52 18 Luke
2225 3094 63 16 would
2302 3094 22 17 be

1890 3116 85 23 stripped
1983 3117 20 16 of
2011 3116 42 17 fish.
2080 3117 18 16 It
2112 3123 39 10 was
2168 3117 39 17 also
2227 3117 40 17 said
2281 3117 44 17 that

1890 3141 52 16 trout
1950 3140 38 16 had
1996 3140 48 17 been
2061 3141 41 16 sent
2120 3140 49 17 from
2186 3140 84 17 Rotorua
2287 3140 37 17 and

1890 3163 82 22 exposed
1981 3163 29 17 for
2018 3161 38 19 sale
2065 3163 20 17 in
2093 3169 24 11 an
2127 3161 100 20 Auckland
2230 3163 81 18 fishmon-

1890 3186 49 23 ger's
1956 3186 53 22 shop,
2019 3186 37 17 and
2073 3186 124 23 proceedings
2212 3187 62 17 which
2287 3187 38 17 had

1890 3210 46 17 been
1945 3208 57 18 taken
2011 3209 76 21 against
2095 3210 39 16 him
2143 3210 82 17 resulted
2234 3210 19 17 in
2262 3216 11 11 a
2288 3210 37 17 fine

1891 3233 19 17 of
1928 3231 24 19 2
1966 3232 58 22 being
2039 3232 91 22 imposed.
2157 3233 23 17 In
2192 3239 12 11 a
2220 3232 104 18 discussion

1890 3261 25 11 on
1931 3256 33 16 the
1978 3255 150 22 re-adjustment,
2142 3257 20 16 of
2182 3256 112 17 boundaries
2309 3257 16 17 it

1891 3284 39 11 was
1948 3279 69 21 agreed
2025 3279 44 17 that
2074 3279 32 16 the
2116 3279 60 17 whole
2193 3280 20 16 of
2221 3279 32 17 the
2262 3279 50 18 Coun-

1891 3303 31 20 try
1938 3302 20 17 of
1966 3302 46 17 East
2021 3302 71 22 Taupo,
2103 3304 20 15 to
2132 3302 32 17 the
2173 3303 56 16 south
2239 3302 37 17 and
2285 3305 40 14 east

1891 3325 21 17 of
1937 3325 32 17 tho
1994 3324 88 19 Waikato
2098 3325 38 17 and
2152 3326 102 22 Waiotapu
2267 3326 57 17 rivers

1891 3348 68 17 should
1968 3349 22 15 be
1999 3348 115 18 transferred
2124 3350 19 15 to
2153 3349 33 17 the
2202 3349 71 22 Napier
2291 3349 22 17 So-

1891 3371 55 23 ciety,
1964 3371 33 17 but
2008 3371 41 18 that
2059 3371 52 17 West
2127 3372 65 22 Taupo
2209 3372 68 17 should
2293 3378 20 11 re-

1892 3395 50 16 main
1959 3394 66 17 within
2037 3395 32 16 the
2086 3394 99 17 Auckland
2203 3395 78 17 district.
2307 3396 18 16 It

1892 3424 38 10 was
1939 3418 60 16 stated
2009 3418 42 16 that
2057 3417 71 21 fishing
2135 3418 20 16 in
2165 3418 31 18 tho
2210 3418 104 22 neighbour-

1891 3440 50 17 hood
1950 3441 20 16 of
1979 3440 95 20 Okoroire,
2085 3441 61 16 which
2156 3443 20 15 at
2182 3441 39 17 first
2230 3439 37 19 had
2279 3441 46 17 been

1892 3462 152 23 unsatisfactory,
2055 3462 38 19 had
2102 3464 50 22 fully
2168 3464 97 17 recovered
2274 3463 51 18 itself

1891 3486 38 18 :md
1945 3486 93 18 excellent
2053 3487 48 22 bags
2118 3484 39 20 bad
2174 3488 46 16 been
2237 3488 54 16 made
2305 3488 19 17 of

1891 3509 44 18 late.

1891 3586 44 17 Tliis
1940 3586 15 17 is
1961 3586 101 17 disclosure
2069 3587 19 16 of
2095 3585 49 23 rigid
2156 3587 83 23 scrutiny
2247 3587 20 17 of
2279 3593 35 11 ana-

1891 3609 65 22 lytical
1973 3610 87 16 chemists
2077 3606 37 20 and
2131 3610 33 16 the
2180 3610 109 23 bxporience
2306 3611 19 16 of

1892 3633 53 17 those
1954 3633 42 16 who
2005 3633 48 16 have
2062 3633 57 16 taken
2134 3633 77 17 Wolfe's
2228 3633 97 23 Schnapps

1891 3662 21 11 as
1920 3661 11 12 a
1941 3655 79 18 medical
2033 3657 58 21 agent

1916 3707 104 18 CHARGE
2037 3708 112 17 AGAINST
2159 3708 23 17 G.
2192 3708 26 17 M.
2231 3708 69 17 PARK

1916 3754 26 16 At
1949 3754 34 17 the
1996 3753 85 18 Itotorua
2089 3754 63 17 Police
2168 3755 58 17 Court
2242 3760 23 12 on
2283 3755 31 17 Fri-

1892 3777 42 22 day,
1945 3776 63 21 before
2017 3777 31 16 Mr
2055 3777 22 17 C.
2086 3776 85 24 Malfroy
2182 3778 36 17 and
2234 3778 28 17 Dr
2278 3778 35 17 Gin-

1892 3800 48 20 dors,-
1953 3800 58 19 J.P.s,
2023 3800 60 17 Gavin
2093 3800 99 22 Melntyro
2201 3801 56 19 Park,
2271 3801 43 22 post-

1892 3823 69 18 master
1971 3824 19 16 at
1999 3824 71 20 Taupo,
2081 3829 38 11 was
2129 3823 82 23 charged
2220 3829 23 12 on
2253 3824 31 17 the
2293 3824 20 16 in-

1892 3846 102 17 formation
2010 3845 20 18 of
2039 3846 32 16 Mr
2083 3846 80 16 Duncan
2171 3847 116 22 Cummings,
2295 3852 20 12 as-

1892 3869 67 18 sistant
1966 3869 94 22 inspector
2068 3869 19 17 of
2096 3870 43 21 post
2147 3869 68 21 offices,
2225 3869 45 19 with
2279 3876 33 11 con-

1892 3892 74 23 verting
1975 3894 20 15 to
2003 3892 29 17 his
2041 3898 41 11 own
2101 3898 32 11 use
2142 3891 55 21 442,
2209 3894 25 16 Gs.
2243 3892 31 21 4d,
2293 3893 32 17 the

1891 3918 89 19 properly
1990 3916 18 16 of
2015 3915 33 17 the
2053 3915 213 18 Postmaster-General.
2286 3916 39 17 The

1893 3939 99 21 following
2000 3936 87 20 evidence
2097 3944 38 11 was
2144 3939 63 17 taken.

1916 3962 80 16 Duncan
2017 3961 111 23 Cummings
2153 3962 63 17 stated
2239 3962 43 17 that
2302 3962 23 17 he

1891 3984 67 18 visited
1971 3985 65 22 Taupo
2045 3990 24 11 on
2078 3984 32 17 the
2117 3984 32 18 9th
2157 3985 39 17 hist
2204 3985 37 17 and
2256 3991 24 11 on
2296 3985 29 17 his

1892 4007 67 18 arrival
1970 4007 22 17 he
2003 4007 59 17 called
2071 4009 19 15 at
2106 4008 32 16 the
2154 4009 44 20 post
2215 4009 56 19 office;
2293 4014 22 11 ac-

1892 4030 55 17 cused
1956 4031 101 21 suggested
2066 4031 43 16 that
2117 4031 46 22 they
2177 4031 67 17 should
2260 4031 46 17 have
2315 4038 10 10 a

1893 4053 49 17 walk
1950 4054 37 16 and
1996 4060 10 10 a
2015 4053 49 22 chat;
2075 4054 75 17 witness
2159 4054 70 22 replied
2238 4055 42 16 that
2293 4054 32 17 the

1892 4076 43 17 chat
1945 4078 50 15 must
2008 4075 43 18 take
2067 4077 54 22 place
2141 4076 60 19 inside
2221 4078 32 16 the
2274 4077 51 17 office

1891 4099 113 23 whereupon
2013 4099 79 19 accused
2101 4099 40 17 said
2197 4106 30 11 am
2243 4100 81 22 undone;

1893 4122 9 17 I
1911 4129 31 10 am
1951 4122 49 17 'loo
2009 4122 64 23 short;
2084 4128 49 11 were
2142 4128 37 16 you
2188 4129 11 10 a
2207 4123 37 22 day
2253 4123 48 17 later
2309 4123 16 17 it

1892 4145 61 17 would
1963 4145 47 17 have
2019 4145 46 17 been
2079 4145 26 17 all
2121 4145 54 22 right
2187 4152 21 11 as
2224 4147 10 16 1
2251 4145 74 24 applied

1892 4169 30 16 for
1937 4168 141 21 compensation
2087 4168 29 17 for
2125 4168 37 17 loss
2177 4169 20 17 of
2217 4169 51 17 office
2288 4169 37 17 and

2358 143 91 24 expected
2457 146 33 16 the
2499 146 54 22 reply
2561 146 120 21 tomorrow;'-'
2692 146 45 23 they
2747 146 44 18 then

2357 170 51 15 went
2426 169 41 16 into
2475 169 32 17 the
2520 170 52 17 office
2581 169 37 18 and
2626 169 78 18 accused
2718 169 73 18 handed

2357 197 44 10 over
2410 192 28 15 liis
2447 194 78 20 stamps,
2540 192 62 23 postal
2619 194 53 17 notes
2688 193 39 16 and
2744 193 47 20 coin;

2346 214 1 68 I
2356 214 81 18 counted
2446 214 52 19 these
2507 214 38 18 arid
2561 215 59 19 found
2642 216 31 17 the
2690 215 101 23 deficiency

2356 239 19 15 to
2384 239 78 16 amount
2472 239 20 16 to
2509 237 50 19 425
2568 239 32 17 lis
2608 239 29 21 3d;
2652 239 79 17 accused
2747 245 33 11 ren-

2355 260 57 17 dered
2428 261 26 17 all
2462 261 33 17 the
2512 261 101 18 assistance;
2620 262 18 16 in
2648 262 29 17 his
2690 267 65 14 power
2771 263 20 17 to

2346 282 1 25 I
2354 284 61 17 arrive
2431 286 21 15 at
2469 284 32 17 the
2519 286 53 15 etfaet
2587 282 107 25 deficiency;
2713 285 77 18 witness

2354 307 46 17 then
2409 308 51 16 went
2476 308 19 16 to
2505 307 32 17 ihe
2561 308 60 21 police
2638 306 52 19 office
2705 308 38 18 arid
2759 308 20 17 in-

2354 329 73 18 formed
2436 331 33 16 the
2478 331 95 17 constable
2582 331 42 17 that
2632 331 49 17 Park
2693 331 96 17 Was'short

2353 352 20 17 in
2382 353 28 17 his
2427 354 50 20 cash;
2495 353 56 18 while
2560 354 52 17 there
2620 355 32 16 the
2666 354 123 20 lineman,Mr

2353 376 22 16 A.
2386 376 90 21 Norman,
2486 377 94 22 appeared
2589 377 37 17 and
2634 378 49 16 after
2690 384 12 10 a
2709 378 65 17 consul-

2353 399 60 17 tation
2427 399 17 17 it
2456 405 38 11 was
2511 400 76 17 decided
2600 402 19 15 to
2636 402 58 15 arrest
2709 401 79 17 accused

2353 427 20 11 as
2380 422 15 17 it
2412 428 38 11 was
2463 423 85 23 thought
2563 423 21 23 bj
2606 423 53 18 those
2675 424 43 17 who
2728 424 59 18 ,knew

2352 444 39 17 him
2400 446 43 16 that
2449 446 24 16 he
2486 446 62 22 might,
2556 447 77 16 commit
2640 444 75 23 suicide;
2735 449 24 15 oh
2776 453 12 11 a

2352 468 74 17 further
2448 470 127 16 examination
2598 470 19 17 of
2640 470 33 16 the
2697 472 90 15 accounts

2352 491 75 17 witness
2436 492 59 16 found
2504 493 32 16 the
2544 492 60 18 whole
2613 491 101 24 deficiency
2727 494 20 16 to
2763 493 23 17 be

2351 512 49 19 442
2416 515 20 16 (is
2445 514 24 18 4d
2485 515 33 17 the
2535 517 89 21 property
2638 516 20 17 of
2676 516 33 17 the
2729 514 45 19 Post-

2351 538 167 17 master-General.

2375 560 101 18 Constable
2492 562 87 16 Borimau
2587 562 61 17 stated
2664 562 44 16 that
2722 562 24 17 he
2754 568 20 11 ar-

2350 584 62 17 rested
2420 584 79 17 accused
2513 586 20 15 at
2541 583 65 24 Taupo
2623 591 23 11 on
2656 585 32 17 the
2706 585 31 17 iilh
2748 585 38 17 inst

2349 612 26 11 on
2383 606 33 17 the
2424 606 69 24 charge
2502 608 20 16 of
2530 608 49 17 theft
2586 608 21 17 of
2613 614 44 11 over
2662 608 51 17 IOO
2721 609 65 21 public

2349 635 70 17 money
2427 636 24 11 on
2460 630 122 18 infonriation
2590 631 83 17 received
2690 631 48 18 from
2754 629 32 20 Mr

2350 651 116 24 Cummings;
2482 653 63 18 whilst
2553 655 20 16 in
2581 655 33 16 the
2623 654 79 22 custody
2712 655 20 16 of
2740 655 33 17 wit-

2349 681 42 12 ness
2407 677 79 16 accused
2602 678 10 16 I
2631 675 99 20 borrowed
2746 678 39 17 this

2349 703 68 18 money
2426 700 30 17 for
2463 706 32 16 my
2504 706 42 11 own
2563 707 32 10 use
2612 700 29 17 for
2657 707 10 10 a
2684 700 36 17 few
2737 702 47 21 days

2349 722 10 16 I
2368 728 30 11 am
2407 721 90 25 realising
2506 729 31 16 my
2546 725 59 16 assets
2619 725 33 16 out
2661 724 20 16 of
2697 724 61 18 which
2774 724 9 18 I

2349 745 89 17 intended
2447 748 20 15 to
2477 747 72 21 replace!
2563 747 20 17 it.
2610 747 22 17 In
2642 747 93 17 reference
2744 749 20 15 to
2773 754 11 10 a

2348 769 102 17 statement
2456 769 54 18 made
2519 770 25 22 by
2553 770 78 17 accuse!
2641 770 42 17 that
2692 770 32 17 the
2730 770 42 17 lock-

2349 797 24 16 up
2383 793 20 15 at
2412 793 66 22 Taupo
2495 799 38 10 was
2552 793 20 17 in
2584 799 12 11 a
2612 792 56 23 filthy
2685 794 97 16 condition

2347 815 39 17 and
2393 815 35 17 full
2438 816 19 16 of
2466 816 76 19 vermin,
2554 817 75 17 witness
2636 816 93 18 admitted
2738 817 43 17 that

2347 838 44 22 pigs
2400 839 36 16 and
2444 839 54 17 fowls
2505 839 37 17 had
2549 845 66 15 access;
2623 846 20 10 as
2649 840 32 16 the
2686 840 53 22 place
2746 846 37 10 was

2347 862 21 15 of
2373 862 49 16 little
2432 862 116 22 importance
2557 863 37 17 and
2598 863 33 18 the
2634 862 70 24 lockup
2712 863 70 17 seldom

2347 884 46 18 used
2410 885 32 17 the
2452 885 127 18 Government
2600 886 62 17 would
2682 886 58 21 spend
2759 892 24 11 no

2347 914 68 16 money
2424 914 24 11 on
2457 909 21 16 it.
2504 909 83 18 Accused
2596 909 71 22 replied
2683 909 44 18 that
2740 910 43 16 that

2347 936 39 11 was
2394 937 25 11 no
2431 936 65 13 reason
2509 932 43 21 why
2566 933 16 16 it
2598 932 68 18 should
2680 933 24 16 bo
2720 938 49 11 cram-

2347 954 43 17 med
2400 954 46 17 with
2455 955 35 16 lice;
2499 955 37 16 and
2543 953 48 20 filth,
2625 956 84 17 Accused
2728 956 55 17 made

2346 982 25 12 no
2393 978 102 17 statement
2518 978 19 17 in
2556 978 52 23 reply
2627 981 20 15 to
2662 979 32 17 the
2712 978 70 24 charges

2346 1000 38 18 and
2394 1006 38 11 was
2441 1001 110 17 committed
2561 1003 19 15 to
2598 1002 42 17 take
2657 1002 28 17 his
2702 1002 44 18 trial
2763 1003 20 16 at

2346 1022 33 19 the
2388 1024 90 22 Supreme
2488 1025 63 21 Court,
2563 1024 98 18 Auckland
2670 1031 24 11 on
2716 1025 67 17 March

2347 1047 51 17 10th.

2405 1099 123 19 ROTORUA
2541 1100 74 19 TOWN
2629 1102 85 17 BOARD.

2369 1147 16 17 A
2395 1147 70 22 special
2474 1147 83 22 meeting
2566 1148 21 17 of
2600 1149 32 17 the
2646 1149 57 17 Town
2719 1147 62 20 Board

2346 1170 46 17 took
2412 1171 53 21 place
2482 1177 24 10 on
2524 1171 69 22 Friday
2610 1173 100 15 afternoon
2728 1172 53 18 when

2346 1193 53 18 thero
2416 1197 49 14 were'
2481 1195 76 21 present
2573 1195 69 18 Messrs
2659 1195 20 18 C.
2697 1195 84 23 Malfi'oy

2346 1213 73 27 (chair),
2430 1216 18 18 S.
2458 1218 21 16 T.
2493 1218 64 20 Brent,
2575 1218 21 17 K.
2613 1218 23 17 D.
2653 1217 78 24 Dausey
2743 1219 38 17 and

2345 1240 28 17 Dr
2383 1240 86 18 Ginders.

2369 1263 39 18 The
2434 1261 101 20 Chairman
2561 1262 99 25 explained
2684 1265 44 17 that
2749 1265 32 17 the

2346 1286 84 24 meeting
2438 1286 38 18 had
2485 1287 46 17 been
2541 1288 59 17 called
2609 1289 29 16 for
2655 1289 31 16 the
2700 1291 81 20 purpose

2346 1310 20 16 of
2374 1308 107 25 discussing
2489 1311 70 17 certain
2568 1313 76 16 matters
2653 1312 19 16 in
2681 1312 69 22 regard
2761 1313 20 16 to

2345 1333 33 17 the
2387 1334 103 16 sanitation
2504 1334 20 17 of
2539 1334 33 18 the
2588 1336 57 16 town.
2679 1333 102 19 Sometime

2345 1362 37 17 ago
2391 1356 23 17 he
2423 1357 38 17 had
2470 1364 11 10 a
2490 1358 127 17 conversation
2629 1358 44 17 with
2688 1357 32 19 the
2735 1356 34 20 Sur-

2345 1380 150 20 veyor-General
2519 1381 44 17 who
2584 1387 38 12 was
2641 1382 33 17 the
2695 1381 50 18 head
2761 1382 20 17 of

2345 1402 63 18 affairs
2429 1404 103 22 regarding
2552 1404 45 17 such
2619 1406 84 17 matters.
2750 1403 27 19 Mi

2345 1426 61 16 Smith
2416 1427 36 16 had
2462 1424 93 21 informed
2564 1426 39 19 him
2612 1428 42 18 that
2663 1428 32 17 the
2703 1428 78 18 Central

2345 1449 63 18 Board
2416 1450 21 17 of
2446 1450 71 17 Health
2526 1452 21 16 at
2554 1451 116 23 Wellington
2679 1451 63 17 would
2757 1452 23 17 he

2345 1473 67 16 moved
2421 1474 20 17 to
2451 1474 79 22 appoint
2539 1474 32 17 the
2585 1475 84 18 Rotorua
2683 1474 64 18 Board
2760 1481 20 11 a;;

2345 1501 10 11 a
2364 1496 70 18 branch
2446 1497 61 17 Board
2516 1498 20 16 of
2552 1498 78 18 Health.
2659 1498 53 22 They
2726 1498 54 17 cotild

2344 1521 46 16 then
2399 1520 80 22 appoint
2488 1522 48 16 their
2545 1527 42 11 own
2599 1520 121 25 inspectorof
2728 1522 42 18 nuis-

2344 1550 55 11 ances
2408 1544 37 17 and
2455 1544 59 18 frame
2523 1545 99 21 bye-laws.
2647 1545 30 17 He
2686 1543 38 19 had
2733 1543 38 19 tele-

2345 1567 85 21 graphed
2439 1569 19 15 to
2469 1568 31 16 Mr
2509 1566 60 19 Smith
2580 1574 50 12 some
2639 1569 45 22 days
2698 1575 38 16 ago
2749 1575 20 12 re-

2344 1590 88 21 minding
2440 1591 39 17 him
2489 1592 21 16 of
2518 1592 43 21 (his,
2571 1592 35 17 but
2619 1599 20 11 as
2652 1594 32 21 yet
2697 1592 38 17 had
2750 1598 20 12 re-

2344 1613 63 17 ceived
2416 1620 25 10 no
2450 1613 59 24 reply.
2536 1614 16 18 A
2562 1616 35 17 few
2606 1612 92 25 days'ago
2706 1616 25 17 lie
2742 1615 38 19 had

2344 1642 43 12 seen
2397 1637 27 16 Dr
2434 1637 113 24 Mttcgregor
2557 1646 49 16 upon
2616 1639 32 18 the
2660 1637 75 25 subject
2743 1640 37 16 and

2343 1664 21 13 as
2373 1660 43 17 that
2425 1659 108 23 gentlomau
2543 1668 39 11 was
2591 1670 10 10 a
2616 1663 82 17 member
2712 1663 21 18 of
2747 1661 33 20 tho

2345 1684 75 17 Central
2439 1685 63 17 Board
2521 1686 24 16 be
2566 1686 37 17 had
2620 1684 123 25 telegraphed
2760 1689 20 14 to

2345 1707 116 22 Wellington
2476 1710 20 16 to
2510 1709 47 17 have
2575 1710 31 16 the
2615 1715 97 16 necessary
2730 1711 50 21 steps

2343 1731 64 17 taken.
2432 1732 20 17 It
2462 1731 62 18 would
2533 1733 22 16 bo
2565 1733 30 17 for
2603 1734 50 16 them
2663 1735 20 15 to
2695 1731 85 20 consider

2343 1754 16 17 if
2379 1754 45 22 they
2445 1755 68 17 should
2529 1756 136 18 communicate
2683 1754 47 19 with
2747 1757 33 17 the

2344 1776 185 22 Surveyor-General
2552 1779 70 23 urging
2643 1780 38 17 him
2703 1781 20 16 to
2740 1777 40 20 also

2343 1807 55 11 move
2406 1801 19 17 in
2434 1801 34 17 the
2476 1803 74 17 matter.
2576 1801 59 20 There
2644 1809 37 11 was
2688 1809 24 11 no
2719 1801 61 19 doubt

2343 1824 43 17 that
2395 1831 11 10 a,
2414 1822 102 25 periodical
2524 1825 104 23 inspection
2637 1827 20 16 of
2671 1824 32 19 the
2717 1824 63 25 places

2343 1848 54 17 whcai
2401 1854 19 10 ee
2437 1848 32 17 the
2486 1848 44 18 food
2545 1849 82 22 supplies
2642 1850 20 17 of
2678 1849 32 17 the
2728 1851 52 16 town

2343 1877 48 11 were
2401 1870 75 19 derived
2485 1878 38 11 was
2531 1879 103 16 necessary.
2660 1870 120 20 Bakehouses

2343 1900 53 11 came
2404 1895 61 16 under
2472 1895 33 17 the
2519 1895 94 18 Factories
2628 1895 36 18 Act.
2676 1896 38 17 and
2728 1894 40 20 Con
2775 1894 4 20 -

2343 1917 61 18 stable
2413 1916 78 24 Murray
2500 1924 38 12 was
2552 1919 106 18 authorised
2672 1921 20 15 to
2706 1919 74 22 inspect

2343 1939 53 19 these
2404 1939 38 19 and
2451 1947 30 12 see
2489 1942 43 17 that
2541 1943 44 21 they
2595 1948 48 12 were
2656 1943 46 22 kept
2716 1940 59 20 clean.

2343 1963 171 24 Slaughter-yards
2523 1972 47 10 were
2585 1963 85 20 different
2679 1966 35 16 but
2726 1966 53 17 there

2343 1994 39 10 was
2390 1994 25 10 no
2423 1994 65 11 reason
2502 1989 42 21 why
2561 1989 45 21 they
2624 1989 67 17 should
2705 1990 35 16 not
2756 1989 24 18 be

2343 2010 74 21 subiect
2427 2013 19 15 to
2456 2009 59 25 police
2524 2010 105 25 inspection
2638 2019 19 10 as
2667 2009 47 21 well.

2367 2034 102 18 Rofereucc
2485 2040 39 13 was
2541 2036 54 17 made
2613 2037 20 16 to
2649 2041 11 12 a
2676 2034 104 23 complaint

2343 2058 61 16 which
2422 2058 38 17 had
2484 2059 47 17 been
2551 2056 69 24 lodged
2641 2058 103 23 regarding
2769 2066 11 10 a

2343 2081 67 21 highly
2415 2083 146 21 unsatisfactory
2564 2083 61 16 eondil
2630 2080 30 18 ion
2665 2081 20 18 of
2688 2081 64 19 thiners
2760 2084 20 15 at

2343 2104 32 18 the
2392 2103 157 23 slaughter-yard
2571 2110 46 13 near
2640 2105 35 17 the
2693 2102 87 21 tftuhina

2343 2128 65 17 Creek.
2434 2126 101 20 Constable
2544 2129 79 21 Murray
2637 2128 37 17 had
2688 2128 47 17 been
2749 2135 20 10 re-

2342 2151 80 22 quested
2430 2153 19 15 to
2459 2150 72 24 inquire
2540 2150 41 19 into
2590 2152 32 17 the
2636 2153 67 16 matter
2711 2152 36 16 but
2755 2152 24 17 he

2342 2174 38 16 had
2390 2175 86 18 reported
2485 2175 44 17 that
2536 2175 33 17 the
2578 2172 89 21 nuisance
2674 2180 24 12 no
2712 2172 68 26 longer

2343 2197 72 18 existed
2426 2198 74 21 though
2517 2196 15 19 it
2545 2203 39 12 was
2599 2199 51 21 quite
2658 2196 89 24 .possible
2764 2199 16 16 it

2342 2227 45 16 may
2403 2222 48 16 have
2467 2222 73 17 existed
2557 2220 53 19 when
2628 2219 31 20 tho
2676 2220 104 24 complaint

2343 2251 38 10 was
2390 2244 60 18 made.

2367 2268 19 16 Tt
2395 2274 38 10 was
2442 2268 45 16 ihen
2496 2265 85 20 resolved
2588 2268 42 17 that
2637 2268 32 17 the
2675 2268 103 22 Surveyor-

2343 2291 81 18 General
2437 2291 23 16 be
2474 2291 123 23 telegraphed
2613 2293 19 16 to
2646 2297 53 12 move
2712 2289 21 19 in
2747 2291 33 18 the

2343 2319 79 13 manner
2430 2314 101 17 indicated.

2367 2336 39 18 The
2415 2337 102 19 Chairman
2526 2338 62 17 stated
2598 2337 41 18 that
2648 2338 23 16 he
2684 2335 40 23 had.
2736 2344 43 11 seen

2343 2360 70 18 Messrs
2422 2359 78 19 Nathan
2509 2361 38 17 and
2555 2359 94 19 Johnston
2656 2361 19 17 in
2684 2361 68 23 regard
2759 2363 20 15 to

2343 2384 33 17 the
2385 2384 84 21 running
2477 2385 20 16 of
2506 2385 32 16 the
2547 2386 57 15 waste
2613 2385 58 16 water
2684 2385 47 16 from
2747 2385 32 17 the

2343 2408 44 16 bars
2396 2408 20 16 of
2424 2408 32 16 the
2466 2408 63 17 Grand
2539 2408 37 16 and
2586 2408 67 16 Palace
2663 2408 66 16 Hotels
2738 2406 40 19 into

2343 2430 33 18 the
2390 2432 57 16 street
2464 2430 38 18 and
2518 2431 24 17 he
2557 2431 115 17 understood
2688 2429 43 19 that
2747 2431 34 17 the

2343 2454 82 22 practice
2434 2454 38 17 had
2481 2455 46 16 been
2536 2454 86 22 stopped.

2368 2477 28 17 Dr
2405 2477 79 17 Ginders
2493 2477 43 18 held
2546 2477 43 17 that
2597 2478 15 16 it
2620 2483 38 11 was
2670 2477 46 21 high
2734 2476 47 18 time

2344 2498 32 19 the
2386 2501 62 16 Board
2457 2500 78 17 insisted
2544 2501 42 16 that
2596 2500 106 23 something
2710 2498 69 19 should

2343 2524 24 16 be
2376 2523 49 19 done
2429 2523 84 19 towards
2517 2524 33 18 the
2559 2524 94 17 initiation
2662 2524 19 16 of
2687 2530 11 10 a
2703 2524 77 21 general

2344 2546 90 23 drainage
2448 2549 76 19 system.
2550 2547 30 17 He
2595 2547 83 21 thought,
2691 2547 44 17 that
2747 2547 34 17 the

2345 2570 128 17 Government
2482 2570 68 17 should
2559 2570 45 17 send
2611 2577 10 10 a
2630 2570 108 23 competent
2746 2576 22 11 en-

2345 2594 65 22 gineer
2418 2594 19 16 to
2446 2596 65 19 report
2519 2599 24 11 on
2552 2593 33 18 the
2594 2593 78 20 Subiect.

2368 2617 38 17 The
2416 2615 101 19 Chairman
2524 2617 108 17 considered
2639 2617 43 17 that
2686 2622 12 12 a
2703 2617 75 22 general

2345 2640 90 20 drainage
2444 2640 74 17 scheme
2528 2640 61 21 might
2597 2640 23 17 be
2634 2639 69 18 curried
2718 2641 34 16 out
2765 2640 16 17 if

2345 2670 10 9 a
2364 2664 75 21 portion
2449 2664 20 16 of
2477 2664 33 17 the
2519 2665 50 15 rents
2582 2669 48 11 were
2645 2663 74 17 handed
2736 2669 45 11 over

2345 2688 19 16 to
2374 2686 32 18 the
2415 2686 61 18 Board
2486 2693 20 10 so
2516 2692 19 12 as
2544 2688 20 16 to
2573 2684 65 20 enable
2647 2686 51 18 them
2707 2688 19 15 to
2735 2686 34 17 bor-

2344 2714 45 13 row.
2402 2710 2 22 .
2415 2710 31 17 He
2453 2710 37 16 had
2499 2710 117 22 represented
2632 2710 31 16 the
2677 2711 70 15 matter
2760 2711 20 15 to

2345 2733 31 17 Mr
2384 2731 60 23 Percy
2453 2733 61 17 Smith
2524 2733 37 17 and
2569 2740 11 10 a
2589 2731 33 19 bill
2636 2731 37 19 had
2681 2733 47 16 been
2736 2738 33 16 pre-

2345 2756 58 18 pared
2415 2756 43 17 with
2469 2754 38 19 this
2516 2756 34 17 end
2561 2757 19 16 in
2596 2756 47 17 view
2658 2756 36 17 but
2710 2756 15 17 it
2742 2756 38 17 had

2344 2780 46 16 been
2401 2778 122 21 slaughtered
2532 2780 45 16 with
2583 2780 33 16 the
2621 2780 54 16 other
2680 2779 98 17 innocents

2345 2804 20 16 at
2373 2803 33 17 the
2415 2803 35 17 end
2460 2803 20 17 of
2488 2803 33 17 the
2529 2803 75 17 session.
2630 2803 31 17 Mr
2670 2803 60 16 Smith
2742 2803 37 16 had

2345 2826 61 17 stated
2416 2827 86 16 however
2516 2827 42 16 that
2572 2825 24 18 he
2611 2826 61 17 would
2687 2825 93 22 probably

2345 2855 116 17 accompany
2470 2850 32 16 the
2510 2850 88 16 Minister
2606 2850 20 15 of
2639 2849 63 17 Lands
2717 2849 19 16 in
2752 2849 28 16 his

2345 2872 44 17 visit
2397 2874 20 15 to
2430 2871 39 18 this
2485 2872 74 18 district
2575 2872 18 17 in
2611 2872 96 22 February
2726 2870 55 19 when

2345 2896 32 16 the
2386 2896 60 16 whole
2456 2894 69 19 matter
2534 2893 55 19 could
2597 2895 23 17 bo
2629 2902 48 14 gone
2686 2895 46 17 into.

2369 2919 101 17 Constable
2478 2916 79 25 Murray
2574 2925 39 10 was
2626 2919 45 16 then
2687 2918 59 17 called
2761 2918 18 17 in

2345 2942 37 17 and
2390 2942 27 22 by
2425 2948 64 11 moans
2498 2942 20 17 of
2524 2948 11 11 it
2542 2942 61 22 rough
2609 2942 63 17 sketch
2681 2939 99 24 explained

2345 2965 32 17 the
2386 2965 81 22 position
2477 2963 21 19 of
2505 2966 32 16 the
2546 2963 156 24 slaughter-yard
2718 2965 61 16 which

2345 2989 23 16 he
2376 2989 39 16 had
2421 2987 96 22 inspected
2523 2988 37 17 and
2566 2988 75 17 showed
2646 2988 25 17 its
2677 2985 103 25 proximity

2345 3013 20 16 to
2374 3012 32 17 the
2415 3011 59 18 creek.
2500 3012 20 17 It
2528 3017 38 12 was
2576 3012 105 22 thereupon
2696 3011 84 17 resolved

2345 3036 20 16 to
2375 3033 53 19 write
2442 3036 20 16 to
2479 3035 32 17 Mr
2528 3033 80 19 Shcrriff
2620 3033 104 24 informing
2741 3034 39 18 him

2346 3059 42 16 that
2401 3058 24 17 ho
2434 3059 51 16 must
2498 3064 75 11 remove
2585 3058 33 17 the
2632 3058 47 22 yard
2693 3059 20 15 to
2730 3063 51 11 some

2345 3081 82 21 position
2436 3081 123 18 where.there
2568 3086 38 12 was
2617 3087 24 11 no
2650 3079 102 19 likelihood
2762 3079 19 18 of

2345 3103 24 18 its
2378 3104 90 22 affecting
2477 3104 32 18 tho
2518 3106 58 15 water
2589 3105 19 16 of
2616 3104 33 17 the
2663 3104 53 17 creek
2723 3103 3 23 :
2749 3104 32 17 the

2346 3133 41 11 new
2396 3128 34 16 site
2439 3129 20 15 to
2468 3128 23 16 be
2500 3128 96 21 approved
2604 3128 19 16 of
2631 3128 26 22 by
2666 3128 31 16 the
2711 3126 69 18 Board.

2369 3149 39 19 The
2415 3151 83 20 meeting
2507 3151 45 17 then
2561 3149 68 19 closed.

2387 3200 53 19 THE
2453 3201 97 18 NATIVE
2564 3200 169 18 PARLIAMENT.

2370 3248 38 17 The
2417 3247 64 18 native
2490 3247 116 19 Parliament
2615 3254 21 10 or
2650 3248 132 21 Kotahitanga

2348 3276 45 17 goes
2402 3271 41 17 into
2455 3271 70 17 session
2534 3272 20 16 at
2568 3269 91 19 Tokaanu
2675 3276 23 12 on
2716 3268 66 20 March

2348 3294 50 17 28th.
2424 3292 39 20 The
2473 3292 79 20 election
2558 3294 21 18 of
2582 3292 156 25 representatives
2748 3291 34 21 has

2348 3316 92 24 certainly
2448 3317 47 17 been
2505 3314 105 21 conducted
2617 3315 20 19 in
2647 3323 10 11 a
2666 3319 48 15 most
2721 3316 49 18 unob-

2347 3341 71 17 trusive
2439 3346 79 11 manner
2534 3341 37 17 and
2587 3341 21 16 in
2622 3339 42 19 that
2681 3339 72 24 respect
2768 3339 14 19 is

2347 3362 76 24 worthy
2432 3364 20 17 of
2467 3361 94 20 imitation
2575 3362 26 24 by
2618 3362 49 19 their
2682 3361 100 25 European

2347 3384 96 21 brethren.
2468 3384 94 21 Fourteen
2572 3385 92 19 members
2673 3389 47 15 word
2734 3385 39 19 elec-

2348 3410 32 17 ted
2389 3416 19 11 as
2417 3410 156 19 representatives
2582 3409 21 18 of
2610 3410 32 18 the
2654 3410 74 17 various
2743 3415 30 12 sec-

2348 3433 50 17 tions
2406 3433 20 17 i.i
2436 3433 31 17 the
2476 3431 144 24 neighborhood
2636 3433 38 17 and
2691 3439 43 11 over
2749 3433 33 17 900

2347 3458 53 15 votes
2421 3461 48 13 wore
2487 3455 88 19 recorded
2598 3455 112 23 altogether.
2744 3457 38 16 The

2348 3480 99 20 following
2455 3485 32 11 are
2496 3480 32 16 the
2537 3485 64 12 names
2610 3478 21 19 of
2638 3476 34 21 the'
2682 3477 100 20 successful

2348 3500 109 20 candidates
2478 3503 45 17 with
2546 3502 31 18 the
2597 3503 80 17 number
2694 3503 19 17 of
2730 3504 52 16 votes

2347 3525 96 18 recorded.

2372 3548 227 19 Whakarewarewa-W-.
2610 3549 63 21 Keepa
2683 3549 17 18 to
2711 3548 61 20 Kanjjf-

2347 3572 81 22 pu.awhe
2438 3572 43 23 (71).
2492 3572 48 17 Hira
2549 3572 135 22 llunginmtiim
2694 3571 43 23 (4(>),
2746 3571 24 18 Hi-

2347 3595 57 23 pirini
2412 3596 18 17 te
2439 3595 68 17 Whetu
2518 3595 44 21 (-10).

2372 3617 222 19 OhineratttuTaekata
2612 3619 18 16 te
2644 3616 77 20 Tokoihi
2736 3617 45 23 (62),

2347 3641 26 18 Te
2380 3641 77 21 Tupara
2464 3638 106 21 Toioaitua
2578 3638 44 26 (44),
2640 3641 25 18 Te
2683 3640 99 18 Betimana

2348 3664 21 18 Pi
2373 3664 42 17 wild
2424 3664 45 23 (43).

2372 3688 74 16 Matata
2486 3687 86 18 Mikaoro
2591 3687 123 22 Hcrctaunga
2735 3684 45 26 (59),

2347 3711 79 16 Kaureti
2434 3709 160 23 Mohonuiarangi
2604 3709 44 24 (49).

2371 3733 159 17 MokoiaHemi
2551 3733 67 17 Kokiri
2638 3734 19 17 te
2677 3732 91 24 Wharepu-

2348 3756 54 21 rangi
2412 3754 44 26 (51).

2370 3780 26 16 To
2405 3779 181 17 AwahouErucra
2594 3779 48 17 Hori
2652 3778 75 18 Karaka
2736 3779 45 23 (01),

2347 3802 93 22 Matenga
2448 3800 119 20 toWaharoa
2576 3802 44 22 (40).

2370 3826 61 22 Ngati
2448 3825 72 22 Pikiao,
2537 3826 79 16 Mourea
2617 3826 49 16 Te
2681 3826 101 16 AVirchana

2347 3847 73 19 Tamati
2431 3848 43 23 (;59).

2370 3871 60 23 Ngati
2440 3871 97 23 Pnkepga,
2547 3871 183 18 MaketuHirama
2738 3872 29 17 Mo-

2347 3892 95 25 kopapaki
2455 3894 44 22 (42).

2371 3917 76 18 Motoiti
2468 3918 38 16 and
2526 3915 79 21 Maketu*
2647 3918 48 17 Timi
2714 3918 68 17 Waata

2347 3940 71 18 Rimini
2433 3940 45 23 (41).

2371 3964 33 17 We
2413 3963 117 18 understand
2539 3964 42 17 that,
2587 3964 129 22 preparations
2725 3970 22 11 on
2758 3969 24 12 an

2347 3987 97 16 extensive
2452 3987 48 17 scale
2506 3993 31 11 are
2543 3987 57 21 being
2606 3987 54 17 made
2667 3988 20 16 at
2692 3984 90 20 Tokaanu

2349 4010 29 16 for
2386 4010 33 17 the
2433 4009 94 23 reception
2542 4010 20 17 of
2576 4010 32 17 the
2622 4010 72 18 natives
2709 4016 23 10 on
2749 4010 33 16 the

2348 4033 92 18 occasion.
2473 4033 39 17 The
2532 4033 117 17 Courthouse
2666 4031 61 19 which
2743 4038 38 11 was

2348 4056 74 17 erected
2429 4056 26 21 by
2464 4056 127 22 subscription
2599 4056 30 17 for
2638 4056 31 17 the
2678 4056 75 21 sittings
2762 4056 20 16 of

2348 4079 32 17 the
2396 4079 55 17 Land
2460 4079 64 19 Court',
2537 4079 38 20 has,
2594 4085 28 11 we
2636 4085 31 11 are
2681 4078 99 22 informed,

2347 4100 47 18 been
2412 4102 64 21 pulled
2497 4101 55 17 down
2573 4101 37 17 and
2631 4102 54 16 small
2707 4101 74 19 whares

2348 4125 73 16 erected
2430 4125 46 16 with
2485 4125 33 16 the
2533 4124 91 17 material.
2654 4125 38 16 The
2708 4125 73 17 natives

2347 4148 61 21 allege
2417 4147 45 23 they
2473 4153 48 12 were
2535 4147 82 18 directed
2631 4148 19 17 to
2665 4148 23 17 do
2702 4147 37 18 this
2756 4148 26 22 by

2348 4170 48 17 their
2405 4169 52 24 king.

2804 140 16 26 A
2836 140 48 26 FEW
2900 140 143 26 PRACTICAL
3059 140 159 26 SUGGESTION

2849 213 17 16 A
2875 212 55 18 TalS
2941 216 52 14 with
3005 214 34 16 Mr
3048 213 22 17 L.
3081 213 22 17 D.
3117 214 93 18 Xath.vx.

2838 245 54 16 After
2901 249 24 12 ail
2939 245 80 17 absence
3035 245 20 18 of
3068 246 57 18 about
3144 249 37 15 two
3195 254 46 14 yea-s

2805 262 1 30 j
2814 269 53 20 spent
2876 268 19 16 in
2905 268 43 16 that
2956 267 75 22 portion
3041 268 20 18 of
3069 268 32 19 the
3115 267 55 25 globe
3187 272 54 19 which

2805 291 1 22 I
2813 296 27 11 we
2849 292 47 16 term
2926 291 31 17 (del
2993 292 32 17 Mr
3041 292 21 18 L.
3081 291 23 19 D.
3123 291 13 19 \
3137 291 1 22 T
3142 294 56 18 athan
3216 301 17 12 re-

2812 314 69 17 turned
2888 311 113 21 toilotorua
3014 315 36 18 last
3064 317 52 17 week
3167 324 11 10 a
3195 318 46 19 shorl

2816 338 45 17 lisit.
2887 339 23 16 In
2924 338 32 17 the
2972 345 65 12 course
3054 339 21 18 of
3090 347 11 10 a
3117 341 124 19 conversation

2812 361 45 17 with
2866 367 11 11 a
2885 363 147 20 representative
3049 362 20 18 of
3083 364 32 16 the
3128 364 113 19 CIDIOXICLI-l

2810 383 33 18 Mr
2849 384 187 24 Nathan'expressed
3050 387 30 16 bis
3093 387 114 22 Willingnes3
3224 390 17 16 to

2811 407 42 22 give
2862 408 28 17 his
2901 407 121 23 impressions
3039 410 20 16 e>f
3075 410 32 17 the>
3123 409 118 20 Continental

2810 430 63 18 health
2884 432 69 17 reports
2960 428 43 21 with
3015 433 44 16 such
3069 433 111 23 particulars
3192 439 18 12 as
3221 434 20 19 bo

2810 454 83 22 thought
2906 455 63 20 might
2983 453 46 19 with
3047 456 107 21 advantage
3170 456 23 18 be
3206 457 26 18 fol-

2809 477 59 18 lowed
2878 478 18 16 in
2906 475 68 24 regard
2982 480 20 15 to
3012 477 89 19 Rotorua.

2833 500 77 24 Having
2919 501 100 22 expressed
3027 502 29 17 his
3065 500 117 21 satisfaction
3197 503 42 18 with

2808 524 33 17 the
2849 531 57 15 many
2915 526 146 21 improvements
3070 525 59 18 which
3140 526 37 17 had
3187 526 52 18 taken

2808 547 53 22 place
2869 547 44 18 hero
2921 548 50 16 since
2979 548 29 17 his
3017 545 37 21 last
3062 547 44 19 visit
3120 549 32 17 Mr
3166 550 73 17 Nathan

2808 568 107 20 considered
2924 571 43 17 that
2976 571 31 17 the
3017 569 126 20 Government
3153 578 47 12 were
3208 579 21 11 ex
3236 585 5 3 -

2808 591 80 25 trflraely
2895 592 141 22 short-sighted
3043 593 21 19 iri
3078 597 34 15 not
3126 595 72 23 having
3210 595 19 18 in-

2808 616 89 18 troduced
2910 621 11 13 a
2938 615 69 19 Service
3024 618 19 17 of
3060 618 58 20 cheap
3142 619 95 16 excursion

2807 641 64 17 trains,
2882 646 32 12 sav
2924 641 48 16 from
2982 638 70 22 Friday
3065 648 22 10 or
3101 641 94 21 f'lt'nrday
3211 642 26 17 till

2807 660 84 25 Monday
2899 663 85 18 between
2994 662 99 19 Auckland
3100 665 36 16 and
3144 665 82 17 thointor-

2807 686 80 17 nieliate
2901 684 80 19 stations
2994 687 37 17 and
3049 684 90 21 Rotorua.
3174 689 19 16 If
3208 689 30 17 the

2806 707 67 24 peiple
2881 714 49 13 were
2938 710 69 17 offered
3020 711 86 17 facilities
3119 711 30 17 for
3165 711 73 22 coming

2806 732 44 18 here
2858 729 80 26 cheaply
2946 733 46 20 they
3005 732 62 19 would
3081 735 67 16 hasten
3162 735 19 17 to
3196 735 42 17 take

2806 755 107 23 advantage
2922 756 20 17 of
2950 756 57 20 them.,
3019 757 36 17 and
3063 757 71 22 having
3139 763 42 12 seen
3190 763 47 13 some

2806 779 20 16 of
2834 779 32 16 the
2875 779 76 17 natural
2965 780 85 17 wonders
3066 781 46 21 they
3126 781 63 16 woulel
3205 785 29 12 not

2806 803 37 15 re~;t
2860 802 82 17 satisfied
2955 802 48 18 until
3018 803 46 17 they
3076 804 38 16 had
3125 809 43 11 seen
3181 809 55 11 more.

2826 825 9 17 I
2844 831 30 11 am
2950 826 39 17 said
2999 827 31 15 Mi-
3039 826 82 22 Nathan,
3151 827 43 17 that
3203 833 33 16 yon

2806 848 37 17 had
2864 855 10 10 a
2891 854 44 17 very
2953 849 120 23 satisfactory
3089 850 38 17 fete
3148 850 43 17 here
3208 850 29 18 the;

2806 872 54 16 other
2868 869 55 25 night
2931 872 53 17 when
2993 870 31 19 the
3032 874 119 16 Sanatorium
3157 874 80 22 grounds

2807 900 47 12 were
2870 895 23 17 lit
2909 902 26 15 up
2952 895 37 17 and
3007 902 11 10 a
3034 896 114 23 promenade
3165 900 70 14 concert

2806 918 44 17 toe>k
2859 917 54 23 place
2913 917 1 25 1
2921 919 61 16 which
2993 925 37 11 was
3039 920 89 16 attended
3137 920 25 22 by
3172 920 24 16 all
3203 926 21 10 an
3233 917 2 25 '

2805 941 77 22 sundry.
2920 941 49 17 Such
2993 940 95 21 functions
3104 940 68 20 should
3196 943 41 18 take

2805 964 52 21 place
2866 965 96 21 regularly
2971 966 119 21 throughout
3098 966 32 17 the
3139 972 71 12 season,
3220 972 17 12 as

2805 987 16 17 is
2829 987 32 17 tiie
2869 994 41 10 case
2919 989 21 16 at
2948 989 33 16 the
2989 987 122 19 Continental
3120 996 48 15 spas,
3178 989 36 17 and
3229 990 6 16 1

2805 1017 29 10 am
2845 1016 41 12 sure
2895 1011 46 22 they
2949 1011 63 18 would
3027 1012 23 17 be
3065 1013 20 16 at
3099 1018 45 12 once
3159 1012 78 23 popular

2805 1032 38 19 and
2852 1032 87 19 continue
2948 1041 26 10 so.
3001 1036 49 17 Suedi
3059 1037 78 16 matters
3146 1036 55 17 could
3215 1036 22 17 be

2807 1056 54 18 taken
2870 1056 20 18 in
2899 1056 50 18 hand
2958 1058 26 22 by
2993 1058 33 18 the
3030 1058 92 19 residents
3126 1058 110 19 themselves

2805 1081 46 16 with
2860 1081 32 16 the
2901 1082 130 20 co-operation
3038 1081 21 18 of
3064 1083 32 16 the
3102 1082 47 18 local
3157 1088 67 15 govern-

2805 1103 34 23 ing
2847 1103 55 23 body,
2913 1104 37 17 and
2962 1105 32 16 the
3011 1105 53 22 place
3081 1105 63 18 would
3161 1105 76 24 thereby

2805 1126 22 18 bo
2835 1126 91 19 rendered
2942 1132 52 13 more
3010 1129 101 17 attractive
3127 1130 19 15 to
3163 1129 73 17 visitors

2805 1150 42 17 who
2856 1151 20 16 at
2884 1152 76 20 present
2974 1157 31 11 are
3014 1152 31 17 too
3060 1157 59 17 prone
3134 1152 21 17 to
3171 1152 66 23 regard

2805 1173 83 17 Roten'ua
2905 1171 70 25 merely
2992 1180 20 10 as
3029 1181 11 11 a
3055 1175 73 22 resting
3148 1175 52 22 place
3219 1176 17 16 in

2805 1196 59 17 which
2873 1197 17 16 it
2898 1197 15 17 is
2921 1197 93 17 desirable;
3024 1199 20 16 to
3056 1199 42 21 stay
3115 1198 45 22 only
3174 1199 29 16 for
3218 1204 19 12 as

2804 1219 53 17 short
2865 1226 11 11 a
2889 1220 46 17 time
2949 1227 20 10 as
2986 1221 87 22 possible.
3098 1222 23 16 In
3139 1222 54 17 other
3209 1228 18 10 re-

2804 1244 60 20 spects
2874 1243 32 17 the
2914 1241 129 21 Government
3051 1245 61 21 ought
3119 1246 19 16 to
3147 1244 55 19 assist
3212 1244 24 24 by

2804 1266 32 17 the
2845 1266 106 18 iristitution
2964 1268 20 16 of
2998 1274 11 10 a
3026 1266 93 24 judicious
3136 1271 69 19 system
3219 1268 18 18 of

2804 1289 121 23 advertising.
2951 1290 70 22 People
3030 1291 43 17 here
3081 1291 47 17 have
3137 1297 25 12 no
3170 1291 42 17 idea
3219 1293 18 16 of

2804 1312 43 17 how
2863 1312 49 18 little
2930 1313 37 17 this
2984 1312 53 24 place
3054 1312 14 19 is
3085 1314 68 17 known
3164 1314 26 23 by
3206 1315 31 17 the;

2804 1336 81 16 millions
2894 1337 19 15 hi
2923 1336 81 23 Europe,
3015 1338 73 16 Britain
3102 1335 37 19 and
3153 1335 83 21 America

2803 1359 61 17 and
2873 1361 34 15 not
2916 1360 37 17 this
2961 1360 53 22 place
3024 1361 54 17 alone
3086 1361 35 17 but
3129 1361 33 17 the
3178 1361 59 18 whole

2804 1382 78 22 Colony,
2908 1382 19 17 If
2935 1382 73 23 foreign
3023 1384 69 22 capital
3105 1384 15 17 is
3134 1385 21 16 to
3171 1384 23 17 be
3208 1386 19 15 at-

2803 1405 73 17 tracted
2885 1407 20 15 to
2914 1406 32 17 the;
2955 1406 53 22 place
3021 1408 16 15 it
3050 1408 51 16 must
3113 1408 24 17 be
3151 1408 48 17 done
3213 1407 23 22 by

2803 1427 117 25 advertising
2928 1430 25 16 its
2961 1430 72 17 merits.
3059 1431 19 17 It
3086 1431 15 17 is
3110 1431 25 17 all
3144 1437 45 16 very
3195 1430 40 18 well

2803 1453 20 16 to
2833 1450 45 19 send
2887 1452 43 17 blue
2939 1451 58 19 books
3007 1451 37 19 and
3053 1454 45 16 such
3108 1453 65 23 things
3181 1455 20 16 to
3207 1455 30 16 the;

2803 1472 155 26 AgehtrGenoral
2967 1474 36 19 but
3015 1477 63 17 unless
3091 1477 24 17 ho
3128 1477 16 18 is
3160 1476 76 19 assisted

2803 1498 25 23 by
2837 1498 89 18 lecturers
2936 1505 21 11 or
2967 1499 44 23 paid
3021 1502 67 20 agents
3102 1501 20 16 to
3135 1507 26 16 go
3178 1501 58 17 round

2803 1522 37 16 anel
2850 1521 77 18 descant
2935 1528 51 17 upon
2996 1523 32 17 the
3038 1521 94 25 country's
3144 1530 92 11 resource's

2803 1545 99 17 natural
2908 1545 38 18 and
2953 1546 138 17 otherwiseit
3097 1547 39 17 will
3142 1548 34 16 not
3183 1547 53 17 avail.

2803 1568 64 22 Cheap
2876 1566 107 26 pamphlets
2992 1567 37 19 and
3038 1568 57 23 guide
3103 1568 59 19 books
3171 1570 65 18 should

2802 1592 24 16 be
2834 1591 75 22 printed
2918 1589 38 21 and
2965 1598 51 11 sown
3026 1592 99 19 broadcast
3134 1599 20 11 as
3162 1594 17 17 is
3189 1594 47 16 elone:

2803 1617 20 15 at
2831 1615 66 22 Vichy,
2905 1615 67 17 Zurich
2979 1615 37 17 and
3022 1617 54 16 other
3083 1614 67 25 places.
3175 1617 49 17 Modi-

2803 1635 28 20 cal
2841 1644 41 11 men
2892 1638 68 19 should
2964 1638 25 19 be
2994 1638 98 19 furnished
3101 1640 43 17 with
3152 1640 84 21 analyses

2803 1662 20 16 of
2831 1662 26 16 all
2866 1662 31 16 the
2907 1663 67 16 waters
2989 1665 26 19 up
3029 1664 20 15 to
3066 1663 49 20 date,
3133 1664 35 16 not
3184 1659 51 22 those

2802 1682 137 25 perfunctorily
2949 1683 55 19 taken
3015 1691 53 17 years
3077 1692 42 16 ago.
3151 1684 74 20 Particu-

2803 1704 37 22 lars
2849 1707 18 17 in
2877 1708 68 23 regard
2954 1709 20 16 to
2984 1709 31 17 tho
3024 1707 76 19 climate
3113 1710 68 16 should
3198 1710 37 18 also

2802 1731 24 17 be
2846 1731 107 20 circulated,
2970 1732 32 17 the
3021 1733 80 17 readiest
3119 1733 37 17 and
3172 1733 64 18 easiest.

2803 1759 64 13 means
2883 1756 21 15 of
2917 1759 62 13 access
2993 1756 47 17 from
3057 1754 25 19 all
3101 1758 52 20 parts
3170 1757 19 16 of
3206 1756 29 18 the

2803 1778 64 18 world,
2878 1778 32 18 tho
2925 1778 40 17 cost
2979 1779 19 16 of
3011 1777 61 24 living
3088 1779 37 17 and
3142 1785 20 11 so
3179 1780 54 17 forth.

2802 1801 39 17 The
2852 1801 121 17 Continental
2990 1808 43 16 spas
3048 1808 31 11 are
3095 1800 51 19 filled
3162 1803 26 22 by
3205 1803 32 17 the*

2803 1824 82 22 wealthy
2894 1825 67 16 edasses
2970 1825 42 18 who
3024 1831 31 12 are
3066 1826 82 21 charged
3161 1827 63 16 accord-

2802 1847 60 22 ingly-
2888 1848 50 16 Here
2952 1848 32 17 the
2998 1848 59 23 prices
3071 1855 31 11 are
3116 1847 59 19 about
3192 1855 42 12 one>-

2802 1871 52 16 third
2863 1871 20 17 of
2898 1871 54 17 those
2967 1871 100 24 obtaining
3083 1874 21 15 at
3119 1872 62 17 home-.
3214 1873 20 17 Tn

2803 1893 89 18 Se:eitland
2901 1895 15 16 it
2929 1895 16 16 is
2958 1895 104 23 extremely
3076 1895 104 17 noticeable
3194 1895 41 19 how

2802 1916 45 23 they
2856 1914 54 20 make
2919 1918 32 17 the
2961 1918 77 17 tourists
3047 1922 43 19 pay,
3115 1916 47 20 Nice
3177 1919 33 17 has
3225 1926 10 10 a.

2801 1939 80 25 floating
2890 1940 110 23 population
3011 1942 20 16 of
3040 1942 65 21 60,000
3119 1942 69 23 during
3204 1942 31 18 the

2802 1969 71 12 season,
2899 1964 61 22 Vichy
2968 1965 35 16 has
3011 1970 20 12 as
3041 1970 56 17 many
3112 1965 37 17 and
3162 1966 17 17 is
3191 1966 43 22 only

2803 1992 47 17 opon
2880 1987 70 21 eluring
2980 1988 32 17 (he
3041 1992 72 13 season.
3151 1989 26 17 At
3204 1989 32 17 the?

2802 2010 122 18 Continental
2946 2015 42 17 spas
3012 2009 52 20 there
3087 2012 15 17 is
3118 2012 117 22 .everything

2803 2033 59 17 winch
2880 2034 55 16 tends
2951 2036 20 15 to
2990 2032 55 20 make
3064 2035 34 17 life
3115 2036 98 21 agreeable

2802 2056 87 23 kiosquos
2898 2057 20 17 of
2925 2057 66 19 music,
3001 2058 72 18 casinos
3087 2058 36 17 and
3138 2064 85 12 conversa-

2802 2080 39 17 tion
2859 2086 67 14 rooms,
2943 2085 100 17 museums,
3061 2081 114 23 aquariums,
3193 2088 31 12 zoo-

2801 2103 77 22 logical-
2891 2104 37 16 and
2951 2102 95 19 botanical
3064 2105 80 22 gardens
3162 2105 38 17 and
3217 2111 18 11 so

2801 2126 58 18 forth.
2893 2126 68 18 Hotels
2978 2127 48 17 have
3043 2128 45 17 been
3103 2128 72 17 erected
3191 2130 19 15 at
3226 2135 7 10 a

2802 2149 87 17 fabulous
2898 2152 40 15 cost
2947 2151 37 16 and
2994 2151 45 21 they
3048 2157 44 11 earn
3108 2151 92 19 sufficient
3215 2152 17 16 in

2801 2172 33 17 the
2843 2173 52 17 short
2909 2177 65 13 season
2992 2175 19 15 to
3028 2174 47 22 keep
3092 2172 52 19 them
3160 2175 27 17 all
3205 2175 30 17 the

2801 2201 45 17 year
2854 2196 66 17 round.
2946 2197 57 16 Here>.
3018 2197 32 17 the
3064 2203 66 12 season
3145 2198 55 17 could
3214 2198 21 17 be

2801 2217 56 19 made
2867 2225 17 11 e.o
2894 2219 36 17 last
2945 2220 25 16 all
2988 2220 31 17 the
3036 2226 45 16 year
3097 2218 61 20 round
3174 2222 15 16 if
3205 2222 31 16 the'

2802 2242 127 18 Government
2950 2243 63 17 would
3031 2244 45 21 only
3096 2244 92 17 advertise;
3205 2245 30 17 the

2801 2266 59 22 place,
2891 2266 39 17 The
2943 2266 88 22 railways
3048 2267 60 17 which
3125 2267 20 18 at
3161 2269 74 21 present

2801 2295 56 11 cause
2866 2295 19 11 so
2894 2289 56 17 much
2965 2295 80 12 concern
3058 2290 63 17 would
3140 2291 46 17 then
3199 2297 36 16 pay

2801 2312 34 17 the
2854 2314 40 16 cost
2914 2313 20 17 of
2954 2314 129 16 construc'tiem
3106 2311 36 20 and
3159 2311 76 25 provide

2802 2340 79 13 revenue
2898 2335 29 18 for
2948 2336 54 17 other
3019 2340 96 19 purposes.
3150 2338 85 16 Farmers

2801 2358 73 18 instead
2883 2359 20 16 of
2912 2359 96 22 requiring
3022 2360 101 18 assistance
3137 2361 63 17 would
3214 2361 21 17 he

2801 2382 63 22 busily
2880 2382 87 21 engaged
2984 2384 87 21 growing
3088 2384 54 21 grain
3160 2384 29 17 for
3204 2385 32 16 the;

2801 2405 53 17 hosts
2863 2405 19 17 of
2891 2406 67 21 people
2967 2406 42 18 who
3022 2406 63 18 would
3100 2406 23 18 be
3137 2405 98 21 attracted.

2802 2429 29 16 An
2841 2434 98 12 enormenis
2948 2430 80 16 amount
3033 2429 21 18 of
3058 2430 59 23 ready
3121 2431 44 17 cash
3176 2431 59 17 would

2801 2452 25 16 be
2833 2450 85 24 brought
2925 2452 42 17 into
2975 2452 33 17 the
3016 2451 53 23 place;
3079 2453 37 17 and
3130 2453 106 19 settlement

2801 2475 45 17 hero
2867 2481 21 15 pr
2908 2475 100 18 elsewhere
3027 2476 63 17 would
3106 2476 129 24 undoubtedly

2802 2498 71 17 follow.
2898 2499 59 19 There
2967 2499 14 16 is
2990 2504 25 12 no
3027 2499 113 24 gainsaying
3152 2500 33 18 tho
3200 2501 36 17 fact.

2802 2521 43 17 that
2854 2528 11 11 a
2873 2521 53 23 place
2934 2522 38 17 like
2981 2522 37 17 this
3028 2523 67 17 should
3108 2523 22 17 be
3145 2523 91 24 managed

2801 2544 27 22 by
2845 2545 32 16 tho
2894 2545 129 17 Government
3044 2547 104 17 somewhat
3163 2553 26 11 on
3205 2547 31 17 the;

2802 2572 51 13 same
2869 2568 47 17 lines
2929 2574 20 12 as
2963 2574 11 11 a
2989 2570 98 17 merchant
3103 2576 90 15 manages
3209 2571 28 16 his

2802 2591 90 17 business.
2918 2592 39 16 The
2973 2592 98 18 merchant
3086 2591 64 22 makes
3164 2593 73 18 himself

2801 2614 73 17 known
2885 2615 21 18 to
2920 2613 26 20 all
2963 2615 29 17 his
3009 2615 72 18 clients.
3115 2616 39 17 The
3168 2617 59 17 consti-

2804 2639 65 16 tuents
2878 2638 19 17 of
2906 2636 46 19 New
2967 2638 83 18 Zealand
3064 2645 31 12 are
3110 2641 19 16 to
3142 2640 23 17 be
3179 2640 57 17 found

2803 2660 120 23 throughout
2942 2661 33 17 the
2991 2659 66 21 world.
3090 2663 39 17 Tho
3151 2669 53 11 curse
3219 2665 18 16 of

2803 2686 58 20 party
2874 2686 125 20 government
3016 2685 15 17 is
3048 2692 45 10 over
3109 2687 32 16 the
3158 2688 78 21 country

2803 2707 37 17 and
2848 2707 14 17 it
2872 2707 62 18 would
2942 2708 24 17 be
2975 2713 11 12 a
2995 2709 48 21 good
3054 2709 56 22 thing
3115 2710 15 16 if
3137 2710 31 16 the
3174 2710 63 17 House'

2803 2736 50 11 were
2860 2730 45 17 shut
2914 2737 25 16 up
2948 2731 29 17 for
2986 2738 10 10 a
3005 2732 70 17 session
3085 2739 21 10 or
3114 2733 37 18 two
3160 2734 38 16 and
3207 2733 30 18 the

2803 2754 92 16 members
2911 2754 92 22 provided
3019 2755 47 17 with
3083 2756 56 16 funds
3155 2756 38 18 and
3210 2756 18 18 al-

2803 2777 61 17 lowed
2873 2777 19 17 to
2902 2783 51 11 roam
2962 2778 59 16 about
3034 2779 33 16 the
3080 2779 58 17 world
3155 2779 38 17 and
3209 2785 28 12 sec

2803 2800 43 17 bow
2855 2800 65 23 things
2929 2807 31 11 are
2968 2801 95 23 managed

2826 2822 61 19 There
2903 2829 37 12 was
2954 2830 35 11 one
3004 2826 69 15 matter
3086 2826 20 17 of
3119 2826 76 21 general
3208 2826 19 17 in-

2807 2848 57 16 terest
2881 2848 20 16 to
2916 2847 61 17 which
2991 2848 31 16 Mr
3037 2848 78 18 Nathan
3128 2849 82 18 referred
3219 2855 18 11 as

2804 2870 74 22 worthy
2887 2871 20 16 of
2915 2872 50 15 note'.
2991 2871 19 17 It
3020 2877 38 11 was
3066 2872 20 16 in
3097 2873 68 21 regard
3174 2874 21 16 to
3207 2873 30 17 tin;

2803 2899 42 11 care
2854 2893 92 17 exercised
2956 2894 120 22 throUghemt
3090 2895 32 17 the)
3137 2895 100 18 Ctentinent,

2803 2916 19 16 in
2832 2916 109 21 examining
2950 2917 32 17 the
2991 2918 45 16 food
3045 2918 68 23 supply
3123 2919 19 16 of
3151 2919 31 16 the
3189 2920 36 21 pub-

2803 2939 30 17 lie.
2859 2940 24 20 If,
2894 2940 29 16 for
2932 2940 89 21 instance;,
3032 2947 23 11 an
3065 2942 70 16 animal
3144 2948 24 11 on
3181 2942 56 21 beans;

2803 2962 58 17 killed
2869 2960 16 19 is
2894 2963 60 17 found
2963 2965 19 16 to
2993 2963 24 18 be
3031 2964 84 18 diseased
3130 2965 32 17 the
3178 2965 59 17 whole:

2803 2991 74 12 carcase
2886 2986 15 17 is
2909 2988 21 15 at
2939 2993 45 10 once
2999 2986 66 20 buried
3078 2988 38 17 and
3131 2988 31 17 tho
3176 2994 61 12 owner

2803 3008 122 18 reimbursed.
2950 3010 126 21 Throughout
3085 3012 32 16 the
3127 3012 80 17 colonies
3223 3012 14 17 if

2803 3038 11 10 a
2823 3032 54 17 be;ast
2885 3033 16 16 is
2910 3033 60 17 found
2979 3034 21 16 to
3015 3034 25 16 be
3054 3034 83 18 diseased
3146 3035 32 17 the
3195 3041 32 16 par-

2804 3055 68 17 ticular
2880 3057 43 20 part
2932 3056 15 17 is
2961 3054 57 19 taken
3033 3063 54 17 away
3101 3058 37 16 and
3155 3058 31 16 (he
3202 3060 35 15 rest

2804 3078 41 17 sold
2854 3080 20 15 to
2885 3078 32 18 the
2926 3080 70 20 public.
3022 3078 44 19 And
3075 3087 20 11 so
3104 3081 32 16 the
3145 3081 70 17 disease'
3224 3082 13 17 is

2804 3102 72 16 carried
2885 3108 29 13 on,
2923 3102 30 17 for
2958 3103 31 17 the
2995 3109 63 15 germs
3064 3102 38 19 will
3109 3104 49 17 exist
3164 3104 73 23 though

2804 3124 97 22 subjected
2911 3127 19 15 to
2939 3132 11 10 a
2958 3126 45 17 heat
3012 3127 20 16 of
3047 3133 45 11 over
3106 3128 34 16 200
3155 3127 81 22 degrees.

2804 3148 17 17 A
2829 3148 91 22 practical
2928 3149 124 18 interference
3061 3150 24 20 by
3094 3151 33 16 the;
3137 3150 52 18 State
3199 3151 18 17 in
3228 3158 7 10 a

2804 3172 70 16 matter
2888 3172 20 16 of
2924 3172 37 17 this
2975 3174 40 15 sort
3028 3168 64 22 would
3103 3174 24 17 do
3144 3180 51 11 more
3209 3175 19 17 to-

2805 3194 60 17 warels
2873 3195 31 16 the
2914 3195 107 17 realisation
3031 3196 20 17 of
3060 3196 42 18 that
3111 3199 54 20 great
3175 3198 62 16 future

2803 3217 115 23 nationality
2927 3219 61 16 which
3001 3219 29 17 Sir
3043 3219 74 23 George
3132 3221 49 21 Grey
3196 3227 31 16 pre-

2804 3240 68 21 dicted,
2883 3241 45 16 than
2939 3247 33 11 can
2982 3242 23 17 ho
3014 3242 50 17 done>
3073 3243 26 22 by
3113 3243 66 23 giving
3192 3243 45 18 heed

2805 3265 19 16 to
2834 3263 25 18 all
2867 3265 50 16 sorts
2925 3265 20 16 of
2953 3265 69 17 foolish
3031 3266 42 17 faels
3082 3266 38 17 and
3128 3267 97 21 promulga-

2805 3287 42 21 ting
2861 3288 121 16 unworkable
2995 3288 54 17 labor
3066 3288 51 18 laws.
3142 3290 27 17 To
3186 3290 51 17 assist

2804 3310 20 17 in
2845 3310 78 23 making
2942 3311 33 17 the
2992 3312 65 16 nation
3080 3313 78 22 healthy
3175 3313 15 17 is
3208 3313 29 17 tho

2805 3333 76 21 highest
2890 3333 85 19 function
2985 3335 20 16 of
3013 3335 32 16 the
3054 3335 59 18 State.

2827 3356 32 17 Mr
2868 3356 76 18 Nathan
2954 3357 89 18 returned
3052 3359 20 18 to
3087 3359 105 21 Auckland,
3208 3360 29 16 via

2805 3378 96 22 Okoroire,
2912 3386 24 11 on
2946 3377 94 26 Saturday
3050 3382 94 22 morning.

2899 3448 142 20 AUCKLAND
3059 3450 77 18 ITEMS.

2931 3513 36 22 [BY
2976 3515 137 22 TELKUU.VT'H.]

3121 3546 43 19 This
3173 3546 42 24 day.

2827 3568 32 16 Mr
2867 3564 81 20 William
2959 3567 111 23 Parkinson,
3081 3569 29 18 for
3119 3575 57 18 many
3184 3576 53 17 years

2804 3589 101 18 connected
2915 3590 46 17 with
2969 3591 33 17 the
3012 3591 53 18 Loan
3077 3593 38 16 and
3128 3593 110 19 Mercantile

2804 3612 39 18 Co..
2853 3612 36 18 but
2897 3612 29 18 for
2935 3619 51 11 some
3002 3615 77 16 months
3100 3617 43 21 past
3152 3617 85 23 engaged

2804 3635 19 18 in
2831 3635 35 18 the
2873 3636 52 16 office
2933 3636 20 17 of
2961 3637 33 17 the
3006 3637 62 19 Waihi
3078 3639 22 17 G.
3107 3640 27 16 M.
3142 3639 38 18 Co..
3188 3645 36 13 com-

2804 3658 67 18 mitted
2880 3659 69 17 suicide
2958 3661 100 21 yesterday
3072 3663 19 15 at
3100 3662 29 18 his
3138 3663 98 21 residence,

2804 3682 114 21 Curran-st.,
2928 3682 26 23 by
2963 3679 113 28 cutfa'nghis
3093 3685 63 18 throat
3174 3686 45 18 with
3228 3692 9 12 a

2804 3704 121 18 table-knife.
2951 3706 31 16 lie
2991 3706 36 17 dad
3036 3706 47 18 been
3092 3707 90 25 suffering
3191 3710 46 17 from

2804 3728 92 16 insomnia
2903 3729 38 16 and
2950 3726 125 22 melancholia
3083 3731 64 22 lately.

2827 3751 97 18 Professor
2933 3751 68 22 Tubbs,
3013 3753 42 17 who
3070 3754 15 16 is
3100 3756 19 15 at
3136 3756 75 21 present
3220 3756 17 16 in

2804 3774 101 21 Australia,
2915 3775 34 19 has
2954 3773 88 25 resigned
3046 3776 31 19 his
3082 3777 52 18 ohair
3139 3777 20 18 of
3164 3778 73 19 classics

2803 3798 20 16 in
2829 3797 32 17 the
2872 3795 113 26 University.

2827 3821 38 16 The
2875 3821 95 18 Governor
2980 3822 37 16 will
3028 3823 78 21 proceed
3124 3830 24 11 no
3165 3824 74 18 further

2804 3843 46 17 than
2860 3844 52 17 Lake
2924 3843 156 21 Waikaronioana
3094 3852 23 12 on
3126 3847 29 18 his
3164 3849 75 21 present

2804 3866 43 23 trip,
2875 3867 54 17 From
2938 3868 52 17 thoro
2999 3868 23 17 he
3031 3870 74 17 returns
3114 3871 19 16 to
3148 3870 89 19 Gisborne

2804 3890 37 16 and
2851 3890 36 16 will
2898 3890 54 17 reach
2961 3890 85 19 Eotorua
3055 3892 30 17 via
3098 3893 45 17 Auc'
3152 3893 49 18 land.

2827 3912 102 18 Extensive
2938 3913 48 17 bush
2995 3913 43 18 fires
3049 3921 32 11 are
3098 3921 68 19 raging
3182 3917 54 17 down

2804 3935 61 18 south.
2893 3935 50 18 Near
2952 3936 159 26 Maitinbofbugh
3128 3946 11 11 a
3155 3940 47 22 strip
3220 3941 18 16 of

2804 3962 80 17 country
2895 3960 19 15 I,')
2933 3960 51 17 miles
3001 3960 47 23 long
3063 3957 33 26 by'
3107 3962 46 17 from
3173 3964 7 15 1
3197 3964 22 17 to
3227 3965 12 14 (/

2803 3981 58 17 broad
2871 3982 33 16 has
2912 3981 48 19 been
2965 3983 115 24 completely
3092 3985 77 17 cleared.
3187 3986 36 17 Doz-

2803 4010 32 11 ens
2844 4004 20 17 of
2872 4005 43 16 wild
2926 4005 42 23 pigs
2978 4012 47 11 were
3037 4009 75 16 roasted
3126 4009 37 17 and
3180 4014 56 18 many

2803 4027 44 17 deer
2855 4027 92 23 perished.

1207 79 58 20 THE
1293 77 56 23 HOT
1377 80 92 20 LAKES
1498 78 170 27 OHEONIOLE,
1697 81 191 23 WEDNESDAY,
1917 82 156 21 FEBBUARY
2105 83 28 23 19,
2151 83 47 18 1890

90 247 77 16 7NION
180 246 139 17 STEAMSHIP
335 242 117 19 COMPANY
472 244 30 17 OF

81 262 16 23 J
150 268 57 17 NEW
220 267 114 17 ZEALAND
343 267 82 16 Limited.

200 335 48 15 lOli
260 334 101 16 SYDNEY.

73 361 150 33 W^WWTWfIE

65 444 98 15 Takaiuna
171 449 52 15 every
232 442 77 21 Monday

64 465 112 16 Mai.lvipua
184 470 51 11 every
244 463 91 21 Thuredny

65 486 151 19 Eotosiahana,
224 485 90 21 Tuesday,
334 484 44 16 Fob.
388 483 27 19 18,
426 482 10 16 2
453 488 39 16 p.ui

129 551 78 17 Reduced
219 552 15 14 f

64 573 90 17 Auckland
162 572 66 15 Branch

64 704 162 46 nUDDAET,
251 703 111 20 PAEKER,
385 701 54 20 AND
460 701 38 20 CO.

227 727 108 25 (limited),

86 775 95 24 Splendid,
192 773 163 24 Well-appointed
361 773 93 19 Steamers
460 773 38 17 will

63 799 22 18 be
94 797 114 25 despatched
216 799 49 16 from
275 799 119 18 Auckland,
404 802 21 11 us
439 795 61 19 under

61 822 91 24 (weather
168 822 38 17 and
225 820 54 19 other
296 821 143 17 circumstances
454 825 44 17 per-

62 870 41 16 For
110 868 136 20 GISBOENE,
253 863 105 25 NAPIEE',
366 866 115 17 WELLING-

83 892 57 20 TON,
152 890 158 20 LYTTELTON,
321 888 16 19 &
345 889 128 20 DUNEDIN,

65 916 107 17 Tasmania
178 912 36 22 ...:
220 914 102 20 Tuesday,
333 913 45 17 Feb.
385 914 27 18 '2o,
421 912 20 17 12
448 918 49 11 noon

63 940 101 18 Anui-iax,
175 938 102 19 Tuesday,
289 937 49 17 Mar.
348 936 26 21 10,
387 936 19 16 12
416 941 57 12 noon.

189 983 52 18 FOE
256 983 111 19 SYDNEY,

107 1007 116 24 (Eeturning
235 1008 19 15 to
263 1005 99 18 Auckland
371 1004 78 23 Direeti)

62 1032 93 21 Carrying
175 1031 113 20 Passengers
310 1029 30 17 for
361 1029 134 20 MELBOURNE,

73 1055 54 17 other
132 1055 132 15 Australian
271 1053 71 19 Pouts,
349 1051 38 17 and
392 1051 91 20 Hoiiakt,

64 1083 103 16 Anglian.
176 1081 106 19 .Monday,
293 1079 45 17 Feb.
345 1080 28 22 2-1,
384 1079 9 17 7
402 1084 46 17 p.m.

63 1106 116 17 Tasmania.
187 1118 14 3 ..
210 1104 106 19 .Monday,
333 1102 48 17 Mar.
399 1102 36 19 9,7
449 1107 46 17 p.m.

84 1132 30 17 All
124 1131 74 18 Tickets
205 1137 31 11 are
244 1130 93 18 available
347 1130 38 17 also
399 1130 29 16 for
437 1128 47 24 Stop-

61 1161 43 12 over
113 1161 21 11 or
142 1155 72 16 Eeturn
229 1154 25 22 by
266 1154 55 17 ANY
338 1152 84 18 UNION
436 1152 60 18 OCX'S

61 1176 139 23 STEAMEES,
211 1178 37 16 and
256 1176 73 19 holders
340 1176 24 17 of;
368 1174 66 18 U.S.S.
453 1175 43 18 Go's

62 1202 73 17 Tickets
155 1207 44 16 may
216 1201 60 17 travel
291 1200 27 22 by
340 1199 117 17 ANGLIAN
474 1204 22 11 or

61 1224 138 18 TASMANIA.

159 1253 22 17 L,
194 1253 24 17 D.
228 1251 138 19 NATHAN'&
378 1251 45 20 CO.,

391 1275 79 22 Agents.

198 1316 96 30 rpHOS.
316 1314 69 19 COOK
406 1314 14 17 &
445 1314 50 17 SON

237 1366 51 14 LOOK
301 1365 98 14 PASSAGES
412 1365 41 12 AND

262 1389 75 14 SECWKK
350 1388 77 13 BERTHS

221 1410 33 16 AT
267 1408 103 17 LOWEST
383 1406 80 19 BATES

61 1439 25 13 BY
99 1439 16 12 I'.
127 1434 13 18 &
150 1438 18 13 O.
179 1437 35 15 CO.,
224 1436 75 13 OIUEXT
308 1436 35 15 CO.,
353 1434 72 13 DIRECT
434 1434 59 13 LINES

150 1460 91 16 OCEANIC,
256 1458 142 16 MESSAG.EIUES,

158 1485 27 17 Or
191 1490 37 15 any
237 1483 37 17 line
283 1489 20 11 as
312 1481 78 18 desired.

208 1529 43 18 ited.
267 1528 126 18 Information
403 1529 48 19 grata

82 1576 72 21 tending
159 1580 102 18 passen.-ers
274 1573 60 18 should
349 1574 52 20 apply
416 1573 27 15 for
460 1578 31 10 our

78 1598 34 17 free
122 1598 28 16 list
159 1597 18 17 of
185 1600 72 13 steamer
271 1596 72 20 sailings
355 1595 32 15 hiA
397 1595 45 15 fares
452 1598 18 12 at

105 1624 89 18 COOK'S
206 1621 126 21 SHIPPING
345 1621 98 21 OFFICE,

133 1653 22 18 76
164 1657 42 13 and
217 1652 20 18 78
251 1651 163 19 Queen-street.

88 1681 85 18 Botorua
189 1681 15 16 A

110 1726 13 3 ..
142 1712 66 15 -Drafts
217 1712 33 15 end
258 1711 78 16 Circular
345 1710 54 15 Notes
406 1709 58 16 issued
473 1710 18 14 at

78 1736 35 12 vrst.
121 1736 68 12 em-rent
197 1736 51 12 rates.

59 1774 211 46 Ehrenff
272 1773 80 45 led
367 1773 121 45 Bros

199 1829 144 24 BREWERS,

135 1862 110 21 ALBERT
261 1860 148 25 BrtEWERY,

79 1894 217 22 QUEEN-STREET,
312 1892 158 20 AUCKLAND

77 1947 67 17 WINE
157 1947 49 16 AND
220 1946 79 17 SPIRIT
311 1944 156 20 MERCHANTS,

99 1975 123 16 BOTTLERS
234 1973 50 17 AND
300 1972 145 21 IMPORTERS,

142 1998 26 18 13,
184 1999 133 14 QOEEN-STREET
333 1998 69 14 WHAM*.

55 2071 25 15 At
89 2071 28 15 the
131 2070 91 17 following
238 2069 112 16 Exhibitions
365 2067 27 17 for
401 2073 31 10 our
441 2067 38 17 well-

150 2092 62 15 known
227 2091 44 15 Bulk
281 2090 32 16 mid
323 2089 68 17 Bottled

168 2113 48 15 ATE
229 2112 49 16 AND
290 2111 86 16 STOUT:

56 2140 68 21 Sydney
134 2139 125 17 Intern'atiocnl
268 2139 107 17 Exhibition,
387 2139 47 15 1879.

56 2157 101 21 lielbnurne
166 2161 127 16 International
300 2160 108 17 Exhibition,
418 2160 69 14 18S0-81

56 2182 42 16 New
106 2182 74 18 Zealand
189 2181 205 19 liidiistiialExhibition,
399 2180 77 20 Welling-

99 2207 35 15 ton,
146 2204 47 16 1885.

55 2226 43 15 Now
117 2224 75 18 Zealand
206 2224 33 17 and
255 2225 53 15 South
322 2224 41 16 Seas
378 2222 108 18 Exhibition.

98 2247 87 17 Dnnedin.
198 2247 78 15 188H-90.

56 2268 20 17 In
86 2268 76 17 addition
171 2269 17 15 to
199 2268 52 15 above
260 2268 43 15 have
321 2267 42 16 been
378 2266 79 15 awarded
471 2267 17 14 at

98 2290 104 16 Tasmanian
234 2288 109 20 Exhibition,
371 2286 116 21 Lannceston,

100 2312 78 15 1891-92.

141 2342 58 16 FIVE
210 2342 71 16 FIRST
298 2340 104 18 AWARDS

256 2368 32 11 FOR

64 2386 67 15 LITE
143 2384 111 17 BOTTLED
267 2384 59 16 ALES
344 2384 51 16 AND
413 2383 75 16 STOUT

249 2407 47 15 Al.-o.

84 2466 65 24 Gold
162 2466 86 22 Medal
259 2465 27 23 of
296 2464 167 24 Australasia

58 2524 89 23 BULK
161 2523 69 24 AND
249 2523 146 23 BOTTLED
409 2522 65 23 ALE

148 2575 72 21 Having
230 2581 9 10 a
248 2575 58 20 Largo
314 2574 52 16 Stock
375 2574 18 16 of

168 2601 47 16 ALE
228 2601 51 16 AND
291 2600 82 20 STOUT,

58 2628 67 17 Bottled
134 2628 16 15 in
160 2630 51 17 quart
220 2627 34 16 and
269 2627 38 21 pint
322 2626 67 18 bottle,
406 2624 82 23 specially

58 2649 64 17 brewed
131 2648 27 17 for
166 2648 29 17 the
204 2654 73 11 summer
286 2648 54 18 trade,
352 2647 55 16 which
415 2652 28 10 are
450 2652 38 10 now

58 2670 103 21 thoroughly
169 2669 84 20 matured,
267 2675 31 10 can
312 2669 42 16 with
369 2674 51 15 every
434 2668 45 15 confi-

58 2692 49 16 dence
119 2691 106 17 recommend
241 2696 47 10 same
303 2694 18 11 to
335 2694 119 12 connoisseurs
470 2695 18 10 as

58 2713 57 16 second
125 2715 17 13 to
150 2718 45 10 none
205 2713 15 15 in
233 2712 28 15 the
269 2712 72 16 Co'.onv.

146 2753 247 43 NOTICE.

222 2877 114 31 HOTEL.

58 2934 205 48 PASSENGERS
277 2935 28 24 by
320 2934 53 19 train
390 2936 19 17 to
425 2932 64 21 Auclc

249 2961 54 19 land.

59 3011 157 28 TRAINS
225 3011 27 25 st
258 3017 38 26 op
302 3010 43 26 20
352 3009 139 26 minutes

71 3049 21 16 at
99 3046 33 18 the
141 3044 107 20 Frankton
253 3043 99 21 Junction
360 3044 32 18 for
400 3043 78 18 dinner.

84 3072 43 18 The
150 3070 137 24 undersigned
315 3069 38 19 lias
383 3069 45 18 first
441 3068 51 19 class

58 3097 66 19 Meals
136 3096 61 25 ready
209 3096 40 19 and
258 3095 71 20 served
339 3101 26 13 on
380 3094 72 20 arrival
472 3095 20 18 of

59 3124 26 19 iill
98 3124 69 17 trains.

61 3154 219 46 William
313 3152 176 54 Geach,

116 3215 318 24 PROPRIETOR.

63 3268 146 23 Hancock's
218 3267 97 23 XXXX
322 3267 63 22 Ales
393 3267 99 28 always

191 3301 34 16 on
235 3293 127 29 Draught.

187 3345 19 18 N
225 3344 100 19 OTIC
341 3344 22 19 E,

153 3401 170 19 FOLLOWING
332 3400 73 23 Goods,
415 3399 77 25 freight

130 3427 46 25 paid
188 3432 19 13 to
222 3427 87 19 Kctorua
318 3434 34 11 :

62 3460 80 19 Double
256 3458 108 24 Bedstead,
381 3459 35 17 22s

151 3484 50 21 Iron
381 3486 36 16 40s

103 3526 12 9 ~
123 3511 168 20 Brass-mounted
328 3512 42 21 48s,
382 3511 40 21 Cfts,
435 3510 36 18 80s

64 3538 49 19 Best
123 3537 74 19 double
208 3537 47 18 wire
264 3537 125 22 Mattresses,
401 3537 36 17 23s

127 3578 10 9 ~
201 3563 41 19 flax
308 3577 13 8 ~
403 3563 35 17 21s

202 3588 76 26 Kapolc
288 3587 43 20 Bed
342 3590 35 16 40s

168 3615 57 19 Cask
312 3614 80 20 Ouder.

92 3641 174 25 Paperhaugings,
279 3647 11 12 a
300 3640 56 25 largo
368 3638 62 25 stoelt,
449 3645 43 13 ven

64 3667 71 25 cheap,
163 3667 54 18 Send
226 3667 32 19 for
266 3669 99 23 patterns.

81 3702 44 31 T,
147 3700 57 33 W,
226 3700 253 35 MAUKDKB,

174 3742 21 18 II
205 3742 19 18 A
234 3742 22 18 At
266 3742 10 18 I
287 3742 16 18 L
313 3742 15 18 T
339 3742 16 18 O
365 3741 28 19 N.

701 143 99 20 GRAND

524 170 88 22 PLAIN
630 171 16 19 &
661 169 95 20 FANCY
773 169 90 21 DRESS
878 169 78 19 BALL.

524 207 27 18 In
560 205 37 19 aid
606 205 26 18 of
638 204 39 19 the
689 203 92 23 Jockey
796 203 59 19 Club
871 202 85 19 Funds.

602 250 274 28 17THMRRCH,1596.

640 285 36 23 (St.
682 285 94 17 Patrick's
782 285 59 23 Day.)

549 317 123 19 Committee
680 322 24 13 of
712 316 159 20 Management:
888 315 34 19 W.
932 315 24 18 A.

523 343 108 22 Williams,
643 339 13 22 J
673 343 34 19 W.
718 342 98 23 Webber,
826 341 23 20 T.
857 341 21 19 0.
887 341 56 24 Urqu-

523 369 51 22 hart,
586 369 28 18 11.
631 368 96 23 Fortune,
741 368 24 19 G.
784 369 77 24 Mayes,
883 367 30 19 M.
933 367 23 18 F.

523 395 68 18 Boord
602 395 40 19 and
653 396 23 17 A.
692 395 80 19 Munro.

523 442 72 19 FIRST
609 444 74 17 CLASS
696 444 87 17 MUSIC.

676 466 160 18 RECHERCHE
849 465 106 18 SUPPER.

548 494 87 19 Tickets
651 496 20 17 to
684 494 25 19 be
729 493 97 19 obtained
845 493 53 18 from
916 498 40 19 any

523 520 89 19 member
622 520 21 19 of
653 520 33 19 the
696 520 126 19 Committee.

523 552 86 22 Double,
625 554 34 20 ss;
683 551 70 25 Singlo
772 550 91 24 (Gents')
877 551 22 18 3s
917 550 25 18 Cd
951 550 4 26 ;

602 578 69 24 Single
689 577 105 24 (Ladies'),
811 578 22 17 2s
843 576 32 19 Cd.

661 642 22 17 T.
696 642 20 17 C.
732 639 151 22 URQUHART,

830 664 50 17 Hon.
891 664 41 17 Sec'.

523 715 56 20 BAY
604 714 33 20 OF
661 712 111 20 PLENTY
801 712 152 19 LICENSING

668 737 31 21 DI
716 738 89 20 TRIOT.

522 793 92 23 Notice
622 790 28 24 of
656 790 190 30 applicationto
851 795 103 18 remove

550 826 14 16 a
572 819 98 22 license
678 822 26 18 to
713 817 75 23 other
794 816 120 30 p^emis^s-

522 869 182 45 lEDWAED
724 867 89 27 WfEBB;
835 868 21 19 of
875 868 77 24 Omaio,

592 896 42 24 Buy
647 896 21 18 of
677 895 76 25 Plenty,
763 895 145 24 Hotelkeeper,
918 894 24 19 be-

522 922 34 26 ing'
567 924 33 18 the
611 922 70 19 holder
694 922 21 18 of
729 927 26 13 an
776 920 177 20 Accommodation

522 950 81 19 License
613 949 20 18 in
651 950 76 23 respect
743 947 21 19 of
779 948 35 18 the
830 947 64 19 house
913 946 40 20 and

520 975 96 26 premises
626 975 73 18 situate
710 976 21 16 at
744 972 3 29 '
761 973 55 19 ruaio
828 973 42 19 and
878 972 74 20 known

522 1003 24 23 liy
557 1002 35 18 the
602 1001 46 24 sign
661 1001 21 18 of
696 1000 35 18 tlio
751 999 70 19 Omaio
838 999 68 24 Hotel,
927 999 26 19 do

520 1027 75 26 hereby
604 1027 46 25 give
661 1026 64 18 notice
735 1026 45 18 tlint
791 1026 10 18 1
812 1026 66 19 desire
888 1028 20 16 to
916 1025 23 19 ob-

520 1055 48 22 tain,
580 1054 39 18 and
631 1052 45 23 will,
694 1055 20 15 at
733 1053 34 17 the
785 1055 50 15 next
853 1051 100 25 licensing

519 1080 90 23 meeting
618 1082 20 16 to
652 1079 25 18 be
693 1077 73 20 liolden
785 1082 22 14 at
825 1079 35 18 the
880 1077 60 20 Court-

519 1106 69 23 house,
598 1105 114 26 Tnurairga;
728 1110 25 12 on
769 1104 35 18 the
820 1104 37 19 4th
875 1103 40 26 day
932 1103 21 19 of

521 1131 76 24 March,
612 1133 21 17 IS
649 1133 17 20 6,
684 1131 60 24 apply
762 1131 31 17 for
809 1131 35 18 the
862 1129 90 19 removal

518 1159 21 19 of
549 1159 35 18 the
597 1158 43 19 said
657 1157 73 19 license
750 1156 33 20 for
798 1157 34 17 tlio
850 1155 101 19 aforesaid

518 1186 63 18 house
591 1184 39 18 and
640 1183 96 26 promises
745 1186 20 15 to
777 1189 11 11 a
795 1183 72 18 House
877 1181 74 19 situate

518 1214 21 16 at
545 1211 114 24 Waiotapu
667 1208 78 26 Valley,
767 1211 20 16 to
799 1209 26 18 be
841 1209 74 18 known
929 1214 23 12 as

518 1238 34 18 the
569 1235 111 21 -'Omuio"
698 1235 68 23 Hotel,
787 1234 41 19 and
846 1234 21 19 of
885 1233 65 20 which

518 1263 79 19 Walter
607 1263 62 18 Jones
678 1262 16 18 is
703 1261 35 19 the
752 1267 73 12 owner.

544 1289 67 19 Dated
621 1288 34 19 the
668 1289 28 17 1.-t
706 1287 38 24 day
755 1287 21 18 of
781 1286 100 22 January,
893 1286 33 19 189
926 1286 23 19 G.

666 1312 124 20 EDWARD
807 1312 89 19 WEBB.

516 1366 58 20 BAY
603 1366 34 20 OF
662 1365 110 19 PLENTY
796 1364 152 21 LICENSING

661 1391 136 20 DISTRICT,

514 1445 93 23 Notice
615 1444 27 23 of
648 1444 160 30 application
812 1444 26 22 to
843 1450 105 16 remove

527 1478 15 15 a
552 1472 98 21 license
671 1474 26 20 to
717 1470 74 23 other
802 1470 133 29 premises.

515 1524 24 42 I
581 1522 150 18 HENRIETTA
759 1522 143 18 MORRTNON,
929 1522 20 16 of

545 1558 8 6 .
582 1546 90 21 Rotorua,
689 1545 57 23 being
764 1545 33 17 the
814 1544 66 18 holder
901 1545 20 17 of
938 1550 11 12 a

513 1574 119 21 Publican's
647 1573 84 20 License
746 1573 20 19 in
783 1575 78 22 respect
879 1573 21 18 of
914 1573 35 19 the

513 1601 63 19 house
585 1601 40 18 and
635 1599 97 26 premises
738 1599 76 19 known
826 1599 26 18 hv
861 1599 34 18 the
902 1600 46 24 sign

513 1628 22 18 of
545 1627 34 19 the
590 1626 90 20 Rotorua
694 1625 68 23 Hotel,
780 1625 41 19 and
837 1625 75 19 situate
927 1628 21 16 nt

513 1653 96 23 Rotorua,
622 1653 24 19 do
657 1651 74 24 hereby
743 1652 46 23 give
800 1652 65 18 notice
877 1651 44 19 that
937 1651 11 19 I

513 1679 65 19 desire
589 1681 20 17 to
619 1678 76 23 obtain,
706 1677 40 19 and
755 1677 46 23 will,
812 1679 20 17 at
843 1677 35 19 the
900 1682 48 14 next

513 1705 99 24 licensing
622 1703 87 26 meeting
720 1707 19 15 to
750 1703 25 19 be
786 1703 74 19 holden
877 1705 21 17 nt
914 1703 34 19 the

513 1732 132 21 Courthouse,
657 1730 114 24 Tuurangu,
784 1736 25 12 on
821 1730 35 18 the
863 1729 34 19 4th
908 1729 39 25 day

513 1759 21 17 of
545 1757 76 23 March,
637 1758 53 21 18'Jli,
703 1755 61 27 apply
776 1756 32 18 for
815 1756 34 19 tho
858 1755 89 20 removal

513 1785 21 18 of
545 1784 33 18 the
588 1783 84 19 License
681 1784 32 17 for
723 1783 34 18 the
767 1782 103 19 aforesaid
884 1782 63 18 house

513 1810 39 19 and
568 1810 97 24 premises
679 1813 20 14 to
719 1815 11 12 a
749 1808 64 19 house
832 1809 76 18 situate
926 1811 22 15 at

513 1836 78 19 Paeroa
600 1835 115 25 Township,
728 1834 126 23 Ohinemuri,
866 1841 25 12 on
899 1834 36 19 Sec-

513 1863 40 18 tion
569 1864 14 21 I,
594 1862 49 19 Lots
655 1862 34 19 157
709 1860 39 19 and
771 1862 42 21 158,
835 1867 70 12 corner
926 1861 21 17 of

513 1887 154 21 Bshuont-road
674 1887 38 19 and
724 1886 172 24 William-street,
906 1886 41 19 and

513 1915 21 18 of
550 1914 64 19 which
632 1913 78 22 George
727 1914 21 19 .
762 1912 99 20 Lonsrdill
880 1913 17 18 is
913 1913 34 18 the

538 1966 67 20 Dated
612 1966 34 20 the
653 1966 35 19 sth
696 1966 38 24 day
741 1966 21 17 of
769 1964 113 26 February,
891 1966 48 17 1890

716 2000 25 16 H.
755 1999 144 17 MORRISON.

124 3800 113 45 FOR
274 3800 163 44 SALE.

72 3953 26 26 JL
133 3967 31 14 or&
183 3960 41 19 and
234 3959 137 20 Government
381 3958 39 18 sizo
433 3958 65 23 Posts,

67 3989 20 18 in
100 3994 38 18 any
150 3986 101 25 quantity,
264 3983 101 21 delivered
375 3986 21 16 to
406 3991 38 17 any
454 3986 44 22 part

67 4014 21 19 of
98 4014 35 18 the
143 4010 181 26 district.Apply
338 4012 21 16 at
371 4009 32 20 ibo
415 4009 83 19 Auction

66 4040 63 19 Mait,

249 4063 20 19 J.
289 4062 27 19 11.
330 4060 118 20 TAYLOK.

651 2046 43 17 TO
726 2046 43 18 LE
783 2046 20 16 T.

512 2094 36 42 171
553 2094 33 17 OR
596 2100 10 10 a
616 2093 35 18 fow
660 2093 76 17 months
745 2092 43 18 well
799 2092 97 17 furnished
906 2093 28 15 cot-

576 2119 44 19 tage
629 2116 37 18 and
675 2116 89 23 premises
772 2121 44 12 now
825 2114 90 24 occupied
922 2115 21 21 h>

511 2140 17 18 J.
546 2140 26 17 H.
587 2140 73 22 Taylor,
670 2139 115 23 comprising
800 2139 78 22 garden,
899 2138 33 22 pad-

512 2164 53 19 dock,
576 2162 61 19 stable
645 2162 37 18 and
689 2162 66 23 buggy
770 2162 65 17 house.
866 2160 77 19 Mineral

511 2187 34 17 hot
553 2187 46 16 bath
607 2186 37 16 and
653 2186 116 17 bath-house
778 2191 24 11 on
811 2185 33 17 the
855 2185 88 22 grounds.

511 2209 88 23 -Apply

723 2232 18 16 J.
752 2232 26 16 11.
788 2230 110 18 TAYLOR.

983 142 136 27 BRASS
1125 143 121 26 BAND
1258 143 157 27 SPORTS

1094 199 31 17 TO
1139 199 34 17 BE
1185 199 73 17 HELD
1267 199 36 18 ON

981 229 41 19 ST.
1036 230 158 19 PATRICK'S
1208 227 71 26 DAY,
1290 231 64 22 (Mar.
1373 230 42 23 17).

1051 261 35 17 ON
1099 262 53 16 THE
1170 262 175 18 RACECOURSE.

1004 283 31 19 (In
1044 284 30 17 aid
1084 284 21 18 of
1111 284 32 18 the
1150 285 73 17 Rot-oru
1231 288 22 14 A.
1260 286 56 17 Brass
1323 286 69 19 B:wid.)

1006 361 81 19 Hurdle
1098 362 54 18 Race
1163 362 97 25 (Hand,),
1278 364 34 21 120
1312 364 47 21 yds,
1378 363 35 19 2.

1006 387 92 19 Rotorua
1113 387 44 25 Cup
1175 387 116 28 Handicap,
1314 391 42 22 100,
1377 392 38 16 220

980 413 39 19 and
1030 413 35 24 440
1065 413 47 24 yds,
1125 415 36 17 B.
1190 415 28 19 To
1231 415 24 19 be
1265 422 37 12 run
1318 416 21 18 in
1356 416 59 18 bents

982 441 35 21 Ist,
1029 439 46 23 2nd,
1087 440 40 18 and
1140 440 37 19 .'3rd
1189 443 20 16 to
1222 445 60 15 count
1293 443 16 22 7,
1321 444 19 21 4,
1351 442 41 18 and
1403 444 10 16 2

978 465 134 25 respectively
1123 466 21 18 in
1155 467 48 18 each
1214 474 51 12 race.

1004 491 82 25 Ricycle
1096 492 55 18 Race
1162 493 95 23 (Hand.),
1271 495 6 17 1
1290 493 53 19 mile.

1004 517 77 25 Lady's
1106 517 98 25 Bracelet,
1226 519 89 24 (Hand.)
1354 520 44 19 Com-

978 543 84 25 petitors
1072 544 118 20 nominated
1201 545 26 24 by
1238 552 12 12 a
1260 545 52 19 ladv.

1004 570 108 19 One-Mile
1122 570 53 19 Race
1187 571 96 25 (Hand.),
1297 573 28 17 2
1338 573 40 17 10s.

1004 595 114 20 Half-Mile
1128 596 55 19 Race
1194 597 94 25 (Hand.),
1301 599 28 18 1
1346 600 39 17 10s.

1004 647 145 20 Nominations
1159 649 32 19 for
1205 650 59 19 other
1282 652 70 17 events
1371 651 41 19 will

980 673 23 18 be
1013 674 62 19 taken
1085 681 26 12 on
1122 675 35 19 the
1167 676 86 24 ground.

1003 699 144 20 Nominations
1155 702 39 18 and
1202 702 149 24 performances
1358 705 54 16 must

978 725 25 19 be
1013 725 73 23 lodged
1106 727 48 19 with
1173 728 35 18 the
1229 730 104 23 Secretary
1353 728 27 25 by
1400 731 10 16 5

978 751 73 19 o'clock
1064 752 69 19 March
1147 754 52 22 14th,
1214 756 55 17 1896.

1149 778 19 19 J.
1224 778 114 23 WEBBER,

551 2364 68 14 TIIADE
745 2357 6 9 V
754 2366 11 14 jf
846 2362 67 14 MARK.

512 2531 434 47 HANCOCKS'

636 2604 185 21 CELEBRATED

693 2657 86 32 xxxx

627 2715 210 52 A.LES,

645 2781 56 14 MADE
711 2782 53 13 I'I'.OM
774 2781 42 13 THE

514 2823 116 33 FINEST
657 2824 88 31 MALT
767 2823 64 32 AND
850 2823 97 37 HOPS,

516 3000 139 32 CAPTAIN
678 2999 82 32 COOK
779 2999 168 38 BREWERY,

620 3051 194 19 NEWMARKET.

1063 846 259 20 EXHIBITION.

1077 920 47 18 buy,
1134 917 46 17 Hot
1190 917 74 21 Lakes,
1274 918 32 17 &c.

976 960 144 20 TTLSITORS
1129 963 38 17 and
1176 964 63 17 others
1248 970 31 11 arc
1287 964 121 24 respectfully

990 981 22 31 V_
1044 985 72 17 invited
1129 988 20 15 to
1163 986 72 23 inspect
1249 988 31 16 Mr
1294 987 114 20 Bloinfiold'a"

976 1007 73 23 Unique
1059 1008 103 18 Collection
1171 1010 21 17 of
1206 1010 86 23 Original
1309 1011 99 24 Paintings

974 1037 44 10 now
1026 1037 24 11 on
1059 1032 47 16 view
1115 1033 20 16 at
1143 1032 29 17 bis
1181 1033 73 20 Studio,
1268 1033 140 25 Karangahape

975 1054 58 20 Road,
1044 1055 105 17 Auckland.

997 1077 174 24 N.B.Paintings
1180 1080 21 16 of
1209 1080 33 17 the
1251 1080 99 23 destroyed
1363 1082 33 16 Ter-

974 1106 50 11 races
1033 1101 71 17 similar
1115 1103 19 16 to
1148 1102 55 17 those
1216 1108 24 12 on
1256 1104 47 17 view
1319 1105 20 17 at
1357 1105 51 17 Lake

974 1124 64 16 House
1051 1124 38 17 and
1103 1125 68 18 Palace
1189 1126 65 21 Hotel,
1272 1133 35 11 can
1323 1128 45 22 only
1385 1128 23 17 be

974 1146 87 18 obtained
1075 1147 59 18 direct
1150 1149 49 17 from
1216 1150 33 17 the
1265 1150 60 17 Artist
1339 1152 20 17 at
1376 1152 32 16 the

973 1169 58 18 above
1042 1171 82 17 address.

974 1264 121 43 nARRY
1111 1266 134 19 ESKRIDGE
1268 1268 46 22 bogs
1330 1270 21 16 to
1372 1275 23 11 an-

1046 1294 73 13 nounce
1136 1289 42 18 that
1199 1291 24 17 he
1242 1291 34 18 has
1294 1293 66 17 rented
1383 1293 23 17 R.

974 1311 72 18 Wake's

1078 1335 126 19 BILLIARD
1219 1338 80 21 ROOM,

974 1357 83 23 opposite
1066 1359 32 16 the
1112 1359 66 17 Grand
1191 1361 65 20 Hotel,
1274 1361 38 17 and
1327 1362 40 18 will
1383 1362 24 18 be

974 1380 43 22 glad
1026 1381 19 18 to
1054 1381 48 18 have
1117 1388 11 11 a
1139 1383 37 17 call
1190 1384 49 17 from
1253 1385 25 17 all
1291 1385 79 22 knights
1387 1387 20 16 of

974 1404 30 17 the
1013 1410 39 14 cue,
1062 1405 43 17 who
1119 1406 38 17 will
1172 1406 40 18 find
1230 1413 34 12 one
1280 1409 21 16 of
1317 1409 31 16 the
1365 1409 41 18 best

974 1427 100 22 appointed
1083 1428 60 18 tables
1151 1429 20 17 in
1181 1430 47 17 New
1237 1431 87 18 Zealand.

1077 1470 78 18 BAND
1170 1470 34 19 OF
1216 1470 83 21 ROPE.

973 1548 15 12 -l
993 1545 22 15 A.
1044 1544 34 19 the
1089 1545 64 19 above
1165 1546 41 19 will
1216 1547 49 19 take
1275 1548 55 24 place
1342 1555 21 11 m
1371 1548 35 19 the

972 1569 128 21 Schoolroom
1111 1577 25 13 on
1144 1571 76 27 Friday
1237 1578 54 19 next,
1310 1575 33 17 the
1362 1576 44 18 21st

972 1595 45 21 inst,
1030 1599 21 16 nt
1061 1598 45 17 7.30
1120 1604 48 18 p.m.

1117 1643 147 20 TENDERS.

974 1688 164 20 OEPATJATE
1158 1690 90 20 Tenders
1268 1693 40 18 will
1327 1693 25 19 bo
1374 1700 22 12 re-

995 1711 8 22 )
1033 1715 68 20 ceived
1111 1722 28 19 up
1149 1719 21 16 to
1180 1724 59 18 noon,
1251 1719 108 24 Saturday,
1371 1719 35 20 the

971 1742 52 18 22ml
1037 1741 45 20 inst.

997 1772 40 19 For
1047 1773 91 25 clearing
1148 1780 59 12 seven
1219 1775 40 19 and
1270 1782 11 12 a
1296 1775 44 20 half
1350 1782 56 13 acres

973 1799 139 19 li-froesciul).

997 1829 40 19 For
1047 1830 115 25 ploughing
1171 1831 39 18 and
1220 1832 115 25 harrowing
1343 1839 61 12 same.

972 1860 39 19 For
1021 1861 81 19 further
1120 1863 122 23 particulars
1259 1864 61 25 apply
1334 1867 21 15 to
1372 1865 34 18 the

971 1886 144 22 undersigned.

997 1912 42 19 The
1049 1913 68 20 lowest
1129 1921 23 12 or
1162 1921 40 19 any
1213 1916 71 19 tender
1294 1919 35 16 not
1335 1923 58 13 neces-

971 1939 60 18 sarily
1043 1941 101 24 accepted.

1129 1966 21 19 C.
1167 1967 23 18 E.
1208 1968 117 23 KUSABS,

1238 1994 101 19 llineinoa
1349 1994 29 19 St.

1193 2148 80 19 General
1295 2149 109 19 Servant.

1058 2171 64 23 Apply
1131 2171 52 23 early
1192 2173 21 16 to
1220 2173 46 17 Mrs
1273 2173 107 17 Mai.fkoy.

185 4114 62 18 paper
267 4106 40 19 and
323 4104 115 25 Envelopes
455 4103 43 19 with

67 4125 37 26 -Li
147 4134 81 20 printed
241 4132 90 22 heading
342 4132 21 19 at
373 4130 64 24 cheap
445 4130 53 18 rates

67 4132 37 20 r\
147 4134 81 25 printed
241 4132 90 25 heading
342 4132 21 18 at
373 4130 64 24 cheap
445 4130 53 18 rates

67 4164 22 17 at
98 4160 106 21 Chronicle
219 4160 63 18 oliiee.

516 3104 218 45 Rotorua
776 3104 171 45 Tours.

516 3203 190 43 I>ASSEXGERS
714 3204 20 17 to
742 3204 86 16 Rotorua
836 3208 32 12 are
875 3203 77 17 advised

579 3227 44 17 that
633 3232 10 11 a
657 3226 76 24 regular
744 3224 51 25 daily
809 3226 57 18 coach
884 3226 68 18 service

515 3250 85 17 between
610 3249 92 18 Okoroiro
710 3250 38 17 and
758 3248 85 19 Rotorua
858 3249 38 17 and
913 3249 40 18 vice;

515 3278 54 13 versa
577 3273 16 18 is
601 3279 43 11 now
654 3272 89 23 running.

539 3296 39 18 The
588 3295 117 24 advantages
711 3297 19 16 of
736 3295 38 18 this
779 3297 42 15 roiit
825 3300 9 12 e
840 3300 31 13 are
877 3301 63 11 numer-

516 3325 40 15 ous,
567 3326 10 11 a
587 3319 104 18 somewhat
705 3319 72 18 tedious
786 3318 77 23 railway
872 3318 81 23 journey

516 3343 16 16 is
541 3342 77 21 broken,
629 3342 37 17 and
675 3342 33 17 the
724 3345 53 14 route
795 3344 92 15 traverses
903 3346 51 13 some

517 3366 20 17 of
555 3366 33 17 the
604 3366 86 16 loveliest
707 3366 51 16 Bush
776 3365 80 22 Scenery
873 3365 21 17 in
906 3365 47 17 New

517 3389 88 17 Zealand.

558 3420 106 22 PARES,
679 3418 41 20 10s
730 3418 82 20 EACH
826 3418 83 20 WAY.

518 3448 92 23 Special
628 3448 164 23 Conveyances
809 3452 45 13 can
875 3447 28 18 be
920 3452 24 13 ar-

665 3471 88 23 ranged,
762 3471 41 18 for.

519 3517 84 19 Leave-
621 3516 111 19 Okoroire
740 3517 36 18 for
789 3517 106 18 Rotonia
909 3517 46 18 and

589 3540 220 19 Whakarewarewa
838 3537 64 26 daily
930 3540 25 18 at

593 3564 29 18 10
630 3563 52 19 a'm.

520 3587 92 18 Leave-
616 3587 110 18 -Rotorua
734 3586 45 19 and
788 3584 151 21 Whakarewa-

589 3614 63 14 rewa
668 3610 36 18 tor
718 3610 117 22 Okoroire,
852 3608 63 24 daily
930 3610 26 18 at

592 3633 30 19 10
630 3638 51 14 a.m.

544 3661 31 17 All
596 3665 110 18 passengers
727 3666 31 11 are
774 3660 77 17 advised
871 3661 21 17 to
906 3660 50 18 avail

520 3683 113 18 themselves
642 3684 19 16 of
670 3683 38 17 this
723 3683 61 18 Route
800 3689 20 11 ns
835 3683 91 17 Okoroire
940 3684 16 17 is

521 3712 35 12 one
572 3707 20 18 of
603 3707 32 17 the
644 3707 51 16 show
704 3705 62 25 places
782 3707 21 16 of
819 3707 33 16 the
868 3707 88 17 Thermal

522 3728 84 23 District,
629 3730 37 17 and
681 3735 25 12 no
721 3730 44 17 visit
779 3730 20 17 to
816 3730 33 16 the
863 3730 61 17 Lakes
941 3730 15 17 is

522 3753 92 22 complete
624 3753 80 17 without
710 3752 24 18 its
739 3752 97 18 inclusion.

546 3776 73 22 Special
628 3776 92 17 attention
733 3776 15 17 is
762 3775 59 18 called
834 3777 21 16 to
868 3776 33 17 the
918 3776 38 17 fact

521 3798 43 18 that
574 3806 10 10 a
593 3799 57 17 coach
658 3799 61 18 leaves
734 3799 83 17 Rotorua
827 3799 37 16 and
873 3799 70 17 Whaka-

521 3828 101 11 rewarewa
631 3828 23 11 on
664 3821 77 24 Sunday
749 3823 21 15 at
779 3822 21 16 10
809 3827 44 12 a.m.

657 3868 162 17 HGENTS:

521 3890 74 16 TITOS.
609 3889 69 17 COOK
694 3890 16 16 &
729 3888 53 18 SON.
801 3887 101 19 Auckland
920 3888 36 18 and

693 3912 89 18 Rotorua.

548 3965 154 19 FIREWOOD
712 3963 4 21 !
763 3963 167 21 FIREWOOD!

620 4017 75 19 RATA
708 4022 41 14 and
764 4016 91 20 TAWA.

523 4052 110 19 Delivered
652 4052 27 26 by
698 4052 84 20 Kusnbs
801 4052 59 19 Bros,
876 4054 23 17 to
917 4059 38 18 any

523 4080 47 23 part
582 4079 21 18 of
614 4078 35 19 the
661 4078 98 26 township
770 4081 19 16 at

597 4104 86 19 Lowest
695 4103 98 21 Ctorent
805 4104 77 19 Rates.

552 4130 74 19 Orders
636 4130 91 19 received
739 4133 19 16 nt
769 4130 34 21 the
814 4130 67 25 yards,
892 4130 63 19 Iline-

969 4252 108 38 Ask
1106 4253 73 39 for
1204 4254 269 42 Hancock's
1503 4257 274 39 Celebrated
1809 4256 191 38 XXXX
2027 4255 113 40 Ales
2167 4258 94 37 and
2287 4258 147 39 Stout.

2826 4079 32 17 Mr
2870 4079 64 24 ILtrry
2943 4081 26 17 Es
2971 4079 3 25 l
2974 4079 4 25 *
2982 4081 53 23 ridge
3049 4089 108 14 announces
3165 4084 42 18 that
3214 4086 25 16 hr>

2802 4102 35 17 has
2851 4103 66 17 routed
2938 4104 31 17 .All-
2988 4105 74 18 Wake's
3074 4107 79 17 Billiard
3171 4109 66 17 Uoon,,

2803 4125 74 18 Fonton
2887 4126 63 18 Street
2958 4128 37 17 and
3004 4128 68 18 invites
3089 4130 26 17 all
3131 4130 106 23 players.6f

2803 4149 32 16 the
2844 4150 50 17 most
2900 4150 88 18 scientific
3003 4157 55 16 game
3071 4153 20 16 in
3105 4154 95 17 existunoo
3216 4145 22 26 io

2802 4177 38 17 pay
2853 4172 39 18 him
2905 4179 11 11 a
2928 4173 52 17 visit.-
