3290 4360
145 170 49 19 THE
203 166 97 20 CENSUS

20 207 48 45 It
93 223 51 16 -ensus
153 217 18 17 of
179 216 46 16 Now
233 212 82 18 Zealand
326 213 60 17 which
395 213 38 17 will

72 232 10 29 £
88 252 12 7 ,-
107 246 24 15 'V".'
136 240 30 19 the
171 237 54 24 mght
230 235 21 19 of
256 235 83 21 Sunday,
347 236 53 22 April
408 237 26 19 12,

20 254 33 58 I-
58 253 25 33 ??
94 263 68 23 effected
170 267 24 12 on
202 266 11 11 a
221 264 50 12 more
284 258 95 17 elaborate
388 259 47 17 scale

75 295 5 8 i
87 289 58 14 •Aorta
174 284 54 17 From
237 288 12 11 a
257 287 58 16 paper
331 281 104 18 forwarded

20 334 31 21 R
61 341 59 14 llszen,
130 338 24 12 we
167 329 37 18 find
211 328 42 17 that
268 327 32 17 the
318 327 67 23 colony
401 328 33 17 has

20 360 31 18 K
74 356 60 22 divided
141 355 38 17 into
183 352 23 18 33
210 350 135 19 enumerator's
354 350 81 18 districts

69 373 3 27 '
122 379 17 18 of
226 374 20 16 of
255 373 113 22 contiguous
376 379 47 12 coun-

53 392 27 15 n9S
84 406 49 16 These
140 405 29 13 are
185 397 55 22 again
253 395 76 18 divided
336 397 41 16 into
389 397 33 17 sub-

50 419 45 20 >*•.,.
103 435 9 9 (1
114 427 5 16 f
128 421 54 21 which
188 421 51 16 there
248 419 39 17 will
295 419 24 16 be
327 419 59 17 about
394 419 40 20 730.

50 439 110 31 uLrficulars
176 441 85 25 required
264 442 27 22 by
303 442 33 17 the
353 442 36 18 Act
404 449 20 11 re-

65 481 34 12 ,.,,«■
120 471 28 18 the
171 465 65 25 people
258 465 75 17 include
372 472 60 15 name,

51 484 47 30 "'',r(>
111 490 73 22 married
199 495 22 11 or
237 488 66 22 single,
322 488 110 22 birthplace,

51 516 14 22 y'
72 507 31 26 •E?
108 513 108 24 occupation,
226 511 106 20 education,
350 512 84 17 whether

97 533 72 28 'subject
185 541 20 12 or
227 534 55 19 alien,
303 534 16 16 if
344 534 90 23 suffering

51 570 8 15 U
78 566 72 19 dekness,
158 559 88 19 accident,
255 563 22 11 or
284 557 98 22 infirmity.
395 559 39 17 The

51 575 59 31 Wifaffg
114 590 28 14 are
150 583 37 17 also
204 583 19 15 to
232 581 22 16 be
270 580 96 17 described
372 580 20 18 in
402 587 20 12 re-

51 601 22 30 -11
86 613 15 17 ui
113 611 54 16 rooms
183 604 37 18 and
241 603 92 17 material.
358 604 76 18 Besides

20 627 25 28 '
70 630 104 25 information
184 633 19 11 as
224 628 20 16 to
264 627 32 16 the
314 627 118 21 population,

51 647 20 22 I*.
73 657 81 18 „ireturns
167 651 36 17 will
211 650 23 17 be
249 649 89 18 collected
352 650 82 23 relating

187 672 149 21 manufactories,
347 678 21 11 or
373 674 61 17 works

63 708 16 15 to
86 702 61 20 colony,
164 703 17 16 g'
184 703 10 10 v
195 703 5 10 '
202 702 11 10 n
215 702 13 16 g
244 695 112 22 particulars
376 702 20 12 as
413 698 20 16 to

51 718 1 25 '
101 723 32 20 and
155 725 61 18 power
240 718 105 22 employed,
378 719 55 18 value

51 738 86 33 [materials
157 741 85 25 operated
262 747 30 15 on,
314 741 82 22 produce
412 748 22 12 or

68 773 73 19 nfacture,
151 766 51 17 value
210 765 20 17 of
238 764 44 17 land
291 764 38 17 and
336 764 96 24 buildings

52 797 70 19 aehiiiery,
131 789 34 20 and
173 789 58 22 plant.
253 787 87 20 Further,
358 789 74 17 returns

51 806 51 31 sXces
106 816 18 19 of
130 811 82 23 worship,
227 810 45 17 land
288 810 38 17 and
345 811 88 23 building

56 830 47 31 folios,
121 837 71 21 literary
200 834 37 17 and
257 833 90 18 scientific
355 834 67 17 institu-

20 853 33 29 -
86 866 33 16 &e..
138 859 36 17 will
241 856 22 18 be
291 856 90 18 collected
406 858 26 22 by

147 883 45 17 from
208 879 122 18 information
347 880 85 23 supplied

63 906 159 25 gub-oiiunicrators.
247 903 59 16 There
314 902 16 18 is
338 909 12 10 a
365 903 55 22 penal-

50 922 3 31 !
66 936 14 17 of
99 931 62 19 twenty
180 926 72 23 pounds
271 926 30 17 for
351 926 80 23 wilfully

50 959 48 19 Rasing
110 960 17 11 or
142 949 105 25 neglecting
254 950 20 16 to
290 948 29 17 fill
331 954 32 17 up,
381 950 48 22 sign,

58 971 3 27 i
68 971 54 27 deliver
129 975 30 17 the
174 974 53 18 fonu,
245 978 21 11 or
274 973 20 15 to
310 978 73 11 answer
399 973 32 17 the

50 995 1 25 i
67 1008 37 12 <<;irv
113 997 81 23 inquiries
210 995 60 17 which
278 995 33 16 the
326 995 91 18 Enumera-

50 1014 2 30 -1
60 1014 3 30 -
105 1022 40 19 Sub-
148 1020 124 17 enumerators
277 1023 31 12 are
323 1018 107 18 authorised

50 1036 14 31 S
67 1044 69 25 required
153 1045 18 15 to
180 1042 58 18 make,
248 1047 22 11 or
284 1041 30 17 for
323 1041 108 24 furnishing

50 1073 17 19 Ise
74 1074 58 16 returns
140 1072 20 12 or
167 1070 84 14 answers,
269 1070 21 11 or
298 1064 30 17 for
345 1063 74 20 obstruc-

50 1088 1 27 i
57 1103 8 12 g
74 1101 17 12 nll
92 1100 10 15 y
108 1095 59 20 person
181 1089 19 16 in
216 1088 32 17 the
265 1088 129 21 performance
410 1089 20 16 of

50 1105 14 30 J
73 1119 36 19 duty
114 1112 77 23 imposed
206 1117 22 11 on
236 1111 38 17 him
282 1110 26 23 by
317 1110 33 18 the
358 1110 72 19 Census

84 1141 16 17 It
105 1138 49 19 must,
167 1134 96 20 therefore,
273 1133 23 17 be
303 1134 126 17 remembered

60 1156 4 27 i
72 1164 10 19 g
82 1169 21 12 UD
103 1159 127 21 .enumerators
239 1156 46 18 ha>e
294 1156 74 17 defined
376 1162 39 17 pow-

50 1180 1 26 ■
61 1195 7 11 g
69 1189 6 17 f
86 1181 102 23 demanding
195 1181 32 16 the
244 1180 103 20 schedules,
363 1180 38 17 and
409 1181 21 16 of

90 1207 84 23 questions
182 1204 19 18 of
210 1203 94 22 occupiers
326 1203 21 17 of
362 1203 67 18 houses

62 1233 48 19 obtain
129 1228 85 22 complete
231 1228 79 15 returns.
340 1227 40 16 The
399 1227 20 17 in-

49 1257 60 19 nuation
123 1252 51 25 given
187 1251 19 16 in
225 1249 33 18 the
279 1249 91 18 Schedule
390 1249 38 18 will

49 1282 16 18 ilv
72 1281 16 15 be
95 1276 37 19 used
141 1276 27 16 for
180 1274 31 17 the
220 1272 120 23 compilation
357 1273 20 16 of
389 1274 29 16 sta-

49 1300 34 22 tical
96 1303 68 15 returns.
188 1297 42 20 Any
244 1301 67 17 person
328 1295 100 24 divulging

120 1328 28 11 use
164 1321 18 16 of
190 1320 14 16 it
219 1319 29 17 for
256 1319 80 16 another
348 1324 80 17 purpose

51 1349 41 19 liable
99 1349 16 16 to
122 1351 9 12 a
140 1345 55 20 heavy
209 1342 84 22 penalty.
319 1342 61 17 When
396 1343 32 16 the

49 1375 23 15 ■act
79 1369 65 19 number
152 1368 18 16 of
176 1367 31 16 the
215 1365 66 23 people
290 1365 19 17 in
327 1371 54 16 every
399 1365 28 17 di-

49 1397 27 18 Bion
89 1394 16 16 of
110 1392 27 17 the
153 1390 64 21 colony
233 1389 34 16 has
283 1389 46 16 been
343 1389 56 19 fixed,
417 1395 11 10 a

50 1418 59 20 rtificate
117 1415 17 17 of
142 1414 29 17 the
187 1418 50 12 same
251 1411 37 17 will
300 1411 24 17 be
338 1411 55 23 given
408 1413 20 16 to

50 1449 6 11 e
62 1437 128 23 Commissioners
205 1435 60 17 under
277 1435 32 16 the
324 1435 93 21 llcpresen-

49 1466 26 17 tinn
84 1463 34 19 Act,
134 1459 42 18 with
185 1459 31 17 the
225 1458 111 23 particulars
347 1458 29 16 for
383 1458 45 17 each

57 1488 22 17 the
87 1486 34 17 vast
136 1482 75 19 number
227 1482 20 16 of
260 1481 54 17 small
330 1481 64 17 blocks
409 1481 19 17 of

49 1510 47 19 rritory
103 1508 56 16 before
175 1504 79 18 referred
263 1506 25 18 to,
301 1510 21 11 so
331 1504 43 17 that
386 1510 42 11 new

49 1528 65 25 pitonites
126 1535 40 16 may
174 1529 21 17 be
209 1528 73 17 defined
298 1533 24 12 on
340 1533 10 11 a
366 1533 61 17 popu-

49 1619 17 16 In
72 1621 39 12 cases
119 1613 17 19 of
143 1618 22 12 an
174 1612 89 18 outbreak
272 1613 21 15 of
300 1612 33 17 fire
342 1614 75 21 pronipt-

58 1640 23 18 sin
88 1635 86 21 concerted
182 1635 62 18 action
252 1635 15 17 is
280 1635 33 17 the
326 1637 55 23 great
395 1636 22 17 de-

58 1665 49 15 ■ratum
116 1660 25 18 for
148 1661 14 15 it
170 1659 32 17 has
211 1658 45 17 been
265 1659 71 21 proved
344 1659 18 16 in
373 1665 44 12 nuni-

58 1687 23 17 less
88 1689 42 13 cases
136 1682 40 18 that
188 1682 79 16 without
281 1682 39 17 this
332 1682 33 17 the
379 1685 48 15 most

58 1710 49 17 istrous
115 1710 128 17 consequences
252 1711 43 16 may
309 1705 64 17 result.
404 1707 23 16 In

60 1731 73 19 extensive
152 1734 22 11 an
194 1728 141 17 establishment
354 1734 21 12 as
395 1730 32 17 the

58 1755 19 18 .lid
84 1753 47 18 Hotel
140 1752 14 17 it
162 1752 14 16 is
189 1750 67 24 highly
272 1757 97 17 necessary
386 1753 41 17 that

58 1785 12 11 rv
77 1774 103 26 preparation
188 1774 67 18 should
263 1774 23 18 bo
294 1775 55 17 made
355 1776 21 17 to
383 1781 44 18 cope

58 1802 40 17 liunv
108 1799 52 18 alarm
173 1798 18 17 of
204 1798 32 17 tire
253 1798 37 16 and
305 1798 122 19 instructions

58 1831 7 11 t
72 1822 76 20 therefore
156 1821 44 17 been
209 1821 66 22 posted
283 1827 26 16 up
318 1821 19 17 in
347 1821 31 18 the
388 1828 29 11 sor-

59 1848 15 17 ts'
81 1846 72 21 quarters
161 1844 27 17 for
197 1844 48 17 their
253 1844 92 23 guidance
354 1847 21 15 at
381 1846 46 17 such

53 1872 69 22 juncture.
152 1867 55 19 These
225 1868 122 17 instructions
362 1874 32 12 are
407 1875 20 11 as

53 1893 74 19 lows:—1.
140 1891 40 21 Any
186 1893 74 15 servant
268 1891 119 23 discovering
394 1893 33 17 fire

54 1916 86 19 indications
148 1914 18 17 of
178 1914 33 17 fire
223 1915 50 16 must
288 1914 28 23 (a)
331 1915 51 23 Ring
395 1915 32 19 the

53 1940 28 17 ■bell
87 1941 16 16 in
110 1938 28 17 the
147 1938 118 22 quadrangle,
279 1937 27 23 (ll)
317 1938 18 17 If
344 1940 20 15 at
371 1939 56 22 night

53 1970 10 11 le
72 1961 47 19 sound
131 1960 28 18 the
173 1961 127 22 dining-room
318 1967 58 16 gong,
401 1962 26 23 (c)

53 1987 8 17 |1
75 1987 24 16 the
116 1990 83 17 manager
216 1985 37 16 and
269 1984 26 17 all
312 1984 66 18 hands.
410 1986 15 17 2.

53 2010 47 17 inters
107 2008 16 16 of
129 2007 29 16 the
166 2007 43 18 staff
216 2009 51 16 must
280 2013 24 12 on
321 2008 32 17 the
368 2008 58 18 alarm

54 2039 18 17 ng
87 2032 46 22 given
155 2032 63 16 hasten
243 2032 20 16 to
290 2030 33 18 the
348 2032 79 17 stations

53 2056 35 18 Lifted
95 2055 41 18 them
147 2054 34 17 and
190 2054 56 17 await
254 2054 122 18 instructions
385 2055 42 17 how

53 2081 25 15 act.
98 2080 12 16 X
122 2077 34 20 The
169 2078 54 22 night
237 2079 63 21 porter
314 2078 76 22 coming
402 2084 25 11 on

42 2098 24 28 Jty
72 2104 37 15 must
117 2107 24 11 see
147 2101 40 17 that
195 2101 25 17 all
233 2101 55 17 hoses
300 2107 31 10 are
348 2101 79 22 coupled

42 2123 16 19 Id
65 2124 42 23 reaily
121 2125 25 16 for
159 2130 36 14 use,
210 2124 55 17 baths
279 2124 50 17 rilled
344 2124 36 17 and
394 2125 33 16 fire

42 2144 45 22 'ckcts
100 2148 15 17 in
129 2148 45 17 their
186 2147 59 23 place.
269 2148 18 16 4.
301 2147 25 17 As
343 2148 14 16 it
375 2148 50 16 often

53 2177 40 17 opens
108 2171 36 17 that
159 2171 19 17 in
194 2176 12 12 a
221 2176 42 12 caso
279 2171 20 17 of
316 2176 109 17 omorgency

60 2194 87 23 tydepends
155 2200 51 16 upon
220 2195 75 21 prompt
312 2194 61 17 action
389 2194 36 17 and

60 2218 43 17 Hence
111 2218 15 17 to
134 2217 66 20 orders,
211 2218 31 16 the
257 2216 91 19 members
362 2217 19 18 of
394 2218 32 16 the

58 2242 5 10 r
73 2247 23 11 ire
107 2241 89 22 requested
213 2242 20 15 to
247 2241 53 16 make
316 2240 109 18 themselves

75 2265 37 16 •sant
118 2263 41 18 with
167 2263 52 18 these
232 2263 122 23 regulations.
387 2263 38 18 The

60 2286 94 19 ousstations
163 2288 18 17 to
191 2287 60 16 which
261 2287 31 16 the
307 2287 90 17 members
406 2288 20 16 of

60 2310 32 18 staff
100 2316 26 11 are
139 2310 74 17 allotted
230 2310 45 17 then
293 2310 69 17 follow.
387 2310 38 17 The

58 2333 54 24 wledge
119 2333 36 17 that
165 2333 43 17 such
218 2333 118 22 precautions
348 2333 48 17 exist
410 2333 15 17 is

58 2356 16 17 ml
81 2361 15 12 to
103 2356 61 23 inspire
173 2357 104 17 confidence
286 2357 17 16 in
319 2357 31 16 the
365 2356 60 18 minds

49 2412 21 18 We
76 2411 37 17 have
121 2411 76 18 received
207 2412 47 17 from
263 2412 32 17 the
301 2411 125 23 Department

58 2434 92 23 igriculture,
160 2434 119 24 Wellington,
289 2434 32 19 the
330 2436 64 20 report
406 2435 20 16 of

68 2456 107 19 Government
190 2458 98 23 Biologist,
310 2458 32 17 Mr
357 2458 20 17 T.
395 2458 29 17 \V.

58 2480 11 20 k,
77 2481 21 16 for
105 2481 28 16 the
141 2482 39 21 past
188 2486 49 17 year.
263 2481 31 17 Mr
303 2481 47 17 Kirk
367 2481 15 17 is
395 2486 20 12 ro-

58 2503 40 18 asible
105 2503 26 18 for
138 2503 30 19 the
181 2505 54 17 serifs
248 2505 20 16 of
397 2505 29 17 for

117 2527 34 18 and
176 2528 80 17 Leaflets
272 2528 29 17 for
319 2528 104 17 Gardeners

208 2551 59 17 which
281 2557 31 11 arc
326 2551 61 17 issued
400 2551 25 22 by

61 2572 101 24 Department
171 2575 45 16 from
233 2575 44 16 time
292 2575 20 17 to
328 2575 46 17 time
388 2574 37 17 and

58 2596 16 16 ch
80 2597 63 16 contain
152 2597 117 18 information
284 2603 24 12 on
325 2597 100 23 biological

58 2618 31 23 jeets
96 2620 18 16 of
121 2619 28 18 the
157 2621 80 21 greatest
246 2621 60 16 value.
332 2621 65 22 Copies
406 2621 21 16 of

60 2644 47 19 report
114 2649 38 16 may
161 2644 21 16 be
190 2643 88 19 obtained
293 2644 45 20 free,
352 2650 24 11 on
391 2649 22 17 ap-

58 2665 38 18 ation
103 2667 16 16 to
127 2672 35 16 any
169 2667 56 17 Stock
235 2667 104 22 Inspector.

58 2702 5 11 a
70 2702 70 12 common
148 2698 42 18 with
197 2705 33 11 our
235 2699 156 22 contemporaries
398 2705 27 11 we

58 2719 45 18 ribute
126 2721 57 22 copies
207 2723 20 16 of
252 2723 32 16 the
309 2722 117 18 CHRONICLE

58 2745 36 20 mgst
101 2743 47 18 those
157 2745 61 21 public
234 2745 116 18 institutions
364 2745 61 17 where

58 2772 5 15 f
68 2771 24 12 are
98 2768 45 19 most
148 2767 56 24 likely
211 2769 19 18 to
244 2769 23 17 be
281 2769 20 16 of
314 2769 77 16 interest
405 2775 14 10 di-

60 2796 16 10 sc
96 2792 28 17 We
132 2791 44 17 have
184 2794 19 14 to
211 2792 134 22 acknowledge
353 2792 32 17 the
394 2797 20 12 re-

58 2813 7 17 ft
71 2815 15 16 of
93 2822 8 10 a
108 2815 49 17 letter
166 2815 44 17 from
220 2815 32 17 the
266 2815 79 17 Thames
359 2815 66 17 Public

58 2843 29 16 rary
95 2837 99 19 Committee
203 2837 93 24 thanking
305 2844 21 11 us
336 2839 29 16 for
373 2837 41 24 plac-

60 2859 131 20 thatinstitution
201 2867 22 11 on
233 2867 34 11 our
274 2862 39 17 list.

58 2890 14 17 he
79 2891 32 18 first
119 2893 73 16 number
200 2893 18 16 of
227 2893 32 17 the
268 2893 65 17 Bullor
348 2893 47 17 Post
410 2893 15 17 is

60 2914 32 21 and,
100 2921 8 11 a
115 2921 37 11 new
160 2916 72 22 journal
241 2916 99 22 published
348 2917 21 16 at
377 2916 48 18 Fern

58 2937 8 20 t,
71 2942 37 14 near
114 2938 69 19 Nelson.
208 2940 27 16 Its
244 2940 61 16 motto
318 2940 15 16 is

49 2965 20 22 p
74 2961 30 17 and
110 2961 85 24 impartial
300 2963 38 16 and
345 2968 27 12 we
378 2963 45 16 wish

49 2987 6 12 r
60 2988 31 13 new
98 2982 129 26 contemporary
236 2992 55 16 every
299 2992 78 12 success,

58 3020 42 12 'fare
107 3016 15 16 in
129 3018 64 21 receipt
200 3018 19 16 of
228 3017 32 17 the
274 3017 108 17 time-table
395 3017 30 17 for

59 3037 34 17 New
105 3039 71 18 Zealand
191 3040 126 18 Government
331 3041 94 21 Railways

58 3060 22 17 tlie
87 3064 62 15 current
157 3063 69 18 month.
239 3064 59 17 There
303 3064 15 16 is
324 3070 24 10 no
355 3064 59 17 altera-

65 3087 13 13 to
85 3085 42 20 point
137 3087 30 17 out
174 3086 87 19 affecting
269 3087 48 17 local
323 3087 53 18 lines.

1126 110 59 20 THE
1211 110 58 21 HOT
1295 110 92 21 LAKES
1415 110 171 28 CHRONICLE,
1614 114 188 24 WEDNESDAY,
1830 116 157 20 FEBRUARY
2018 116 28 22 19,
2064 116 49 18 1896

80 3159 131 23 LASSITUDE,

97 3183 134 24 TORPIDITY,

117 3207 59 18 SOUR
185 3209 125 20 STOMACH,

137 3231 170 22 INDIGESTION,

157 3255 148 19 HEADACHE.

178 3279 185 20 BACKACHE.&c,

63 3299 1 26 !
70 3303 8 11 a
83 3299 54 23 couple
145 3301 17 16 of
171 3301 88 18 Fletcher'
269 3302 47 18 Pills
324 3308 56 17 every
393 3307 19 12 so-

62 3322 55 22 iMght;
130 3323 40 23 they
178 3330 30 12 are
216 3332 11 9 ii
235 3326 77 22 prompt
327 3326 38 17 and
381 3331 41 11 sure

72 3345 28 17 and
108 3351 36 16 gtvo
160 3347 66 19 certain
236 3348 59 18 relief.

62 3365 89 22 iTCHER'S
160 3370 71 19 PILLS
243 3377 32 12 are
283 3378 11 10 a
309 3372 61 22 quick,
381 3377 12 12 si

63 3389 57 19 reliable
136 3393 69 23 remedy
222 3394 30 18 for
268 3394 25 18 all
310 3391 112 26 compiai....,

62 3417 7 11 a
69 3419 10 16 g
95 3415 40 18 from
153 3417 59 22 torpid
228 3418 51 20 liver,
301 3418 120 22 indigestion.

62 3438 4 26 t
78 3438 74 23 stomach,
172 3440 36 17 and
228 3441 105 23 impurities
353 3442 20 17 of
390 3441 32 18 the

62 3458 11 25 [1-
84 3459 40 24 They
133 3468 27 12 are
168 3464 87 22 prepared
264 3470 25 11 on
297 3464 81 18 rational
384 3465 38 16 and

62 3481 26 18 We
94 3483 38 18 Hues
139 3487 31 15 iind
179 3487 23 17 do
210 3489 34 15 not
260 3488 76 17 contitin
342 3494 11 10 a
363 3488 49 22 parti-

63 3509 10 12 al
83 3506 70 23 calomel,
163 3510 96 23 gamboge,
269 3516 21 12 or
299 3516 38 17 any
353 3511 69 18 drastic

62 3528 46 21 ,'ative,
125 3531 30 17 but
175 3535 74 20 operate
276 3534 26 22 by
330 3534 91 22 perfectly

64 3551 19 16 ral
91 3558 57 16 means,
157 3556 23 21 by
193 3556 118 23 stimulating
327 3558 33 16 the
376 3558 46 16 liver

64 3576 82 24 racreasing
162 3579 29 17 the
199 3579 43 18 flow
250 3581 19 16 of
283 3581 37 16 bile
329 3581 37 16 and
377 3581 44 17 tbiw

64 3601 42 20 Wang
110 3605 38 18 easy
160 3603 116 17 evacuations
292 3603 38 18 and
345 3604 75 17 natural

62 3624 6 11 a
69 3625 27 13 'W"<
113 3624 71 19 without
207 3626 31 17 the
259 3632 108 16 annoyance
384 3627 36 17 and

73 3644 14 15 of
93 3645 64 25 griping
172 3648 35 18 and
216 3650 89 22 purging.

63 3669 38 24 |Ware
108 3669 15 16 of
132 3671 27 16 the
170 3678 56 16 many
245 3673 82 17 harmful
348 3673 60 18 sutwti-

71 3691 78 20 onsaloin
163 3700 52 18 many
231 3696 62 22 shops.
318 3697 54 16 None
389 3702 31 11 are

71 3717 16 11 »e
100 3716 52 17 unless
165 3718 42 23 they
215 3718 45 19 boar
267 3719 34 18 the
323 3720 96 23 signature

62 3736 2 29 ■
71 3736 40 19 Moor
115 3738 87 21 Clements
206 3747 23 13 on
240 3741 31 19 the
278 3742 73 18 outside
358 3748 60 17 wrap-

75 3758 114 24 CLEMENTS
198 3765 77 17 TONIC
290 3766 38 16 and
344 3765 60 19 FLET-

71 3784 23 16 *B
110 3784 64 21 PILLS
195 3788 45 17 have
273 3789 75 17 become
374 3789 44 17 such

63 3805 41 18 Onold
111 3810 53 16 words
173 3811 38 17 that
228 3811 104 18 imitations
339 3818 31 11 are
380 3812 28 18 for-

71 3831 15 18 ty
92 3829 62 21 offered.
163 3833 30 18 Wc
198 3835 82 23 contend,
283 3835 65 18 thattl

76 3852 42 18 «the
124 3854 81 21 idncerest
209 3858 56 22 proof
269 3858 74 18 of-tboir

63 3876 6 22 p
78 3875 31 18 that
116 3882 32 17 you
157 3880 30 22 get
196 3880 30 18 the
243 3882 87 20 genuine,
340 3882 78 22 bearing

63 3899 69 19 Wneand
139 3901 71 20 address
219 3905 20 15 of
248 3904 20 18 F.

62 3927 25 14 m
94 3920 68 23 Sydney.

458 312 44 41 tE
525 310 239 44 PuKEjOuKEY
788 311 99 42 CLUB.

475 380 131 27 Annual
618 380 87 27 Race
722 380 150 33 Meeting.

586 437 28 16 TO
626 441 26 12 ]IE
664 440 55 13 HELD
731 440 28 13 ON

456 458 176 24 THURSDAY,
649 458 59 20 27th
727 458 73 19 FEB..
824 459 66 20 1896.

626 505 101 24 Judges:

558 529 71 17 Messrs
637 529 50 17 Rota
696 528 37 18 and
741 527 55 18 Mini.

480 551 92 18 Starter
580 557 5 13 :
609 551 68 18 Clerk
686 550 27 19 of
718 551 41 18 the
767 550 88 19 Course
863 550 4 20 :

480 574 32 17 Mr
520 575 64 17 Hana.
679 575 32 17 Mr
719 574 120 17 Wharehcra.

456 597 71 18 Clerk
535 597 27 19 of
567 597 81 19 Scales
656 603 5 13 :
715 596 164 24 Handicapper
887 596 3 24 :

503 621 32 16 Mr
543 620 50 18 Riki.
740 620 31 17 Mr
779 620 75 18 Whetu.

585 667 172 17 PROGRAMME.

457 698 16 17 1.
486 698 102 22 Handicap
596 698 76 17 Hurdle
680 698 49 17 Race
738 698 21 16 of
765 698 65 20 7sovs.,
847 703 43 12 over

479 722 11 16 G
499 721 66 22 nights
574 721 20 17 of
602 721 76 17 hurdles
687 721 29 17 3ft
724 721 38 16 6in.
794 721 95 20 Distance,

480 744 20 17 1A
511 744 50 17 mile.
586 743 102 21 Entrance,
699 745 37 16 12s.

455 767 18 16 2.
485 766 78 17 Maiden
572 767 54 17 Plate
636 767 20 17 of
668 769 60 15 4sovs.
758 766 95 21 Distance,
869 767 21 18 li

478 789 51 18 mile.
555 790 101 20 Entrance,
668 790 26 17 7s.

455 812 98 23 3.—Pony
569 813 51 17 Race
637 813 21 17 of
673 814 59 16 3sovs.
765 812 96 21 Distance,
881 814 6 16 1

479 835 51 18 mile.
555 835 102 21 Entrance,
667 842 27 11 os.

454 859 70 16 4.—Te
532 858 54 17 Puke
594 858 102 23 Handicap
705 859 19 17 of
742 860 70 15 losovs.
845 859 33 18 Dis-

478 882 61 20 tance,
550 883 10 16 2
568 882 60 17 miles.
654 882 101 19 Entrance,
765 882 37 16 20s.

454 910 17 11 o.
473 905 105 17 —District
586 905 55 17 Hack
651 905 49 17 Race
709 905 20 17 of
739 904 26 18 £3
778 905 36 17 10s.
844 905 33 17 Dis-

478 929 60 19 tance,
550 928 21 17 li
580 928 50 17 mile.
656 928 101 20 Entrance,
768 933 26 12 os.

477 954 76 18 Besides
566 955 33 16 the
614 955 59 17 above
687 955 53 17 there
757 955 38 17 will
811 955 23 17 be
851 957 38 16 two

454 983 51 11 more
514 983 57 16 races,
582 978 30 17 for
620 978 61 17 which
691 979 43 22 post
741 978 69 17 entries
819 978 39 17 will
865 978 24 17 be

452 1001 95 22 accepted.

476 1092 105 17 Entrances
590 1093 29 17 for
635 1093 33 16 the
680 1092 101 23 Handicap
797 1093 89 20 Hurdles,

452 1115 78 17 Maiden
538 1115 54 18 Plate
601 1115 38 18 and
647 1116 26 17 Te
687 1115 52 18 Puke
753 1115 100 23 Handicap
868 1118 19 15 to

451 1138 24 17 be
493 1138 20 17 in
530 1138 32 17 the
579 1138 61 17 hands
657 1140 20 15 of
693 1139 32 16 the
741 1138 104 23 Secretary,
862 1139 25 17 To

452 1161 59 20 Puke,
522 1162 20 16 at
551 1162 9 17 7
569 1168 54 15 p.m.,
633 1168 25 11 on
671 1162 91 22 Monday,
776 1162 45 17 24th
838 1162 36 18 Feb-

452 1190 63 16 ruary.

475 1208 87 22 Weights
570 1209 20 16 to
598 1208 24 17 be
631 1208 86 17 declared
725 1214 25 11 on
759 1208 32 17 the
805 1208 81 22 ground.

475 1231 43 22 Any
527 1230 38 18 and
574 1230 26 18 all
609 1231 64 17 horses
681 1237 31 11 are
720 1230 99 18 admitted.

640 1254 67 17 TEWI
720 1254 95 21 KIINGI,

697 1277 51 17 Hon.
759 1277 103 22 Secretary.

451 1324 233 42 HIHEMOA
713 1324 171 44 STORE.

470 1425 6 11 *
485 1416 12 20 t
530 1420 78 19 tention
619 1423 21 16 to
647 1421 35 18 the
691 1421 105 25 following
803 1421 51 20 lines
865 1423 22 18 of

451 1450 268 45 CIRISTK4S
732 1453 152 42 6##»S

451 1499 102 25 Bycroft's
563 1500 112 20 Snowdrift
685 1499 20 21 N.
705 1499 31 21 5-
745 1501 63 20 Flour

451 1525 102 24 Sultanas,
565 1526 101 19 Muscatel
675 1527 40 18 and
724 1527 97 20 Valencia
836 1528 37 19 Rai-

503 1552 48 20 sins,
563 1552 41 19 and
613 1552 98 21 Currants

451 1578 50 23 Figs
508 1578 40 19 and
560 1578 111 19 Preserved
681 1579 84 25 Ginger,
777 1580 70 24 Spices

451 1603 76 20 Lemon
537 1604 41 19 and
588 1604 82 25 Orange
681 1604 49 20 Peel

507 1630 70 19 White
586 1631 114 24 Sugor—A
717 1631 115 25 Speciality.

452 1656 50 20 New
513 1656 92 20 Zealand
612 1656 63 20 Dairv
683 1658 144 19 Association's
835 1658 51 19 But-

56 3983 75 55 I'R,
163 3987 233 52 LONDON

125 4047 157 25 SOLICITOR,

56 4068 6 22 I
69 4073 193 26 DIIORTXAXn-STBfiET,
273 4079 119 17 AUCKLAND.

74 4116 67 22 Attends
149 4124 75 21 country
234 4125 68 18 Courts
310 4125 25 20 by
347 4124 68 21 special

66 4144 61 17 ,'cmoni,

450 1757 86 19 General
551 1757 128 19 Assortment
696 1758 21 18 of
734 1758 150 26 Storekeeper's

628 1783 75 20 Goods.

510 1820 312 58 HIREMOFSTORE.

450 1901 46 40 TO
511 1901 25 40 &
551 1901 96 42 FROM
666 1902 70 41 THE
762 1902 121 42 BATHS.

524 2003 79 20 IjIRSS
620 2011 49 12 runs
687 2011 11 12 a
716 2007 114 22 wngonette
849 2006 34 19 be-

478 2033 11 15 J
496 2039 8 8 •
534 2033 65 16 tween
614 2031 35 18 tlio
666 2030 38 20 Old
720 2031 109 25 Township
844 2032 39 19 and

449 2056 35 19 the
496 2056 64 19 Baths
571 2056 125 26 throughout
706 2057 33 19 the
750 2057 45 25 day.

449 2119 49 18 Also
522 2118 197 25 Whakarewarewa,
745 2119 73 19 Sodom
843 2120 40 18 and

485 2144 113 20 Goniunah
609 2145 39 19 and
660 2145 57 19 other
727 2145 66 25 sights
801 2152 49 12 near

612 2171 35 19 the
659 2174 59 16 town.

548 2223 80 23 Fares
643 2223 139 23 Moderate.

449 2272 76 23 Sixth
539 2271 75 24 Year.
662 2271 74 24 Price
745 2271 136 30 Sixpence.

702 2298 86 19 l'ostiiiro
799 2298 31 19 2d.

469 2365 400 56 MURRAY'S

492 2448 347 34 nXUSTRATED

447 2507 167 42 ALMANAC
639 2507 71 42 AND
742 2507 139 47 DIARY,

591 2580 63 23 FOE
668 2580 69 23 1896.

449 2612 11 13 r
463 2612 75 19 PIIIS
553 2612 67 19 useful
632 2612 81 19 Annual
776 2618 45 12 now
839 2618 33 18 per-

459 2632 18 22 --
517 2638 102 25 innnently
638 2639 61 18 taken
715 2639 27 18 its
760 2638 57 25 place
833 2644 22 13 as
872 2645 10 12 a

448 2664 119 20 Handbook
578 2664 22 20 of
616 2664 56 25 daily
688 2665 102 18 reference
810 2664 20 19 in
848 2664 34 19 the

448 2690 104 26 Counting
562 2690 72 20 House
644 2693 40 16 and
696 2691 72 18 Home.
797 2690 21 19 It
825 2690 17 19 is
849 2690 33 19 the

447 2716 98 20 standard
557 2717 54 18 book
623 2717 22 18 of
654 2717 102 18 reference
771 2716 33 19 for
822 2716 48 19 Busi-

447 2750 19 11 n>
474 2751 20 10 >s
506 2742 55 24 Men,
574 2742 100 24 Farmers,
686 2742 106 21 Mariners,
802 2742 68 19 House-

448 2769 90 25 keepers,
550 2769 39 18 and
602 2770 34 18 the
648 2768 86 20 General
746 2768 77 20 Public.

474 2796 29 18 To
513 2795 25 19 be
549 2795 41 20 had
608 2796 22 18 of
647 2795 28 19 all
693 2794 130 20 Booksellers
843 2794 39 19 and

447 2822 151 24 Storekeepers.

470 2876 68 53 A.
581 2876 278 62 BRADY,

447 2947 115 20 BAKBER
585 2947 60 20 AND
674 2947 207 23 HAIRDRESSER,

461 2982 79 22 f>EGS
550 2986 21 15 to
581 2989 106 12 announce
698 2982 44 19 that
749 2982 25 19 ho
785 2982 84 19 hascom-

447 3003 39 22 -O
515 3010 84 18 menced
611 3009 92 19 basinets
713 3009 20 18 in
746 3008 34 19 the
797 3008 50 25 shop
863 3008 19 19 in

447 3037 34 19 the
497 3035 32 19 old
546 3038 61 19 town,
628 3034 96 26 formerly
744 3034 94 25 occupied
856 3034 27 25 by

447 3063 33 19 Mr
489 3062 125 23 McFadyeu,
625 3061 85 23 saddler,
728 3061 41 19 and
785 3060 62 25 hopes
862 3062 21 17 to

447 3089 59 19 merit
517 3095 11 12 a
538 3090 60 17 share
609 3088 23 18 of
641 3088 35 18 the
687 3087 68 26 public
766 3090 89 21 support.

529 3121 160 20 RAZORS
718 3121 76 19 SET.

468 3173 23 18 A
500 3172 84 19 Choice
595 3170 153 20 Assortment
760 3170 27 18 of
798 3170 71 18 Tobac-

445 3201 46 18 cos,
503 3195 86 27 Cigars,
600 3194 131 24 Cigarettes
738 3193 21 19 &
766 3193 116 19 Smoker's

446 3219 140 23 Requisites.

445 3267 184 24 AUCKLAND
651 3266 51 24 and
719 3265 162 24 WAIKATO

591 3300 136 25 AGENCY

460 3337 56 20 Near
526 3336 94 21 Catholic
629 3335 88 25 Church,
732 3334 135 20 BOTORUA.

483 3405 202 42 FURNITURE
719 3403 124 46 DEPOT,

446 3493 246 29 GENERAL
710 3491 169 28 STORE.

469 3553 71 19 Local
563 3553 80 23 Agent
667 3552 37 18 for
728 3550 153 19 Commercial

445 3576 79 19 Union
537 3576 53 19 Fire
605 3576 134 18 Assurance
753 3574 126 22 Company,

445 3599 107 20 Limited.

446 3651 66 56 S.
576 3647 298 64 DANDO,

493 3714 214 27 Commission
721 3712 112 32 Agent

476 3771 47 46 R.
546 3767 303 50 GRIFFITHS,

555 3833 205 26 ROTORTJA

441 3871 436 30 GENERALCARTER&CARRIER.

467 3944 69 19 Goods
546 3942 103 21 delivered
660 3944 20 17 to
688 3941 27 20 all
731 3944 57 23 parts
805 3942 22 19 of
842 3941 35 19 the

440 3970 79 20 district
526 3972 21 17 at
556 3970 38 19 low
604 3972 61 16 rates.

522 4005 63 19 ALL
599 4003 112 20 TRAINS
724 4002 71 19 MET.

466 4065 410 27 N.B.—Goodpaddockingforalimited

440 4094 86 19 number
536 4093 21 19 of
566 4094 77 18 horses.
661 4092 106 25 Spencer's
776 4090 98 26 paddock,

440 4119 145 20 wel'-watered
613 4118 40 20 aud
684 4125 61 19 every
775 4116 100 21 attention

440 4146 52 25 paid.

956 3834 108 43 DAVID
1096 3834 184 48 SHERRIFF,

985 3903 114 21 FAMILY
1117 3902 137 26 BUICHEB,

954 3955 81 19 AnAWA
1058 3952 91 25 STREET,
1173 3952 107 20 BoTOUUA.

926 4004 22 19 Is
968 4010 45 13 now
1031 4001 95 25 carrying
1145 4007 23 13 on
1189 4001 34 19 the
1239 4001 93 26 business

900 4030 62 25 lately
983 4027 110 21 conducted
1114 4027 27 24 by
1159 4027 75 19 Messrs
1252 4027 79 22 Jwldin

899 4057 41 19 nnd
949 4056 74 22 Cotter,
1037 4054 39 19 and
1087 4053 16 19 is
1114 4053 97 25 prepared
1223 4056 20 16 to
1256 4053 75 26 supply

898 4083 35 19 the
943 4081 70 26 public
1022 4080 48 20 with
1083 4079 64 25 prime
1154 4079 79 25 quality
1244 4079 21 19 of
1278 4083 53 15 meat

898 4108 41 20 and
948 4107 59 20 small
1016 4106 64 25 goods

970 4142 36 19 AT
1020 4140 118 21 LOWEST
1153 4139 105 20 PRICES.

1021 173 73 52 T;
1142 174 33 53 E
1223 173 155 54 HOT
1432 176 257 52 LAKES
1744 177 403 53 DISTRICT.

1148 255 91 20 Tourists
1249 254 40 19 and
1301 254 92 20 Invalids
1402 256 85 21 visitise
1496 257 35 19 the
1691 258 22 19 of
1722 258 50 19 New
1781 258 93 20 Zealand
1884 258 41 20 will
1931 258 44 19 find
1984 258 36 19 the

1100 293 241 64 nftA
1376 295 66 62 N
1474 299 63 58 n
1631 299 159 58 Hn
1815 300 61 57 T
1903 300 62 57 Fl.
1990 300 32 57 If

1391 388 399 65 ROTORUA,

914 448 11 15 r
1008 453 52 16 most
1069 451 88 26 elegant,
1167 451 133 19 comfortable
1308 451 40 19 and
1358 451 44 19 best
1413 452 109 24 appointed
1532 453 156 19 establishment
1698 453 21 18 in
1739 453 51 19 New
1806 453 97 24 Zealand,
1922 453 17 19 it
1957 453 63 24 being
2037 453 75 26 replete
2130 454 126 25 throughout

920 474 24 17 J-
1383 477 49 18 with
1442 477 34 19 the
1486 481 53 16 most
1553 478 82 19 modern
1650 479 149 19 conveniences.

939 500 58 20 THE
1010 502 93 19 HOTEL
1120 503 18 19 is
1155 503 22 19 in
1196 503 35 19 the
1249 502 116 20 immediate
1380 502 168 25 neighbourhood
1568 504 21 18 of
1607 504 35 18 the
1661 504 73 22 Priest,
1754 505 83 22 Rachel,
1858 505 125 19 Postmaster
2006 504 40 18 and
2062 504 59 19 other
2135 504 68 24 baths,
2222 505 34 19 the

913 527 90 19 curative
1012 528 113 25 properties
1134 529 23 18 of
1166 528 65 19 which
1247 534 35 13 are
1298 528 146 19 workUfamed.
1473 528 54 20 Bath
1538 529 67 19 chairs
1616 529 41 19 and
1667 530 118 19 attendants
1795 537 34 12 are
1839 529 98 26 provided
1948 533 21 16 to
1981 536 76 18 convey
2072 529 88 20 invalids
2176 533 21 17 to
2216 531 41 19 and

913 551 53 20 from
975 553 36 18 the
1021 554 81 19 various
1113 554 141 19 bath-houses.
1282 554 43 19 The
1335 554 106 19 bedrooms
1451 554 40 19 and
1510 555 88 25 retiring
1620 561 67 13 rooms
1706 562 35 12 are
1759 556 59 19 fitted
1835 555 50 19 with
1914 555 75 25 special
2002 555 74 25 regard
2091 559 21 15 to
2125 555 35 19 the
2176 557 81 24 require

913 580 66 17 menta
989 580 22 17 of
1018 581 71 23 guests
1098 580 21 18 in
1129 580 70 19 search
1208 580 22 19 of
1239 580 92 19 renewed
1341 580 99 24 strength.

939 604 44 19 The
995 605 63 19 Baths
1068 608 21 17 at
1101 605 34 19 tho
1143 605 129 20 Sanatorium
1284 605 52 20 have
1347 605 97 20 attracted
1454 611 61 19 many
1525 606 82 19 visitors
1626 607 22 19 of
1667 606 40 19 late
1728 613 71 19 years;
1825 608 96 24 amongst
1936 607 59 19 those
2009 606 44 20 who
2062 607 52 19 have
2125 608 65 19 found
2198 608 60 19 relief

913 628 33 20 bei
955 630 35 19 the
999 631 146 23 convalescent,
1155 637 94 17 nervous,
1259 631 118 22 rheumatic,
1388 631 40 18 and
1439 631 100 25 sleepless.

939 654 92 21 Rotorua
1040 656 18 19 is
1067 657 35 18 the
1119 660 67 15 centre
1206 657 52 18 from
1277 656 64 19 which
1360 656 28 19 all
1408 656 68 26 points
1486 658 21 17 of
1517 657 84 20 interest
1611 659 20 18 in
1649 658 35 19 tho
1693 658 95 19 Thermal
1799 658 87 26 Springs
1901 658 86 19 District
2004 665 46 18 may
2066 658 26 19 be
2107 658 92 24 reached,
2217 659 41 19 and

913 681 74 26 special
996 682 95 19 facilities
1101 689 34 13 are
1144 682 98 25 provided
1251 683 33 18 for
1290 682 58 19 those
1355 682 21 19 in
1386 682 69 19 search
1465 683 22 18 of
1494 682 34 19 the
1538 684 102 18 beautiful
1653 684 40 19 and
1707 684 128 19 marvellous.

1006 713 182 18 MAGNIFICENT
1201 714 177 17 APARTMENTS.
1507 714 85 18 LOFTY
1604 715 146 18 BEDROOMS.
1868 716 117 17 PERFECT
2001 715 162 18 SANITATION.

1057 737 26 18 In
1094 736 56 19 short
1160 744 13 11 a
1181 743 127 13 fihst-cla6B
1320 736 172 19 Establisiimext
1501 738 89 25 offering
1599 738 61 25 equal
1668 739 96 18 comforts
1773 740 21 17 to
1803 739 36 18 the
1848 739 46 18 best
1907 739 66 19 hotels
1982 740 21 18 in
2013 739 87 25 lurope.

1579 770 11 12 o
1630 768 2 14 ;

1153 788 88 23 Suites
1257 789 29 23 of
1297 788 169 30 Apartments
1475 788 68 24 with
1553 790 98 29 special
1664 790 157 24 attendance
1835 790 40 23 for
1890 790 130 23 Families-

912 821 99 27 Spacious
1022 822 128 20 Promenade
1160 823 112 23 Balconies,
1283 823 58 25 Snug
1353 823 90 23 Alcoves,
1455 823 39 19 nnd
1511 823 128 25 luxuriously
1656 825 109 24 appointed
1775 824 104 25 Drawing,
1899 824 72 22 Music,
1987 823 151 25 Conversation,
2155 823 101 26 Reading,

1363 849 100 25 Smoking
1472 849 40 19 and
1523 849 86 19 Billiard
1620 849 81 19 Booms.
1731 850 70 19 Baths.

1151 884 35 23 £T
1203 882 117 20 SPECIAL
1334 882 160 20 ATTENTION
1508 884 69 19 PAID
1590 884 34 19 TO
1638 884 119 19 CUISINE
1771 884 59 19 AND
1844 884 126 19 SERVICE,
1985 886 36 22 4$

938 914 34 19 All
983 915 180 19 communications
1175 914 26 26 by
1211 914 60 19 letter
1280 921 24 12 or
1314 914 97 24 telegram
1422 914 41 19 will
1473 915 77 19 receive
1560 918 81 23 prompt
1650 916 106 19 attention.

971 964 76 46 W.
1073 967 59 42 A.
1160 966 310 52 BOULTON,

1381 1024 61 25 (Late
1451 1025 21 19 of
1480 1024 115 20 Grosvenor
1605 1023 69 24 Hotel,
1687 1023 81 26 Sydney
1776 1025 7 24 )

1943 968 251 55 Manager.

1110 1119 275 60 STRE
1387 1119 132 60 W
1523 1119 73 60 'S

916 1227 163 56 HOT
1123 1228 338 58 SPRINGS
1509 1228 283 64 HOTEL,

1189 1319 324 53 TOKAANU.

1013 1466 19 19 A
1053 1466 117 20 First-class
1184 1468 39 19 and
1242 1468 46 19 well
1298 1468 108 26 appointed
1415 1468 70 19 House
1498 1468 120 20 convenient
1628 1470 21 17 to
1658 1467 35 19 the

910 1517 97 33 HOT
1021 1519 204 34 SPRINGS
1248 1520 33 33 &
1300 1520 233 34 NATURAL
1550 1520 247 33 WONDERS.

936 1576 56 20 HOT
1018 1576 90 21 BATHS
1131 1584 26 13 on
1173 1578 35 19 the
1227 1580 104 24 premises.
1368 1580 41 19 The
1420 1580 96 26 stopping
1526 1580 71 19 House
1607 1580 32 19 for

1022 1607 67 23 THE
1114 1607 62 25 SPA
1198 1609 109 24 HOTEL
1331 1609 167 25 COACHING
1521 1609 166 25 COMPANY.

938 1659 89 19 Conches
1041 1660 66 19 arrive
1117 1661 52 20 from
1178 1661 72 26 Taupo
1260 1661 117 26 Thursdays
1386 1662 39 19 and
1443 1662 99 25 Sundays,
1554 1663 40 19 and
1608 1663 58 19 leave
1681 1661 33 20 for
1728 1661 69 26 Taupo

910 1684 86 26 Fridays
1006 1686 41 19 and
1056 1686 106 26 Mondays.

1155 1738 195 21 MODERATE
1373 1740 175 21 CHARGES.

1164 1836 111 20 BEFORE
1290 1837 147 20 ORDERING
1449 1838 62 20 ELSE-

1128 1894 109 20 WHERE
1248 1896 58 19 THE
1326 1896 102 21 PUBLIC
1442 1897 56 19 ARE
1517 1898 29 19 IN-

1166 1954 87 20 VITED
1268 1955 34 20 TO
1314 1955 72 20 CALL
1399 1956 58 19 AND
1469 1956 52 20 SEE

1206 2014 68 20 NEW
1289 2015 145 20 MATERIAL
1451 2015 33 20 IN

1128 2072 163 30 SUITINGS,

1207 2122 169 30 COATINGS,

1273 2172 171 30 TESTINGS,

1325 2282 236 28 TROUSERINGS,

1156 2399 31 40 H.
1220 2398 41 41 W.
1298 2398 238 41 NEIGHBOUR'S.
1575 2415 5 10 ■

1356 2500 330 78 HOTEL

1210 2614 292 64 TAUPO,

931 2693 41 17 One
981 2693 37 17 and
1026 2699 12 11 a
1046 2692 40 18 half
1095 2693 53 17 miles
1157 2692 48 18 from
1214 2692 32 18 the
1255 2692 46 17 Post
1310 2692 63 18 Office.
1399 2692 31 17 All
1437 2693 81 17 Coaches
1526 2693 46 17 from
1580 2693 97 21 Tokaanu,
1683 2693 71 23 Napier
1759 2693 37 17 and

907 2716 85 17 Kotorua
1001 2722 31 11 are
1041 2717 39 16 met
1088 2716 24 22 by
1124 2716 31 17 the
1183 2715 37 22 Spa
1248 2716 87 19 Coaches,
1345 2716 37 16 and
1391 2716 74 17 visitors
1474 2716 94 22 conveyed
1582 2719 19 14 to
1616 2716 33 17 the
1758 2717 38 17 free

1297 2739 20 17 of
1325 2739 74 22 charge.

932 2768 44 19 The
1115 2768 17 18 i«
1145 2768 34 18 the
1189 2767 67 19 Home
1267 2768 21 18 of
1298 2767 33 19 the
1342 2767 87 19 Famous
1444 2767 94 24 Crow's
1552 2768 67 23 Nest
1635 2768 107 29 Geyser,
1760 2769 35 19 Ihe

907 2794 81 17 Witches
999 2794 100 21 Cauldron,
1114 2793 123 24 Champagne
1250 2794 75 21 Geyser,
1343 2793 62 22 Milky
1418 2794 75 22 Geyser,
1512 2794 107 23 Flesh-pot,
1636 2795 92 22 Porridge
1743 2796 51 20 Pots,

907 2817 121 20 Blow-holes,
1039 2817 83 17 Hannah
1131 2817 76 22 Geyser,
1217 2817 32 17 the
1258 2817 66 17 Lesser
1337 2817 70 17 Crow's
1420 2817 53 19 Nest,
1487 2817 64 17 Venus
1568 2818 55 18 Bath,
1639 2817 75 19 Satan's
1731 2818 63 23 Glory,

907 2841 40 17 Salt
956 2840 75 22 Spring,
1042 2840 148 18 Paddle-wheel,
1200 2839 37 18 and
1246 2840 69 17 several
1325 2840 54 17 other
1387 2840 61 22 sights
1454 2840 20 17 of
1482 2840 84 18 interest.
1592 2841 77 17 Guide's
1677 2841 30 17 fee
1716 2843 19 15 2s
1751 2842 45 17 each

907 2869 73 17 person.

929 2886 40 18 The
978 2886 75 18 HUKA
1066 2886 86 18 FALLS.
1177 2886 81 17 Visitors
1267 2888 19 15 to
1296 2886 32 17 the
1418 2886 94 23 conveyed
1521 2887 38 17 free
1568 2888 21 16 of
1597 2887 75 22 charge.

1823 1091 164 41 ROTORUA
2009 1091 92 41 BOOT
2121 1091 27 42 &
2164 1091 92 42 SHOE

1974 1150 126 41 DEPOT.

1820 1478 19 19 A
1858 1479 68 26 Large
1945 1481 61 20 Stock
2027 1483 21 18 of
2065 1482 94 24 German,
2176 1481 77 20 French

1889 1506 40 20 and
1939 1507 93 20 Colonial
2041 1508 63 19 Boots
2114 1508 76 25 always

1984 1534 22 19 in
2023 1534 67 19 Stock.

1820 1569 69 20 BEST
1896 1569 78 21 MATE
1978 1571 71 19 RIAL.
2086 1571 31 20 BE
2122 1571 32 20 ST
2162 1569 91 23 WORK.

1899 1607 159 19 AUCKLAND
2068 1608 106 20 PRICES.

1821 1654 164 26 Hand-sewn
1995 1656 79 24 Boots
2084 1664 14 16 a
2114 1657 139 30 Specialty.

1848 1719 113 23 Visitors
1971 1721 28 22 to
2012 1719 46 24 the
2073 1720 54 24 Hot
2134 1721 92 24 Lakes.

2012 1783 11 9 X
2031 1783 35 9 IJLi'J

1849 1798 177 47 Palace
2061 1799 160 55 Hotel,

1824 1855 64 19 ■>ituat
1901 1855 11 19 d
1937 1855 20 19 ia
1982 1856 36 20 the
2040 1855 51 21 New
2113 1856 138 21 Government

1819 1881 107 24 Township
1942 1883 20 18 in
1979 1888 54 14 CiOse
2050 1883 109 26 proximity
2178 1886 22 17 to
2219 1883 35 19 tin-

1820 1907 36 19 Bat
1862 1907 28 24 lis,
1907 1907 135 25 Sanatoiiura,
2063 1909 49 19 Post
2134 1909 61 21 Office
2213 1911 40 19 and

1819 1933 38 19 Kai
1868 1940 42 19 wiy
1918 1935 88 19 Station.

1845 1985 42 20 Tlie
1899 1987 61 19 Hotel
1971 1987 17 20 is
2004 1987 126 26 lururiously
2146 1987 107 21 furni>hed

1819 2012 37 19 and
1870 2013 76 20 replete
1957 2014 47 18 with
2012 2020 59 19 every
2080 2015 134 19 convenience
2223 2015 31 19 for

1819 2039 86 19 tourists
1914 2039 39 20 and
1964 2040 75 20 other*.
2068 2040 22 20 It
2110 2047 11 13 c
2136 2041 91 19 mmands
2242 2048 11 12 a

1819 2064 91 25 splendid
1922 2067 47 18 view
1981 2066 21 20 of
2012 2066 35 20 the
2056 2066 56 20 Lake
2122 2067 38 19 and
2171 2067 15 19 is
2196 2067 46 19 with-

1819 2092 19 19 in
1849 2098 46 18 easy
1906 2098 67 14 access
1986 2092 21 19 of
2025 2092 33 20 the
2075 2093 78 25 Geyser

1819 2118 21 17 r>f
1852 2118 65 19 Whak
1924 2125 113 13 irewarewa
2047 2119 40 20 and
2098 2119 26 20 all
2138 2119 33 20 the
2189 2120 64 25 eights

1819 2144 2 20 ■
1831 2144 9 18 f
1850 2144 35 19 the
1894 2145 85 19 district.

1832 2170 34 19 All
1875 2170 107 26 telegrams
1994 2171 103 26 promptly
2107 2172 96 21 attended
2212 2175 27 18 to.

1885 2223 86 32 JOHN
2000 2224 185 38 JOHNSTON,

1953 2262 170 18 PROPRIETOR.

1849 2311 183 47 Robert
2066 2311 157 47 Wake

1841 2375 18 23 )
1866 2373 51 20 EGS
1927 2377 19 16 to
1956 2375 92 18 intimate
2056 2374 45 19 that
2112 2374 25 19 he
2207 2382 46 12 now

1841 2401 22 18 J
1892 2400 110 20 concluded
2013 2401 34 18 the
2059 2400 119 20 alterations
2190 2405 21 15 to
2221 2401 32 19 his

1818 2426 97 26 premises
1931 2427 20 18 in
1969 2426 78 20 Fe'nton
2064 2426 72 24 Street,
2152 2427 101 26 (opposite

1818 2452 34 20 the
1863 2452 69 19 Grand
1943 2452 79 25 Hotel,)
2032 2453 40 18 and
2083 2453 36 18 has
2127 2460 13 12 a
2147 2453 57 26 large
2212 2453 41 20 nud

1819 2478 43 19 well
1873 2479 91 18 assorted
1974 2479 56 18 stock
2040 2480 21 17 of
2075 2479 35 19 the
2128 2479 112 21 undermen-

1818 2504 67 20 tioned
1896 2505 69 24 goods,

1819 2539 68 41 FOR
1908 2539 88 41 CASH
2010 2539 25 41 &
2048 2539 88 41 CASH
2148 2540 103 42 ONLY,

1844 2594 50 20 This
1903 2594 54 19 Rule
1969 2594 40 20 will
2026 2595 24 18 be
2066 2594 78 25 strictly
2164 2595 89 20 adhered

1818 2622 20 18 to
1849 2627 21 13 so
1882 2627 26 13 no
1918 2627 39 13 one
1966 2620 52 20 need
2029 2620 4 21 I
2041 2627 11 13 o
2062 2620 95 20 offended
2164 2622 16 18 if
2190 2622 63 19 credit

1818 2647 17 18 is
1846 2647 88 19 refused.

1818 2681 83 23 Men's
1913 2681 127 30 Mercery,
2049 2681 75 28 Hats,
2138 2682 43 24 &c.

1821 2711 84 23 Men's
1920 2711 52 23 and
1986 2712 77 29 Boys'
2080 2712 122 30 Clothing

1924 2760 14 11 „
2049 2744 79 23 Boots
2140 2744 22 23 &
2172 2745 80 23 Shoes

1819 2773 137 29 Blankets,
1970 2774 81 29 Rugs,
2063 2774 97 29 Prints,
2176 2775 62 25 Flan-

1872 2805 122 29 nelettes,
2005 2807 49 22 etc.

1819 2837 116 27 Saddles,
1946 2837 110 27 Bridles,
2072 2840 47 22 etc.

929 2933 40 18 The
975 2933 162 18 accommodation
1145 2933 21 17 at
1172 2933 34 18 the
1233 2933 39 22 Spa
1299 2937 16 13 is
1321 2933 26 16 all
1355 2933 42 17 that
1413 2939 33 10 can
1463 2933 23 17 bo
1503 2933 78 18 desired.
1615 2934 63 22 Every
1694 2934 102 18 Bed-room

906 2956 108 17 over-looks
1023 2956 32 17 the
1065 2955 90 20 Gardens.
1180 2956 76 17 Private
1265 2956 62 16 Suites
1335 2956 20 16 of
1364 2956 127 22 Apartments.
1522 2957 63 22 Largo
1599 2957 156 23 Drawing-room
1768 2958 29 18 for

906 2979 73 17 Ladies.
1005 2979 127 17 Comfortable
1142 2979 161 21 Smoking-room.

929 3003 54 16 THE
996 3002 84 17 MAORI
1094 3002 103 17 CARVED
1210 3002 96 17 DINING
1319 3002 71 17 HALL
1397 3003 49 16 seats
1458 3008 35 11 one
1507 3003 86 17 hundred
1607 3009 78 17 persons
1700 3003 38 17 and
1752 3010 33 12 con-

907 3026 50 17 tains
965 3025 26 17 all
1000 3027 85 20 separate
1094 3026 60 16 tables
1163 3026 29 16 for
1201 3025 72 22 private
1282 3025 70 23 parties
1360 3031 21 12 or
1392 3025 76 18 friends.

930 3048 53 18 THE
992 3048 85 18 LARGE
1087 3048 58 19 HOT.
1155 3048 68 18 COLD
1233 3049 14 16 &
1256 3048 78 17 TEPID
1341 3048 138 18 SWIMMING
1485 3049 70 17 BATH
1564 3049 75 22 adjoins
1647 3050 32 16 the
1687 3050 108 18 Bedrooms.

929 3072 40 16 The
979 3071 122 17 SULPHUR
1110 3072 68 16 BATH
1188 3072 15 16 is
1211 3071 76 22 equally
1296 3071 103 17 efficacious
1408 3078 20 10 as
1435 3072 32 16 the
1473 3072 74 17 famous
1553 3072 61 18 Priest
1620 3072 50 18 Bath
1677 3073 19 17 of
1706 3073 89 18 Rotorua.

929 3095 40 17 The
978 3095 77 17 TEPID
1068 3094 70 17 BLUE
1150 3094 69 17 BATH
1228 3095 16 16 is
1253 3100 45 11 verv
1306 3094 111 24 refreshing.

1096 3118 1 18 .
1117 3118 50 17 ALL
1176 3118 83 17 BATHS
1269 3118 37 17 fre(!
1316 3119 20 16 to
1343 3118 80 17 Visitors
1432 3119 20 16 to
1461 3118 32 17 the

959 3141 43 19 The
1013 3140 93 19 Grounds
1117 3147 33 13 are
1162 3140 42 19 Ipid
1214 3144 35 15 out
1265 3141 19 18 in
1302 3141 67 18 choico
1390 3140 120 25 Rose-bids,
1531 3142 141 21 Shrubberies,
1691 3142 104 20 Beautiful

906 3168 94 23 Flowers,
1013 3166 50 20 l'ino
1073 3166 134 23 Plantations,
1219 3167 51 19 Turf
1279 3166 75 20 Tennis
1373 3167 68 23 Lawn,
1456 3167 127 20 Promenade
1604 3168 41 19 and
1665 3168 130 20 Ornamental

905 3194 80 18 Lawns.

959 3219 57 19 Good
1027 3219 62 19 Grass
1099 3219 110 22 Paddocks,
1223 3219 101 24 Stabling,
1336 3219 66 19 Horse
1413 3219 60 24 Peed,
1483 3221 33 19 &c.

909 3268 114 24 Visitors
1038 3267 134 30 conveyed
1182 3267 55 23 free
1247 3267 28 23 of
1283 3267 95 30 charge
1388 3270 26 21 to
1423 3271 69 21 meet
1502 3269 36 23 all
1554 3269 109 24 coaches
1677 3271 104 29 proceed-

1190 3294 47 29 ing
1250 3295 27 22 to
1293 3294 120 24 different
1427 3297 79 27 parts.

1039 3342 125 24 TARIFF
1175 3350 5 16 :
1200 3344 34 17 ICs
1247 3343 55 19 PEE
1319 3343 64 20 DAY.
1411 3344 29 19 £2
1457 3346 33 17 10s
1501 3344 55 19 PER
1569 3345 93 20 WEEK.

932 3393 80 25 Special
1018 3393 125 19 concessions
1150 3396 20 15 to
1178 3392 96 19 Families
1280 3393 40 18 and
1329 3393 56 24 large
1392 3394 75 24 parties
1473 3394 86 25 making
1566 3401 12 12 a
1586 3394 124 24 lengthened
1717 3398 51 22 staj'.

906 3442 87 20 Visitors
1004 3448 46 18 may
1060 3441 122 25 confidently
1194 3445 60 15 count
1265 3448 53 18 upon
1328 3448 59 19 every
1397 3449 45 13 enre
1452 3443 40 19 and
1501 3443 100 19 attention
1613 3447 20 15 to
1644 3444 53 20 their
1703 3445 91 24 comfort,

1207 3467 40 19 nud
1257 3467 76 25 civility
1342 3469 50 18 from
1402 3469 34 18 the
1446 3469 55 19 staff.

1010 3493 116 20 First-class
1135 3493 70 19 Table.
1340 3494 125 20 Abundance
1475 3496 22 18 of
1506 3495 58 19 Fruit
1575 3496 20 19 in
1606 3496 82 20 Season.

904 3520 42 19 Tea
956 3520 41 19 and
1006 3520 69 19 Cuffee
1086 3520 70 18 served
1166 3520 21 18 in
1204 3520 35 18 the
1256 3520 78 25 Dining
1349 3520 49 19 Hall
1417 3522 104 25 mornings
1541 3523 40 18 and
1598 3523 124 19 afternoons.
1759 3523 33 19 No

1275 3551 58 14 extra
1341 3546 82 22 charge.

1037 3599 104 32 THE
1331 3599 241 35 COACHING
1596 3601 62 33 CO,

1083 3640 43 17 Run
1136 3640 82 17 Couches
1227 3641 19 16 to
1255 3640 33 17 the
1296 3640 97 22 following
1402 3640 62 24 places
1472 3642 21 17 of
1500 3640 89 24 interest:
1591 3652 23 3 —

904 3672 133 25 Tokaanu,
1048 3670 117 26 Thursdays
1175 3671 39 19 ard
1231 3671 99 23 Sundays.
1359 3671 51 20 Fare
1420 3674 27 18 ss,

907 3697 136 24 Wairakei
1057 3697 120 29 Geysers,
1189 3697 61 24 daily,
1262 3697 94 25 Sundays
1365 3697 99 21 included.
1493 3699 52 19 Fare
1556 3701 21 17 2s
1587 3700 32 18 Gd.

904 3729 151 18 ARATEATEA
1064 3729 99 17 RAPIDS,
1174 3728 57 23 daily.
1257 3729 47 17 Eare
1316 3730 19 16 3s
1344 3729 29 18 Gd.

904 3752 144 18 ROTOKAWA
1060 3751 123 18 SULPHUR
1195 3752 76 17 LAKE.
1297 3753 47 16 Euro
1354 3753 18 16 7s
1382 3753 29 20 Gd,
1420 3759 38 15 any
1466 3753 52 18 ti;ne.

1401 3824 31 40 i.
1458 3824 38 42 w.
1529 3825 119 39 PE&i
1651 3827 96 49 m%

1383 3926 56 20 Next
1449 3926 100 20 Sadd'er's
1563 3927 57 25 shop,
1631 3928 132 21 Oliiuemutu.

1360 3958 42 19 Mas
1412 3958 74 25 always
1502 3965 10 12 n
1528 3958 52 26 gocd
1595 3959 73 25 mipplv
1684 3961 23 19 of
1727 3961 61 21 Freeh

1430 3984 65 26 Fruit,
1507 3985 48 19 both
1569 3985 51 20 local
1630 3986 38 19 and
1679 3986 24 20 im-

1481 4011 71 25 ported
1563 4018 26 13 on
1600 4011 60 20 hand.

1523 4036 92 25 AIBO,

1478 4064 19 18 A
1517 4063 43 19 well
1571 4067 92 16 assorted

1407 4088 57 19 stock
1474 4089 22 19 of
1508 4088 86 25 Biiifiiit,
1607 4090 129 21 Confection.

1354 4120 34 20 ery
1399 4114 38 20 and
1448 4116 92 19 Summer
1554 4115 78 21 Drinks
1644 4119 23 18 at
1682 4118 106 21 Moderate

1531 4142 77 19 Prices.

1932 2908 103 26 Complete
2046 2909 60 19 Stock
2117 2910 22 19 of

1820 2938 91 30 Fancy
1924 2938 93 29 Goods,
2034 2939 151 32 Stationery
2202 2942 51 23 and

1872 2970 86 23 Books

1819 3002 195 24 Tobacconist's
2030 3002 92 29 Goods,
2134 3005 48 23 etc-

1822 3034 113 23 Musical
1951 3034 176 24 Instruments

1819 3064 112 29 Fishing
1945 3064 97 23 Tackle

1819 3095 121 24 Window
1947 3095 72 30 glass
2026 3097 23 23 &
2056 3096 80 32 Lamp
2143 3099 109 28 glasses.

1819 3148 93 19 LAP.GE
1927 3148 60 20 AND
2018 3149 234 21 WELL-ASSORTED

1964 3180 87 20 STOCK
2068 3181 34 19 OF

1833 3211 185 28 BIRTHDAY,
2049 3212 94 25 XMAS
2169 3214 71 24 AND

1871 3243 81 23 NEW
1972 3243 93 24 TEAR
2085 3245 114 24 CARDS.

1858 3295 66 19 Maori
1936 3295 73 20 Curios
2020 3296 21 20 in
2051 3297 63 19 Great
2123 3297 48 20 Var

1883 3347 119 20 First-class
2019 3348 87 21 Billiard
2115 3349 70 21 Table.

1819 3394 148 26 Prescriptions
1977 3395 108 26 dispensed,
2096 3398 25 23 by
2130 3403 12 13 a
2151 3397 101 22 Qualified

1976 3421 90 19 Chemist
2077 3425 21 17 at

1895 3453 128 32 ROBERT
2040 3454 136 32 WAKE'S.

1954 3509 160 25 ROTORUA.

1837 3684 49 23 (Ono
1893 3684 89 18 minute's
1990 3686 50 17 walk
2049 3686 48 18 from
2105 3687 32 18 the
2143 3687 73 20 Govern-

1966 3709 53 17 ment
2027 3709 75 23 Baths.)

1934 3761 190 24 TOR7WYS:

1840 3795 99 30 35sper
1958 3797 88 28 week;
2067 3797 29 24 6s
2110 3805 46 22 per
2165 3799 57 30 day.

1842 3825 61 24 Two
1914 3827 89 23 weeks
2013 3834 28 16 or
2051 3827 99 30 longer,
2167 3829 55 24 30s.

1848 3874 28 31 C.
1909 3875 306 41 HAWKERWILSON,

1940 3917 186 21 FKOTEIETOR.

1841 3963 176 23 WYNYARD
2030 3964 192 31 &PTTECHAS,

1874 3998 130 19 KAKRISTEKS
2012 4004 43 13 AND
2065 3999 124 25 Soi-ICII'OIIB,

1813 4034 78 20 B.N.Z.
1900 4036 120 24 Chambers,
2028 4037 70 20 Quean
2103 4038 29 24 St,
2140 4038 108 22 Auckland

1813 4096 81 43 WE
1907 4097 52 20 have
1970 4105 73 19 money
2053 4101 20 17 to
2083 4099 48 20 lend
2142 4107 26 13 on
2185 4101 51 20 Mort-

1903 4130 53 19 gage
1966 4125 23 18 of
2004 4125 101 19 Freehold
2119 4127 42 19 and
2175 4127 61 21 Lease-

1811 4148 49 19 hold
1870 4153 96 21 property
1976 4152 21 17 at
2009 4154 82 16 current
2099 4155 61 16 rates.

948 4234 100 43 Ask
1076 4234 72 42 for
1172 4233 265 45 Hancock's
1465 4235 278 44 Celebrated
1772 4237 190 50 X2£XX
1988 4242 113 42 Ales
2129 4248 95 39 and
2249 4247 149 48 Stout,

2718 389 10 11 o

2312 403 64 26 The
2394 405 216 31 undersigned
2631 412 54 19 are
2702 412 73 19 now
2790 407 142 33 running
2945 409 140 33 Buggies
3101 414 62 26 and

2279 436 140 26 Coaches
2439 438 35 25 to
2493 437 55 26 the
2561 437 165 32 following
2737 438 108 32 places
2857 440 36 25 of
2906 441 133 28 interest
3057 444 34 26 in
3110 447 53 27 the

2278 468 241 32 neighborhood
2535 471 34 25 at
2586 470 130 37 greatly
2739 471 137 27 reduced
2900 475 92 26 rates.
3040 476 123 32 Special

2279 501 183 26 reductions
2471 502 49 26 for
2532 502 89 32 large
2629 503 127 32 parties.

2418 564 145 19 TIKITERE
2576 565 20 19 &
2609 565 105 19 OKERB
2727 565 109 24 PALLS;
2850 568 173 22 WAIOTAPU.

2293 610 92 28 Special
2396 612 169 26 Conveyances
2576 612 47 19 and
2634 612 87 20 Saddle
2732 612 83 24 Horses
2825 617 23 16 to
2858 615 28 20 all
2898 621 61 22 parts
2974 619 23 19 of
3009 618 38 21 the
3064 620 84 21 district

2603 642 24 15 at
2638 639 116 23 Moderate
2765 640 77 23 f^ates.

2327 684 47 19 Bus
2378 684 79 20 leaves
2464 685 65 19 Lake
2534 686 86 22 House,
2629 686 84 24 calling
2719 687 26 18 at
2751 687 31 19 all
2788 687 83 20 Hotels
2876 690 47 18 and
2929 690 114 25 Boarding
3049 694 91 19 Houses

2303 707 36 18 for
2347 707 225 24 Whakarewarewa,
2582 710 69 18 twice
2659 710 117 22 forenoon,
2787 711 68 18 twice
2863 712 122 21 afternoon

2468 740 46 46 J.
2548 741 309 47 FALLOONA
2879 744 47 45 &
2949 746 96 55 Co.,

2779 807 324 57 Proprietors.

2295 868 130 27 BOOKING
2439 870 107 26 OFFICE
2557 870 60 26 AND
2631 871 134 26 STABLES
2777 871 147 27 OPPOSITE
2933 874 108 26 GRAND.
3050 877 87 26 HOTEI

2282 921 240 47 KUSABS
2555 922 154 46 BROS

2386 986 220 34 MAMAKXJ

2278 1024 75 41 SAW
2367 1024 25 41 &
2419 1024 154 43 PLANING
2593 1025 118 42 MILLS.

2281 1095 270 23 MOUNTHIN
2575 1096 138 25 RIT^U,

2438 1140 42 13 THE
2493 1140 54 13 OXLY

2280 1171 135 21 GENUINE
2428 1172 60 20 DRY
2504 1173 80 19 LAND
2601 1173 112 20 TIMBER

2384 1207 29 18 IN
2426 1207 53 18 THE
2492 1208 115 17 MARKET.

2281 1273 49 23 IXL
2355 1276 101 23 spectfully
2462 1278 20 17 to
2490 1277 71 17 inform
2569 1277 33 18 the
2614 1277 67 18 Public
2694 1277 20 17 of

2282 1300 76 15 Koturaa
2365 1299 34 16 and
2409 1300 74 20 vicinity
2492 1300 39 15 lhat
2539 1302 41 19 they
2594 1300 45 16 have
2654 1302 48 13 estab-

2281 1321 53 15 lished
2343 1326 10 10 a
2362 1321 43 20 yard
2413 1321 18 15 in
2444 1320 127 20 Hitiemoa-st.,
2580 1322 33 15 and
2630 1326 30 11 cun
2674 1326 39 11 now

2280 1343 61 19 -upply
2350 1342 28 15 the
2386 1342 52 15 finest
2445 1342 45 15 class
2504 1343 19 15 of
2537 1342 26 16 Bu
2571 1342 49 20 lding
2632 1342 80 16 Material

2279 1364 16 14 in
2305 1364 29 15 the
2342 1362 75 17 Market.
2433 1363 18 15 It
2459 1364 15 15 is
2481 1364 102 20 urxqii.illtd
2592 1364 17 15 in
2618 1363 94 20 durability

2279 1385 33 14 unci
2322 1384 105 21 impervious
2435 1386 17 14 to
2462 1384 29 16 the
2499 1387 69 14 attacks
2582 1385 19 16 of
2614 1385 50 16 borer
2678 1385 34 15 and

2279 1406 31 20 dry
2323 1408 31 14 rot.
2377 1405 53 17 Their
2438 1406 83 16 sawmills
2530 1411 28 11 ure
2566 1406 50 16 fitted
2626 1406 41 16 with
2683 1406 29 16 the

2279 1429 44 13 most
2331 1426 69 16 modern
2409 1427 99 20 appliances
2518 1428 34 15 and
2560 1428 29 15 the
2598 1427 38 16 firm
2648 1427 15 15 is
2672 1427 39 15 able

2279 1452 17 11 to
2312 1448 62 21 t-upply
2390 1453 35 16 any
2440 1449 81 20 quaniity
2537 1449 19 16 of
2570 1448 39 22 Diy
2627 1448 84 21 Building

2279 1469 80 16 Material
2367 1474 22 11 on
2398 1469 29 16 the
2436 1470 75 16 shortest
2518 1470 62 17 notice.

2279 1512 141 30 Skirtings,
2427 1512 180 28 Architraves,
2612 1512 83 24 Mould-

2314 1543 68 29 ings,
2394 1543 51 23 and
2454 1542 113 24 Dressed
2577 1543 102 23 Timber

2344 1573 29 24 of
2380 1580 82 23 every
2476 1573 183 31 description,*

2370 1604 110 30 Always
2491 1611 34 16 on
2533 1604 86 23 Hand.

2307 1639 118 22 HENAU
2436 1639 109 23 HOUSE
2555 1639 130 23 BLOCKS,

2299 1686 50 16 Price
2358 1686 47 16 Lists
2413 1691 21 11 on
2443 1686 106 20 application
2558 1688 19 14 to

2279 1717 225 33 KUSABS
2540 1717 171 37 BROS.,

2353 1758 118 18 MAMAKU
2483 1763 26 13 on
2522 1759 114 18 OHATJPO.

2406 1787 26 18 Or
2441 1789 21 15 at
2469 1788 33 17 the
2514 1787 68 21 Yards,

2300 1815 125 18 HINEMOA
2438 1815 102 20 STREET,
2560 1814 128 18 ROTORUA.

2794 929 37 36 W.
2859 925 32 40 A.
2923 925 184 44 WILLIAMS'

2738 996 223 25 PIONEER
3002 999 166 29 STORE,

2815 1034 102 25 Opposite
2932 1035 72 21 Palace
3020 1036 68 22 Hotel.

2737 1084 137 26 GROCERY,

2777 1116 137 20 OILMEN'S
2930 1118 109 25 STORES,

2817 1146 219 26 IRONMONGERY,

2869 1178 250 27 CROCKERYWARE,

2922 1212 142 27 DRAPERY,
3080 1216 43 25 Ac,
3131 1218 35 20 &ci

2765 1244 15 16 A
2798 1242 148 21 well-assorted
2964 1245 55 19 stuck
3038 1245 20 20 in
3075 1246 27 20 all
3118 1247 50 21 lines

2737 1267 22 19 of
2768 1268 35 19 the
2810 1268 64 21 above
2883 1273 21 15 at
2914 1269 71 21 lowest
2995 1271 71 23 prices.

2737 1303 50 19 New
2798 1303 88 20 Zealand
2894 1304 65 26 Dairy
2966 1305 145 20 Association's
3120 1307 36 20 Fac-

2772 1331 46 17 tory
2829 1329 75 21 Butter
2914 1330 56 20 fresh
2980 1331 58 20 twice
3048 1332 82 27 weekly.

2811 1364 51 20 New
2872 1364 51 20 Laid
2934 1365 60 26 Eggs,
3005 1367 42 23 Ac,
3058 1367 36 19 Ac.

2752 1413 164 23 GOVERNMENT
2936 1416 49 21 LIFE
3006 1418 138 24 INSURANCE,

2866 1441 120 15 ESTABLISIIKD
2994 1444 37 14 1870.

2766 1463 47 14 low
2822 1461 202 20 premiumsTlTarge
3032 1468 99 16 bonuses.

2751 1487 146 19 Reversionary
2905 1490 86 15 Bemuses
3001 1492 89 15 declared

2784 1505 6 25 }
2792 1509 10 10 n
2811 1506 33 24 }«B9
3043 1510 101 17 £125.000

2811 1523 33 25 }%£
3042 1527 102 18 £319,000

2783 1538 58 25 JS
2987 1538 29 25 -
3039 1543 56 16 £396
3102 1545 41 15 000

2782 1555 20 12 In
2810 1555 33 13 189J
2848 1555 54 16 (three
2906 1560 47 12 years
2958 1558 57 16 0n1y)...
3038 1555 104 23 £277J000

2889 1578 15 13 J.
2912 1578 20 14 H.
2940 1578 130 15 RICHARDSON
3070 1578 2 17 -
3074 1578 3 17 ,

2738 1648 154 47 Rotor
2893 1661 65 35 ua
2973 1650 195 60 Bakery

2749 1845 105 36 BAKER
2866 1849 26 31 &
2901 1849 255 35 CONFECTIONER.

2789 1926 85 24 Bread
2887 1928 132 24 delivered
3034 1930 79 31 daily.

2787 1994 167 27 GROCERIES,

2930 2032 144 23 DRAPERY,

2735 2097 124 18 GENERAL
2865 2098 206 19 STOREKEEPER'S
3078 2100 89 18 GOODS.

2783 2150 136 42 HORACE
2939 2151 179 43 STEWART,

2735 2209 108 21 SADDLE,
2857 2210 125 20 HARNESS,
2996 2211 53 17 AND
3067 2211 101 18 COLLAR

2903 2246 99 21 MAKER,

2779 2277 179 24 PENTON-ST.,
2973 2279 151 21 RQTORUA.

2735 2310 40 17 Hus
2784 2310 40 23 just
2832 2310 72 23 opened
2910 2317 11 11 a
2926 2311 67 18 Choice
3000 2312 118 18 Assortment
3125 2314 20 16 of

2735 2340 146 24 SADDLES,
2888 2342 135 22 BRIDLES,
3029 2343 138 20 COLLARS

2758 2364 121 23 CHAINS,
2885 2364 69 23 BITS,
2959 2366 103 23 SPURS,
3070 2367 56 19 HAR-

2834 2387 77 20 NESS
2924 2389 83 23 SOAP,
3024 2389 39 20 &c.

2758 2434 71 18 Collars
2838 2435 55 17 made
2906 2436 20 16 to
2939 2441 84 12 measure
3037 2443 23 11 on
3077 2437 32 18 the
3123 2443 33 17 pre-

2733 2458 55 17 mises
2797 2464 11 10 a
2817 2458 103 23 speciality.

2756 2481 125 23 Lengthened
2890 2482 108 22 experience
3006 2483 19 16 in
3034 2483 26 17 all
3069 2483 66 18 classes
3148 2484 20 17 of

2733 2504 94 17 Saddler's
2836 2504 58 18 work.
2919 2505 32 17 All
2959 2505 63 18 orders
3031 2507 96 22 promptly
3136 2509 20 15 at-

2732 2527 69 16 tended
2812 2529 27 14 to.

2278 1888 34 19 TO
2327 1888 58 19 THE
2400 1888 105 19 PUBLIC
2521 1888 34 20 OF
2573 1888 138 20 KOTOEUA.

2280 1940 23 43 I
2317 1940 56 20 BEG
2385 1943 20 16 to
2415 1940 64 20 thank
2489 1940 35 19 the
2537 1940 74 21 Public
2621 1941 22 19 of
2650 1940 49 20 Roto-

2331 1973 40 13 rua
2390 1967 32 19 for
2436 1966 54 20 their
2495 1967 83 19 favours
2590 1967 75 25 during
2677 1967 34 19 the

2277 1995 46 23 pust
2333 1993 70 19 fifteen
2412 1999 65 19 years,
2490 1992 40 20 and
2545 1997 20 14 to
2581 1994 65 24 notify
2666 1993 45 19 that

2277 2020 32 18 for
2319 2019 33 19 the
2364 2019 133 19 convenience
2508 2019 21 18 of
2538 2019 100 19 residents
2647 2020 21 18 in
2676 2019 35 19 the

2279 2046 49 19 New
2339 2044 115 26 Township,
2467 2044 41 20 and
2518 2051 32 19 my
2564 2045 58 19 trade
2639 2051 53 19 gener-

2277 2071 47 25 ally,
2336 2071 11 19 I
2357 2071 52 19 have
2419 2071 54 19 built

2305 2105 52 20 New
2365 2105 104 20 Peemises
2477 2112 22 13 in
2507 2105 45 21 Fen
2555 2112 37 14 row
2599 2105 84 24 Street,

2278 2142 65 19 which
2353 2148 34 13 aie
2397 2148 45 13 now
2454 2148 52 19 opon
2514 2142 33 19 for
2557 2142 100 23 business,
2672 2141 39 20 and

2277 2169 11 18 I
2298 2175 33 12 am
2350 2168 100 26 prepared
2471 2171 22 16 to
2506 2168 74 26 supply

2417 2202 71 20 PiusrE
2508 2202 63 20 Meat

2277 2241 20 19 in
2309 2241 49 19 both
2369 2240 51 20 New
2432 2240 40 20 and
2483 2240 39 20 Old
2531 2240 127 26 Townships.

2311 2307 42 23 An
2366 2307 153 29 Inspection
2533 2307 23 23 is
2571 2307 108 26 invited.

2486 2347 102 19 HENRY
2602 2347 82 19 KIRK.

2323 2419 30 41 A.
2381 2418 71 41 AND
2478 2418 31 41 G.
2537 2417 126 48 BROOK,

2278 2470 81 24 BOOT
2372 2470 71 23 AND
2460 2469 82 24 SHOE
2564 2470 146 27 MAKERS,

2337 2503 87 19 Fkntoh
2438 2503 24 19 Si
2467 2508 59 17 beet,
2549 2501 107 21 Kotorpa.

2279 2536 44 19 And
2345 2538 22 17 at
2398 2534 80 20 I'arnell
2502 2541 19 12 a>
2529 2534 13 19 d
2572 2534 136 19 Newmaiket.

2304 2588 64 24 Largo
2378 2588 39 17 and
2429 2587 67 19 varied
2513 2588 29 18 St<
2551 2586 24 20 ck
2587 2586 21 19 of
2619 2586 23 19 Er
2651 2586 58 25 g'ish,

2279 2614 84 23 Foreign
2375 2614 38 19 nnd
2426 2613 41 19 Pol.
2472 2613 45 20 Dial
2528 2614 63 19 Bonis
2601 2614 38 18 and
2647 2613 62 19 Shoes

2338 2642 21 18 t>>
2370 2640 71 19 clifoisp
2454 2641 50 18 from
2515 2642 23 17 at
2549 2639 33 19 the
2594 2641 51 17 mnpt

2312 2672 214 33 REASONABLE
2549 2672 127 32 PRICES.

2344 2713 94 21 GRKAT
2452 2713 192 20 RrDTJCTLOSS.

2304 2745 94 25 Clearing
2417 2748 36 16 out
2473 2745 61 19 Stock
2554 2744 32 20 for
2610 2743 75 26 Spiiog

2431 2771 122 24 Shipments.

2279 2804 33 20 All
2327 2804 70 19 orders
2413 2803 40 20 and
2471 2810 27 18 re|
2506 2803 40 20 airs
2563 2801 146 27 expeditiously

2440 2829 104 20 executed.

2385 2892 216 62 BELL,

2278 2969 431 36 CIRMNT3SR,

2382 3012 104 18 FENTON
2503 3011 102 21 STEEET,

2370 3045 99 18 OrrosiTE

2301 3075 66 17 Rashes
2375 3075 55 17 made
2439 3075 20 16 to
2468 3073 60 18 order.

2953 2617 33 41 M,
3022 2618 119 47 SIMON,

2930 2670 60 24 (Late
2997 2670 22 20 of
3027 2671 138 24 Melbourne.)

2939 2719 113 18 Practical
3072 2720 82 18 Tailor.

2928 2791 104 24 Clothes
3045 2793 75 23 made
3139 2794 27 22 to

2954 2818 74 23 order
3045 2825 34 16 on
3094 2819 46 23 the

2980 2845 134 23 shortest

2999 2871 93 23 notice.

2939 2966 55 25 Style
3004 2966 39 19 a~d
3055 2966 35 19 Fit
3100 2968 36 17 not
3147 2969 19 16 to

2929 2994 24 18 be
2962 2992 94 26 equalled
3073 2994 20 18 in
3111 2995 55 18 town

2927 3029 111 19 Addkkss:
3054 3029 112 19 ArawaSt.

2998 3055 100 19 Eotorua.

2371 3134 28 40 F,
2443 3133 174 47 GOODSON,

2420 3186 150 32 ROTQBDA

2278 3231 82 32 COAL
2377 3231 26 31 &
2424 3230 169 32 FIREWOOD
2613 3228 97 37 YARD,

2364 3276 143 18 PUKUATUA
2519 3275 102 21 STREET,

2301 3357 62 18 Goods
2372 3357 94 17 delivered
2474 3357 51 17 after
2538 3355 69 19 arrival
2621 3356 20 17 of
2653 3357 9 16 t

2277 3383 20 16 to
2306 3381 26 18 all
2340 3383 52 20 parts
2401 3381 20 17 of
2429 3380 33 18 the
2471 3381 51 16 town
2532 3380 45 16 with
2587 3380 124 22 promptness.

2278 3413 61 23 Large
2348 3412 57 18 Stock
2418 3413 20 17 of
2455 3412 46 18 Coal
2517 3412 38 17 and
2572 3411 97 17 Firewood
2684 3411 18 17 al-

2346 3442 52 16 ways
2408 3442 24 11 on
2440 3435 52 18 hand
2502 3435 38 18 and
2548 3434 95 18 delivered

2416 3460 21 16 at
2445 3458 33 17 the
2490 3458 82 17 shortest

2459 3481 68 18 notice.

2300 3511 66 17 RATA
2372 3515 43 12 and
2420 3510 73 17 TAWA
2500 3514 25 13 at
2531 3514 80 13 lowest
2620 3514 68 13 kates.

2277 3554 202 44 AUCKLAND
2493 3553 217 17 ADVERTISING

2434 3577 111 19 AGENCY,

2299 3601 98 17 Victoiiia
2411 3600 89 20 Arcade,
2515 3599 72 20 Queen
2604 3598 84 19 Street.

2331 3623 122 23 Advertising
2460 3623 19 17 in
2488 3623 26 17 all
2526 3623 24 17 its
2559 3622 97 19 branches.

2276 3647 53 20 New,
2343 3647 77 22 Unique
2436 3646 39 17 and
2487 3646 85 17 Tasteful
2590 3645 120 22 Advertising

2449 3669 92 18 Medium.

2299 3692 69 18 Orders
2377 3693 49 17 from
2434 3692 27 17 all
2468 3693 54 21 parts
2531 3691 90 18 attended
2630 3692 20 17 to
2664 3691 46 16 with

2275 3722 42 12 care
2327 3716 37 17 and
2372 3715 115 22 expedition.

2292 3829 46 32 H,
2350 3827 57 33 W.
2423 3826 268 36 MXTCHELL,

2372 3884 117 23 SutijortaeD
2500 3885 111 23 jturbenov,

2420 3938 143 25 fJOTORUA.

2574 3987 19 18 U
2606 3986 16 18 L
2634 3986 16 19 E
2660 3986 24 21 Y,

2297 3988 72 44 G'
2383 3988 23 17 a
2425 3986 137 45 M°A

2274 4057 121 24 Plumber
2413 4057 21 24 &
2445 4055 113 25 General
2570 4055 138 24 Mechanic

2364 4107 132 20 TUTANEKAI
2516 4105 93 23 STREET,

2735 3149 135 22 BARBER
2886 3149 21 23 &
2923 3150 236 24 HAIRDRESSER

2750 3231 56 52 H.
2836 3231 315 53 STEWART

2734 3313 62 19 HAS
2813 3313 110 19 removed
2937 3314 26 18 to
2979 3314 36 18 his
3030 3313 75 19 NEW
3121 3314 33 18 SA-

2758 3344 83 21 LOON
2849 3345 179 22 Fenton-streot,
3038 3346 107 23 opposite

2860 3374 66 21 Kirk,
2940 3375 104 18 butcher.

2775 3440 89 21 Setting
2877 3440 82 20 Razohs
2972 3448 11 12 a
2999 3441 121 19 Specialty.

2758 3489 108 19 Choicest
2881 3489 89 19 Brands
2983 3489 87 24 Cigars,
3084 3490 71 19 Tobac-

2734 3517 46 18 cos,
2790 3512 40 19 &c.

2737 3566 52 44 B.
2829 3566 45 43 S.
2922 3566 34 44 C
2975 3566 186 19 OELETT
3162 3580 5 10 '

2840 3621 191 21 AECHITBO
3043 3622 19 24 r,

2815 3657 96 25 Building
2925 3657 108 26 'Surveyor,
3051 3658 36 19 &c.

2735 3695 69 24 Agent
2825 3694 33 19 for
2877 3694 34 19 the
2934 3694 97 20 jNaiional
3057 3695 46 20 Fire
3126 3695 41 20 and

2825 3720 82 20 Marine
2913 3721 113 20 Insurance
3038 3721 36 20 Co.

2745 3769 202 23 lIOKOIA

2733 3854 244 33 BOARDING
2995 3855 168 32 HOUSE.

2732 3913 110 28 Opposite
2858 3913 39 20 the
2914 3915 53 18 Post
2978 3914 46 20 and
3037 3914 126 27 Telegraph

2910 3939 77 21 Office.

2733 3970 44 20 And
2799 3977 49 13 nenr
2868 3971 34 20 tlie
2922 3971 119 20 Celebrated
3065 3970 97 20 PRIEST

2771 3997 117 20 RACHEL
2905 3998 40 19 and
2957 3998 57 19 other
3024 3997 96 23 BATHS,

2876 4023 142 21 ROTORUA.

2730 4075 111 19 TERMS:
2850 4075 43 19 25s
2900 4080 42 18 per
2947 4075 71 22 week,
3029 4075 26 19 4s
3062 4079 40 19 per
3108 4074 51 23 day.

2763 4104 116 42 MRS
2922 4104 203 47 YOUNG,

2863 4155 171 23 Pbopiuethes?,
