3249 4249
1188 66 59 21 THE
1260 67 59 19 HOT
1334 65 94 21 LAKES
1443 65 174 25 CHRONICLE,
1850 64 157 20 FEBRUARY
2022 66 30 24 19,
2070 64 57 23 I>9o,

2798 4077 71 17 Printed
2881 4077 33 16 and
2925 4077 92 21 published
3035 4077 29 16 for
3080 4077 29 17 tho
3125 4077 94 21 proprietor,

2820 4103 18 12 at
2853 4099 27 16 his
2899 4099 95 19 registered
3000 4099 80 20 printing
3085 4098 49 17 ofline
3147 4099 72 15 Rotirua

2819 4120 23 21 hy
2850 4120 58 17 Pevcy
2919 4120 58 16 Ji.:ißs
2987 4120 100 20 Hauxond,
3101 4120 17 16 of
3128 4119 75 18 Rotorua

207 146 10 38 I
278 145 33 39 A

514 137 154 40 Ur\l
703 135 127 36 lOC

513 158 346 57 huugt-,

180 242 309 50 Hydropathic
508 237 146 41 Hotel,
668 238 210 35 Rotorua.

369 292 222 31 Established
609 292 86 26 1881.

83 340 22 8 TT
105 347 11 1 -
122 340 9 8 J
136 346 20 14 er
170 340 35 20 the
222 341 111 22 patronage
349 336 21 19 of
389 335 32 19 Sir
430 334 34 19 W.
481 332 85 23 Jervois,
583 330 50 20 Earl
648 331 40 19 and
704 330 100 20 Countess
817 329 21 19 of
847 327 122 25 Hopetown,

256 365 34 19 the
299 363 55 20 Hon.
368 360 91 21 Premier
468 358 41 20 and
523 357 102 20 Members
639 357 21 19 of
670 357 130 19 Parliament.

137 419 44 19 The
191 417 62 20 Hotel
262 417 17 19 is
289 414 87 21 situated
385 419 25 13 on
420 419 27 12 an
456 411 92 20 elevated
557 410 87 26 position
653 416 27 12 on
688 409 34 19 the
732 409 69 19 shores
811 407 21 19 of
846 405 55 20 Lake
908 405 49 19 Roto-

85 452 44 16 rua,
141 445 117 19 convenient
271 445 21 16 to
302 441 27 19 all
337 440 36 19 the
383 439 65 25 sights
457 438 21 19 in
488 438 35 19 the
533 437 83 19 district.

160 476 134 23 SULPHUR
304 477 16 17 &
330 473 133 21 MINERAL
471 472 92 20 BATHS
572 472 23 18 in
604 471 34 19 the
648 470 93 19 Grounds
751 469 21 19 of
781 468 36 20 the
826 466 70 20 Hotel.

85 534 36 21 £§-
135 531 18 19 jj
163 531 18 19 ]3
189 530 69 18 —Mrs
268 527 90 21 Graham
367 526 41 20 will
416 526 41 19 also
468 525 94 19 continue
571 526 20 17 to
602 522 102 26 supervise
713 522 35 19 the

102 561 173 28 GEYSER
292 558 145 28 HOUSE
456 552 316 32 HYDROPATHIC
793 549 153 32 HOTEL,

395 591 275 28 WAIRAKEI,

84 633 67 19 which
169 633 38 18 has
220 631 81 20 become
320 637 12 12 a
341 628 87 27 popular
447 627 40 20 and
503 626 100 19 favourite
622 625 64 19 resort
701 624 94 24 amongst
811 621 106 20 travellers
931 619 40 20 and

483 652 93 20 invalids.

527 684 10 11 o

229 711 19 19 A
257 710 104 19 reduction
369 708 18 20 is
395 708 60 19 made
464 710 20 16 to
498 705 78 25 weekly
586 711 23 13 or
622 702 92 26 monthly
722 702 104 20 boarders.

97 743 65 20 Guide
173 743 69 19 Books
251 742 40 19 and
300 739 131 21 information
448 738 63 26 gratis
522 739 21 17 at
552 735 56 21 Cook
622 734 41 20 and
672 734 57 19 Sons'
741 733 50 26 (sole
802 732 81 26 agents)
893 732 65 19 offices

392 764 125 26 throughout
527 763 35 19 the
577 761 84 25 Colony.

84 823 104 38 MRS
219 823 40 36 R.
279 818 208 45 GRAHAM,
539 837 17 7 -
596 836 17 7 -
652 835 18 7 -
718 813 251 46 Proprietress.

86 916 502 78 ATIAMURI.
618 910 347 79 HOTEL,

318 1016 33 20 On
361 1015 35 19 the
405 1013 66 20 bunks
481 1012 21 19 of
511 1012 35 19 the
555 1010 97 21 AVaikato
663 1010 68 19 Rivor.

106 1066 122 21 Patronised
245 1065 28 25 by
286 1064 35 19 the
334 1062 50 21 Earl
400 1061 42 20 and
451 1061 98 20 Countess
567 1059 22 19 of
598 1058 87 23 Onslo'-,
700 1057 99 19 Countess
813 1055 22 19 of
845 1054 94 24 Glasgow

265 1090 40 20 and
319 1089 63 20 Suite.
411 1088 31 19 Sir
451 1087 89 19 Thomas
554 1085 41 19 and
603 1084 58 25 Lady
674 1082 135 21 Mcllwraith.

112 1178 112 25 Situated
236 1176 102 31 halfway
346 1176 111 24 between
468 1174 117 26 Rotorua,
598 1170 87 32 Taupo
697 1168 47 25 and
757 1165 126 26 Lichfield.
913 1158 53 25 The

79 1214 102 23 starting
205 1212 67 31 place
291 1210 36 23 for
345 1209 41 24 the
396 1205 182 27 Aniwhaniwha
600 1203 74 27 Falls,
694 1202 40 24 the
759 1199 207 26 Orakei-Korako

79 1247 43 24 red
135 1247 48 23 and
195 1245 71 24 white
278 1243 126 27 Terraces,
418 1241 115 30 Geysers,
553 1238 73 24 Alum
650 1236 89 27 Caves,
757 1235 55 36 &c,
826 1238 25 19 to
863 1232 76 24 which
952 1239 14 15 a

78 1289 53 15 new
150 1279 48 24 and
218 1285 56 24 easy
298 1276 66 23 track
378 1276 19 23 is
416 1282 53 15 now
492 1271 147 32 completed.
675 1269 117 23 Distance
811 1274 56 16 nine
888 1267 76 25 miles,

77 1314 54 23 four
141 1313 26 24 of
177 1311 77 25 which
272 1318 43 16 can
334 1310 31 22 be
385 1308 85 23 driven
492 1313 60 17 over
572 1304 18 23 if
607 1302 105 25 desired.
755 1301 54 23 Hot
828 1300 71 23 baths
918 1299 47 23 and

77 1346 54 24 falls
149 1344 81 25 within
247 1351 28 16 10
287 1343 103 23 minutes
403 1340 78 25 drive.

144 1429 73 25 Good
230 1432 65 20 trout
307 1426 87 32 fishing
406 1424 48 25 and
472 1423 114 31 shooting
599 1421 24 24 in
636 1421 39 23 the
688 1416 209 36 neighbourhood.

525 1468 11 12 o

77 1503 76 20 Guides
161 1501 40 20 and
209 1500 73 20 Saddle
290 1499 77 19 Horses
374 1496 99 27 supplied.
488 1496 50 19 Post
546 1494 39 19 and
595 1491 114 27 Telegraph
715 1491 61 19 Office
783 1496 26 14 on
814 1489 36 20 the
859 1487 103 27 premises.

512 1528 10 12 o

155 1542 2 32 '
169 1554 40 20 For
217 1552 80 20 further
307 1550 130 21 information
451 1548 61 26 apply
526 1548 76 18 Messrs
612 1544 56 21 Cook
678 1543 39 21 and
728 1543 46 23 Son,
785 1542 85 25 Agents.

287 1616 54 46 C,
377 1611 372 51 CROWTHER,

372 1666 289 35 PROPRIETOR.

155 1766 144 58 Pure
353 1759 258 63 iterated
651 1761 236 62 waters.

224 1895 43 19 Ouo
282 1894 21 20 of
317 1893 34 20 the
361 1892 116 20 necessities
492 1891 21 19 of
522 1890 35 19 the
567 1888 80 26 coining
657 1888 75 19 Season
742 1884 41 23 will
795 1886 23 18 be

77 1946 29 26 A
131 1944 128 29 COOL
283 1943 105 27 AND
413 1937 351 31 REFRESHING
795 1932 171 29 DRINK

103 1987 141 21 TJntinctured
254 1987 25 25 by
290 1992 37 19 any
343 1984 129 21 Deleterious
483 1981 102 22 Chemical
595 1980 125 26 Compound.
760 1979 19 19 A
790 1977 61 20 drink
861 1980 21 16 at
890 1982 49 12 once

235 2019 245 32 Exhilarating
499 2017 70 28 and
588 2013 214 32 Refreshing,

78 2065 40 20 and
127 2064 66 20 which
204 2063 41 20 will
254 2069 61 20 prove
325 2068 11 13 a
346 2060 117 27 preventive
473 2060 21 19 of
508 2058 115 27 Dyspepsia
641 2057 41 19 and
698 2056 27 20 all
743 2054 93 21 Internal
854 2052 112 22 Disordore.

103 2116 88 21 Aerated
202 2116 82 19 Waters
294 2114 40 19 and
342 2113 96 24 Cordials,
450 2111 124 26 comprising
584 2111 33 19 the
627 2109 74 20 Purest
717 2107 121 25 Lemonade,
859 2106 35 19 the
913 2105 54 19 Most

77 2143 104 20 Delicious
190 2142 78 25 Ginger
278 2141 43 23 Ale,
333 2139 165 26 Higly-charged
508 2137 54 21 Soda
572 2137 79 23 Water,

358 2173 312 47 ZOLAKONE,

78 2236 12 13 a
100 2236 44 12 now
158 2227 149 26 Invigoratiug,
318 2225 147 20 non-alcoholic
479 2224 110 24 Beverage;
602 2222 57 20 Lime
679 2221 58 19 Juice
747 2219 87 24 Cordial,
844 2218 122 26 Raspberry,

200 2257 14 22 t,
226 2253 76 24 Cloves,
314 2252 50 20 Pine
373 2252 74 26 Apple,
459 2250 40 20 and
507 2250 78 19 Lemon
599 2249 77 25 Syrups
692 2247 40 20 and
747 2245 135 26 Sarsapanlla
898 2251 34 13 are
943 2245 25 18 all

340 2277 155 22 manufactured
510 2283 26 13 on
550 2276 35 19 the
599 2275 102 26 premises.

272 2331 114 20 Lenion?.d«
397 2330 38 19 and
447 2330 77 25 (ringer
534 2329 44 24 Ale,
588 2329 71 25 quarts
668 2327 40 19 and
715 2326 62 27 pints.

176 2410 65 76 C.
293 2407 64 76 A.
410 2403 340 84 CLARKE,
802 2402 85 76 Jr.

292 2546 461 69 SEDDON'S

136 2635 339 51 LAKE
546 2629 367 62 -VHETW,

198 2709 137 24 Overlooking
345 2707 33 20 the
393 2707 35 25 Pa,
439 2707 83 25 Boiling
532 2706 85 26 Springs
632 2704 40 21 and
687 2704 90 21 liotorua
786 2702 65 21 Lake.

159 2801 144 28 TEEMS
318 2800 107 28 :—3os
437 2807 62 26 per
512 2798 106 33 week,
635 2805 38 21 or
693 2797 37 27 5s
743 2803 63 27 per
818 2795 76 34 day.

83 2857 135 35 Special
238 2855 273 34 Arrangements
534 2853 54 28 for
609 2860 21 20 a
651 2850 210 35 lengthened
887 2850 62 28 resi-

343 2895 105 27 dence
468 2893 70 28 and
555 2892 154 28 families.

344 2961 170 23 CUISINE.—A
532 2960 172 21 SPECIALITY.

132 3013 124 21 References
272 3011 126 27 throughout
416 3010 51 20 New
482 3009 90 20 Zealand
583 3009 40 20 and
639 3008 34 20 the
687 3008 119 20 Australian
823 3006 94 21 Colonies

395 3042 54 19 from
458 3040 94 27 previous
566 3039 86 21 Visitors

115 3128 158 28 NOTE.—
275 3129 55 24 Ask
342 3128 37 25 for
390 3127 174 31 Seddon'S,
578 3125 48 24 and
639 3134 41 15 see
689 3132 48 25 you
748 3133 42 16 are
802 3123 44 26 left
859 3123 74 25 there.

315 3279 413 64 Proprietress.

103 3416 270 67 WHERE
420 3416 86 66 TO
568 3416 377 66 PURCHASE

464 3512 118 27 FROM

558 3570 216 56 :ufiltt

80 3678 161 47 Lamps
530 3680 157 36 Cruets

312 3726 196 36 Brushes
792 3725 168 37 Knives

80 3771 180 40 Trunks
531 3772 167 47 Spoons

369 3819 140 37 Locks
821 3817 140 37 Forks

79 3866 163 35 Razors
531 3866 140 46 Trays

322 3911 188 47 Teapots
784 3912 176 36 Churns

183 3964 74 33 LAWiM
279 3963 123 37 MOWERS,
425 3964 77 35 HOES,
519 3965 92 35 RAKES,
632 3964 112 36 SPADES,
766 3964 93 36 FORKS,

124 4007 59 35 At
244 4005 183 44 Greatly
486 4006 205 36 Reduced
754 4007 159 35 Prices.

1008 1867 72 19 Under
1096 1867 35 19 the
1147 1866 152 25 distinguished
1315 1867 118 24 Patronage
1451 1867 20 19 of
1486 1867 32 18 his
1528 1865 123 25 Excellency
1662 1865 35 20 the
1708 1865 107 21 Governor
1825 1865 36 19 the

1336 1893 50 19 33arl
1409 1893 22 19 of
1441 1893 87 19 Onslow.

1046 1956 141 64 HOT
1220 1953 303 67 SPRINGS
1571 1953 249 74 HOTEL,

1221 2050 37 28 T
1274 2050 38 29 e
1369 2050 98 28 KR
1481 2049 37 30 O
1536 2049 41 29 H
1595 2050 51 28 7*.

1054 2111 53 23 The
1121 2111 58 24 best
1204 2109 129 29 situated,
1355 2110 46 24 the
1415 2111 67 22 most
1496 2108 186 30 Comfortable,
1698 2109 44 24 the
1756 2109 59 24 best

1220 2143 140 30 appointed
1378 2143 161 24 tiotelinTe
1557 2143 96 24 Aroha.

1020 2180 111 33 Adjoins
1156 2180 75 33 (with
1254 2180 105 26 Private
1385 2179 143 33 Entrance)
1554 2180 45 25 the
1632 2180 122 25 Thermal
1776 2180 107 32 Springs

988 2216 120 31 Domain,
1120 2215 95 24 Tennis
1230 2214 82 25 Court
1322 2215 28 24 in
1362 2214 120 25 Domain.

989 2292 47 40 w.
1064 2292 41 40 a
1133 2291 163 48 MOCK,,

1014 2377 41 20 The
1074 2377 59 20 baths
1153 2377 39 19 and
1213 2375 95 23 drinking
1329 2379 63 16 water
1411 2381 35 13 are
1462 2373 109 27 especially
1592 2375 115 20 efficacious
1726 2375 20 20 in
1771 2375 56 20 Gout
1843 2375 38 19 and

988 2405 122 19 Rheumatic
1121 2403 116 24 affections,
1247 2402 89 20 Chronic
1345 2401 122 26 Dyspepsia,
1479 2401 108 20 Disorders
1607 2402 21 19 of
1638 2402 35 19 the
1682 2402 91 25 Urinery
1796 2402 86 25 Organs,

988 2432 116 19 Cutaneous
1114 2431 100 23 Diseases,
1230 2429 80 26 Splenic
1321 2429 40 19 and
1377 2429 88 25 Hepahc
1479 2428 115 24 Disorders,
1614 2429 92 19 Diseases
1721 2429 38 19 due
1768 2431 21 17 to
1796 2429 87 19 Exeesst

990 2457 88 27 Acidity,
1088 2457 120 26 Neuralgia,
1218 2455 96 21 Sciatica.

1424 2493 3 14 :
1430 2495 12 12 0
1444 2493 4 14 :

1111 2525 62 20 Town
1187 2523 50 21 Hall
1247 2523 38 21 and
1298 2523 79 25 Sample
1387 2523 79 19 Booms
1481 2523 111 19 connected
1607 2523 44 20 ,vith
1662 2523 34 20 the
1707 2523 71 25 Hotel,

1067 2603 52 21 New
1127 2603 87 20 Billiard
1223 2602 66 20 Kooni
1298 2601 50 21 with
1362 2608 37 13 one
1413 2601 21 19 of
1444 2601 108 19 Bennett's
1562 2601 51 20 New
1623 2601 86 20 Billiard
1719 2601 80 20 Tables.

992 2771 455 61 GEYSER
1471 2770 384 60 HOUSE

1034 2846 330 48 Hydropathic
1395 2846 155 41 Hotel,
1569 2845 258 39 Wairakei.

1185 2897 36 19 Six
1230 2897 59 19 miles
1298 2898 53 19 from
1360 2897 57 20 Lako
1427 2897 71 25 Taupo
1508 2896 101 25 (Rotorua
1620 2896 59 25 side).

1113 2938 220 32 SUPERIOR
1364 2937 386 33 ACCOMMODATION

1181 2981 54 20 ALL
1245 2980 58 21 THE
1312 2980 144 21 COMFORTS
1468 2980 34 20 OF
1513 2980 18 19 A
1540 2979 81 20 HOME
1632 2979 55 21 FOR

1220 3037 155 28 Tourists
1395 3037 68 28 and
1494 3036 164 29 Invalids.

986 3132 70 28 Hot
1075 3130 205 33 Swimming
1292 3129 120 34 Baths,
1428 3128 197 28 Kiri-o-Kai
1639 3136 40 20 or
1692 3129 84 27 New
1792 3128 82 28 Skin

1037 3165 101 32 Bath,
1157 3165 72 28 Hot
1247 3163 140 28 Douche
1409 3163 119 33 Baths,
1544 3163 119 28 Grand
1677 3163 152 31 Climate.

1086 3203 314 33 Elevation—l,3so
1409 3202 71 28 feet
1493 3203 110 27 above
1615 3209 59 21 sea
1687 3201 96 29 level.

986 3279 257 33 COMPETENT
1260 3280 159 28 GUIDES
1432 3288 156 25 accompany
1600 3280 106 25 tourists
1716 3281 26 23 to
1751 3280 46 26 the
1808 3278 52 27 vari-

1084 3325 46 16 ous
1142 3316 86 33 places
1240 3316 26 24 of
1278 3314 117 32 interest,
1409 3315 88 24 which
1505 3314 74 25 baffle
1593 3314 45 25 the
1651 3316 65 23 most
1727 3314 78 25 facile
1814 3322 59 24 peri,

1084 3349 51 26 and
1146 3357 48 18 can
1205 3349 61 32 only
1278 3349 33 25 he
1322 3348 110 26 realized
1444 3348 78 25 when
1540 3355 67 19 seen.

985 3449 194 25 QEYSER
1193 3448 94 24 VAL.
1294 3446 92 26 LEY
1397 3446 94 23 contains
1498 3446 37 21 the
1541 3445 239 28 following.unequalled
1790 3446 82 19 iNalura

1063 3474 257 23 wonders:—Tuhuatahi,
1341 3482 23 12 or
1383 3475 66 20 Great
1468 3475 133 23 Champagne
1620 3472 118 24 Cauldron;
1754 3472 34 20 the
1807 3472 65 19 Groat

1176 3498 90 28 Geyser;
1275 3500 35 21 the
1321 3502 87 24 Donkey
1419 3501 81 25 Engine
1508 3498 4 28 ;
1524 3500 34 19 the
1569 3499 84 20 Fairies'
1663 3498 52 20 Bath
1726 3498 3 28 ;
1741 3499 35 19 the
1787 3498 73 25 Lightn-

1063 3528 37 25 ing
1112 3525 61 28 Pool;
1185 3528 36 19 the
1230 3528 49 19 Case
1294 3527 25 19 de
1330 3528 84 24 Geyser,
1428 3534 23 13 or
1463 3525 103 27 Dragon's
1577 3526 70 19 mouth
1657 3525 4 28 ;
1672 3525 35 19 the
1716 3525 59 19 black
1787 3525 85 24 Geyser;

1063 3556 33 19 the
1105 3555 50 19 Mud
1169 3555 78 23 Geyser
1255 3561 5 17 ;
1277 3553 35 20 the
1323 3553 51 20 Blue
1385 3554 54 19 Lake
1449 3563 5 16 ;
1463 3552 36 21 the
1518 3552 34 20 Oil
1564 3552 52 20 Bath
1625 3551 4 28 ;
1648 3552 35 19 the
1705 3551 80 26 Eagle's
1805 3551 67 28 Nest;

1063 3582 36 19 the
1109 3580 79 21 Devil's
1199 3580 69 20 Punch
1280 3580 70 25 Bowl;
1360 3580 35 20 the
1407 3580 72 19 Prince
1493 3579 22 19 of
1526 3579 76 19 Wales'
1613 3578 98 20 Feathers
1720 3577 4 28 ;
1733 3579 33 18 the
1782 3577 78 21 Mirror
1868 3577 4 28 ;

1063 3608 34 19 the
1105 3607 57 20 Twin
1172 3607 79 25 Geyser
1261 3604 4 28 ;
1275 3606 35 20 the
1321 3606 58 20 Coral
1391 3607 78 24 Geyser
1480 3604 4 28 ;
1496 3605 35 21 Ihe
1541 3605 67 20 Green
1624 3604 62 28 Pool;
1705 3604 133 24 Terekerehe,
1851 3612 21 12 or

1062 3634 50 21 Hell
1123 3634 91 24 Geyser;
1225 3632 35 20 the
1270 3633 69 20 Steam
1350 3634 103 19 Rammer.
1483 3631 85 21 Guide's
1579 3632 32 19 fee
1621 3632 21 19 to
1653 3631 80 25 Geyser
1752 3630 80 25 Valley,
1843 3632 28 23 ss;

1063 3661 93 20 distance
1166 3659 52 21 from
1229 3659 105 25 the'hotel,
1345 3667 38 12 ond
1393 3659 52 20 mile.

986 3713 94 26 THE
1100 3711 337 28 AREATEATEA
1470 3719 23 12 or
1505 3711 80 20 Ladder
1594 3710 84 26 Rapids.
1707 3709 41 21 The
1767 3710 105 21 Grandest

1062 3740 79 25 Eapids
1152 3740 20 19 in
1183 3739 35 19 the
1229 3739 101 19 Southern
1343 3735 136 30 Hemisphere
1487 3746 5 17 ;
1502 3737 74 26 falling
1586 3738 21 20 in
1627 3737 30 20 sis
1675 3737 86 20 distinct
1778 3737 92 21 cascades

1063 3768 94 24 amongst
1173 3765 61 20 weird
1246 3765 39 19 and
1298 3765 73 25 rugged
1387 3772 90 19 scenery.
1505 3765 99 19 Distance
1614 3763 51 21 from
1677 3763 35 21 the
1732 3764 62 25 hotel,
1814 3764 57 21 three

1063 3793 64 20 miles.
1155 3792 76 20 Saddle
1240 3791 70 21 horses
1325 3794 21 17 to
1357 3791 47 20 visit
1413 3792 34 19 the
1456 3791 84 26 Kapids,
1550 3791 23 20 7b
1583 3790 26 21 6d
1619 3791 55 20 each.

1414 3822 21 12 :o:

985 3839 221 28 KLERAPITI
1235 3845 23 15 or
1266 3838 36 22 the
1311 3838 78 22 Devil's
1398 3839 99 26 Trumpet
1506 3838 17 22 ia
1540 3839 43 20 said
1602 3841 21 18 to
1646 3839 50 20 emit
1714 3846 12 13 a
1747 3845 93 19 pressure
1850 3839 21 20 of

1061 3867 71 21 1801b8
1144 3867 22 19 of
1180 3869 64 17 steam
1255 3868 20 18 to
1286 3866 35 20 the
1327 3866 54 23 inch,
1395 3866 52 20 from
1458 3872 26 13 an
1500 3868 97 22 aperture
1606 3865 21 20 of
1647 3866 63 19 about
1729 3866 25 19 12
1771 3865 68 20 inches
1850 3866 20 19 in

1061 3894 106 20 diameter.
1194 3893 99 20 Distance
1305 3893 52 20 fioji
1369 3893 52 20 hotel
1430 3892 58 20 three
1499 3894 38 18 and
1552 3900 10 12 a
1574 3892 41 19 half
1625 3892 56 20 miles
1688 3899 5 17 j
1714 3892 69 19 saddle
1801 3892 69 20 horses

1061 3922 20 18 to
1094 3920 47 20 visit
1152 3920 35 20 the
1197 3920 68 24 above,
1277 3920 23 19 2s
1306 3920 27 19 (jd
1344 3920 54 19 each.
1494 3929 10 11 s

1395 3951 52 14 ALSO

986 3973 94 27 THE
1101 3971 134 26 HUKA
1253 3970 169 33 FALLS,
1440 3972 35 19 the
1484 3971 113 27 JGrandest
1609 3972 55 19 Falls
1675 3978 19 13 m
1715 3970 34 20 the
1770 3970 99 21 Southern

1061 4004 141 24 Hemisphere.
1232 4003 40 19 The
1285 4001 54 21 Falls
1350 4009 43 20 tnny
1410 4005 22 18 be
1442 4003 73 19 visited
1523 4008 26 14 on
1559 4002 34 19 the
1604 4009 52 13 same
1663 4002 115 25 expsditiuri
1793 4009 21 13 as
1835 4002 36 20 the

1062 4030 78 20 Devil's
1147 4030 104 25 Trumpet.
1280 4029 97 20 Dibtance
1388 4029 51 19 from
1451 4029 54 19 hotel
1515 4029 59 19 three
1583 4029 39 19 and
1633 4036 11 12 a
1654 4029 43 19 half
1708 4028 62 20 miles.
1796 4029 74 20 Saddle

1063 4057 59 19 horse
1139 4063 21 13 or
1171 4056 69 25 buggy
1254 4055 31 26 2-9
1296 4055 10 26 d
1317 4055 52 26 each.

1117 4095 88 28 MRS
1218 4095 38 27 R,
1275 4095 193 33 GRAHAM,
1489 4093 242 35 Proprietress.

79 4091 78 47 jr.
206 4089 82 47 &c
330 4089 79 46 o\
451 4089 480 49 iDxcu^niir

131 4148 89 28 (Fourth
228 4148 52 26 shop
290 4147 51 20 from
349 4145 192 28 Wellesley-Street.
605 4153 48 23 304
669 4150 16 21 &
700 4148 49 28 306
758 4148 92 28 QUEEN
861 4148 41 24 ST.

1659 134 98 28 j&^e^-

992 235 158 45 uun
1175 236 21 42 i
1222 235 159 44 nnu

989 308 58 26 HIGH
1066 307 34 28 ST.
1121 307 39 27 and
1178 307 110 27 VICTORIA
1310 307 34 27 ST.
1366 305 66 31 EAST,

2428 171 36 22 ■■■''-

1014 416 43 19 The
1073 416 64 21 above
1156 416 107 20 Favourito
1277 416 40 19 and
1327 414 92 21 Commod-

988 442 44 19 ious
1065 443 64 19 Hotel
1161 443 75 19 affords
1267 440 167 22 EXCELLENT

987 468 243 20 ACCOMMODATION
1243 470 33 17 for
1291 466 141 23 TOURISTS,

987 494 184 21 TRAVELLERS
1200 496 16 18 &
1243 493 128 22 VISITORS
1388 492 46 19 who

988 521 42 19 will
1039 521 77 19 receive
1126 527 60 20 every
1202 521 91 20 Comfort
1308 520 41 20 and
1363 519 59 19 Atten-

1014 646 107 20 Excellent
1143 646 89 20 Cuisine.
1274 645 96 25 Spacious
1394 642 42 20 and

991 680 182 20 Well-Ventilated
1190 680 117 19 Bedrooms.

988 714 65 20 Room
1063 715 50 20 with
1123 717 40 18 two
1173 714 104 19 first-class
1291 713 72 20 tables.
1391 711 45 20 Hot

1938 264 139 25 a£KS2-

2092 480 105 26 fe^JpisJ

2032 495 163 31 m»a

2349 421 81 26 Sample
2450 421 66 20 Room
2537 422 31 18 for
2577 420 190 20 COMMERCIAL

2323 460 182 20 TRAVELLERS
2528 458 101 23 available
2647 461 22 17 at
2678 458 29 19 all
2716 459 49 18 time

2264 556 17 24 J
2351 561 89 26 Charges
2490 561 110 22 Moderate.
2660 562 107 20 SPECIAI

2323 599 90 21 RATES
2429 600 33 19 TO
2487 600 181 21 PERMANENT
2692 601 75 25 BOAR

2328 637 80 19 DEES.

1122 956 636 61 WAIWERA
1869 954 776 80 SANATORIUM,

1830 1020 122 36 AND
2541 1009 104 26 ->-v^j

1469 1069 167 75 HOT
1664 1067 352 77 SPRINGS
2097 1070 278 79 HOTEL

986 1173 86 33 Only
1105 1175 44 26 30
1178 1173 100 28 miles
1310 1173 112 28 North
1455 1172 37 27 of
1517 1171 192 32 Auckland,
1741 1171 87 27 with
1855 1170 96 33 daily
1983 1174 294 29 communication
2308 1178 86 27 with
2424 1179 112 27 Coach
2567 1186 39 20 or
2632 1180 136 27 steame:

1316 1215 53 21 See
1383 1213 169 22 advertised
1563 1213 83 21 Time
1662 1213 78 21 table
1752 1212 30 21 of
1791 1218 43 14 s.s.
1851 1212 78 21 Rose
1940 1213 98 27 Casey
2049 1215 58 19 and
2125 1215 128 22 Butler's
2265 1218 31 21 R.
2311 1219 36 21 M.
2366 1220 106 21 Coach.

987 1244 101 48 jjHpHE
1114 1251 118 25 ABOVE
1247 1249 298 25 ESTABLISHMENT
1556 1249 139 24 STANDS
1710 1248 232 24 UNRIVALLED
1956 1257 26 15 as
2000 1258 14 14 a
2025 1249 92 25 Health
2128 1260 26 14 or
2167 1252 110 31 pleasure
2292 1255 97 29 Resort,
2403 1256 47 23 and
2464 1256 42 23 has
2519 1256 89 31 special
2631 1256 137 34 advantage

999 1276 21 34 'lt
1071 1284 38 24 for
1122 1284 77 25 either
1222 1284 112 24 Tourists
1349 1293 26 15 or
1390 1283 118 26 Invalids,

1349 1380 139 30 Beutifu
1488 1380 9 17 1
1520 1380 157 35 Scenery,
1705 1381 245 33 Sea-Bathing,
1982 1382 158 34 Boating-,
2160 1385 144 33 Fishing
2326 1387 48 27 &c

1537 1415 125 26 Gusine
1676 1415 69 27 and
1759 1414 208 29 attendance
1986 1415 37 27 of
2044 1416 59 28 the
2126 1418 77 27 best

983 1458 93 23 Famed
1086 1458 38 23 for
1136 1458 31 24 its
1180 1458 110 24 curative
1302 1457 94 24 natural
1410 1457 107 24 medical
1532 1457 52 24 Hot
1597 1457 102 33 Springs
1711 1458 50 23 and
1775 1457 81 24 Baths.
1893 1457 37 23 As
1943 1457 39 24 the
1998 1457 102 34 Springs
2113 1460 47 23 and
2175 1461 73 24 Baths
2262 1470 40 16 are
2312 1462 42 24 the
2367 1468 115 27 property
2495 1463 24 23 of
2532 1463 40 24 the
2586 1463 85 28 Hotel,
2686 1464 82 24 visitoi

1014 1500 42 14 are
1065 1491 112 32 suoplied
1187 1491 56 25 with
1254 1491 105 25 Towels,
1371 1491 49 24 and
1433 1499 44 16 can
1487 1491 58 23 take
1554 1498 31 16 an
1598 1490 127 24 unlimited
1738 1491 103 24 number
1854 1490 25 24 of
1892 1490 73 24 Baths
1978 1496 25 18 at
2014 1500 46 23 any
2074 1493 59 24 time
2147 1494 26 23 of
2184 1494 38 23 the
2236 1495 46 31 day
2297 1496 78 26 FREE
2387 1497 64 22 from
2464 1504 47 22 any
2519 1496 88 30 charge
2619 1498 124 23 whatever

1169 1533 225 39 TARIFF
1413 1533 122 39 PER
1547 1531 143 47 DAY,
1710 1533 54 39 7s
1782 1534 66 44 8s;
1897 1531 121 41 PER
2032 1533 192 49 WEEK,
2246 1537 65 39 £1
2359 1538 79 39 15s
2455 1539 50 38 to
2532 1539 69 39 £2
2620 1540 68 38 2s.

1392 1587 160 33 Cottages
1565 1587 35 27 to
1613 1586 49 27 let
1673 1587 48 33 by
1734 1587 59 28 the
1811 1586 106 32 week,
1929 1587 131 34 month,
2076 1596 39 19 or
2134 1590 57 27 the
2210 1597 131 21 season.

982 1639 49 23 For
1049 1647 46 23 any
1108 1638 155 25 information
1277 1638 112 32 required
1403 1637 82 32 please
1498 1637 72 32 apply
1582 1642 26 18 to
1620 1637 146 32 Proprietor.

1542 1679 59 45 A.
1629 1679 52 39 A.
1711 1679 203 47 SMITH,
2037 1681 279 47 Proprietor.

2274 1858 28 71 %

2002 2457 84 24 =3,w
2091 2458 46 24 Old
2145 2458 72 25 Special

1918 2498 76 16 ,:--■'"?:';.

1942 2552 37 14 •'VIL:
1986 2553 35 13 v,ii::

1921 2558 21 14 .:-;-
1952 2556 23 20 \-y

1947 2580 29 14 V-v

2492 2517 19 27 I

2268 2554 60 36 m
2344 2546 278 44 mxatms&.

2712 2552 30 15 '■',•'

2458 2559 296 43 *ldßllafl9R

2361 2620 86 20 J?i*!Wv
2450 2622 6 10 i
2462 2620 57 18 %'%'•■

2553 2630 83 13 awserSfv

2259 2725 179 47 Proprietors

2244 2785 28 40 ie.
2288 2775 143 50 DISTH

1897 2916 271 34 WHOLESALE
2187 2918 184 41 AGENTS,

1896 3085 176 67 THE
2117 3088 302 71 GIUND
2479 3093 302 71 HOTEL

2001 3245 339 33 :pzß,i:isrc:E]s
2378 3249 303 37 street,

1927 3384 148 27 First-class
2086 3387 93 33 family
2192 3388 88 25 Hotel.
2321 3389 130 26 Situation
2470 3392 174 32 unsurpassed
2691 3394 74 25 Patro-

1893 3422 73 25 nised
1978 3424 35 32 by
2025 3424 70 25 their
2112 3426 177 25 lixcellencies
2304 3427 45 25 the
2368 3428 134 25 Governor
2515 3429 51 24 and
2578 3430 126 25 Admiral.

2005 3511 147 32 Telegrams
2175 3511 51 25 and
2249 3513 89 24 letters
2347 3515 132 32 promptly
2492 3516 122 24 attended
2627 3518 33 23 to.

1964 3593 90 39 MRS
2082 3594 272 48 GALLAGHER,
2386 3598 284 50 Proprietress.

2162 3720 348 30 TKURKNGH

1891 3753 80 42 Smith
2001 3754 48 40 and
2068 3753 115 53 Carriage
2204 3755 105 47 Works,
2340 3756 82 40 Coach
2448 3758 48 38 and
2528 3756 110 52 Waggon
2673 3758 105 52 Factory

2096 3817 214 21 ESTABLISHED
2325 3818 83 20 OVER
2424 3819 26 21 10
2465 3819 108 21 YEARS.

1921 3863 25 16 'he
1955 3864 115 19 undersigned
2079 3869 29 11 are
2116 3864 139 18 manufacturers
2263 3866 18 16 of
2289 3866 22 16 all
2321 3866 61 17 classes
2390 3867 19 16 of
2418 3866 80 18 Vehiolea
2506 3868 14 15 &
2530 3866 120 22 Agricultural
2660 3868 117 21 Implements.

1910 3887 37 14 Our
1956 3885 109 16 well-known
2074 3885 100 23 reputation
2182 3892 19 10 as
2209 3887 84 16 Practical
2308 3887 101 18 Meohanioa
2425 3889 35 15 and
2475 3888 58 16 W.P's
2545 3889 20 16 27
2580 3894 50 15 years
2643 3890 100 20 experience
2761 3890 18 16 in

1888 3906 29 17 the
1921 3906 118 17 Australasian
2048 3906 85 22 Colonies,
2143 3908 65 22 justify
2215 3913 21 11 us
2243 3908 18 17 in
2279 3909 82 20 claiming
2373 3910 39 17 that
2427 3915 26 10 we
2470 3915 32 11 can
2516 3909 69 17 furnish
2601 3916 10 10 a
2627 3910 56 17 better
2698 3911 44 16 class
2762 3912 18 15 of

1888 3928 74 16 vehicles
1970 3928 95 16 consistent,
2074 3929 42 16 with
2124 3929 63 16 honest
2196 3930 46 16 work
2251 3932 18 14 at
2277 3935 11 11 a
2296 3930 75 21 cheaper
2383 3934 37 13 rato
2427 3932 42 15 than
2479 3937 35 14 any
2522 3931 19 16 of
2549 3937 32 10 our
2589 3932 117 21 competitors.

1908 3949 37 16 The
1954 3949 60 16 Public
2023 3949 34 16 will
2069 3949 36 16 find
2114 3950 14 16 it
2139 3953 18 14 to
2171 3951 45 16 their
2231 3951 98 21 advantage
2345 3953 18 15 to
2379 3952 151 17 ENCOURAGE
2549 3953 79 16 LOCAL
2647 3953 131 21 INDUSTRY,

1888 3970 56 21 wfyere
1952 3970 41 21 they
2010 3976 31 10 can
2049 3970 44 17 have
2100 3972 29 16 the
2135 3972 80 20 pleasure
2222 3972 18 16 of
2248 3973 59 21 seeing
2321 3973 92 17 iirst-class
2429 3974 79 17 material
2521 3974 35 15 and
2571 3974 127 22 workmanship
2714 3976 33 20 put
2762 3976 17 16 in

1959 3993 48 14 made
2015 3994 17 13 to
2041 3992 45 16 their
2092 3993 62 16 valued
2162 3993 63 17 orders.

1909 4012 46 19 N,B.
1957 4012 100 17 —Vehicles
2065 4014 18 15 of
2089 4014 23 16 ull
2121 4014 114 21 descriptions
2244 4016 85 20 ropairod,
2340 4016 78 21 palutod,
2429 4016 94 17 renovated
2533 4016 33 17 and
2576 4017 48 16 made
2639 4019 19 14 to
2672 4017 41 17 look
2730 4018 50 21 equal

1889 4082 201 29 WILLIAM
2110 4083 185 34 PARKER,
2317 4085 252 28 Coachbuilder

2243 4122 143 28 JAMES
2406 4123 134 32 HAXJA,
2561 4123 219 32 Blacksmith

2191 4155 146 20 DEVQNJPQJ&T
2349 4156 74 24 J3OAD,
2441 4156 146 20 TAUJRANGA.

2818 114 64 20 There
2893 115 17 18 is
2920 115 83 26 already
3018 122 12 12 a
3045 115 45 19 firm
3106 115 20 19 in
3138 116 68 25 Syduey

2788 141 64 20 where
2860 141 57 19 boots
2926 142 155 20 manufactured
3091 142 25 25 by
3121 142 86 26 Japanese

2788 174 36 14 can
2843 168 25 18 be
2881 167 97 20 obtained
2999 170 22 17 at
3046 168 75 25 a-price
3140 170 41 20 that
3188 179 18 15 no

2791 193 116 22 Australian
2918 195 59 19 could
2987 195 57 19 ni;=ke
3054 195 53 19 them
3119 195 38 19 for.

2818 226 26 18 At
2855 233 11 11 a
2876 226 42 19 sale
2929 226 21 19 of
2967 227 56 19 coins
3043 227 20 19 in
3084 227 82 20 London
3182 229 25 23 the

2790 252 55 19 other
2856 252 37 24 day
2905 252 59 20 »:Iver
2975 252 85 26 pennies
3070 252 20 20 of
3102 252 32 20 the
3143 254 61 26 Anglo.

2790 280 65 17 Saxon
2876 278 69 24 period
2964 280 86 19 realised
3066 285 54 14 sums
3137 282 71 26 ranging

2792 304 51 20 From
2853 304 31 19 £5
2902 307 19 16 to
2932 305 46 19 £GO
2996 305 55 21 each.

2816 336 56 25 They
2905 337 103 25 patroaiso
3040 337 34 19 the
3110 338 98 25 iotalisator

2794 363 90 25 properly
2912 363 20 19 in
2964 364 84 20 France.
3077 364 51 19 Last
3154 369 54 24 racing

2792 396 71 12 season
2894 389 138 27 £19,000,000
3069 396 51 13 were
3152 397 56 20 passed

2794 416 86 24 through
2897 416 35 19 the
2952 417 98 23 machine,
3072 419 37 17 out
3130 417 20 18 of
3161 419 47 22 which

2794 441 33 20 the
2836 442 93 20 charities
2945 443 91 19 received
3050 444 12 18 2
3081 449 35 19 por
3127 447 50 21 cent,
3196 454 13 13 or

2794 469 111 21 £380,000.
2933 468 42 20 The
2985 469 82 25 subject
3083 469 22 20 of
3114 469 33 20 the
3165 473 37 20 total-

2794 494 64 20 isator
2868 494 89 26 cropped
2972 502 27 19 up
3010 496 21 19 in
3042 496 34 19 the
3096 496 93 20 Chamber
3196 502 13 18 of

2797 520 104 26 Deputies,
2922 528 51 13 were
2996 529 12 12 a
3032 522 77 19 motion
3131 521 32 21 for
3178 530 24 21 sop-

2797 548 88 24 pression
2893 554 40 13 was
2957 548 91 26 rejected
3067 548 26 26 by
3114 550 38 18 383
3166 551 17 18 tj
3195 554 14 18 9j

2797 576 60 17 votes.

2824 609 18 17 A
2860 615 99 20 company
2979 609 37 20 has
3036 609 49 20 been
3110 609 73 21 formed
3199 609 4 26 i
3203 622 6 13 n

2797 635 84 18 Loudon
2891 638 21 16 to
2919 636 75 25 supply
3006 636 42 25 pies
3056 636 34 19 7ib
3110 636 20 19 in
3150 638 56 25 weight

2797 661 39 19 and
2847 659 106 27 composed
2977 663 22 18 of
3019 666 57 20 meat,
3098 662 69 25 wheat,
3184 668 25 19 and

2798 687 120 25 vegetables,
2929 688 28 19 all
3065 689 92 25 produce,
3188 687 2 27 i
3197 687 2 27 ;
3201 705 8 5 ,.

2797 715 44 18 cost
2851 713 39 20 wil'
2900 714 23 18 be
2931 721 38 13 one
2977 715 84 24 shilling
3072 715 56 19 each,
3140 715 42 21 with
3196 725 13 14 an

2797 739 111 20 additional
2934 748 67 18 penny
3026 741 31 19 for
3086 741 91 26 delivery.
3200 748 9 17 \

2798 766 53 24 daily
2859 767 74 24 supply
2944 767 128 26 throughout
3091 768 33 19 the
3140 774 69 23 couu'ry

2800 792 14 20 is
2826 793 105 24 promised.

2880 870 125 51 leefe
3044 871 5 49 i

3053 958 159 46 sawmill

2802 1016 132 47 DESIRE
2944 1018 20 17 to
2975 1016 62 19 thank
3059 1017 33 20 the
3111 1018 66 25 public
3193 1020 20 21 for

2879 1045 46 22 past
2933 1042 68 20 favors
3009 1043 39 19 and
3057 1044 37 22 bey
3101 1047 20 16 to
3127 1050 87 18 annouuce

2801 1068 43 19 that
2862 1068 73 26 having
2954 1076 12 11 a
2989 1070 56 24 large
3064 1070 58 20 stuck
3141 1071 21 18 of
3179 1073 35 20 well.

2801 1101 42 13 seas
2852 1095 42 20 ined
2916 1096 106 19 first-class
3040 1096 74 19 timber
3132 1103 24 13 on
3176 1097 37 23 band

2801 1120 47 28 they
2858 1128 32 12 are
2901 1122 99 24 prepared
3019 1127 20 14 to
3056 1122 53 21 fulfil
3127 1124 64 20 orders
3200 1131 12 15 at

2801 1148 84 19 reduced
2895 1151 61 16 rates.

2804 1207 37 39 T
2882 1207 51 39 iVI
2979 1208 43 38 H
3029 1207 84 21 ARRis
3116 1209 12 19 °
3128 1209 25 19 IV
3158 1207 3 39 >
3174 1211 13 18 b
3189 1212 25 23 -^

2815 1264 161 22 BARRISTER
2992 1268 60 18 ASD
3064 1266 144 28 SOLICITOR,

2815 1299 44 23 118,
2870 1298 110 20 YICXOIUA
2989 1299 96 24 AIICADE,
3097 1300 112 21 AUCKLAND.

2991 1334 57 20 Also

2805 1363 99 20 Barrister
2915 1364 39 19 and
2965 1365 94 19 Solicitor
3069 1364 23 21 of
3097 1367 35 18 the
3138 1365 79 26 Supreme

2881 1391 70 24 Court,
2963 1391 94 24 Ontario,
3068 1391 87 21 Canada.

2809 1459 272 47 PHOENIX
3102 1462 115 47 FIRE

2805 1619 80 21 Losses
2910 1621 55 19 Paid
3099 1621 120 26 £-20,000,000

2805 1672 54 20 Fiue
2866 1672 108 22 Pbeihum
2983 1674 100 19 Exceeds
3126 1675 55 24 1,5>1'l
3189 1677 30 20 100

2805 1726 161 20 Accumulated
3014 1726 60 20 Fund
3078 1732 7 7 3

2805 1752 87 20 Exceed
3124 1754 93 20 £IOOOOOO

2804 1804 24 22 W.
2845 1805 57 21 WARD
2912 1806 66 20 BAKER
3023 1804 3 26 i
3039 1806 30 22 W.'
3080 1807 17 21 A.
3111 1806 93 24 WILLIAMS

2840 1831 69 21 District
2916 1830 78 26 Manager
3069 1832 52 21 Local
3134 1832 48 26 agent

2890 1856 99 21 Auckland.
3114 1857 75 23 Rotorua,

2805 1928 164 42 ROTORUA
2989 1928 167 42 SAWMILL
3180 1929 39 42 CO,

2872 2007 69 19 HITJE
2950 2008 62 20 AND
3024 2009 56 19 RED
3090 2009 68 19 PINE
3167 2009 19 19 of
3197 2009 22 19 the

2903 2035 60 19 iiuest
2982 2035 79 26 quality
3080 2035 40 19 and
3138 2035 81 25 carefully

2989 2087 55 20 Also

2801 2113 89 24 Matai,
2920 2113 128 27 Pukatea,
3081 2114 51 22 and
3158 2114 62 22 Tawa

2827 2140 134 26 Shingles,
2975 2141 117 25 Palings,
3109 2141 81 21 Block

2941 2167 51 21 and
3017 2167 83 22 Posts.

2826 2210 19 19 A
2859 2210 52 25 good
2920 2211 41 19 and
2970 2211 91 19 assorted
3076 2211 73 25 supply
3159 2211 60 26 always

2800 2242 26 14 on
2835 2237 56 19 liaud
2901 2239 21 17 at
2932 2237 34 19 the
2976 2237 82 19 Timber
3069 2237 63 24 Yard,

2946 2268 139 21 ROTORUA.

2800 2318 160 27 N.B.—Special
2970 2326 44 12 care
3024 2319 63 19 taken
3104 2319 21 19 in
3142 2319 32 19 the
3189 2325 32 13 sea-

2812 2394 99 20 PRICES
2925 2394 36 19 AT
2976 2393 134 20 CURRENT
3125 2393 87 20 RATES.

2850 2454 32 20 W.
2897 2453 155 26 HENSHAW,
3074 2453 110 20 Manager.

2849 2510 163 36 Rotopua
3026 2509 161 42 Libpapy.

2801 2577 113 47 OPEN
2928 2577 54 19 from
2993 2578 24 18 10
3031 2584 44 12 a.m.
3085 2578 21 18 to
3116 2577 12 19 5
3137 2583 43 19 p.m.
3191 2576 29 20 and

2860 2605 45 18 G.;io
2914 2606 19 16 to
2944 2604 25 19 10
2978 2611 45 18 p.m.
3035 2604 94 24 Sundays
3138 2603 36 25 till
3174 2603 46 25 Op.in

2801 2635 191 22 subscrii>tiuit:
3002 2636 51 17 30s
3067 2639 48 18 |»e»'
3128 2638 89 15 uiiiiuin

2826 2666 86 20 Visitors
2932 2672 45 19 may
2996 2672 85 19 procure
3097 2665 68 20 Books
3180 2665 41 19 from

2801 2693 33 19 the
2851 2693 86 25 Library
2954 2700 26 12 on
2996 2693 83 25 making
3096 2700 13 12 a
3121 2692 77 25 deposit
3206 2691 14 20 of

2801 2721 36 17 not
2852 2719 39 19 less
2909 2719 49 19 than
2975 2721 28 23 ss,
3022 2719 40 19 and
3078 2719 118 25 purchasing
3205 2719 15 18 Is

2801 2752 79 19 coupon
2890 2745 31 20 for
2931 2752 62 19 every
3003 2746 56 19 Four
3069 2746 71 19 books.

2827 2773 42 19 The
2888 2773 87 25 Library
2993 2772 18 20 is
3034 2778 52 20 open
3110 2773 70 24 during
3198 2771 25 19 the

2824 2861 45 39 M
2874 2860 18 16 R
2917 2859 49 38 W
2998 2860 41 38 J.
3065 2859 38 39 N
3106 2859 72 17 APIER
3179 2859 3 41 '

2853 2906 150 20 BARRISTER
3015 2907 17 18 &
3041 2907 140 18 SOLICITOR.

2803 2937 143 17 Commissioner
2955 2937 20 17 of
2984 2937 30 17 the
3032 2937 89 23 Supreme
3136 2937 57 17 Couft
3204 2935 15 18 of

2994 2960 54 24 Fiji-)

2802 2983 86 19 Solicitor
2900 2985 19 16 to
2928 2984 32 17 the
2969 2984 25 17 N.
3003 2984 21 17 Z.
3034 2984 128 17 Government
3176 2987 47 13 anucr

2908 3007 97 18 Advances
3013 3010 20 15 to
3042 3007 76 18 Settlers

2802 3043 96 19 Victoria
2906 3044 90 22 Aucade,
3005 3044 116 21 Queen--st.,
3129 3041 94 20 Aucldanci.

2824 3079 69 23 '.Money
2902 3082 19 15 to
2930 3079 52 18 lend
2991 3085 24 12 on
3024 3079 84 18 freehold
3121 3079 77 23 security
3208 3080 14 16 at

2800 3103 37 18 low
2845 3105 48 16 rates
2899 3103 19 17 of
2921 3104 83 17 interest.
3031 3104 71 22 Aioney
3111 3100 83 21 invested
3200 3104 22 15 lor

2801 3127 66 17 clients
2877 3126 37 18 free
2923 3126 20 18 of
2952 3126 74 23 charge.

2852 3179 30 27 J.
2897 3179 50 33 W,
2961 3179 217 33 WRIGLEY,

2802 3219 421 24 ARCHITECT,

2942 3255 146 21 ROTORTTA.

2827 3290 66 24 Agent
2901 3288 33 19 for
2945 3288 33 20 the
2989 3288 64 19 South
3069 3287 78 20 British
3157 3288 44 19 Fire
3212 3286 11 20 &

2802 3316 80 19 Marine
2892 3316 113 19 Insurance
3015 3316 110 24 Company.

2874 3429 32 28 E.
2926 3429 230 27 SPENCER'S

2839 3468 141 24 CURIO
3003 3468 185 32 DEPOT,

2886 3498 34 20 (Ou
2932 3497 60 19 Quesn
3001 3499 56 15 Street
3067 3498 75 21 Wharf.)

2840 3542 40 19 For
2890 3541 26 19 all
2925 3540 62 20 kinds
2996 3541 21 20 of
3033 3541 52 20 New
3096 3541 91 19 Zealand

2873 3568 70 19 Curios
2953 3568 41 19 and
3008 3567 141 20 Greenstones.

2822 3649 70 47 W.
2916 3647 289 54 THOMAS,

2824 3712 254 22 MOXUSIENTAL
3088 3711 117 22 MASOX

2846 3754 137 21 VICTORIA
2994 3753 105 21 STREET
3108 3753 74 25 EAST,

2927 3794 173 22 AUCKLAND.

2832 3848 92 25 Orders
2944 3848 29 25 in
2994 3848 110 30 Marble,
3125 3847 100 26 Granite

2798 3882 50 24 and
2857 3882 85 29 Stone,
2952 3882 133 32 promptly
3095 3881 51 25 and
3152 3880 61 26 faith-

2798 3916 67 31 fully
2878 3916 133 25 executed.

2827 3975 109 33 Designs
2947 3975 52 25 and
3012 3975 82 32 prices
3103 3975 55 25 free
3171 3982 32 17 on

2930 4008 167 33 application.
