2540 4069
1964 2748 37 22 On
2014 2754 29 16 an
2056 2755 92 22 average
2160 2748 25 22 of
2193 2754 74 23 years,
2281 2754 31 16 we
2320 2748 28 22 do
2361 2752 38 18 not
2411 2748 74 29 think,

1903 2780 48 23 that
1964 2780 72 23 wheat
2044 2780 43 23 will
2097 2788 51 15 ever
2158 2780 27 24 be
2198 2781 68 22 lower
2274 2780 24 23 in
2306 2780 63 23 these
2379 2780 106 30 colonies,

1904 2814 54 23 than
1969 2813 57 23 from
2039 2815 36 22 ss.
2088 2818 22 18 to
2123 2815 35 23 6s.
2172 2822 39 23 per
2224 2813 87 29 bushel,
2320 2813 52 28 and,
2380 2814 34 22 for
2422 2815 64 30 proof

1903 2847 23 23 of
1945 2847 52 28 this,
2016 2855 34 14 we
2069 2848 56 22 refer
2145 2853 21 18 to
2188 2855 42 15 one
2242 2846 24 23 of
2285 2846 63 24 these
2369 2855 115 23 averages,

1903 2880 116 31 published
2040 2885 23 18 at
2082 2888 56 23 page
2158 2881 47 24 176
2219 2881 25 23 of
2262 2880 46 24 Mr.
2332 2880 153 25 Macarthur's

1903 2914 58 23 book
1974 2921 28 16 on
2015 2914 37 23 the
2097 2914 96 23 Present
2205 2913 43 24 and
2261 2913 87 24 Future
2364 2914 121 31 Prospects

1903 2948 25 22 of
1939 2948 55 22 New
2007 2947 72 23 South
2091 2947 76 23 Wales
2202 2956 41 15 :—

1903 2989 78 20 Return
1991 2987 27 25 of
2031 2987 36 20 the
2075 2993 86 19 average
2173 2989 61 24 price
2244 2986 26 24 of
2283 2986 67 20 wheat
2360 2987 21 19 in
2397 2987 88 26 Sydney,

2010 3014 75 21 during
2095 3015 34 20 the
2138 3021 60 14 years
2211 3015 52 20 1827
2275 3015 20 18 to
2306 3014 68 20 1836.

1937 3406 36 30 By
1985 3405 38 23 the
2040 3405 70 22 above
2129 3404 17 22 it
2158 3410 95 24 appears
2273 3404 51 20 that
2345 3404 36 21 the
2393 3410 93 23 average

1904 3440 60 30 price
1974 3438 26 23 of
2007 3438 73 22 wheat
2090 3437 22 22 in
2124 3436 100 30 Sydney,
2235 3434 82 31 during
2327 3435 38 23 the
2374 3440 38 19 ten
2423 3444 63 22 years

1904 3473 58 22 from
1975 3472 63 23 1827
2059 3475 21 18 to
2094 3471 63 22 1836
2176 3477 47 15 was
2235 3469 36 25 7s.
2285 3468 39 24 4i.
2338 3468 43 24 and
2402 3478 13 14 a
2426 3469 60 23 frac-

1910 3506 54 28 tion,
1976 3512 40 23 per
2027 3502 79 25 bushel
2118 3502 26 23 of
2153 3502 77 24 60lbs.

2185 3538 21 14 ♦
2206 3541 76 6 —'—-

1937 3564 166 30 Birth,—On
2115 3564 37 23 the
2164 3564 58 23 30th
2235 3563 87 29 ultimo,
2336 3568 23 19 at
2371 3565 114 31 Welling-

1905 3605 46 23 ton,
1964 3598 60 24 Mrs.
2038 3597 46 24 Fill
2095 3598 23 22 of
2135 3605 13 15 a
2160 3597 119 31 daughter.

1936 3659 112 30 Baptized
2071 3666 25 15 on
2120 3658 102 31 Sunday,
2244 3657 61 24 23rd
2322 3657 66 30 June,
2411 3659 23 22 in
2447 3659 37 23 St.

1904 3692 88 31 Mary's
2005 3691 101 24 Catholic
2120 3691 94 32 Chapel,
2227 3690 50 33 (St.
2291 3691 88 30 Mary's
2392 3691 94 32 Mount)

1903 3726 28 30 by
1940 3725 37 23 the
1991 3725 103 23 Catholic
2115 3725 92 29 Pastor,
2226 3725 91 30 George
2336 3724 146 31 Popplewell,

1904 3767 41 15 son
1957 3758 26 24 of
2000 3758 99 24 William
2111 3758 44 24 and
2167 3758 124 24 Catherine
2303 3757 146 31 Popplewell.

91 3321 96 25 Messrs.
201 3323 71 24 Gunn
285 3324 43 23 and
348 3324 96 30 Murray
457 3325 56 22 have
528 3324 65 23 made
615 3333 29 15 an

60 3354 28 23 oil
100 3355 55 24 cask
166 3356 25 24 of
205 3357 38 23 the
259 3358 85 31 largest
354 3358 48 22 size
414 3363 39 18 out
474 3358 25 23 of
514 3363 75 18 staves
601 3358 42 24 ob-

61 3389 71 23 tained
144 3390 56 23 from
213 3391 39 22 the
263 3391 71 23 forest
345 3399 29 14 on
385 3391 39 23 the
434 3391 65 24 other
511 3392 48 23 side
571 3391 24 24 of
606 3393 39 22 the

60 3420 103 27 harbour.
198 3424 52 23 The
267 3424 57 23 cask
344 3424 66 24 looks
431 3426 58 28 well,
509 3425 44 23 and
572 3431 22 17 to
614 3426 31 24 all

61 3462 135 24 appearance
208 3459 19 22 is
239 3457 67 32 equal
318 3463 21 18 to
353 3465 43 16 one
417 3459 65 22 made
494 3459 26 22 of
535 3459 37 22 the
593 3460 52 23 best

62 3487 118 34 European
192 3497 83 23 staves,
288 3492 42 22 but
347 3491 81 23 should
448 3492 19 22 it
488 3497 39 17 not
546 3492 26 24 be
583 3493 62 30 tight

59 3521 47 25 that
116 3524 162 24 circumstance
290 3525 46 23 will
347 3525 28 22 be
387 3532 29 15 no
428 3525 68 30 proof
511 3525 50 23 that
572 3527 69 22 casks

60 3561 79 19 cannot
150 3558 27 22 be
188 3558 66 24 made
260 3558 60 24 from
327 3558 38 24 the
375 3558 116 23 excellent
498 3558 64 23 wood
569 3559 76 23 which

61 3589 98 25 abounds
177 3593 22 22 in
219 3592 45 23 this
286 3592 96 29 district,
396 3591 44 24 arid
459 3591 75 23 which
554 3592 21 22 is
595 3592 49 23 dis-

61 3625 94 29 paraged
165 3625 30 30 by
205 3625 71 32 being
286 3626 70 23 called
378 3624 67 24 black
464 3624 74 29 birch,
551 3624 35 24 for
605 3626 38 23 the

60 3660 71 21 staves
143 3659 25 22 of
177 3659 73 24 which
261 3659 46 24 this
320 3659 55 23 cask
387 3666 46 16 was
444 3658 66 23 made
520 3666 57 15 were
589 3659 56 30 only

62 3695 36 18 cut
106 3690 43 24 the-
163 3692 64 24 other
239 3692 51 31 day,
304 3692 44 24 and
368 3699 57 17 were
438 3691 85 30 hastily
534 3692 110 23 seasoned

62 3721 28 32 by
101 3724 65 32 being
176 3730 41 26 put
227 3727 48 23 into
288 3734 29 15 an
329 3734 65 15 oven.
431 3725 89 23 Should
539 3724 36 24 the
587 3725 58 23 cask

62 3762 38 18 not
110 3766 91 22 answer,
214 3767 33 16 we
259 3765 93 26 suspect
363 3759 38 23 the
417 3765 69 17 cause
499 3758 44 23 will
556 3758 27 23 be
595 3758 50 23 that

62 3789 36 23 the
115 3796 74 20 staves
209 3801 58 16 were
286 3793 54 23 thus
359 3792 88 31 rapidly
465 3791 119 32 prepared.
622 3791 25 24 If

62 3822 35 25 the
107 3830 76 20 staves
193 3834 59 16 were
263 3826 95 24 stacked
370 3826 35 23 for
416 3833 13 15 a
445 3825 42 23 few
500 3824 91 24 months
603 3825 42 23 be-

61 3855 45 25 fore
126 3858 53 33 they
189 3868 58 15 were
265 3859 64 29 used,
348 3866 33 15 we
403 3858 42 24 feel
465 3858 114 23 confident
590 3859 55 30 they

62 3891 69 24 would
142 3901 68 23 prove
222 3893 67 30 equal
302 3897 22 19 to
346 3892 38 24 the
403 3892 51 23 best
473 3891 75 24 Baltic
566 3892 80 23 article

62 3923 24 22 of
100 3924 38 25 the
149 3926 64 23 kind.

93 3957 49 25 The
154 3967 81 24 cooper
255 3960 25 23 in
291 3958 95 31 making
399 3958 67 24 casks
478 3958 60 24 from
549 3958 96 24 colonial

62 3993 79 28 staves,
167 3993 92 24 labours
285 3993 71 23 under
377 3993 39 22 the
438 3991 162 31 disadvantage
623 3997 22 19 at

1938 3825 135 24 Married.
2077 3838 31 3 —
2110 3826 33 24 At
2171 3826 38 22 the
2237 3823 125 31 Wesleyan
2393 3823 95 32 Chapel,

1904 3859 200 28 Manners-street,
2129 3866 27 16 on
2181 3857 103 30 Monday
2305 3856 52 28 last,
2381 3857 39 23 the
2442 3860 45 21 Ist.

1901 3892 94 29 instant,
2019 3892 48 24 Mr.
2092 3892 37 23 W.
2153 3892 30 23 E.
2207 3892 107 26 Vincent,
2339 3890 100 28 Printer,
2463 3890 26 24 of

1902 3925 150 31 Wellington,
2064 3930 22 19 to
2098 3925 60 24 Miss
2169 3925 69 23 Anne
2251 3923 87 30 Sophia
2350 3923 96 31 Squibb.

1936 3964 69 24 Same
2018 3963 51 31 day,
2081 3963 48 23 Mr.
2143 3963 99 30 Stephen
2257 3960 99 31 Pilcher,
2380 3961 25 24 of
2421 3961 65 25 Wel-

1903 3997 95 31 lington,
2012 4003 23 17 to
2049 3996 57 25 Miss
2117 3996 99 26 Bennett
2229 3993 79 26 Hook,

712 1357 23 24 It
747 1359 46 23 will
803 1361 108 31 probably
923 1362 26 23 be
963 1362 68 25 found
1043 1365 47 22 that
1102 1365 56 23 each
1174 1366 91 23 district

679 1390 40 23 has
731 1399 63 16 some
805 1394 99 29 peculiar
916 1395 132 32 advantage,
1059 1398 85 31 though
1153 1399 25 22 of
1185 1408 80 14 course

680 1424 36 23 the
728 1427 138 31 superiority
877 1428 25 22 of
920 1437 43 22 any
975 1437 53 16 over
1040 1431 29 22 all
1089 1432 64 23 other
1168 1437 62 26 parts
1243 1434 22 21 of

680 1458 37 23 the
739 1465 94 24 country
857 1461 73 23 would
953 1463 26 22 be
1000 1463 76 23 shown
1101 1465 29 30 by
1148 1475 13 12 a
1179 1466 85 23 cnreful

679 1493 140 29 comparison
832 1493 24 23 of
875 1495 31 22 all
927 1495 36 23 the
984 1498 74 28 points
1078 1498 91 23 deemed
1221 1500 42 21 im-

679 1531 114 23 portance,
805 1527 43 23 and
862 1535 31 15 we
914 1536 91 23 suspect
1024 1530 37 23 the
1074 1531 86 23 district
1173 1534 24 20 oi
1210 1533 54 21 Port

679 1557 125 25 Nicholson
825 1561 72 22 would
918 1562 52 23 bear
991 1563 44 23 this
1056 1569 42 18 te,t
1115 1565 54 23 with
1188 1574 13 14 a
1214 1574 48 14 c:-r-

678 1595 71 27 tainty
763 1592 25 23 of
806 1592 67 32 being
885 1595 103 23 declared
1002 1596 35 23 the
1050 1602 59 18 iaojt
1120 1598 108 24 favoured
1243 1600 21 22 in

680 1623 56 24 New
751 1625 110 23 Zealand.

713 1657 41 24 We
767 1667 38 15 are
816 1660 112 24 confident
941 1662 47 23 that
1002 1663 36 23 the
1050 1671 54 23 very
1116 1665 82 23 timber
1212 1673 49 15 now

678 1689 91 25 deemed
781 1699 14 16 a
806 1692 127 30 drawback,
946 1696 73 23 would
1040 1696 26 23 be
1079 1698 108 23 admitted
1200 1703 22 18 to
1236 1699 26 22 be

678 1731 28 15 an
718 1724 125 32 advantage
853 1728 24 21 of
887 1735 28 15 no
923 1736 65 16 mean
1001 1730 145 31 importance,
1158 1739 24 15 as
1192 1731 70 31 likely

679 1762 22 18 to
711 1757 90 25 furnish
820 1767 27 15 us
861 1768 12 15 a
892 1761 62 31 large
973 1763 44 22 and
1029 1764 103 23 valuable
1148 1771 81 24 export
1241 1770 21 18 at

678 1798 28 15 an
718 1791 62 31 early
791 1794 84 29 period,
889 1799 22 18 at
924 1803 13 14 a
949 1797 143 30 remarkably
1104 1798 66 23 small
1186 1799 76 30 outlay

679 1823 25 23 of
720 1825 90 30 capital.
847 1827 51 23 The
922 1828 81 23 forests
1025 1830 30 30 by
1074 1830 72 24 which
1170 1840 32 15 we
1224 1840 38 15 are

678 1859 139 23 surrounded
836 1862 90 22 contain
937 1870 13 14 a
965 1868 64 24 great
1048 1864 86 31 variety
1145 1865 25 22 of
1188 1865 74 23 useful

678 1890 43 24 and
732 1893 140 23 ornamental
885 1895 69 22 wood.
991 1895 51 24 The
1054 1896 52 23 hills
1118 1905 38 15 are
1169 1898 93 23 covered

678 1923 53 24 with
742 1924 39 23 the
799 1933 54 23 very
867 1926 49 24 best
934 1928 81 24 timber
1036 1929 34 23 for
1089 1930 50 31 ship
1151 1931 110 31 building,

677 1957 47 22 and-
743 1957 36 23 for
803 1958 44 23 the-
861 1961 155 24 manufacture
1029 1963 51 26 _ojf_
1085 1968 82 21 staves.
1204 1964 57 25 This

776 1996 103 24 presents
899 1992 37 23 the
956 1991 126 34 advantage
1094 1995 47 23 also
1153 1996 25 23 of
1193 1997 68 30 being

677 2022 25 22 of
719 2030 13 14 a
751 2030 56 23 very
824 2025 134 24 convenient
978 2028 46 22 size
1043 2028 35 23 for
1097 2031 162 30 transporting.

677 2055 57 23 This
756 2056 20 23 is
800 2058 121 30 important
942 2060 66 24 when
1030 2062 86 22 needed
1144 2062 35 24 for
1209 2064 51 31 ship

677 2088 109 32 building,
799 2090 41 23 but
851 2096 38 18 not
901 2100 26 15 so
939 2093 66 23 when
1015 2095 104 30 required
1129 2095 36 24 for
1177 2102 82 24 staves,

676 2130 25 14 as
713 2123 53 29 they
778 2131 37 15 are
828 2124 82 31 always
923 2126 64 23 made
1000 2135 27 15 on
1040 2128 38 22 the
1090 2134 57 25 spot,
1161 2138 23 14 as
1198 2138 63 15 more

676 2155 69 31 easily
756 2157 82 23 moved
856 2158 22 22 in
901 2159 47 23 that
960 2165 65 23 state,
1040 2161 43 23 and
1095 2162 39 23 the
1146 2168 115 26 transport

677 2189 24 22 of
714 2189 37 23 the
765 2190 73 23 refuse
850 2192 18 21 is
881 2192 53 23 thus
953 2194 75 28 saved,
1042 2194 73 24 which
1128 2196 132 24 diminishes

676 2222 37 23 the
724 2230 99 23 expense
835 2225 26 21 of
869 2227 109 29 carriage.

709 2255 41 24 We
769 2256 57 24 have
845 2264 64 24 great
928 2259 67 31 hopes
1015 2260 47 23 that
1075 2262 17 22 it
1108 2262 43 22 will
1165 2271 55 15 soon
1233 2264 27 22 be

678 2290 136 23 established
826 2290 47 24 that
886 2300 32 15 we
930 2301 40 15 can
984 2295 154 23 manufacture
1151 2297 28 22 oil
1193 2297 67 23 casks

678 2323 52 22 here
742 2328 24 19 at
777 2331 14 15 a
808 2325 61 29 price
890 2326 68 23 below
972 2326 49 24 that
1033 2333 23 17 at
1068 2328 71 24 which
1153 2330 52 30 they
1220 2338 39 15 can

674 2356 28 23 be
724 2357 119 30 imported.
887 2359 54 23 Two
965 2361 129 23 immediate
1122 2363 138 31 advantages

674 2389 72 24 would
760 2391 26 22 be
798 2391 37 23 the
846 2399 154 25 consequence
1010 2403 5 19 ;
1029 2394 39 23 the
1082 2403 41 15 one
1136 2404 13 14 a
1161 2396 98 24 diminu-

675 2424 46 22 tion
733 2424 23 22 in
777 2432 82 23 money
871 2426 84 23 needed
977 2432 22 18 to
1020 2436 44 22 pay
1076 2428 107 31 England
1197 2431 61 27 with,

674 2457 43 22 and
730 2457 38 22 the
780 2457 65 24 other
854 2458 48 23 that
914 2460 37 23 the
964 2462 140 30 uncertainty
1113 2463 70 23 about
1195 2472 14 14 a
1217 2465 43 22 due

674 2491 80 30 supply
762 2491 26 22 of
794 2491 67 23 casks
868 2493 72 23 would
946 2502 65 16 cease
1017 2495 132 31 altogether.
1172 2497 87 23 Should

676 2531 31 15 we
721 2524 25 23 be
758 2524 51 23 able
821 2530 22 17 to
864 2526 97 30 produce
979 2532 75 19 staves
1072 2537 28 14 on
1113 2530 56 22 such
1181 2535 77 24 terms,

673 2557 52 23 then
737 2557 54 31 they
803 2558 45 23 will
861 2559 90 25 become
963 2568 28 16 an
1004 2562 123 30 important
1139 2564 78 23 article
1236 2565 26 22 of

673 2597 85 24 export,
778 2592 101 30 possibly
892 2601 54 16 even
960 2599 22 18 to
1004 2594 115 31 England,
1134 2597 75 23 where
1222 2598 37 22 the

673 2624 88 24 market
772 2625 74 23 would
866 2627 25 22 be
902 2627 119 24 unlimited
1029 2638 6 19 ;
1056 2629 39 23 but
1115 2631 108 30 certainly
1238 2638 21 16 to

673 2658 37 22 the
727 2658 165 32 neighbouring
904 2660 106 30 colonies,
1024 2662 72 23 where
1111 2664 36 22 the
1161 2664 97 24 demand

673 2698 59 16 must
744 2692 165 24 henceforward
922 2694 26 23 be
960 2702 29 16 on
1003 2695 35 23 the
1050 2696 111 24 increase.
1198 2698 60 23 For-

672 2729 98 26 tanately
787 2733 29 16 we
836 2728 54 21 have
909 2735 30 16 an
956 2728 109 24 immense
1083 2730 83 31 supply
1179 2732 25 22 of
1215 2732 44 22 this

673 2759 54 23 kind
739 2760 26 22 of
774 2759 64 23 wodd
849 2761 78 23 within
939 2761 45 23 this
996 2762 106 29 harbour,
1116 2764 44 23 and
1172 2772 13 15 a
1197 2765 63 31 large

673 2793 110 29 quantity,
796 2801 32 15 we
840 2793 92 29 believe,
946 2796 45 22 will
1003 2796 47 23 also
1062 2797 29 23 be
1103 2797 71 23 found
1185 2799 23 22 in
1222 2799 38 22 the

672 2827 99 22 districts
795 2827 153 32 immediately
970 2829 128 31 dependent
1126 2838 60 24 upon
1217 2840 42 15 our

673 2865 60 24 port.

705 2893 46 23 But
774 2893 88 24 besides
885 2899 75 19 staves
978 2897 65 22 made
1066 2897 26 22 of
1108 2897 38 23 the
1159 2897 99 24 choicest

671 2926 56 24 hard
738 2927 83 29 woods,
834 2932 75 19 staves
929 2929 24 22 of
969 2937 29 15 an
1010 2930 94 22 inferior
1116 2931 86 31 quality
1214 2932 44 22 will

671 2960 28 23 be
719 2961 103 30 required
841 2961 25 23 in
876 2961 62 31 large
950 2963 122 29 quantities
1090 2964 23 22 in
1127 2964 38 22 the
1177 2965 82 31 neigh-

674 2994 96 30 bouring
782 2994 106 28 colonies,
901 2995 35 22 for
955 2994 37 24 the
1010 3003 97 24 purpose
1120 2997 24 22 of
1154 2998 54 22 beef
1217 2998 42 23 and

673 3027 73 23 tallow
758 3027 68 23 casks
838 3028 43 22 and
893 3027 59 23 flour
970 3029 93 24 barrels.
1100 3029 44 24 We
1161 3031 57 23 have
1231 3039 27 14 no

673 3059 68 24 doubt
753 3061 54 30 they
818 3066 45 22 too,
875 3061 19 22 it
904 3061 44 23 will
967 3061 29 24 be
1009 3062 76 29 found,
1098 3071 53 22 may
1163 3064 26 22 be
1202 3072 55 23 sup-

671 3093 60 30 plied
744 3095 24 21 in
780 3093 119 24 unlimited
910 3095 121 30 quantities
1041 3096 58 23 from
1109 3097 45 22 this
1162 3097 96 24 district.

673 3126 106 30 Possibly
791 3132 75 18 staves
885 3135 62 15 sawn
965 3133 40 18 out
1024 3128 26 23 of
1067 3137 41 15 our
1127 3130 66 23 white
1205 3132 53 28 pine

673 3160 71 23 would
756 3160 29 22 do
797 3161 35 22 for
844 3160 73 24 tallow
930 3161 43 23 and
993 3161 58 23 flour
1070 3162 76 24 casks.
1183 3163 76 24 When

673 3199 61 18 stave
754 3193 106 31 splitting
876 3194 105 23 becomes
993 3203 14 15 a
1026 3195 70 29 trade,
1110 3196 38 23 the
1165 3201 94 26 persons

673 3227 116 31 employed
814 3227 23 23 in
859 3227 57 23 such
937 3227 63 24 work
1021 3229 44 23 will
1084 3229 53 23 bear
1155 3231 23 22 in
1197 3230 62 23 mind

673 3261 48 22 that
732 3269 14 14 a
761 3261 63 30 piece
836 3260 25 24 of
869 3260 64 24 wood
945 3261 74 23 which
1031 3270 51 23 may
1095 3267 39 19 not
1145 3262 29 24 do
1184 3264 36 22 for
1230 3271 29 15 an

673 3294 29 23 oil
714 3293 55 24 cask
781 3299 69 24 stave,
864 3302 52 23 may
930 3294 27 24 do
970 3300 21 18 to
1010 3296 66 23 make
1089 3300 75 20 staves
1176 3301 40 19 out
1228 3297 29 28 of,

672 3328 35 23 for
718 3327 57 29 beef,
790 3335 25 16 or
827 3327 73 24 tallow
913 3328 67 23 casks
992 3336 25 15 or
1036 3329 35 23 for
1088 3330 56 23 floui
1163 3330 94 23 barrels.

673 3361 29 23 In
714 3361 52 23 thus
778 3361 163 31 economizing,
954 3361 37 24 the
1011 3363 60 30 price
1092 3368 22 17 at
1134 3363 74 23 which
1222 3363 37 23 the

673 3400 58 19 most
749 3395 121 31 expensive
890 3395 58 23 class
967 3395 24 23 of
1010 3400 75 19 staves
1104 3404 42 15 can
1165 3397 26 23 be
1205 3405 54 22 pro-

673 3429 71 22 duced
756 3428 46 23 will
814 3428 27 23 be
853 3429 68 22 much
934 3428 106 23 reduced.

706 3462 50 24 The
768 3462 96 23 demand
873 3462 36 23 for
921 3463 51 30 pine
986 3462 79 23 boards
1078 3463 24 23 in
1112 3463 58 24 New
1182 3463 77 24 South

673 3496 76 24 Wales
761 3495 47 24 will
819 3496 28 23 be
857 3495 71 24 found
949 3500 22 19 to
991 3496 26 23 be
1038 3504 28 15 on
1088 3497 39 23 the
1145 3497 112 24 increase.

673 3529 72 24 Wood
768 3530 25 23 of
815 3530 37 23 the
873 3529 57 24 kind
948 3529 45 24 will
1017 3530 26 23 be
1064 3530 113 31 required,
1209 3531 49 23 also

673 3568 40 18 out
721 3564 25 22 of
761 3563 73 23 which
846 3563 37 23 the
902 3563 101 31 heading
1012 3563 24 23 of
1052 3563 75 24 tallow
1138 3563 68 24 casks
1219 3564 42 23 and

673 3604 53 23 soap
739 3597 45 23 and
796 3597 78 23 candle
895 3596 72 25 boxes
989 3605 42 15 can
1043 3597 28 23 be
1090 3598 171 23 manufactured

673 3634 23 18 at
709 3630 36 22 the
758 3630 103 23 smallest
873 3631 70 29 price.

706 3662 76 24 There
794 3664 20 21 is
827 3671 67 23 every
906 3671 81 16 reason
1008 3668 21 19 to
1052 3664 86 23 believe
1151 3664 49 23 that
1211 3664 50 23 fur-

673 3696 73 22 niture
757 3696 65 23 wood
834 3704 26 16 so
880 3697 116 24 abundant
1015 3697 44 23 and
1080 3699 90 22 various
1180 3698 25 22 in
1217 3698 44 22 this

673 3728 95 30 district,
782 3728 45 24 will
840 3730 26 23 be
878 3730 23 23 in
913 3735 64 26 great
989 3731 96 23 demand
1098 3736 24 18 at
1132 3739 30 15 no
1175 3731 85 22 distant

673 3762 59 24 date.
769 3761 110 25 Hitherto
890 3765 86 29 parties
994 3764 58 24 have
1063 3769 40 19 not
1114 3764 83 24 known
1210 3763 49 24 how

674 3801 22 18 to
708 3795 70 24 select
789 3795 25 23 it.
851 3794 51 25 The
923 3797 100 23 choicest
1043 3802 63 27 parts
1126 3798 57 23 have
1205 3798 56 23 been

673 3829 41 23 left
724 3836 25 16 as
760 3828 113 24 valueless
885 3829 31 30 by
929 3829 37 23 the
988 3838 94 23 sawyer,
1095 3831 49 23 who
1165 3831 42 23 has
1221 3832 38 22 be-

674 3862 60 24 sides
746 3866 40 19 cut
796 3868 31 24 up
839 3861 55 23 such
906 3870 25 15 as
944 3863 28 22 he
985 3864 39 22 has
1036 3864 113 31 supposed
1162 3864 38 23 the
1213 3864 48 22 best

674 3896 93 24 without
779 3902 43 23 any
834 3895 81 30 regard
935 3900 23 18 to
971 3897 29 21 its
1021 3898 73 29 grain,
1108 3898 43 22 and
1173 3905 24 15 so
1210 3897 51 23 des-

674 3928 80 32 troyed
777 3928 38 23 the
832 3927 67 24 value
911 3928 25 23 of
951 3928 38 23 the
1008 3930 63 23 wood
1088 3930 35 23 for
1141 3930 119 28 furniture,

674 3962 72 24 which
758 3961 65 23 alone
837 3961 83 23 affords
933 3970 13 14 a
958 3963 119 30 monopoly
1089 3958 79 35 price.'.

707 3995 24 24 It
742 4003 52 22 may
807 4002 37 16 ere
865 3995 54 30 long
935 4002 70 23 prove
1017 4003 13 15 a
1051 3996 58 29 good
1122 3997 139 28 speculation

1320 2694 50 24 The
1382 2694 86 24 Nelson
1484 2695 125 24 Examiner
1621 2697 24 22 of
1661 2697 36 23 the
1719 2698 57 23 15th
1797 2699 71 29 June,

1289 2728 100 23 contains
1402 2737 13 14 a
1434 2730 113 22 memorial
1562 2735 22 17 to
1602 2730 64 23 Lord
1685 2731 101 31 Stanley,
1800 2731 45 24 and
1860 2742 11 14 a

1288 2762 92 30 petition
1394 2766 21 19 to
1428 2762 140 24 Parliament
1579 2763 79 30 signed
1671 2764 30 30 by
1711 2773 28 14 an
1750 2773 121 16 enormous

1289 2794 103 32 majority
1409 2796 26 22 of
1458 2796 37 22 the
1516 2796 86 23 Nelson
1623 2798 97 28 settlers,
1744 2801 127 29 respecting

1289 2829 36 23 the
1337 2829 64 23 mode
1413 2830 23 22 in
1449 2829 71 23 which
1534 2830 96 30 Captain
1651 2831 93 31 Fitzroy
1757 2831 41 24 has
1817 2841 54 15 seen

1288 2862 25 23 fit
1325 2867 22 19 to
1366 2862 51 24 deal
1437 2863 57 23 with
1512 2863 38 23 the
1569 2864 92 22 authors
1681 2865 24 23 of
1721 2865 38 23 the
1779 2865 92 25 Wairau

1290 2895 127 23 Massacre;

1322 2928 41 23 We
1377 2937 36 15 are
1426 2930 60 30 quite
1499 2930 49 22 well
1560 2938 71 15 aware
1645 2930 37 24 the
1696 2932 118 24 Governor
1827 2932 44 25 had

1289 2970 13 15 a
1313 2961 94 25 difficult
1426 2963 51 23 task
1497 2968 21 18 td
1537 2963 106 31 peiform,
1657 2965 42 22 and
1720 2965 101 24 whether
1845 2968 28 22 he

1289 2995 94 31 adopted
1396 2996 37 23 the
1447 3004 77 15 course
1544 2996 27 23 he
1590 2998 98 29 pursued
1704 3006 25 15 or
1742 2999 42 23 had
1798 3001 75 22 deter-

1289 3028 73 24 mined
1375 3029 48 23 that
1430 3029 83 31 justice
1526 3029 81 23 should
1621 3031 25 22 be
1658 3032 89 30 strictly
1758 3032 110 24 adminis-

1289 3062 69 28 tered,
1370 3063 18 22 it
1398 3062 74 24 would
1485 3063 54 22 have
1551 3063 58 23 been
1621 3064 130 30 impossible
1765 3071 21 17 to
1798 3066 75 24 forsee

1289 3095 37 23 the
1337 3096 80 23 result.
1454 3096 46 23 But
1518 3096 45 23 this
1583 3104 55 23 very
1655 3098 162 32 impossibility
1837 3100 36 23 led

1289 3136 26 15 us
1327 3134 23 17 at
1368 3129 37 24 the
1425 3130 53 23 time
1500 3134 21 18 to
1534 3137 94 23 express
1649 3138 40 15 our
1709 3131 86 23 dissent
1814 3133 57 23 from

1289 3162 37 23 the
1336 3169 79 17 course
1427 3163 110 30 evidently
1550 3163 69 23 about
1630 3169 21 17 to
1664 3164 28 22 be
1704 3165 103 31 adopted,
1828 3167 43 22 and

1289 3199 22 19 to
1322 3195 86 24 declare
1428 3196 48 23 that
1489 3196 36 23 the
1539 3196 51 31 only
1603 3196 47 23 safe
1662 3198 45 22 line
1728 3198 23 22 of
1777 3199 95 24 conduct

1289 3228 73 24 would
1375 3229 25 23 be
1412 3235 23 17 to
1456 3230 65 30 bring
1541 3230 37 22 the
1598 3231 84 29 parties
1701 3231 129 31 implicated
1847 3238 23 18 to

1290 3262 51 23 trial
1351 3271 7 19 ;
1377 3262 43 23 and
1433 3270 31 16 we
1485 3271 37 15 are
1540 3271 62 14 more
1618 3263 53 23 than
1684 3272 53 15 ever
1749 3266 123 24 convinced

1289 3295 48 23 that
1349 3303 40 16 our
1400 3296 204 24 recommendation
1622 3304 43 16 was
1686 3304 93 18 correct.
1818 3299 23 24 It
1853 3300 19 23 is

1289 3328 128 32 impossible
1431 3335 22 18 to
1466 3330 26 23 be
1511 3329 102 24 satisfied
1630 3330 53 23 with
1697 3331 94 31 Captain
1807 3332 64 24 Fitz-

1289 3362 59 31 roy's
1371 3363 105 29 decisiou,
1501 3363 120 30 especially
1645 3364 69 29 since,
1739 3365 23 22 in
1786 3367 86 30 stating

1290 3401 21 17 to
1320 3395 37 24 the
1365 3396 87 23 natives
1460 3396 57 23 what
1525 3397 27 22 he
1562 3396 50 23 first
1623 3398 162 30 contemplated
1796 3399 75 32 doing,

1290 3429 27 23 he
1343 3429 103 23 declared
1467 3430 48 23 that
1534 3429 29 23 he
1584 3430 65 23 could
1672 3433 119 22 command
1814 3433 59 24 from

1290 3462 37 23 the
1337 3463 166 31 neighbouring
1512 3463 98 23 colonies
1623 3464 114 24 sufficient
1749 3466 65 23 naval
1826 3467 45 23 and

1290 3495 97 31 military
1398 3497 60 23 force
1470 3497 53 23 with
1535 3496 74 24 which
1620 3501 22 19 to
1659 3497 57 24 have
1729 3500 83 23 caused
1820 3500 53 31 jus-

1290 3530 42 22 tice
1346 3535 21 17 to
1380 3529 26 23 be
1419 3530 169 23 administered.
1619 3530 50 24 The
1683 3531 87 24 Nelson
1782 3534 91 22 settlers

1290 3562 56 24 have
1356 3562 68 24 taken
1433 3563 37 23 the
1479 3571 81 23 proper
1568 3571 79 16 course
1657 3565 23 22 in
1691 3565 137 32 submitting
1836 3567 37 23 the

1290 3596 87 30 subject
1389 3601 22 18 to
1425 3597 37 22 the
1484 3596 81 23 House
1584 3597 25 23 of
1624 3597 132 31 Commons,
1779 3600 30 30 by
1833 3608 39 22 pe-

1290 3629 73 23 tition.
1412 3630 120 23 Whatever
1548 3638 52 23 may
1621 3631 26 23 be
1668 3631 37 23 the
1725 3633 71 22 result
1814 3633 26 22 of
1860 3641 13 15 a

1290 3662 125 24 discussion
1433 3671 28 16 on
1482 3662 36 24 the
1539 3669 82 18 matter
1642 3665 29 30 by
1691 3665 48 23 that
1759 3666 67 31 body,
1844 3673 29 16 no

1290 3701 61 26 steps
1363 3704 42 16 can
1417 3697 27 23 be
1464 3696 68 24 taken
1544 3697 89 31 against
1650 3697 159 33 Rangihaeata
1829 3699 44 23 and

1290 3728 137 32 Rauparaha
1438 3730 94 23 without
1541 3730 132 32 destroying
1690 3732 31 23 all
1732 3732 75 23 native
1819 3739 52 16 con-

1289 3763 87 23 fidence
1386 3764 23 22 in
1423 3763 36 23 the
1479 3763 57 23 faith
1547 3764 25 23 of
1588 3764 38 24 the
1645 3764 109 32 English,
1766 3765 57 23 after
1835 3765 38 23 the

1290 3796 86 23 solemn
1386 3796 80 32 pledge
1477 3797 69 31 given
1557 3798 31 31 by
1601 3798 96 31 Captain
1708 3798 97 31 Fitzroy
1824 3797 49 25 that

1290 3829 30 23 all
1330 3831 104 30 enquiry,
1447 3838 25 15 so
1484 3830 34 23 far
1535 3838 25 15 as
1582 3831 17 23 it
1620 3831 93 23 effected
1725 3830 40 24 the
1776 3831 95 30 natives,

1290 3864 143 28 terminated,
1454 3871 60 24 upon
1533 3863 36 24 bis
1590 3864 107 31 departue
1706 3864 60 23 from
1776 3863 96 25 Waika-

1290 3897 44 23 uai.
1370 3896 46 23 But
1428 3897 81 23 should
1529 3897 38 23 the
1579 3902 51 18 tone
1652 3897 25 23 of
1692 3897 181 31 Parliamentary

1290 3929 110 31 language
1416 3930 28 23 be
1463 3930 103 31 strongly
1577 3931 89 29 against
1685 3937 41 16 our
1746 3930 126 30 Governor,

1290 3970 31 15 we
1333 3963 44 22 ieel
1388 3963 92 22 assured
1494 3963 49 23 that
1555 3963 27 23 he
1601 3963 46 23 will
1663 3968 78 27 accept
1753 3963 24 24 of
1793 3964 19 23 it
1823 3972 25 16 as
1860 3973 14 15 a

1290 4003 101 21 censure,
1404 3996 44 23 and
1461 3997 68 23 retire
1546 3996 61 23 from
1625 3996 38 23 the
1682 3996 157 26 Government
1850 3998 25 24 of

582 63 96 48 &i)t
702 67 118 40 w*to
847 68 207 40 2>calanD
1081 70 190 46 <Ka?ette
1296 71 89 40 attb
1410 73 301 48 tmcttinqton
1734 73 252 49 &i>tttator.

1297 162 21 19 to
1330 166 79 25 export
1422 166 21 19 to
1463 162 55 23 New
1539 164 73 22 South
1632 165 77 23 Wales
1729 173 29 15 an
1776 167 101 23 assorted

1296 198 66 24 cargo
1375 194 24 22 of
1409 195 80 23 timber
1501 197 125 30 consisting
1638 198 25 22 of
1672 198 38 28 oil,
1723 198 82 29 tallow,
1819 200 57 28 beef,

1296 225 43 22 and
1350 226 57 23 flour
1417 228 53 22 cask
1483 233 73 19 staves
1568 238 6 19 ;
1595 231 24 21 of
1633 230 67 24 white
1719 238 53 23 pine
1791 237 84 24 staves,

1297 257 79 24 timber
1386 260 35 23 for
1433 261 68 23 house
1513 270 117 22 purposes,
1642 263 35 23 for
1695 264 37 22 the
1744 264 99 31 heading
1854 266 24 23 of

1296 290 72 23 tallow
1380 292 74 29 casks,
1466 294 43 23 and
1522 295 34 23 for
1569 303 54 23 soap
1642 296 43 22 and
1698 296 77 23 candle
1786 297 70 24 boxes
1868 307 6 20 ;

1296 323 24 22 of
1346 325 87 23 various
1457 327 66 23 kinds
1548 328 25 22 of
1596 329 112 23 furniture
1737 330 71 28 wood,
1832 331 43 24 and

1296 356 89 24 wooden
1397 358 77 32 hoops,
1488 360 79 23 should
1588 362 17 21 it
1626 369 66 23 prove
1713 362 50 23 that
1776 370 31 16 we
1819 364 56 23 have

1296 393 57 18 trees
1371 392 72 22 suited
1466 398 38 17 out
1527 393 24 22 of
1576 394 72 22 which
1669 399 21 17 to
1720 395 64 23 make
1805 396 69 23 them.

1296 421 28 23 In
1341 422 29 23 all
1388 425 132 31 probability
1534 433 32 16 we
1587 426 58 23 shall
1666 427 26 22 be
1713 428 49 23 able
1776 433 21 17 to
1810 429 65 23 make

1296 461 102 24 payment
1418 462 21 18 to
1461 458 37 22 the
1515 459 167 30 neighbouring
1701 460 97 24 colonies
1818 463 57 23 from

1294 486 45 24 this
1358 496 78 17 source
1457 491 72 28 alone,
1541 492 35 22 for
1596 492 30 23 all
1649 492 81 23 Indian
1750 494 43 22 and
1814 495 63 23 other

1294 520 69 29 goods
1376 529 30 16 we
1419 531 51 23 may
1482 526 88 28 require
1585 526 57 22 from
1657 526 70 23 them.
1764 527 42 23 We
1818 527 58 23 shall

1294 560 55 16 soon
1360 553 67 25 know
1438 556 38 23 the
1496 557 107 29 probable
1624 558 90 23 market
1733 560 24 22 in
1769 559 107 30 England

1294 585 33 23 for
1340 594 40 15 our
1398 588 110 25 furniture
1529 591 45 22 and
1591 591 64 23 other
1675 592 83 28 woods,
1777 593 44 23 and
1842 593 35 23 for

1294 618 63 28 bark,
1370 621 42 22 and
1424 622 80 24 should
1516 623 37 23 the
1565 630 106 17 accounts
1694 625 26 22 be
1739 625 136 29 favourable,

1294 658 31 15 we
1337 652 57 23 shall
1407 654 26 23 be
1453 656 104 29 provided
1575 658 51 22 with
1647 658 89 22 articles
1757 659 23 22 of
1796 665 80 24 export

1292 684 24 22 in
1327 685 136 30 abundance,
1478 694 21 17 to
1512 696 43 23 pay
1567 690 33 23 for
1621 691 35 22 the
1669 692 90 21 articles
1772 693 103 29 required

1293 717 58 23 from
1370 719 99 31 Europe,
1492 722 52 30 only
1560 724 115 30 requiring
1695 729 22 17 to
1741 724 26 23 be
1779 725 97 31 brought

1293 749 63 24 down
1369 757 20 17 to
1403 753 35 23 the
1451 760 49 23 port
1513 755 32 22 for
1557 756 121 30 shipment.
1717 757 41 23 We
1770 765 37 15 are
1820 766 55 15 con-

1294 783 68 24 fident
1374 785 47 23 that
1442 793 40 16 our
1501 788 85 23 forests
1608 797 37 15 are
1665 790 85 30 worthy
1763 791 23 22 of
1802 797 71 17 atten-

1294 816 52 29 tion,
1360 818 42 22 and
1416 826 31 15 we
1459 827 37 15 are
1515 820 75 31 happy
1603 826 22 18 to
1648 830 36 14 see
1703 823 50 30 logs
1775 823 23 23 of
1814 824 62 22 wood

1294 849 33 22 for
1339 856 80 24 export
1435 851 59 31 daily
1507 854 91 30 coining
1619 859 20 17 to
1659 859 66 23 town,
1741 863 25 15 as
1786 856 18 22 it
1815 856 62 23 leads

1293 889 27 15 us
1332 887 23 18 to
1369 884 84 23 believe
1465 885 47 23 that
1525 894 62 14 some
1609 888 84 29 parties
1704 888 58 22 have
1775 888 53 31 duly
1840 897 36 15 es-

1294 915 92 24 timated
1396 917 47 23 that
1456 926 78 15 source
1546 919 25 22 of
1588 920 94 23 colonial
1694 929 115 20 progress.

1403 986 54 24 Mr.
1487 987 96 24 FOX'S
1614 989 149 24 LETTER.

687 160 93 23 present
792 155 23 23 of
832 156 83 30 having
928 162 20 17 to
969 157 62 24 work
1052 166 30 23 up
1095 166 28 15 an
1142 158 77 23 article
1231 163 38 18 not

687 186 118 25 furnished
823 188 46 24 him
895 191 26 28 by
944 198 14 14 a
977 191 90 30 regular
1086 196 62 18 stave
1172 191 95 31 splitter.

688 219 49 24 The
756 225 75 19 staves
845 230 30 15 we
896 223 56 22 have
971 231 62 20 seen,
1046 224 86 30 though
1149 224 119 28 excellent,

686 260 37 15 are
744 254 35 23 far
800 259 36 18 too
856 255 70 29 thick,
953 256 43 23 and
1018 258 37 21 the
1076 265 153 23 consequence
1249 257 19 22 is

685 285 68 23 much
763 286 81 24 labour
855 287 20 23 is
888 289 83 23 wasted
992 288 29 32 by
1034 289 37 23 the
1090 298 80 22 cooper
1189 291 25 21 in
1232 297 36 15 re-

685 318 83 31 ducing
782 318 59 24 them
854 324 21 19 to
888 328 14 15 a
913 329 82 23 proper
1014 323 54 27 size,
1082 322 72 23 which
1167 327 68 19 waste
1247 322 23 23 of

684 350 80 24 skilful
775 352 79 23 labour
867 354 124 30 materially
1003 355 112 23 enhances
1127 357 38 21 the
1184 360 49 18 cost
1247 355 23 23 of

685 384 36 22 the
734 385 62 22 rask.
833 386 22 22 A
869 386 50 23 trial
941 388 18 21 is
979 388 70 30 going
1067 393 23 18 to
1110 389 26 22 be
1158 388 63 23 made
1244 388 24 23 of

684 425 60 14 sawn
756 422 83 19 staves,
853 419 44 23 and
909 427 35 16 we
958 419 65 24 think
1045 421 17 23 it
1076 421 44 23 will
1133 429 53 23 very
1197 421 70 30 likely

685 457 68 22 prove
765 451 132 29 successful,
909 460 26 15 as
956 453 37 23 the
1006 454 64 30 grain
1082 454 26 23 of
1124 454 37 23 the
1174 454 63 23 wood
1248 454 18 23 is

685 482 141 31 remarkably
843 485 101 30 straight.
965 486 25 22 If
1000 487 17 22 it
1024 487 37 27 do,
1070 494 31 16 we
1109 487 59 23 shall
1175 487 56 23 have
1239 494 27 16 no

684 515 69 23 doubt
766 517 53 22 then
832 517 47 22 that
900 518 67 23 casks
979 519 43 23 will
1036 519 26 23 be
1079 520 64 23 made
1157 520 52 23 here
1221 525 23 18 at
1254 528 13 14 a

683 548 90 23 smaller
786 555 47 17 cost
846 550 53 23 than
911 551 53 30 they
975 560 38 15 are
1023 552 64 23 made
1099 554 23 21 in
1135 553 114 30 England.

717 581 31 23 At
761 581 37 24 the
810 589 91 24 present
913 591 106 22 moment,
1031 585 96 23 Messrs.
1142 585 71 23 Guun
1223 585 43 24 and

684 614 95 30 Murray
791 621 80 18 cannot
878 617 66 23 make
953 618 68 22 casks
1034 619 70 21 under
1117 618 50 23 four
1179 618 87 31 pounds

683 654 38 23 per
733 652 48 18 tun.
818 649 47 22 But
883 649 38 24 the
932 651 90 22 settlers
1035 657 22 16 at
1070 653 48 20 first
1132 652 50 30 paid
1195 653 70 29 thirty

682 679 104 31 shillings
803 681 34 23 for
850 682 82 23 timber
951 684 34 22 for
998 684 70 22 which
1090 684 51 30 they
1155 692 48 15 now
1222 692 44 23 pay

682 719 74 22 seven,
770 713 44 23 and
828 722 31 16 we
880 715 84 24 believe
982 716 36 23 the
1036 718 106 28 sawyer's
1167 718 97 22 circum-

682 750 88 18 stances
782 755 36 14 are
831 755 23 15 as
866 749 57 29 good
933 757 48 14 now
993 757 25 15 as
1028 750 66 23 when
1106 750 52 30 they
1170 750 44 23 had
1228 750 36 23 the

681 778 109 24 four-fold
802 781 59 28 price
872 789 6 19 ;
899 782 63 22 when
975 782 52 29 they
1040 783 102 23 received
1154 783 37 23 the
1210 783 56 31 high

682 811 59 29 price
754 811 53 30 they
820 820 55 15 were
889 814 118 28 unskilful,
1021 815 52 29 they
1085 823 57 15 were
1162 816 104 30 learning

683 843 56 23 their
752 844 69 28 trade,
835 846 43 21 and
900 854 49 14 now
970 847 52 30 they
1035 855 37 15 are
1093 852 95 18 masters
1208 849 25 23 of
1249 850 17 22 it

681 876 42 22 and
736 876 67 23 know
814 877 50 23 how
875 882 23 19 to
919 880 128 22 economize
1069 880 58 23 their
1144 881 62 23 time.
1244 882 22 23 A

681 908 86 24 similar
779 909 86 31 change
876 919 33 15 we
932 912 70 23 doubt
1020 917 40 19 not
1071 913 45 23 will
1138 913 52 23 take
1203 914 63 31 place

681 942 23 22 in
725 942 36 23 the
782 949 47 17 cost
847 944 24 22 of
887 945 125 31 producing
1030 951 83 23 staves,
1127 946 73 23 which
1222 948 44 23 will

680 974 48 23 lead
742 980 21 18 to
778 976 36 23 the
827 978 154 23 manufacture
993 980 26 22 of
1028 980 29 22 oil
1068 980 41 22 and
1122 980 63 23 other
1198 981 67 23 casks

681 1007 51 24 here
745 1014 23 18 at
781 1010 112 24 moderate
913 1013 82 28 prices.
1032 1013 43 22 We
1088 1013 55 31 hope
1158 1013 37 24 the
1207 1014 58 30 pub-

680 1041 29 23 lic
722 1042 44 23 will
788 1049 93 25 snpport
904 1044 96 24 Messrs.
1015 1046 69 22 Gunu
1104 1047 44 22 and
1170 1047 96 30 Murray

680 1083 24 14 so
717 1075 32 23 far
761 1084 25 14 as
799 1077 105 30 possible,
919 1078 34 23 for
965 1079 22 22 in
1000 1079 36 22 the
1050 1080 86 22 trouble
1147 1080 54 30 they
1210 1080 56 23 have

681 1108 67 23 taken
765 1110 43 21 and
829 1110 38 23 the
892 1112 75 29 outlay
981 1112 53 31 they
1046 1112 55 23 have
1120 1114 105 22 incurred
1245 1119 21 17 to

680 1142 108 22 establish
801 1142 58 24 their
878 1152 131 23 cooperage,
1029 1145 54 31 they
1104 1146 58 23 have
1184 1147 82 29 proved

680 1174 134 24 themselves
845 1179 150 30 enterprising
1015 1179 98 27 settlers,
1135 1180 86 29 worthy
1245 1180 24 22 of

680 1207 36 23 the
728 1216 91 16 success
832 1209 71 23 which
926 1218 30 16 we
969 1211 57 30 hope
1039 1212 44 23 and
1102 1218 60 17 trust
1174 1213 45 22 will
1231 1218 34 18 at-

680 1241 50 22 tend
743 1241 58 23 their
814 1242 73 23 useful
900 1244 86 21 efforts.

855 1306 230 24 TIMBER.

1905 167 55 23 New
1972 167 108 24 Zealand.
2104 169 24 22 It
2140 169 18 22 is
2171 168 61 32 plain
2246 167 48 24 that
2305 168 30 23 all
2345 169 73 23 future
2430 178 52 22 pro-

1905 200 103 31 ceedings
2030 206 59 17 must
2106 202 39 22 fall
2158 210 60 22 upon
2237 202 55 26 him,
2305 202 48 23 who
2369 203 63 22 stood
2445 204 37 22 be-

1904 237 71 19 tween
1990 235 83 28 justice
2092 235 42 22 and
2157 235 28 23 its
2198 235 63 31 objec
2273 242 19 20 s,
2305 235 43 23 and
2370 240 38 18 not
2424 243 58 23 upon

1905 265 36 23 the
1953 266 92 23 natives.
2083 267 40 23 We
2141 275 96 23 approve
2259 268 37 21 the
2315 268 94 30 petitiou
2428 269 54 23 with

1904 305 42 15 one
1957 299 125 30 exception,
2095 300 43 22 and
2159 301 50 23 that
2226 299 46 24 will
2290 300 27 23 be
2329 301 70 23 found
2411 302 23 22 in
2447 302 35 23 the

1904 330 113 31 following
2027 334 114 27 quotation
2150 341 5 15 :
2158 346 32 4 —

1930 367 58 23 That
1997 376 55 19 your
2061 370 127 27 petitioners
2199 371 71 21 desire
2281 373 22 19 to
2313 374 40 23 put
2363 371 121 27 altogether

1904 394 60 21 aside
1974 395 37 21 the
2021 397 159 21 consideration
2190 398 26 20 of
2225 397 36 22 the
2272 398 100 26 question
2388 399 96 21 whether

1904 427 25 14 or
1938 425 38 17 not
1986 421 36 21 the
2034 423 56 26 body
2100 423 25 21 of
2139 423 146 26 Englishmen
2296 424 49 21 who
2360 425 124 26 proceeded

1904 449 22 18 to
1937 447 35 21 the
1985 447 90 23 Wairau
2085 449 70 21 under
2165 451 37 20 the
2214 449 110 27 authority
2334 451 24 21 of
2367 451 36 22 the
2411 452 73 22 Police

1906 473 130 27 Magistrate
2054 475 42 21 and
2112 476 62 22 other
2190 476 138 26 magistrates
2338 478 26 20 of
2375 479 36 20 the
2422 479 62 21 terri-

1906 502 54 24 tory,
1972 500 35 22 for
2024 501 38 21 the
2082 503 158 26 apprehension
2261 503 25 21 of
2299 505 82 20 certain
2399 505 85 22 natives

1905 525 96 28 charged
2012 528 51 21 with
2073 528 106 27 breaking
2187 529 37 22 the
2234 530 60 25 laws,
2303 530 64 22 acted
2376 531 95 28 lawfully
2477 540 6 19 ;

1904 552 93 22 because
2016 561 29 20 up
2055 558 21 17 to
2087 555 42 21 this
2139 556 52 21 time
2209 556 37 21 the
2266 556 170 23 Commissioner
2445 566 38 19 ap-

1905 579 90 25 pointed
2004 580 29 27 by
2044 580 39 22 her
2094 582 95 26 Majesty
2201 586 22 18 to
2233 583 131 26 investigate
2374 584 36 22 the
2426 585 58 22 titles

1905 608 21 18 to
1936 605 52 22 land
1998 607 21 20 in
2032 607 42 22 this
2084 609 77 26 colony
2172 609 40 21 has
2230 613 39 17 not
2285 611 144 21 commenced
2439 619 45 20 any

1904 631 87 28 inquiry
2002 640 24 14 as
2040 637 23 17 to
2078 634 96 22 whether
2188 644 25 13 or
2228 640 39 17 not
2282 635 61 23 those
2357 638 126 27 aborigines

1904 658 44 21 had
1957 659 68 27 really
2036 661 48 21 sold
2094 661 36 21 the
2141 661 52 22 land
2204 663 22 21 in
2238 666 85 23 respect
2333 663 25 21 of
2366 663 72 23 which
2445 665 37 22 the

1904 685 84 27 dispute
1999 686 123 27 originated
2131 688 71 22 which
2209 689 72 22 ended
2291 689 21 21 in
2320 689 37 22 the
2366 698 116 20 massacre,

1904 713 44 20 and
1965 712 94 22 because
2075 714 55 21 until
2152 715 26 21 he
2195 715 57 22 shall
2270 715 63 21 make
2344 716 34 22 hig
2388 718 96 22 decision

1904 745 27 14 on
1948 739 48 21 that
2009 740 63 26 point
2090 747 28 14 no
2134 741 47 26 just
2199 742 130 22 conclusion
2349 751 41 14 can
2407 746 26 20 be
2450 752 34 14 ar-

1904 764 65 22 rived
1980 769 29 17 at.

1939 800 45 23 We
2005 801 43 23 feel
2070 802 46 23 that
2136 804 18 21 it
2172 804 19 22 is
2204 804 90 31 implied
2313 806 24 22 in
2358 806 44 23 this
2419 813 66 24 para-

1905 832 70 30 graph
1994 833 48 23 that
2063 835 46 23 .Mr.
2134 835 70 31 Spain
2225 838 19 22 is
2262 844 57 23 open
2339 844 21 17 to
2381 846 101 17 censure.

1905 863 57 24 This
1983 866 20 21 is
2024 872 39 17 not
2083 867 35 23 the
2138 876 59 15 case.
2234 870 39 23 He
2285 877 44 16 was
2343 879 27 14 no
2383 879 66 16 cause
2462 873 24 22 of

1906 897 37 23 the
1966 898 93 24 Wairau
2084 900 114 24 Massacre
2209 910 6 20 ;
2247 902 44 22 and
2318 903 44 23 had
2390 904 94 24 Colonel

1906 930 127 24 Wakefield
2045 933 53 22 been
2112 941 24 14 as
2149 934 79 30 deeply
2240 936 124 29 impressed
2382 938 53 22 with
2447 939 37 23 the

1906 965 111 30 necessity
2030 966 24 22 of
2064 967 93 30 settling
2168 967 37 23 the
2218 968 52 23 land
2284 970 102 28 question
2399 978 24 15 as
2437 971 46 24 Mr.

1906 997 70 30 Spain
1990 1006 51 21 was,
2056 999 45 23 that
2122 1006 71 22 event,
2209 1009 31 15 we
2261 1001 49 29 feel,
2326 1003 73 23 would
2417 1011 68 17 never

1906 1032 54 21 have
1972 1030 122 32 happened.
2131 1034 46 22 But
2195 1035 57 23 after
2270 1035 19 21 it
2306 1035 42 23 had
2361 1036 122 31 happened,

1906 1063 46 23 Mr.
1966 1065 70 29 Spain
2057 1066 69 23 would
2149 1067 55 22 have
2227 1069 131 22 occasioned
2381 1070 105 24 mischief

1905 1095 41 24 had
1959 1098 28 23 he
1999 1100 119 29 attempted
2132 1105 21 17 to
2164 1100 96 30 proceed
2272 1101 52 23 with
2333 1102 38 23 the
2379 1104 105 30 enquiry,

1905 1129 74 24 unless
1998 1133 106 29 prepared
2124 1139 21 16 to
2167 1141 43 22 pay
2223 1136 167 28 compensation
2403 1136 81 23 should

1904 1162 18 23 it
1944 1171 66 22 prove
2030 1165 48 29 due,
2098 1166 44 22 and
2160 1167 45 22 this
2225 1167 27 23 lie
2271 1167 65 23 could
2354 1173 40 18 not
2411 1169 34 28 be,
2458 1178 25 14 as

1906 1195 91 25 Colonel
2019 1197 124 24 Wakefield
2161 1200 120 30 positively
2298 1201 89 23 refused
2407 1207 21 18 to
2446 1209 36 17 act

1904 1236 59 23 upon
1985 1230 36 23 the
2045 1236 74 24 terms,
2145 1240 54 20 now,
2225 1238 38 18 out
2289 1234 24 22 of
2333 1234 57 29 date,
2417 1235 68 32 being

1904 1263 122 28 attempted
2037 1269 22 17 to
2073 1265 24 22 be
2110 1266 84 23 carried
2207 1267 47 22 into
2266 1266 73 23 effect.

1937 1294 75 25 While
2036 1304 30 16 on
2088 1298 43 23 this
2151 1299 94 30 subject,
2270 1307 32 15 we
2326 1301 71 23 would
2428 1307 56 19 state

1904 1336 31 15 we
1948 1329 45 23 find
2006 1329 48 23 that
2073 1330 36 23 the
2127 1331 95 24 London
2235 1331 104 24 Colonial
2357 1334 92 24 Gazette
2460 1336 24 23 of

1905 1361 35 23 the
1962 1363 42 22 3rd
2024 1363 123 31 February,
2160 1366 113 23 intimates
2291 1366 47 23 that
2352 1367 47 24 Mr.
2412 1368 72 31 Spain

1904 1402 48 16 was
1964 1395 36 23 the
2012 1404 66 15 cause
2091 1397 24 22 of
2125 1397 35 23 the
2172 1398 92 24 Wairau
2278 1399 125 24 Massacre.
2440 1402 43 24 We

1904 1428 84 23 believe
2023 1437 32 15 we
2084 1437 36 16 are
2150 1431 103 30 justified
2272 1432 24 22 in
2324 1434 84 30 stating
2437 1435 47 24 that

1904 1467 38 17 not
1960 1470 12 14 a
1993 1470 81 23 person
2094 1464 22 21 in
2138 1464 44 23 this
2204 1465 88 23 district
2304 1468 121 22 entertains
2438 1476 44 23 any

1903 1495 56 22 such
1977 1496 100 30 opinion.
2113 1496 42 23 We
2173 1505 65 21 were,
2252 1498 113 30 however,
2375 1503 109 28 prepared

1904 1532 21 18 to
1937 1529 47 22 find
1995 1529 38 23 the
2047 1526 64 26 Land
2130 1529 176 26 Commissioner
2322 1533 60 23 dealt
2394 1534 53 23 with
2459 1536 23 22 in

1904 1562 44 23 this
1960 1569 56 23 way,
2031 1563 39 22 but
2082 1562 26 23 he
2120 1564 56 22 need
2189 1569 39 18 not
2245 1564 83 24 shrink
2343 1566 54 23 from
2411 1575 13 15 a
2435 1568 48 22 dis-

1903 1596 90 22 cussion
2006 1596 24 23 of
2049 1595 35 23 his
2096 1595 94 25 conduct
2199 1606 6 19 ;
2218 1598 38 23 the
2267 1606 62 16 more
2342 1601 93 29 enquiry
2447 1601 37 24 the

1903 1635 87 23 greater
2002 1629 45 23 will
2059 1629 35 23 the
2108 1630 68 23 credit
2190 1631 42 23 due
2245 1636 22 18 to
2278 1632 46 23 him
2334 1640 67 23 prove
2412 1639 21 17 to
2446 1634 36 24 be.

1904 1662 46 23 Mr.
1964 1663 70 30 Spain
2047 1663 39 23 has
2106 1663 76 24 shown
2195 1673 14 15 a
2224 1665 69 30 lively
2305 1666 93 23 interest
2409 1667 24 22 in
2445 1668 38 23 the

1903 1695 88 24 welfare
2011 1696 26 23 of
2056 1696 60 23 these
2137 1698 148 28 settlements,
2305 1700 43 22 and
2367 1699 40 23 has
2425 1700 57 24 been

1902 1729 109 31 painfully
2034 1729 55 23 alive
2110 1734 21 18 to
2155 1731 36 23 the
2215 1731 93 23 distress
2331 1732 43 23 and
2397 1734 84 30 misery

1903 1762 96 30 brought
2021 1771 59 23 upon
2098 1770 27 16 us
2147 1764 27 30 by
2187 1764 72 31 delay,
2272 1765 34 23 for
2325 1766 71 23 which
2417 1767 27 23 he
2463 1768 20 22 is

1903 1800 38 18 not
1952 1797 137 30 responsible
2098 1808 5 18 ;
2124 1797 43 23 and
2181 1806 31 15 we
2220 1806 38 16 are
2270 1799 129 28 convinced,
2413 1800 20 22 if
2442 1801 38 22 the

1901 1830 88 23 settlers
2010 1837 38 16 are
2066 1831 101 23 actuated
2185 1831 29 31 by
2233 1839 14 16 a
2266 1839 66 16 sense
2349 1832 25 23 of
2386 1833 95 30 justice,

1902 1863 52 30 they
1965 1863 52 28 will,
2030 1869 23 17 at
2065 1865 36 23 the
2119 1865 142 23 termination
2281 1865 25 23 of
2325 1865 46 24 Mr.
2386 1867 94 30 Spain's

1902 1896 96 28 labours;
2011 1898 76 22 evince
2109 1899 17 22 it
2138 1898 29 31 by
2182 1898 102 31 publicly
2301 1900 101 29 avowing
2421 1900 59 23 their

1903 1936 63 16 sense
1979 1930 25 22 of
2012 1930 36 23 his
2061 1931 94 22 conduct
2166 1939 29 14 on
2208 1931 57 22 their
2280 1931 84 22 behalf.

2053 1993 286 24 HORTICULTURE.

71 146 50 33 67^
146 156 71 16 acres.
264 150 52 22 The
339 150 139 31 Company's
502 156 59 20 town
577 154 19 22 is
610 156 47 22 500

72 188 72 21 acres,
168 182 42 23 and
235 182 38 23 the
296 183 99 28 settlers,
419 184 30 30 by
473 184 38 24 the
540 186 117 32 Company

73 214 109 30 claiming
204 214 38 24 the
266 216 61 30 right
345 221 23 18 to
390 216 51 24 take
462 225 68 24 every
549 219 108 25 alternate

71 252 93 25 quarter
186 248 24 23 of
225 256 29 15 an
274 256 59 21 ncre,
353 257 38 15 are
407 251 111 23 scattered
537 259 51 16 over
610 256 46 22 135

72 287 63 16 acres
144 289 6 19 ;
170 280 43 23 and
223 280 38 24 the
281 281 126 31 Company,
427 283 90 24 besides
536 285 121 32 damaging

72 312 39 23 the
133 313 92 30 general
244 313 65 24 value
333 315 25 23 of
384 315 37 24 the
445 321 59 19 town
534 318 63 23 lands
627 320 29 30 by

72 345 110 31 doubling
193 346 38 23 the
243 348 110 30 quantity,
367 348 106 31 deprived
486 350 37 23 the
532 352 89 23 settlers
634 353 23 23 of

71 378 38 23 the
121 379 109 23 selection
241 379 54 30 they
306 383 109 28 proposed
429 388 21 17 to
470 383 143 29 themselves,
633 390 22 19 to

72 410 38 24 the
134 417 78 18 extent
232 412 25 23 of
283 421 42 16 one
347 414 56 30 half,
427 424 25 15 or
473 418 31 22 33
528 417 44 23 and
592 418 63 24 three

71 449 92 25 quarter
185 452 71 16 acres.
302 446 74 25 Seven
400 449 102 23 hundred
521 450 44 22 and
585 451 70 31 thirty

71 477 45 22 lots
139 485 56 16 were
214 483 40 17 not
271 480 113 24 sufficient
405 482 33 23 for
459 482 38 23 the
516 483 138 30 Company's

70 510 55 23 £62
140 513 50 21 10s.
227 510 50 24 The
290 513 71 24 Court
373 520 62 18 must
454 515 57 23 have
526 518 72 26 1,730
610 517 44 24 lots

71 543 24 23 in
107 551 12 15 a
132 548 66 24 town,
208 548 24 19 at
243 552 14 15 a
267 545 64 30 place
343 547 53 31 only
417 548 103 23 destined
537 550 33 22 for
588 558 66 22 years

71 581 22 18 to
106 584 70 22 come,
189 585 56 15 even
255 585 57 17 were
325 581 17 21 it
359 581 109 28 fostered,
487 586 22 18 to
527 589 94 24 support
642 593 13 14 a

69 609 67 23 small
154 611 146 29 agricultural
319 613 89 31 village.
452 614 50 23 The
523 615 81 31 object,
621 625 33 14 we

69 642 71 24 doubt
160 651 46 21 not,
226 644 25 23 of
269 646 38 24 the
329 647 72 23 Court
416 647 24 23 in
452 647 85 31 having
549 656 24 15 so
585 657 69 23 many

69 680 59 18 town
149 677 44 23 lots
213 679 35 22 for
264 679 55 29 sale,
339 680 27 28 is,
387 680 29 30 by
428 681 118 31 attaching
558 682 60 23 them
632 688 21 18 to

68 713 95 27 country
186 712 106 28 sections,
313 719 21 16 to
354 721 79 15 secure
447 722 13 14 a
471 714 75 30 larger
558 716 95 23 number

68 742 27 22 of
109 743 111 24 wretched
238 746 96 23 victims.
382 746 47 23 But
447 747 165 24 inconsiderate
631 750 25 22 of

68 775 39 23 the
120 778 151 24 convenience
290 779 24 23 of
330 780 37 22 the
384 780 130 29 Wanganui
526 780 90 24 settlers
628 790 24 14 as

68 809 53 30 they
134 809 52 24 thus
197 818 69 22 prove
276 812 143 28 themselves,
431 813 52 27 and,
501 813 85 30 greedy
598 821 24 16 as
636 815 17 22 it

68 842 20 21 is
101 842 61 30 plain
176 843 51 30 they
239 853 45 20 are,
298 844 57 23 their
366 845 74 30 object
448 845 46 23 will
504 846 28 22 be
540 846 110 29 defeated;

67 875 88 23 instead
168 876 25 22 of
201 877 84 31 selling
295 885 59 15 more
366 877 59 29 land,
436 878 37 22 the
484 879 85 22 actions
579 879 73 24 which

67 908 46 23 will
125 908 59 23 arise
194 914 39 18 out
246 910 24 23 of
286 910 57 23 their
357 910 83 23 breach
453 911 25 23 of
488 911 37 23 the
538 912 113 24 coudition

67 941 46 23 will
133 943 88 30 compel
243 943 63 24 them
330 948 21 18 to
372 944 81 23 refund
476 945 68 22 much
567 946 24 22 of
614 946 38 23 the

66 981 83 24 money
159 975 54 30 they
224 976 58 24 have
293 977 105 23 obtained
410 978 57 22 from
480 978 37 23 the
530 978 89 24 holders
630 981 25 22 of

65 1009 84 22 second
162 1009 69 23 series
244 1010 151 29 land-orders,
408 1011 33 23 for
452 1011 52 23 land
516 1013 22 22 in
553 1013 36 22 the
603 1013 49 24 first

64 1040 45 24 and
115 1042 109 31 principal
232 1044 136 23 settlement.
391 1044 43 23 We
441 1044 86 31 delight
532 1046 23 22 in
562 1047 90 30 writing

65 1074 39 23 the
114 1074 44 23 last
170 1075 88 30 phrase,
278 1077 38 23 the
333 1077 72 23 result
425 1086 25 15 so
469 1079 51 22 well
538 1086 112 24 comports

65 1107 53 24 with
132 1108 36 23 the
182 1115 115 25 prospects
310 1110 50 23 held
373 1115 39 18 out
424 1111 29 30 by
466 1112 37 22 the
517 1113 56 22 New
591 1114 59 25 Zea-

64 1141 54 23 land
130 1141 118 32 Company
271 1143 174 31 administering
464 1145 38 22 the
523 1146 127 24 Wakefield

64 1174 269 30 lottery-concentration-
340 1177 233 31 dispersion-system.

97 1207 130 32 Wanganui
246 1210 19 22 is
277 1210 79 30 purely
368 1218 28 15 au
413 1212 145 29 agricultural
572 1213 78 23 settle-

64 1246 70 19 ment.
172 1242 75 23 Those
260 1243 49 22 who
328 1244 122 29 proceeded
464 1244 62 24 there
545 1247 105 23 intended

66 1280 22 17 to
100 1282 28 23 go
141 1280 22 18 to
175 1275 62 23 work
248 1276 23 22 in
292 1277 61 29 right
364 1277 58 30 good
435 1284 97 23 earnest,
545 1279 40 23 but
597 1280 52 30 they

66 1315 56 16 were
134 1313 39 18 not
186 1308 90 24 allowed
298 1315 22 17 to
333 1317 85 24 occupy
431 1311 37 23 the
486 1312 61 24 land.
582 1313 68 23 After

64 1341 94 31 waiting
174 1343 117 23 sometime
312 1343 51 30 they
376 1345 109 23 ventured
504 1350 23 19 to
538 1347 112 30 complain

64 1375 35 22 for
111 1375 73 23 which
194 1375 53 31 they
255 1384 58 15 were
326 1376 49 24 well
387 1378 85 23 abused
485 1380 22 22 in
518 1379 44 23 this
571 1387 77 23 paper,

64 1408 31 30 by
107 1408 38 23 the
156 1409 128 30 gentleman
295 1410 47 22 who
355 1411 74 23 edited
440 1412 18 22 it
466 1412 83 31 during
556 1420 41 15 our
609 1413 41 23 ab-

65 1449 65 15 sence
144 1442 22 23 in
178 1442 99 32 Sydney,
291 1444 44 23 and
347 1444 49 23 who
408 1444 35 23 for
462 1445 36 23 his
511 1446 103 23 devotion
628 1451 22 18 to

64 1474 38 24 the
115 1475 138 31 Company's
265 1477 69 23 Chief
346 1478 95 30 Agent's
453 1480 96 22 interest
560 1480 43 22 and
617 1481 33 22 for

64 1508 79 31 giving
154 1508 58 24 birth
226 1514 22 18 to
260 1518 63 15 some
335 1511 122 24 admirable
467 1521 77 15 verses
556 1514 23 22 in
593 1514 57 22 hon-

64 1549 42 15 our
118 1542 26 22 of
159 1542 37 23 the
215 1543 129 30 gentleman
364 1545 21 22 in
405 1547 112 28 question,
536 1554 32 15 we
580 1547 70 22 found

64 1583 29 14 on
106 1583 40 15 our
159 1580 83 24 return,
255 1576 42 23 had
311 1578 56 23 been
378 1580 117 29 promoted
504 1585 21 17 to
538 1580 37 22 the
584 1580 66 23 office

64 1608 26 23 of
100 1609 136 31 Company's
248 1610 79 30 Agent
344 1616 23 18 at
389 1611 54 24 New
457 1613 132 30 Plymouth.
626 1613 24 24 It

64 1642 20 22 is
102 1642 81 31 hardly
193 1650 120 24 necessary
326 1649 21 18 to
367 1645 59 23 recal
447 1646 64 23 these
530 1655 76 15 verses
627 1652 22 18 to

65 1675 37 23 the
114 1683 99 24 memory
226 1677 25 22 of
267 1684 43 16 our
321 1678 98 28 readers,
431 1679 35 23 for
485 1680 52 30 they
549 1685 61 18 must
622 1681 27 22 be

63 1709 109 31 indelibly
188 1710 125 31 impressed
325 1719 28 16 on
372 1711 57 24 their
441 1713 75 23 minds
530 1714 70 22 under
612 1714 37 23 the

64 1742 49 23 title
126 1743 25 22 of
184 1743 40 28 for
235 1743 38 23 the
283 1743 70 25 honor
365 1745 46 23 and
418 1745 69 31 glory
498 1747 30 29 of
544 1746 104 23 Wide-a-

100 1815 71 31 Many
200 1816 132 24 abandoned
360 1817 130 31 Wanganui
512 1819 54 30 long
586 1822 63 22 since

64 1848 127 31 hopelessly
202 1849 88 24 ruined.
326 1851 71 23 From
409 1851 53 23 time
472 1857 21 17 to
506 1853 54 23 time
572 1855 76 22 others

64 1883 55 22 have
132 1882 48 28 left,
193 1883 43 22 and
248 1889 23 17 at
290 1884 38 23 the
339 1884 41 23 end
395 1886 25 22 of
429 1885 78 31 nearly
518 1887 44 22 five
573 1895 74 22 years,

64 1916 37 23 the
118 1916 90 23 settlers
228 1917 24 22 in
271 1924 29 16 an
320 1918 146 29 agricultural
485 1919 94 30 district,
601 1921 47 22 find

62 1949 134 24 themselves
210 1950 52 23 with
285 1950 36 23 the
334 1952 134 28 permission
481 1952 54 30 only
547 1954 24 21 of
580 1954 68 22 look-

63 1983 39 30 ing
111 1988 24 17 at
144 1983 69 23 land*
217 1983 52 22 -said
282 1989 22 16 to
316 1983 26 23 be
351 1983 69 23 theirs
433 1984 31 30 by
469 1985 112 30 purchase

62 2015 38 23 the
113 2016 55 23 New
181 2015 97 24 Zealand
293 2016 126 31 Company.
457 2017 66 24 More
536 2026 37 15 are
584 2019 63 23 leav-

63 2050 39 29 ing
113 2048 44 24 and
169 2057 14 14 a
191 2050 91 29 general
295 2050 70 23 break
376 2058 31 23 up
415 2051 19 22 is
447 2058 48 16 now
506 2051 139 26 threatened.

64 2083 21 22 A
98 2083 37 22 list
147 2083 26 22 of
187 2090 94 23 persons
295 2083 73 23 wlose
384 2090 117 25 prospects
522 2084 56 24 have
589 2086 58 23 been

64 2116 98 30 blighted
182 2117 22 22 in
217 2116 56 23 New
286 2116 107 29 Zealand,
407 2117 43 23 and
461 2118 49 22 who
528 2119 23 22 in
567 2127 80 16 conse-

62 2157 84 22 quence
159 2150 84 30 having
255 2150 90 23 become
358 2159 12 14 a
382 2159 54 22 prey
451 2157 22 17 to
485 2152 91 30 dispair,
590 2152 57 25 have

62 2183 104 30 acquired
179 2183 74 23 habits
265 2183 136 24 destructive
422 2185 61 23 alike
497 2190 21 18 to
533 2186 56 31 body
603 2187 44 23 and

62 2217 55 28 soul,
132 2217 71 22 would
216 2217 27 22 be
255 2225 13 14 a
280 2217 105 31 startling
395 2218 43 23 and
449 2218 140 32 melancholy
601 2225 45 18 tes-

62 2250 84 30 timony
156 2256 22 17 to
191 2250 37 23 the
240 2250 57 31 good
309 2251 165 32 accomplished
487 2253 29 29 by
525 2253 37 23 the
575 2253 72 24 Court

62 2284 23 22 of
93 2283 117 24 Directors
222 2284 23 23 in
265 2284 75 23 Broad
354 2284 82 29 Street,
450 2293 26 15 so
494 2286 91 31 eagerly
595 2295 51 15 car-

61 2317 64 30 rying
133 2322 39 18 out
181 2317 36 23 the
225 2317 420 32 Wakefield-lottery-coneentration-

61 2350 124 30 dispersion
196 2356 93 24 system.

303 2409 93 23 OIL.

1936 2046 43 24 We
1991 2047 57 23 have
2061 2048 54 23 been
2126 2048 106 25 favoured
2251 2049 54 23 with
2325 2058 14 14 a
2357 2052 128 29 cucumber,

1903 2079 48 23 that
1973 2088 46 15 was
2043 2087 37 17 cut
2101 2090 28 14 on
2154 2083 36 22 the
2211 2084 55 23 21st
2287 2083 24 22 of
2337 2083 66 30 June,
2428 2086 58 22 mid-

1903 2114 78 23 winter
1993 2115 50 29 day,
2058 2115 71 23 which
2141 2116 118 24 measured
2274 2117 28 22 11
2315 2116 78 24 inches
2407 2119 44 23 and
2471 2127 14 15 a

1903 2146 48 23 half
1960 2148 21 22 in
1994 2147 77 31 length
2080 2157 5 19 ;
2098 2149 17 22 it
2127 2156 44 16 was
2184 2157 76 23 grown
2274 2149 29 28 by
2315 2150 22 23 J.
2352 2150 132 32 Cumming,

1901 2180 109 30 gardener
2022 2187 22 17 to
2058 2181 97 24 William
2168 2182 101 31 Guyton,
2285 2182 67 32 Esq.,
2375 2185 44 23 and
2440 2185 44 24 late

1902 2213 56 24 head
1969 2215 109 29 gardener
2091 2220 21 18 to
2129 2215 45 24 His
2186 2215 75 32 Royal
2272 2216 118 31 Highness
2404 2218 82 24 Prince

1903 2247 107 24 Holstein
2023 2248 26 22 of
2063 2248 188 33 Acgustenburg,
2270 2250 149 31 Schleswigh,
2442 2252 44 24 and

1904 2281 169 31 Sonderburgh,
2088 2282 125 30 Germany.

1936 2320 38 23 He
1986 2321 20 24 is
2018 2328 50 16 now
2078 2322 75 30 trying
2167 2324 151 28 experiments
2338 2323 53 23 with
2412 2323 72 30 vines,

1903 2354 41 24 and
1957 2355 87 23 several
2056 2354 61 24 other
2130 2355 25 23 of
2169 2354 38 24 the
2219 2357 58 22 finer
2290 2361 58 19 sorts
2369 2357 25 23 of
2408 2357 75 28 fruits,

1903 2388 71 23 which
1995 2389 56 22 have
2075 2393 37 18 not
2131 2389 56 22 been
2209 2389 98 31 brought
2327 2395 22 18 to
2362 2391 123 30 perfection

1903 2421 59 29 here,
1976 2422 43 22 and
2031 2423 20 21 is
2061 2422 23 23 of
2099 2422 92 30 opinion
2205 2422 49 24 that
2265 2423 44 23 this
2331 2424 88 22 climate
2440 2424 46 24 will

1903 2455 26 23 be
1942 2456 69 22 found
2024 2461 22 17 to
2060 2456 60 23 excel
2132 2456 64 23 those
2210 2457 24 22 of
2251 2456 56 23 New
2320 2457 72 23 South
2400 2457 85 29 Wales,

1903 2497 24 14 or
1935 2488 54 24 Van
2002 2489 117 23 Diemen's
2140 2490 74 28 Land,
2233 2491 35 22 for
2280 2490 37 22 the
2336 2498 108 23 purposes
2465 2492 22 22 of

1903 2522 146 23 horticulture
2059 2531 6 20 ;
2078 2523 22 22 in
2115 2523 36 23 the
2162 2521 84 26 former
2259 2523 25 22 of
2293 2524 72 23 which
2374 2525 111 22 countries

1903 2556 27 22 he
1942 2556 41 22 has
1995 2556 111 29 practised
2118 2557 34 22 for
2167 2564 63 16 some
2243 2558 63 22 time.

1327 1047 28 24 In
1368 1049 92 24 another
1472 1056 49 24 part
1533 1051 25 23 of
1574 1060 41 15 our
1633 1061 70 23 paper
1715 1063 14 14 a
1740 1054 65 25 letter
1817 1056 58 24 from

1295 1080 47 23 Mr.
1362 1082 50 23 Fox
1434 1083 46 23 will
1502 1084 27 23 be
1553 1085 77 23 found.
1668 1086 41 24 We
1733 1089 88 23 confess
1842 1098 33 16 we

1294 1113 65 24 think
1371 1116 17 22 it
1405 1124 45 15 was
1462 1118 60 29 quite
1536 1119 102 22 uncalled
1656 1120 42 28 for,
1712 1129 25 14 as
1750 1129 31 16 wo
1793 1129 82 18 cannot

1294 1147 96 32 imagine
1402 1149 50 24 how
1462 1151 18 22 it
1492 1158 41 15 can
1544 1151 28 23 be
1585 1154 112 29 supposed
1713 1154 49 23 that
1774 1164 12 13 a
1798 1156 77 24 reader

1294 1180 45 23 will
1350 1182 97 24 mistake
1458 1182 45 24 this
1514 1184 34 22 for
1559 1184 50 23 that
1622 1194 24 14 or
1657 1185 51 24 that
1716 1187 34 23 for
1763 1188 53 24 this.
1853 1189 22 24 It

1294 1220 43 15 was
1360 1215 108 31 perfectly
1489 1217 48 22 well
1560 1218 83 23 known
1666 1219 64 23 when
1756 1221 46 23 Mr.
1824 1222 51 24 Fox

1294 1248 79 23 ceased
1384 1253 22 18 to
1428 1249 45 23 edit
1491 1250 44 23 this
1556 1258 75 24 paper,
1646 1260 24 15 as
1683 1253 37 22 the
1733 1255 142 24 termination

1294 1279 24 23 of
1336 1281 38 22 the
1384 1284 125 22 connexion
1522 1291 45 15 was
1586 1286 131 22 announced
1729 1291 22 18 at
1765 1287 35 23 the
1813 1296 62 16 same

1294 1313 52 23 time
1370 1314 46 23 that
1438 1315 36 23 his
1503 1318 154 29 appointment
1680 1327 24 14 as
1735 1320 139 32 Company's

1294 1346 82 30 Agent,
1389 1353 23 18 at
1431 1348 93 29 Nelson,
1539 1358 44 15 was
1597 1352 86 23 noticed
1702 1354 23 21 in
1739 1354 43 22 this
1794 1362 79 23 paper.

1296 1379 45 24 Mr.
1351 1380 50 24 Fox
1413 1388 81 17 cannot
1506 1383 27 23 be
1546 1391 61 15 more
1619 1385 94 23 anxious
1727 1391 21 17 to
1760 1388 115 30 repudiate

1294 1412 66 32 being
1388 1415 36 23 the
1443 1416 79 23 author
1543 1417 25 22 of
1592 1423 39 17 our
1651 1420 127 28 exposition
1797 1421 24 22 of
1838 1421 37 23 the

1293 1443 65 26 Land
1370 1447 119 30 Question,
1503 1449 53 23 than
1570 1457 35 15 we
1618 1458 55 16 were
1686 1455 21 19 to
1725 1453 97 23 disavow
1837 1455 36 23 the

1293 1480 76 23 article
1380 1481 57 24 from
1450 1482 34 23 his
1497 1490 50 22 pen,
1562 1484 71 22 which
1645 1484 36 23 led
1690 1489 21 18 to
1722 1486 38 22 the
1770 1487 105 24 evidence

1293 1512 67 31 being
1379 1519 41 25 put
1438 1515 49 23 into
1508 1524 40 14 our
1569 1516 80 29 hands,
1679 1518 72 23 which
1772 1527 33 16 wp
1835 1521 40 23 felt

1294 1545 55 31 fnlly
1362 1548 135 23 exonerated
1516 1548 47 23 Mr.
1579 1550 71 30 Spain
1670 1551 58 23 from
1741 1552 68 31 being
1818 1562 57 23 open

1296 1584 20 17 t:>
1336 1580 37 22 the
1395 1582 92 29 charges
1506 1590 24 14 so
1551 1584 136 30 generously
1709 1585 44 24 and
1776 1587 52 22 with
1849 1596 25 15 so

1293 1613 66 22 much
1370 1613 84 31 justice
1466 1615 85 30 heaped
1565 1623 59 22 upon
1637 1617 36 22 his
1683 1617 123 26 character.

1326 1646 41 23 We
1379 1655 42 15 can
1438 1648 40 22 tell
1497 1648 47 24 Mr.
1558 1649 60 29 Fox,
1630 1650 41 23 but
1690 1658 32 16 we
1744 1652 85 24 believe
1847 1654 26 23 he

1291 1677 88 33 already
1402 1681 78 23 knows
1503 1682 26 28 it,
1553 1682 49 23 that
1626 1683 94 24 Colonel
1746 1685 126 26 Wakefield

1292 1713 129 30 repudiated
1440 1714 37 23 the
1497 1715 78 23 article
1588 1716 26 24 of
1629 1717 37 23 the
1687 1718 57 24 26th
1757 1719 54 31 July
1823 1721 50 29 last,

1290 1745 115 33 attacking
1417 1748 47 23 Mr.
1473 1749 71 30 Spain
1545 1761 32 5 —
1577 1749 30 24 he
1620 1750 126 25 disavowed
1758 1754 115 24 sanction-

1291 1780 38 29 ing
1344 1780 19 22 it
1380 1781 22 22 in
1424 1782 35 22 the
1480 1782 103 24 smallest
1602 1783 80 30 degree
1691 1793 6 20 ;
1719 1789 48 19 true
1779 1787 28 22 he
1826 1788 46 23 told

1290 1820 13 15 a
1328 1814 128 29 gentleman
1478 1815 81 24 almost
1581 1817 24 22 in
1635 1817 38 24 the
1696 1825 63 16 same
1791 1820 79 24 breath

1291 1846 46 23 that
1349 1847 18 22 it
1379 1855 44 15 was
1435 1848 30 22 all
1482 1856 54 23 very
1547 1858 89 22 proper,
1650 1851 44 23 and
1704 1857 40 17 not
1756 1861 14 15 a
1780 1855 93 28 particle

1291 1884 34 18 too
1347 1884 85 26 strong.
1478 1882 57 23 This
1557 1884 140 30 repudiation
1720 1884 26 31 (a
1768 1892 50 25 part
1842 1895 31 16 we

1290 1918 89 25 suspect
1398 1915 25 21 of
1440 1914 36 23 the
1496 1916 71 22 ethics
1586 1917 25 22 of
1629 1917 37 23 the
1678 1919 113 23 sufficient
1810 1921 61 29 price

1290 1945 110 33 doctrine)
1412 1947 41 23 has
1473 1949 56 22 been
1540 1950 129 23 sometimes
1690 1952 87 23 carried
1789 1961 13 14 a
1815 1954 58 23 little

1291 1982 34 20 to'
1327 1982 9 20 6
1337 1980 41 23 far.
1417 1980 40 23 Vfe
1478 1984 56 20 have
1553 1983 83 22 known
1657 1983 18 22 it
1696 1988 22 18 to
1732 1985 26 22 be
1770 1985 55 23 used
1843 1994 28 16 on

1290 2013 113 23 occasions
1416 2013 62 23 when
1493 2022 57 15 none
1563 2016 72 22 would
1649 2016 55 23 have
1717 2018 96 30 thought
1823 2018 49 25 that

1290 2046 99 23 sanction
1408 2046 44 23 had
1469 2047 58 23 been
1546 2049 76 30 given,
1642 2050 39 22 but
1699 2050 35 23 for
1752 2051 36 23 the
1807 2054 65 29 pains

1290 2079 66 23 taken
1370 2084 22 18 to
1405 2081 105 22 disavow.

1325 2112 39 23 We
1376 2121 36 15 are
1432 2118 22 18 to
1473 2114 146 29 understand,
1631 2123 33 15 we
1685 2124 109 23 presume,
1812 2119 58 24 from

1290 2145 45 23 Mr.
1351 2145 69 25 Fox's
1431 2147 73 29 letter,
1523 2148 49 23 that
1585 2149 26 22 he
1624 2150 46 22 still
1689 2152 121 23 maintains
1824 2153 47 23 that

1291 2178 44 24 Mr.
1349 2179 71 31 Spain
1443 2182 19 21 is
1485 2189 13 14 a
1518 2189 52 15 m;m
1590 2182 83 31 utterly
1692 2183 80 25 devoid
1795 2186 24 22 of
1842 2187 29 23 all

1289 2220 64 16 sense
1377 2213 23 23 of
1428 2213 70 24 honor
1499 2227 33 3 —
1534 2223 12 14 a
1569 2223 86 16 nairow
1678 2218 92 23 minded
1793 2219 78 24 selfish

1289 2253 76 24 rogue.
1400 2246 58 24 This
1468 2255 49 23 may
1529 2249 24 21 be
1564 2249 132 23 considered
1708 2251 38 23 the
1758 2251 113 25 character

1288 2281 65 28 gheu
1377 2280 45 24 Mr.
1436 2281 70 31 Spain
1529 2282 29 30 by
1572 2282 47 23 Mr.
1632 2283 51 23 Fox
1703 2285 22 22 in
1741 2284 35 23 his
1794 2286 77 24 article

1289 2313 24 22 or'
1330 2313 36 23 the
1388 2314 57 23 26tli
1463 2314 53 31 July
1529 2315 50 29 last,
1600 2316 44 23 and
1666 2317 71 23 which
1760 2319 27 22 he
1808 2320 19 22 is
1847 2328 24 15 so

1289 2347 169 30 ostentatiously
1470 2349 94 22 anxious
1577 2354 22 18 to
1618 2350 64 23 abide
1695 2351 37 30 by.
1770 2352 101 32 Perhaps

1290 2379 46 24 Mr.
1351 2380 49 23 Fox
1412 2381 46 23 will
1470 2381 73 30 oblige
1559 2382 36 23 the
1615 2384 75 30 public
1708 2385 56 23 with
1776 2394 12 14 a
1800 2387 71 22 niorti-

1289 2413 57 24 cium
1359 2414 24 22 of
1393 2415 104 22 evidence
1508 2416 24 21 in
1554 2422 95 24 support
1662 2417 25 23 of
1703 2418 38 23 the
1754 2418 116 25 character

1289 2446 27 23 he
1327 2446 40 23 has
1380 2448 98 23 awarded
1494 2454 20 17 to
1534 2449 38 23 the
1593 2450 68 23 Land
1683 2451 187 32 Commissioner,

1289 2481 55 22 until
1363 2480 53 24 then
1436 2481 37 23 the
1495 2483 77 22 article
1593 2484 25 22 in
1638 2486 103 28 question
1764 2486 52 28 will,
1840 2494 31 16 we

1288 2521 37 15 are
1336 2514 128 29 convinced,
1478 2515 27 23 be
1516 2516 115 31 generally
1644 2519 132 23 considered
1792 2519 30 30 by
1835 2520 36 23 the

1288 2546 88 24 settlers
1394 2549 21 21 in
1436 2548 84 23 Cook's
1541 2549 83 24 Straits
1635 2559 26 14 as
1681 2552 91 30 grossly
1782 2552 89 25 calum-

1290 2580 75 22 nious.

2035 2618 103 22 PRICE
2159 2618 45 22 OF
2223 2618 135 22 WHEAT.

1401 2638 143 25 WAIRAU
1567 2641 191 23 MASSACRE.

251 3266 60 23 OIL
330 3266 115 23 CASKS.

92 2464 50 22 The
156 2463 107 24 Deborah
275 2465 44 23 and
329 2465 37 23 the
379 2464 121 25 Susannah
513 2467 52 23 Ann
587 2467 58 24 have

59 2496 52 25 both
134 2497 99 31 brought
255 2499 155 24 considerable
433 2502 122 28 quantities
573 2502 25 22 of
615 2502 30 23 oil

60 2531 55 23 from
127 2532 38 22 the
177 2531 95 23 stations
285 2537 22 18 to
320 2532 37 24 the
376 2533 76 23 south.
490 2534 77 24 There
579 2541 65 24 ports

61 2564 54 23 from
137 2565 38 23 the
197 2566 96 23 stations
311 2566 114 31 generally
447 2575 39 15 are
504 2569 139 23 favourable.

60 2598 47 24 The
119 2599 135 23 Americans
266 2607 38 15 are
316 2600 73 23 stated
401 2605 21 18 to
436 2601 27 23 be
477 2601 94 31 making
580 2609 65 24 great

60 2632 74 23 efforts
158 2638 22 17 to
203 2632 83 31 supply
310 2632 36 24 the
370 2633 101 31 English
492 2634 96 30 market,
612 2644 33 15 we

59 2665 69 24 would
154 2665 109 24 therefore
286 2674 60 16 warn
368 2667 105 31 shippers
498 2673 39 18 i^
565 2674 21 18 to
617 2671 26 22 be

60 2699 96 31 tempted
170 2705 20 17 to
203 2700 51 30 give
266 2700 55 23 such
335 2700 54 30 high
409 2707 60 17 rates
488 2711 25 14 as
535 2702 51 31 they
606 2704 37 22 did

59 2732 43 24 last
113 2740 60 23 year.
210 2733 63 23 Such
285 2735 73 29 prices
370 2734 45 23 will
427 2735 53 30 only
488 2744 84 22 expose
582 2737 61 24 them

59 2770 22 19 to
92 2766 37 23 the
139 2766 49 24 risk
199 2767 26 22 of
239 2766 56 30 loss,
307 2767 94 24 without
412 2768 91 31 leaving
523 2769 61 23 them
605 2771 39 23 the

59 2799 103 31 slightest
182 2806 105 25 prospect
308 2802 25 22 of
356 2802 75 30 profit.
481 2803 28 22 In
530 2805 114 29 receiving

60 2833 54 23 such
132 2839 60 18 rates
213 2833 38 24 the
270 2835 90 22 catcher
372 2835 25 23 of
412 2836 38 23 the
470 2836 71 23 whale
553 2837 64 30 plays
631 2846 14 15 a

59 2874 63 23 game
132 2867 26 24 of
167 2872 47 18 toss
224 2867 102 31 farthing
337 2868 52 23 with
400 2869 37 23 the
445 2869 125 29 merchant,
581 2878 62 24 upon

60 2900 35 23 the
106 2900 110 32 principle
225 2900 28 23 of
267 2900 70 24 heads
350 2901 13 24 I
373 2903 51 27 win,
438 2902 53 23 tails
507 2911 45 22 you
570 2903 72 25 loose.

60 2933 131 24 Merchants
220 2933 82 24 should
321 2942 52 16 ever
393 2936 127 23 remember
540 2936 54 30 that,
619 2939 24 22 in

60 2966 105 32 shipping
176 2973 22 18 at
208 2967 56 31 high
275 2968 74 31 prices
362 2968 38 24 the
417 2969 71 23 whole
509 2970 93 30 chapter
621 2972 24 22 of

59 3001 110 23 accidents
182 3001 18 23 is
213 3002 100 29 opposed
326 3007 21 17 to
360 3001 61 24 them
424 3015 33 4 —
458 3003 30 23 all
500 3003 39 23 the
559 3005 84 28 proba-

60 3033 88 31 bilities,
162 3035 20 22 if
191 3040 38 18 not
239 3034 31 23 all
279 3034 38 24 the
324 3035 156 31 possibilities,
493 3045 38 14 are
544 3038 99 29 opposed

60 3072 21 18 to
104 3076 12 15 a
138 3074 106 25 prospect
266 3069 25 22 of
318 3069 36 23 the
378 3069 142 31 speculation
543 3070 102 32 yielding

59 3102 73 30 profit.
180 3102 26 23 If
220 3102 39 24 the
278 3102 119 23 merchant
417 3109 83 17 cannot
512 3109 39 24 get
563 3103 37 24 the
613 3105 31 23 oil

60 3135 41 23 and
112 3135 59 23 bone
194 3140 23 18 at
234 3135 133 24 reasonable
389 3137 81 30 prices,
490 3137 18 22 it
531 3138 73 23 would
615 3138 28 23 be

59 3167 69 25 better
140 3174 23 18 to
175 3168 31 25 let
218 3169 38 24 the
269 3169 30 23 oil
313 3169 24 23 be
347 3169 96 32 shipped
455 3178 30 15 on
504 3177 96 17 account
621 3172 24 22 of

59 3201 36 23 the
107 3203 166 22 manufacturer
285 3203 26 22 of
325 3204 26 21 it.

1934 2674 44 23 We
2000 2675 58 23 have
2079 2675 102 23 obtained
2203 2675 38 23 the
2262 2674 114 31 following
2396 2675 58 24 from
2473 2685 13 14 a

1903 2708 148 24 Launceston
2063 2716 69 22 paper
2143 2717 6 15 :—:
2151 2721 32 4 —

2343 141 2 12 s

2292 3049 60 18 I'rice
2363 3054 37 19 per
2410 3049 78 20 bushel

1910 3076 8 21 L
1915 3076 8 8 r
1925 3083 44 18 ear,
2365 3073 25 21 of
2397 3074 60 22 60889

2402 3108 17 13 s.
2449 3100 21 21 d.

1915 3130 47 24 827,
1975 3129 59 21 from
2046 3130 32 19 Ist
2088 3128 54 26 July
2421 3127 13 21 5
2461 3128 14 21 7

1916 3158 39 19 828
2407 3154 28 21 10
2461 3155 26 24 8i

1915 3185 40 20 829
2422 3182 13 19 9
2461 3182 14 19 4

1917 3212 39 19 830
2421 3208 14 20 6
2461 3208 26 25 5$

1910 3238 43 21 1831
2418 3235 13 19 5
2459 3235 12 21 7

1910 3265 47 20 1832
2416 3262 15 19 4
2458 3262 26 23 8}

1910 3292 46 20 1833
2358 3299 31 9 ••••
2420 3289 15 19 4
2460 3290 27 23 3|

1910 3319 46 20 [834
2391 3322 6 6 '
2417 3316 14 19 8
2459 3316 14 20 3

1910 3345 47 21 [835
2421 3343 14 20 3
2461 3343 26 24 6|

1910 3373 10 24 L
1920 3373 43 24 836,
1975 3376 23 17 to
2010 3373 32 19 Ist
2054 3370 55 22 June
2409 3369 26 20 10
2461 3370 14 20 0
