2520 4039
40 43 2395 57 THE

43 103 492 137 NEW
586 100 882 145 ZEALAND
1468 100 126 145 GAZETTE

40 245 2395 103 AND

40 348 1141 102 WELLINGTON
1295 348 1140 102 SPECTATOR.

551 495 229 42 PUBLISHED
826 501 132 36 EVERY
1003 497 256 40 WEDNESDAY
1305 499 85 36 AND
1437 499 227 38 SATURDAY
1711 500 204 37 MORNING.

533 616 128 31 PORT
685 617 287 37 NICHOLSON,
997 615 259 33 SATURDAY
1278 614 237 38 MORNING,
1539 617 269 32 NOVEMBER
1830 622 31 33 5,
1887 621 87 29 1842.

2226 621 100 40 [Vol.
2348 618 66 32 111.

60 624 50 31 No.
127 618 83 39 191.]

2087 709 53 20 For
2154 710 68 25 Sale,

1877 740 89 47 THE
1981 741 98 21 CARGO
2096 741 25 21 of
2133 742 35 21 the
2178 744 116 20 Elizabeth.

1937 769 41 19 300
1988 771 44 17 tons
2042 768 45 20 best
2098 768 85 22 Chilian
2195 770 72 26 Flour,
2279 771 57 22 fresh
2353 771 93 27 ground,

1875 791 71 23 direct
1956 793 51 21 from
2018 794 132 28 Valparaiso,
2162 799 23 18 at
2194 797 47 21 £20
2251 805 39 18 per
2300 802 44 22 ton,
2357 798 59 22 cash.

2219 823 81 22 Waitt
2310 825 45 21 and
2364 825 84 21 Ty3er.

1876 846 140 27 Wellington,
2028 847 124 22 November
2162 850 19 24 4,
2195 851 59 20 1842.

1990 891 49 21 For
2053 892 68 24 Sale,
2136 899 35 14 ex

1877 923 106 47 PALE
1998 923 88 23 INDIA
2102 925 62 21 ALE
2178 925 23 21 in
2218 926 76 28 bottle,
2307 927 85 27 Bryant
2408 928 43 21 and

1949 949 91 28 Davis's,

1904 976 69 26 Stout,
1984 977 77 26 Bryant
2070 977 44 22 and
2125 979 96 26 Davis's,

1903 1003 61 21 Bass'
1975 1003 79 22 Burton
2063 1005 41 26 ale,

1903 1030 53 20 Pale
1976 1030 71 27 sherry
2063 1032 44 20 and
2124 1032 110 27 Madeira,
2254 1033 138 23 Rutherford
2409 1035 44 21 and

1876 1056 93 27 Drury's
1979 1057 72 26 brand,

1904 1083 59 27 Very
1974 1083 32 21 old
2017 1084 105 27 Madeira,
2133 1089 50 23 port
2197 1087 43 21 and
2256 1087 77 28 sherry
2342 1089 24 21 in
2381 1089 70 26 wood,

1877 1110 129 21 Rutherford
2016 1111 42 21 and
2067 1112 92 26 Drury's
2170 1113 78 26 brand,

1905 1136 43 21 Old
1958 1144 79 19 cognac
2047 1138 83 27 brandy
2140 1139 22 21 in
2173 1139 75 26 bottle,

1904 1163 83 27 Cherry
1997 1164 78 27 brandy
2085 1165 22 21 in
2118 1172 69 19 cases,

1904 1190 112 26 Sparkling
2027 1191 140 28 champagne,

1905 1216 136 22 Marascliion
2053 1217 41 21 and
2101 1219 75 26 punch
2187 1226 98 21 essence,

1905 1242 48 22 Eau
1964 1243 26 21 de
2002 1244 99 26 Cologne,

1906 1270 9 19 1
1927 1277 50 13 case
1988 1270 79 22 French
2077 1278 59 19 rugs.

1905 1296 102 21 Assorted
2018 1297 99 27 anchors,

1906 1322 69 22 Chain
1987 1324 73 26 cables,
2071 1325 88 21 various
2168 1326 63 26 sizes,

1906 1349 78 22 Patent
1994 1355 85 22 carpets,

1907 1376 92 28 Glasses,

1905 1404 118 27 Tumblers,

1907 1430 91 27 Pickles,

1906 1457 76 21 Butter
1991 1458 18 20 in
2017 1458 50 26 jars,

1906 1484 53 21 Pine
1971 1484 79 27 cheese,
2063 1486 39 21 &c.
2114 1487 39 21 &c.

2182 1520 81 24 Wavtt
2279 1522 45 21 and
2341 1524 86 21 Ty»er.

1907 1548 137 28 Wellington,
2056 1551 127 27 September
2192 1553 32 25 30,
2239 1555 60 19 1842.

1879 1602 53 19 For
1942 1602 65 24 Sale,
2018 1603 42 20 the
2077 1609 82 20 cargo
2178 1605 29 20 of
2220 1607 45 19 the

1888 1633 15 25 1
1922 1633 62 25 XA
2009 1634 76 22 TONS
2110 1636 25 20 of
2155 1637 37 21 the
2215 1638 49 21 best
2286 1638 60 22 fresh
2369 1640 88 26 ground

1887 1659 96 21 \.*J\J
1999 1661 80 21 Chilian
2097 1661 62 28 flour,
2177 1671 49 14 now
2242 1665 91 27 landing
2347 1666 57 21 from
2420 1666 36 22 the

2000 1689 97 26 Cheerful,
2116 1690 69 21 direct
2200 1691 54 21 from
2277 1692 157 25 Valparaiso—
2436 1698 22 17 at

1882 1713 45 22 £20
1938 1720 39 21 per
1989 1717 39 19 ton.

2188 1744 82 23 Waitt
2286 1753 45 14 and
2345 1747 85 22 Tyser,

1910 1767 48 21 Oct.
1969 1769 30 26 23,
2011 1770 55 20 1842.

2054 1816 41 19 Ex

1887 1845 65 37 Oi~|
1970 1847 74 23 TONS
2058 1849 45 21 first
2120 1849 57 21 fresh
2193 1850 86 27 ground
2296 1852 91 27 Sydney
2401 1851 57 23 flour

1984 1875 21 20 15
2021 1875 68 21 chests
2100 1875 69 27 hyson
2181 1880 42 23 tea,

1971 1903 35 19 100
2021 1902 68 22 chests
2099 1910 67 19 green
2178 1906 42 24 tea,

1984 1930 23 19 10
2020 1929 50 26 bags
2079 1929 76 27 coffee,

1995 1956 10 19 5
2020 1955 50 27 bags
2080 1964 89 19 pepper,

2192 1983 82 23 Waitt
2289 1986 45 21 and
2348 1987 84 21 Ttser.

1911 2007 93 22 October
2012 2010 33 24 25,
2058 2011 56 19 1842.

2001 2054 39 19 On
2054 2054 67 24 Sale,
2136 2060 35 15 ex

1885 2084 116 49 SLOPS,

1935 2112 75 20 Cotton
2021 2112 68 26 shirts,

1936 2138 92 26 Regatta
2039 2139 39 25 do.,

1938 2164 83 21 Double
2032 2166 39 20 and
2082 2166 189 26 single-barrelled
2284 2169 89 27 fowling
2383 2169 78 27 piece*,

1885 2190 58 26 (flint
1953 2191 42 21 and
2005 2193 140 26 percussion,)

1936 2218 99 27 Farming
2048 2219 143 27 implements,

1869 2253 2 20 I
1938 2246 129 26 Carpenters'
2077 2246 63 26 tools,
2151 2254 61 19 saws,
2224 2255 43 14 saw
2279 2248 54 27 files,
2345 2251 48 24 &c,

1938 2272 160 28 Ironmongery,
2109 2273 63 27 nails,
2184 2275 46 25 fire,

1938 2299 68 21 Glass.

2146 2327 24 21 F.
2187 2327 27 22 V.
2230 2329 99 21 Martin
2343 2329 44 22 and
2397 2329 40 22 Co.

1885 2358 30 22 Te
1925 2359 54 26 Aro,
1991 2359 121 26 September
2121 2360 33 26 27,
2167 2361 58 20 1812.

1915 2404 38 19 To
1966 2404 191 24 Ship-builders
2172 2405 54 20 and
2242 2405 193 25 Ship-owners.

1889 2436 70 48 ON
1976 2437 71 21 SALE
2061 2437 27 27 by
2101 2437 35 21 the
2148 2438 159 27 undersigneds
2311 2450 26 4 —

1953 2463 97 21 Anchors
2061 2465 23 20 of
2096 2464 30 21 all
2136 2465 62 26 sizes,

1916 2490 69 22 Chain
1996 2491 67 20 cables
2073 2490 43 22 and
2132 2491 60 21 short
2206 2491 76 22 linked
2299 2492 83 27 chains,
2394 2493 71 21 tested

1889 2517 28 26 by
1928 2524 12 14 a
1951 2517 126 26 hydrostatic
2087 2518 87 27 engine,
2183 2519 98 21 assorted
2292 2520 55 21 sizes
2357 2519 44 22 and
2413 2527 53 14 war-

1889 2544 84 26 ranted,

1917 2570 101 22 Bitheads
2028 2571 41 21 and
2079 2578 62 20 spare
2152 2571 108 27 shackles,

1917 2597 108 21 Windlass
2035 2599 63 19 metaJ
2108 2598 24 20 in
2143 2598 108 27 complete
2261 2601 61 24 setts,

1918 2624 107 20 Mariners
2035 2632 126 19 compasses,

1918 2651 44 20 Sail
1974 2657 85 15 canvass
2068 2651 43 21 and
2123 2652 71 25 twine,

1919 2677 69 26 Pitch,
2000 2680 36 23 tar,
2049 2679 35 20 &c.
2097 2678 39 21 &c.

2245 2705 88 22 Willis
2343 2713 47 14 and
2400 2706 39 22 Co.

1893 2730 97 21 October
1999 2732 28 25 11,
2040 2732 56 20 1812.

1945 2775 52 20 For
2014 2776 56 19 Sale
2093 2777 27 18 at
2143 2776 44 24 the
2202 2776 105 20 Nelson
2328 2776 84 26 Dairy

2162 2804 30 19 at

2065 2829 103 20 Nelson
2182 2830 103 20 Haven.

1896 2867 66 25 f>A
1978 2862 78 22 COWS
2070 2862 33 22 IN
2120 2862 84 26 CALF,

1892 2887 70 27 O\J
1990 2890 24 20 30
2023 2888 78 22 heifers
2110 2889 23 21 in
2143 2889 50 26 calf,

1991 2915 23 21 50
2023 2923 73 19 young
2105 2915 87 28 heifers,

1920 2943 14 19 4
1943 2941 110 22 halt-bred
2061 2941 101 22 Durham
2174 2943 65 26 bulls,

1921 2969 24 20 11
1956 2972 69 22 steers,

1947 2996 14 20 6
1971 2995 92 27 working
2072 2994 107 27 bullocks,

1947 3022 13 20 4
1971 3022 57 20 stock
2037 3021 79 27 horses,

1948 3049 40 20 100
1997 3055 58 19 ewes,

1947 3075 27 20 50
1983 3074 94 27 wethers,

1919 3101 48 21 The
1983 3101 64 21 above
2061 3109 35 13 are
2111 3102 56 21 from
2183 3102 39 20 Dr.
2234 3102 93 26 Imlay's
2343 3102 127 22 celebrated

1894 3128 62 22 stock
1966 3132 22 17 at
1996 3128 93 22 Twofold
2102 3128 43 26 Ba}
2152 3143 5 6 .
2185 3129 48 21 The
2244 3129 66 21 cattle
2326 3136 36 14 are
2372 3129 38 21 the
2421 3129 51 21 best

1896 3154 59 26 bred,
1966 3154 53 22 have
2031 3155 52 21 been
2094 3154 82 22 landed
2186 3155 22 21 in
2222 3155 37 21 the
2270 3155 65 21 finest
2345 3155 70 26 order,
2427 3155 43 22 and

1896 3182 57 21 form
1964 3181 35 21 the
2011 3182 47 21 best
2066 3182 103 21 selection
2178 3182 24 21 of
2209 3189 42 20 any
2258 3182 33 21 lot
2299 3186 39 23 yet
2345 3182 96 26 brought
2450 3186 22 17 to

1897 3209 55 21 New
1963 3208 99 22 Zealand.
2091 3208 43 22 For
2141 3208 134 28 particulars,
2288 3209 64 28 apply
2362 3213 22 17 to

2077 3243 23 22 S.
2115 3242 101 27 Revans,
2231 3242 142 28 Wellington,
2386 3249 25 15 or

2079 3269 28 21 D.
2118 3269 145 26 Drummond,
2275 3269 84 22 Nelson
2371 3269 87 22 Havea.

1923 3296 54 26 July
1988 3296 17 23 7,
2016 3297 56 20 1842.

2014 3340 166 26 Wellington
2195 3340 160 21 Almanack.

1898 3373 47 50 IT
1955 3373 40 21 has
2002 3373 53 21 been
2064 3372 107 26 arranged
2182 3375 22 19 to
2213 3372 58 22 issue
2281 3380 13 13 a
2310 3372 85 22 Pocket
2408 3372 43 22 and
2460 3379 14 14 a

1955 3399 63 23 Sheet
2028 3399 121 22 Almanack
2158 3399 34 21 for
2202 3400 59 24 1843,
2272 3399 56 21 from
2340 3399 35 21 the
2389 3399 86 20 Gazette

1899 3426 76 24 Oifice.
2002 3427 89 21 Persons
2106 3425 67 26 being
2186 3426 23 20 in
2217 3425 124 27 possession
2350 3425 26 22 of
2388 3432 44 20 any
2441 3426 33 20 in-

1898 3453 115 21 formation
2025 3453 67 21 which
2103 3451 51 34 they
2165 3451 63 23 think
2237 3451 70 28 likely
2317 3455 22 18 to
2348 3451 46 23 add
2404 3455 22 18 to
2437 3452 37 22 the

1899 3480 112 21 attraction
2021 3480 25 21 of
2053 3479 33 22 the
2097 3478 60 22 work
2166 3479 24 21 in
2205 3478 108 28 question,
2325 3486 36 14 are
2374 3478 100 22 solicited

1900 3510 22 17 to
1931 3505 82 23 furnish
2023 3507 35 20 the
2067 3512 60 15 same
2138 3509 22 18 to
2171 3505 36 21 the
2217 3506 84 20 Gazette
2308 3505 76 26 Office,
2394 3505 33 21 for
2437 3505 37 21 the

1900 3540 38 14 use
1948 3533 25 21 of
1980 3533 33 21 the
2023 3533 73 21 Editor
2105 3533 26 21 of
2138 3540 12 13 a
2161 3532 59 22 work
2229 3531 79 27 which,
2317 3532 21 22 if
2343 3531 49 23 wvll
2401 3531 74 23 Btored

1898 3559 52 22 with
1960 3559 53 22 local
2030 3563 82 22 matter,
2124 3561 82 19 cannot
2214 3558 39 22 fail
2268 3561 23 19 to
2308 3565 61 15 serve
2380 3556 36 22 (he
2428 3556 48 23 best

1898 3586 102 22 interests
2008 3586 24 21 of
2040 3585 34 22 the
2083 3585 133 22 settlement.

1900 3636 174 50 NOTICE.—
2075 3635 39 22 All
2119 3642 90 21 persons
2214 3634 108 23 indebted
2327 3637 21 19 to
2355 3634 46 23 Mr.
2411 3634 26 22 G.
2445 3634 31 23 D.

1970 3668 3 5 '
1990 3662 113 26 Monteith,
2115 3669 37 14 are
2171 3661 118 28 requested
2310 3663 23 20 to
2350 3662 54 30 pay-
2419 3660 58 23 their

1901 3692 102 21 accounts
2012 3693 22 17 to
2042 3689 33 21 hiß
2084 3688 111 26 collector,
2207 3688 48 21 who
2265 3688 19 21 is
2299 3686 114 29 provided'
2422 3687 54 23 with

1900 3716 87 28 printed
1995 3716 87 28 receipts
2095 3715 92 26 bearing
2202 3714 34 23 his
2251 3714 87 22 written
2349 3714 113 27 signature
2471 3723 4 17 ;

1901 3743 45 21 and
1955 3743 70 21 unless
2034 3742 34 22 the
2079 3749 60 15 same
2150 3749 36 14 are
2197 3740 80 23 settled
2289 3740 124 26 forthwith,
2425 3740 53 29 they

1901 3770 44 21 will
1955 3770 27 21 be
1992 3770 82 21 handed
2084 3775 52 15 over
2145 3770 22 19 to
2178 3775 14 14 a
2206 3767 95 23 solicitor
2315 3767 35 22 for
2365 3766 58 23 their
2435 3768 42 21 im-

1901 3796 96 22 mediate
2005 3803 106 20 recovery.
2202 3803 2 5 ■
2237 3798 4 10 '
2330 3802 3 5 •
2354 3803 3 5 •

1986 3831 9 13 :,
2225 3820 27 22 G.
2268 3820 30 22 D.
2314 3820 138 23 Monteith.

1929 3850 136 27 Wellington,
2075 3849 50 21 Oct.
2136 3849 33 24 20,
2181 3848 60 21 1840.
2254 3864 1 8 ,

1906 3894 70 48 ON
1992 3892 77 27 SALE)
2086 3895 22 19 at
2119 3891 42 21 this
2173 3891 73 26 office,
2255 3891 71 22 blank
2338 3893 56 21 Bill
2405 3891 76 22 Boos*

2126 3917 69 27 office,
2207 3917 55 23 D«c.
2272 3919 30 20 4..
2369 3935 5 3 .
2386 3935 16 10 _.
2416 3929 2 5 ■

1258 704 183 49 WILLIAM
1461 705 105 22 ALLEN
1589 706 140 27 respectfully
1747 707 93 21 informs

1353 731 36 21 the
1400 731 136 22 inhabitants
1552 732 26 21 of
1590 732 50 21 Port
1653 732 127 28 Nicholson,
1793 734 49 21 that
1872 742 2 16 j

1258 758 27 21 he
1303 758 40 21 has
1362 758 90 21 entered
1472 759 47 20 into
1539 764 165 21 i>rrangements
1724 760 52 21 with
1797 760 43 21 Mr.

1259 785 60 21 Watt
1328 786 33 21 for
1372 793 13 13 a
1395 785 87 26 regular
1492 786 78 26 supply
1581 786 24 21 of
1617 786 57 25 beef,
1686 789 94 24 mutton,
1793 788 47 24 &c,
1872 802 2 10 ,

1258 812 71 21 which
1340 812 41 21 will
1393 812 79 21 enable
1484 812 46 21 him
1541 816 21 17 to
1574 812 37 21 sell
1626 816 23 17 at
1665 812 99 22 reduced
1771 814 71 26 prices

1261 839 35 20 for
1305 839 67 25 ready
1383 846 82 18 money
1476 839 60 26 only.

1285 865 34 21 W.
1331 866 28 21 A.
1369 866 56 25 begs
1433 866 46 20 that
1490 866 29 20 all
1535 865 142 27 outstanding
1686 869 106 18 accounts
1800 866 42 21 due

1259 896 21 17 to
1290 892 46 21 him
1347 899 49 19 may
1409 892 26 21 be
1445 892 81 21 settled
1534 892 118 27 forthwith,
1665 900 24 13 as
1698 892 35 21 his
1745 893 98 21 business

1258 918 43 22 will
1313 919 20 20 in
1345 919 74 21 future
1429 919 28 21 be
1468 918 123 22 conducted
1602 919 70 22 under
1682 920 94 21 another
1786 920 56 21 firm.

1481 965 53 19 For
1549 964 68 25 Sale,

1260 998 94 32 npWO
1369 998 117 22 well-built
1501 999 128 21 substantial
1645 999 88 26 houses,
1748 1000 96 21 situated

1266 1020 29 27 JL
1319 1025 22 21 in
1354 1033 41 14 one
1406 1026 25 21 of
1444 1026 35 21 the
1489 1030 58 17 most
1557 1026 132 21 convenient
1697 1030 60 23 parts
1767 1027 26 20 of
1806 1026 35 21 the

1259 1055 65 23 town,
1341 1052 91 27 directly
1449 1054 22 19 in
1489 1052 37 21 the
1542 1060 48 14 rear
1607 1053 23 21 of
1646 1053 103 21 Barrett's
1766 1053 75 21 Hotel.
1872 1056 2 3 '

1259 1079 47 20 One
1318 1080 25 20 of
1354 1080 60 21 them
1430 1080 102 21 contains
1546 1080 49 21 four
1609 1087 81 19 rooms,
1701 1080 45 21 and
1762 1080 18 21 is
1796 1087 48 14 now

1259 1106 105 26 realizing
1375 1108 44 20 10s.
1430 1106 94 21 a-week.
1564 1108 19 19 A
1595 1108 101 20 fourteen
1711 1113 63 20 years
1785 1107 58 21 lease

1259 1139 41 14 can
1310 1133 25 21 be
1344 1134 74 26 given.
1456 1133 47 21 The
1520 1134 86 26 ground
1620 1134 19 20 is
1656 1133 50 21 well
1722 1133 80 22 fenced
1811 1133 31 27 in,

1259 1159 44 22 and
1313 1167 49 20 may
1372 1160 28 21 be
1412 1167 51 14 seen
1474 1167 29 14 on
1515 1160 131 27 application
1658 1164 22 17 to

1624 1193 21 22 J.
1658 1194 131 25 Shepherd,

1552 1222 31 20 At
1593 1219 90 23 Colonel
1694 1220 149 21 Wakefield's.

1413 1267 39 19 To
1466 1266 34 19 be
1517 1266 62 20 sold
1594 1266 93 25 cheap,

1260 1299 73 49 AN
1348 1299 112 22 excellent
1470 1306 79 20 square
1565 1303 52 23 tent,
1628 1298 62 22 lined
1701 1299 143 26 throughout,

1324 1327 53 21 with
1388 1334 12 14 a
1411 1326 97 22 boarded
1518 1326 63 22 floor.

1288 1360 73 28 Apply
1372 1364 22 17 at
1405 1360 37 21 the
1456 1361 86 20 Gazette
1552 1360 76 22 Office.
1859 1363 3 23 |

1374 1407 123 25 Country
1513 1407 76 19 Land
1603 1406 41 20 for
1659 1406 69 20 Sale.

1263 1440 67 49 TO
1345 1440 38 21 BE
1397 1440 78 21 SOLD
1494 1440 35 21 IN
1545 1440 79 27 LOTS,
1640 1443 23 18 to
1680 1440 44 21 suit
1740 1439 36 22 the
1794 1447 52 14 con-

1336 1468 108 21 venience
1455 1468 24 20 of
1487 1466 134 28 purchasers,
1632 1466 43 22 No.
1684 1468 12 19 3
1706 1467 23 20 in
1741 1466 36 21 the
1787 1470 59 17 town

1263 1493 89 27 district,
1364 1494 43 21 No.
1417 1495 28 20 44
1453 1494 22 21 in
1487 1494 38 21 the
1541 1494 58 21 Hutt
1607 1494 92 25 district,
1712 1493 43 21 and
1766 1494 43 20 No.
1821 1495 25 19 68

1262 1520 22 21 in
1302 1520 36 21 the
1357 1520 93 21 Porirua
1468 1520 86 22 district
1563 1529 4 12 :
1583 1521 48 21 half
1642 1520 26 21 of
1684 1520 37 21 the
1740 1520 106 26 purchase

1263 1555 79 19 money
1353 1548 44 20 will
1412 1548 26 20 be
1449 1548 94 20 allowed
1558 1551 21 18 to
1589 1547 84 22 remain
1685 1554 28 15 on
1724 1552 122 21 mortgage,

1263 1578 22 17 at
1296 1576 24 19 10
1329 1582 38 19 per
1378 1578 58 17 cent.
1466 1574 44 21 For
1519 1574 136 27 particulars,
1668 1574 65 26 apply
1744 1578 22 16 to

1534 1609 95 21 Hanson
1643 1608 45 21 and
1703 1608 117 20 Alzdori-.

1399 1655 83 18 Town
1499 1654 76 20 Land
1588 1654 40 20 for
1643 1654 69 19 Sale.

1266 1687 89 49 THE
1371 1687 70 21 whole
1460 1687 24 21 of
1499 1691 58 17 town
1569 1688 94 20 sections
1678 1687 54 20 Nos.
1743 1687 46 26 285,
1802 1688 45 24 106,

1339 1715 43 20 and
1400 1716 46 24 878,
1459 1715 42 20 and
1517 1718 47 22 part
1576 1715 25 20 of
1613 1718 59 17 town
1689 1714 96 20 sections
1801 1715 46 24 204,

1265 1743 46 24 248,
1323 1741 42 21 and
1381 1743 40 19 528
1439 1749 35 13 are
1489 1741 82 21 offered
1581 1742 32 20 for
1623 1741 52 21 sale.
1705 1740 59 21 Half
1776 1740 24 21 of
1813 1740 35 21 the

1265 1768 106 27 purchase
1388 1776 80 18 money
1480 1772 21 16 to
1512 1769 83 20 remain
1607 1775 27 14 on
1652 1771 122 22 mortgage,
1786 1771 23 17 at
1824 1769 25 19 10

1266 1802 37 20 per
1314 1800 55 16 cent.
1400 1795 44 21 For
1452 1795 136 27 particulars,
1600 1794 64 28 apply
1675 1798 22 17 to

1536 1829 94 21 Hanson
1646 1829 45 20 and
1706 1828 117 21 Alzdorf.

1285 1875 84 19 Town
1386 1875 54 19 and
1456 1875 121 24 Country
1592 1874 75 20 Land
1682 1875 30 18 to
1727 1874 33 19 be
1776 1875 56 18 Let.

1268 1908 165 49 SECTIONS
1451 1907 43 20 and
1511 1908 98 25 portions
1626 1907 25 21 of
1665 1907 101 20 Sections
1782 1906 23 21 in
1821 1906 28 21 all

1336 1938 59 23 parts
1412 1934 26 21 of
1453 1934 37 21 the
1509 1934 69 21 Town
1598 1934 23 21 of
1639 1933 144 27 Wellington,
1804 1933 45 21 also

1267 1962 96 26 Country
1374 1961 100 21 Sections
1489 1961 24 20 in
1524 1960 37 22 the
1578 1960 94 21 districts
1690 1960 25 21 of
1729 1960 36 21 the
1784 1960 64 26 Hutt,

1266 1989 37 21 the
1317 1988 87 26 Karori,
1418 1988 35 21 the
1465 1987 76 26 Ohiro,
1555 1988 43 21 and
1609 1988 37 20 the
1658 1987 98 21 Porirua.
1786 1986 64 27 Long

1266 2016 68 20 louses
1346 2016 23 19 of
1378 2015 36 20 the
1432 2018 94 22 country
1537 2014 52 21 land
1605 2014 43 21 will
1666 2014 27 20 be
1708 2014 94 26 granted
1822 2021 27 13 on

1266 2042 127 21 reasonable
1405 2045 74 16 terms.
1510 2041 43 20 For
1563 2040 130 28 particulars
1701 2040 66 26 apply
1779 2044 22 16 to

1295 2075 93 21 Hanson
1400 2075 45 20 and
1460 2074 116 25 Ai.ZDOitr,
1586 2073 197 26 Thorndon-quay.
1795 2080 24 14 or
1828 2077 22 17 to

1294 2103 92 20 Robert
1397 2103 93 24 Stokes,
1503 2101 64 21 Land
1581 2103 110 24 Surveyor
1708 2100 44 21 and
1767 2101 82 25 Agent,

1450 2127 215 22 Woolconib-streot.

1320 2176 65 19 Port
1400 2174 152 21 Nicholson
1568 2174 52 20 and
1630 2173 157 26 Wanganui

1271 2207 161 32 QEVEIIAL
1447 2207 68 21 Town
1532 2207 42 21 and
1593 2207 97 25 Country
1711 2206 98 20 Sections
1827 2206 23 20 in

1270 2229 31 28 k5
1332 2235 61 20 these
1404 2234 94 21 districts
1509 2239 22 16 to
1543 2235 26 19 be
1579 2233 46 21 sold
1635 2240 24 14 or
1677 2233 37 21 let.
1745 2232 43 21 For
1801 2239 50 20 par-

1268 2261 87 22 ticulars
1365 2261 45 21 and
1421 2265 73 22 terms,
1505 2261 66 27 apply
1582 2265 20 17 to

1572 2301 93 21 Robert
1680 2300 27 20 R.
1724 2300 99 20 Strang.

1296 2329 86 26 August
1392 2330 19 24 4,
1425 2330 7 18 I
1437 2330 12 19 S
1455 2330 28 19 I2.

1270 2375 85 19 Town
1379 2374 54 19 and
1458 2374 121 25 Country
1599 2374 76 19 Land
1696 2374 29 19 to
1747 2374 51 19 Let
1818 2378 35 14 on

1458 2402 79 25 Long
1557 2402 106 19 Leases.

1272 2435 96 49 NOS.
1386 2435 25 21 of
1429 2435 36 21 the
1484 2439 58 17 town
1563 2442 59 14 acres
1642 2442 28 14 on
1689 2434 37 21 the
1746 2435 110 25 Surveyor

1470 2461 115 22 General's
1597 2462 61 25 Plan,

1379 2490 41 20 224
1546 2490 40 20 510
1708 2489 39 20 2C3

1274 2515 42 21 For
1325 2515 138 27 particulars,
1474 2515 67 28 apply
1552 2520 20 16 to

1412 2551 3 4 '
1437 2550 122 26 Wallace,
1571 2549 91 25 Whith,
1675 2548 45 21 and
1734 2548 123 21 Wallace.

1301 2577 54 26 May
1364 2578 33 24 31,
1411 2578 59 20 1842.

1276 2622 65 48 TO
1360 2621 39 21 BE
1420 2621 85 25 SOLD,
1522 2621 23 21 in
1561 2621 41 21 lots
1616 2623 21 18 to
1658 2620 44 21 suit
1721 2619 136 27 purchasers,

1340 2649 36 21 the
1393 2649 69 20 whole
1480 2648 26 20 of
1517 2651 58 17 town
1592 2654 48 14 acre
1658 2646 43 21 No.
1714 2647 45 25 131,
1778 2653 26 13 on
1822 2645 36 21 the

1275 2676 49 27 plan
1336 2676 24 21 of
1365 2675 36 21 the
1407 2675 65 21 Town
1481 2674 24 21 of
1510 2674 140 26 Wellington,
1658 2673 83 25 having
1746 2673 114 25 frontages

1275 2707 21 17 to
1305 2702 189 22 Taranaki-street
1505 2701 44 21 and
1561 2701 192 26 Ingestrie-street.
1783 2699 76 21 Terms

1273 2729 83 23 liberal.
1386 2729 73 27 Apply
1471 2731 22 18 to

1609 2754 34 20 W.
1656 2752 28 22 V.
1696 2752 108 26 Brewer,

1667 2780 191 21 Manners-street.

1303 2811 56 21 June
1371 2811 32 23 17,
1416 2811 58 20 1812.

1277 2855 115 49 LAND
1409 2858 21 17 to
1439 2855 28 20 be
1479 2853 52 22 Sold
1543 2860 24 14 or
1577 2854 41 21 Let
1632 2860 27 13 on
1676 2851 102 26 building
1791 2850 69 21 leases

1352 2882 20 21 in
1385 2882 29 20 all
1425 2884 59 24 parts
1494 2881 25 20 of
1528 2881 36 20 the
1574 2881 74 20 Town.
1679 2877 74 28 Apply
1766 2882 20 16 to

1385 2915 89 21 Messrs.
1491 2914 78 21 Evans
1583 2912 41 22 and
1640 2912 122 24 Chetham,

1580 2940 116 24 Solicitors,

1644 2964 188 26 Lambton-quay.

1305 2995 54 27 May
1368 2997 34 23 23,
1415 2995 58 21 1842.

1278 3041 169 25 Wellington
1469 3039 54 20 and
1541 3035 155 28 Wanganui
1697 3046 27 4 —
1725 3035 91 21 Lands
1831 3035 29 19 to

1515 3066 34 19 be
1565 3066 54 18 Let.

1280 3100 118 49 TOWN
1425 3097 207 23 ALLOTMENTS
1656 3096 24 21 in
1703 3095 31 21 all
1757 3098 60 24 parts
1840 3094 23 21 of

1352 3126 137 26 Wellington
1506 3125 45 21 and
1562 3122 130 28 Wanganui,
1704 3122 45 21 and
1766 3122 96 26 Country

1280 3154 95 22 Sections
1390 3154 22 20 in
1430 3152 54 21 both
1500 3152 102 26 districts,
1618 3155 22 17 to
1656 3150 26 21 be
1698 3149 32 22 let
1740 3156 27 14 on
1785 3149 77 20 leases.

1281 3181 41 21 For
1332 3180 61 28 plans
1404 3179 45 22 and
1458 3179 138 28 particutars,
1607 3177 65 27 apply
1682 3180 23 17 to

1610 3211 86 22 Henry
1713 3211 35 21 St.
1766 3209 69 22 Hill.

1306 3241 54 27 July
1371 3242 18 25 1,
1401 3241 60 21 1842.

1445 3285 91 20 Beach
1552 3284 144 25 Frontage.

1284 3321 64 48 TO
1363 3320 39 22 BE
1418 3319 63 26 LET,
1498 3318 70 21 beach
1578 3317 100 25 frontage
1693 3316 43 20 lots
1746 3315 23 20 in
1781 3317 84 18 section

1353 3349 42 20 490
1405 3354 28 14 on
1451 3346 36 21 the
1498 3345 55 21 Plan
1566 3344 24 21 of
1598 3343 35 22 the
1643 3342 69 22 Town
1727 3342 25 21 of
1759 3341 106 26 Welling-

1282 3379 44 22 ton,
1338 3374 114 27 adjoining
1463 3373 42 21 Mr.
1514 3371 89 21 Taine-'s
1609 3373 68 23 store;
1694 3368 44 22 and
1748 3368 22 21 in
1781 3367 84 22 section

1281 3403 46 25 616,
1336 3401 99 22 between
1444 3399 75 27 Major
1527 3397 89 23 Baker's
1627 3396 44 22 and
1680 3395 44 21 Mr.
1733 3394 133 22 Swainson's

1282 3428 85 22 houses.

1310 3455 53 22 Also
1374 3454 37 22 the
1420 3453 114 26 following
1543 3451 94 22 sections
1648 3456 28 14 on
1687 3448 37 22 the
1733 3448 55 22 Plan
1798 3448 25 21 of
1830 3448 36 20 the

1282 3482 76 27 Town,
1368 3481 46 21 viz:
1416 3491 28 4 —

1384 3509 27 20 55
1548 3507 40 19 319
1737 3503 41 20 922

1371 3536 41 20 240
1548 3533 40 20 718
1725 3529 53 21 1079

1310 3562 74 26 Apply
1398 3564 23 18 to
1458 3577 2 7 ,
1581 3577 3 9 t

1456 3586 28 21 E.
1501 3585 21 21 J.
1538 3584 149 24 Wakefield,
1703 3589 25 14 or

1442 3614 2 8 '
1458 3612 36 20 W.
1509 3610 29 22 V.
1675 3606 192 23 Manners-street.

1284 3660 120 23 Country
1419 3656 124 22 Sections
1564 3655 40 20 for
1623 3653 60 21 Sale
1705 3657 36 15 on
1760 3650 108 22 Liberal

1504 3698 2 5 ,
1527 3681 99 21 Terms.

1287 3715 162 52 SEVERAL
1484 3713 101 23 Sections
1611 3711 26 22 of
1668 3710 100 27 Country
1796 3708 71 27 Land,

1349 3743 90 27 already
1450 3740 82 23 chosen
1542 3740 22 21 in
1576 3739 35 22 the
1625 3737 93 23 Porirua
1733 3736 92 25 district,
1835 3735 35 22 for

1285 3771 57 26 Sale,
1353 3777 75 15 terms
1438 3775 105 15 liberal.
1572 3765 74 29 Apply
1656 3767 23 18 to

1379 3803 25 22 F.
1420 3803 29 21 A..
1463 3802 169 23 Molbswortk,
1649 3796 185 28 Murphy-atreet,
1846 3802 24 15 or

1381 3830 35 23 W.
1431 3829 28 24 Y.
1473 3829 107 24 Brewrr,
1590 3826 194 23 Manners-street.

1289 3882 69 49 ON
1374 3881 85 25 SALE,
1475 3883 23 18 at
1507 3878 38 22 the
1557 3879 84 20 Gazette
1656 3874 78 25 Offibe,
1752 3880 28 15 an
1793 3876 77 19 exten-

1364 3909 47 22 sive
1421 3907 44 22 and
1473 3905 77 23 varied
1560 3905 132 22 assortment
1708 3901 26 21 of
1750 3900 121 26 stationery

1291 3937 22 20 »f
1324 3942 66 20 every
1400 3933 142 26 do*orip*4em.
1545 3939 2 4 p

638 708 162 48 MESSRS.
823 706 155 23 MACLEOD
1002 714 45 13 and
1068 706 45 21 CO.
1138 706 45 27 beg
1206 710 22 17 to

729 735 83 21 inform
833 734 37 21 the
891 734 136 21 inhabitants
1047 732 26 21 of
1091 732 138 27 Wellington

636 762 48 21 that
703 762 53 26 they
766 762 57 20 have
840 760 145 22 commenced
1002 767 12 14 a
1030 760 99 26 clearing
1145 760 45 21 sale
1207 760 26 21 of
1258 758 3 21 1

635 789 36 21 the
693 789 71 21 whole
785 789 25 21 of
828 788 35 21 the
885 788 61 22 stock
971 786 68 28 lately
1059 786 123 27 belonging
1206 790 22 18 to

636 816 89 21 Messrs.
734 816 118 21 Anderson
863 814 45 22 and
920 814 106 26 Rowand,
1035 814 23 21 in
1069 814 159 26 Willis-street,
1258 820 3 13 a

635 842 23 22 in
670 843 64 21 order
751 847 20 17 to
783 843 64 21 make
863 849 61 15 room
936 842 35 20 for
988 841 165 26 consignments
1169 841 61 26 daily
1260 840 2 19 i

636 869 108 28 expected
753 870 30 27 by
794 869 37 21 the
842 869 61 27 ships
913 869 78 25 George
999 868 48 26 Fife
1058 867 44 22 and
1112 869 115 24 Blenheim,

636 896 54 22 from
703 897 114 26 England.
845 896 69 21 Their
930 899 89 24 present
1030 894 62 22 stock
1103 895 94 21 consists
1207 894 26 21 of
1259 896 2 17 t

637 930 12 14 a
668 924 92 25 general
779 927 135 18 assortment
937 922 24 22 of
983 922 117 27 groceries,
1127 921 101 27 drapery,
1258 927 3 13 'v

636 950 173 27 haberdashery,
822 950 43 21 and
883 949 114 27 crockery,
1009 948 71 22 which
1091 948 52 26 they
1158 948 73 21 solicit

637 977 36 21 the
684 977 74 27 public
770 981 22 17 to
802 978 94 25 inspect,
906 976 45 21 and
958 976 80 26 which,
1045 976 23 20 in
1075 982 155 20 consequence

637 1004 26 20 of
670 1010 67 20 many
749 1003 166 27 advantageous
926 1005 169 23 arrangements
1110 1002 52 26 they
1173 1002 56 21 have
1260 1000 1 17 '

637 1030 73 26 made,
723 1030 54 27 they
788 1038 36 13 are
836 1030 78 21 enable
925 1033 22 17 to
964 1030 54 20 offer
1033 1028 61 21 them
1105 1029 34 20 for
1151 1028 46 21 sale
1207 1032 23 18 at

638 1064 12 14 a
661 1057 67 21 lower
738 1057 61 26 price
810 1057 54 21 than
882 1064 44 19 any
936 1057 64 21 other
1008 1056 69 26 goods
1087 1056 25 20 of
1120 1055 37 21 the
1168 1063 62 13 same
1259 1055 2 17 t

638 1084 136 27 description
784 1084 71 21 which
871 1083 58 21 have
946 1087 38 23 yet
995 1083 56 21 been
1063 1082 81 21 offered
1159 1085 22 18 to
1192 1082 37 21 the
1259 1080 2 19 I

637 1111 81 26 public.
1259 1113 2 14 J

666 1144 158 26 Willis-street,
837 1144 31 21 Te
880 1144 54 25 Aro,
947 1144 50 21 Oct.
1007 1144 34 21 28.
1054 1144 60 21 1842.
1259 1140 2 32 \

863 1188 53 21 For
931 1189 70 24 Sale,

640 1223 124 48 Agdod
784 1222 134 22 substantial
934 1221 53 23 'well
1010 1222 59 21 built
1091 1221 69 22 house
1185 1220 45 22 and

719 1249 113 28 premises,
859 1249 53 22 with
937 1257 13 13 a
975 1249 127 21 Publican's
1132 1247 99 23 General

640 1277 94 22 License
752 1277 109 27 attached,
882 1276 22 21 in
925 1284 14 13 a
960 1275 157 28 commanding
1135 1275 44 21 and
1197 1275 35 21 in-

641 1304 102 26 creasir-g
767 1303 183 27 neighbourhood
972 1303 24 21 in
1020 1302 144 27 Wellington,
1186 1301 46 21 and

641 1330 50 22 well
701 1330 85 27 worthy
802 1331 45 20 the'
857 1330 109 21 attention
981 1329 26 21 of
1023 1329 64 22 small
1102 1328 129 28 capitalists.
1260 1344 1 4 .

641 1357 48 22 The
703 1360 69 19 terms
787 1357 123 26 moderate,
930 1357 46 21 and
994 1364 51 19 may
1061 1357 27 20 be
1103 1357 82 20 known
1202 1356 30 25 by

641 1384 109 28 applying
759 1388 22 18 to

805 1411 22 21 J.
843 1411 129 26 Zillwood,
983 1409 221 22 Wiltshire-Tavern.

671 1443 223 26 Hawkstono-street,
906 1443 89 25 August
1004 1443 33 25 19,
1049 1442 60 20 1842.
1260 1442 2 17 I

644 1480 40 4 ___
684 1480 25 3 —
717 1481 1 3 .
804 1480 3 3 ..
807 1480 24 2 —
831 1480 16 3 _
847 1480 22 3 _

835 1494 64 20 Just
920 1494 120 19 Landed.
1260 1501 2 12 <

647 1528 97 50 BEED
769 1527 126 22 BARLEY
925 1526 45 21 and
995 1526 86 26 OATS,
1107 1525 55 22 bran
1186 1525 47 21 and
1260 1520 2 21 i

711 1555 70 27 Hops.
812 1555 35 21 On
857 1553 46 23 sale
913 1557 23 17 at
1260 1555 2 13 ]

941 1585 21 21 J.
979 1584 32 22 M.
1027 1584 121 27 Taylor's,
1260 1582 2 13 ''

887 1619 127 22 Wholesale
1026 1619 69 25 Store,
1106 1618 32 21 Te
1150 1619 54 20 Aro.

819 1672 92 20 Wines
927 1671 28 20 in
970 1671 90 20 -wood.

647 1707 72 48 ON
736 1706 78 22 SALE
828 1706 29 26 by
868 1706 38 21 the
917 1704 158 27 undersigned,
1085 1704 56 21 from
1155 1711 42 13 one
1213 1703 25 21 of

724 1734 38 21 the
772 1734 48 21 fh-bt
830 1732 94 22 London
935 1732 110 21 houses-

675 1760 82 22 Choice
781 1760 61 25 Port,
866 1758 89 27 Sherry,
981 1758 109 26 Madeira,
1115 1757 120 25 Teiieriffe,
1260 1760 2 18 :

649 1788 88 26 Alican,
767 1788 45 21 and
831 1788 117 24 Taragona
972 1786 75 25 wines,
1068 1785 21 20 in
1110 1785 61 27 pipes
1193 1784 44 21 and

647 1819 90 23 quarter
747 1815 70 25 casks,

675 1842 52 21 Port
738 1842 43 21 and
793 1841 80 27 Sheny
884 1840 22 21 in
922 1847 68 14 cases.

931 1873 20 21 J.
968 1873 34 21 M.
1018 1872 101 26 Taylor,
1136 1872 31 20 Te
1181 1872 54 20 Aro.

677 1902 97 22 October
784 1903 33 25 14,
830 1903 60 20 1842.

770 1948 41 19 On
826 1947 70 24 Sale,
911 1952 36 14 ex

650 1981 185 50 GUNTER'S
851 1987 114 20 preserves
979 1978 44 22 and
1035 1978 82 21 bottled
1135 1978 65 21 fruits
1213 1977 24 21 in

732 2008 98 21 assorted
849 2014 68 19 cases,
937 2006 85 21 bottled
1039 2006 99 25 vinegar,
1150 2012 85 18 sauces,

647 2035 94 26 herring
751 2039 68 22 paste,
830 2037 51 22 pate
892 2040 28 14 au
931 2032 80 25 diable,
1021 2032 91 26 pickles,

633 2066 2 27 j
677 2062 81 21 Choice
770 2061 103 21 Chedder
884 2060 78 21 cheese
974 2059 42 21 and
1028 2058 173 26 confectionery,

633 2098 2 12 i
677 2088 174 23 London-made
861 2087 88 21 saddles
960 2086 44 21 and
1016 2086 87 26 bridles,

633 2112 2 24 !
677 2115 137 22 Bush-made
825 2114 88 22 saddles
923 2113 42 21 and
976 2112 87 26 bridles,

678 2145 56 24 10-4,
747 2143 56 25 11-4,
816 2141 45 21 and
871 2142 50 20 12-4
931 2139 108 26 blankets,
1051 2138 110 26 coloured,

678 2171 49 20 12-4
738 2176 52 19 rugs
800 2168 44 22 and
856 2171 168 21 counterpanes,
1037 2165 61 21 toilet
1110 2172 84 18 covers,

678 2197 115 21 Women's
803 2199 66 22 stays,
882 2193 38 21 red
931 2193 73 26 shirts,

634 2230 2 23 ;
677 2224 53 22 Two
739 2230 61 14 cases
810 2220 138 23 fashionable
959 2219 83 27 shaped
1052 2219 102 25 bonnets,

634 2242 3 40 j
678 2251 100 21 Ribbons
788 2249 45 21 and
844 2247 90 28 general
943 2247 119 25 millinery,

635 2285 2 21 |
679 2277 74 22 Coffee
764 2277 23 21 in
797 2277 62 26 bags,

635 2308 2 14 I
680 2305 75 21 Green
766 2306 35 19 tea
810 2303 24 21 in
844 2303 73 21 chests
927 2301 44 21 and
981 2300 49 22 half
1038 2300 78 25 chests,

680 2333 62 24 Oars,
753 2330 77 22 mould
841 2329 97 25 candles,

680 2358 63 22 Nails
754 2357 24 22 of
785 2364 67 19 every
863 2355 141 26 description,

679 2385 82 22 Tinn'd
773 2388 36 18 tea
819 2384 89 25 kettles,
920 2388 130 21 saucepans,
1062 2381 49 26 &c,

681 2412 74 21 White
765 2411 59 26 lead,
835 2411 81 26 paints,
928 2416 60 20 soap,
1001 2409 39 21 &c.
1052 2409 39 20 &c.

967 2440 21 21 J.
1005 2440 33 21 M.
1054 2440 100 20 Taylor.

1116 2466 32 21 Te
1159 2467 53 20 Aro.

638 2494 2 39 j
683 2497 97 21 October
790 2498 33 24 11,
835 2497 60 20 1842.

638 2535 2 23 I
887 2540 40 19 On
943 2539 68 24 Sale,

811 2573 90 23 DARK
918 2571 172 26 LANTERNS,

657 2597 27 28 JL
729 2602 122 22 American
863 2607 74 15 ovens.

972 2626 21 21 J.
1010 2626 32 21 M.
1059 2625 102 25 Taylor,

1115 2652 31 21 Te
1162 2651 53 21 Aro.

684 2684 98 21 October
792 2684 33 25 11,
838 2683 59 21 1842.

747 2729 41 19 On
803 2728 70 24 Sale,
889 2733 36 14 ex
1108 2724 44 20 &c.

658 2762 166 49 MARINE
839 2759 220 26 BAROMETERS,

750 2788 133 26 Quadrants,
896 2789 104 23 sextants,

685 2816 162 26 Hydrometers
856 2814 45 22 and
910 2813 184 25 sachraometers,

685 2844 185 24 Thermometers,
883 2841 61 27 spirit
951 2839 77 27 levels,

685 2870 108 26 Drawing
802 2870 151 23 instruments,
965 2867 128 26 telescopes,

687 2897 47 26 Log
744 2898 45 20 and
798 2896 55 21 hour
864 2895 88 27 glasses,
964 2894 40 21 &c.
1016 2894 40 20 &c.

1003 2928 21 20 J.
1041 2927 32 21 M.
1089 2927 102 25 Tatlor,

1122 2954 33 21 Te
1165 2954 54 21 Aro.

661 2986 97 22 October
768 2986 33 25 11,
813 2985 60 21 1842.

715 3032 40 19 To
771 3030 83 21 stand
869 3030 28 19 to
914 3033 81 15 cover
1014 3026 56 20 this
1084 3030 108 19 season,

631 3060 3 32 [
821 3064 31 20 At
861 3063 141 24 Berkampore
1013 3062 71 24 Fatm,

631 3095 3 25 I
663 3100 92 28 rpHE
783 3098 49 22 well
859 3098 80 21 known
969 3095 108 26 thorough
1101 3093 55 21 bred
1183 3093 65 21 horse

630 3121 2 14 1
671 3118 28 32 1
726 3127 99 25 Figaro,
837 3126 36 20 the
883 3126 105 26 property
998 3122 25 21 of
1031 3121 77 22 James
1117 3121 69 25 Watt,
1196 3120 51 27 Esq.

630 3153 2 27 '.
690 3159 79 26 Figaro
780 3164 44 14 was
833 3155 74 23 foaled
918 3155 23 21 in
951 3153 133 26 December,
1100 3152 59 26 1837,
1171 3156 39 23 got
1221 3152 28 26 by

631 3202 2 4 .
664 3187 115 26 Operator,
791 3185 51 20 dam
857 3182 107 22 Adelaide
974 3181 30 25 by
1014 3181 103 20 Teorum.

690 3213 111 27 Operator
810 3218 45 14 was
866 3208 74 23 foaled
950 3208 23 21 in
988 3208 59 24 1832,
1059 3210 39 23 got
1108 3206 29 31 by
1148 3205 101 27 Emilius,

630 3257 2 13 L
663 3241 50 21 dam
724 3237 124 23 Worthless
858 3237 29 26 by
899 3235 98 26 Walton,
1009 3236 38 19 out
1057 3234 23 21 of
1089 3232 123 23 Altisidora
1222 3232 29 27 by

631 3277 2 19 (
663 3267 59 22 Dick
733 3265 117 23 Andrews.

691 3299 74 26 Every
773 3296 107 22 attention
892 3293 45 23 will
951 3293 30 22 be
996 3292 52 29 paid
1058 3295 22 19 to
1089 3298 72 15 mares
1171 3293 50 19 sent
1230 3293 22 19 to

661 3326 55 22 him.

630 3365 2 13 i
692 3352 103 26 Charges,
823 3349 53 22 with
899 3350 128 25 guarantee,
1054 3352 66 16 seven
1145 3351 105 20 guineas;

631 3385 2 20 I
665 3380 92 22 without
772 3380 129 25 guarantee,
920 3375 42 21 five
978 3374 100 27 guineas,
1090 3379 119 20 groomage
1219 3378 30 14 in-

630 3427 2 5 .
664 3406 89 23 eluded.

692 3440 145 27 Wellington,
850 3437 96 23 October
954 3437 34 26 25,
1000 3437 61 20 1832.

631 3472 2 14 1
797 3485 87 20 Town
894 3483 85 20 Acres
988 3481 53 20 For
1051 3479 68 21 Sale*

668 3519 91 50 THE
783 3517 94 23 TOWN
902 3514 98 22 ACRES
1024 3511 123 23 numbered
1169 3518 28 14 on
1217 3510 36 21 the

743 3541 238 31 Surveyor-General's
993 3540 52 28 plan
1058 3539 25 22 of
1096 3538 36 22 the
1146 3538 70 21 Town
1231 3543 23 14 as

631 3576 6 15 c
667 3573 130 23 follows:—
956 3585 2 5 ■
990 3588 10 9 
1017 3585 5 11 ;
1036 3592 7 9 T
1052 3589 15 9 i,
1073 3586 4 10 (

631 3604 6 13 c
721 3600 58 22 Nos.
793 3598 41 23 227
845 3596 44 23 and
897 3597 41 21 242
946 3592 197 26 Taranaki-street,

631 3630 7 13 s
801 3625 31 22 '57
842 3623 156 25 Nairn-street,

631 3657 6 14 c
791 3653 41 21 548
847 3650 134 24 Hill-street,

631 3684 7 14 c
791 3679 41 22 748
847 3676 44 24 and
901 3677 41 21 674
950 3675 159 24 Ellice-street,

631 3711 7 19 y
792 3707 41 22 669
847 3705 184 26 Sussex-square*

631 3737 7 14 c
792 3733 41 20 902
848 3726 196 26 Adelaide-street'

631 3764 7 14 s
687 3768 3 4 ■
792 3759 41 21 899
847 3752 193 28 Daniii'ell-streef,

631 3787 8 17 t
805 3785 25 20 31
838 3781 24 25 £.
872 3781 142 24 Puni-street.

697 3812 48 24 The
760 3811 70 23 Town
840 3810 64 21 Acre.
914 3808 44 22 No.
969 3808 35 24 94,
1019 3804 54 23 with
1082 3804 38 22 the
1131 3804 71 27 .large,
1211 3804 45 21 and

671 3837 153 26 commodious
837 3836 70 21 house
924 3832 87 24 erected
1028 3834 97 24 thereon,
1131 3853 5 6 ,
1142 3830 114 28 presently

671 3864 107 30 occupied
792 3864 29 26 by
837 3861 102 32 Captain.
944 3859 97 26 Darnell,
1056 3858 45 22 will
1114 3858 29 21 be
1160 3858 32 21 let
1207 3864 28 14 on
1244 3863 14 14 a

671 3894 59 22 lease
740 3893 34 22 for
783 3890 25 23 21
820 3894 71 23 years.
920 3886 75 28 Apply
1006 3890 21 17 to

631 3914 7 27 P
821 3923 3 6 '
830 3918 2 5 '
864 3916 4 12 '
910 3920 76 27 Hor't,
1000 3919 122 25 Moc'atta,
1135 3924 45 16 and
1191 3917 39 22 Co.

630 3956 2 10 '
631 3942 10 14 c
665 3959 5 4 -
690 3961 2 5 ■
699 3952 129 28 September
836 3950 21 26 3;
868 3947 63 23 1642.
941 3957 5 3 -
990 3952 1 5 '

160 712 54 20 For
228 711 118 23 London
362 709 95 25 direct,

129 749 27 20 To
171 746 41 19 sail
232 746 34 19 the
283 744 39 20 end
336 743 27 26 of
374 744 122 25 November,

47 779 83 28 s<Z?*?u
170 781 92 32 npHE
287 780 49 22 well
357 780 81 22 kninvn
461 779 45 21 fast
526 779 79 26 sailing

54 802 95 39 j|fi§|sk
177 802 29 28 J-
258 808 84 27 barque
377 807 114 26 Clydeside,
525 806 79 22 Alfred

42 829 121 39 ,*oPj^^
184 835 85 22 Adams
281 834 150 22 commander.
460 833 55 22 This
524 833 43 21 will
576 833 28 21 be

40 856 126 40 |g|gjfiffijgjg
182 862 38 21 the
236 861 48 22 first
300 861 29 21 oil
348 861 48 26 ship
407 861 43 21 this
462 868 85 18 season,
559 859 46 23 and

40 885 123 35 fij&^j^SF
183 896 26 14 as
228 892 49 24 part
297 889 25 20 of
337 887 40 22 her
396 895 67 20 cargo
482 887 19 21 is
516 886 88 27 already

186 915 108 27 engaged,
309 915 100 28 shippers
418 915 45 21 will
482 915 85 25 require
583 918 22 16 to

41 948 48 24 make
107 943 57 24 early
184 942 140 27 application.
363 942 47 21 The
431 942 105 25 Clydeside
555 940 49 26 will,

40 970 131 28 immediately
181 977 28 13 on
221 969 140 26 discharging
374 969 41 21 her
432 976 66 18 cargo
507 969 22 20 in
546 968 60 20 Lon-

42 1003 29 21 don
88 1004 86 23 prepare
185 1000 22 17 to
224 999 77 17 return
317 998 22 18 to
355 995 55 21 New
426 994 106 22 Zealand.
562 994 43 20 She

40 1017 39 34 will'
86 1024 103 24 therefore
207 1022 69 21 afford
294 1029 27 14 an
337 1021 113 22 excellent
463 1021 143 28 -opportunity

40 1058 24 20 for
79 1052 62 29 goods
159 1049 102 27 required
279 1052 23 18 at
318 1048 37 22 the
376 1049 88 21 earliest
482 1047 75 28 period
577 1047 30 27 by

40 1083 64 26 parties
113 1079 58 23 here,
181 1076 48 21 who
240 1083 37 14 are
288 1075 118 28 requested
414 1078 23 18 to
447 1075 92 21 instruct
549 1074 58 22 their

41 1111 60 26 agents
109 1104 42 23 and
161 1103 84 22 friends
256 1106 23 17 at
289 1102 66 21 home
365 1106 23 17 to
398 1103 51 25 give
457 1102 44 21 this
508 1101 99 21 Colonial

40 1136 57 22 trader
114 1132 35 21 the
167 1130 131 28 preference
314 1136 29 14 on
360 1129 30 21 all
410 1129 119 21 occasions.
564 1128 44 21 For

40 1161 64 27 freight
112 1167 23 14 or
144 1164 98 22 passage,
254 1156 66 27 apply
330 1160 23 17 to

336 1188 84 21 Waitt
436 1187 45 22 and
496 1188 83 21 Tyser.

60 1226 131 26 Wellington,
205 1223 96 21 October
311 1223 33 25 11,
357 1223 60 20 1842.

171 1277 53 20 For
239 1274 110 25 Sydney
365 1273 94 20 direct.

51 1308 78 28 s/^%z\
182 1305 92 31 npHE
295 1305 42 21 fine
356 1305 45 21 fast
424 1304 82 26 sailing
528 1304 82 28 barque

68 1327 84 38 S«|sL
189 1326 29 29 JL
261 1333 94 25 Amwell,
381 1334 41 19 300
454 1335 56 22 tons,
535 1331 75 22 Heese

51 1353 119 38 Jgafeift^k
196 1360 150 26 commander,
353 1358 45 22 will
409 1358 40 22 sail
457 1359 32 20 for
497 1359 37 20 the
541 1358 69 21 above

45 1379 132 38 jlPffKnla
197 1387 53 22 Port
265 1393 29 14 on
309 1386 37 21 the
365 1388 33 19 Ist
416 1385 139 27 November;
571 1384 41 21 has

43 1406 135 32 IBBs£aSgal
197 1414 100 26 superior
307 1412 203 22 accommodations
520 1412 32 21 for
560 1419 52 20 pas-

198 1447 98 20 sengers.
326 1440 44 21 For
379 1438 82 27 freight
472 1446 24 14 or
513 1446 97 19 passage,

43 1472 51 28 apply
103 1473 20 19 to
132 1470 37 21 the
181 1467 147 22 Commander
338 1473 28 14 on
375 1466 77 21 board.

64 1504 80 27 Captain
156 1502 75 21 Heese
245 1500 85 26 hereby
347 1500 62 26 gives
425 1499 81 26 notice,
523 1498 47 21 that
583 1498 29 22 he

44 1532 33 21 will
87 1534 34 18 not
129 1531 27 20 be
167 1527 137 23 answerable
315 1528 33 20 for
359 1534 44 19 any
414 1526 63 21 debts
487 1525 125 22 contracted

45 1560 21 26 by
75 1558 31 21 the
116 1564 54 15 crew
182 1555 26 21 of
216 1555 36 21 the
262 1555 95 19 Amwell.

66 1590 86 22 October
161 1589 33 26 25,
207 1588 61 20 1542.

135 1631 168 28 Survey-office,
315 1631 55 21 New
381 1630 101 22 Zealand
492 1630 120 27 Company,

218 1658 145 27 Wellington,
375 1658 48 20 Oct.
435 1658 21 25 7,
468 1658 60 20 1842.

42 1693 132 52 NOTICE
189 1692 28 22 IS
234 1691 128 22 HEREBY
378 1690 108 26 GIVEN,
510 1689 46 21 that
577 1689 35 21 the

111 1722 97 23 Country
219 1718 64 23 Land
296 1725 47 14 now
353 1717 73 21 under
436 1724 81 19 survey
527 1715 42 22 will
586 1715 26 21 be

42 1749 73 21 tlirown
127 1754 54 21 open
192 1748 32 19 for
240 1745 106 22 selection
363 1745 34 20 for
416 1744 37 21 the
469 1743 143 26 Preliminary

43 1775 93 25 Sections,
156 1777 23 18 at
195 1776 90 23 present
302 1771 126 26 remaining
447 1770 119 25 unchosen,
588 1776 24 14 on

42 1802 94 26 Monday,
148 1800 36 21 the
195 1802 34 19 Ist
238 1800 108 26 January,
359 1799 60 25 1843,
439 1797 44 21 and
503 1797 109 26 following

42 1830 69 26 days—
114 1827 153 25 commencing
276 1830 24 17 at
315 1827 23 20 11
356 1832 60 19 a.m.,
435 1825 44 20 and
497 1824 81 26 closing
594 1828 18 16 at

39 1858 75 25 4p.m.,
125 1854 115 29 precisely,
251 1852 45 22 and
305 1852 68 26 being
383 1859 23 13 as
417 1851 97 22 follows:
517 1862 26 4 —

459 1885 33 16 No.
504 1885 19 15 of
536 1884 76 16 Sections

466 1906 59 16 Tinder
532 1906 73 19 Survey.

62 1932 108 21 District
182 1937 27 14 of
214 1936 45 14 the
266 1929 37 21 Oh
307 1935 62 18 ariu,
376 1927 38 21 the
421 1927 101 21 Sections

88 1966 35 13 are
134 1956 94 23 situated
243 1956 23 21 in
284 1955 37 21 the
331 1955 80 26 valley,
431 1953 91 28 parallel

86 1985 51 21 with
157 1984 49 21 that
225 1983 66 26 given
311 1985 38 17 out
369 1985 23 17 at
416 1981 36 21 the
478 1980 43 22 last

87 2010 111 25 selection,
211 2009 43 21 and
266 2008 105 27 comprise
383 2011 21 17 at
412 2007 67 21 least.
487 2022 31 5 ...
562 2008 26 20 44

70 2039 78 26 [Plans
158 2044 56 19 open
230 2036 32 20 for
276 2034 124 26 inspection
411 2038 22 16 at
444 2034 36 20 the
492 2033 87 26 Office.]

62 2072 112 21 District
188 2077 28 13 or-
231 2076 45 14 the
292 2068 68 21 Hutt
551 2068 40 20 100

87 2098 47 22 The
154 2096 98 22 Sections
271 2103 37 13 are
330 2094 46 21 laid
391 2098 37 17 out
445 2098 22 17 at
487 2094 36 21 the

88 2132 67 20 upper
164 2127 50 23 part
220 2122 25 21 of
253 2122 37 21 the
300 2122 64 25 river,
374 2121 43 21 and
427 2129 36 13 are
473 2129 52 12 con-

87 2150 80 23 nected
187 2150 51 21 with
262 2149 62 20 those
349 2148 91 26 already
459 2148 65 26 given

90 2183 42 17 nut.
162 2177 67 22 Plans
240 2179 21 18 to
271 2176 28 21 be
308 2175 69 27 ready
388 2176 29 20 Ist
429 2175 95 21 Decem-

89 2207 44 25 ber,
146 2206 59 20 1842.

65 2242 108 21 District
184 2246 27 14 or
221 2239 104 24 Horoki,
337 2236 122 26 extending
469 2236 54 22 from

90 2275 51 14 near
153 2266 87 21 Section
252 2267 33 24 10,
298 2265 114 26 Kinapora
423 2263 100 26 District,

91 2293 90 22 towauls
204 2292 37 21 the
266 2294 61 19 coast
350 2294 23 18 at
398 2291 127 21 Wai-kanai

90 2320 103 28 probably
553 2318 40 20 150

81 2348 75 28 [Plans
167 2352 21 15 to
198 2346 28 21 be
236 2346 70 26 ready
316 2347 33 19 Ist
360 2345 132 25 December,
506 2345 57 20 1842.
567 2346 10 25 J

68 2384 107 20 District
205 2388 27 13 of
265 2380 82 20 Loury
381 2378 59 26 Bay,
476 2378 52 21 Port

92 2407 120 24 Nicholson
581 2404 12 20 5

211 2432 79 29 [Plans
299 2440 50 14 now
359 2432 64 26 ready
423 2440 5 7 r
430 2431 19 28 .]

68 2464 107 23 Porirua,
188 2462 132 24 Kinapora,
329 2460 44 20 and
379 2458 83 27 sundry
470 2461 59 23 parts

91 2489 83 22 around
186 2489 52 21 Port
248 2487 123 21 Nicholson
570 2486 26 20 18

82 2517 73 26 [Plans
165 2519 22 17 to
198 2515 26 21 be
236 2514 68 26 ready
315 2515 33 19 Ist
360 2512 136 25 November,
509 2510 71 28 1842.]

69 2550 107 20 District
187 2555 27 12 or
224 2546 148 24 Manawatu,
382 2543 37 22 the
429 2544 100 21 Sections

92 2574 81 23 extend
202 2573 66 26 along
298 2572 36 22 the
358 2571 59 21 bank
442 2571 24 21 of
492 2570 37 21 the

92 2603 66 21 River
168 2601 70 21 above
250 2601 61 20 those
322 2599 66 27 given
400 2601 39 17 out
454 2601 22 17 at
493 2597 36 21 the

92 2630 42 21 last
147 2628 114 26 selection,
281 2626 79 21 thence
379 2628 23 17 to
423 2624 37 21 the
480 2623 50 22 hills

94 2656 40 22 and
144 2654 108 28 comprise
269 2656 25 18 at
309 2653 56 21 least
557 2653 41 19 300

87 2684 76 26 [Plans
172 2686 21 17 to
207 2682 25 20 be
242 2680 67 27 ready
321 2681 33 20 Ist
365 2679 132 24 December,
511 2678 69 27 1842.]

71 2717 42 22 The
123 2714 63 24 Field
198 2714 62 21 Plots
269 2719 53 20 may
334 2711 29 21 be
377 2717 52 15 seen
448 2713 23 18 at
483 2710 37 21 the
536 2717 76 19 presen

48 2745 46 20 time
104 2747 21 17 at
134 2742 37 22 the
181 2742 84 25 Survey
277 2739 98 22 Stations
391 2738 26 21 of
426 2737 38 21 the
483 2736 82 22 several
581 2736 31 21 dis

49 2771 53 21 tricts
111 2768 151 29 respectively.

73 2798 24 21 In
106 2796 62 22 order
177 2799 23 17 to
211 2793 166 23 accommodate
388 2792 36 21 the
435 2792 89 23 holder?
534 2792 24 21 of
565 2792 47 24 earl;

50 2824 85 26 choices,
147 2824 166 24 arrangements
322 2820 58 21 have
396 2819 59 21 been
470 2818 64 22 made
543 2818 35 21 for
589 2818 23 20 th

50 2855 56 22 party
115 2849 124 29 possessing
255 2848 39 21 the
310 2847 48 21 first
369 2846 65 21 order
451 2845 25 21 of
484 2845 81 26 choice,
579 2851 33 15 sue

50 2878 97 27 cessively
156 2876 93 26 mnking
265 2874 58 22 their
337 2873 106 22 selection
455 2875 23 18 at
493 2872 36 21 the
544 2872 68 26 Surve;

52 2905 62 21 Office
123 2912 23 16 as
156 2910 54 15 soon
221 2910 24 14 as
255 2902 37 21 the
303 2901 68 21 Plans
381 2907 36 14 are
426 2899 77 27 ready.

285 2934 94 21 Samuel
395 2932 108 21 Charles
518 2931 82 26 Brees,

388 2958 122 27 Principal-
513 2958 81 26 Survey
598 2964 14 14 oi

50 3011 279 51 JLEWTHWAITE
342 3008 145 28 respectfully
504 3013 108 16 announce

87 3053 7 10 •
124 3042 48 20 that
180 3041 29 21 he
219 3040 40 20 has
268 3037 103 23 received
388 3035 142 23 instructions
540 3038 22 18 to
576 3034 36 21 offe

51 3068 29 21 for
95 3068 50 27 sale,
156 3068 29 27 by
196 3066 78 22 Public
285 3065 105 26 Auction,
409 3070 29 14 on
453 3063 37 21 the
501 3062 35 22 6th
548 3061 45 27 day
607 3068 5 13 c

52 3095 115 22 December
185 3096 61 21 next,
267 3092 30 22 all
315 3092 49 21 that
383 3089 103 23 valuable
507 3089 86 22 Section
607 3094 5 14 c

52 3121 59 22 Town
122 3121 65 22 Land
195 3121 24 20 in
230 3119 57 22 New
301 3118 127 28 Plymouth,
440 3117 68 26 being
524 3115 69 22 Order
608 3121 4 14 c

54 3148 71 22 Choice
146 3149 46 25 277,
214 3146 72 21 which
301 3152 112 21 possesses
427 3142 154 28 unparalleled
591 3143 21 19 ad

55 3180 95 22 vantages
158 3182 24 13 as
190 3181 13 14 a
210 3174 45 19 mill
262 3174 47 25 site,
318 3172 84 25 having
409 3174 22 18 at
436 3173 90 25 present
531 3168 81 29 upward

55 3202 20 20 of
82 3204 22 20 20
115 3203 43 20 feet
172 3200 46 27 fall,
230 3200 44 21 and
290 3200 18 21 is
325 3199 37 21 the
383 3197 52 28 only
446 3197 48 22 mill
510 3197 39 21 site
563 3197 32 25 in,
608 3202 4 14 c

55 3229 74 26 within,
141 3235 69 19 many
219 3227 64 21 miles
294 3226 24 22 of
327 3225 36 22 the
374 3226 68 21 Town
452 3232 4 14 :
472 3224 18 22 is
500 3223 76 22 within
587 3226 25 18 tw

55 3256 86 21 minutes
148 3255 57 21 walk
212 3254 24 21 of
241 3254 35 21 the
283 3253 79 25 beach,
369 3251 45 23 and
421 3251 69 22 fronts
499 3249 113 27 Carringto

56 3281 60 29 Road,
127 3282 37 22 the
173 3282 69 26 grand
253 3280 95 28 opening
357 3280 57 20 into-
421 3278 38 22 the
468 3279 67 26 finest
548 3277 64 21 distrit

55 3310 23 23 of
83 3311 31 19 the
117 3312 64 25 finest
191 3310 88 25 country
287 3309 22 19 in
319 3309 34 19 the
362 3307 74 21 itiorld.

309 3342 63 19 ALSO,

40 3382 4 3 .
79 3364 35 21 All
132 3364 61 22 those
213 3366 43 19 two
276 3361 157 26 substantially
451 3359 58 23 built
531 3357 81 23 Woode

57 3389 78 24 Houses
155 3390 94 22 situated
267 3396 60 20 upon
348 3388 37 21 the
404 3387 49 21 said
474 3386 93 26 Section,
588 3392 24 14 an

36 3434 3 5 .
57 3415 58 29 lately
124 3418 23 21 in
162 3417 36 22 the
216 3415 129 29 occupation
364 3415 25 21 of
403 3414 91 22 Messrs.
505 3413 25 21 T.
541 3412 45 22 and

56 3443 71 27 Bayly.

81 3471 44 22 Sale
142 3474 22 19 to
183 3470 52 23 take
253 3469 63 28 place
337 3475 29 15 on
380 3467 37 22 the
436 3466 96 27 Section,
543 3469 22 19 at
574 3472 38 15 noo

55 3498 105 28 (precisely.

80 3531 49 22 New
141 3531 125 28 Plymouth,
278 3530 21 22 O
304 3528 75 24 ctober
389 3528 20 27 5,
421 3529 9 20 1
436 3528 47 21 842.
611 3547 2 4 .

61 3575 121 47 DAVID
198 3573 194 26 WILKINSON,
407 3573 55 26 begs
473 3574 23 18 to
506 3571 82 21 inform
598 3570 14 20 tl

132 3602 81 28 public,
229 3602 53 22 that
301 3601 28 22 ihe
344 3600 42 22 has
397 3606 55 16 ,now
469 3597 68 27 ready
546 3597 35 23 for
591 3604 21 14 sa

59 3627 64 26 plants
139 3629 24 22 of
174 3629 48 22 that
236 3627 108 23 beautiful
360 3633 50 15 new
420 3625 106 26 ,seedling
530 3646 9 10 i(
541 3625 71 20 »jfmufl

62 3655 129 26 Wilkinsonii,
202 3657 37 20 the
249 3655 104 22 varieties
362 3654 85 26 youngii
454 3651 45 23 and
508 3653 82 19 smitkis
600 3657 12 15 ai

61 3684 34 18 not
110 3686 20 17 to
146 3684 27 20 be
189 3681 119 31 compared
323 3684 21 19 to
365 3682 17 20 it
384 3683 25 26 ]_
418 3680 39 21 the
478 3679 106 21 blossoms
600 3683 12 15 ai

61 3712 47 18 neat
116 3710 41 21 and
166 3710 88 26 regular
267 3709 26 22 in
390 3714 45 15 ana
429 3707 4 7 1
436 3706 4 3 '
452 3709 59 19 most
525 3705 87 22 distinct

61 3735 82 22 marked
160 3736 54 22 with
229 3735 97 22 crimson
346 3742 29 14 on
395 3733 80 28 yellow
490 3731 94 28 ground,
602 3730 10 21 tl

61 3759 77 25 flowers
148 3770 37 14 are
195 3763 143 26 producetHn
349 3760 134 23 abundance
493 3757 119 23 andrende

60 3786 33 22 the
102 3789 59 26 plant
170 3796 52 20 very
327 3788 44 22 and
386 3786 111 29 produces
512 3792 20 15 a,
538 3783 74 24 Brilliai

61 3820 126 23 appearance
194 3824 5 19 ;
212 3815 36 22 the
257 3816 65 27 plant
330 3817 19 20 is
359 3822 53 20 easy
421 3817 22 18 to
454 3813 106 21 increase.

61 3855 3 3 •
86 3843 44 21 r.S.
148 3842 120 27 flowering
277 3843 75 27 plants
360 3846 42 18 two
412 3839 101 28 shillings
523 3838 63 23 each;

64 3894 7 3 .
87 3867 47 24 Oct.
144 3871 34 24 21,
187 3871 61 22 1842.
274 3889 3 5 ,
292 3867 28 31 ,\

62 3910 129 47 BLANK
216 3912 138 24 PRINTED
364 3931 2 4 .
377 3909 210 27 INDENTURES,
609 3914 3 15 c

131 3946 66 20 paper
216 3939 43 25 and.
280 3939 139 28 parchment,
428 3953 2 4 •
441 3938 34 21 for
484 3954 4 5 ,
493 3936 44 23 sale
556 3938 24 20 at
602 3935 10 22 tl

202 3966 76 22 Office.
338 3964 6 5 '
384 3961 4 3 '
518 3973 5 2 -
