2377 3672
3 13 2349 133 THE

3 146 587 133 OXFORD
688 146 294 133 AND
1080 146 391 133 CUST
1569 146 783 133 OBSERVER

551 281 177 54 AND
800 281 569 54 CANTERBURY
1438 279 381 60 LIBERAL,

3 339 1174 23 CIRCULATING
1284 339 1068 23 THROUGHOUT

636 362 114 36 NORTH
750 362 391 36 CANTERBURY.

719 558 108 30 EAST
876 556 184 35 OXFORD,
1109 555 235 37 B.ATDBDAY,
1391 552 106 32 JUNE
1542 551 48 31 18.
1640 546 77 31 1892

1928 541 132 30 Price—
2061 541 83 31 ONE
2188 543 140 31 PENNY

15 565 65 28 Vol
132 563 59 27 3—
191 562 59 29 No.
294 560 85 40 148.]

1829 656 66 44 M.
1966 657 391 49 SANDSTEIH

1835 721 89 50 HAS
1949 727 44 14 no*
2010 723 72 20 moved
2098 724 45 19 into
2161 724 33 20 his
2211 726 64 19 NEW
2293 726 54 21 PRE

1917 748 90 24 MISES,
2027 754 26 13 on
2073 750 35 19 the
2126 750 42 20 site
2187 751 64 20 which
2272 752 26 19 he
2316 752 39 21 has

1829 773 97 25 occupied
1936 774 75 25 during
2022 772 34 22 the
2072 781 26 19 pn
2096 786 12 13 r
2112 778 7 17 t
2129 779 7 16 t
2145 779 129 22 venty-seven
2289 784 66 18 years,

1829 799 41 19 and
1889 800 77 24 opened
1985 800 33 20 his
2037 800 66 21 NKW
2127 802 93 26 bTO^K,
2239 804 116 25 purchased

1828 824 58 20 when
1896 832 27 14 on
1934 826 33 20 his
1977 827 48 20 visit
2040 833 20 14 m
2068 828 89 26 Furope.

1854 856 162 26 Arrangements
2025 858 76 26 having
2107 860 49 19 been
2167 861 60 20 made
2235 861 32 20 for
2274 863 81 24 regular

1830 881 96 27 Monthly
1941 884 122 25 Shipments
2079 888 21 17 of
2122 887 47 19 New
2187 887 74 23 Goods,
2274 889 26 19 he
2315 889 39 20 has

1830 909 83 20 marked
1931 910 35 20 the
1981 911 62 20 tfto-'k
2062 914 22 18 at
2100 913 50 19 such
2166 914 64 25 piiceß
2244 921 23 13 as
2277 921 68 15 canno

1829 935 36 19 fail
1875 938 23 17 to
1908 943 69 14 secure
1993 945 11 12 a
2013 938 60 24 quick
2089 940 49 19 sale.
2180 940 43 20 The
2232 942 76 24 capital
2318 942 37 22 in-

1830 962 67 19 vested
1908 966 57 16 must
1974 963 25 20 'ie
2008 965 103 24 promptly
2122 966 73 19 turned
2204 972 53 15 over.

1856 992 41 23 He.
1912 992 38 21 has
1976 995 91 24 pleasure
2089 995 22 20 m
2131 995 101 27 diieciing
2249 999 105 21 atteniioi

1829 1018 74 24 special
1907 1019 58 25 ly.tc
1981 1021 36 20 the
2032 1021 151 25 DIAMONDS,
2199 1024 57 20 loose
2265 1026 42 20 and
2319 1028 35 21 wt,

1828 1044 41 20 and
1879 1045 59 20 other
1948 1046 95 20 Precious
2054 1048 20 19 Si
2079 1054 49 14 ones

1857 1075 144 22 WATCHES.
2028 1077 33 26 By
2070 1080 75 23 speciul
2163 1083 144 22 anangcment
2327 1082 26 21 he

1830 1101 17 19 is
1863 1101 87 21 enabled
1967 1105 22 17 to
1998 1105 45 23 give
2060 1104 39 21 the.
2105 1105 43 20 best
2164 1107 60 19 value
2234 1107 21 19 m
2265 1108 88 24 genuine

1829 1127 158 23 English-made
1997 1131 66 18 Silver
2077 1131 42 19 and
2128 1132 54 19 Hold
2194 1133 95 20 Watches
2303 1134 51 21 that

1828 1152 38 20 has
1876 1160 46 13 ever
1932 1154 25 20 bf
1958 1161 25 13 en
2021 1156 47 19 ered
2077 1162 23 14 m
2111 1157 41 19 this
2162 1158 85 25 Colony.

1854 1184 86 25 Having
1950 1186 72 25 family
2038 1187 135 21 connections
2183 1189 49 20 with
2244 1190 57 20 Paris
2311 1197 43 14 ano

1829 1210 86 21 London
1932 1212 105 21 Diamond
2054 1214 41 19 and
2107 1215 105 25 Jewellery
2230 1216 117 22 Merchants

1828 1237 68 24 places
1914 1237 45 21 him
1978 1239 21 19 m
2019 1246 13 12 a
2049 1241 91 23 position
2158 1244 22 16 to
2198 1243 36 18 sell
2254 1243 35 19 the
2307 1244 47 21 best

1827 1263 82 19 articles
1919 1266 22 16 at
1952 1270 12 12 a
1973 1266 121 18 reasonable
2107 1267 61 24 price.
2211 1268 44 18 The
2263 1268 91 27 Jobbing

1827 1288 41 20 and
1879 1289 169 26 Manufacturing
2057 1291 18 19 is
2091 1293 78 19 carried
2187 1298 36 16 out
2239 1293 65 22 under
2314 1296 39 21 .his

1827 1320 44 15 own
1882 1317 128 24 supervision
2021 1318 63 20 atthfc
2091 1319 80 21 Lowest
2178 1320 69 20 Prices
2254 1321 101 24 Possible,

1855 1368 29 19 M.
1896 1369 157 20 SAND3TKIN
2063 1371 38 19 has
2116 1373 111 23 appointed
2237 1373 42 20 Mb.
2289 1375 23 20 B.
2324 1375 28 21 H.

1827 1393 79 21 Pahish
1922 1401 23 14 as
1962 1395 33 20 his
2011 1396 76 20 Oxford
2102 1398 99 26 AGENT,
2217 1399 46 21 who
2279 1402 41 19 wiil
2329 1408 12 14 a

1826 1425 42 19 any
1878 1422 51 18 time
1938 1427 91 19 procure,
2044 1428 26 14 on
2087 1425 143 26 approbation,
2250 1427 104 24 Watches,

1827 1446 80 24 Clocks,
1917 1448 42 19 and
1969 1448 113 25 Jewellery,
2091 1450 32 19 for
2140 1450 33 20 his
2185 1452 78 20 Oxford
2277 1453 75 20 clients

1831 1473 21 18 to
1863 1473 63 20 select
1938 1474 63 23 from,
2011 1477 23 18 at
2044 1475 35 20 the
2096 1482 58 14 same
2164 1477 54 25 price
2234 1484 23 14 as
2264 1479 90 25 charged

1825 1500 22 17 at
1858 1498 35 21 the
1902 1499 149 22 Christchurch
2063 1502 171 22 Establishment.

1868 1552 57 38 M.
1969 1552 339 50 SANDSTEIN,

1970 1605 112 20 OASHE&
2091 1606 116 25 STKEET,

1914 1639 349 30 CHRISTCHURCH.

1830 1721 174 54 A.D.
2033 1722 324 61 HassaU

1945 1790 286 40 SADDLER

2055 1842 58 21 AND

1832 2018 96 52 BEGS
1937 2021 22 17 to
1974 2019 66 20 thank
2050 2020 35 20 the
2098 2022 132 21 inhabitants
2245 2023 23 20 of
2282 2023 68 22 North

1901 2044 129 27 Canterbury
2046 2048 32 19 for
2093 2048 35 20 the
2146 2048 72 21 liberal
2237 2052 113 24 patronage

1826 2070 89 21 received
1936 2071 75 26 during
2034 2072 35 20 the
2092 2074 53 25 past'
2162 2077 35 18 ten
2219 2083 66 18 years,
2308 2077 44 21 and

1825 2095 76 22 desires
1912 2098 21 18 to
1940 2098 40 19 call
1991 2099 103 20 attention
2105 2104 22 16 to
2137 2101 34 20 his
2180 2102 70 21 varied
2259 2104 59 19 stock
2327 2105 22 19 of

1851 2123 154 24 SADDLEBY,
2020 2125 40 23 &c,
2075 2126 66 20 which
2151 2127 18 19 is
2179 2127 61 27 being
2249 2128 75 22 offered

1994 2154 22 16 at
2025 2151 81 21 Lowest
2114 2154 76 19 PriubS.

1826 2199 132 33 Subjoined
1969 2211 41 16 are
2021 2211 15 16 a
2047 2204 101 25 number
2157 2206 26 23 of
2188 2207 96 25 articles
2292 2208 58 31 kept

2009 2236 27 23 m
2047 2237 68 24 stock
2126 2245 4 16 :
2133 2252 33 3 —

1856 2276 122 25 Habnesb.
1980 2292 33 4 —
2014 2277 58 29 Cab,
2096 2279 54 32 Dog
2172 2280 66 30 Cart,
2261 2282 87 33 Buggy

1824 2307 88 31 (plated
1947 2311 50 22 and
2029 2310 68 25 brass
2124 2312 138 33 furniture),
2291 2316 57 31 Gig,

1826 2339 80 29 Shaft,
1919 2340 118 33 Leading,
2049 2344 49 23 and
2112 2345 104 31 Plough.

1857 2371 73 27 Chain
1930 2371 30 27 3.
1962 2389 33 3 —
1995 2374 109 32 Leading
2123 2377 91 25 Chains
2234 2378 62 25 from
2319 2382 29 23 6s

1823 2404 32 25 6d
1863 2412 6 21 ;
1887 2405 96 32 Plough
1992 2406 100 30 Chains,
2100 2408 63 25 from
2172 2411 28 23 3s
2209 2410 44 29 6d;
2270 2411 69 26 Back

1821 2436 61 31 Tug,
1895 2441 49 21 and
1958 2439 52 31 Dog
2022 2439 100 26 Chains.

1857 2471 118 24 Saddles.
1993 2485 34 5 —
2044 2471 166 28 Gentlemen's
2240 2474 108 32 Saddles,

1823 2502 63 24 from
1903 2502 53 29 £8;
1982 2504 96 24 Ladies'
2100 2505 107 30 Saddles,
2224 2511 26 21 at
2267 2508 83 27 Prices

1823 2539 24 19 to
1859 2535 49 24 suit
1919 2535 34 23 all
1964 2539 139 23 customers.
2110 2557 2 2 .

1855 2566 122 25 Belting.
1990 2582 32 4 —
2040 2570 55 24 Mill
2117 2571 49 24 and
2188 2572 162 27 Chaft-cutter

1826 2599 67 27 Belts
1905 2599 26 24 of
1940 2607 48 24 any
1999 2601 87 31 length
2097 2603 48 24 and
2156 2604 83 25 width.

1859 2632 86 23 Horse
1954 2632 147 26 Medicines.
2103 2650 33 3 —
2136 2636 130 26 Elliman's
2273 2638 76 32 Royal

1826 2664 181 30 Embrocation,
2028 2666 99 28 Cpttie's
2148 2669 112 26 Colonial
2277 2671 71 29 Cure,

1824 2697 93 29 Fryer's
1926 2697 108 29 Balsam,
2043 2700 85 24 Worm
2139 2701 120 29 Powders,
2271 2703 79 27 Sweet

1825 2728 76 30 Nitre,
1927 2729 118 30 Stevens',
2068 2732 100 29 James',
2187 2735 48 24 and
2258 2735 92 26 Slesin-

1823 2769 54 22 gers
1879 2763 5 9 1
1899 2761 150 33 Biisterings.

1858 2793 113 32 Carriag-3
2001 2796 99 30 Liimps,
2132 2797 103 32 .Whips,
2265 2799 85 32 Spurs,

1804 2828 2 22 i
1825 2825 161 32 Breaking-in
2005 2827 72 29 Gear,
2099 2829 55 24 Soft
2177 2831 72 31 Soap,
2272 2832 79 34 Lamp

1828 2858 80 29 Black,
1923 2859 79 31 Sheep
2016 2860 82 29 Skins,
2112 2862 63 24 Sack
2186 2863 90 30 Twine,
2288 2866 62 32 Leg-

1824 2890 79 32 gings,
1917 2891 170 32 Currycombs,
2105 2894 59 25 Iron
2174 2897 50 24 and
2244 2897 108 28 Wooden

1825 2923 100 29 Ha'nos,
1938 2925 43 24 &c.

1936 2971 34 4 —
1970 2958 110 29 Manilla,
2104 2959 91 32 Hemp,
2218 2963 49 24 and
2289 2964 63 25 Flax

1825 2994 33 19 or
1872 2989 32 24 all
1929 2989 63 26 sizes
2021 2991 117 32 (English
2166 2994 48 24 and
2242 2995 110 27 Colonial

1828 3021 188 34 manufacture).
2079 3025 151 32 Tarpaulins,
2270 3029 81 30 Tentri,

1827 3053 92 26 Binder
1946 3056 107 31 Aprons,
2082 3057 133 31 Elevators,
2244 3060 108 31 Butters,

1827 3086 149 32 Polestrapa,
1990 3089 92 31 Riding
2093 3090 97 26 Bridles
2195 3092 103 32 (Snaffle
2303 3097 48 24 and

1831 3120 129 33 Pelhans),
1973 3121 61 25 from
2047 3123 59 24 6s6d
2119 3127 26 20 to
2157 3125 44 24 Us
2214 3126 39 25 6d.

1865 3153 105 24 Oils.—
1970 3153 21 24 A
2002 3154 67 30 large
2080 3157 114 31 quantity
2202 3160 26 22 of
2239 3160 114 26 Machine

1828 3184 52 25 Oils
1892 3188 25 21 at
1941 3186 174 26 Christchurch
2124 3189 84 30 prices,
2228 3192 126 27 including

1827 3217 60 24 Raw
1898 3218 49 23 and
1958 3218 86 25 Boiled
2051 3219 114 30 Linseed,
2179 3222 91 30 Castor,
2277 3215 76 35 Ld,rd°

1828 3248 96 25 Goldon
1942 3250 152 33 Machinery,
2117 3252 132 33 Valvohue,
2270 3257 82 31 Colza,

1825 3281 49 24 and
1884 3282 134 25 Neatsfoot.

1830 3340 167 26 Second-hand
2023 3342 99 27 Saddles
2150 3346 87 33 bought
2263 3358 28 16 or
2315 3360 40 17 ex-

1974 3375 106 33 charged
2084 3378 48 30 for
2150 3387 57 17 new.

1906 3416 61 20 HOR
1971 3417 56 21 SEH
2028 3418 47 21 AIR
2096 3420 179 27 PUfiCHASED.

1830 3468 82 31 Agent
1927 3469 39 25 for
1983 3471 41 25 the
2042 3471 124 33 Lyttelton
2185 3476 80 26 Tunes
2285 3480 72 26 Com-

1830 3509 73 24 pany.
1937 3502 90 26 Orders
2038 3505 70 24 taken
2123 3507 38 24 for
2172 3509 48 25 and
2232 3511 127 34 Subscrip-

1830 3535 66 23 tions
1907 3536 109 24 received
2027 3545 31 16 on
2066 3542 103 22 account
2181 3542 26 23 of
2218 3546 5 10 '
2236 3543 34 31 Ly
2272 3546 88 26 ttelton

1832 3567 100 26 limes.'
1945 3568 24 32 l'
1980 3569 150 35 Canterbury
2172 3574 98 31 Tiiues,'
2304 3579 57 27 -and

1817 3618 6 5 .
1833 3601 86 32 Star.'j
2344 3619 8 8 ,

1810 3624 20 34 *
1868 3647 24 13 --
2066 3661 1 1 .
2127 3654 4 3 •
2152 3634 108 28 V.*---.'.

1254 694 177 45 JOHN
1497 688 284 51 INGRAM,

1253 780 58 20 HAS
1325 781 55 20 FOR
1393 780 71 20 SALE
1480 779 36 19 BY
1532 778 121 20 PKIVA.TE
1666 775 119 21 TREATY.

1359 926 32 21 On
1401 932 76 15 aecour
1482 927 8 19 t
1500 926 22 20 of
1530 926 35 20 Mr
1574 924 104 21 Johnson.

1255 989 58 25 Shop
1320 989 40 20 and
1376 990 102 26 dwelling,
1487 990 98 22 fronting
1594 989 38 20 the
1640 988 59 19 Main
1713 986 66 23 Road,

1256 1016 95 25 oppohite
1360 1016 91 22 Pearson
1472 1018 57 19 Park
1552 1023 27 14 on
1598 1016 46 19 half
1653 1021 27 14 an
1700 1016 51 17 Acre
1760 1012 21 21 of

1252 1042 58 21 laud.

1254 1164 56 21 That
1328 1166 130 20 two-storied
1477 1167 99 25 Building
1593 1172 27 14 on
1640 1166 36 20 the
1692 1164 93 20 Terrace'

1255 1192 73 25 opposi
1331 1195 19 17 te
1360 1193 44 19 Mrs
1413 1193 71 20 Leurs'
1487 1208 5 4 .

1348 1256 33 19 On
1391 1259 89 17 account
1489 1258 22 18 of
1521 1255 34 22 Mr
1569 1257 29 20 H.
1609 1258 80 18 Peaen.

1255 1302 39 18 His
1303 1308 50 20 very
1368 1309 79 19 compai
1454 1304 12 20 t
1493 1305 55 19 little
1557 1305 99 25 Property
1673 1303 23 19 m
1715 1302 69 24 Queen

1255 1328 72 24 Street,
1338 1331 123 26 comainirg
1469 1331 63 21 about
1541 1331 27 26 4^
1577 1331 61 19 Acres
1648 1330 21 19 of
1676 1327 44 21 rich
1729 1327 48 20 land

1256 1355 121 21 subdivided
1388 1356 46 21 into
1444 1359 76 19 several
1532 1358 60 20 small
1604 1355 110 26 paddocks,
1733 1353 55 20 with'

1255 1381 52 22 good
1326 1382 72 20 House
1416 1384 93 24 thereonj
1527 1384 58 20 brick
1602 1383 53 19 well.
1679 1381 50 19 Cost
1748 1379 35 20 the

1254 1412 68 15 owner
1332 1409 61 19 £2f>o.
1421 1411 49 19 Will
1482 1411 23 19 be
1515 1411 43 19 sold
1569 1413 23 17 at
1601 1416 13 13 a
1623 1414 48 19 very
1681 1407 100 21 consider-

1251 1433 45 20 ab'e
1306 1435 107 20 reduction
1423 1443 26 13 on
1460 1437 69 20 ab»ve
1539 1442 60 21 price.

1350 1549 32 20 On
1393 1553 90 18 account
1494 1552 21 20 of
1524 1552 35 21 the
1567 1552 126 24 Mortgagee.
1758 1549 9 21 \

1282 1606 44 21 The
1335 1607 62 20 F.-.rm
1408 1609 63 23 lately
1484 1610 22 19 m
1522 1610 36 20 the
1572 1610 123 24 occnpation
1712 1609 22 19 of
1750 1608 33 19 Mr

1256 1632 65 22 Snell,
1339 1633 58 21 thrve
1412 1636 61 19 miics
1489 1637 53 19 from
1558 1637 59 19 West
1626 1635 91 25 .Oxford,
1735 1640 48 14 con-

1256 1660 83 25 taining
1356 1661 39 20 335
1409 1668 64 14 acies.
1514 1663 53 20 Well
1580 1663 88 20 watered
1684 1661 42 21 and
1735 1661 48 20 sub-

1256 1684 90 23 divided.

1372 1802 32 20 On
1414 1804 88 19 account
1511 1804 23 19 of
1546 1805 32 20 Wr
1585 1804 71 19 Rowe.

1252 1842 39 21 116
1311 1842 60 21 Acres
1390 1844 21 19 of
1429 1844 56 23 land,
1633 1846 37 19 Mr
1685 1845 96 20 Duder's

1251 1868 60 26 land,
1323 1872 23 17 at
1355 1869 55 21 View
1417 1871 55 20 Hill,
1478 1872 95 22 fronting
1578 1872 57 19 Pour
1638 1872 69 20 Chain
1713 1872 66 20 Road.

1252 1895 70 21 Water
1331 1903 47 14 race
1388 1897 92 25 running
1489 1898 108 24 alongside
1602 1898 22 21 of
1633 1898 35 21 the
1679 1898 99 25 Property

1469 2018 55 19 Also
1524 2029 28 4 —

1329 2110 31 20 On
1372 2113 89 18 account
1470 2112 22 19 of
1501 2112 33 20 Mr
1543 2113 57 20 John
1609 2113 88 20 Fisheb.

1248 2146 43 20 His
1301 2147 95 20 valuable
1406 2148 64 20 Stone
1480 2148 80 26 Quarry
1571 2151 21 18 at
1602 2150 56 19 View
1669 2150 50 21 Hill,
1729 2156 47 14 con-

1249 2173 85 26 taining
1344 2173 35 20 the
1390 2173 43 21 be«t
1444 2175 93 23 building
1547 2177 60 18 stone
1616 2176 162 25 in.Oanterbury

1249 2199 50 20 with
1309 2201 27 19 20
1345 2201 63 19 Acres
1418 2201 20 19 of
1447 2201 61 20 Land
1518 2208 27 13 on
1564 2201 68 20 which
1651 2202 57 21 there
1727 2203 18 20 is
1764 2209 21 14 a'

1248 2231 58 15 seam
1318 2227 21 19 of
1348 2227 126 21 Limestone.
1555 2241 5 2 -

1289 2333 33 20 On
1338 2335 90 19 account
1441 2335 24 19 of
1479 2335 32 19 Mr
1526 2335 81 25 George
1626 2336 110 22 Marshall.

1276 2382 42 19 His
1332 2388 12 13 v
1357 2389 24 19 ry
1399 2385 95 23 compact
1520 2383 55 20 little
1597 2384 104 25 Property,
1720 2386 58 20 situ-

1249 2417 50 20 ated
1309 2425 28 13 on
1348 2418 34 19 the
1392 2419 92 22 Terrace,
1494 2419 59 21 West
1572 2420 77 21 Oxford
1656 2435 5 9 ,
1679 2422 100 19 contain-

1251 2451 39 25 ing
1304 2451 64 20 i.bout
1386 2453 25 24 6£
1421 2458 57 13 acres
1487 2453 22 20 of
1517 2459 50 19 very
1577 2453 44 20 rich
1632 2455 57 22 land,
1699 2456 80 25 mostly

1251 2484 27 19 all
1289 2488 76 22 Ktuinp<
1372 2485 21 25 d,
1419 2486 104 23 tr.n2hed,
1542 2487 45 20 and
1604 2488 48 20 well
1673 2489 87 20 drained
1769 2498 7 15 j

1251 2515 40 21 has
1301 2523 11 12 a
1322 2516 54 25 good
1396 2517 128 21 substantial
1548 2519 48 19 four
1605 2520 83 20 roomed
1705 2520 65 20 house

1251 2547 56 20 tabie
1322 2548 57 24 sheil,
1392 2549 43 19 and
1446 2549 60 20 other
1519 2556 27 14 ou
1557 2552 20 19 st
1584 2551 83 25 Hidings
1685 2551 93 21 ihereon.

1251 2580 52 19 Thi.-<
1315 2587 11 18 p
1338 2588 19 18 oj
1365 2582 47 24 ety
1428 2583 19 19 is
1461 2583 49 19 wel
1527 2583 68 21 suited
1613 2585 32 19 for
1662 2590 13 14 a
1694 2585 83 22 Market

1251 2611 90 21 Garden.
1369 2613 44 20 The
1423 2613 50 21 land
1490 2614 18 20 is
1517 2615 86 26 planted
1623 2616 50 21 with
1687 2623 15 14 a
1720 2617 58 26 large

1252 2646 99 26 quantity
1365 2648 21 19 of
1397 2649 105 24 vegetable
1512 2649 71 25 plants
1596 2651 42 19 and
1650 2651 51 20 fruit
1720 2653 58 19 trees

1253 2678 23 20 of
1285 2679 27 19 all
1323 2680 136 26 descriptions
1484 2681 23 21 m
1525 2683 40 20 full
1584 2683 93 28 bearing,
1697 2686 42 20 and
1753 2687 25 18 m

1254 2710 34 25 ppl
1299 2711 53 20 ndid
1375 2712 67 20 order.

1285 2745 33 18 Mr
1329 2745 42 19 Mai
1375 2745 55 21 shall
1440 2746 18 20 is
1468 2747 76 26 selling
1560 2748 38 20 out
1617 2749 67 26 solely
1744 2757 33 14 ac-

1251 2788 64 16 count
1329 2787 21 19 of
1360 2787 34 19 his
1404 2787 79 26 failing
1492 2788 72 21 health
1599 2790 32 20 To
1638 2792 60 20 effect
1705 2799 26 14 an
1739 2793 40 20 im-

1250 2816 89 21 me.liate
1348 2819 50 23 sale,
1409 2819 35 20 the
1451 2820 100 26 Property
1559 2821 46 21 will
1619 2823 26 20 be
1668 2823 47 21 sold
1729 2830 50 20 very

1252 2850 75 26 cheap.

1318 2969 32 20 On
1361 2972 88 18 account
1465 2971 22 20 of
1501 2971 80 27 Joseph
1598 2973 115 23 Powvalke.

1280 3004 135 28 Eight|acres
1425 3008 22 19 of
1456 3008 56 23 land,
1524 3010 49 20 with
1593 3011 53 24 good
1665 3012 116 27 3^roomed

1254 3036 96 26 dwelling
1369 3037 92 26 thereon,
1476 3039 46 21 nice
1544 3042 85 25 garden,
1650 3046 131 21 surrounded

1254 3068 82 20 withtir
1347 3074 59 16 trees.
1461 3070 58 22 Price
1531 3074 48 25 only
1594 3075 49 22 £80.

1462 3203 36 19 TO
1511 3204 63 21 LET.

1412 3236 26 21 In
1456 3238 81 22 Horn's
1549 3242 76 20 fistate.

1254 3270 61 21 Good
1324 3272 103 26 dwelling,
1430 3274 50 20 with
1496 3276 5 17 1
1507 3282 26 14 en
1543 3283 57 16 acres
1610 3279 23 20 of
1641 3280 56 21 land.

1257 3334 189 36 JOHN
1477 3339 302 41 INGRAM

1402 3407 235 35 AUOTIONEEE,

1336 3493 28 29 O
1401 3494 29 31 X
1464 3497 22 29 F
1522 3498 27 31 0
1571 3499 41 33 .R
1649 3478 56 54 d!

660 1856 216 62 ROBERT
957 1862 226 74 FISHER,,

692 1933 174 28 GENERAL
887 1936 259 31 STOREKEEPER
1176 1964 4 5 ,

637 1981 133 44 'Teas,
810 1981 130 46 Coffees,
976 1983 126 47 Cocoas,
1134 1992 46 32 an

757 2031 140 39 General
919 2033 178 41 Groceries-

707 2080 139 32 WEST
909 2083 271 35 OXFORD.-.

696 2179 432 48 SADDLBRir.

655 2248 78 52 H.
759 2249 421 61 J.LAMING

748 2327 338 38 SADDLER

884 2373 63 20 AND

658 2406 281 41 HARNESS
974 2412 206 40 MAKER

800 2458 70 26 Neap.
888 2460 147 31 Saleyards,

689 2500 47 39 O
759 2501 64 41 Z
841 2503 52 39 P
915 2503 45 41 O
987 2507 158 40 RD.

658 2571 84 24 Orders
755 2573 48 24 and
820 2574 102 31 Eepairs
933 2578 123 31 promptly
1067 2581 114 23 executed

816 2618 26 22 at
853 2616 84 26 lowest
948 2622 73 22 rat^s.

760 2681 140 40 HORSE
923 2684 160 40 CODERS
1172 2685 3 14 '

632 2768 2 2 .
658 2729 97 40 made
767 2731 37 39 to
820 2732 100 39 Order
934 2735 68 39 and
1016 2736 168 50 Repaired

716 2843 255 29 CALEDONIAN
987 2849 142 27 HOUSE.

659 2904 215 45 JAMES

739 2960 81 26 BOOT.
838 2961 74 27 SHOE
936 2964 25 25 &
976 2964 128 28 SLIPPER-

791 2992 257 35 Manufacturer.

908 3040 177 33 OXFORD.

632 3109 2 2 .
660 3087 47 21 Has
718 3094 28 14 on
754 3088 62 21 hand
825 3095 12 13 a
846 3090 102 25 splendid
955 3096 84 21 ussprtn
1048 3096 37 18 ent
1091 3095 24 20 of
1121 3095 66 21 Boots

660 3120 42 19 and
714 3119 68 21 Shoes
792 3119 64 21 made
876 3126 29 15 on
914 3122 38 20 the
961 3123 104 25 prenjses
1084 3127 23 19 at
1117 3126 69 26 prices

660 3150 55 20 that'
722 3150 51 27 liefy
782 3152 142 25 competition
958 3154 60 26 Boys
1026 3156 79 21 School
1112 3158 71 25 Boots,

660 3182 56 20 back
726 3189 70 14 seams
806 3183 45 20 and
859 3184 62 20 front
930 3184 61 22 hand
998 3192 64 18 pewn,
1071 3190 81 19 cannot
1159 3190 28 20 be

660 3215 124 21 surpassed.
816 3215 66 19 Men's
893 3217 47 18 t-est
947 3218 145 25 waterfcights,
1102 3222 83 24 pegged

661 3244 49 27 15/.
751 3245 95 27 Bespoke
868 3246 139 26 department
1028 3255 26 14 ca
1065 3251 65 24 efully
1155 3253 33 19 at-

637 3286 3 9 :
660 3275 84 21 tended
758 3278 29 19 to.
816 3277 38 20 Fit
872 3278 45 20 and
936 3278 44 20 Wo.
986 3282 42 18 km,
1038 3288 4 10 i
1052 3288 32 14 sa?
1095 3290 6 3 -
1121 3283 67 20 Guar-

660 3308 86 20 anteed.
774 3309 90 24 Kepairs
874 3310 73 21 neatly
959 3311 44 20 and
1012 3313 111 27 promptly
1133 3314 56 21 done

637 3354 5 2 -
642 3356 6 12 f
653 3355 3 5 ,
660 3340 26 21 at
693 3340 128 21 reasonable
830 3342 70 25 prices

691 3394 57 20 anch
763 3394 190 22 Efctablishment:
968 3396 59 21 Near
1044 3397 65 21 Town
1128 3399 60 25 Hall,

844 3422 57 21 Fsst
910 3422 91 22 Oxford.

678 3497 57 36 Xa.
759 3497 54 37 &
838 3497 337 48 WEYLANIir,

797 3559 107 27 FAMILY
922 3561 143 27 BUTCHER.

708 3592 153 42 EAST
892 3598 256 40 OXFOFD.

28 1879 46 58 J.
117 1879 43 58 J.
198 1877 352 61 WEEBER,

110 1939 69 30 High
193 1939 86 27 Street,
292 1938 62 24 East
374 1938 98 24 Oxford.

113 1999 122 28 PICTURE
254 1999 99 27 FRMWE
375 1999 103 26 MAKER

32 2050 99 25 Picture
142 2051 90 25 FramS
240 2051 141 30 Mouldings
393 2052 9 22 t
400 2053 15 14 s
417 2059 12 16 r
453 2051 57 24 sale.

33 2090 81 31 Agent
121 2091 38 24 for
171 2090 38 25 W:
210 2094 4 9 :
214 2086 148 28 «Sinbow's
380 2090 179 31 Preparations^

86 2148 15 10 „
167 2129 136 25 Ellisdon's
314 2129 130 31 Neuralgic
456 2130 88 31 Drops.

85 2187 16 10 „
167 2167 92 25 United
278 2168 135 24 Insurance
435 2169 127 32 Company

35 2207 27 25 of
73 2207 106 31 Sydney.
197 2209 31 23 25
240 2207 23 31 %
273 2207 72 24 lower
357 2209 65 23 rates
441 2208 62 24 than
524 2211 36 22 ot-

35 2247 45 23 her
96 2247 90 27 offices,
560 2265 3 3 .
562 2253 2 11 ;

35 2315 22 23 A
69 2323 53 15 new
134 2315 35 23 100
181 2315 26 23 of
218 2315 210 31 Paperliangings,
453 2317 50 30 just
524 2308 68 37 re-^

34 2352 91 28 ceived,
137 2352 63 24 from
213 2352 112 29 sixpence
342 2359 44 24 per
405 2354 86 29 piece.;

119 2472 152 35 CpALSI
293 2470 141 33 COALS!
460 2474 5 29 !

53 2552 145 28 Newcastle,
211 2552 135 31 Westport,
352 2563 4 3 •
362 2552 184 31 .Coalpitheath,

216 2584 117 27 Malvern,
346 2585 48 24 and
456 2609 3 2 .
557 2591 3 20 ;

71 2616 174 25 Blacksmiths'
264 2616 114 25 Brunner
388 2617 64 25 Nuts
465 2617 65 25 Coal.
537 2637 3 4 .

37 2677 151 25 FIBEWO'dD
202 2682 22 20 m
237 2682 94 24 Lengths
345 2684 22 19 to
386 2682 46 21 Suit
446 2683 119 21 CLIENTS

38 2792 22 24 A
315 2801 71 26 eveyy
394 2794 81 29 train.;
486 2794 80 29 Goods

51 2817 123 39 conveyef
184 2829 25 20 to
220 2832 70 24 every
300 2825 93 31 part'pf
402 2824 42 26 the
453 2826 101 25 district.
563 2847 8 8 ,.
588 2852 4 3 .

106 2854 98 27 Bookiefl
207 2858 95 30 parcels
314 2858 119 24 delivered
440 2859 61 24 Free
554 2858 5 12 i

261 2889 42 25 the
315 2891 121 31 Borough.

40 2921 161 24 Commercial
216 2923 148 24 .Travellers'
397 2924 170 31 requirements

72 2954 48 24 will
131 2956 91 23 receive
234 2954 31 24 all
270 2963 126 24 necessary
406 2957 127 24 attention.

111 2992 148 33 W\A
297 2994 195 33 J3TJRT

134 3029 161 26 GENEEAL
319 3030 158 30 CAEEIEE,

41 3062 86 24 COAL
139 3055 110 35 &FlsE
253 3063 97 24 WOOD
369 3064 197 31 MEECHANT,

240 3095 133 26 Eangiora.

40 3159 87 28 Ord.ers
138 3167 56 23 may
199 3160 34 23 tHe
239 3159 43 24 left
291 3162 24 22 at
324 3161 71 24 Mr.C.
407 3161 21 24 I.
437 3163 130 31 Jennings,

150 3212 7 3 .
170 3192 138 28 Stationer,.
310 3193 129 32 Earigior*.

43 3277 46 43 J.
112 3277 52 43 T.
192 3277 195 54 Brown,
409 3279 39 44 &
470 3281 94 43 Son

97 3342 108 21 TIMBER
214 3344 18 20 &
242 3343 71 21 COAL
327 3344 178 24 MERCHANTS.
548 3350 2 17 ;

215 3380 161 23 IMPOB/IMtfiS
451 3374 53 34 .'":-..
546 3388 4 15 i

46 3415 36 26 Of
110 3415 137 28 TIMBER
276 3420 52 25 and
357 3420 58 26 All-
433 3422 87 26 Kinds
543 3423 28 26 of

100 3462 181 28 BUILDING
305 3465 217 30 MATERIALS.
545 3474 4 26 |

232 3508 148 29 CORNER

47 3547 160 26 COLOMBO
246 3549 19 24 &
292 3550 95 26 TUAM
422 3554 151 27 STREETS

205 3591 187 28 Cjjbtstohuboh

361 668 165 41 jvs.-
558 662 275 48 cook;

559 716 41 20 The
618 716 90 25 People's
732 716 98 23 CliemUt,

787 751 91 24 Cashel
895 749 94 30 Street,

819 784 274 28 CHBISTCHUBCH.

834 829 125 34 (Opposite
970 828 42 25 the
1033 828 54 24 A.I.
1101 825 86 32 Hotel)

46 903 12 19 I
67 903 52 19 have
128 903 94 25 pleasure
231 902 22 20 m
264 903 102 24 thanking
375 908 35 19 ray
419 902 78 20 friends
507 903 42 19 and
558 904 119 23 supporters
688 901 33 20 for
730 901 36 20 the
782 900 117 21 confidence
918 899 42 20 and
978 904 48 19 very
1044 898 72 20 liberal
1135 898 44 24 pat-

28 946 77 16 ronage
115 939 66 19 which
191 939 38 19 has
239 939 49 19 been
297 939 97 19 extended
404 943 21 15 to
433 946 32 13 me
472 939 32 19 for
513 939 36 20 the
558 940 47 25 past
614 945 66 18 years,
691 939 9 18 I
711 940 54 18 trust
774 938 46 20 that
839 938 13 19 I
869 937 55 20 shall
940 937 61 20 merit
1019 936 36 19 the
1073 934 113 21 continued

29 979 113 21 patronage
150 976 22 18 of
182 981 33 19 my
227 975 76 19 friends
312 974 42 20 and
364 974 34 20 the
409 976 69 24 publio
485 976 109 24 generally.
621 976 81 23 During
712 975 35 20 the
756 981 57 18 years
822 974 12 19 I
848 974 51 20 have
907 974 49 19 been
967 973 22 19 m
1006 972 42 20 Chr
1057 970 98 22 stchurcli
1169 970 11 20 I

27 1010 54 21 have
90 1010 108 26 dispensed
207 1017 61 18 many
277 1010 114 20 thousunas
401 1012 21 18 of
432 1012 146 25 prescriptions
589 1011 42 20 and
639 1012 134 25 successfully
782 1010 79 21 treated
872 1010 77 21 several
969 1009 116 21 thousands
1104 1009 21 19 of
1144 1014 35 19 my

18 1047 97 26 patients.
143 1047 54 20 lam
208 1047 51 24 fully
268 1047 123 24 acquainted
401 1048 49 20 with
460 1049 36 19 the
511 1049 93 19 business
612 1049 21 18 m
644 1049 27 19 ah
681 1049 28 19 its
718 1049 108 22 branches,
836 1048 42 19 and
887 1048 80 25 itismy
977 1047 116 19 enloavour
1103 1047 76 23 always

53 1084 117 24 personally
185 1084 71 20 attend
267 1086 21 17 to
298 1084 32 19 the
338 1084 148 24 requirements
495 1085 43 19 and
545 1085 71 19 obtain
627 1084 35 20 the
672 1085 118 19 confidence
805 1085 22 18 of
845 1084 28 19 all
892 1084 45 20 who
956 1084 72 24 kindly
1046 1083 74 20 favour
1147 1088 33 13 me

17 1119 51 20 with
78 1120 53 19 their
145 1122 117 22 patronage.

18 1158 64 20 TRY
100 1158 49 20 MY
173 1158 91 21 CURE
283 1158 62 20 FOR
363 1158 64 20 ALL
444 1158 162 25 KINDS,OF
622 1160 80 20 SKIN
886 1169 11 3 -

176 1193 11 19 I
197 1198 35 14 am
242 1192 129 25 exceedingly
382 1193 110 19 successful
504 1193 22 19 m
537 1200 35 18 my
578 1193 99 21 remedies
686 1195 32 19 for
728 1194 42 20 this
778 1194 115 25 complaint
910 1194 52 20 have
972 1200 12 14 a
989 1194 56 25 large
1062 1193 88 21 number
1159 1194 21 20 of

217 1229 147 20 testimonials.

42 1273 42 19 RY
102 1273 48 19 MY
169 1273 73 19 NEW
259 1263 142 29 REMEDY
418 1274 63 18 FOR
499 1274 95 19 LIVER
606 1259 305 36 COMPLAINTS*AND
930 1276 249 21 INDIGESTION—

187 1309 48 18 Hui.
238 1307 60 20 dreds
308 1309 22 18 of
340 1313 33 18 my
384 1310 92 22 patients
485 1308 53 19 have
547 1309 77 24 proved
633 1310 17 19 it
660 1310 73 24 highly
749 1310 139 26 satisfactory.

163 1353 79 31 Large
255 1353 73 25 Stock
345 1353 28 25 of
380 1353 32 25 all
425 1354 70 24 kinds
506 1355 25 24 of
543 1355 86 24 Patent
651 1356 131 25 Medicines
805 1360 26 21 at
858 1357 70 25 Store
946 1358 90 25 Prices.

246 1405 19 25 A
277 1406 115 31 complete
402 1409 2 3 '
415 1407 146 25 Assortment
582 1409 26 23 of
628 1410 173 30 Horcoepathic
828 1411 138 24 Medicines.

81 1455 42 26 All
140 1456 122 24 DRUGS
279 1456 188 26 Guaranteed
486 1458 82 32 Pure,
584 1458 74 26 Best
679 1459 127 35 Quality,
826 1461 55 24 and
898 1463 116 24 Lowest
1039 1462 91 27 Price.

211 1503 302 25 fBESGRH'TIONS
529 1506 117 32 carefully
664 1508 48 23 and
730 1509 111 29 correctly
864 1510 129 30 dispensed.

21 1588 26 10 *.
48 1574 106 24 ._„...:
345 1543 604 52 COTsT^TJ-LTATIoks'
982 1561 191 36 FHiiJE

439 1610 113 30 JOHN
575 1611 28 31 S.
629 1612 143 39 COOKE,

408 1670 141 31 Registered
580 1672 204 26 Pharmaceutical
803 1675 116 31 Chemist,
1036 1674 3 24 '.

739 1721 109 27 Cashel
872 1724 114 33 Street,

869 1770 274 30 OHRISTCHUECH.
