2470 3900
51 173 108 24 weather
170 173 68 23 there
249 181 48 15 was
309 181 14 15 a
340 180 56 23 very
413 172 62 31 good
492 174 78 22 atten-

50 212 85 24 dance.
165 212 79 30 Songs
256 219 61 16 were
329 212 52 23 well
394 219 62 23 sung
468 210 30 32 by
509 211 61 23 Miss

51 250 132 27 Simmons,
196 249 61 24 Miss
269 249 92 28 Twose,
379 249 49 24 and
444 249 39 23 Mr
496 249 73 29 King,

49 287 47 23 and
104 287 59 23 trios
173 287 53 23 well
236 286 113 24 rendered
358 286 30 30 by
396 286 60 24 Miss
465 285 104 30 Wright,

48 325 40 23 Mr
99 324 90 24 Morris
201 324 47 24 and
261 323 38 24 Mr
309 323 27 24 T.
347 323 98 28 Baxter,
459 330 26 16 as
497 330 50 16 was
556 330 15 15 a

48 364 58 23 duet
119 363 30 30 by
166 363 60 23 Miss
238 363 84 23 Twose
339 362 49 24 and
405 362 38 24 Mr
471 362 97 23 Morris.

50 401 39 23 Mr
100 400 82 24 Duder
193 407 60 23 gave
270 407 15 16 a
301 400 135 27 recitation,
455 398 48 23 and
532 398 39 23 Mr

48 437 126 25 Holbrook
191 445 15 16 a
219 445 56 23 very
292 437 78 30 funny
387 437 108 28 reading.
530 435 39 23 Mr

50 475 87 26 Savers
149 477 46 22 and
210 475 38 24 Mr
261 474 97 30 Wright
370 473 129 24 addressed
527 473 42 24 the

48 515 115 31 meeting,
177 514 115 32 speaking
304 514 108 30 stiongly
424 522 33 15 on
469 513 41 24 the
523 511 47 26 evil

24 560 8 9 •■
48 556 83 23 effects
142 555 27 23 of
183 555 191 28 intemperance.

81 593 48 24 Not
142 593 40 24 the
194 593 60 23 least
271 591 110 30 pleasing
397 591 73 24 items
482 598 33 16 on
526 590 43 24 the

47 638 155 24 programme
214 638 60 16 were
285 630 42 24 the
344 637 73 23 songs
435 629 48 25 and
499 629 70 23 recit-

48 671 80 24 ations
137 670 31 31 by
181 670 41 24 the
234 669 117 28 children,
365 668 47 24 and
425 677 14 15 a
456 668 111 30 dialogue

48 708 101 24 entitled
186 708 52 23 The
256 707 74 24 Girl's
347 706 146 25 Conference
536 706 31 29 by

49 745 47 24 five
113 745 59 31 girls
202 752 48 16 was
279 743 107 24 received
412 743 59 24 with
500 743 67 29 great

50 783 115 31 applause
177 782 31 30 by
226 781 42 24 the
279 781 124 23 audience.
438 779 39 24 Mr
489 779 83 23 Duder

50 821 57 24 read
118 821 42 24 the
184 821 100 24 balance
296 820 69 24 sheer
382 819 79 24 which
475 818 97 24 showed

50 867 15 16 a
75 858 77 24 credit
162 858 101 24 balance
291 858 27 23 of
333 856 60 33 19/-.
429 856 143 30 Altogether

50 897 42 23 the
104 896 107 30 meeting
217 903 49 16 was
278 903 14 15 a
304 894 118 31 complete
435 901 104 16 success.

79 1028 472 42 CORRESPONDENCE.

52 1119 66 19 While
127 1124 37 14 our
172 1119 88 19 columns
269 1124 35 12 are
311 1124 49 17 open
370 1120 20 16 to
400 1118 29 18 all
448 1123 28 13 we
496 1117 24 19 do
539 1118 34 17 not

76 1150 89 25 identify
170 1148 151 21 aurselve*v?ith
327 1155 40 19 any
372 1149 93 24 opinions
469 1147 105 26 expressed

75 1182 78 20 therein

132 1212 132 26 SCHOOL
282 1211 198 25 COMMITTEE.

86 1296 32 23 To
142 1296 39 26 the.
191 1296 84 22 Editor
284 1301 21 23 oj
320 1296 35 22 the
379 1294 152 23 "Observer.'

85 1349 50 27 Sir,
138 1363 31 3 —
170 1348 29 24 In
209 1355 59 23 your
283 1355 73 22 paper
367 1346 26 24 of
420 1348 5 21 I
432 1348 34 22 *st
494 1345 79 24 we^ks

47 1388 71 26 issue,
133 1388 11 23 I
154 1396 39 16 sco
201 1388 53 23 that
263 1394 14 16 a
287 1393 134 23 pompuous
428 1386 139 23 committee

51 1435 58 16 man
127 1426 146 25 somewhere
301 1425 143 24 threatened
473 1432 13 16 a
514 1431 60 24 poor

52 1466 82 25 school
147 1473 103 23 sweeper
266 1465 60 23 with
338 1465 43 23 the
393 1464 65 27 sack,
477 1463 36 24 for
529 1465 44 21 not

51 1505 103 31 abjectly
169 1505 116 29 cringing'
297 1505 25 22 to
339 1504 52 23 him
401 1511 5 20 ;
419 1503 14 23 I
454 1510 49 16 was
531 1504 43 22 not

51 1551 54 16 sure
115 1543 19 22 if
144 1543 40 23 the
193 1543 63 23 word
268 1541 135 31 describing
416 1541 49 24 this
482 1540 90 24 wicked

51 1579 139 25 committee
202 1586 58 16 man
272 1585 50 16 was
332 1577 91 30 rightly
436 1576 62 31 spelt
511 1576 37 24 till
560 1576 13 23 I

52 1618 85 24 looked
146 1618 26 22 m
195 1617 43 23 tin*.
281 1616 141 23 Observer.*'
456 1615 59 24 Now
529 1614 46 25 Sir.

52 1656 82 25 school
146 1663 116 24 sweepers
271 1663 41 16 are
329 1655 123 30 generally
480 1654 26 24 of
532 1654 42 24 the

51 1696 88 24 female
149 1695 149 31 persuasion,
311 1702 34 17 so,
350 1693 85 31 taking
442 1694 20 23 it
473 1695 24 22 to
506 1693 29 24 be
548 1701 26 16 so

51 1734 27 23 m
90 1732 48 25 this
151 1739 61 21 case,
225 1732 13 23 I
249 1738 39 17 am
299 1732 74 29 going
383 1733 24 21 to
419 1730 61 24 stick
493 1738 32 22 up
536 1731 38 22 for

52 1778 41 22 my
106 1778 48 21 sex,
169 1778 25 15 ?o
206 1778 26 15 as
244 1771 25 22 to
280 1771 41 28 get
340 1768 72 31 ready
435 1770 25 22 to
482 1767 90 25 intelli-

52 1809 82 31 gently
147 1817 42 16 use
203 1809 40 23 the
253 1807 134 25 Franchise
398 1807 70 23 when
482 1815 34 15 we
533 1808 41 29 get

51 1847 27 28 it,
91 1854 26 17 so
129 1847 70 23 when
213 1846 11 23 I
238 1846 68 24 know
319 1845 64 23 wh;i.t
395 1845 103 23 District,
510 1844 19 24 it
553 1845 19 21 is

51 1885 34 27 m,
98 1884 48 23 and
167 1884 51 23 who
241 1884 41 23 the
301 1890 104 16 sweeper
427 1882 28 28 is,
479 1882 12 23 1
510 1882 64 24 shrill

51 1922 62 23 have
124 1929 67 16 more
209 1924 24 21 to
257 1929 41 21 say
318 1920 74 24 about
414 1927 27 16 it.
476 1919 35 24 To
533 1924 41 26 get

51 1959 71 31 ready
134 1959 37 22 for
178 1959 41 22 the
231 1959 59 30 fray,
303 1958 14 22 I
329 1958 66 23 have,
401 1957 60 23 been
473 1957 100 30 readiug

52 1997 41 23 the
101 1999 79 27 report
191 1996 25 24 of
227 1996 41 24 tho
285 1995 70 23 West
369 1994 89 26 Oxford
484 1994 89 24 School

52 2034 152 27 Committee,
218 2041 26 15 so
256 2040 26 17 as
294 2034 24 22 to
331 2040 38 16 see
392 2032 21 24 if.
433 2032 68 24 there
524 2039 49 16 was

51 2071 120 32 anything
182 2073 25 22 to
219 2070 56 31 help
289 2077 46 21 me,
348 2070 46 24 and
418 2070 39 24 Sir
480 2069 14 24 I
515 2068 58 25 read

51 2110 59 23 with
121 2108 179 25 astonishment
312 2108 54 24 that
376 2108 40 23 the
427 2108 145 24 Committee

50 2147 61 24 have
124 2147 97 24 decided
234 2149 24 21 to
270 2146 63 23 close
345 2146 41 23 the
400 2145 82 24 school
501 2145 70 24 when

50 2188 44 22 not
106 2193 65 16 more
183 2186 60 23 than
257 2187 29 21 85
299 2185 107 24 children
425 2193 40 16 are
487 2185 26 22 m
536 2187 36 21 at-

48 2225 128 29 tendance,
189 2233 53 15 now
256 2225 78 23 where
353 2225 21 23 is
387 2224 46 25 the'
448 2232 73 17 sense
549 2223 27 25 of

50 2265 58 28 this,
121 2265 13 24 I
145 2265 91 24 believe
259 2264 42 23 the
321 2263 110 25 teachers
454 2271 40 17 are
517 2263 55 31 paid

49 2303 43 24 full
105 2303 59 24 time
177 2302 119 31 (holidays
305 2301 123 32 included)
442 2301 42 25 the
506 2297 78 28 Mas^

49 2345 38 22 ter
97 2343 60 24 lives
169 2343 26 23 m
206 2350 32 16 an
247 2341 125 30 adjoining
391 2341 83 26 hou^e,
498 2342 48 23 and
558 2350 14 14 a

49 2378 59 24 kind
130 2377 80 25 Board
244 2377 25 25 of
300 2376 139 26 Education
462 2377 110 32 provides

49 2417 80 30 plenty
144 2415 27 25 of
190 2415 81 31 firing,
295 2414 37 25 for
354 2415 42 24 the
419 2423 42 16 use
485 2415 25 24 of
531 2414 41 25 the

51 2454 90 24 school.
178 2454 85 30 Surely
275 2453 21 23 if
306 2460 34 16 we
353 2453 68 23 send'
430 2453 76 30 thirty
525 2453 48 23 five

49 2491 109 25 children
169 2491 21 24 it
202 2492 89 23 cannot
303 2489 29 25 be
345 2492 40 22 too
397 2491 73 23 much
484 2493 24 21 to
532 2498 39 16 ex-

47 2533 57 29 pect
115 2530 129 31 somebody
265 2531 26 22 to
313 2529 31 24 do
367 2529 65 24 what
451 2529 58 31 they
532 2537 40 16 are

49 2569 57 32 paid
113 2569 44 28 for,
170 2569 48 24 and
227 2568 71 24 teach
306 2568 77 27 them,
393 2568 13 23 I
415 2568 69 24 don't
494 2568 78 24 blame

49 2607 43 24 tL-e
104 2615 91 15 master
206 2606 25 24 m
245 2606 42 24 the
310 2608 96 26 mat-er,
430 2605 44 24 but
494 2605 78 25 would

50 2646 42 25 the
115 2646 125 24 Eeverend
275 2645 131 25 Chairman
435 2645 73 31 apply
531 2645 41 23 the

49 2693 68 17 same
128 2687 53 23 rule
191 2685 26 24 m
240 2684 148 31 conducting
411 2685 39 23 his
474 2684 98 25 Chinch

49 2727 110 26 matters,
172 2725 49 23 and
233 2724 57 25 send
305 2732 66 23 away
388 2733 12 15 a
413 2724 106 31 possible
543 2727 29 22 35

49 2764 150 30 threepenny
222 2762 48 25 bits
292 2761 102 24 because
421 2762 68 24 there
511 2770 62 16 were

48 2802 44 22 not
104 2808 75 19 more,
191 2799 21 24 if
232 2808 27 15 so
281 2799 13 24 I
315 2799 27 24 of
355 2807 85 16 course
461 2799 61 25 have
541 2808 32 15 no

49 2845 67 17 more
129 2838 24 23 to
165 2845 42 22 say
215 2837 74 24 about
301 2836 27 24 it.
374 2836 50 25 But
438 2837 39 25 Sir
489 2837 20 23 if
525 2844 48 24 any

49 2875 26 24 of
85 2882 39 23 my
138 2875 110 23 children
261 2875 96 29 happen
371 2876 24 22 to
408 2874 29 24 be
460 2876 114 29 amongst

49 2913 43 24 the
104 2912 103 31 rejected
219 2919 66 21 ones,
299 2911 12 24 I
324 2912 61 24 shall
398 2911 100 32 enquire
509 2912 66 24 what

49 2952 42 24 the
103 2952 81 24 Board
206 2951 27 25 of
252 2951 140 25 Education
415 2952 46 24 has
484 2955 25 21 to
532 2960 42 22 say

49 2992 74 24 about
135 2992 41 24 the
189 2994 96 22 matter.
321 2991 69 25 Then
405 2992 56 24 how
473 2992 101 30 import-

49 3034 44 22 ant
101 3032 21 23 it
132 3032 22 23 is
166 3031 55 24 that
233 3031 41 24 the
286 3038 59 23 poor
486 3031 88 25 should

50 3073 40 28 get
101 3070 64 23 their
176 3077 80 23 wages
278 3076 27 17 as
327 3076 60 17 soon
410 3077 27 16 as
459 3069 114 31 possible,

50 3110 49 24 and
109 3112 41 28 yet
161 3110 19 23 it
190 3117 78 16 seems
280 3110 25 23 to
313 3117 40 16 me
367 3109 54 24 that
427 3110 26 23 m
464 3109 34 24 all
505 3109 69 25 these

49 3157 70 24 years
132 3157 66 16 some
211 3149 26 24 of
244 3149 68 24 them
325 3148 80 32 might
418 3149 61 25 have
502 3149 72 24 saved

160 3192 24 21 to
197 3197 68 23 carry
278 3189 67 24 them
354 3197 31 16 on
395 3189 37 24 for
443 3197 15 16 a
480 3189 46 31 day
549 3196 27 17 or

50 3231 46 22 two
108 3229 62 24 after
181 3229 42 23 the
235 3228 47 24 end
296 3228 26 23 of
331 3228 42 23 the
393 3228 96 23 month.
524 3228 51 23 But

49 3265 14 24 I
75 3272 38 17 am
124 3265 55 30 glad
191 3266 26 23 to
229 3272 39 17 see
280 3263 54 25 that
346 3264 42 24 the
408 3264 124 24 caivtakor
554 3264 22 24 is

49 3304 58 31 only
119 3306 25 22 to
156 3304 62 24 have
240 3305 38 23 six
297 3304 95 31 pounds
415 3305 26 23 of
462 3312 113 16 common

50 3340 98 24 candles
157 3341 37 25 for
205 3342 43 24 the
259 3341 88 25 winter
358 3342 110 28 months,
482 3342 10 22 1
506 3342 67 24 dare-

50 3388 42 23 say
104 3383 57 28 they
172 3381 81 24 would
265 3380 57 25 like.
325 3381 61 31 good
399 3382 107 28 candles,
531 3382 43 24 but

49 3429 45 15 our
115 3421 61 23 v.ide
199 3422 82 23 awake
304 3422 141 26 committee
468 3430 40 16 are
531 3424 43 22 not

49 3459 75 31 likely
136 3461 24 22 to
174 3460 28 23 be
214 3460 48 23 had
273 3461 25 23 m
308 3461 54 23 that
374 3469 60 22 way,
445 3462 63 23 their
519 3469 54 16 care

48 3497 27 23 m
87 3497 49 24 this
147 3497 49 24 last
207 3497 111 25 instance
331 3499 89 24 almost
440 3500 132 24 reconciles

48 3541 41 17 me
99 3536 26 21 to
136 3542 15 15 a
162 3542 138 22 pompuous
312 3535 157 31 Committee;
494 3537 42 24 but
559 3537 13 24 I

50 3578 42 23 say
106 3571 39 24 Sir
157 3572 121 24 whatever
289 3572 41 24 did
346 3573 59 31 they
423 3577 65 22 want
512 3575 59 24 such

49 3617 15 16 a
72 3610 49 24 fine
132 3618 54 16 new
208 3610 67 31 lamp
298 3611 46 30 for;
368 3613 48 23 and
438 3614 14 22 I
475 3615 97 23 wonder

51 3646 78 26 where
136 3648 57 31 they
205 3656 41 23 got
257 3650 27 22 it.
297 3651 48 22 and
361 3651 67 24 what
438 3660 61 22 gave
511 3654 54 29 they

48 3684 37 23 for
94 3684 27 23 it.
134 3684 50 24 But
196 3684 54 26 law!
263 3685 14 24 I
289 3689 66 21 must
367 3690 61 27 stop,
441 3689 48 23 and
501 3690 12 22 I
527 3697 41 16 am

49 3728 66 24 sorry
127 3720 38 24 for
176 3721 26 24 it.

242 3759 80 25 Yours
335 3761 39 27 &c,

329 3796 193 30 Matebfamilhb,

697 170 49 28 Sir,
750 184 27 4 —
781 170 54 24 You
853 170 61 23 have
927 169 89 30 always
1027 169 61 24 been
1111 172 73 28 ready

663 203 25 23 to
699 203 76 23 insert
786 202 120 30 anything
917 201 36 24 for
972 202 43 23 the
1042 202 96 24 welfare
1160 203 26 25 of

663 234 41 25 the
716 235 94 24 district
822 237 25 21 at
858 234 67 30 large
936 233 26 24 m
990 242 60 22 your
1073 235 111 25 valuable

657 272 108 24 medium
784 272 41 24 the
846 276 5 9 '
861 271 135 28 Observer,'
1013 271 47 24 and
1084 271 13 24 I
1128 280 55 23 sup-

657 317 58 23 pose
726 310 20 23 it
763 310 21 23 is
796 310 107 31 nothing
913 309 42 24 bat
967 310 143 24 reasonable
1129 310 55 25 that

657 348 13 23 I
682 348 88 24 should
782 348 30 24 be
823 356 47 16 one
892 351 26 22 to
939 349 65 23 work
1028 349 42 24 the
1092 350 92 31 willing

657 387 83 24 horse.

689 419 45 24 We
743 419 62 24 have
817 419 75 24 heard
909 426 14 17 a
943 421 67 29 great
1033 420 54 24 deal
1110 421 74 31 lately

657 456 74 24 about
753 456 59 24 both
836 461 68 26 great
927 457 48 23 and
998 457 73 25 small
1111 461 75 21 water

657 495 108 30 supplies
777 496 38 23 for
827 496 41 24 the
882 495 92 25 Oxford
985 496 50 24 and
1046 496 71 24 other
1136 497 47 24 dis-

656 532 78 23 tricts.
781 533 203 23 TheCommibtee
995 534 49 21 and
1057 541 68 15 some
1148 534 36 22 in-

656 567 66 25 vited
732 572 84 26 guests
834 570 83 23 visited
938 570 42 23 the
1003 577 86 23 propos
1099 570 28 23 wl
1148 571 37 22 in-

657 605 70 25 takes
739 605 59 25 both
810 608 26 22 at
847 607 43 23 the
900 607 93 30 Ashley
1003 607 47 23 and
1063 607 121 24 Waimak-

657 643 55 22 ariri
726 642 48 24 last
786 643 67 24 week
866 644 78 23 which
962 644 10 22 L
986 644 73 24 think
1071 644 22 23 is
1106 652 14 15 a
1131 646 54 31 stgp

656 681 25 23 m
694 682 42 24 the
753 682 66 30 right
831 682 126 28 direction,
970 682 49 24 and
1038 682 124 31 showing-'
1170 689 14 18 a

656 720 78 24 desire
756 722 25 22 to
805 721 118 24 establish
947 722 42 24 the
1012 721 54 25 best
1086 722 99 24 scheme

656 757 49 24 and
718 757 103 32 thereby
830 758 30 24 do
879 758 42 24 the
944 761 105 27 greatest
1072 760 63 30 good
1159 762 25 22 to

656 797 42 23 the
709 799 107 28 greatest
827 797 105 24 number
943 800 43 21 not
999 806 14 15 a
1024 798 79 31 paltry
1115 798 69 25 ditch

655 834 25 23 to
692 835 87 29 supply
791 834 49 24 and
851 835 89 30 gratify
952 842 46 17 one
1010 843 27 16 or
1061 838 52 21 two'
1133 844 51 16 mo-

654 871 128 30 nopolists,
796 871 49 25 and
868 872 110 24 enhance
1002 872 42 25 the
1066 874 70 23 valuo
1159 873 27 25 of

657 910 65 23 their
734 910 58 23 land
804 912 26 22 at
842 911 42 23 the
896 913 52 22 cost
960 911 28 23 of
997 911 41 24 the
1050 920 83 23 many.

689 947 69 27 Now,
773 948 38 23 Mr
821 948 95 27 Editor,
930 956 41 22 my
989 949 120 30 principal
1132 957 51 17 rea-

657 993 45 17 son
718 986 38 24 for
768 987 162 31 encroaching
942 996 32 15 on
985 996 62 23 your
1070 988 112 25 valuable

656 1032 71 23 space
735 1025 21 24 is
769 1028 25 22 to
806 1033 66 16 warn
882 1026 43 24 the
937 1028 155 30 rate-payers
1104 1028 27 23 of
1139 1028 43 24 the

654 1064 90 25 Oxford
758 1073 32 15 an
798 1065 9 24 1
818 1065 127 31 adjoining
956 1066 117 25 districts,
1085 1066 98 30 against

657 1101 41 24 the
710 1102 120 31 clap-trap
848 1103 48 23 and
908 1104 153 30 suggestions
1073 1105 26 23 of
1115 1105 68 24 these

652 1141 71 24 Ltnd
738 1141 160 31 Monopolists
912 1143 53 24 who
977 1143 44 24 tell
1035 1151 28 16 u.s
1085 1143 96 32 plainly

655 1180 56 31 they
734 1180 62 25 have
821 1181 92 31 bought
936 1190 15 16 a
973 1183 67 30 large
1063 1182 72 25 block
1157 1183 27 24 of

652 1219 59 25 land
723 1220 60 25 with
795 1221 42 25 the
845 1221 122 25 intention
980 1222 26 25 of
1011 1223 129 31 irrigating
1151 1223 31 29 it,

654 1259 49 23 and
715 1259 59 24 tben
786 1260 91 29 dispose
889 1261 26 23 of
923 1260 20 24 it
955 1263 26 21 at
1003 1263 25 21 at
1050 1261 63 23 lea3t
1132 1261 54 24 four

652 1296 72 24 times
744 1296 32 24 its
798 1298 60 23 cost.

685 1336 52 24 The
762 1336 142 30 gentleman
929 1336 11 24 I
964 1336 81 25 allude
1068 1338 25 23 to
1116 1337 66 30 prin-

657 1374 96 32 cipally,
765 1375 22 24 is
799 1375 40 24 Mr
852 1376 33 23 M.
898 1376 90 28 Dixou,
1002 1376 54 24 who
1069 1376 31 24 ha
1111 1383 8 17 i
1135 1377 50 30 agi-

658 1412 67 24 tated
748 1412 49 25 and
831 1413 136 31 attempted
998 1415 25 22 to
1056 1414 128 30 propound

658 1452 119 27 schemes,
795 1460 31 22 go
848 1453 53 23 into
924 1453 98 30 figures,
1045 1453 91 24 dictate
1160 1457 24 20 to

656 1491 146 31 Engineers,
816 1491 48 23 arid
877 1491 119 24 condemn
1020 1499 71 24 every
1113 1492 71 25 other

655 1528 112 31 proposal
781 1528 42 24 but
835 1528 38 24 his
885 1536 54 17 own
951 1537 28 16 as
991 1529 67 31 quite
1078 1530 104 30 imprac*

655 1567 95 24 ticable.
786 1568 66 26 Now,
868 1568 47 27 Sir,
929 1569 79 23 would
1019 1576 47 23 you
1091 1569 90 24 believe

656 1606 55 24 that
721 1606 39 24 Mr
771 1606 81 24 Dixon
864 1607 49 23 had
924 1614 75 17 never
1010 1608 107 30 actually
1125 1615 58 17 seen

656 1644 43 24 the
709 1644 119 30 proposed
839 1643 84 25 intake
935 1647 25 21 at
974 1645 41 23 fche
1026 1645 69 24 Rock
1117 1645 66 24 Ford

656 1681 64 24 until
731 1680 48 25 last
792 1681 135 31 Thursday,
948 1682 49 23 and
1016 1684 41 28 yet
1079 1682 32 24 he
1133 1682 48 24 had

656 1720 151 24 condemned
819 1720 43 25 the
885 1720 98 25 scheme
1005 1729 27 16 or
1055 1721 128 25 otherwise

655 1757 90 31 argued
757 1766 26 16 so
796 1758 109 30 strongly
917 1759 97 29 against
1024 1759 21 23 it
1054 1767 26 15 as
1088 1761 25 22 to
1122 1759 49 24 mis

654 1795 55 24 lead
731 1802 75 24 many
828 1796 87 30 people
936 1795 55 25 who
1018 1796 80 24 would
1120 1795 63 26 have

655 1835 109 31 strongly
777 1834 131 31 supported
920 1834 42 25 the
976 1836 39 30 big
1027 1835 105 24 scheme.
1167 1836 14 23 I

654 1874 131 24 there-fore
803 1874 79 27 think,
907 1874 40 24 Mr
969 1874 95 28 Editor,
1089 1874 50 25 this
1161 1875 22 25 is

656 1914 121 22 sufficient
789 1915 25 21 to
823 1913 86 31 justify
922 1921 39 16 me
972 1914 27 24 m
1011 1914 110 30 warning
1141 1922 41 23 my

654 1950 11 23 f
677 1950 208 30 Low-ratepayers
897 1950 49 24 and
958 1950 87 31 asking
1067 1952 69 22 them
1157 1954 25 21 to

654 1988 54 30 pull
720 1988 111 30 together
842 1988 49 23 and
903 1995 30 24 go
944 1988 38 24 for
1004 1988 42 24 the
1069 1996 112 23 perman-

654 2028 41 21 ent
708 2027 86 28 supply
805 2025 63 24 from
881 2033 13 16 a
906 2033 74 16 never
988 2026 87 29 failing
1087 2033 92 21 source,

653 2063 49 23 and
713 2065 44 21 not
769 2062 29 24 be
810 2062 40 24 ied
861 2065 82 29 astray
962 2063 30 31 by
1016 2063 39 24 Mr
1077 2063 104 25 Dixon's

654 2103 64 31 dirty
730 2105 75 21 water
814 2103 177 31 requirements
1011 2103 81 24 which
1112 2103 70 24 could

652 2143 57 30 only
723 2143 64 23 work
801 2145 25 21 to
835 2142 42 24 the
889 2142 132 24 detriment
1032 2142 27 24 of
1065 2150 45 17 our
1116 2150 65 16 com-

652 2183 72 23 bined
746 2183 116 25 districts.
897 2183 53 23 The
972 2184 67 29 spots
1073 2190 31 17 on
1137 2182 42 24 the

652 2228 83 20 moon,
749 2220 41 24 the
803 2228 54 16 sun.
882 2220 65 32 (son)
969 2220 100 31 chasing
1094 2228 85 21 venus,

654 2267 54 22 may
722 2258 29 24 be
762 2258 34 24 all
818 2266 57 22 very
894 2258 99 24 nakral
1012 2258 48 24 and
1082 2267 97 16 reason-

652 2298 62 28 able,
727 2298 44 24 but
783 2298 37 24 for
831 2306 15 16 a
867 2305 58 17 man
949 2301 24 21 to
990 2300 38 29 try
1050 2298 49 24 and
1123 2298 47 24 mis

652 2336 55 25 lead
720 2336 42 25 the
779 2335 83 31 public
874 2336 49 23 aud
946 2344 73 22 argue
1044 2336 41 24 the
1108 2336 71 28 point

652 2372 97 32 against
762 2372 49 23 this
823 2374 68 28 great
904 2373 62 22 boon
987 2374 25 22 to
1036 2371 41 24 the
1103 2371 76 25 whole

651 2411 26 23 of
687 2411 42 24 the
741 2410 94 24 district
849 2409 106 25 between
967 2410 42 25 the
1023 2409 89 32 Ashley
1132 2409 49 25 and

650 2450 172 24 Waimakiriri
835 2450 71 24 when
930 2449 31 25 he
979 2449 49 25 had
1050 2453 44 21 not
1117 2458 60 16 even

652 2497 58 17 saen
723 2489 41 24 the
776 2489 118 31 proposed
917 2489 97 24 int.ikes
1038 2489 79 24 which
1144 2489 32 24 all

652 2527 70 24 Road
732 2526 94 24 Boards
838 2526 104 31 (Oxford
965 2526 141 31 especially)
1131 2526 50 24 had

654 2568 71 28 spont
737 2573 27 16 so
782 2565 74 24 much
878 2565 60 24 tinvj
958 2565 26 24 m
1009 2565 108 31 working
1138 2568 43 22 out

657 2603 58 23 with
729 2603 39 23 Mr
781 2602 94 31 Sbarpe
886 2611 20 15 w
927 2611 40 16 o:e
979 2603 104 24 abilities
1092 2606 90 21 cannot

654 2639 28 24 be
694 2640 111 30 disputed
819 2648 78 15 seems
910 2643 26 21 to
949 2648 38 16 me
999 2640 83 24 rather
1094 2643 40 21 too
1142 2648 38 17 ~ie

650 2677 43 32 joy
704 2678 37 24 for
754 2677 38 25 Mr
804 2677 81 25 Dixon
897 2680 25 22 to
935 2677 62 25 have
1017 2678 32 24 all
1072 2680 26 23 at
1120 2686 60 17 ones

654 2715 49 25 and
715 2716 12 24 I
738 2715 38 24 for
784 2723 47 17 one
843 2715 65 25 shall
918 2723 31 24 go
961 2716 37 24 for
1021 2716 41 24 the
1083 2716 98 25 schema

654 2756 80 24 which
747 2756 48 24 will
807 2756 31 23 do
850 2755 42 24 the
904 2758 106 28 greatest
1023 2756 61 30 good
1097 2759 23 21 to
1139 2757 41 23 the

653 2797 106 28 greatest
781 2794 113 24 number.
928 2794 25 24 If
974 2803 47 22 you
1049 2803 46 16 can
1129 2795 35 24 fin
1174 2796 7 23 I

654 2839 79 23 space,
750 2831 47 28 Sir,
810 2832 37 23 for
859 2831 50 24 this
921 2832 79 29 letter,
1012 2841 49 22 you
1073 2832 49 25 will
1144 2832 37 25 in-

652 2877 43 16 cur
707 2877 15 16 a
734 2869 85 24 favour
830 2876 40 20 on,

849 2901 82 25 Yours
944 2903 40 28 &c,

981 2935 68 26 Aqua
1071 2935 75 24 Pura.

687 3039 85 28 Sib,—
773 3039 14 24 l
815 3039 62 25 have
905 3039 58 25 read
992 3039 39 25 Mr
1061 3040 118 31 Wright's

656 3079 102 25 effusion
771 3088 26 15 re
807 3079 44 25 the
862 3080 132 31 genealogy
1006 3080 26 24 of
1046 3080 53 24 Her
1117 3081 65 25 Most

654 3118 119 24 Gracious
786 3118 103 31 Majesty
902 3119 85 29 Queen
1005 3119 115 27 Victoria,
1131 3121 48 23 and

654 3158 32 24 he
697 3158 121 24 informed
835 3165 39 17 me
891 3158 20 24 it
939 3166 49 16 was
1016 3161 42 27 got
1087 3167 32 22 up
1150 3160 8 23 !.
1166 3168 13 8 ■■•

654 3197 92 24 Messrs
769 3196 90 25 Glover
876 3197 48 24 and
943 3196 119 30 Grimald,
1093 3200 12 22 I
1136 3200 46 29 beg

656 3235 66 22 their
733 3234 106 29 pardons
856 3234 13 22 I
886 3234 87 23 should
985 3234 61 23 have
1059 3235 52 23 said
1140 3236 41 23 the

657 3275 64 22 most
733 3271 146 25 Reverends.
917 3271 60 25 Well
990 3273 12 23 I
1014 3272 68 25 don't
1110 3274 71 25 think

654 3313 45 23 her
713 3312 103 31 Majesty
826 3313 21 23 is
859 3320 24 15 ni
888 3312 44 24 noli
947 3311 112 25 ilattaivd
1085 3316 25 21 at
1138 3314 42 28 th.c

654 3354 40 29 get
706 3360 41 23 up.
782 3352 13 23 I
807 3351 61 25 have
887 3352 60 23 been
959 3351 102 32 reading
1079 3353 101 31 History

651 3393 65 23 most
733 3391 153 31 assiduously
909 3390 66 24 since
1003 3392 102 32 reading
1134 3393 39 25 Mr

653 3429 109 30 Wrights
774 3430 72 23 letter
858 3429 48 23 and
924 3428 12 23 I
948 3431 66 21 can't
1034 3429 70 25 make
1132 3433 43 23 out

652 3476 48 23 any
712 3468 160 29 relationship
888 3467 106 24 between
1009 3468 43 24 her
1070 3469 48 24 and
1137 3470 40 25 the

654 3506 63 24 Wild
730 3506 121 23 Irishmen
866 3505 131 27 indicated,
1025 3506 73 25 much
1127 3508 49 24 less

653 3542 121 25 Zidechia
792 3543 47 23 and
868 3542 42 24 the
938 3544 49 23 rest
1015 3543 27 24 of
1067 3545 47 24 the'
1138 3546 40 24 old

651 3582 148 31 blackguard
810 3581 140 24 Patriarchs
962 3583 55 24 who
1030 3586 71 28 spent
1114 3587 64 23 most

645 3621 31 24 .of
686 3621 70 22 their.
763 3621 59 22 tiuia
839 3619 26 23 m
883 3620 106 30 stealing
1006 3622 60 23 each
1093 3623 84 25 others

649 3659 70 28 goats
731 3656 48 24 and
789 3663 75 17 asses,
882 3656 49 24 and
959 3658 142 32 concealing
1114 3659 65 25 their

650 3696 67 23 Gods
729 3693 104 25 beneath
846 3694 43 24 the
901 3695 101 32 flowing
1012 3700 126 28 garments
1152 3699 27 25 of

650 3743 48 23 any
710 3741 95 18 woman
818 3734 28 24 m
862 3734 44 24 the
917 3743 80 24 camp.

937 3775 43 29 &c,
1067 3784 1 17 :

945 3806 28 27 C.
992 3808 35 26 M.
1045 3809 95 26 Lugab.

1276 199 200 58 LOCAL
1476 199 15 58 and
1530 199 267 61 GENERAL

1308 360 105 26 Service
1431 371 29 16 of
1479 364 90 27 Sono,-
1587 364 52 24 The
1662 372 91 16 service
1776 365 26 24 of

1273 411 61 20 smg
1345 405 102 24 entitled
1502 406 88 31 Billy's
1611 414 52 23 way
1686 408 25 23 to
1733 406 66 25 Hea-

1273 453 46 16 ven
1363 447 79 24 which
1456 456 49 15 was
1517 456 26 16 so
1555 448 81 32 highly
1665 449 92 30 spoken
1776 449 27 24 of

1273 489 70 24 when
1360 490 137 30 performed
1514 492 26 23 at
1558 491 42 24 the
1619 491 68 24 West
1705 491 92 25 Oxford

1274 531 100 30 Chapel,
1387 540 50 15 was
1448 534 113 29 repeated
1573 534 26 22 m
1621 534 43 23 the
1687 534 61 23 East
1767 542 33 15 on

1274 572 107 32 Monday
1392 574 79 31 night,
1484 575 47 23 and
1545 583 26 16 as
1583 575 40 23 it's
1646 575 62 30 good
1731 575 69 24 char-

1273 617 66 21 acter
1351 615 49 23 had
1412 624 62 22 gone
1487 616 65 25 befoi
1550 624 5 6 m
1556 624 13 17 e
1580 616 29 29 it,
1637 616 21 25 it
1680 618 121 24 attracted

1273 665 15 15 a
1306 658 63 29 good
1381 658 85 24 house.
1501 658 52 24 Eev
1564 659 24 23 J.
1609 659 116 32 Benning
1746 668 53 22 pre-

1274 699 76 28 sided,
1364 700 48 24 and
1424 701 135 24 conducted
1583 701 42 24 the
1647 703 152 23 conmective

1272 741 114 32 readings
1397 742 27 23 m
1435 743 40 23 his
1498 744 71 23 usual
1591 745 114 29 pleasant
1727 744 72 30 style,

1273 783 43 25 the
1329 786 108 30 meeting
1449 793 48 16 was
1506 786 67 30 quite
1585 794 14 16 a
1611 795 106 16 sucees3.

1305 873 214 29 Oddfmxowship,
1523 889 31 4 —
1555 873 18 18 a>
1576 874 30 25 he
1637 876 70 27 usual
1741 875 58 24 fort-

1272 917 97 30 nightly
1381 918 109 30 meeting
1501 917 26 24 of
1542 917 43 24 the
1607 917 77 31 Loyal
1708 918 92 24 Oxford

1272 959 91 31 Lodge.
1376 959 38 24 No
1427 961 72 26 (5172,
1510 967 49 16 was
1572 959 56 25 held
1640 962 26 21 at
1679 960 41 24 the
1733 960 64 25 Odd-

1272 1001 100 24 felljws'
1387 1002 65 28 Hall,
1468 1002 67 24 West
1548 1002 98 35 Oxford,
1659 1011 33 15 on
1714 1003 83 23 Satur-

1272 1043 46 31 day
1341 1044 65 23 June
1428 1044 68 23 11th.
1532 1044 51 24 The
1606 1044 63 24 F.G.
1694 1045 49 23 Bro
1774 1045 25 24 J.

1274 1086 139 24 Stevenson
1433 1087 110 30 presided
1566 1087 48 23 and
1642 1088 93 29 opened
1758 1087 49 25 the'

1272 1129 71 30 lodge
1355 1129 26 23 m
1393 1129 47 24 due
1452 1129 71 24 forni.
1558 1129 52 24 The
1622 1132 117 21 accounts
1750 1130 49 23 and

1273 1171 107 24 minutes
1390 1171 26 24 of
1426 1171 41 24 the
1480 1172 112 30 previous
1608 1173 109 31 meeting
1737 1180 62 17 were

1273 1214 57 25 read
1350 1215 48 24 and
1421 1214 141 25 confirmed.
1597 1215 53 24 The
1672 1218 81 29 report
1776 1216 26 24 of

1272 1258 43 24 the
1328 1258 57 24 Sick
1397 1258 94 24 Visitor
1508 1259 59 23 with
1592 1259 132 30 Surgeon's
1747 1266 51 17 cer-

1274 1300 104 25 tificates
1399 1308 62 17 were
1480 1301 109 24 received
1613 1301 110 32 showing
1753 1310 47 16 one

1272 1343 99 24 brother
1383 1343 50 24 still
1444 1351 33 16 on
1494 1343 42 24 the
1546 1343 75 24 funds
1629 1343 25 25 of
1664 1344 42 25 the
1719 1345 78 30 lodge.

1273 1385 66 24 Four
1350 1385 71 24 offers
1433 1386 37 23 for
1477 1386 42 24 the
1532 1386 86 31 supply
1641 1386 27 25 of
1687 1386 113 25 firewood

1272 1428 38 24 for
1332 1437 42 16 use
1397 1430 28 23 of
1447 1429 59 25 Hall
1529 1437 62 16 were
1611 1430 116 28 received,
1750 1430 49 23 and

1273 1470 55 25 that
1339 1471 26 25 of
1375 1471 49 25 Bro
1435 1472 37 24 W.
1486 1472 137 24 Stevenson
1635 1480 49 16 was
1696 1474 99 29 accept-

1273 1513 37 25 ed.
1346 1514 122 24 Accounts
1481 1514 146 31 amounting
1639 1516 25 23 to
1683 1515 34 24 £5
1738 1522 62 17 were

1273 1557 87 30 passed
1372 1557 37 21 for
1421 1560 124 28 payment,
1560 1557 40 23 the
1611 1558 104 30 receipts
1726 1558 75 30 being

1273 1599 33 23 £1
1325 1601 28 22 Hs
1370 1598 39 25 3d.
1446 1600 52 23 One
1517 1599 129 26 candidate
1667 1608 51 16 was
1741 1600 59 31 duly

1272 1641 113 25 initiated
1406 1642 59 24 with
1489 1642 42 24 the
1553 1644 73 23 usual
1647 1642 152 29 formalities,

1272 1684 49 24 and
1332 1685 43 23 the
1388 1685 107 29 meeting
1514 1692 50 16 was
1587 1685 60 24 then
1670 1685 81 25 closed
1773 1686 27 24 m

1273 1726 42 26 the
1327 1727 72 25 usual
1411 1735 110 17 manner.

1304 1820 135 29 Football,
1440 1835 32 4 —
1473 1821 53 25 The
1541 1821 125 32 following
1691 1818 48 28 will
1762 1830 35 16 re-

1270 1867 99 29 present
1381 1864 42 25 the
1442 1865 104 24 married
1561 1873 56 16 men
1629 1865 24 24 m
1664 1865 42 25 the
1715 1866 83 24 match

1272 1914 32 17 on
1336 1907 129 31 Saturday,
1497 1908 65 24 June
1590 1908 102 24 25th.—
1694 1908 25 29 J,
1760 1908 37 24 W.

1272 1949 93 29 Basset,
1395 1949 28 24 0.
1452 1949 103 29 Gorton,
1585 1950 21 23 E
1646 1950 85 32 Feary,
1767 1951 29 24 F.

1272 1991 71 29 Boss,
1362 1991 31 25 G.
1411 1992 76 31 Eyde,
1506 1992 39 24 W.
1564 1992 77 31 Byde,
1666 1992 34 25 H.
1729 1993 68 29 Free,

1272 2034 29 24 T.
1319 2034 85 28 Keats,
1422 2034 24 25 J.
1465 2035 133 31 Harbidge,
1625 2036 28 24 T.
1682 2036 116 30 Pearson,

1273 2077 28 25 A.
1319 2077 59 30 Lee,
1399 2077 28 25 L.
1458 2077 99 30 Wilkie,
1586 2078 34 25 H.
1649 2079 90 31 Byder,
1766 2079 31 24 G.

1275 2120 91 28 White,
1385 2121 28 24 T.
1442 2121 97 27 Brown,
1570 2121 26 24 0.
1625 2121 93 29 Bluett,
1747 2122 50 23 and

1272 2164 29 23 L.
1320 2163 108 25 Griffith.
1465 2164 22 23 A
1517 2163 147 26 Committee
1691 2164 109 31 meeting

1272 2206 46 24 will
1331 2206 29 25 be
1372 2206 56 24 held
1442 2206 62 24 after
1515 2207 42 25 the
1570 2207 83 24 match
1675 2208 25 24 to
1724 2207 73 25 select

1272 2258 13 16 a
1297 2251 66 23 team
1375 2249 37 25 for
1434 2248 133 33 Bangiora.

1304 2343 133 23 Footbauv
1441 2358 26 3 —
1474 2344 22 21 A
1506 2344 107 28 praetico
1626 2344 51 22 will
1687 2344 31 22 be
1740 2344 57 23 held

1271 2385 50 24 this
1332 2386 128 23 afternoon
1472 2387 26 22 at
1509 2385 43 25 the
1571 2385 66 24 Park
1659 2394 138 17 commenc-

1270 2429 43 29 ing
1325 2432 25 21 at
1362 2430 15 23 4
1393 2428 100 25 o'clock.

1303 2502 65 24 Next
1378 2502 121 31 Saturday
1511 2510 14 16 a
1536 2502 83 24 match
1632 2503 50 23 will
1691 2502 29 27 be
1729 2503 67 31 play-

1272 2545 37 26 ed,
1322 2545 106 23 marritd
1440 2554 14 15 v
1466 2545 86 31 single.
1587 2545 177 31 Commencing
1772 2548 25 22 at

1272 2589 22 22 2.
1308 2589 32 22 80
1359 2587 81 31 sharp.

1303 2670 84 25 Local
1404 2670 163 30 Industry,—
1567 2670 40 25 Mr
1628 2671 54 25 Ben
1706 2672 90 31 Sharp-

1270 2714 35 25 lin
1322 2714 22 24 is
1366 2716 26 22 to
1411 2713 30 25 be
1463 2714 184 31 congratulated
1665 2722 66 23 upon
1754 2715 42 25 tHe

1270 2764 95 18 success
1377 2757 27 24 of
1414 2756 39 25 his
1463 2757 133 30 enterprise
1607 2757 28 24 m
1647 2757 112 31 building
1781 2766 14 16 a

1270 2808 57 22 very
1351 2799 148 25 substantial
1522 2799 79 25 traffic
1624 2800 83 31 bridge
1740 2808 57 17 over

1272 2843 145 24 Gammon's
1430 2842 83 25 Creek,
1524 2842 84 32 giving
1619 2843 51 24 him
1681 2851 81 17 access
1772 2845 25 22 to

1270 2893 15 16 a
1296 2884 66 31 large
1375 2893 71 22 scope
1458 2884 26 26 of
1493 2884 64 25 bush
1569 2885 26 24 of
1605 2886 80 23 which
1697 2886 31 25 he
1751 2886 46 25 has

1270 2928 99 24 secured
1381 2936 15 16 a
1407 2928 58 31 long
1477 2928 65 25 lease
1565 2936 32 16 on
1621 2937 56 23 very
1700 2930 97 24 favour-

1272 2970 54 25 able
1343 2973 84 22 terms.
1463 2971 69 24 Each
1544 2971 45 25 end
1604 2971 27 25 of
1651 2971 42 25 the
1715 2972 84 31 bridge

1271 3015 63 23 rests
1343 3022 31 16 on
1387 3022 14 15 a
1414 3013 61 25 solid
1495 3015 57 23 rock
1576 3015 150 28 foundation,
1750 3016 49 23 and

1271 3057 42 24 the
1335 3057 95 31 girders
1450 3065 41 16 are
1526 3058 130 31 supported
1689 3058 32 32 by
1752 3062 47 22 two

1271 3101 82 23 centre
1376 3100 67 30 piers
1466 3100 136 31 cunningly
1635 3102 164 24 constructed.

1270 3142 127 24 Botanists
1409 3142 48 24 and
1470 3142 140 33 Geologists
1621 3152 57 23 may
1690 3152 44 17 use
1749 3144 51 26 this

1272 3185 83 30 bridge
1378 3187 25 22 to
1426 3186 122 31 approach
1582 3186 65 25 their
1680 3187 120 25 favourite

1270 3227 101 27 haunts,
1381 3227 49 24 and
1441 3235 83 22 young
1534 3228 77 23 ladies
1623 3231 43 21 out
1677 3230 123 30 picnicing

1272 3267 50 26 will
1334 3277 56 16 now
1401 3268 30 25 be
1442 3269 56 25 able
1510 3272 25 22 to
1547 3278 66 17 cross
1625 3271 104 25 without
1742 3276 57 20 wet-

1272 3311 53 31 ting
1338 3312 64 24 their
1412 3314 80 30 pretty
1505 3312 55 29 feet,
1574 3314 49 24 and
1646 3314 40 24 Mr
1711 3315 90 32 Sharp-

1270 3354 36 24 lin
1319 3354 52 25 will
1384 3356 58 30 only
1459 3355 89 32 charge
1559 3365 15 15 a
1597 3357 111 32 ploasant
1732 3359 70 25 smile

1270 3398 38 24 for
1319 3398 42 25 the
1374 3398 52 26 toll.

1303 3476 69 25 Band
1400 3486 29 16 of
1458 3479 114 29 Hope,—
1574 3480 40 25 Mr
1639 3481 29 25 L.
1696 3483 103 25 Watson

1269 3520 110 31 presided
1391 3523 26 22 at
1428 3522 42 24 the
1483 3523 72 24 Band
1564 3524 26 23 of
1601 3525 72 31 Hopa
1691 3526 110 32 meeting

1270 3570 31 17 on
1315 3563 107 32 Monday
1434 3565 111 33 evening,
1568 3567 49 24 and
1640 3567 124 27 delivered
1787 3579 13 15 a

1270 3606 89 30 capital
1402 3607 108 25 address.
1545 3609 52 25 The
1643 3613 158 31 proceedings

1270 3655 62 17 were
1341 3649 129 25 enlivened
1481 3650 32 32 by
1533 3660 57 23 very
1613 3655 116 31 amusing
1750 3656 50 24 dia-

1269 3690 92 30 logues,
1387 3692 114 31 readings
1522 3693 50 25 and
1594 3695 152 33 recitations,
1771 3697 32 34 by

1270 3733 43 24 the
1343 3733 88 26 Misses
1461 3735 84 33 Greig,
1581 3738 138 32 Cummins,
1755 3743 47 24 and

1269 3775 95 26 Marsh.
1399 3778 52 26 The
1480 3780 147 27 attendance
1663 3791 49 17 was
1744 3773 58 46 v#y

1273 3820 72 31 good.

1972 177 180 25 JONATHAN
2176 178 156 25 HIGGINS.

2004 216 48 31 (By
2068 216 30 24 F.
2110 216 24 23 J.
2153 216 147 33 Fabrelly.)

2079 300 107 33 Chapter
2202 301 21 25 I.

1949 352 76 24 Hilda
2035 354 5 22 !
2055 353 75 25 Hilda
2140 355 5 22 !
2153 355 6 28 J
2172 355 54 30 give
2239 363 38 16 me
2297 363 15 16 a
2323 355 91 25 chance

1891 402 30 4 —
1923 388 69 25 do'nt
2009 389 73 25 break
2100 398 40 23 my
2157 392 101 24 heart—
2260 392 33 24 oh
2307 394 5 22 !
2326 392 41 24 I'll
2383 400 31 24 go

1891 426 88 24 mad—
1981 427 41 24 l'll
2039 427 43 25 kill
2099 429 120 29 myself—
2220 429 31 24 do
2268 432 101 22 consent
2369 444 32 3 —
2401 430 13 24 I

1891 466 77 24 would
1979 466 30 25 be
2021 475 45 16 one
2077 467 26 24 of
2110 467 42 25 the
2161 468 54 25 best
2224 468 27 25 of
2258 468 125 25 husbands
2384 484 32 3 —

1890 503 13 24 I
1920 503 61 26 have
1999 505 83 31 pleiaty
2100 505 26 24 of
2151 514 89 24 money
2241 521 29 4 —
2273 515 35 16 we
2336 507 79 25 would

1890 540 45 26 sail
1948 541 77 24 round
2039 542 41 24 the
2095 543 74 24 world
2180 543 27 24 m
2219 550 14 17 a
2244 543 75 31 yacht
2330 543 27 26 of
2371 551 45 17 our

1891 585 54 16 own
1948 592 30 3 —
1979 586 35 15 we
2026 579 79 24 would

1951 614 39 25 Mr
2007 615 156 31 Larrington,
2176 617 13 24 I
2201 625 39 16 am
2258 618 73 30 reall)
2348 626 68 23 sorry

1890 652 37 24 for
1938 661 56 23 you,
2007 653 44 24 but
2063 654 12 23 I
2087 663 41 15 am
2140 655 101 31 pledged
2253 659 26 22 to
2296 658 104 23 another
2408 665 5 20 ;

1890 690 71 24 think
1972 691 54 24 how
2039 691 31 25 he
2083 693 78 22 would
2173 693 45 24 feel
2230 693 20 24 it
2261 703 5 20 ;
2277 694 74 30 judge
2363 695 52 24 him

1890 726 31 31 by

1948 764 37 24 Ah
1996 766 6 22 t
2015 773 27 16 so
2058 773 48 22 you
2124 766 68 25 do'nt
2208 767 54 30 give
2279 775 48 24 any
2344 769 70 30 hope,

1891 801 61 24 Miss

1952 839 45 29 No,
2011 847 64 16 none
2087 841 129 24 whatever.
2235 842 62 24 How
2308 850 47 17 can
2364 842 12 24 I

1948 878 38 23 Oh
1996 881 6 21 !
2012 879 16 22 i
2039 879 61 23 wish
2112 879 12 23 I
2137 887 48 16 was

1952 915 52 24 You
2022 919 67 21 must
2106 918 44 22 not
2166 917 62 23 wish
2246 918 55 24 that
2314 927 6 15 :
2338 918 78 31 forget

1889 952 32 25 all
1935 953 74 24 about
2023 962 39 16 me
2072 962 5 15 :
2087 962 48 23 you
2148 955 46 24 will
2213 957 52 23 find
2277 964 68 18 some
2369 966 47 16 one

1888 992 45 29 yet.
1942 991 77 24 whom
2032 999 48 23 you
2092 992 49 24 will
2159 994 52 22 love
2223 1001 27 16 as
2262 994 54 24 well
2334 1003 27 16 as

1948 1029 39 24 Oh
1997 1032 5 21 !
2133 1030 31 25 he
2180 1032 114 30 groaned.

1949 1068 115 31 Goodbye
2078 1069 38 24 Mr
2134 1070 155 32 Lt\rringlon,
2308 1072 13 23 I
2350 1072 65 25 shall

1889 1103 89 33 always
1991 1108 89 22 esteem
2097 1110 74 26 you.*'

2113 1145 42 25 but
2167 1147 77 24 under
2260 1147 40 24 his
2327 1148 87 25 breath

1889 1181 31 25 he
1932 1182 61 29 said,
2033 1182 42 26 I'll
2086 1183 71 25 make
2169 1192 47 23 you
2228 1187 86 29 repent

1922 1220 40 24 Mr
1973 1220 148 32 Larrington
2134 1230 48 16 was
2198 1230 14 16 a
2223 1230 82 24 young
2317 1231 58 16 man
2392 1223 28 25 of

1888 1258 68 30 large
1967 1258 97 24 fortune
2076 1259 49 24 and
2136 1259 59 31 high
2209 1260 93 32 family,
2315 1260 44 24 but
2372 1261 44 23 Had

1889 1298 24 23 to
1926 1304 52 24 say,
1991 1297 30 24 he
2039 1305 49 16 was
2116 1306 15 16 a
2158 1307 57 22 very
2245 1300 170 31 unprincipled

1890 1343 58 16 man
1960 1336 54 24 who
2026 1337 79 24 would
2122 1342 45 19 not
2179 1338 104 25 hesitate
2294 1341 26 22 to
2336 1340 33 23 do.
2384 1347 32 16 an

1889 1380 87 23 enemy
1988 1381 31 16 an
2032 1373 89 31 injury,
2136 1375 48 24 and
2194 1375 53 30 just
2258 1383 54 16 now
2325 1376 30 24 he
2367 1383 49 17 was

1889 1412 121 31 planning
2021 1420 14 16 a
2047 1421 105 23 revenge
2160 1422 31 16 on
2199 1415 39 24 his
2247 1416 69 27 rival,
2326 1416 90 24 Gerald

1891 1450 111 31 Springe,
2016 1450 54 24 who
2082 1458 50 16 was
2143 1459 16 16 a
2169 1460 59 23 poor
2239 1460 66 20 man,
2319 1453 44 24 but
2380 1453 36 23 far

1889 1497 67 15 more
1968 1490 134 24 handsome
2117 1490 61 24 than
2190 1491 157 31 Larrington.

1922 1528 76 24 Hilda
2010 1528 112 32 Ludgate
2139 1538 49 16 was
2200 1530 42 26 the
2254 1531 120 30 daughter
2390 1531 28 25 of

1889 1564 36 25 Dr
1952 1564 120 32 Ludgate,
2102 1566 55 24 who
2185 1566 95 25 worked
2308 1575 15 16 a
2350 1568 63 32 good

1888 1604 105 31 practise
2004 1605 58 24 here
2073 1605 26 24 m
2112 1605 41 24 the
2166 1606 96 31 village,
2275 1606 89 30 which,
2381 1606 32 33 by

1888 1644 42 24 the
1943 1652 61 24 way,
2016 1652 50 17 was
2082 1645 91 25 named
2191 1645 22 24 L
2310 1665 6 5 .

1920 1681 52 24 The
1985 1682 36 23 Dr
2037 1690 50 16 was
2104 1683 137 31 altogether
2258 1684 96 31 against
2372 1684 42 25 the

1887 1721 83 23 match
2005 1721 108 25 between
2153 1723 103 30 Springe
2289 1723 49 24 and
2373 1723 41 24 lis

1886 1759 127 32 daughter,
2026 1761 49 24 and
2093 1769 48 16 was
2159 1761 74 31 doing
2260 1761 34 25 all
2322 1762 26 24 m
2376 1763 40 23 his

1886 1805 80 23 power
1978 1799 25 23 to
2014 1800 101 28 prevent
2123 1798 28 28 it,
2164 1798 44 25 but
2220 1801 26 22 to
2266 1799 149 31 Larrington

1886 1835 32 23 he
1941 1843 61 22 gave
2024 1843 70 23 every
2108 1844 4 3 •
2122 1837 211 30 encouragement.
2368 1836 51 24 Hia

1888 1872 121 31 daughter
2028 1881 32 16 on
2084 1874 42 23 the
2148 1876 113 28 contrary
2283 1881 60 24 gave
2364 1874 52 24 him

1886 1916 71 24 every
1970 1910 218 32 discouragement,
2202 1911 49 24 and
2269 1911 122 31 preferred
2402 1919 16 16 a

1885 1954 61 24 poor
1958 1954 58 16 man
2029 1947 79 24 whom
2122 1948 44 23 she
2189 1948 79 24 loved.

1919 1985 150 31 Larrington
2080 1994 54 16 rose
2143 1986 61 25 from
2214 1986 42 25 the
2267 1987 102 30 ground,
2383 1996 33 16 on

1885 2024 81 25 which
1976 2025 31 24 he
2017 2025 48 23 had
2076 2025 59 25 been
2146 2025 122 32 kneeling,
2277 2027 49 23 and
2334 2027 82 23 wend-

1884 2064 29 25 ed
1926 2064 38 25 his
1986 2072 53 23 way
2063 2065 158 29 homewards;
2246 2065 31 25 he
2300 2067 22 23 If
2324 2066 21 24 ft
2368 2066 46 25 the-

1885 2112 73 23 grove
1970 2105 81 23 where
2063 2105 50 24 this
2125 2105 62 25 little
2198 2114 71 16 scene
2279 2106 56 24 took
2347 2106 70 31 place

1884 2143 49 24 and
1945 2143 111 25 followed
2068 2152 14 16 a
2094 2145 115 30 pathway
2225 2145 80 24 which
2327 2145 39 25 led
2388 2147 26 23 to

1885 2189 14 17 a
1911 2181 159 32 magnificent
2082 2182 100 31 looking
2193 2182 119 31 building,
2333 2183 81 25 which

1884 2226 48 17 was
1953 2218 37 25 his
2013 2218 81 25 home.
2130 2219 100 31 Having
2252 2220 106 28 entered,
2383 2225 31 20 lie

1882 2257 65 23 went
1959 2256 106 30 straight
2077 2259 24 22 to
2120 2257 39 24 his
2182 2257 72 31 study
2277 2258 82 24 where
2381 2258 33 24 he

1882 2293 97 25 worked
1992 2295 43 23 oat
2053 2302 14 16 a
2079 2294 59 32 plan
2150 2295 38 24 for
2212 2295 124 31 Springe's
2359 2296 54 24 des-

1880 2333 116 23 truction.
2032 2334 23 22 It
2079 2342 20 15 is
2121 2342 15 15 a
2166 2335 84 28 .bright
2274 2335 139 30 moonlight

1884 2370 73 31 night
1969 2370 49 26 and
2030 2371 42 25 the
2090 2372 154 31 nightingale
2266 2373 21 24 is
2307 2375 106 29 singing.

1885 2408 40 24 All
1938 2408 41 24 the
1991 2410 107 24 inmates
2109 2410 27 23 of
2143 2410 41 24 the
2200 2410 54 24 Dr's
2276 2411 138 24 household

1883 2454 41 16 are
1935 2446 26 23 m
1973 2446 55 28 bed,
2042 2450 85 28 except
2140 2455 54 21 one,
2203 2448 49 23 and
2263 2456 35 16 we
2310 2456 47 16 can
2369 2449 45 24 tell

1884 2483 31 31 by
1927 2492 14 15 a
1954 2484 64 30 light
2026 2484 28 23 m
2066 2492 14 15 a
2098 2485 102 24 window
2211 2485 35 27 of.
2258 2485 42 24 the
2322 2486 90 24 second

1885 2523 81 29 storey
1979 2522 56 24 that
2047 2521 76 25 Hilda
2133 2523 22 23 is
2166 2525 45 22 not
2222 2525 40 29 yet
2274 2523 26 24 m
2313 2523 54 29 bed;
2394 2524 22 24 ifc

1881 2561 22 23 is
1932 2568 56 17 now
2011 2562 42 23 ten
2088 2561 101 25 o'clock.
2225 2561 123 32 Suddenly
2369 2562 42 25 the

1882 2600 64 31 light
1958 2608 58 23 goes
2037 2603 50 25 out,
2114 2601 42 24 but
2167 2603 21 22 is
2202 2601 132 25 succeeded
2355 2602 32 31 by
2398 2610 15 16 a

1883 2639 79 31 larger
1974 2640 50 24 and
2037 2641 85 30 larger.
2156 2641 67 28 Alas,
2237 2641 42 25 the
2301 2641 77 25 house
2392 2641 22 25 is

1883 2687 32 16 on
1927 2678 52 25 fire.
1999 2680 39 23 All
2050 2681 25 23 at
2096 2688 61 16 once
2180 2688 15 16 a
2218 2688 41 23 cry
2281 2680 26 24 of
2326 2680 80 24 FIRE

1884 2719 90 27 FIRE,
2009 2719 22 24 is
2061 2719 114 25 shrieked
2206 2724 43 20 out
2284 2728 63 23 upon
2367 2720 49 25 the'

1887 2758 112 24 Autumn
2007 2758 82 31 night.

1917 2796 36 24 At
1963 2803 61 17 once
2035 2796 25 23 al
2080 2796 23 24 is
2114 2796 80 24 bustle
2214 2797 49 23 and
2275 2797 141 29 confusion,

1887 2841 74 23 every
1973 2833 70 25 effort
2054 2833 75 31 being
2150 2834 71 25 made
2245 2836 25 23 to
2294 2842 56 17 save
2373 2834 47 25 the

1882 2873 85 29 house,
1992 2873 43 24 but
2066 2873 33 25 all
2122 2873 28 24 m
2172 2874 65 25 vain.
2285 2874 35 24 To
2342 2873 73 25 make

1883 2914 103 23 nutters
1997 2920 85 21 worse,
2094 2921 16 17 a
2122 2913 51 25 stift
2195 2916 53 23 east
2272 2913 66 27 wind
2360 2921 55 17 rose

1884 2958 32 23 up
1928 2951 50 24 and
1989 2951 91 24 fanneu
2094 2952 40 23 the
2146 2951 87 24 flames
2256 2952 27 24 of
2303 2951 107 25 destruc-

1886 2988 61 29 tion,
1960 2988 81 24 which
2059 2989 124 30 promised
2195 2989 26 23 m
2234 2996 15 17 a
2265 2989 71 23 short
2357 2989 61 24 time

1887 3027 26 23 to
1924 3025 71 25 make
2007 3026 42 24 the
2073 3026 58 24 Dr's
2155 3026 118 26 beautiful
2294 3026 86 29 house,
2404 3034 15 17 a

1885 3065 122 31 complete
2030 3066 64 24 ruin.
2129 3066 52 24 The
2215 3066 117 31 villagers
2365 3066 51 24 had

1886 3104 119 31 gathered
2016 3106 86 28 round,
2122 3105 51 24 also
2197 3105 146 27 Larrington
2367 3105 49 24 and

1888 3142 112 32 Springe,
2014 3142 55 25 who
2080 3151 63 16 were
2155 3141 89 26 unable
2256 3145 25 22 to
2293 3142 56 32 give
2367 3150 55 24 any

1887 3180 66 30 help,
1989 3182 84 29 except
2105 3181 102 24 comfoit
2238 3188 58 23 poor
2331 3180 85 28 Hilda,

1888 3218 82 23 whose
1994 3217 64 31 grief
2078 3219 20 22 it
2118 3226 49 15 was
2189 3218 95 30 painful
2308 3220 24 21 to
2366 3218 50 23 wit-

1888 3261 67 17 ness.

1924 3287 123 30 Suddenly
2061 3287 42 24 the
2116 3287 44 28 Dr,
2173 3287 55 24 who
2239 3294 50 17 was
2309 3287 32 24 all
2364 3287 51 24 this

1888 3325 60 23 time
1971 3325 109 31 running
2103 3324 75 25 about
2197 3324 49 24 like
2264 3332 15 16 a
2309 3327 105 26 maniac,

1889 3363 78 33 yelled
1987 3366 50 23 out.
2102 3375 1 1 •
2141 3362 4 27 !

1948 3403 43 31 My
2004 3403 74 24 books
2089 3404 5 24 !
2113 3411 40 23 my
2166 3402 73 25 books
2251 3404 5 22 !
2267 3404 5 23 1
2291 3410 42 24 my
2345 3402 68 26 valu-

1890 3440 56 24 able
1958 3448 95 23 papers,
2066 3441 32 23 oh
2110 3442 14 22 !'
2152 3442 47 22 and
2211 3441 31 23 he
2253 3441 91 24 rushed
2363 3442 53 23 into

1887 3481 43 24 the
1945 3480 106 32 buruing
2063 3480 75 25 house
2164 3480 45 25 \nd
2232 3480 107 32 upstairs
2360 3482 54 23 into

1887 3520 40 24 his
1950 3521 83 31 study,
2057 3521 88 27 where,
2169 3521 90 30 hastily
2288 3521 128 30 gathering

1889 3560 40 25 his
1941 3559 84 28 books,
2039 3560 31 25 he
2082 3560 69 31 flung
2174 3560 67 25 them
2265 3562 44 23 out
2331 3560 26 25 of
2375 3560 41 25 the

1889 3598 112 28 window,
2025 3598 85 31 crying
2134 3600 25 22 at
2183 3598 42 24 the
2249 3607 67 15 earue
2350 3598 65 27 time,

1914 3638 72 23 catch
2000 3638 68 24 them

1922 3671 40 28 He
1974 3675 110 24 retraced
2096 3675 39 24 his
2150 3677 75 29 steps,
2238 3683 14 16 a
2261 3675 72 31 jump
2353 3674 63 23 from

1885 3714 44 25 the
1941 3715 102 25 window
2054 3714 75 32 being
2137 3716 41 24 too
2200 3711 145 32 liazardou-,
2370 3713 45 24 but

1885 3751 32 25 he
1929 3751 77 26 found
2018 3752 20 24 it
2054 3752 89 25 harder
2166 3753 66 24 work
2254 3751 97 33 getting
2373 3751 42 25 out

1885 3792 63 25 than
1960 3792 96 32 getting
2066 3793 35 29 m,
2124 3793 50 24 and
2195 3793 54 24 half
2268 3799 53 24 way
2343 3791 70 24 down

1886 3830 40 26 his
1939 3830 67 26 voice
2028 3839 49 17 was
2099 3831 77 25 heard
2198 3831 90 31 calling
2341 3828 56 31 help
2404 3829 7 23 I

560 53 169 32 OXFORD
769 55 89 30 AND
902 54 103 30 CUST
1050 51 220 37 OBSERVER
1314 58 235 39 SATURDAY,
1592 60 107 31 JUNE
1733 60 46 37 18,
1837 63 89 30 1892.
