2470 3900
57 162 56 33 help
122 167 5 21 I

92 203 101 30 Springe
211 204 48 23 and
285 204 149 31 Larrington
466 207 25 22 at
519 214 59 15 once

58 242 88 23 rushed
164 242 33 24 m.
232 243 60 24 Now
309 251 27 15 or
373 251 74 16 never
475 245 104 30 thought

57 277 147 32 Lai*ringf,on
216 287 4 21 ;
233 280 42 24 the
303 288 82 23 joung
401 289 55 16 meu
487 281 92 24 battled

57 316 58 23 with
129 317 41 22 the
183 318 82 23 smoke
277 318 55 23 and.
343 318 92 28 flames,
454 320 48 22 and
530 319 49 23 had

58 359 25 19 at
96 355 49 24 last
161 357 130 24 succeeded
302 357 25 23 m
339 358 117 30 reaching
480 359 42 22 the
534 358 44 23 Dr.

57 394 70 24 when
142 395 102 32 Springe
263 397 32 23 all
324 398 24 22 at
374 405 59 16 once
461 397 75 24 found
565 405 14 16 a

57 433 98 25 terriWe
166 435 52 31 grip
236 443 31 16 on
285 435 39 24 his
336 435 90 29 throat,
445 437 48 22 and
510 436 24 23 m
565 444 14 15 a

58 473 88 23 second
162 475 61 23 after
251 482 48 16 was
328 475 135 30 struggling
481 475 26 23 m
537 475 41 24 the

57 511 98 23 terrible
166 512 92 24 flames.
293 513 39 23 He
349 516 67 20 must
428 513 61 23 have
517 513 61 23 been

59 550 130 23 suffocated
203 553 25 21 at
240 559 68 19 once,
326 551 37 23 for
374 552 30 22 he
416 559 74 16 never
501 552 79 23 called

57 587 36 24 for
105 587 64 31 help.
188 588 56 25 Just
256 597 26 16 as
299 588 143 31 Larrington
456 597 68 16 came
536 590 42 23 out

57 626 58 23 with
128 626 39 24 his
177 628 100 28 burden,
290 628 40 24 the
343 628 75 23 house
428 628 40 23 fell
480 628 26 23 m
519 628 59 23 with

57 673 13 16 a
82 665 110 26 dreadful
204 668 78 23 crash.

90 702 52 24 The
153 703 42 23 Dr.
208 704 126 23 recovered
346 704 26 23 m
383 712 14 15 a
414 703 45 24 few
470 704 108 23 minutes

58 740 48 23 and
118 748 49 16 was
178 741 98 31 looking
287 741 68 31 sadly
367 744 26 21 at
409 741 42 24 the
465 741 112 31 burning,

58 778 70 24 when
141 780 30 23 he
183 780 74 24 heard
269 788 113 16 someone
394 780 43 24 ask
438 795 30 3 —

58 816 20 23 is
263 818 57 31 Aye,
332 818 79 24 where
417 818 21 23 is

57 853 51 24 Said
138 854 148 30 Larrington
314 854 110 30 feigning
456 854 122 25 astonish-

57 892 75 26 ment,
221 892 30 24 he
263 894 43 22 not
317 900 31 22 go
365 893 52 23 into
429 893 42 23 the
500 893 79 22 build-

57 927 42 30 ing
114 927 59 25 with

219 969 52 23 said
299 976 122 21 someone,
547 968 32 24 he

58 1010 73 17 never
139 1012 68 18 came

222 1046 52 23 said
291 1045 156 31 Larrington,
476 1045 60 25 with
564 1053 15 17 a

58 1081 97 23 terrible
167 1082 65 28 oath,
315 1085 68 22 must
392 1082 28 25 be
432 1082 94 25 burned
553 1086 25 21 to

92 1156 82 25 When
186 1159 73 24 Hi'da
268 1159 75 24 heard
354 1159 50 24 this
414 1159 43 24 she
469 1159 112 24 swooned

58 1201 75 24 away.

92 1232 111 31 Nothing
213 1242 55 16 now
279 1234 72 24 corld
361 1234 30 24 be
402 1234 62 23 done
481 1235 25 23 to
524 1241 55 17 save

60 1270 111 31 Springe,
190 1281 26 15 so
246 1273 42 24 the
315 1274 114 29 villagers
457 1272 122 31 dispersed

59 1308 64 24 until
132 1308 42 25 the
186 1310 121 31 morning,
320 1310 108 24 satisfied
442 1310 68 24 when
522 1310 58 31 they

58 1347 74 22 heard
145 1347 54 24 that
211 1349 148 30 Larrington
371 1349 48 24 had
432 1349 39 24 off*
479 1349 41 24 red
538 1349 42 24 the

58 1385 91 24 shelter
160 1387 27 23 of
201 1387 39 24 his
252 1388 76 24 house
339 1390 26 21 to
376 1388 43 24 the
435 1388 80 24 father
532 1388 49 23 and

58 1423 127 32 daughter,
204 1425 80 25 which
296 1434 50 15 was
374 1425 58 31 duly
457 1426 121 30 accepted.

58 1462 148 33 Larrington
220 1465 59 24 then
296 1465 50 24 had
363 1465 67 24 them
459 1465 121 31 conveyed

58 1505 25 21 to
92 1503 39 23 his
139 1503 84 26 house.

211 1555 51 23 said
273 1555 39 27 he,
326 1562 26 16 as
366 1554 57 31 they
432 1554 98 24 entered
537 1554 42 24 the

57 1597 58 28 hall,
153 1597 14 24 I
176 1598 63 31 hope
247 1606 48 23 you
302 1597 50 25 will
360 1597 72 25 make
440 1597 139 31 yourselves

57 1637 67 30 quite
136 1638 26 22 at
174 1637 81 24 home.
289 1637 64 24 lam
372 1645 57 22 very
447 1645 68 22 sorry
543 1636 37 24 for

57 1684 56 23 you,
125 1684 56 23 very
194 1685 67 23 sorry
276 1676 95 29 indeed,
390 1675 43 25 bui
451 1684 35 17 we
513 1677 66 23 can't

57 1715 56 31 help
125 1716 69 25 these

199 1764 35 24 To
246 1772 30 15 be
289 1763 150 24 Continued.

127 1895 18 25 A
178 1895 171 26 TERRIBLE
376 1895 140 25 LESSON.

94 1990 72 25 Some
178 1992 68 24 three
254 1999 70 24 years
336 1999 44 23 ago
392 1991 66 32 (sajs
480 1999 15 16 a
517 1991 65 24 Lon-

60 2029 51 27 don,
128 2031 84 30 paper)
237 2038 14 16 a
280 2030 149 30 magistrate,
453 2029 53 25 who
524 2030 22 23 is
569 2037 14 16 a

59 2068 105 24 married
175 2076 58 17 man
245 2069 49 24 and
305 2068 125 31 possessed
442 2068 24 25 of
478 2071 25 22 at
520 2070 63 23 least

59 2114 46 17 one
116 2106 128 32 daughter,
254 2108 38 23 sat
303 2107 25 22 m
352 2106 38 24 his
412 2108 70 23 court
501 2107 80 31 trying

59 2145 42 24 the
112 2145 135 31 regulation
259 2146 77 24 round
348 2146 27 23 of
394 2154 67 15 more
483 2154 28 17 or
533 2147 48 23 less

58 2185 81 24 trivial
152 2186 111 28 offences,
286 2185 71 24 when
381 2185 41 24 the
445 2193 54 16 cape
521 2185 27 25 of
567 2194 15 15 a

59 2231 96 17 woman
167 2223 102 32 charged
282 2223 59 25 with
350 2223 73 32 being
433 2224 87 29 drunk,
534 2225 47 24 dis-

59 2261 103 30 orderly,
175 2263 49 23 and
235 2263 135 30 assaulting
383 2262 41 24 the
435 2263 84 30 police,
532 2271 50 17 was

59 2299 84 24 heard.
173 2300 52 24 The
237 2307 95 17 woman
344 2301 41 30 got
399 2300 52 26 into
463 2300 42 26 the
522 2301 61 25 dock

60 2337 49 25 and
120 2337 20 25 it
162 2345 49 17 was
233 2338 96 25 noticed
351 2338 44 25 sLe
416 2347 50 16 was
488 2339 96 32 heavily

59 2376 86 25 veiled.
181 2377 79 24 When
269 2378 42 23 the
322 2378 142 30 magistrate
475 2380 107 29 request-

58 2415 30 24 ed
100 2415 42 24 the
151 2423 96 16 woman
258 2418 25 22 to
295 2417 63 22 state
367 2416 65 24 what
442 2416 43 25 she
496 2416 49 25 had
557 2419 25 22 to

59 2462 42 23 say
135 2455 27 22 m
192 2463 93 17 answer
308 2457 24 21 to
366 2455 41 24 the
430 2456 152 24 accusations

59 2491 105 31 brought
176 2493 96 29 against
283 2493 44 23 her
338 2492 30 31 by
379 2493 43 23 the
433 2493 85 31 police,
539 2493 44 24 she

59 2529 91 31 merely
163 2529 76 25 shook
251 2529 44 25 her
306 2529 62 24 head
379 2530 47 24 and
440 2530 51 24 said
510 2531 72 24 noth-

58 2567 50 30 ing.
139 2567 69 24 Then
221 2567 42 24 the
278 2567 141 30 magistrate
431 2568 70 24 maie
525 2576 56 16 sun-

58 2607 45 29 dry
115 2606 113 30 scathing
249 2606 109 23 remarks
383 2607 57 23 with
462 2608 129 23 reference,

57 2646 26 24 to
97 2653 93 16 women
203 2644 26 25 of
239 2644 130 32 prisoner's
378 2645 63 24 class
449 2644 25 25 m
484 2646 98 31 general

58 2684 49 25 and
118 2684 43 24 the
172 2684 124 31 iniquities
306 2684 26 24 of
341 2684 44 24 her
392 2685 89 29 special
489 2693 55 16 case
555 2686 26 23 m
595 2706 5 3 .
621 2695 2 19 i

57 2721 141 33 particular,
211 2721 130 24 sentenced
353 2721 42 24 the
403 2729 177 24 youngwoman

57 2763 26 23 to
99 2761 68 24 three
189 2761 102 24 months
312 2761 187 30 imprisonment
506 2779 7 8 ,
522 2763 60 24 with

58 2800 62 25 hard
131 2799 93 26 labour.
259 2801 70 22 Then
341 2800 42 24 the
395 2801 109 29 prisoner
522 2802 59 23 rais-

58 2839 30 25 ed
101 2839 42 24 the
154 2839 56 28 veil,
223 2839 56 30 and,
287 2839 81 31 facing
379 2839 42 24 the
433 2841 149 29 magistrate,

59 2879 61 28 said,
167 2879 86 24 Thank
265 2886 55 25 you,
341 2879 87 29 father,
467 2879 49 24 and
534 2888 49 15 was

57 2919 75 24 taken
144 2921 42 21 out
198 2919 27 23 of
235 2918 83 24 Court.
352 2919 24 23 It
385 2926 48 16 was
444 2919 139 31 twentyfive

58 2957 108 25 minutes
178 2956 81 24 before
270 2956 42 24 the
324 2956 141 30 magistrate
476 2964 107 18 recover-

58 2994 30 25 ed
100 2994 62 24 from
176 2994 42 25 the
228 2993 107 32 fainting
345 2993 29 25 fit
385 2994 53 24 into
449 2994 80 25 which
552 2994 32 26 he

57 3034 49 25 had
118 3033 75 25 fallen
205 3042 65 22 upon
293 3032 152 33 discovering
468 3034 54 25 that
541 3035 42 24 the

57 3074 109 32 prisoner
179 3073 80 25 whom
272 3073 31 24 he
315 3072 46 25 had
376 3072 53 31 just
452 3074 131 24 sentenced

57 3121 49 17 was
116 3113 38 25 his
166 3121 55 17 own
243 3112 82 28 child..
352 3112 60 25 This
435 3115 66 30 sbory
522 3114 22 24 is
566 3122 15 17 a

57 3151 102 32 positive
174 3151 56 29 fact,
255 3150 49 24 and
327 3150 43 24 the
394 3151 190 25 circumstances

58 3198 40 17 are
113 3191 56 24 well
191 3190 166 24 remembered
380 3190 31 30 by
435 3190 70 26 those
528 3191 55 24 who

57 3227 70 24 dwell
134 3228 25 23 m
166 3229 41 22 the
212 3227 202 31 neighbourhood
424 3229 27 23 of
456 3229 42 23 the
508 3229 75 24 Court

57 3273 57 16 over
125 3264 80 24 which
218 3264 42 25 the
272 3264 144 31 magistrate
429 3265 105 30 presides
558 3267 25 23 at

57 3304 42 26 the
111 3307 98 28 present
221 3305 67 24 time.
315 3305 40 25 He
367 3305 21 24 is
400 3314 55 16 now
466 3306 116 24 celebrat-

57 3344 30 25 ed
98 3344 37 24 for
151 3345 42 24 the
215 3345 92 25 lenient
329 3353 53 24 way
404 3346 26 24 m
452 3346 81 25 which
552 3347 33 24 he
621 3359 2 12 i

57 3384 65 24 deals
137 3384 58 24 with
207 3384 33 24 all
252 3392 68 16 cases
336 3384 26 24 m
385 3384 78 24 which
488 3394 93 16 women
621 3399 2 11 i

57 3429 41 17 are
110 3421 129 30 prisoners.
284 3421 33 25 At
329 3422 42 24 the
385 3430 67 16 same
472 3424 67 28 time,
563 3425 20 24 it

58 3458 88 25 should
158 3458 29 25 be
199 3459 85 29 added,
298 3459 31 24 he
339 3460 23 23 is
373 3467 46 17 one
431 3460 27 24 of
466 3461 42 24 the
522 3462 59 28 best,

57 3499 65 23 most
130 3499 110 29 popular,
251 3498 49 24 and
313 3500 63 22 most
387 3498 52 31 just
446 3500 26 24 0/
477 3500 104 25 London

57 3535 82 25 Police
152 3535 74 26 Court
241 3536 163 32 Magistrates.

92 3654 31 23 Iv
136 3653 41 25 the
188 3654 103 26 London
305 3655 115 32 Morning
432 3656 59 26 Post
515 3659 67 25 there

58 3699 102 23 appears
171 3699 5 18 :
211 3692 36 25 To
270 3694 70 24 those
362 3694 56 24 who
446 3695 62 26 have
538 3699 43 23 not
621 3693 2 23 J

58 3729 121 25 sufficient
186 3730 65 26 -time
263 3733 25 23 to
299 3731 54 31 give
366 3732 64 25 their
441 3733 58 32 dogs
511 3743 71 24 prop-

57 3778 26 16 er
101 3770 106 24 exercise
230 3770 26 24 m
279 3770 111 26 London.
425 3773 43 24 An
491 3775 91 30 experi-
597 3775 25 26 #

57 3809 74 28 enced
142 3809 56 32 lady
211 3810 48 26 will
281 3811 105 26 exercise
406 3812 59 29 dogs
487 3814 26 25 m
537 3815 42 25 the

670 176 68 29 park.
773 177 93 25 Terms,
879 186 46 16 one
936 176 63 26 hour
1011 179 71 32 daily,
1103 183 28 22 5s
1149 190 38 22 per

670 215 73 27 week,
757 218 47 22 two
826 218 83 26 hours,
929 219 49 28 7/6.

666 341 140 25 MUTUAL
834 344 259 28 IMPROVEMENT
1120 345 68 24 AND

745 379 175 26 DEBATING
941 381 154 25 SOCIETY.

729 459 38 24 On
807 461 153 32 Wednesday
1016 463 104 31 evening
1173 472 15 15 a

665 501 107 31 meeting
783 512 49 15 was
844 504 57 23 held
912 505 27 22 m
961 505 43 23 the
1026 505 102 31 Library
1151 506 37 23 for

664 544 42 23 the
740 552 115 23 purpose,
879 546 27 24 of
926 547 105 31 starting
1053 555 14 16 a
1091 548 96 24 Mutual

663 585 183 31 Improvement
868 589 48 24 and
947 589 115 32 debating
1082 590 104 32 Society.

665 628 78 24 There
764 637 48 17 was
834 639 15 15 a
870 639 57 23 very
948 632 63 30 good
1033 633 153 25 attendance.

664 671 40 23 Mr
715 672 87 24 Parish
809 680 51 17 was
871 674 71 24 voted
954 677 26 21 to
992 675 42 23 the
1046 675 75 25 chair.

698 714 51 24 The
769 715 127 25 chairman
919 717 128 24 remarked
1066 718 55 25 that
1143 719 44 26 .the

665 753 78 30 object
755 754 24 24 of
790 755 61 23 such
863 763 14 16 a
889 756 96 31 Society
995 764 51 17 was
1054 757 43 25 the
1108 759 79 23 moral

665 792 46 24 and
724 793 148 25 intellectual
896 797 191 29 improvements
1109 797 27 24 of
1155 798 33 23 its

665 831 122 23 members
799 832 47 23 and
858 833 137 28 premotion
1007 835 27 22 of
1054 835 74 23 social
1151 835 36 23 in-

665 868 122 25 tercourse
792 869 48 24 and
847 870 136 31 friendship
990 875 113 26 amongst
1111 872 76 24 them.

666 905 38 24 He
717 906 76 31 hoped
807 908 54 24 that
873 908 70 25 when
951 917 32 16 no
995 910 86 24 debate
1089 919 50 16 was
1147 919 40 20 on,

665 945 55 24 that
733 945 177 33 Shakesperian
924 948 113 32 readings
1049 950 80 24 would
1151 950 37 24 fill

665 992 33 23 up
709 985 43 24 the
763 994 73 23 gaps..

698 1023 40 24 Mr
749 1024 127 33 Kennedy,
889 1026 55 25 who
956 1027 46 24 has
1024 1027 48 24 had
1096 1036 14 16 a
1128 1028 62 32 good

665 1062 55 24 deal
730 1063 27 23 of
774 1066 140 28 experience
936 1067 27 22 m
986 1067 60 23 such
1069 1068 119 28 societies,

665 1108 60 22 gave
736 1108 15 16 a
762 1108 57 24 very
829 1102 66 24 lucid
912 1103 155 31 explanation
1087 1104 27 25 of
1133 1105 57 24 how

665 1139 57 30 they
734 1147 63 17 were
808 1141 142 28 conducted,
967 1145 26 21 at
1014 1143 43 23 the
1079 1143 64 25 close
1166 1145 27 23 of

665 1176 81 23 which
755 1176 32 25 he
798 1185 49 16 was
859 1180 117 22 accorded
987 1187 14 16 a
1024 1188 57 23 very
1103 1181 86 32 hearty

665 1217 55 22 vote
731 1215 27 24 of
772 1216 69 25 thank
841 1216 28 25 3.

699 1255 53 24 The
763 1256 104 25 election
879 1257 27 24 of
926 1257 101 25 Officers
1049 1258 60 26 then
1132 1260 57 24 took

666 1293 68 29 place
746 1293 60 24 with
818 1294 42 24 the
872 1294 124 32 following
1007 1292 119 29 result:—

700 1332 127 25 President
828 1348 30 3 —
860 1334 39 23 Mr
910 1334 110 30 Ingram.
1041 1336 58 25 Vice
1110 1336 80 25 Presi-

666 1369 71 25 dents
749 1371 92 24 Messrs
851 1372 144 28 Volckman,
1014 1374 119 32 Kennedy
1142 1376 49 23 and

666 1413 126 25 Prichard.
818 1415 146 25 Committee
966 1431 31 3 —
1006 1417 92 25 Messrs
1109 1418 81 32 Ryder

666 1453 132 31 Harbidge,
811 1455 87 24 Parish
911 1455 48 24 and
980 1456 113 25 Watson.

699 1493 41 24 All
752 1494 42 24 the
807 1495 120 25 members
940 1496 55 25 who
1010 1505 63 16 were
1092 1502 98 27 present

665 1540 62 16 were
739 1533 110 25 declared
860 1535 58 32 duly
929 1536 99 25 elected.

699 1570 24 24 It
734 1578 49 17 was
795 1572 60 24 then
873 1573 99 25 decided
994 1576 26 23 to
1041 1575 63 25 form
1127 1576 65 25 rules

665 1608 38 24 for
713 1608 44 24 the
767 1609 119 30 guidance
897 1611 27 24 of
933 1612 42 23 the
989 1612 104 32 Society.

667 1646 63 24 Rule
743 1649 23 21 1.
801 1648 64 24 That
877 1649 42 24 the
939 1649 97 32 Society
1058 1651 29 24 bo
1115 1652 79 24 called

667 1684 69 24 ''The
769 1684 90 26 Oxford
891 1686 96 25 Mutual
1009 1688 184 31 Improvement

668 1721 48 23 and
727 1721 124 31 Debating
867 1722 104 33 Society.

668 1761 63 22 liule
743 1761 23 22 2.
785 1762 65 23 That
860 1762 41 24 the
913 1763 81 31 object
1006 1764 26 24 of
1041 1764 41 25 the
1096 1765 98 32 Society

669 1798 29 24 be
710 1799 42 24 the
764 1802 77 24 moral
854 1802 47 23 and
913 1802 150 26 intellectual
1073 1804 119 32 improve-

669 1839 69 23 ment
750 1838 26 23 of
785 1839 32 23 its
833 1839 129 30 members',
986 1841 49 24 and
1057 1843 43 24 the
1122 1843 70 25 culti-

669 1877 83 24 vation
764 1879 49 23 and
823 1880 138 30 promotion
973 1881 27 24 of
1016 1881 80 26 Social
1118 1883 74 24 inter-

670 1922 84 17 course
766 1916 48 24 and
825 1917 136 32 friendship
978 1923 114 27 amongst
1115 1921 77 24 them.

669 1953 64 24 Rule
745 1955 22 22 3.
802 1955 65 24 That
878 1956 42 24 the
931 1957 134 31 governing
1084 1958 63 32 body
1164 1960 30 23 be

670 1990 130 31 appointed
823 1992 63 24 from
897 1993 32 24 its
945 2002 54 16 own
1011 1996 122 25 members
1144 1997 50 24 and

670 2030 91 25 consist
791 2032 27 24 of
837 2040 15 16 a
884 2032 136 30 President,
1043 2035 69 25 three
1134 2036 60 25 Vice

670 2069 148 30 Presidents,
837 2072 126 31 Secretary
986 2074 49 24 and
1063 2075 131 25 Treasurer

672 2107 135 30 combined,
820 2110 49 23 and
880 2118 15 16 a
907 2110 149 26 Committee
1067 2113 27 24 of
1104 2114 44 28 six,
1162 2115 34 23 all

668 2145 27 24 of
703 2147 82 23 whom
797 2147 64 24 shall
874 2147 28 24 be
914 2148 92 25 elected
1017 2152 25 22 at
1054 2150 42 25 the
1108 2150 84 26 Annu-

670 2183 24 24 al
705 2184 115 31 meeting,
830 2185 48 24 five
887 2187 25 23 to
920 2185 63 25 form
992 2195 14 16 a
1014 2196 112 22 quorum.

670 2220 61 24 Rule
742 2222 24 22 4.
800 2222 56 31 Any
867 2230 87 23 person
977 2224 106 33 wishing
1105 2228 25 22 to
1152 2226 40 25 be-

670 2266 68 16 come
750 2267 14 15 a
775 2260 110 24 member
893 2261 26 23 of
929 2262 42 23 the
982 2262 97 32 Society
1091 2265 66 25 shall
1165 2267 27 23 be

670 2298 143 25 nominated
842 2299 32 32 by
896 2308 46 17 one
964 2302 117 29 member,
1102 2306 26 23 at
1147 2313 47 17 one

670 2338 109 31 meeting,
792 2340 40 23 the
849 2340 98 24 election
964 2344 24 21 to
1006 2342 54 24 take
1077 2344 63 31 place
1168 2349 25 21 at

669 2378 39 23 the
720 2377 119 32 following
856 2380 108 31 meeting,
981 2382 63 23 three
1061 2383 91 25 fourths
1169 2387 25 23 of

670 2415 81 30 voting
762 2419 26 20 to
802 2417 81 24 admit.

670 2453 60 23 Rule
741 2452 31 24 V.
806 2453 38 24 All
861 2454 108 24 elections
987 2458 24 21 to
1028 2457 27 24 be
1067 2458 30 31 by
1115 2460 77 24 ballot.

670 2491 59 25 Rale
741 2491 42 25 VI.
817 2493 62 23 That
890 2495 57 23 each
959 2496 99 23 member
1073 2498 57 24 shall
1148 2508 45 23 pay

669 2533 46 19 two
727 2529 106 31 shillings
845 2538 25 15 as
887 2539 29 15 an
928 2532 85 23 annual
1031 2535 161 31 subscription.

670 2566 61 25 Ruin
742 2566 58 25 VII.
835 2567 62 24 That
914 2568 40 24 the
970 2577 109 24 proposer
1096 2573 24 24 of
1147 2583 47 23 any

670 2614 50 13 new
745 2607 94 22 membei
859 2615 46 23 pay
922 2609 38 21 the
977 2613 108 20 entrance
1102 2613 36 23 fee
1164 2622 30 16 on

671 2644 68 31 night
755 2645 24 22 of
796 2645 151 30 nomination,
981 2647 29 24 In
1029 2649 39 23 the
1086 2655 67 21 event
1169 2654 26 24 of

670 2683 122 22 candidate
804 2688 42 18 not
857 2684 69 30 being
942 2685 83 24 elected
1038 2689 155 31 subscription

670 2723 24 21 to
710 2721 27 24 be
753 2723 114 23 returned.
880 2730 14 15 \

670 2758 61 25 Rule
748 2758 71 26 VIII.
854 2760 61 25 That
943 2765 42 21 tne
1014 2763 91 33 Society
1133 2771 61 21 meet

671 2805 66 22 every
753 2798 109 31 Tuesday
874 2801 106 30 evening,
998 2803 60 23 from
1076 2806 40 22 the
1145 2807 50 24 first

672 2836 108 31 Tuesday
792 2837 24 23 m
828 2837 64 31 April
905 2843 22 19 to
940 2840 39 24 the
990 2841 45 24 last
1053 2843 105 33 Tuesday
1171 2847 23 24 m

673 2874 139 32 September,
822 2877 58 24 from
893 2880 14 22 7
917 2880 40 23 30.
967 2888 56 23 p.m.
1032 2886 24 19 to
1066 2884 63 25 9.30.
1140 2894 55 22 p.m.

671 2916 81 27 except
764 2914 30 30 by
804 2923 13 14 a
830 2916 82 29 special
926 2921 50 19 vote
985 2919 25 22 of
1023 2920 40 23 the
1076 2924 119 25 members.

672 2949 59 25 Rule
748 2950 45 25 IX.
827 2951 120 33 Essayists
975 2956 43 23 will
1048 2958 26 23 be
1101 2960 94 26 allowed

672 2989 72 31 thirty
761 2991 100 24 minutes
880 2994 35 21 .to
943 2995 51 23 read
1014 2996 61 24 thnr
1101 3007 93 24 papers.

671 3028 101 25 L-aders
784 3030 24 23 of
819 3024 190 41 debates.iwenty
1023 3036 99 27 minutes
1140 3042 54 23 each

675 3067 33 24 for
719 3068 60 24 their
789 3069 102 32 opening
903 3073 107 29 speeches
1023 3084 6 19 ;
1041 3077 45 23 and
1116 3079 78 25 fifteen

673 3106 101 23 minutes
786 3107 35 23 for
832 3109 100 30 opening
950 3116 51 19 man
1014 3117 54 27 only
1081 3119 22 20 to
1117 3118 60 30 reply
1191 3128 6 20 ;

672 3144 45 24 and
729 3146 40 22 the
780 3147 66 23 other
856 3149 111 24 members
989 3151 60 24 shall
1062 3158 39 19 not
1124 3158 71 29 speak

672 3182 36 23 for
725 3190 60 16 more
797 3184 57 24 thai?
870 3187 39 21 ten
922 3187 110 25 minutes.

672 3221 60 24 Rule
743 3221 31 25 X.
790 3222 49 24 The
851 3225 101 29 meeting
959 3226 59 24 shall
1030 3229 26 23 be
1068 3232 127 24 conducted

671 3264 27 17 as
726 3257 88 25 follows
826 3267 16 15 :-
851 3268 35 15 -a.
911 3261 100 25 minutes
1039 3264 24 24 of
1091 3269 104 28 previous

672 3297 103 31 meeting
782 3302 25 19 to
820 3299 26 23 be
874 3300 52 23 read
954 3302 45 24 and
1028 3305 123 27 confirmed
1172 3310 22 23 b.

671 3335 107 24 Election
791 3337 24 22 of
827 3338 118 23 members,
964 3347 19 16 c.
1002 3340 151 29 Nomination
1171 3347 24 23 of

672 3374 148 26 Candidates,
838 3376 23 24 d.
880 3376 113 33 Ordinary
1006 3379 109 29 business.

672 3419 59 24 Rule
744 3419 47 26 XI.
826 3420 37 25 No
872 3422 60 23 rules
945 3425 23 20 to
980 3423 28 24 be
1016 3425 87 25 altered
1115 3434 81 26 except

672 3460 59 21 atan
736 3458 84 25 arnual
834 3462 109 28 meeting,
948 3467 59 17 oran
1013 3462 107 33 ordinary
1126 3471 69 19 meet-

671 3495 42 30 ing
724 3495 25 23 of
758 3495 72 24 which
842 3495 45 24 due
900 3497 73 23 notice
985 3498 42 25 has
1051 3500 54 25 been
1126 3503 68 31 given

671 3537 25 20 at
707 3542 44 15 one
764 3535 104 30 previous
886 3536 113 31 meeting.

672 3571 59 25 Rule
742 3571 59 25 XII.
831 3572 53 31 Any
896 3574 98 24 member
1006 3575 44 25 will
1063 3577 26 24 be
1101 3578 93 26 allowed

670 3610 24 22 to
708 3608 66 31 bring
784 3618 13 15 a
811 3610 80 24 visitor
904 3618 26 16 or
946 3611 73 25 friend
1025 3631 11 8 .,

702 3655 24 24 It
739 3663 44 16 was
800 3657 92 24 decided
910 3660 24 21 to
947 3658 66 24 allow
1030 3662 110 24 members
1168 3664 25 24 to

669 3693 118 25 notm'uate
799 3695 134 25 candidates
945 3704 29 16 on
992 3697 106 33 Tuesday
1115 3701 77 30 night,

669 3732 65 25 when
747 3734 55 31 they
814 3734 44 26 will
870 3735 26 25 be
914 3735 97 27 balloted
1018 3737 38 24 lor
1067 3739 39 25 the
1130 3748 64 18 same

666 3774 107 29 evening.

668 3832 9 8 »
698 3816 50 25 The
759 3817 51 25 first
827 3819 81 25 debate
924 3819 45 25 will
985 3821 56 24 take
1067 3822 64 33 place
1158 3833 32 17 on

1274 183 106 31 Tuesday
1408 187 105 30 eveuing,
1543 187 39 22 the
1611 187 91 30 subject
1730 188 70 30 being

1336 221 113 32 Smoking
1461 224 117 30 Injurious
1592 224 33 27 ?,''
1639 224 38 23 Mr
1688 224 112 30 Kennedy

1275 258 68 30 being
1357 259 33 23 for
1406 262 45 21 and
1476 261 45 23 Div.
1539 261 129 23 Volckman
1699 263 98 29 Against.

1307 295 24 24 It
1347 296 19 24 is
1380 299 24 21 to
1416 298 25 22 he
1453 298 109 31 sincerely
1573 299 73 30 hoped
1657 299 51 24 that
1720 299 78 31 plenty

1276 335 24 22 of
1312 336 132 24 candidates
1458 338 43 22 will
1515 346 64 15 come
1597 338 96 24 forward
1707 339 43 23 and
1764 342 39 27 got

1277 372 60 22 their
1350 380 77 16 names
1441 374 108 28 enrolled,
1562 376 45 22 and
1620 378 37 28 try
1669 377 44 22 and
1736 377 67 23 make

1277 409 39 22 the
1330 409 90 28 Society
1432 419 13 14 a
1457 419 98 16 success.
1590 412 24 23 I*,
1626 421 53 22 goes
1703 414 98 23 without

1277 446 83 31 saying
1372 447 61 24 wbai
1444 448 142 31 advantages
1599 458 37 15 are
1648 452 24 21 to
1681 458 25 16 ne
1717 451 83 31 gained

1278 483 27 29 by
1318 483 98 32 joining,
1451 485 60 23 How
1523 493 69 24 many
1604 495 38 15 are
1653 487 64 25 there
1729 489 24 23 of
1766 497 34 20 us,

1277 522 51 23 who
1341 523 74 23 would
1428 524 79 29 gladly
1519 525 52 29 give
1583 534 12 14 a
1608 526 59 27 good
1696 527 58 28 deal,
1783 528 19 22 if

1276 559 58 30 they
1346 560 67 23 could
1425 561 69 23 stand
1525 570 30 22 up
1585 564 46 21 and
1660 564 84 24 deliver
1771 573 30 15 an

1276 596 128 31 impomptu
1418 599 80 30 speec'i
1511 602 25 20 at
1543 599 44 24 the/
1594 600 59 23 close
1662 601 24 22 of
1696 610 14 15 a
1719 601 76 25 dianei

1276 642 75 22 orauy
1364 635 76 30 public
1451 637 113 30 assembly
1575 639 10 22 ?
1602 637 67 28 Well,
1681 639 47 23 this
1737 639 19 23 is
1762 640 39 23 the

1277 673 63 30 place
1353 673 72 24 where
1451 675 131 30 experience
1594 684 41 15 can
1664 677 26 22 be
1718 678 83 30 gained

1277 710 45 23 and
1335 710 13 23 I
1365 710 58 31 hope
1451 712 50 23 that
1520 720 59 15 none
1606 712 47 24 will
1681 715 54 23 miss
1762 715 39 23 the

1277 748 85 23 chance
1375 748 24 23 of
1410 749 119 31 becoming
1541 750 117 28 members,
1688 752 45 22 and
1762 752 39 23 the

1276 785 44 23 few
1332 785 93 30 spirited
1439 794 52 15 men
1504 787 50 24 who
1566 787 55 24 took
1639 788 39 23 the
1687 789 66 24 affair
1777 789 24 24 m

1277 824 61 23 hand
1352 824 43 24 will
1408 826 66 23 know
1487 826 51 24 that
1550 827 59 23 their
1632 828 61 23 work
1707 829 42 23 has
1761 832 42 21 not

1279 861 54 23 been
1346 861 23 23 m
1389 861 59 25 vain.

1448 1013 185 25 WEDDINGS.

1311 1093 36 26 On
1360 1094 109 31 Tuesday
1492 1095 53 30 last,
1569 1096 39 23 Mr
1630 1096 126 31 Wagstaff.
1780 1098 25 23 of

1279 1131 40 23 the
1330 1131 96 30 Baptist
1441 1132 93 24 Church
1554 1133 81 24 united
1658 1134 39 24 Mr
1719 1135 87 24 Adams

1280 1168 25 22 of
1313 1168 117 29 Rangiora
1440 1170 46 22 and
1498 1169 61 25 Miss
1570 1170 27 24 M
1608 1171 92 28 Powell,
1716 1172 89 30 daugh-

1279 1208 35 20 ter
1325 1206 25 22 of
1361 1206 39 23 Mr
1422 1206 24 24 J;
1468 1207 85 24 Powell
1576 1208 26 23 of
1624 1208 60 24 East
1707 1209 97 26 Oxfoid.

1281 1244 48 24 The
1352 1246 63 22 brHe
1434 1254 57 16 wore
1514 1255 13 15 a
1550 1247 126 24 handsome
1695 1249 63 24 dress
1781 1250 25 23 of

1279 1291 73 15 cream
1366 1283 85 31 striped
1465 1284 85 31 veiling
1561 1285 54 23 with
1627 1293 14 16 a
1658 1285 56 32 long
1736 1288 67 27 train,

1280 1322 46 23 and
1338 1322 39 24 the
1390 1322 65 25 usual
1469 1323 43 23 veil
1524 1323 47 24 and
1582 1331 87 23 orange
1681 1325 122 25 blossoms.

1281 1358 48 23 The
1342 1359 158 29 bridesmaids,
1514 1360 59 23 Miss
1583 1361 85 24 Powell
1680 1363 46 22 and
1747 1362 58 25 Mis*

1281 1395 95 29 Adams,
1399 1405 59 15 wore
1486 1406 59 22 navy
1568 1401 124 22 costumes.
1738 1400 67 24 After

1280 1434 39 22 the
1331 1442 118 23 ceremony
1462 1444 13 14 a
1488 1435 94 23 number
1604 1435 24 24 o*
1649 1436 86 25 friends
1759 1443 46 18 met

1280 1474 24 19 at
1316 1471 39 24 Mr
1366 1471 96 24 Powells
1485 1475 25 21 to
1532 1473 68 23 drink
1624 1474 38 23 the
1682 1475 77 24 health
1779 1476 25 23 of

1280 1508 39 23 the
1331 1508 77 31 happy
1424 1510 56 28 pair.

1312 1555 36 24 On
1362 1555 122 32 Thursday
1495 1557 41 23 Ihe
1549 1558 106 32 wedding
1665 1559 26 24 of
1709 1560 38 23 Mr
1769 1561 33 24 H.

1280 1594 126 32 Pickering
1418 1600 23 20 to
1453 1596 59 24 Miss
1524 1597 29 24 B.
1566 1597 77 25 Rader
1655 1606 44 17 was
1722 1599 83 25 solem-

1281 1634 66 23 nized
1356 1637 25 19 at
1394 1634 29 25 St
1434 1634 109 25 Andrews
1556 1636 92 24 church.
1673 1637 49 25 The
1742 1639 63 24 bride

1283 1679 59 16 wore
1354 1679 13 16 a
1380 1674 76 29 pretty
1478 1672 60 24 fawn
1560 1678 110 25 costume,
1693 1677 47 23 and
1761 1686 45 15 was

1282 1709 110 22 attended
1416 1710 28 30 by
1467 1710 41 22 her
1536 1711 68 22 sister
1625 1712 45 22 and
1695 1713 57 23 Miss
1776 1714 28 24 L.

1281 1747 125 31 Pickering
1417 1757 25 15 as
1456 1749 82 28 maids,
1551 1750 53 30 they
1627 1759 57 16 wore
1707 1752 99 24 cardinal

1282 1785 90 23 dres9es
1383 1786 46 23 and
1440 1786 67 23 white
1517 1787 58 24 hats.
1620 1789 68 22 After
1696 1790 39 23 the
1743 1798 63 16 cere-

1282 1832 69 23 mony
1364 1824 72 24 about
1448 1826 33 23 80
1493 1825 80 31 people
1595 1830 37 21 sat
1657 1827 65 25 down
1745 1834 24 19 to
1792 1839 15 14 a

1281 1866 138 27 sumptuous
1434 1863 115 24 breakfast
1560 1869 23 19 at
1596 1866 40 23 She
1648 1866 114 25 residence
1783 1869 25 22 of

1282 1898 39 25 Mr
1343 1900 143 24 Zweibruck.
1526 1901 67 24 After
1625 1903 58 23 dark
1705 1905 103 31 dancing

1284 1947 42 16 ivas
1339 1940 147 24 commenced
1497 1942 45 22 and
1555 1941 56 30 kept
1624 1950 31 23 up
1677 1943 54 24 with
1743 1949 65 26 great

1282 1978 66 31 spirit
1361 1979 34 24 till
1408 1979 76 31 nearly
1497 1980 114 31 daylight.

1314 2118 40 24 Mr
1365 2118 38 25 W.
1422 2119 86 25 Collins
1521 2129 47 22 pre*
1575 2121 49 24 ious
1637 2125 23 20 to
1672 2122 37 24 his
1727 2124 80 31 depar-

1280 2159 52 21 ture
1344 2157 35 23 for
1392 2157 100 31 Sydney,
1505 2166 110 23 purposes
1632 2161 82 31 giving
1724 2167 13 17 a
1749 2162 58 23 fare-

1282 2196 49 23 well
1343 2196 100 24 Laoture
1455 2199 25 22 at
1492 2197 90 25 Oxford
1594 2205 25 17 at
1630 2208 30 14 an
1672 2200 60 30 early
1744 2201 62 23 date.

1313 2248 69 24 Band
1394 2255 29 17 Op
1435 2249 79 25 Hope.
1517 2265 32 3 —
1550 2250 50 24 The
1618 2251 64 25 usual
1707 2254 101 30 meeting

1281 2285 25 24 of
1328 2287 40 22 the
1390 2286 88 25 United
1502 2288 69 24 Band
1590 2290 25 22 of
1644 2290 69 31 Hope
1736 2292 71 24 which

1280 2323 82 24 should
1376 2324 57 25 have
1444 2326 70 23 taken
1527 2327 64 30 place
1608 2328 44 24 last
1664 2330 97 30 evening
1782 2333 25 20 at

1279 2363 61 24 East
1362 2363 98 30 Oxford,
1479 2366 40 23 has
1544 2367 56 23 been
1620 2369 134 28 postponed,
1778 2377 29 16 on

1278 2406 98 18 account
1398 2402 25 23 of
1446 2403 39 23 the
1509 2404 85 24 Scotch
1616 2405 106 29 Conceri,
1748 2407 58 24 until

1281 2443 56 19 next
1354 2438 85 32 Friday
1457 2441 106 31 evening.

513 51 166 30 OXFORD
722 53 89 29 AND
854 54 105 30 OUST
1003 53 224 32 OBSERVER
1272 58 233 40 SATURDAY,
1550 61 107 31 JUNE
1702 65 46 34 18,
1793 66 76 30 1892

1894 3692 101 26 Printed
2019 3692 61 27 aD'l'
2106 3695 94 26 Fnblisl
2212 3699 29 23 «<l
2253 3699 30 31 ly
2310 3697 100 27 Rcharp

1927 3735 106 27 Holman
2054 3738 98 30 Pabish-,
2176 3742 26 24 at
2220 3741 40 26 bis
2278 3740 138 36 itegjstered

1926 3778 116 36 Printing
2051 3781 75 33 O«cf
2128 3801 6 12 t
2157 3782 67 33 Hifh
2249 3784 87 28 iJtreel.
2359 3784 57 24 East

1871 3833 45 14 ■vi.:<
1927 3821 98 30 Oxford,
2030 3824 153 31 X!ar»terbunr

1888 872 49 30 All
1954 875 95 30 Work
2062 878 79 28 done
2150 887 37 19 on
2198 879 53 27 the
2263 879 150 28 Premises

2011 922 61 29 and
2095 924 195 36 guaranteed.

1923 980 38 24 Mr
1972 981 53 25 Gus
2036 983 76 24 Jones
2120 985 47 23 will
2176 985 56 24 visit
2241 986 90 23 Oxford
2340 994 71 23 every

1889 1018 70 24 other
1980 1019 54 25 Sale
2056 1021 54 30 day,
2133 1023 167 30 commencing
2323 1024 87 23 TLu.-a-

1889 1056 53 31 -day,
1956 1058 56 24 Feb.
2024 1060 52 27 4th,
2088 1061 48 23 and
2154 1061 49 23 will
2216 1061 69 33 bring
2307 1072 14 14 a
2343 1063 68 23 stock

1921 1095 26 23 of
1960 1095 122 28 Watches,
2095 1097 94 27 Clocks,
2202 1098 46 22 and
2260 1098 125 30 Jewellry..

1924 1157 86 24 Orders
2028 1158 44 25 left
2089 1162 25 21 at
2133 1160 41 23 the
2198 1160 116 32 Working
2336 1161 79 26 Men's

1924 1190 67 28 Club,
2004 1190 98 29 Oxford,
2114 1192 49 24 will
2185 1193 87 23 receive
2283 1196 99 29 prompt

2085 1224 128 25 attention.

1972 1343 55 45 F.
2048 1345 55 43 B.
2135 1346 194 47 LASE.

1991 1406 89 40 (Late
2096 1408 34 31 E.
2147 1407 159 40 Butcher.)

1901 1453 248 38 Watchmaker,
2163 1457 179 36 Jeweller,
2359 1458 45 30 &c

1888 1499 118 31 Importer
2034 1501 26 24 of
2096 1500 103 26 Musical
2237 1503 174 30 Instruineuta,

1888 1538 107 30 Victoria
2013 1540 38 29 St,
2069 1541 131 31 Rangiora.

1874 1613 3 6 1
1887 1607 130 32 Speciality
2025 1618 7 16 :
2033 1624 31 3 —
2065 1609 26 25 m
2099 1611 105 30 superior
2215 1611 105 31 English
2338 1612 77 25 Lever

1886 1646 113 24 Watches
2009 1647 28 23 m
2048 1649 69 23 extra
2128 1650 83 29 strong
2222 1656 66 17 cases
2300 1651 70 23 made
2383 1653 26 21 to

1888 1691 41 23 my
1941 1683 70 24 order
2022 1686 26 22 to
2059 1684 49 25 suit
2126 1685 42 24 the
2190 1686 177 31 requirements
2389 1688 28 24 of

1888 1720 50 23 this
1956 1720 101 25 district.

1922 1759 28 23 F.
1963 1759 29 23 B.
2007 1760 67 23 Lane
2087 1761 66 24 visits
2177 1761 89 24 Oxford
2290 1763 123 31 monthly,

1889 1798 96 30 staying
1992 1801 24 22 at
2029 1799 132 24 Mitchell's
2176 1800 124 32 Boarding
2319 1802 95 24 House.

1889 1837 42 25 All
1942 1838 91 30 repairs
2044 1846 38 16 are
2094 1839 62 24 done
2166 1840 75 23 under
2251 1848 42 23 my
2301 1841 112 31 personal

1890 1877 158 30 supervision,
2072 1879 45 23 and
2140 1878 14 24 I
2176 1884 131 26 guarantee
2340 1881 71 24 satis-

1888 1915 99 25 faction.
2022 1917 43 24 All
2076 1917 99 32 jobbing
2183 1918 44 25 left
2243 1922 26 21 at
2291 1917 124 26 Weeber'a

1890 1953 83 31 Fancy
1985 1954 150 31 Repository,
2158 1955 62 24 East
2242 1956 47 24 Oxf
2291 1957 49 28 jrd,
2363 1957 49 25 will

1889 1993 91 24 receive
1992 2001 41 24 my
2046 1994 52 24 best
2109 1995 121 23 attention
2248 1995 48 24 and
2314 2004 98 16 reason-

1890 2032 54 24 able
1955 2034 71 23 rates.

1924 2070 115 26 Caution.
2074 2072 38 24 No
2123 2073 142 23 connection
2283 2074 60 24 with
2366 2082 48 24 any

1890 2110 71 25 other
1973 2110 59 32 shop
2045 2111 27 25 of
2082 2111 92 25 similar
2191 2112 107 25 address.

1986 2244 333 63 NOTIQE.

1890 2355 67 56 MR
1970 2355 34 27 ,R.
2030 2356 133 25 WALLIS
2186 2366 122 16 successor
2329 2360 27 25 to
2377 2359 40 24 Mr

1945 2388 29 23 P.
1997 2389 38 23 De
2065 2389 85 28 Loree,
2171 2390 51 24 will
2232 2391 87 30 always
2331 2392 58 31 keep
2401 2399 15 16 a

1892 2421 67 23 stock
1983 2422 25 22 oi
2029 2421 69 24 fruits
2118 2422 27 23 of
2164 2422 43 24 the
2241 2430 92 17 season.
2369 2424 46 24 His

1892 2455 79 21 motto
1980 2453 50 24 will
2042 2455 26 22 be
2106 2454 70 25 small
2187 2457 85 28 profits
2284 2456 48 23 and
2344 2457 71 30 quick

2265 2500 4 4 •

1893 2517 85 24 HAIR
2001 2518 146 24 CUTTING
2160 2518 69 24 AND
2254 2519 161 27 SHAVING.

1896 2550 39 23 On
1957 2550 138 32 Thursdays
2114 2551 49 24 and
2185 2550 133 33 Saturdays
2351 2553 65 32 only.

1975 2582 87 26 Adults
2079 2584 39 24 6d.
2153 2584 112 24 Children
2295 2586 40 24 Bd.

1929 2614 70 25 MBS
2018 2616 129 23 WALLIS
2164 2616 85 23 invites
2264 2617 43 23 the
2328 2618 90 25 Ladies

1896 2646 49 25 and
1955 2646 141 25 Gentlemen
2107 2647 26 24 of
2143 2648 94 24 Oxtord
2248 2651 26 21 to
2295 2650 45 23 her
2362 2658 55 25 cosy

1895 2679 64 23 little
1971 2680 171 24 Refreshment
2152 2681 85 27 Uooni,
2261 2682 77 24 where
2361 2684 56 29 they

1895 2718 46 17 can
1954 2712 25 23 be
1992 2712 110 30 supplied
2113 2713 58 24 with
2195 2721 109 17 summer
2326 2714 91 28 drinks,

1894 2744 55 27 Tea,
1963 2744 90 28 Coffee,
2066 2744 86 29 Cocoa,
2166 2754 26 16 or
2204 2745 138 30 Chocolate,
2366 2747 50 24 and

1893 2776 137 32 something
2041 2778 62 30 good
2114 2780 26 23 to
2152 2780 47 26 eat,
2217 2779 46 24 and
2277 2780 40 23 she
2339 2780 76 30 hopes

1895 2808 29 31 by
1936 2808 151 31 cleanliness,
2099 2807 98 34 civility,
2218 2808 49 26 arid

1893 2842 25 23 to
1941 2841 71 24 merit
2035 2850 15 15 a
2058 2841 86 26 liberal
2157 2843 69 24 share
2235 2839 26 30 pi'
2280 2848 133 27 patronage

1891 2873 63 24 from
1963 2873 41 25 the
2013 2874 153 25 inhabitants
2175 2876 27 24 of
2208 2875 90 26 Oxford
2307 2876 48 26 and
2366 2885 50 16 snr-

1891 2906 124 31 rounding
2026 2907 113 24 districts.

2022 3029 83 25 JUST
2123 3029 160 28 ARRIVED.

1941 3068 15 23 2
1965 3067 82 25 Bales
2060 3077 86 16 direct
2157 3078 66 16 from
2236 3071 130 28 Scotland,
2370 3064 11 8 s
2381 3066 30 21 *^
2411 3071 8 16 :

1941 3100 117 25 WHITE
2082 3102 72 24 AND
2188 3103 180 25 COLOURED

2036 3142 236 31 BLANKETS.

1949 3187 159 32 CARPET
2121 3189 7 37 .I
2172 3189 156 33 CARPET
2337 3192 6 29 !
2355 3192 7 28 !

1911 3234 129 30 Six-pence
2074 3236 143 30 half-penny
2249 3245 42 22 per
2325 3238 73 22 Yard.

1895 3264 94 33 Selling
2001 3267 35 25 off
2056 3267 75 25 below
2154 3272 61 25 cost,
2234 3268 88 25 Ladies
2344 3269 71 25 Litest

1992 3304 127 26 fashioned
2145 3306 78 24 Straw
2248 3306 69 26 Hats!

1926 3336 14 24 I
1951 3345 40 15 am
2003 3338 27 23 m
2042 3346 14 15 a
2067 3339 106 29 position
2183 3340 26 25 to
2221 3340 86 31 supply
2330 3339 85 25 Tweed

1894 3375 131 26 Overcoats
2055 3377 59 26 with
2150 3386 79 24 capes.
2263 3380 21 23 A
2314 3379 50 25 line
2391 3378 27 25 of

1894 3413 138 31 Overcoats,
2055 3415 73 25 made
2160 3416 128 32 especially
2317 3419 25 24 to
2375 3424 41 23 my

1896 3450 70 24 order
1976 3451 63 25 from
2053 3452 53 25 best
2114 3451 105 34 Kaiapoi
2231 3454 94 27 Tweed*
2335 3455 83 31 (water

1894 3490 79 31 proof)
1986 3493 69 22 extra
2065 3491 66 32 long,
2143 3493 148 31 guaranteed
2310 3495 26 24 to
2354 3500 64 18 wear

1894 3528 56 25 well
1961 3530 48 23 and
2021 3532 26 22 at
2058 3538 15 16 a
2084 3532 46 24 low
2150 3532 74 31 price.

2041 3573 31 24 R.
2086 3573 33 25 H.
2138 3575 134 26 PARISH.

1305 2578 160 38 FARM
1526 2581 282 40 PRODUCE

1366 2629 121 31 Notice
1510 2641 38 21 to
1565 2633 163 32 Farmers.

1324 2681 100 29 Those
1450 2683 135 29 desirous
1607 2685 33 29 of
1665 2686 144 42 bringing

1281 2721 91 29 Farm
1385 2721 137 32 Produce
1532 2725 32 28 of
1573 2735 60 29 any
1645 2729 63 27 sort
1718 2731 30 26 to
1754 2729 53 28 the

1282 2761 118 30 Oxford
1423 2764 125 37 market,
1587 2766 61 28 will
1688 2769 120 28 consult

1282 2802 80 28 their
1386 2813 67 19 own
1481 2804 128 30 interest
1636 2807 42 38 by
1701 2808 106 30 adver-

1282 2841 96 40 tising
1400 2853 81 19 same
1503 2844 30 29 m
1559 2846 52 29 the
1641 2846 167 32 OXFOUD

1283 2882 59 28 and
1359 2882 101 31 GUST
1473 2888 7 23 (
1491 2884 209 41 JBSEKVER,
1713 2900 38 19 an
1772 2890 37 31 is-

1283 2932 53 20 sne
1346 2933 35 19 or
1393 2929 59 25 two
1480 2924 206 33 before-hand.

1378 3081 120 40 Divine
1550 3083 164 43 Services.

1449 3135 99 23 Sunday
1574 3143 72 16 next.

1316 3182 30 24 U.
1371 3183 34 25 M.
1428 3185 30 24 F.
1482 3185 107 30 Church,
1618 3188 69 25 West
1710 3190 99 32 Oxford,

1284 3227 28 22 11
1324 3234 56 16 a.m.
1393 3229 53 23 Rev
1463 3229 25 24 J.
1511 3230 121 32 Benning.
1649 3234 49 23 and
1710 3239 25 19 at
1755 3237 12 21 6
1780 3237 31 22 30

1282 3271 70 23 p.m.,
1372 3265 39 25 Mr
1427 3266 30 25 L.
1476 3267 106 26 Watson.

1316 3311 62 24 East
1401 3313 98 31 Oxford,
1524 3316 66 24 2.45.
1614 3325 60 23 p.m.
1704 3319 53 26 Rev
1784 3321 23 26 J.

1281 3347 123 33 Benning,
1423 3352 49 23 and
1482 3355 26 22 at
1522 3354 56 24 6.30
1588 3362 61 23 p.m.
1751 3359 58 25 For-

1558 3407 2 3 .

1375 3544 47 54 J.
1447 3547 265 51 FOSTER.

1454 3611 65 23 BAY
1538 3613 85 23 ROAD

1357 3646 123 33 BAST
1529 3652 214 35 OXFOKD:

1402 3696 100 32 Pinus
1531 3698 151 35 Insignis.

1279 3739 231 45 Transplanted,
1540 3749 60 29 and
1640 3751 50 29 for
1731 3754 71 35 sale,

1276 3780 124 40 Apples,
1417 3784 62 40 &c,
1502 3787 31 30 m
1558 3789 83 40 large
1656 3802 35 20 or
1715 3794 89 30 small

1277 3823 179 38 quantities.
