3530 4570
39 272 106 36 OXFORD
145 272 45 36 LIBRARY
190 272 27 36 AND

136 320 98 37 READING
234 320 251 37 ROOM.

43 429 57 24 The
122 430 4 12 ;
129 421 92 31 ©s©r&
247 426 105 30 Library
379 425 23 23 is
429 432 63 23 open
513 430 70 23 every

47 468 113 34 Tnesisay
160 474 11 13 H
172 467 50 27 tefiL
243 468 121 31 Saturday
395 466 95 32 nights,
519 465 69 26 from

48 517 14 22 6
76 517 112 27 30-pvm*.
210 514 25 22 to
256 512 15 23 8
282 519 72 22 p.m.,
378 509 51 25 and
459 516 33 18 on
516 516 72 24 every

47 557 120 23 alternate
173 553 139 31 'Thursday
337 552 138 27 afternoon,
507 550 81 33 (Sale-

46 599 72 30 days)
129 594 78 27 %om
219 597 61 23 230
290 602 66 24 p.m..
372 596 27 23 to
412 595 14 23 5
438 601 59 23 p.m.
536 594 52 22 The

50 641 113 29 Rea&ifeg
175 639 79 24 Eoom
265 638 22 23 is
299 644 64 24 open
386 638 26 22 to
434 631 45 28 the
504 634 86 31 public

50 682 131 30 froeVSaily
193 682 101 23 frornll
308 687 69 20 a.m.,
402 684 31 19 to.
452 677 136 27 Sundown,

52 725 128 33 (Sttadays
209 721 125 32 excepted)
369 721 50 24 and
459 720 71 24 when
546 719 44 24 the

48 768 108 29 -Library
192 766 22 24 is
249 772 73 24 open,
356 764 42 24 the
435 762 153 30 circulating,

53 810 105 31 Library
170 808 113 26 contains
294 807 75 28 1,700
380 805 119 28 volumes,
525 811 65 17 coiq-

38 856 9 23 }.
55 853 96 30 prising
161 859 4 15 :
169 866 32 2 —
202 851 110 30 History,
333 848 109 27 Science,
475 846 115 29 Theoogy

55 895 149 30 Biography,
245 893 85 22 Travel
363 890 50 24 and
442 889 142 23 Adventure

54 937 83 24 Books
149 936 37 24 for
198 936 41 23 the
260 934 91 29 Young
363 934 41 21 &c.
440 931 58 23 This
520 930 23 24 is
565 938 26 15 a-

54 980 101 29 mongst
178 977 42 24 the
233 976 90 30 largest
346 975 50 23 and
407 974 55 23 best
487 973 101 24 selected

55 1021 105 30 Library
171 1020 26 23 m
227 1020 60 22 New
301 1017 117 24 Zealand.
454 1016 21 24 A
485 1015 106 24 number

52 1063 89 24 cfnew
164 1062 76 24 books
262 1060 49 24 will
334 1059 94 30 shortly
449 1058 29 24 be
502 1058 87 24 added.

53 1106 53 23 The
120 1104 150 24 Committee
293 1102 48 24 will
353 1102 29 24 be
393 1100 56 32 glad
460 1103 27 21 to
498 1100 93 24 receive

56 1147 179 25 contributions
260 1145 27 24 of
313 1143 104 26 suitable
443 1142 77 26 books
542 1142 50 24 and

57 1190 141 32 periodicals
222 1189 37 24 for
270 1188 41 23 the
323 1187 106 30 Library
450 1185 49 25 and
511 1185 80 24 Bead-

57 1235 44 28 ing
130 1241 75 15 room.

249 1269 24 21 L.
291 1267 123 30 REEVES,

339 1305 67 24 Hon.
419 1303 139 25 Librarian.

114 1352 175 22 Subscription
301 1349 36 30 2/-
350 1356 49 15 rran
417 1347 126 28 Quabtee.

59 1442 71 22 THE
162 1440 113 23 CHEAP
301 1438 120 24 MONEY
442 1436 140 26 SCHEME.

95 1530 121 24 Whether
228 1537 88 22 money
327 1528 22 24 is
361 1530 25 22 to
405 1527 30 24 be
452 1526 143 24 considered

62 1582 28 15 as
101 1573 94 31 having
207 1580 31 16 nn
249 1572 111 24 intrinsic
382 1571 81 26 value,
476 1577 27 16 or
515 1577 28 16 as
553 1568 41 25 be-

62 1617 44 29 ing
116 1623 13 16 a
142 1614 155 31 commodity,
307 1622 15 15 a
329 1612 123 29 standard,
463 1620 13 16 a
486 1620 109 16 measure

64 1665 28 16 or
109 1665 14 15 a
135 1657 116 30 pledge—
254 1664 26 15 as
294 1656 21 23 is
326 1655 123 30 variously
466 1654 131 31 suggested

67 1706 29 25 by
109 1700 122 24 writers—
233 1698 50 25 and
293 1698 109 25 Tvh'ither
414 1698 42 25 the
476 1698 55 24 true
542 1697 53 26 idea

65 1744 27 23 of
102 1750 87 23 money
191 1757 30 3 —
224 1750 26 16 as
263 1741 59 25 sueh
323 1756 32 3 —
355 1740 31 25 be
397 1742 45 23 not
462 1741 135 31 altogether

68 1785 55 24 that
135 1785 24 23 of
171 1792 15 16 a
197 1784 74 24 ticket
280 1792 26 16 or
313 1785 119 22 counter?

102 1828 119 23 Whether
232 1827 20 23 it
259 1826 61 25 cloth
331 1829 45 22 not
388 1827 61 23 have
461 1826 77 24 much
553 1827 44 23 im-

66 1872 55 28 port
135 1872 25 21 to
183 1871 62 22 have
268 1877 15 16 a
309 1869 68 31 right
406 1869 146 30 conception
574 1869 27 24 of

68 1920 88 22 money
165 1912 10 23 ?
189 1912 49 23 and
247 1912 111 23 whether
369 1912 31 23 its
413 1912 55 23 true
487 1911 49 24 and
545 1911 54 31 just

68 1955 54 23 idea
134 1954 29 24 be
175 1956 44 22 not
236 1954 55 24 that
301 1953 29 25 of
338 1961 15 16 a
373 1953 76 25 ticket
460 1962 27 15 or
498 1956 101 22 counter

68 1997 115 30 entitling
191 1999 25 21 to
229 2004 86 20 power,
336 1996 50 24 and
396 1996 73 24 fitted
480 1998 25 22 to
516 1996 84 24 record

68 2040 48 22 and
130 2038 105 24 transfer
247 2040 90 28 power?

101 2080 118 23 Whether
235 2087 79 22 power
325 2081 26 22 to
360 2079 136 24 command
507 2079 43 24 the
560 2079 38 23 in-

69 2122 85 30 dustry
167 2121 25 25 of
203 2121 82 25 others
308 2121 30 24 be
356 2123 46 23 not
414 2121 52 24 real
487 2121 91 24 wealth
588 2122 11 22 ?

67 2170 50 22 and
129 2170 109 23 whether
251 2177 88 22 money
361 2169 32 24 be
413 2171 45 22 not
479 2169 29 23 m
529 2169 71 24 truth

68 2212 88 24 tickets
168 2219 27 17 or
204 2212 86 24 tok-eas
308 2212 39 24 for
358 2212 135 30 conveying
504 2212 48 23 and
563 2219 36 16 re-

68 2254 103 31 cording
183 2253 60 25 such
253 2255 102 30 ?|power?
375 2255 53 23 -and
447 2253 112 25 whether
580 2253 21 24 it

69 2296 30 22 be
112 2296 26 22 of
148 2298 69 27 great
229 2303 166 23 eossequenee
402 2297 68 22 what
477 2296 123 23 materials

68 2336 43 23 the
123 2337 88 23 tickets
221 2345 42 15 are
271 2337 76 23 made
355 2337 47 24 -of?

100 2378 121 24 Whether
231 2379 80 27 ifacale,
319 2379 84 24 .either
413 2379 96 31 foreign
520 2386 28 17 or
555 2380 47 22 d<?-

65 2420 93 28 rnestic,
169 2420 29 24 be
209 2421 28 22 iaa
245 2422 72 23 ifcria*h
330 2429 48 20 any
386 2427 72 18 j&ore
476 2421 64 24 than
549 2421 51 24 this

62 2466 135 17 commerce
209 2459 27 24 of
240 2460 136 30 indlastry?

98 2500 120 24 Whether
227 2504 26 21 to
268 2504 123 28 jnjpmote.,
411 2501 116 29 transfer,
551 2501 47 24 a&d

61 2549 86 17 secure
156 2542 50 24 this
216 2550 138 18 eomsnieaee
362 2542 113 26 :ain#£his
480 2543 120 30 -property

63 2596 26 23 m
106 2596 96 23 human
213 2596 95 27 lalroaiE,
317 2604 40 19 ©r,
370 2596 26 23 m
413 2596 77 24 .eSier
513 2595 82 24 words
602 2598 2 21 !

61 2639 51 22 tins
125 2646 80 22 power
216 2638 29 26 b.a
257 2640 44 23 not
312 2638 44 25 itte
365 2638 52 26 sole
426 2646 90 18 ajagans
523 2639 26 23 of
556 2645 41 17 en-
602 2638 2 28 j

60 2680 97 30 licliing
169 2688 14 16 a
195 2681 85 30 people
299 2681 50 24 and
356 2681 61 25 Jiow
427 2680 39 26 fox
475 2680 52 25 this
538 2687 60 23 may

60 2722 29 24 be
102 2723 60 23 done
174 2723 192 31 independently
376 2722 29 24 -of
414 2721 57 32 gold
489 2721 52 26 and
554 2721 41 25 sil-

59 2772 40 15 ver
110 2766 11 21 ?
602 2760 2 29 I

92 2808 121 24 Whether
225 2815 15 16 a
251 2808 111 25 national
382 2814 121 24 currency
512 2805 84 28 would
602 2808 2 7 '

57 2853 45 21 not
115 2851 29 23 be
158 2859 68 16 more
250 2850 129 26 beneficial
403 2850 61 25 than
489 2858 61 17 even
578 2857 16 16 a

57 2894 143 29 gol'.l-mine,
215 2894 49 24 and
276 2894 112 24 whether
397 2893 54 24 that
461 2893 29 24 be
498 2895 42 21 not
550 2892 43 24 the

57 2939 55 21 true
124 2936 178 30 philosopher's
319 2939 70 22 stone
412 2937 26 21 m
468 2943 14 16 a
506 2935 85 28 State;

55 2979 51 23 and
129 2979 109 24 whether
266 2986 90 24 money
385 2978 83 25 would
490 2986 56 17 ever
563 2978 29 23 be

56 3022 111 30 wanting
179 3024 26 21 to
217 3022 41 23 the
270 3022 118 25 demands
400 3021 27 26 of
445 3021 116 32 Industry
572 3021 21 24 if

56 3071 37 16 wo
105 3064 63 23 have
181 3071 15 16 a
207 3064 112 25 national
330 3064 66 25 bank
407 3066 12 22 ?

355 3108 95 25 Bishop
464 3108 127 24 Berkley.

1229 99 172 31 OXFORD
1448 96 226 31 OBSERVER
1717 93 241 35 SATURDAY,
1987 89 125 31 APRIL
2135 90 30 33 6..
2202 86 90 29 1895.

2933 4236 105 26 Printed
3061 4240 51 24 and
3150 4240 140 28 Published
3316 4245 33 31 Ly
3385 4247 90 25 Lauba

2968 4272 83 27 Annix
3074 4276 103 31 Pabisit,
3202 4280 27 24 at
3251 4279 51 27 her-
3328 4282 148 32 Registered

2961 4311 121 38 P^tipg
3093 4311 77 34 6ffioe
3172 4333 17 16 r
3201 4320 69 33 Hig^,
3296 4323 86 26 Street'
3411 4327 63 26 East

2966 4352 293 43 O^d.^^e?Jmjy.t
3269 4354 28 28 £
3311 4357 46 31 ■*..',
3373 4366 19 15 :»:■

3039 4407 139 29 SAiiTBbAT-
3190 4412 129 28 '^Apßnvfi
3370 4418 67 24 1895

2919 247 169 51 WATCH
3131 227 157 107 g^i
3317 245 146 48 CLOCK

3044 404 302 34 FITTED

3185 463 30 15 AT

2943 503 182 49 Parish's
3153 503 103 35 East
3280 501 163 46 Oxford.

2926 658 320 48 WEETHIIS

2973 957 204 41 mACHINE
3224 956 201 42 PJEEULES

2943 1047 122 49 Front
3100 1046 71 55 J/-
3200 1058 72 48 per
3309 1046 146 48 foxm.

3197 1778 42 20 AT

3002 1860 44 28 Jr
3059 1868 54 20 «£a»
3127 1860 53 28 r&h
3194 1863 82 25 ass
3291 1860 54 27 sSdi
3382 1868 38 19 »

2944 1934 187 34 TOAST
3180 1936 294 35 OXFORD

2942 2084 60 44 R.
3041 2086 80 42 W.
3138 2086 336 55 ENGLAND,

2940 2161 139 38 TimTDer
3095 2161 69 39 and
3187 2163 76 38 Coal
3292 2163 183 39 Merchant

2943 2245 158 64 LAEGE
3123 2246 107 25 STOCK
3248 2246 43 25 OF
3305 2247 169 25 BUILDING

3116 2279 208 26 MATEEIALS.

3007 2321 34 24 Of
3062 2330 71 22 every
3166 2324 160 29 description.,,
3356 2324 117 24 seasoned

3040 2360 75 31 ready
3123 2359 37 24 for
3168 2368 52 22 use,
3229 2360 90 32 always
3326 2370 31 15 on
3364 2361 76 24 hand.

2975 2401 68 29 Also,
3258 2403 68 30 Iron,
3357 2405 118 24 Portland

2942 2440 103 25 Cement
3055 2443 47 22 and
3116 2442 124 25 Builders'
3255 2443 187 32 Ironmongery.

2975 2491 111 31 Country
3103 2493 90 24 Orders
3218 2493 125 32 Carefully
3365 2495 111 25 Selected

3109 2531 49 24 and
3166 2532 144 25 forwarded.

2942 2578 97 25 TUAM
3049 2579 143 30 STEEET,
3207 2581 273 27 CHRISTGHURCH

2951 2697 266 52 ""'HOLLAiD
3253 2707 153 42 FIIISH

3122 2761 155 42 CAHCO

3054 2822 64 32 3d.
3154 2832 71 30 per
3246 2827 103 37 yard
3353 2850 15 12 v

3018 2908 1 2 ■
3072 2897 31 27 '-
3183 2900 46 28 fat
3260 2895 19 31 ;■■■
3305 2909 21 10 ■■
3345 2890 69 38 '■':■'■
3457 2904 1 1 ■

3055 2947 36 28 R;
3108 2947 42 29 IT.
3173 2947 196 33 PARISH'S

2971 3253 160 46 wolfed
3147 3236 34 76 |
3197 3227 260 68 forsalce

2966 3302 300 132 =|Qld
3276 3303 184 69 friends

2999 3447 115 26 diubuic
3148 3421 157 53 ITnere
3312 3440 80 35 caa
3399 3422 52 52 be

2975 3528 204 43 lNVffidiunNß|
3284 3533 75 38 for

2965 3552 485 105 <^I^IWOLFE^

2962 3850 220 46 PUBLIC
3230 3853 237 44 NOTICE.

2975 3951 173 36 Telegraphic
3160 3951 131 38 Messages
3310 3964 49 17 can
3371 3965 61 17 now
3443 3957 33 25 be

2932 3997 60 25 sent
3015 3997 54 26 and
3087 3998 121 28 received
3228 4003 29 22 at
3282 4001 65 25 East
3373 4001 103 27 Oxford

2933 4040 114 33 Station,
3063 4043 54 26 and
3135 4043 91 27 Postal
3246 4045 86 31 $fotes
3352 4055 59 28 may
3432 4047 35 26 be

2933 4087 155 33 purchased.

2414 214 424 50 EUCALYPTUS

2616 285 52 16 +—^
2668 290 39 4 —
2712 278 2 2 '

2413 314 60 21 THE
2488 313 72 21 BEST
2573 313 88 21 HOME
2677 309 141 24 BEMEDIE

2472 351 35 15 are
2521 345 36 21 the
2567 344 135 27 preparation
2711 342 26 22 6f
2745 341 35 21 the

2357 381 170 23 TASMANIAN
2545 380 186 22 EUCALYPTUS
2745 379 48 21 OIL
2808 377 81 21 COMP.

2387 418 135 26 Universally
2532 417 148 23 additted.the
2689 417 79 23 BEST,
2780 413 113 22 PUEEST

2359 457 43 21 and
2413 456 56 20 most
2477 454 96 22 effective
2583 448 138 32 EucalyptuV
2739 451 104 22 Globulus
2860 449 34 21 Oil

2359 489 40 21 for,
2414 485 170 26 INFLUENZA,
2605 483 91 27 Coughs,
2716 484 64 21 Colds
2804 482 44 21 and
2864 482 29 21 all

2360 520 65 21 Chest
2442 518 43 21 and
2493 518 62 25 Lung
2572 517 112 21 affections
2698 515 77 26 speedy
2783 515 61 19 relief
2853 513 42 21 and

2361 552 55 20 Cure
2434 551 34 19 for
2483 549 156 23 Bhedmatism,
2660 547 122 25 Neuralgia,
2797 546 99 26 Spraine-

2361 578 71 20 Burns
2453 578 33 19 &o.

2369 613 5 3 '
2388 609 133 25 Eucalyptus
2538 608 104 20 Globu'.us
2660 607 93 19 Extract
2761 605 90 26 sprayed
2864 605 32 20 in-

2362 640 63 21 haled
2441 639 43 20 and
2498 640 66 19 taken
2572 638 117 25 internally
2706 637 34 19 for
2754 637 36 19 the
2808 637 87 24 Throat,

2363 675 97 26 Catarrh,
2477 674 59 25 Hay,
2560 673 98 25 Typhoid
2674 673 43 20 and
2731 672 85 21 Scarlet
2822 673 76 19 Fevers

2364 706 129 21 MEASLES
2504 706 36 19 the
2546 706 55 21 most
2611 705 136 24 satisfactory
2755 704 143 25 preventative

2364 738 44 21 and
2421 737 61 21 Cure.
2510 736 56 21 Send
2579 736 51 20 Post
2646 736 55 20 Card
2711 737 22 19 to
2743 736 37 20 the
2789 735 64 20 Office
2865 735 33 20 for

2364 769 97 21 Circular
2474 767 119 26 describing
2611 767 122 21 treatment.
2760 766 138 26 Eucalyptus,

2364 802 111 21 Ointment
2486 802 35 20 the
2531 801 70 25 Magic
2610 801 79 20 Healer
2702 800 22 20 of
2739 800 69 23 Sores,
2822 800 78 23 Burns,

2366 832 102 28 Wqundß,
2472 846 4 11 f
2484 832 60 21 Boils
2562 833 44 23 &c,
2629 831 133 26 Eucalyptus
2782 830 57 27 Soap
2853 830 49 22 Fra.

2364 865 63 25 grant
2437 864 42 20 and
2489 864 123 25 refreshing.
2627 882 3 2 .
2637 863 132 25 Eucalyptus
2779 862 88 25 Jujubes
2877 868 24 14 or

2365 895 102 21 Pastilles
2476 895 34 20 for
2519 894 36 21 the
2580 894 81 21 Throat
2670 893 44 21 and
2722 893 64 21 Voice
2802 899 29 14 an
2845 893 55 20 anti-

2366 926 68 27 Eeptic
2443 926 43 21 and
2496 926 120 22 stimulant.

2366 960 125 26 Veterinary
2508 960 35 21 Oil
2553 960 42 21 and
2606 960 111 21 Ointment
2726 959 34 20 for
2769 958 37 21 the
2815 958 85 21 stables.

2381 997 2 3 ■
2394 995 29 19 Be
2433 999 48 15 sure
2491 1000 43 19 you
2543 993 108 21 Purchase
2665 993 39 20 the
2714 992 104 25 Platypus
2827 1007 3 6 ,
2834 991 69 21 brand

2366 1025 50 26 only
2427 1025 22 20 of
2456 1025 29 21 all
2494 1025 114 24 Chemists,
2613 1024 89 22 Grocers
2707 1023 43 21 and
2757 1023 145 26 Storekeepers

2366 1056 43 21 and
2423 1058 23 19 at
2460 1056 36 21 the
2507 1057 64 20 Office
2580 1058 12 19 9
2602 1054 115 23 Cathedral
2726 1060 76 20 square
2811 1054 92 21 between

2366 1087 101 21 Morten's
2481 1087 113 26 Buildings
2601 1089 42 19 and
2655 1087 36 20 the
2700 1087 51 20 Post
2761 1086 71 20 Office.
2881 1097 1 2 ■

2532 1121 88 21 Oxford
2630 1121 79 26 Agent

2421 1157 27 21 R.
2458 1157 29 21 H.
2501 1157 120 26 PARISH,
2644 1157 77 20 EAST
2734 1155 119 22 OXFORD

2448 1195 141 26 Encalyptus
2599 1195 38 20 Oil
2650 1194 31 27 1/-
2694 1200 41 20 per
2743 1194 79 20 bottle.

2367 1277 101 21 RONGO
2506 1277 54 21 PAI
2580 1276 95 22 TENET
2689 1275 56 21 EEI
2759 1275 124 22 KOTJTOU

2582 1312 111 20 KATOA.

2410 1350 190 37 MACBEAN
2644 1347 218 39 STEWART'S

2368 1404 74 21 NEW
2458 1404 78 21 CURE
2552 1404 58 21 FOR
2624 1404 126 20 ASTHMA

2422 1439 74 20 NEW
2511 1439 79 21 CURE
2604 1439 58 20 FOR
2676 1438 97 22 CROUP

2482 1474 74 19 NEW
2571 1474 78 19 CURE
2663 1474 59 19 FOR
2735 1472 170 21 DIPHTERIA

2423 1504 74 20 NEW
2512 1503 78 22 CURE
2605 1504 58 21 FOR
2678 1503 132 21 CHRONIC

2547 1540 188 22 BRONCHITIS.
2856 1559 4 7 ,

2384 1579 115 27 Prepared
2508 1578 59 21 from
2576 1578 40 21 the
2625 1578 122 21 Mountain
2757 1578 46 21 and
2812 1579 81 20 Forest

2433 1625 2 3 .
2490 1607 81 20 Plants
2585 1606 24 21 of
2621 1606 56 21 New
2691 1606 106 20 Zealand.

2369 1642 30 20 In
2408 1641 97 20 Asthma
2515 1640 42 21 the
2566 1641 55 20 New
2630 1641 59 20 Cure
2698 1639 42 21 has
2750 1639 85 26 proved
2843 1639 66 21 itself

2411 1669 26 20 to
2445 1668 29 21 be
2484 1667 65 21 Head
2558 1667 46 21 and
2615 1667 122 21 Shoulders
2747 1667 71 21 above
2828 1667 33 20 nil
2911 1678 3 8 ,•

2552 1694 73 21 Other
2639 1695 76 20 Cures.

2398 1736 29 19 In
2436 1741 30 14 no
2475 1735 103 20 instance
2586 1734 42 20 has
2638 1740 14 14 a
2659 1733 68 21 death
2737 1733 106 21 occurred
2849 1733 60 21 from

2373 1762 131 27 diphtheria
2521 1761 67 21 when
2606 1761 40 21 the
2867 1760 42 21 has

2371 1790 58 20 been
2439 1788 73 26 freely
2521 1788 57 20 used
2586 1788 59 20 from
2651 1788 40 20 the
2700 1787 51 21 first
2757 1788 77 20 outset
2839 1787 24 21 of
2869 1787 40 21 the

2373 1816 93 25 disease,
2483 1815 47 20 and
2548 1820 26 15 so
2592 1815 66 26 great
2677 1820 38 14 are
2733 1815 32 20 it
2772 1815 9 20 3
2784 1814 126 26 protective

2372 1849 91 21 powers,
2475 1842 54 21 that
2538 1842 40 21 the
2588 1841 124 27 complaint
2719 1841 44 21 has
2773 1848 70 14 never
2853 1841 57 21 been

2373 1872 81 19 known
2463 1870 24 20 to
2497 1869 82 27 spread
2587 1870 25 19 to
2621 1869 68 21 other
2705 1869 110 20 members
2832 1868 24 21 of
2870 1868 41 21 the

2372 1897 88 24 family.

2401 1930 48 20 The
2456 1930 54 21 New
2521 1929 65 25 Cure,
2596 1931 25 19 3s
2630 1930 40 24 6d;
2682 1929 118 21 Grindelia
2808 1928 104 22 Robusta

2438 1957 135 26 Cigarettes,
2583 1958 25 19 2s
2615 1965 7 15 ;
2632 1957 98 20 Asthma
2743 1955 106 25 Tobacco,

2543 1986 25 19 2s
2582 1984 30 20 6d
2625 1983 46 21 and
2685 1985 30 19 Is.

2401 2092 184 37 HEALTH
2607 2088 305 41 GUARANTEED

2379 2171 183 22 CUFFERERS
2598 2172 58 21 from
2700 2172 212 26 RHEUMATISM;

2378 2202 24 19 U
2431 2199 156 25 LUMBAGO,
2604 2200 187 24 NEURALGIA,
2809 2200 103 25 Nerypus

2376 2227 141 23 exhaustion,
2527 2227 98 25 wasting
2632 2227 99 25 dibility,
2740 2227 47 21 lost
2797 2227 79 26 vigour
2888 2228 24 20 of

2375 2253 67 26 body,
2451 2259 158 18 nervousness,
2619 2253 46 21 loss
2674 2254 22 20 of
2714 2253 57 21 flesh
2790 2254 46 20 and
2853 2252 59 23 vital

2376 2286 79 20 power,
2479 2281 92 20 restless
2604 2281 67 25 sleep,
2695 2280 96 25 dreams,
2809 2281 103 26 pimples,

2376 2307 63 20 weak
2449 2308 61 23 back,
2522 2308 61 20 want
2602 2307 24 21 of
2635 2307 163 26 development,
2815 2309 97 20 varicose

2375 2333 72 24 veins,
2456 2334 134 26 incapacity,
2608 2335 94 25 urinary
2723 2335 118 25 disorders,
2860 2335 52 21 skin

2376 2361 47 20 and
2431 2361 69 20 blood
2508 2361 97 21 diseases
2615 2362 47 20 and
2670 2361 32 20 all
2710 2362 106 20 ailments
2826 2362 87 27 arising

2375 2388 58 20 from
2442 2387 63 25 early
2514 2393 24 14 or
2547 2388 59 20 later
2625 2389 43 25 day
2682 2394 73 14 errors
2765 2390 51 23 etc.,
2840 2389 72 20 CON-

2376 2413 75 21 SULT
2460 2413 78 21 FREE
2563 2414 83 21 PROF.
2668 2414 152 21 NOTBTANISr
2837 2415 32 21 M.
2879 2415 33 24 E.,

2376 2441 27 19 E.
2433 2440 29 20 M.
2478 2440 27 20 G.
2528 2440 128 20 MARKET
2675 2441 37 19 PL
2718 2442 51 20 UJE
2789 2442 125 20 CHRIST-

2376 2466 125 21 CHURCH
2542 2467 119 26 (Opposite
2703 2467 106 21 Colombo
2837 2469 77 21 Street

2376 2493 84 26 Bride)

2403 2530 48 20 The
2461 2530 54 26 only
2532 2530 87 26 Expert
2638 2531 142 26 advertising
2796 2532 53 20 that
2865 2533 48 19 -will

2383 2557 125 25 guarantee
2517 2563 15 14 a
2541 2557 115 27 thorough
2663 2564 59 14 cure.

2402 2599 251 21 MANUFACTURER
2663 2600 23 20 of
2695 2600 41 21 the
2745 2601 54 26 only
2818 2607 94 20 guaran-

2374 2625 54 21 teed
2437 2625 97 21 Electric
2543 2626 48 20 belt
2611 2627 45 19 and
2669 2627 66 21 other
2753 2628 85 25 special
2843 2625 3 4 '
2856 2629 56 20 elec-

2374 2651 68 21 trical
2451 2651 128 26 appliances
2589 2653 25 19 m
2623 2653 39 20 the
2672 2653 110 21 Colonies.
2788 2669 2 3 .
2813 2654 98 21 Medical

2374 2679 115 20 Batteries
2498 2679 43 20 etc.
2569 2679 139 27 Discriptive
2718 2681 134 26 Pamphlets
2860 2683 53 25 pi«t

2374 2705 63 20 Free.

2451 2847 366 48 IMPOETANT

2371 2951 83 30 ALL
2485 2952 121 32 WOOL
2629 2954 172 31 EOSLYN
2820 2957 88 30 AND

2408 3025 295 34 WELLINGTON
2726 3030 151 31 TWEED

2516 3094 255 45 SUITS

2411 3165 67 39 35/-
2497 3165 84 31 Suits
2597 3165 187 33 Eeducedto
2808 3168 66 40 25/-

2410 3226 68 40 --4-
2521 3251 20 14 „
2627 3252 18 12 „
2729 3252 19 13 „
2815 3229 67 40 35/-

2410 3274 148 32 Trousers
2573 3276 61 30 and
2648 3276 75 30 Vest
2789 3276 75 39 13/6

2604 3334 23 22 A
2636 3335 19 21 T

2395 3386 197 31 PARISH'S
2618 3387 90 30 East
2731 3388 144 31 Oxford.

2416 3539 190 59 Money
2623 3544 54 43 to
2700 3542 155 45 Lend.

2408 3603 19 29 I
2461 3603 80 31 have
2561 3615 114 30 money
2708 3609 34 27 to
2763 3606 74 30 lend
2871 3608 34 29 m

2367 3643 86 39 large
2482 3653 35 20 or
2538 3645 90 29 small
2663 3655 84 21 sums
2773 3650 34 27 to
2842 3648 63 30 suit

2366 3682 176 31 Borrowers
2580 3688 33 26 at
2641 3687 119 29 lowest-
2778 3692 127 26 current

2425 3760 63 39 W.
2513 3761 46 39 H.
2583 3763 262 44 SPACEMAN.

2542 3809 193 32 SOLICITOR,

2435 3845 192 27 Chbistchttboh
2639 3849 50 24 and
2700 3849 136 27 Bancuoba..

2395 3968 46 44 S.
2482 3970 79 44 W.
2598 3971 288 50 TTJRPINV

2366 4034 243 45 WATCHMAKER.
2642 4038 176 41 JEWELLER
2843 4042 59 33 &c

2443 4095 88 25 MAIN
2545 4095 136 27 STREET
2698 4099 140 26 OXFORD

2559 4145 62 17 near
2632 4139 83 24 Bank.

2384 4244 73 32 W;
2501 4245 366 38 WOOpW^FtD

2363 4297 154 26 PAINTER
2532 4299 73 25 AND
2621 4300 273 37 PAPERHANGER,
2902 4296 3 38 !

2465 4346 113 31 east
2620 4348 189 34 oxfoed;
2882 4353 5 7 '

2412 4436 42 26 All
2464 4437 83 26 orders
2555 4439 122 31 promptly
2688 4441 115 28 Attended
2806 4465 8 13 ?
2814 4448 28 23 to

1291 237 73 55 H.
1394 236 63 53 E.
1487 228 446 61 BOARDMAN
1973 225 53 57 &
2056 216 147 63 CO.,
2309 244 13 5 -

1198 313 140 21 BAILIFFS
1352 311 65 20 AND
1432 304 184 25 COMMISSION
1634 302 128 22 AGENTS.
1807 300 101 22 HOTEL
1922 294 137 25 BROKERS
2073 291 63 21 AND
2150 284 149 24 VALUERS.

1214 378 7 9 >
1297 358 59 30 222
1379 350 234 35 HEREFORD
1637 346 171 35 STREET,
1851 333 342 42 CHRISTCHTJRCH.

1486 414 390 23 »♦♦♦♦♦♦♦♦♦♦•♦♦♦♦♦♦♦♦♦♦♦♦♦♦♦•
1880 414 38 13 •••
1924 413 22 21 !?
1952 413 8 20 !
1966 413 8 22 ?
1980 411 84 24 ••*♦?*

1245 461 42 25 We
1305 458 149 33 respectfully
1467 456 39 30 beg
1525 458 21 20 to
1559 453 73 24 thank
1640 460 44 17 our
1696 451 89 24 Client,
1792 449 49 23 and
1849 447 37 23 the
1898 445 89 25 Public
1995 440 124 35 generally
2123 439 45 30 for
2177 436 39 25 the
2231 434 98 30 support

1176 505 116 25 accorded
1302 511 36 20 us,
1350 502 50 24 and
1411 508 45 17 can
1467 506 83 16 assure
1561 505 43 16 our
1607 495 101 33 friends
1718 494 53 23 that
1779 500 44 16 our
1832 490 104 25 business
1947 478 384 63 W™^,^**^

1177 550 161 29 management,
1357 552 27 15 as
1393 543 107 26 hitherto,
1511 542 48 22 and
1568 540 50 22 that
1626 537 136 30 everything
1772 532 120 25 entrusted
1901 534 23 20 to
1932 538 28 15 us
1972 529 51 22 will
2031 527 25 24 be
2063 526 79 24 under
2152 523 37 24 the
2200 520 131 25 mmduOe

1177 590 146 30 supervision
1334 588 31 29 of
1371 595 49 20 our,
2079 610 19 3 _
2108 609 23 4 _.

1413 743 268 38 ■'LOCAL

1298 792 401 52 BJLRLOUT
1743 788 165 42 AND
1955 776 275 49 PRICE

1432 874 4 3 .
1484 846 191 41 Goventry
1714 840 113 44 Cycle
1875 835 130 36 Works

1349 904 37 28 88
1410 897 199 34 COLOMBO
1633 893 174 33 STREET,
1853 880 344 39 CHRISTCHURCH.

1183 962 56 30 We
1254 962 118 37 having
1387 960 93 29 taken
1496 967 73 20 over
1583 955 52 29 the
1649 937 73 46 Wl
1735 951 114 29 known
1860 947 112 33 works,
1988 935 349 67 ™*^™**™*

1182 1004 34 29 m
1228 1002 90 29 trade
1333 1001 76 30 wish
1424 1004 34 25 to
1472 998 112 31 inform
1599 995 54 29 the
1675 992 105 40 public
1793 990 70 29 that
1877 998 47 19 we
1939 995 52 20 are
2006 991 111 32 prepar
2118 980 39 30 ed
2161 982 42 60 J»
2223 977 113 65 ™*£-

1183 1043 73 29 take
1270 1042 104 28 orders
1388 1041 49 29 for
1450 1049 68 20 new
1532 1035 158 32 machines
1705 1032 62 30 and
1782 1032 128 28 execute
1928 1034 119 31 repairs
2069 1027 32 24 at
2123 1022 54 28 the
2202 1022 135 26 shortest

1315 1082 103 29 notice
1432 1080 48 30 for
1502 1078 41 29 all
1559 1075 90 30 kinds
1665 1072 34 31 of
1709 1070 213 40 Engineering
1938 1068 61 28 and
2011 1063 94 40 Cycle
2117 1063 94 28 work.

1348 1133 126 22 SPECIAL
1487 1127 177 24 ATTENTION
1680 1124 94 23 QYTsSS
1789 1123 37 20 TO
1841 1119 140 23 COUNTRY
1997 1115 122 23 ORDERS.

1186 1174 119 30 Racine
1319 1171 160 31 Machines
1503 1168 61 30 and
1583 1166 101 39 Light
1706 1161 167 32 Roadsters
1889 1169 19 20 a
1922 1156 155 41 specialty.
2121 1151 48 31 No
2183 1148 154 42 imported

1185 1215 156 29 machines
1355 1213 75 38 kept
1444 1211 33 30 m
1492 1208 98 32 stock,
1607 1207 42 29 all
1664 1204 86 32 work
1764 1203 80 29 done
1858 1210 41 20 on
1912 1199 54 30 the
1988 1204 157 32 premises.
2197 1192 31 29 A
2252 1192 86 36 laige

1215 1255 89 31 Stock
1318 1253 35 30 of
1363 1254 125 36 Lamps,
1499 1249 95 32 Bells,
1610 1248 62 28 and
1689 1244 127 32 Saddles
1830 1253 40 17 on
1884 1239 84 30 hand
1983 1241 32 26 at
2028 1245 114 22 reduce
2153 1234 129 37 dprices.

1298 1331 134 84 ■R.
1501 1326 132 86 H.
1691 1310 511 97 PARISH

1460 1463 198 58 EAST
1704 1455 328 61 OXFORD

1410 1547 77 31 has
1503 1540 190 37 received
1712 1548 24 22 a
1752 1535 292 42 consignment
2061 1532 43 31 of

1186 1600 300 57 Messrs
1544 1589 415 64 jolinsons
2011 1585 69 57 &
2138 1582 202 56 Sons

1361 1677 267 61 GREAT
1689 1665 448 66 YARMOUTH

1253 1768 226 89 OIL
1560 1751 693 98 CLOTHING

1369 1893 337 52 ENORMOUS
1766 1888 389 46 REDUCTIONS

1189 2014 81 25 THE
1288 2011 116 28 question
1414 2010 22 23 is
1447 2006 134 26 natural—
1684 2002 60 25 send
1758 2003 27 23 to
1797 1999 177 26 Christchurch
1994 1998 38 25 for
2049 2004 62 25 your
2129 1997 110 32 Drapery
2247 1998 11 22 ?
2293 1996 52 24 The

1200 2032 9 35 I
1252 2045 103 25 draiDery
1367 2041 55 26 sold
1430 2041 26 23 m
1465 2039 57 25 that
1532 2038 51 30 city
1595 2044 71 22 every
1678 2042 46 18 one
1736 2034 94 28 knows,
1842 2032 23 24 is
1876 2033 45 22 not
1931 2032 73 22 made
2015 2032 77 26 there,
2114 2032 43 21 but
2167 2033 130 27 imported.
2333 2032 14 20 1

1190 2079 94 23 import
1294 2077 66 23 from
1371 2074 43 24 the
1425 2072 54 24 best
1490 2069 108 31 English
1609 2068 50 24 and
1676 2066 88 25 Scotch
1776 2065 99 23 houses.
1921 2064 73 23 lam
2005 2062 105 24 enabled
2120 2064 27 22 to
2157 2062 124 29 purchase
2298 2061 48 24 low

1191 2111 50 22 and
1250 2109 46 24 sell
1308 2109 26 23 at
1343 2114 15 16 a
1369 2107 53 23 rate
1434 2104 26 23 of
1469 2102 74 31 profit
1556 2102 53 31 (my
1621 2105 119 25 expences
1750 2097 73 30 being
1834 2095 82 31 small)
1928 2095 58 24 that
1997 2093 82 25 would
2090 2093 31 25 be
2139 2093 145 25 considered
2303 2093 42 24 ab-

1190 2143 59 23 surd
1260 2142 32 24 by
1308 2147 47 19 any
1376 2134 179 29 Ghristchurch
1578 2131 200 26 establishment.
1830 2128 43 31 My
1895 2126 77 26 Stock
1990 2126 22 25 is
2031 2126 43 25 the
2094 2125 94 32 largest
2206 2125 51 24 and
2279 2126 68 23 most

1189 2175 96 24 tvaried
1294 2173 57 26 that
1360 2172 46 24 has
1418 2177 56 17 ever
1484 2169 63 22 been
1559 2165 87 25 shown
1656 2163 28 24 m
1694 2163 44 24 the
1749 2161 104 28 district,
1866 2160 50 24 and
1926 2159 38 25 for
1975 2159 92 31 quality
2087 2159 50 24 and
2155 2158 73 25 value
2244 2160 60 29 puts
2320 2158 27 24 m

1191 2211 31 23 he
1234 2208 78 24 shade
1329 2204 75 33 goods
1416 2201 91 25 offered
1518 2199 33 31 by
1563 2198 102 30 visiting
1678 2195 115 25 hawkere
1805 2195 63 23 from
1880 2192 44 25 the
1941 2191 182 26 Christchurch
2134 2199 46 23 rag
2192 2192 88 23 marts.

1223 2261 95 25 Dress
1329 2256 165 29 Materials,
1506 2252 89 25 Plain
1607 2251 60 24 and
1676 2249 104 30 Fancy
1791 2248 81 24 from
1884 2246 50 25 3d.
1947 2251 54 25 per
2009 2245 85 30 yard.

1224 2321 27 24 A
1268 2319 110 27 Strong
1394 2316 88 25 Stout
1498 2312 132 25 Durable
1648 2309 126 30 Kaiapoi
1790 2307 113 25 Tweed
1920 2305 51 32 2/6
1983 2310 54 25 per
2047 2304 77 30 yard

1821 2349 107 25 Makes
1940 2349 156 23 first-class
2112 2346 91 30 Boys'
2221 2345 91 25 Suits.

1224 2413 58 24 Art
1298 2410 139 27 Muslins,
1457 2405 156 29 Gretones,
1633 2403 79 25 Lace
1730 2401 138 25 Curtains
1887 2398 54 24 &c.

1225 2479 26 30 A
1268 2478 110 25 Cnoice
1395 2474 167 25 Collection
1580 2472 33 23 of
1627 2470 121 29 Gloves,
1775 2467 78 29 Ties,
1882 2464 129 31 Aprons,
2042 2462 165 26 Insertions
2225 2462 54 25 &c.

1225 2527 120 31 Striped
1362 2525 124 26 Galatea
1501 2523 55 31 4/6
1567 2527 56 26 per
1633 2521 107 28 dozen,
1769 2518 104 24 worth
1884 2516 49 24 9d.
1951 2521 55 25 per
2022 2514 85 30 yard.

1224 2591 102 24 Prints
1338 2588 80 24 from
1430 2586 51 25 4d.
1494 2590 55 26 per
1560 2583 84 31 yard.
1658 2581 139 29 Muslins,
1810 2579 138 29 Selesias,
1962 2576 125 31 Calicos,
2102 2575 54 26 &c.

1809 2621 87 25 With
1912 2621 88 24 other
2016 2620 193 23 Manchester
2225 2619 87 28 lines.

1224 2685 88 29 Hats,
1331 2683 103 28 Fancy
1451 2681 59 24 and
1527 2679 106 29 Sailor,
1652 2678 31 23 m
1699 2675 105 25 White
1821 2674 59 23 and
1898 2672 116 25 Colors.

1766 2716 126 26 Newest
1908 2716 123 30 Shapes.
2067 2714 96 29 Large
2180 2714 131 30 Variety,

1223 2777 148 29 Flowers,
1390 2775 154 28 Feathers,
1562 2770 148 30 Ribbons,
1729 2768 105 30 Laces,
1853 2767 74 29 Jets,
1947 2766 55 24 &c.

1694 2808 87 25 With
1798 2808 41 23 all
1855 2807 184 24 necessaries
2056 2804 47 25 for
2120 2803 189 30 Trimmings.

1222 2866 105 29 Fancy
1342 2864 139 29 Frillings
1500 2861 77 30 3yds
1588 2860 47 24 for
1644 2859 37 32 1/-
1698 2858 102 25 worth
1811 2857 49 29 9d,
1879 2860 55 26 per
1944 2856 83 29 yard,

1757 2899 181 29 Umbrellas,
1956 2898 151 30 Parasols,
2126 2897 182 30 Sunshades,

1366 2966 52 12 ■^»-
1437 2965 42 13 ***
1499 2963 36 12 mm
1566 2961 95 14 mm^.mm
1686 2960 40 12 w*
1744 2960 41 11 **w
1806 2960 40 11 -^^
2055 2964 16 6 -»■
2078 2964 13 6 t
2119 2964 12 5 -~
2204 2958 33 12 ~.r...

1336 3000 330 46 SPECIAL
1752 2996 422 42 PURCHASES

1186 3077 110 38 BOYS
1330 3073 88 35 AND
1449 3069 172 34 YOUTHS
1659 3064 216 37 COLONIAL
1908 3064 154 33 TWEED
2088 3066 251 37 OVERCOATS

1670 3133 76 31 with
1768 3130 95 44 Capes

1462 3197 93 34 From
1578 3195 65 33 i7s.
1688 3194 50 31 6d.
1783 3194 101 32 worth
1926 3194 66 30 255.
2039 3193 48 29 6d.

1339 3265 195 34 Men's
1577 3261 226 32 Tweed
1846 3259 347 33 Overcoats

1659 3313 95 29 From
1778 3312 63 29 15s.

1185 3483 132 40 English
1332 3485 129 41 Witoey
1469 3485 149 30 Blankets
1632 3487 33 27 to
1681 3484 38 29 be
1733 3484 68 31 sold
1816 3488 32 25 at
1858 3485 59 29 less
1926 3484 77 29 than
2016 3483 182 32 Melbourne
2211 3485 130 31 Whole-

1186 3535 63 30 sale
1270 3537 84 40 price
1355 3554 41 5 —
1396 3537 121 31 Double
1531 3535 68 31 Bed
1616 3534 68 32 Size
1707 3536 64 29 12s.
1797 3535 49 30 6d.
1896 3535 103 31 worth
2014 3535 65 31 16s.
2118 3535 49 31 6d.
2188 3546 56 30 per
2258 3538 77 39 pair.

1352 3607 130 38 cheaper
1495 3605 78 29 than
1588 3602 226 31 Christchurch
1827 3604 114 31 houses
1954 3605 66 30 will
2034 3605 57 31 sell
2105 3607 94 30 them.

1187 3697 297 79 MISSES'
1545 3696 253 83 CAPES
1855 3696 61 80 &
1974 3698 365 78 JACKETS

1244 3803 87 46 Tb*
1347 3802 165 48 N*wtst
1542 3800 154 59 Sb*s*s
1715 3802 108 47 ft**
1844 3802 85 55 3/6
1953 3805 141 47 worth
2112 3805 167 50 Uvbte.

1186 3924 523 89 PRINTS!
1755 3924 487 92 PRINTS
2268 3929 63 89 !!

1265 4056 139 50 totow
1421 4055 153 49 tafc&d
1592 4061 105 48 <ssst,
1718 4056 184 48 Bdward
1922 4056 202 55 Bt*ft*tis
2143 4062 117 49 *t*k

1186 4127 325 102 ROLLER
1574 4127 498 104 TOWELLING
2138 4135 158 86 M.

1527 4268 143 50 wart*
1687 4268 35 52 f
1722 4268 30 50 4
1774 4278 73 54 pt
1864 4271 122 57 ywi.

1172 4375 40 45 L.
1230 4383 71 32 R.
1328 4384 78 32 M.
1442 4384 313 42 PARISH,
1814 4387 154 33 East
2016 4390 257 41 Oxford,

617 562 266 66 GEORGfe
915 574 234 49 KI]ATS,

642 656 157 26 BUILDEE
808 654 70 24 AND
889 649 238 28 UNDERTAKER

608 731 20 10 
720 707 104 32 EAST
864 705 180 31 OXFORD.

650 798 121 25 Funerals
779 794 150 27 Conducted,
943 793 87 23 Adults
1037 793 67 23 from
1113 791 38 24 £3

619 842 114 25 Children
751 841 65 22 from
835 837 68 31 22/6.

641 1032 220 24 oxfobh
906 1024 236 27 bakbst

723 1077 212 29 Established
960 1070 87 29 1862.

669 1141 123 27 FLOUR,
805 1138 55 25 best
870 1136 80 25 brand
961 1135 60 31 only
1031 1133 68 30 kept.

623 1183 142 28 SHARPS,
801 1178 204 28 OATMEAL,
1040 1175 110 25 BRAN

711 1220 290 32 OHICKENWHEAT,
1020 1220 42 24 &c.

647 1269 40 20 AT
715 1265 122 23 LOWEST
865 1262 140 22 CUKRENT
1033 1260 104 24 RATES,

712 1368 52 43 F.
797 1364 50 44 B.
868 1361 190 55 LANE.

727 1439 90 40 (Late
831 1437 39 30 E.
890 1435 159 39 Butcher.)

625 1498 247 32 Watchmaker,
902 1494 182 32 Jeweller,
1102 1491 51 30 &c.

623 1549 123 30 Importer
779 1545 26 25 of
845 1542 107 26 Musical
986 1541 170 25 Instruments

722 1583 110 27 Victoria
854 1582 36 25 St.
921 1580 134 30 Rangiora.

626 1674 98 33 Special
735 1674 70 26 value
828 1671 27 26 m
878 1669 80 27 Extra
980 1669 86 31 strong
1078 1665 79 28 Cased

624 1719 87 33 highly
719 1717 109 26 finished
841 1715 108 32 English
967 1714 80 24 Lever
1054 1710 103 27 Watch-

625 1771 34 16 es.
706 1759 190 27 Manufactured
912 1761 27 22 to
961 1766 43 22 my
1032 1756 71 24 order
1124 1755 34 30 by

626 1801 54 26 best
691 1801 105 25 London
814 1798 106 25 makers.
955 1795 157 32 Unequalled
1120 1794 38 24 for

626 1844 122 26 excellent
761 1841 178 31 Timekeeping
954 1839 50 25 and
1014 1837 143 32 durability.

659 1887 29 24 F.
706 1887 31 23 B.
750 1885 95 24 LANE
857 1883 140 31 personally
1018 1882 72 24 visits
1111 1881 47 23 Ox-

627 1929 54 25 ford
701 1927 123 31 monthly,
849 1926 114 31 carrying
982 1932 16 17 a
1019 1924 69 30 large
1110 1922 50 25 and

627 1971 84 25 choice
745 1969 71 26 stock
843 1968 27 25 of
901 1967 127 28 Watches,
1056 1965 102 28 Chains,

627 2013 133 27 Brooches,
770 2012 88 30 Rings,
870 2010 85 28 Studs,
972 2009 129 25 Pendants
1113 2009 46 26 etc,

630 2055 140 30 Spectacles
791 2053 124 31 (Pebbles,
931 2052 168 29 Pantoscopac
1111 2048 50 25 and

628 2097 108 31 Crystal)
750 2094 95 29 Clocks,
865 2093 107 32 (Marble
992 2092 50 24 and
1059 2091 101 31 Wood,)

727 2137 155 25 Accordeons
894 2135 50 24 and
955 2134 106 25 Violins.

661 2181 81 24 Exact
753 2180 58 24 date
823 2179 27 25 of
860 2178 62 25 each
932 2177 60 26 visit
1014 2177 22 24 is
1047 2175 107 26 notified

776 2224 28 22 m

629 2267 115 24 Repairs.
746 2280 31 4 —
779 2265 42 25 All
831 2264 94 31 repairs
943 2271 41 16 are
1002 2262 118 25 executed
1129 2261 32 31 by

629 2308 92 32 myself
740 2316 29 16 or
785 2307 79 23 under
880 2314 44 23 my
943 2305 221 31 superintendence

630 2359 26 17 so
678 2351 56 24 that
753 2351 103 30 patrons
868 2356 46 17 can
936 2349 52 30 rely
1011 2356 33 16 on
1066 2347 98 31 getting

630 2392 154 25 satisfaction
793 2394 26 21 at
831 2391 44 24 the
885 2399 59 23 very
955 2390 86 24 lowest
1050 2389 112 31 charges.

661 2435 104 30 Repairs
777 2442 28 16 or
814 2434 84 24 orders
906 2441 59 22 may
976 2432 30 24 be
1014 2432 45 25 left
1071 2433 25 23 at
1098 2446 33 3 —

628 2481 26 24 J.
673 2481 134 28 Weeber's,
842 2481 64 23 East
930 2479 100 25 Oxford,

628 2525 25 23 at
676 2523 41 24 W.
741 2523 35 24 M.
802 2522 37 27 C,
863 2522 64 24 East
951 2521 101 25 Oxford.

628 2565 23 25 J.
669 2565 100 29 Brown,
782 2563 160 30 Bootmaker,
967 2563 70 24 West
1061 2562 101 25 Oxford.

627 2608 39 24 W.
680 2608 24 23 J.
718 2607 119 24 Crothers
846 2608 18 22 &
878 2606 44 24 Co.
931 2624 5 5 .
959 2605 69 25 Cust.

660 2649 50 24 and
726 2649 52 25 will
784 2647 30 26 be
826 2647 126 32 promptly
964 2646 118 26 attended
1093 2648 35 23 to.

628 2692 54 31 All
693 2692 99 29 Work
804 2692 77 29 clone
892 2702 41 18 on
946 2691 54 29 the
1012 2690 150 30 Premises

750 2742 60 28 and
826 2741 199 38 guaranteed.

664 2869 92 40 ■w.
804 2867 312 44 stoozs,

622 2928 343 32 MONUMENTAL
986 2927 174 34 MASON,

744 2979 133 29 Madras
900 2978 126 36 Street,

663 3029 321 33 CHRISTCHU
992 3029 123 31 RCH.

623 3125 160 61 WISHES
800 3127 26 23 to
843 3126 87 24 inform
941 3130 101 26 persons
1060 3124 25 25 m
1093 3125 64 25 want

711 3160 26 24 of
751 3159 167 24 Monumental
941 3157 75 25 Work
1044 3158 54 24 that
1125 3157 31 24 he

620 3193 95 24 intends
734 3194 26 22 to
783 3191 88 26 SELL
899 3190 61 27 HIS
995 3188 160 29 PRESENT

620 3224 116 26 LARGE
757 3223 117 31 STOCK,
891 3224 133 31 consisting
1040 3224 27 24 of
1078 3224 77 24 Gran-

619 3258 34 24 ite
671 3257 101 30 Marble,
798 3257 47 24 and
871 3258 68 23 other
965 3256 75 26 Stone
1068 3256 89 25 Monu-

621 3292 85 25 ments,
736 3292 26 21 at
790 3289 161 31 considerably
986 3288 170 25 REDUCED

621 3321 131 25 PRICES.
786 3320 57 25 Iron
859 3320 101 29 Fences,
979 3320 113 25 Concrete
1109 3320 48 24 and

623 3353 73 26 Stone
713 3353 125 31 Kerbings,
855 3353 102 24 reduced
965 3353 27 24 m
1009 3353 71 31 price.
1115 3353 41 23 In-

621 3386 126 31 scriptions
764 3386 49 24 and
830 3385 34 25 all
880 3384 67 26 work
963 3385 25 24 m
1016 3385 141 24 connection

621 3419 57 23 with
695 3419 41 24 the
752 3419 69 24 trade
833 3419 61 23 done
904 3418 27 24 m
941 3417 133 25 first-class
1087 3419 69 29 style.

621 3450 76 30 Early
713 3451 134 30 inspection
864 3450 100 24 invited.
1001 3450 97 25 Several
1106 3457 52 17 new

622 3482 60 24 lines
699 3483 74 30 lately
802 3482 101 24 arrived.
938 3481 55 31 Any
1020 3482 138 24 reasonable

623 3515 58 24 offer
696 3515 38 24 for
750 3515 41 24 the
808 3518 95 27 present
920 3513 69 25 stock
1004 3514 51 25 will
1080 3514 78 25 result

622 3548 25 24 m
663 3556 14 15 a
695 3548 59 24 sale.
788 3546 78 25 Want
888 3548 27 24 to
931 3547 93 25 realise.

626 3655 88 37 MR
734 3654 66 40 W.
824 3654 52 40 N,
900 3654 258 43 CATHRO,

661 3723 183 22 BARRISTER
859 3723 68 21 AND
943 3722 174 22 SOLICITOR.

773 3764 234 31 RANGIORA.

620 3814 133 31 Attends
768 3814 123 31 Oxford
904 3825 40 20 on
956 3814 97 30 Court
1060 3813 97 39 Days.

619 3884 167 25 Instructions
795 3884 33 32 by
838 3885 58 30 post
906 3883 53 25 will
969 3883 94 25 receive
1074 3890 83 23 prom-

784 3923 28 29 pt
840 3920 134 25 attention.

740 3969 108 21 MONEY
876 3967 38 22 TO
941 3967 90 21 LEND.

668 4075 44 52 S.
745 4077 51 43 B.
819 4074 306 53 SEYMOUR,

816 4140 139 26 DENTIST,

645 4181 54 21 .215
713 4179 106 23 Colombo
833 4180 83 25 Street,
938 4179 169 22 Christchurch.

785 4250 179 21 CHARGES:—

682 4291 96 25 Filling,
792 4289 25 22 5e
824 4296 8 17 ;
845 4292 5 2 '
866 4289 134 21 Extraction
1009 4290 25 19 2s
1047 4288 38 22 6d.

635 4351 100 26 Ni?tou»
744 4348 61 24 O*id
814 4348 47 21 Gas
870 4348 170 22 Administered
1044 4348 38 21 for
1087 4348 21 21 P
1113 4348 40 21 ain

607 4396 47 22 Übs
663 4390 139 26 Exaction
810 4388 26 25 ot
844 4389 81 24 Teeth.
959 4389 46 22 Fee
1014 4389 37 22 for
1059 4388 93 22 Admin-

608 4433 109 22 istration
728 4434 35 19 Bet.-
897 4442 4 3 ■

203 3207 40 44 A
231 3208 23 28 T
256 3207 198 45 OTICE.

52 3302 100 45 3>®h
172 3303 234 57 Printing
418 3306 10 42 !

227 3370 102 45 Job
351 3372 243 56 Printing

95 3431 174 32 &XFOBD
329 3433 223 31 OBSERVER

130 3482 169 40 Hachine
329 3483 179 49 Printing-

231 3532 172 40 WORKS

115 3591 89 28 MA!sr
210 3592 156 29 STREET,
377 3593 148 26 OXFORD.

111 3669 128 27 THWE

102 3739 38 30 In
155 3741 73 39 Any
239 3741 131 42 Variety
395 3750 37 20 or
448 3740 100 37 Style*

101 3844 107 24 CHILD
219 3845 108 24 BIRTH
340 3831 107 40 SAFX
460 3842 74 24 AND

150 3885 136 26 ALMOST
296 3883 183 28 PAINLESS

44 3927 92 64 BY
181 3929 74 31 using
289 3929 48 25 DR
383 3925 207 30 FAWCETT'S

146 3959 130 27 Medicine.

78 4001 71 24 MRS
172 4001 164 26 BURRELL
356 4004 61 31 begs
439 4006 27 22 to
496 4001 93 25 inform

47 4037 42 26 the
101 4038 90 26 Ladies
203 4038 56 26 that
268 4040 43 25 she
320 4040 46 26 has
375 4041 63 25 been
446 4038 140 35 apjjxnnted

47 4077 55 24 Sole
123 4079 73 29 agent
217 4078 28 24 m
268 4078 176 26 Christchurch
471 4080 37 24 for
543 4077 44 25 the

47 4113 76 24 above
134 4115 123 24 Medicine
269 4117 26 22 to
309 4116 117 25 facilitate
440 4113 146 37 Accoutre-

46 4154 87 22 ments.
167 4153 90 26 Ladies
268 4162 47 17 can
337 4154 31 25 be
388 4155 113 32 supplied
519 4150 67 30 w/tib

46 4190 42 23 the
111 4190 74 27 abovg
206 4190 33 33 by
264 4191 105 32 sending
390 4200 29 17 or
440 4193 92 31 calling
554 4191 32 26 at

47 4227 40 24 Mr
109 4228 120 27 Burreil's
252 4230 180 32 Photographic
454 4231 71 32 place
555 4231 29 25 of

46 4266 122 27 business.
180 4266 105 26 Gould's
308 4268 139 33 Buildings,
470 4268 112 27 Victoria

46 4303 88 29 Streofc,
149 4303 180 31 Cbrisfcchurcb,
348 4306 83 25 where
449 4307 35 25 all
502 4306 79 26 infor-

44 4342 97 23 mation
167 4348 47 17 can
242 4340 29 26 be
298 4341 117 28 obtained
444 4343 58 29 free,
530 4343 51 27 and

44 4379 117 31 perfectly
203 4379 155 33 satisfactory
388 4381 50 25 and
473 4382 108 31 genuine

42 4416 167 27 testimonials
220 4423 46 20 can
277 4417 31 27 be
318 4424 67 20 seen.
