2569 4050
1330 1112 22 25 A
1363 1113 42 23 fire
1423 1113 170 31 unfortunately
1611 1112 73 26 broke
1705 1116 40 20 out
1763 1111 120 32 yesterday

1295 1146 106 31 morning
1412 1146 25 25 in
1449 1146 48 24 Mr.
1509 1146 24 25 J.
1543 1146 84 25 Lewis'
1637 1146 72 24 house
1719 1153 29 16 on
1757 1146 126 23 Thorndon

1296 1178 60 31 Flat,
1376 1180 46 23 and
1441 1180 79 31 totally
1539 1179 121 32 destroyed
1680 1179 55 24 both
1752 1180 18 22 it
1789 1179 44 23 and
1846 1178 37 25 the

1295 1213 116 31 adjoining
1422 1213 79 24 house.
1538 1213 49 24 Mr.
1601 1213 83 24 Lewis'
1698 1213 72 23 house
1783 1220 46 15 was
1841 1220 42 17 one

1296 1246 49 24 half
1360 1246 72 29 wood,
1454 1246 43 24 and
1515 1247 39 23 the
1572 1246 65 24 other
1654 1246 50 23 half
1728 1246 77 23 Maori
1827 1246 56 24 with

1294 1279 77 24 thatch
1392 1280 58 23 roof.
1495 1280 50 23 The
1566 1280 43 23 fire
1630 1279 145 24 commenced
1796 1280 24 22 in
1843 1279 40 24 the

1295 1312 105 31 chimney
1409 1312 75 25 which
1495 1320 45 16 was
1546 1312 25 24 of
1581 1312 78 24 Maori
1669 1313 162 28 construction,
1840 1313 43 23 and

1294 1345 104 24 attached
1408 1350 22 19 to
1443 1346 39 24 the
1492 1347 75 23 native
1578 1345 113 31 building.
1737 1345 43 24 We
1796 1346 87 23 believe

1294 1387 62 16 more
1368 1379 139 25 destruction
1519 1380 42 23 has
1570 1380 77 23 arisen
1659 1380 59 23 from
1732 1379 87 30 having
1838 1379 45 23 this

1293 1412 56 24 kind
1361 1413 26 23 of
1401 1413 106 29 chimney
1517 1413 55 24 than
1583 1413 59 24 from
1656 1412 106 24 thatched
1777 1412 71 23 roofs.

240 1436 123 20 CUSTOM
380 1436 109 20 HOUSE.

1398 1470 193 22 CORONER'S
1611 1465 163 27 INQUEST.

1947 1082 52 25 The
2011 1082 82 32 Tyrian
2101 1084 90 24 arrived
2201 1085 56 23 from
2266 1085 95 31 Sydney
2368 1093 30 16 on
2405 1086 85 26 Thun.

1912 1115 45 31 day
1968 1116 51 29 last,
2038 1116 83 31 having
2140 1117 66 24 made
2224 1118 36 23 the
2399 1120 23 23 in
2443 1122 48 24 nine

1912 1149 66 31 days.
2021 1150 49 24 The
2088 1150 59 24 local
2168 1159 61 15 news
2249 1152 59 22 from
2321 1152 79 24 thence
2412 1153 20 23 is
2443 1162 48 24 very

1912 1183 173 31 contradictory.
2133 1184 69 23 Some
2213 1185 80 23 letters
2304 1185 44 24 and
2359 1193 132 25 passengers

1912 1220 60 20 state
1991 1216 48 23 that
2057 1217 130 24 immediate
2206 1219 49 23 ruin
2277 1223 72 19 stares
2370 1219 29 23 all
2420 1220 25 24 in
2457 1221 33 25 the

1912 1249 57 30 face,
1983 1250 43 23 and
2038 1257 57 16 none
2107 1251 45 23 will
2165 1259 80 23 escape
2253 1261 7 19 ;
2279 1252 68 23 while
2364 1252 79 24 letters
2461 1262 29 17 we

1911 1282 59 25 have
1982 1291 53 16 seen
2053 1284 88 24 declare
2161 1284 38 24 the
2218 1286 65 22 crisis
2303 1289 22 19 to
2343 1285 28 23 be
2387 1287 102 30 attained,

1903 1316 54 24 .and
1970 1317 48 23 that
2029 1317 36 23 the
2077 1318 94 30 general
2182 1319 66 29 panic
2259 1319 20 22 is
2288 1319 125 31 subsiding.
2450 1320 39 25 We

1902 1343 2 12 '
1911 1349 59 31 hope
1982 1350 43 23 and
2039 1355 56 18 trust
2108 1350 38 24 the
2158 1351 67 23 latter
2234 1355 123 20 statement
2370 1353 43 23 will
2423 1361 66 24 prove

1911 1387 59 19 true.
2008 1383 176 32 Unfortunately
2198 1384 37 23 the
2247 1384 98 24 advance
2354 1385 24 23 in
2386 1385 36 24 the
2432 1387 56 30 price

1912 1416 25 23 of
1953 1416 58 24 wool
2022 1417 23 22 in
2062 1416 38 24 the
2118 1416 99 24 London
2234 1418 91 23 market
2343 1418 40 24 has
2400 1420 89 26 receded

1911 1457 43 15 one
1966 1449 55 24 half.
2062 1450 35 24 As
2121 1451 63 23 trade
2203 1451 19 23 is
2242 1451 112 31 evidently
2368 1454 120 31 materially

1912 1490 29 15 on
1961 1482 39 24 the
2018 1483 162 31 improvement
2200 1484 22 23 in
2247 1484 116 31 England,
2382 1486 44 23 and
2444 1487 18 23 it
2472 1488 18 24 is

1912 1517 86 23 certain
2011 1516 36 24 the
2058 1522 80 26 export
2149 1518 24 22 of
2183 1518 56 23 wool
2246 1518 59 23 from
2314 1519 38 23 the
2360 1518 128 27 Australian

1912 1549 107 24 Colonies
2032 1550 44 23 will
2089 1550 26 23 be
2126 1551 66 23 small
2205 1550 45 24 this
2262 1560 63 23 year,
2339 1552 62 23 there
2412 1554 20 22 is
2443 1554 43 23 evU

1911 1583 78 31 dently
2001 1591 66 23 every
2077 1592 81 16 reason
2170 1584 34 24 for
2216 1584 114 32 believing
2337 1585 48 24 that
2393 1592 38 17 not
2439 1587 49 31 only

1911 1616 45 24 will
1970 1616 38 24 the
2018 1617 43 24 late
2072 1617 100 24 advance
2190 1619 67 30 again
2279 1619 27 23 be
2324 1619 106 29 attained,
2451 1620 36 25 but

1910 1649 51 24 that
1971 1649 39 24 the
2020 1651 60 30 price
2093 1651 26 23 of
2133 1651 56 23 wool
2203 1651 44 24 will
2259 1656 38 26 yet
2307 1660 63 16 more
2381 1652 102 32 improve.

1911 1682 74 25 Great
1996 1685 107 23 attention
2115 1685 20 23 is
2153 1685 121 23 continued
2295 1689 22 20 to
2337 1686 28 23 be
2382 1686 67 29 given
2466 1687 21 24 in

1911 1717 94 30 Sydney
2027 1721 20 19 to
2071 1717 85 31 salting
2178 1718 58 29 beef,
2258 1718 45 23 and
2325 1719 86 31 boiling
2428 1720 58 24 down

1910 1750 70 31 sheep
1991 1750 35 23 for
2039 1751 56 23 their
2111 1751 41 29 fat,
2200 1751 43 24 We
2260 1752 58 24 have
2339 1758 62 25 great
2420 1753 65 24 confi-

1910 1783 72 24 dence
2001 1783 47 24 that
2067 1784 64 24 these
2155 1792 91 16 sources
2268 1785 46 24 will
2335 1785 96 25 advance
2453 1787 33 24 the

1909 1817 62 31 price
1984 1817 26 24 of
2024 1817 72 29 stock,
2110 1818 44 23 and
2164 1819 52 30 give
2227 1820 18 22 it
2257 1827 13 15 a
2282 1825 129 25 permanent
2431 1821 55 31 price

1909 1852 24 21 in
1947 1850 58 23 New
2017 1851 73 22 South
2104 1851 87 22 Wales.

2126 1914 155 23 CHINA.

215 1492 124 22 Inwards,
356 1492 148 20 Coastwise.

93 1519 29 22 In
129 1525 45 15 the
329 1526 61 14 from
400 1519 176 21 Manawatu.
576 1519 78 21 'Waitt

66 1547 19 26 tf
101 1547 72 26 Tyser,
183 1547 85 25 Agents.
300 1548 10 19 1
326 1553 47 14 case
390 1547 104 24 sundries,
511 1547 10 19 1
533 1552 45 15 case
592 1547 61 20 hams

65 1575 41 20 and
121 1574 74 25 bacon,
206 1576 13 19 3
234 1575 102 26 packages
350 1574 43 24 do.,
409 1575 12 20 5
437 1576 50 19 tons
501 1574 48 23 flax,
560 1575 12 19 4
588 1574 63 20 hhds.

64 1602 63 26 pork,
138 1602 10 20 1
160 1602 51 20 bhd.
222 1602 67 20 bacon
300 1602 41 20 and
350 1602 66 23 hams,
428 1602 12 20 3
451 1604 49 17 tons
513 1602 10 19 1
536 1608 45 13 case
591 1604 61 23 pota-

63 1632 54 22 toes,
129 1630 12 20 2
152 1629 76 21 barrels
239 1630 13 20 3
262 1630 69 20 chests
343 1630 25 20 12
378 1629 102 27 packages
490 1629 104 20 sundries.

94 1658 28 21 li*
132 1663 26 14 Tf
165 1663 15 14 b
329 1663 63 14 from
404 1663 47 14 the
463 1656 64 21 Eait
538 1656 84 21 Coast.

64 1685 76 25 Agent,
151 1685 79 25 Eagar.
260 1685 41 20 500
317 1684 85 22 bushels
412 1684 74 24 maize,
503 1684 12 21 7
525 1686 49 18 tuns
588 1683 63 21 black

64 1712 37 27 oil,
119 1711 15 25 t
150 1715 38 18 ton
203 1713 62 23 bone,
275 1714 12 19 4
306 1714 49 19 tons
368 1712 59 21 hams
443 1712 43 20 and
495 1712 74 23 bacon,
581 1712 11 19 1
611 1712 41 25 bag

64 1740 72 24 coffee,
155 1740 12 21 2
178 1740 63 21 boxes
258 1741 12 20 2
287 1740 102 27 packages
406 1739 153 25 merchandize,
569 1740 11 19 5
599 1739 52 26 kegs

64 1766 95 26 tobacco,
172 1768 10 20 1
196 1768 49 20 cask
260 1768 87 25 brandy.

93 1795 28 21 In
129 1801 47 15 tub
330 1801 119 15 fuomthb
461 1801 80 14 coast.
570 1795 80 25 Eagar,

64 1823 77 26 Agent.
172 1823 12 21 6
194 1822 60 22 casks
264 1823 40 24 ale,
317 1823 10 20 1
340 1825 36 19 ton
388 1824 63 23 flour,
462 1824 12 20 7
486 1823 60 20 casks
555 1822 60 26 pork,
624 1823 26 19 10

63 1850 66 22 boxes
145 1856 58 21 soap,
223 1851 25 20 15
258 1851 82 26 gallons
357 1858 54 17 rum,
421 1851 13 19 5
447 1851 53 25 kegs
514 1850 90 26 powder,
623 1851 28 19 45

63 1881 50 19 tans
124 1878 68 21 casks.

92 1907 29 21 In
136 1912 48 14 th<
374 1912 62 15 from
453 1905 88 21 KAriA.
569 1906 81 25 Eagar,

62 1933 77 26 Agent.
171 1934 10 20 1
193 1936 37 18 ton
246 1934 61 20 hams
315 1933 42 21 and
373 1933 75 24 bacon,
457 1935 14 19 4
484 1936 48 17 tons
547 1935 103 25 potatoes,

63 1961 13 21 4
87 1962 35 21 do.
132 1961 49 25 flax,
193 1962 26 21 13
229 1962 60 20 casks
300 1961 60 27 pork,
372 1962 27 20 34
408 1961 43 21 live
460 1961 54 26 pigs.

79 1989 41 22 -In
138 1994 48 15 the
366 1994 62 15 from
439 1989 99 20 Cloudy
559 1988 61 22 Bay.

65 2017 85 21 Samuel
158 2017 42 20 and
208 2017 83 25 Joseph,
300 2017 112 25 Agents.
416 2017 12 19 B
438 2016 62 21 casks
506 2016 55 24 beef,
571 2016 13 21 7
590 2022 59 14 cases

63 2044 66 28 slops,
139 2045 13 19 5
164 2044 63 21 boxes
237 2051 60 19 soap,
307 2045 13 19 3
330 2044 51 26 kegs
392 2044 61 23 nails,
467 2044 14 20 4
493 2043 34 20 do.
537 2043 91 27 powder,
638 2044 13 19 5

62 2072 51 25 bags
123 2071 51 24 rice,
184 2072 13 19 3
206 2071 52 24 bajrs
267 2072 73 21 coffee,
352 2072 10 20 1
374 2071 60 19 chest
442 2072 44 18 tea.

91 2099 29 21 In
126 2103 47 16 the
378 2103 63 14 from
452 2096 98 21 Cloudy
561 2096 92 21 Bat.

66 2125 67 22 Waitt
143 2125 43 20 and
196 2126 71 24 Tyser,
282 2126 87 24 Agents.
399 2124 26 21 20
435 2126 52 19 tuns
496 2124 62 20 black
568 2124 37 20 oil.

92 2154 28 21 In
137 2159 48 15 the
228 2153 132 20 Susannah
473 2157 63 14 from
554 2151 97 21 Cloudy

63 2181 61 21 Bat.
155 2180 84 21 Samuel
265 2180 43 21 and
336 2180 83 26 Joseph,
444 2180 87 25 Agents.
559 2180 12 19 2
601 2181 51 18 tons

63 2208 129 22 whalebone.
227 2208 125 25 Passengers
381 2208 25 19 15
427 2213 48 15 men
494 2206 113 27 belonging
628 2209 24 18 to

62 2237 91 25 whaling
167 2237 69 25 party.

91 2263 29 23 In
129 2269 48 15 the
335 2268 65 15 from
409 2268 47 15 the
468 2267 78 16 coast.
574 2263 77 25 Lloyd,

63 2291 76 26 Agent.
170 2291 26 21 49
229 2291 62 21 casks
319 2290 37 21 oil.
408 2289 126 27 Passenger*
561 2290 89 21 Messrs.

64 2318 76 27 Lloyd,
166 2317 65 26 Price,
258 2317 82 25 Brown,
367 2317 85 25 Pascoe,
474 2317 108 27 Hodgson,
610 2317 43 21 and

63 2345 97 23 Wation.

1944 1970 52 25 The
2008 1970 89 33 Sydnej
2109 1969 92 26 Herald
2211 1974 27 23 of
2250 1974 39 23 the
2311 1976 29 23 18
2344 1974 22 24 th
2385 1974 100 31 October,

1909 2005 102 30 supplies
2024 2006 35 23 the
2071 2005 121 31 subjoined
2201 2015 24 15 as
2239 2007 38 23 the
2288 2007 68 24 latest
2368 2016 57 16 news
2431 2009 54 25 from

1909 2037 77 23 China
1995 2046 7 14 :

1944 2074 36 29 By
1992 2074 38 22 the
2042 2074 82 22 arrival
2137 2070 26 26 of
2176 2073 39 24 the
2225 2073 123 23 Gondolier
2359 2075 127 31 Hongkong

1909 2112 91 24 papers'
2007 2109 21 19 to
2040 2105 36 24 the
2090 2106 57 23 15th
2161 2105 53 32 July
2225 2107 58 22 have
2303 2114 61 16 come
2382 2112 21 19 to
2422 2109 63 24 hand.

1911 2138 68 31 They
1992 2140 88 22 contain
2089 2139 39 23 the
2140 2140 124 31 important
2282 2140 142 31 intelligence
2442 2142 43 23 that

1911 2171 39 24 the
1963 2176 72 26 treaty
2046 2173 25 23 of
2086 2180 69 23 peace
2172 2173 101 24 between
2295 2173 37 24 the
2350 2175 80 24 Queen
2447 2175 38 24 and

1911 2205 38 24 the
1959 2206 112 30 Emperor
2084 2206 25 23 of
2125 2206 74 24 China
2218 2215 46 15 was
2283 2208 87 22 ratified
2389 2209 42 22 and
2450 2216 35 16 ex-

1910 2239 103 30 changed
2025 2248 28 15 on
2071 2239 39 24 the
2130 2241 59 23 30th
2205 2239 68 25 June.
2321 2241 37 24 On
2377 2242 35 23 the
2431 2250 54 15 same

1909 2272 45 31 day
1974 2280 46 15 was
2043 2272 120 33 published
2187 2274 40 23 her
2252 2274 121 32 Majesty's
2397 2276 88 23 Charter

1910 2307 101 29 erecting
2047 2314 41 15 our
2100 2306 75 24 island
2187 2307 25 23 of
2229 2307 148 32 Hong-kong
2396 2309 44 23 and
2457 2310 26 22 its

1909 2339 164 31 dependencies
2108 2341 48 23 into
2168 2349 14 15 a
2194 2341 88 30 colony,
2295 2347 23 17 to
2326 2342 26 23 be
2363 2342 122 31 designated

1911 2373 38 23 the
1961 2373 79 30 colony
2050 2373 25 23 of
2091 2373 157 32 Hong-kong.
2295 2374 50 24 The
2362 2375 92 24 Charter
2465 2376 22 22 of

1910 2406 40 24 Sir
1961 2406 35 24 H.
2010 2407 118 30 Pottinger
2141 2415 25 15 as
2179 2407 120 24 Governor
2308 2410 24 22 of
2348 2409 37 23 the
2402 2408 83 31 colony,

1910 2440 54 23 with
1977 2448 73 23 power
2060 2445 23 18 to
2095 2441 93 31 appoint
2206 2441 141 32 Legislative
2366 2443 41 23 and
2426 2441 59 24 Exe-

1911 2474 76 23 cutive
2010 2473 115 29 Councils,
2149 2474 94 31 Judges,
2264 2475 154 32 Magistrates,
2436 2476 49 28 &c,

1910 2514 46 16 was
1978 2507 46 23 also
2044 2507 129 31 published,
2194 2509 44 22 and
2257 2516 14 15 a
2290 2509 38 24 list
2347 2510 25 23 of
2386 2509 99 32 appoint-

1909 2545 84 19 ments.
2040 2541 50 23 The
2109 2541 83 32 capital
2212 2542 24 23 of
2252 2542 145 32 Hong-kong
2410 2550 44 15 was
2466 2545 21 21 to

1909 2574 29 23 be
1948 2573 71 25 called
2030 2573 110 26 Victoria.
2184 2575 50 23 The
2246 2576 143 23 commercial
2399 2575 85 32 regula-

1909 2608 61 23 tions
1982 2615 57 16 were
2049 2613 40 18 not.
2107 2608 131 29 concluded,
2250 2609 24 22 in
2294 2617 153 22 consequence
2465 2608 22 24 of

1910 2650 14 14 a
1931 2641 87 24 further
2030 2642 113 23 reference
2155 2647 22 18 to
2191 2641 75 24 Pekin
2278 2641 68 32 being
2359 2650 123 22 necessary;

1909 2683 64 16 some
1985 2676 25 22 of
2024 2675 36 23 the
2078 2679 64 27 ports
2160 2675 111 23 therefore
2291 2683 56 16 were
2367 2681 38 18 not
2426 2683 60 24 open,

1909 2709 43 24 but
1962 2709 39 23 the
2011 2709 60 23 trade
2084 2712 23 19 at
2120 2708 93 24 Chusan
2223 2709 44 24 and
2280 2708 75 32 Araoy
2375 2716 44 17 was
2438 2708 43 24 said

1911 2747 23 19 to
1947 2742 28 24 be
1987 2750 53 21 very
2051 2742 75 24 brisk.

156 2394 82 20 SHIPS
253 2394 57 20 FOR
325 2394 68 20 NEW
407 2394 148 20 ZEALAND.

89 2427 45 23 The
150 2429 61 25 Lady
227 2428 67 25 Leigh
310 2427 40 21 left
369 2427 83 26 Sydney
469 2433 29 15 on
515 2427 35 21 the
562 2427 50 21 17th
629 2427 25 21 of

63 2455 101 24 October,
174 2456 33 20 for
218 2455 80 21 Nelson
316 2455 43 20 and
369 2455 51 20 Port
436 2455 126 23 Nicholson,
572 2455 51 21 with
639 2462 14 14 a

61 2483 42 22 fall
112 2489 69 20 cargo.
209 2482 42 21 She
265 2489 47 20 may
328 2482 26 21 be
367 2482 100 27 expected
481 2483 50 20 here
544 2483 23 20 in
584 2489 13 14 a
611 2483 42 20 few

62 2510 60 28 days.

89 2538 46 21 The
146 2537 47 28 ship
202 2538 122 24 Bencoolen,
335 2537 40 21 600
385 2539 57 22 tons,
453 2543 41 15 was
505 2537 117 21 advertised
627 2540 24 18 to

62 2566 60 23 leave
130 2565 67 27 Hong
206 2566 64 26 Kong
286 2566 32 20 for
330 2564 53 23 New
400 2564 93 22 Zealand
502 2566 41 20 and
559 2565 92 27 Sydney,

62 2594 36 22 via
112 2593 96 21 Manilla.

76 2635 4 6 ,
90 2621 69 21 Three
167 2621 78 21 vessels
254 2627 35 15 are
300 2621 69 21 stated
378 2624 22 17 to
407 2620 27 21 be
443 2621 118 21 advertised
569 2622 23 19 at
597 2620 55 28 Syd-

63 2654 41 19 ney
113 2648 34 22 for
156 2648 43 22 this
209 2647 58 26 port.

91 2759 44 21 The
146 2759 48 28 ship
201 2760 92 20 Trancet
302 2759 18 21 is
331 2758 116 22 advertised
457 2761 24 18 to
490 2758 41 21 sail
537 2759 55 20 from
600 2758 54 27 Syd-

65 2792 40 21 ney
114 2787 35 21 for
158 2787 42 21 this
209 2789 58 24 port,
277 2793 29 14 on
315 2787 37 20 the
361 2787 53 20 24th
423 2787 24 19 of
461 2785 102 21 October.

92 2815 46 21 The
146 2815 47 26 brig
208 2815 42 19 Bee
259 2814 19 20 it
286 2815 19 19 is
323 2814 70 20 stated
402 2814 19 20 is
430 2816 23 18 to
462 2813 50 21 load
522 2816 21 18 at
560 2813 96 21 Twofold

65 2842 53 27 Bay,
127 2843 52 20 with
190 2843 63 25 sheep
264 2842 34 20 for
306 2841 44 21 this
360 2843 56 25 port.

91 2676 45 21 The
147 2677 131 26 Bucephalus
286 2676 43 20 and
347 2676 78 21 teveral
435 2676 63 20 other
506 2676 84 24 vessels,
601 2676 18 20 it
634 2676 19 20 is

61 2704 69 21 stated
148 2710 49 21 may
214 2703 27 21 be
257 2703 101 28 expected
375 2704 50 20 here
444 2703 44 21 this
507 2709 74 15 season
597 2703 56 21 from

62 2731 100 22 London.

1988 2799 93 25 BANK
2100 2799 44 25 OF
2162 2799 253 25 AUSTRALASIA.

1540 2831 102 24 FLAX.

1329 2883 23 24 It
1363 2883 21 24 is
1395 2882 107 25 intended
1520 2884 30 30 by
1563 2891 64 17 some
1646 2883 130 25 merchants
1796 2884 26 24 of
1839 2883 45 26 this

1296 2916 70 32 place,
1379 2921 24 19 to
1414 2916 60 24 form
1485 2924 13 16 a
1516 2917 70 31 depot
1597 2922 25 19 at
1639 2916 91 33 Kapiti,
1742 2917 36 24 for
1789 2917 39 23 the
1841 2917 42 23 ob-

1297 2951 109 23 tainment
1418 2950 27 24 of
1458 2949 133 25 Phormium
1604 2950 84 29 Tenax,
1702 2951 43 23 and
1758 2951 38 23 the
1811 2955 74 20 cutter

1296 2983 77 32 Royal
1390 2982 103 24 William
1505 2984 72 24 sailed
1593 2984 48 24 last
1651 2984 65 24 week
1729 2984 53 23 with
1797 2984 39 23 ths
1846 2991 36 16 re-

1298 3017 80 31 quisite
1390 3017 103 24 material
1505 3017 35 24 for
1552 3017 58 24 such
1620 3025 13 16 a
1642 3024 107 24 purpose.
1768 3017 45 24 We
1827 3021 58 20 trust

1298 3050 49 24 that
1357 3054 56 19 next
1428 3057 55 24 year
1500 3051 46 23 will
1559 3058 38 16 see
1610 3058 27 16 us
1655 3050 99 31 sending
1764 3050 69 24 home
1844 3049 40 24 be-

1298 3083 59 24 sides
1369 3083 38 27 oil,
1420 3083 87 25 several
1518 3083 88 24 vessels
1618 3083 81 24 loaded
1710 3083 56 24 with
1776 3083 57 24 flax.

1407 3144 102 24 SHIPS
1528 3144 70 24 FOR
1617 3144 155 24 LONDON.

1331 3196 52 24 The
1392 3195 87 32 barqne
1495 3194 139 32 Indemnity,
1648 3196 17 23 it
1684 3195 47 24 will
1748 3195 29 25 be
1789 3203 55 16 seen
1855 3196 30 32 by

1298 3238 40 16 our
1348 3229 140 31 advertising
1503 3229 115 29 columns,
1630 3229 20 24 is
1668 3228 46 25 laid
1732 3237 29 16 on
1773 3229 35 24 for
1820 3229 65 24 Lon-

1298 3264 51 23 don.
1385 3262 59 24 This
1455 3261 80 25 makes
1545 3262 38 24 the
1590 3262 78 24 fourth
1676 3262 74 32 vessel
1761 3267 24 19 at
1792 3268 93 27 present

1298 3296 125 25 advertised
1434 3296 25 24 in
1470 3304 41 15 our
1521 3303 72 25 paper
1609 3296 37 24 for
1664 3295 118 33 England,
1795 3296 46 24 and
1853 3304 32 17 we

1298 3329 138 25 understand
1463 3329 37 24 the
1523 3328 95 33 Tyrian,
1643 3329 74 24 which
1740 3329 91 25 arrived
1844 3332 40 22 'on

1298 3362 122 31 Thursday
1437 3362 58 25 from
1514 3363 103 31 Sydney,
1628 3363 22 24 is
1666 3362 108 25 intended
1791 3363 36 24 for
1848 3364 37 23 the

1298 3404 61 16 same
1370 3396 146 24 destination.

1454 3456 72 25 THE
1545 3455 203 29 THEATRE,...

1331 3507 94 26 Several
1443 3507 136 30 interesting
1599 3507 77 32 pieces
1693 3506 59 25 have
1762 3506 60 26 been
1832 3514 54 25 pro-

1298 3540 70 26 duced
1383 3544 31 21 .at
1432 3540 39 24 the
1495 3539 109 30 Theatre,
1625 3540 75 24 which
1722 3541 120 24 continues
1864 3545 22 20 to

1296 3575 87 25 receive
1403 3581 15 17 a
1429 3581 55 24 very
1495 3573 44 24 fair
1554 3573 70 25 share
1643 3573 26 24 of
1683 3573 78 32 public
1779 3579 106 27 support.

1298 3608 49 25 The
1366 3606 79 26 efforts
1465 3606 26 25 of
1507 3606 99 25 Messrs.
1622 3606 107 30 Marriot,
1743 3606 143 32 Hardeman,

1299 3640 119 29 Marshall,
1430 3640 46 24 and
1493 3640 40 24 the
1550 3640 89 25 Ladies
1657 3640 84 32 always
1753 3641 53 30 give
1818 3641 68 23 satis-

1296 3676 92 28 faction,
1400 3674 47 24 and
1462 3673 88 25 obtains
1570 3673 40 25 the
1628 3673 110 33 applause
1750 3674 26 24 of
1791 3673 39 24 the
1842 3673 44 25 dif-

1298 3710 72 23 ferent
1383 3707 130 25 audiences.

1541 3762 98 24 SALT.

1947 2858 125 32 Subjoined
2083 2859 21 23 is
2116 2858 38 24 the
2165 2858 46 24 last
2222 2864 78 26 report
2309 2858 25 25 of
2344 2858 43 25 this
2397 2858 92 25 Institu-

1913 2891 57 24 tion.
2006 2891 40 25 We
2065 2892 63 31 priut
2140 2893 18 23 it
2178 2897 21 19 to
2220 2892 63 24 show
2303 2891 49 25 how
2372 2892 60 24 lettle
2444 2898 45 26 pre-

1912 2924 73 32 pared
1998 2924 36 25 the
2043 2924 88 25 friends
2144 2925 24 24 of
2177 2925 121 24 Australia
2309 2926 44 24 will
2365 2925 26 24 be
2403 2931 23 18 to
2442 2926 47 23 hear

1914 2958 37 24 the
1962 2966 62 16 news
2034 2958 26 24 of
2078 2959 38 23 the
2133 2959 42 23 sad
2185 2959 96 23 distress
2302 2959 71 24 which
2385 2959 40 25 has
2436 2965 49 17 con-

1914 2991 78 24 tinued
2004 2996 21 19 to
2036 2992 101 23 increase
2149 2997 22 18 to
2184 2991 37 24 the
2225 2992 75 23 .latest
2312 2998 107 24 moment,
2431 2992 56 23 since

1914 3024 46 24 this
1971 3029 74 25 report
2056 3032 46 16 was
2114 3025 71 23 made,
2190 3025 78 29 public
2277 3034 6 14 :

1948 3065 52 25 The
2009 3065 65 24 ninth
2086 3065 84 25 annual
2181 3066 100 31 meeting
2292 3066 26 24 of
2333 3065 44 33 the;
2386 3065 102 25 directors

1914 3099 45 24 and
1981 3099 137 31 proprietors
2136 3099 25 24 of
2178 3098 46 25 this
2242 3098 63 25 bank
2324 3107 46 16 was
2377 3098 66 25 'held
2463 3105 25 17 on

1914 3132 110 32 Monday,
2036 3133 59 23 June
2107 3133 50 29 sth,
2169 3137 23 19 at
2203 3133 39 24 the
2253 3133 78 24 offices
2343 3133 25 23 of
2376 3132 38 25 the
2426 3131 62 29 bank,

1914 3165 47 25 No.
1972 3168 24 28 2,
2008 3166 210 32 Moorgate-street,
2232 3166 105 30 London,
2346 3166 35 24 for
2392 3166 35 24 the
2439 3172 49 24 pur-

1913 3207 57 24 pose
1981 3199 25 25 of
2014 3201 116 31 receiving
2145 3200 39 24 the
2198 3205 77 26 report
2286 3200 26 24 of
2330 3199 38 25 the
2379 3199 109 27 directors,

1913 3234 46 23 and
1970 3234 96 32 electing
2078 3233 63 25 three
2158 3234 116 29 directors,
2286 3234 51 24 who
2352 3238 59 19 went
2422 3236 38 19 out
2468 3229 20 24 of

1914 3267 66 25 office
1991 3268 31 31 by
2032 3267 107 25 rotation.

1948 3301 23 25 J.
1991 3301 26 25 S.
2036 3301 142 32 Brownrigg,
2196 3300 69 32 Esq.,
2285 3300 36 24 M.
2328 3300 38 29 P.,
2387 3298 54 39 to|k
2457 3296 31 25 the

1914 3334 74 24 chair.

1949 3368 82 25 Before
2048 3368 39 24 the
2106 3372 78 27 report
2193 3374 46 17 was
2250 3365 61 29 read,
2323 3365 38 24 the
2378 3365 109 27 directors,

1914 3401 52 25 who
1977 3406 58 20 went
2053 3406 41 20 out
2104 3401 27 23 of
2147 3401 65 23 office
2224 3400 29 31 by
2264 3399 106 28 rotation,
2382 3406 58 17 were
2456 3403 31 17 re*

1915 3435 118 24 elected
2034 3434 98 31 namely,
2160 3433 24 25 J.
2208 3434 26 24 S.
2258 3432 143 32 Brownrigg,
2427 3431 60 30 Esq.,

1915 3468 81 31 M.P.,
2020 3467 61 25 Wm.
2108 3467 91 29 Biown,
2230 3467 69 32 Esq.,
2327 3466 45 24 and
2399 3464 88 26 Charles

1916 3502 95 30 Morris,
2024 3502 57 31 Esq.

1950 3535 51 25 The
2013 3536 123 24 Chairman
2148 3534 56 25 then
2213 3533 57 26 read
2279 3533 40 25 the
2331 3538 82 27 report,
2421 3527 66 27 which

1915 3577 46 15 was
1973 3578 26 14 as
2010 3569 85 23 follows
2107 3577 7 15 ::

1951 3610 23 23 1.
2069 3608 54 24 time
2132 3607 85 31 having
2228 3606 87 25 arrived
2319 3605 38 24 for
2367 3603 38 25 the
2412 3598 74 29 annual

1916 3642 101 31 meeting
2027 3641 25 25 of
2060 3641 40 25 the
2109 3640 147 32 proprietors,
2269 3639 38 24 the
2320 3638 106 24 directors
2437 3634 50 25 have

1914 3683 52 16 now
1984 3679 22 19 to
2018 3674 84 25 submit
2113 3679 24 19 to
2148 3674 62 24 them
2222 3673 58 24 their
2293 3670 120 34 periodical
2424 3671 62 21 state-

1916 3713 64 20 ment
1991 3708 23 24 of
2024 3707 36 25 the
2073 3707 78 24 affairs
2162 3707 26 25 of
2196 3707 38 24 the
2246 3706 148 31 corporation.

1950 3743 25 22 2.
2046 3741 40 24 the
2091 3740 47 24 last
2144 3745 77 27 report
2230 3740 39 24 the
2276 3739 108 23 directors
2389 3731 99 29 adverted

1916 3779 24 19 to
1958 3774 39 24 the
2014 3773 186 32 unprecedented,
2215 3776 118 27 monetary
2351 3773 102 28 pressure
2468 3767 20 20 at

1916 3807 51 25 that
1977 3808 54 23 time
2040 3807 130 32 prevailing
2187 3805 138 31 throughout
2337 3803 36 24 the
2387 3798 101 28 Austral-

1915 3842 67 23 asian
1992 3840 105 30 colonies,
2110 3841 46 23 and
2168 3840 38 24 the
2215 3838 138 33 proprietors
2368 3834 29 25 do
2409 3837 39 21 not
2456 3837 32 17 re-

1916 3875 66 31 quire
2001 3878 23 19 to
2042 3873 30 24 be
2091 3873 113 25 infornfed
2215 3869 49 27 that
2276 3871 37 24 the
2324 3873 51 29 past
2385 3874 53 26 year
2452 3864 36 24 has

1916 3907 59 25 been
1995 3906 164 26 characterised
2178 3914 27 16 as
2227 3913 42 17 one
2290 3903 26 25 of
2333 3902 73 33 equal,
2423 3899 21 24 if
2454 3899 36 22 not

1916 3944 90 28 greater
2023 3940 99 31 severity
2133 3939 46 25 and
2191 3938 111 30 suffering
2320 3940 23 21 to
2354 3934 38 25 the
2403 3930 88 27 colonial

1917 3972 147 31 community.
2109 3972 78 26 These
2208 3971 95 25 adverse
2326 3967 165 26 circumstance!

1303 3836 5 3 -
1331 3818 59 25 This
1400 3817 80 25 article
1490 3816 43 25 has
1543 3815 95 25 become
1649 3823 56 25 very
1714 3824 87 23 scarce,
1811 3816 45 24 and
1867 3818 21 23 is

1297 3860 53 19 now:
1357 3850 105 33 fetching
1472 3857 28 17 an
1512 3857 124 17 enormous
1644 3849 72 32 price,
1726 3850 54 29 viz.,
1795 3849 40 25 6d.
1845 3857 42 25 per

1297 3885 85 34 pound.
1418 3884 44 25 We
1480 3887 60 21 trust
1550 3890 42 17 our
1608 3881 89 26 friends
1715 3882 49 25 will
1777 3885 110 31 not'neg-

1296 3920 47 24 lect
1353 3924 24 20 to
1388 3918 53 32 ship
1453 3917 45 25 salt
1514 3917 36 25 for
1561 3916 48 24 this
1625 3916 104 30 market,
1746 3924 27 16 as
1790 3925 16 15 a
1823 3920 65 28 great

1298 3953 104 32 quantity
1413 3953 22 24 is
1445 3951 57 25 used
1511 3951 34 31 by
1556 3950 95 25 various
1665 3950 89 31 parties
1764 3950 76 26 round
1850 3949 38 25 the

1297 3989 73 22 eoisti
1431 3982 17 16 v
1580 3991 3 9 :

681 513 7 6 J
719 511 42 23 We
771 510 47 24 last
830 510 63 24 week
904 510 102 24 received
1018 517 24 16 a.
1043 510 65 24 letter
1120 510 60 24 from
1192 518 13 16 a
1215 518 52 23 per-

686 551 40 17 son
737 545 92 30 signing
840 543 95 24 himself
969 543 57 24 Fair
1152 543 24 24 It
1185 551 45 15 was
1239 551 29 16 on

686 577 38 24 the
741 576 89 31 subject
841 576 26 24 of
883 576 74 28 cattle,
970 583 47 16 was
1034 576 132 32 personally
1174 577 94 24 exceed-

686 610 62 32 ingly
757 609 103 29 abusive,
873 609 43 24 and
928 609 97 31 charged
1036 616 27 16 us
1074 601 136 39 with^being
1222 610 47 23 seP

686 644 50 28 fish,
748 642 34 24 for
794 643 80 31 giving
884 651 14 15 a
907 641 93 25 faithful
1010 647 95 19 account
1117 642 26 24 of
1156 643 38 23 the
1211 646 59 22 state

686 676 26 24 of
720 677 35 22 the
768 675 97 24 demand
886 675 52 24 here
950 675 35 23 for
998 675 73 24 stock.
1107 675 45 24 We
1172 675 104 27 endeav-.

687 709 67 23 oured
766 714 24 18 to
806 713 41 26 get
858 708 37 24 the
907 708 81 23 author
1006 713 23 18 to
1041 708 163 24 communicate
1216 708 53 24 with

686 750 28 15 us
730 741 137 33 personally,
879 741 53 23 with
952 748 14 16 a
976 741 58 24 view
1053 746 22 19 to
1092 742 67 30 point
1176 745 39 19 out
1232 741 36 24 the

686 775 146 32 impropriety
845 774 25 24 of
887 775 89 30 writing
994 774 56 24 such
1067 783 14 15 a
1096 774 76 29 letter,
1184 774 45 24 and
1246 779 23 23 to

686 807 40 25 tell
736 809 45 23 him
794 809 21 23 if
823 809 29 23 he
863 807 73 24 would
947 807 57 24 send
1016 816 28 15 us
1055 815 14 16 a
1079 808 188 24 communication

686 840 101 25 confined
808 846 23 19 to
851 840 39 25 the
907 848 67 17 cause
993 840 26 24 of
1037 840 35 23 his
1089 840 130 32 complaint,
1236 849 33 17 we

685 874 71 24 would
769 875 72 23 insert
849 875 26 27 it,
885 873 44 25 and
936 872 127 25 endeavour
1070 878 23 19 to
1105 875 108 23 convince
1220 873 50 30 him.
1276 894 3 9 ,

685 907 48 24 that
744 907 28 24 he
783 914 46 17 was
842 907 23 23 in
877 914 28 16 an
917 913 62 17 error
991 907 25 23 in
1027 907 126 31 supposing
1165 906 48 24 that
1231 905 48 27 the'

684 940 47 24 real
741 940 45 24 and
803 943 133 29 permanent
953 939 107 24 interests
1072 939 25 24 of
1114 940 38 24 the
1171 940 94 33 Colony.,

685 973 65 24 could
760 974 28 22 be
798 973 81 24 served
889 973 30 31 by
926 973 114 31 pursuing
1049 973 39 24 the
1098 980 79 19 course
1189 973 28 24 he
1229 974 38 24 ad

684 1006 99 24 vocated.
820 1006 53 24 The
882 1006 80 24 author
971 1006 42 24 has
1022 1011 40 19 not
1073 1006 86 24 chosen
1169 1011 23 19 to
1204 1014 63 17 avow

684 1039 97 29 himself,
794 1039 43 24 but
846 1047 26 16 as
882 1039 85 24 several
977 1047 94 24 persons
1080 1040 58 23 have
1145 1040 124 31 expressed

684 1073 57 24 their
759 1073 90 24 dissent
867 1072 58 24 form
944 1076 42 20 out
1006 1073 90 31 opinion
1116 1073 26 23 of
1157 1073 39 24 the
1217 1073 54 28 best,

682 1106 73 32 policy
767 1111 23 19 to
801 1107 28 23 be
842 1106 106 32 pursued,
960 1113 34 16 we
1011 1105 67 25 think
1090 1106 19 24 it
1119 1106 52 24 well
1191 1110 22 21 to
1225 1114 42 16 en-

682 1140 96 24 deavour
790 1143 23 20 to
825 1140 108 23 maintain
946 1146 41 16 our
998 1140 119 30 possition.
1133 1162 2 6 ,

716 1173 24 24 It
750 1174 19 22 is
781 1173 87 31 argued
886 1173 47 22 that
951 1172 39 23 the
999 1167 74 28 losses
1084 1173 26 23 of
1125 1173 105 32 shippers
1243 1174 26 23 of

682 1206 65 24 stock
757 1210 63 20 must
831 1206 28 23 be
869 1214 13 15 a
892 1206 53 31 gain
955 1206 23 22 Co
989 1205 38 24 the
1037 1206 138 25 settlement.
1204 1206 63 25 That

682 1239 123 32 cheapness
821 1240 21 23 is
860 1247 26 16 so
904 1239 112 23 desirable
1034 1238 47 25 thai
1102 1240 18 22 it
1139 1239 83 24 should
1239 1240 27 24 be

682 1273 82 31 sought
781 1280 58 16 even
861 1277 23 19 at
902 1272 38 24 the
959 1272 52 23 ruin
1024 1272 25 23 of
1064 1272 65 24 those
1142 1273 49 23 who
1211 1274 55 24 send

682 1306 58 24 their
750 1310 108 28 property
870 1310 22 19 to
904 1313 34 16 us.
976 1305 63 24 That
1049 1305 53 31 they
1113 1305 58 25 have
1189 1313 29 17 no
1230 1307 35 24 in-

682 1344 68 19 terest
773 1340 24 23 in
821 1347 104 16 common
944 1339 54 23 with
1018 1347 35 15 us.
1098 1339 30 24 In
1147 1340 38 24 the
1205 1347 62 17 same

681 1372 78 25 breath
780 1373 24 24 in
813 1372 76 24 which
902 1380 42 16 one
962 1372 131 31 gentleman
1110 1373 90 24 uttered
1211 1373 54 29 this,

681 1405 29 24 he
722 1406 140 31 complained
874 1406 24 24 of
912 1406 70 30 being
992 1414 14 14 a
1018 1406 57 23 loser
1087 1414 61 25 upon
1160 1411 107 28 property

681 1438 28 24 he
721 1439 97 31 brought
830 1439 58 24 from
900 1439 117 31 England,
1030 1439 71 24 either
1117 1440 95 23 because
1225 1435 46 29 our*

681 1473 71 30 prices
770 1477 93 19 current
885 1479 58 17 were
961 1473 111 23 incorrect
1093 1481 63 15 some
1176 1472 98 35 twelve-^

682 1505 88 24 months
791 1507 71 27 since,
875 1513 23 16 or
917 1504 98 24 because
1026 1505 37 23 the
1081 1505 92 24 market
1192 1507 83 30 prices*

680 1538 46 25 had
741 1540 62 22 since
821 1538 50 24 that
888 1538 76 33 period
980 1538 109 24 declined.
1127 1538 36 25 To
1180 1547 28 16 us
1220 1539 56 29 thtsj

681 1572 121 32 complaint
822 1571 111 32 appeared
951 1572 78 23 rather
1043 1571 151 26 inconsistent
1212 1573 54 24 with

681 1606 37 24 the
729 1606 100 23 doctrine
842 1604 26 24 of
877 1605 124 31 cheapness
1013 1604 68 33 being
1091 1614 26 15 so
1128 1613 54 24 very
1192 1606 72 24 desir-

680 1639 56 29 able,
752 1638 97 25 without
866 1638 80 32 regard
968 1643 23 18 to
1010 1638 38 23 the
1069 1639 95 24 interest
1185 1639 24 24 of
1227 1639 49 24 the'

680 1672 97 31 shipper.

714 1705 55 24 This
791 1705 102 24 doctrine
910 1706 25 23 in
947 1705 80 24 favour
1039 1705 25 23 of
1080 1706 91 32 leaving
1186 1707 79 31 people

679 1740 24 23 in
721 1740 121 31 ignorance
863 1738 25 26 of
908 1738 39 24 the
967 1743 60 19 state
1049 1740 25 23 of
1094 1747 41 16 our
1156 1740 118 29 markets/

679 1772 136 31 necessarily
835 1771 87 32 applies
941 1772 145 31 universally,
1101 1780 25 16 or
1138 1777 83 20 cannot
1238 1773 28 24 be

679 1806 145 23 maintained.
862 1805 27 23 It-
907 1806 20 22 is
948 1806 61 29 good
1030 1806 23 22 in
1073 1806 97 24 relation
1194 1811 22 18 to
1234 1806 35 24 aIL

679 1839 89 24 articles
785 1839 121 31 imported,
919 1838 102 24 whether
1037 1839 58 24 from
1114 1839 109 32 England
1241 1847 25 17 or

679 1872 128 30 elsewhere,
821 1880 25 16 or
857 1872 19 23 it
886 1873 21 22 is
918 1872 52 23 bad.
1008 1872 68 24 Some
1089 1880 102 24 persons,
1203 1874 62 22 how-

679 1914 58 21 ever,
757 1905 68 24 think
843 1906 19 23 it
881 1905 19 23 is
918 1905 58 31 good
997 1914 25 14 so
1046 1905 33 24 far
1103 1913 25 16 as
1151 1908 116 30 receiving

679 1939 100 32 supplies
791 1939 60 24 from
863 1938 56 24 New
938 1938 75 24 South
1026 1938 85 30 Wales,
1124 1939 42 25 but
1176 1940 43 24 bad
1239 1948 26 17 so

679 1973 34 23 far
724 1980 23 16 as
759 1972 103 32 English
873 1972 145 32 importation
1030 1973 19 23 is
1062 1974 135 23 concerned.

714 2006 30 24 So
764 2006 37 23 far
823 2013 26 16 as
873 2013 31 16 we
928 2013 38 16 are
984 2006 133 29 concerned,
1138 2014 34 17 we
1192 2007 78 32 might

681 2039 82 31 merely
774 2044 62 19 meet
847 2038 41 24 the'
896 2039 104 31 question
1013 2039 29 30 by
1054 2039 110 31 showing-
1169 2040 114 28 thal,fas'-

677 2071 141 30 journalists,
836 2072 19 23 it
874 2072 20 23 is
912 2077 42 18 our
971 2071 56 30 duty
1039 2072 57 23 from
1109 2072 55 23 time
1176 2077 23 19 to
1210 2074 55 23 time
1274 2062 9 39 f

1328 1525 37 25 An
1377 1525 99 32 Inquest
1495 1533 45 15 was
1552 1525 52 23 held
1624 1534 29 14 on
1665 1526 114 30 Saturday
1791 1526 55 29 last,
1860 1531 22 19 at

1282 1552 51 30 \he
1343 1559 93 24 Aurora
1454 1559 98 28 Tavern,
1566 1558 49 25 Mr.
1630 1559 31 24 R.
1675 1559 81 29 Davis,
1770 1559 76 24 before
1859 1559 22 25 J.

1294 1591 141 32 Fitzgerald,
1456 1592 68 31 Esq.,
1538 1592 73 24 M.D.
1625 1592 110 29 Coroner,
1748 1593 44 23 and
1810 1601 15 15 a
1844 1601 36 16 re-

1293 1625 115 31 spectable
1425 1625 64 32 jury,
1509 1634 30 15 on
1560 1626 39 23 tho
1625 1626 59 30 body
1707 1627 24 23 of
1756 1626 126 25 Archibald

1295 1658 69 30 Ross,
1386 1667 15 15 a
1420 1660 78 28 sailor,
1519 1659 124 31 belonging
1664 1665 22 18 to
1707 1660 39 23 the
1770 1660 111 24 schooner

1298 1691 82 24 Ocean.

1328 1725 23 24 It
1363 1726 111 30 appeared
1486 1725 49 25 that
1547 1734 28 15 on
1589 1726 85 31 Friday
1685 1726 74 31 night,
1773 1726 108 24 deceased

1294 1759 23 23 in
1331 1766 110 24 company
1454 1759 52 24 with
1525 1759 96 24 another
1640 1759 77 29 sailor,
1730 1759 54 24 took
1804 1768 14 15 a
1829 1759 53 25 boat

1278 1796 3 19 I
1294 1792 36 23 off
1343 1792 36 23 the
1393 1792 70 24 beach
1476 1793 36 23 the
1532 1799 108 25 property
1652 1793 24 23 of
1693 1801 13 15 a
1725 1801 53 15 m<m
1797 1794 83 22 named

1296 1825 99 28 Hevrett,
1408 1826 45 23 and
1465 1826 75 31 pulled
1558 1826 35 24 off
1606 1832 24 17 to
1642 1826 37 23 the
1692 1826 81 23 vessel.
1810 1826 64 24 Ross
1875 1827 5 9 1

1294 1859 133 31 companion
1437 1860 47 23 had
1502 1865 40 26 got
1562 1867 29 16 on
1610 1860 78 28 board,
1702 1859 44 24 and
1765 1860 77 23 whilst
1854 1860 27 23 he

1293 1900 45 15 was
1350 1892 70 31 doing
1429 1900 34 21 so,
1476 1893 27 23 he
1516 1893 149 31 accidentally
1677 1893 88 31 pushed
1778 1894 38 23 the
1828 1893 53 24 boat

1295 1926 53 23 with
1358 1926 38 23 his
1415 1926 55 29 foot,
1483 1927 44 23 and
1547 1927 17 22 it
1586 1926 82 24 drifted
1688 1934 63 23 away
1763 1927 60 23 from
1844 1926 36 24 the

1293 1959 118 24 schooner.
1438 1958 126 32 Deceased,
1574 1959 55 24 who-
1637 1959 45 24 had
1693 1960 57 23 been
1764 1959 115 33 drinking,

1293 1992 108 31 instantly
1410 1992 95 32 jumped
1510 1994 54 28 .into
1577 1992 39 24 the
1625 1999 66 18 water
1700 1994 57 23 after
1769 1994 38 24 the
1819 1994 60 28 boat,

1286 2026 50 25 )tnd
1357 2025 128 31 shocking.
1490 2030 22 19 to
1531 2026 71 23 relate
1615 2034 67 15 never
1695 2034 50 15 rose
1757 2034 70 21 more,
1841 2027 40 22 but

1285 2063 54 19 'met
1349 2058 62 24 with:
1418 2066 14 16 a
1444 2063 83 25 watery
1539 2066 77 22 grave.

1327 2091 49 24 The
1385 2091 56 31 jury
1453 2091 57 23 after
1519 2099 15 15 a
1543 2091 89 30 patient
1640 2090 98 31 hearing
1749 2089 26 24 of
1783 2090 31 24 all
1825 2098 55 23 par-

1293 2124 101 28 ticulars,
1413 2124 107 23 returned
1541 2131 13 16 a
1573 2123 87 24 verdict
1679 2123 25 24 of
1745 2122 136 25 Accidental

1293 2157 65 24 death
1370 2157 30 30 by

1328 2190 92 25 Several
1439 2190 108 32 jurymen
1570 2189 123 32 expressed
1722 2190 59 23 their
1802 2194 79 27 strong

1293 2223 184 33 disapprobation
1493 2224 25 23 of
1534 2224 37 23 the
1583 2224 99 31 practice
1696 2223 24 24 of
1736 2223 81 23 sailors
1829 2222 51 24 tak-

1293 2258 40 31 ing
1343 2258 65 23 boats
1420 2258 35 23 off
1463 2257 36 24 the
1512 2258 70 23 beach
1595 2257 45 24 and
1652 2257 53 24 then
1714 2257 94 30 turning
1820 2256 62 24 them

1293 2291 74 28 adrift,
1382 2296 22 18 to
1423 2291 40 24 the
1483 2291 76 32 injury
1579 2291 26 23 of
1622 2290 36 24 the
1679 2298 98 21 owners,
1789 2289 45 25 and
1856 2290 22 23 in

1293 2324 44 24 this
1355 2326 104 23 instance
1477 2324 134 24 occasioned
1629 2323 38 24 the
1684 2323 68 24 death
1764 2324 26 23 of
1805 2331 43 16 one
1859 2323 23 24 of

1293 2358 38 24 the
1342 2358 85 32 parties
1439 2357 133 25 concerned,

1584 2392 11 7 .i

1377 2414 191 25 SCHOONER

1328 2473 35 32 By
1383 2473 39 24 the
1439 2470 70 32 Kate,
1528 2480 34 16 we
1580 2472 64 25 learn
1665 2472 39 25 the
1723 2472 48 23 loss
1792 2472 26 23 of
1844 2471 36 24 the

1295 2505 95 30 Gar.net,
1411 2506 75 24 which
1505 2506 75 24 vessel
1599 2514 47 16 was
1665 2505 105 25 wrecked
1790 2514 30 15 on
1844 2505 36 25 the

1294 2540 58 24 East
1364 2539 73 25 Coast
1457 2540 83 30 during
1559 2539 39 24 the
1619 2547 62 16 same
1702 2539 51 31 gale
1771 2540 24 23 in
1807 2538 73 25 which

1294 2574 38 23 the
1345 2573 118 24 Governor
1472 2572 95 25 Hobson
1585 2573 133 24 foundered.
1755 2573 71 23 From
1838 2572 41 24 her

1293 2607 83 30 having
1389 2606 57 24 been
1455 2606 83 24 known
1550 2610 23 19 to
1585 2606 29 24 be
1627 2611 23 19 at
1657 2614 40 16 sea
1709 2607 23 22 in
1742 2606 49 24 that
1801 2611 79 24 storm,

1293 2645 65 27 great
1366 2640 178 31 apprehensions
1556 2647 59 17 were
1627 2639 141 25 entertained
1780 2640 51 24 that
1843 2639 37 24 the

1295 2682 55 16 crew
1363 2673 45 24 and
1429 2681 134 24 passengers
1582 2673 45 24 had
1647 2673 30 24 all
1697 2673 107 32 perished
1815 2683 7 19 ;
1843 2673 37 24 but

1295 2716 32 15 we
1336 2716 38 15 are
1390 2707 81 32 happy
1479 2711 21 19 to
1519 2715 42 23 say
1571 2714 31 16 no
1623 2707 56 23 lives
1702 2714 57 16 were
1778 2707 53 28 lost,
1844 2707 36 24 the

1296 2741 71 24 vessel
1385 2740 86 32 having
1486 2741 59 23 been
1564 2740 80 24 driven
1665 2740 94 24 a-shore
1780 2740 44 24 and
1846 2740 34 24 the

1294 2782 53 17 men
1359 2774 78 24 saved.

681 2109 56 19 state
747 2112 156 19 occurrences,
915 2103 44 25 and
972 2104 128 24 endeavour
1110 2110 23 18 to
1147 2105 61 23 show
1224 2114 40 16 our
1274 2103 5 28 j

679 2145 113 25 progress,
814 2138 106 31 position,
938 2137 44 24 and
1002 2143 126 26 prospects.
1165 2138 50 24 But
1231 2147 34 16 we
1269 2157 4 8 v

680 2171 56 24 wish
752 2176 23 18 to
796 2171 69 24 make
877 2171 64 23 those
959 2171 52 24 who
1023 2170 64 26 differ
1107 2171 62 29 with,
1180 2180 28 16 us
1220 2172 50 25 feel-

681 2204 48 25 that
738 2204 59 24 their
808 2204 74 32 policy
890 2205 20 23 is
921 2204 86 30 selfish,
1018 2204 44 24 and
1072 2210 61 19 most
1143 2205 128 31 impolitic;'

714 2238 49 24 The
776 2237 84 32 charge
872 2238 24 23 of
903 2237 132 25 selfishness
1045 2243 99 27 respects
1157 2238 59 25 alike
1226 2239 39 24 the

681 2271 115 31 disregard
808 2272 25 23 of
851 2270 38 25 the
907 2273 108 22 interests
1034 2272 25 23 of
1074 2272 38 23 the
1124 2272 106 31 shippers
1243 2277 28 20 to?

681 2304 37 25 the
731 2305 94 33 Colony,
839 2304 44 24 and
894 2309 23 19 to
929 2304 66 24 those
1016 2305 49 23 who
1077 2305 53 24 hold
1144 2305 120 32 depastur-

680 2339 39 31 ing
730 2338 53 24 land
795 2338 47 23 nnd
861 2337 64 24 stock
944 2337 63 25 here.
1044 2338 23 24 It
1079 2339 20 23 is
1110 2347 14 15 a
1135 2338 46 25 fact
1192 2339 78 26 which-

681 2371 29 25 all
729 2376 77 20 recent
829 2371 59 24 sales
907 2372 118 28 maintain,
1038 2371 48 25 that
1103 2373 39 23 the
1161 2373 110 31 shippers,

681 2405 40 24 has
738 2409 39 20 not
801 2404 69 32 lately
888 2404 99 25 realized
1009 2404 37 25 the
1062 2405 81 24 lowest
1160 2406 62 31 price
1243 2411 27 21 at.

681 2438 70 24 which
773 2446 59 16 even
851 2438 38 24 the
910 2443 141 19 commonest
1069 2439 78 23 mixed
1169 2439 56 24 herd
1242 2440 27 24 of

680 2472 65 25 cattle
763 2472 44 23 has
825 2472 57 23 been
903 2470 50 25 sold
973 2472 24 23 in
1018 2472 57 23 New
1090 2472 76 25 South
1178 2473 89 30 Wales,,

680 2506 43 24 and
734 2505 82 24 should
835 2512 62 17 more
915 2505 68 24 cattle
1003 2507 80 28 arrive,
1095 2511 41 19 not
1155 2507 52 31 only
1220 2507 46 24 will

680 2539 38 24 the
738 2539 108 32 shippers
863 2538 47 25 lose
922 2545 68 25 every
1002 2538 101 33 farthing
1124 2540 26 23 of
1158 2540 59 24 their
1228 2540 42 28 in-ti

680 2577 131 24 vestments,
822 2572 43 24 but
874 2572 52 31 they
936 2571 45 25 will
993 2577 41 19 not
1044 2572 40 24 fail
1093 2578 23 19 to
1126 2573 30 24 be
1168 2573 98 32 brought

679 2606 87 31 heavily
773 2606 26 23 in
810 2605 55 24 debt
876 2610 22 19 to
908 2605 38 24 the
957 2605 66 32 ships
1034 2613 24 16 or
1070 2606 39 24 the
1121 2608 143 30 consignees.

681 2640 50 24 Our
741 2639 140 30 neighbours
893 2646 37 16 are
943 2638 80 25 driven
1041 2644 22 19 to
1075 2640 145 31 desperation
1237 2641 30 31 by

681 2673 38 24 the
729 2673 96 24 distress
837 2672 72 24 under
921 2672 72 24 which
1006 2673 52 31 they
1069 2674 89 29 labour,
1171 2674 44 24 and
1227 2683 40 16 are

681 2706 94 31 making
786 2706 127 31 shipments
924 2705 57 25 with
992 2706 38 24 the
1042 2707 70 24 belief
1121 2707 50 24 that
1178 2712 24 19 at
1208 2707 59 26 least

682 2740 52 32 they
743 2739 48 24 will
809 2744 40 19 not
862 2739 26 24 be
899 2740 102 30 brought
1020 2740 22 24 in
1056 2740 61 30 debt,
1128 2741 44 23 but
1182 2742 55 23 with
1253 2750 15 17 a

682 2773 112 24 confident
804 2773 59 31 hope
874 2773 49 23 that
935 2772 38 24 the
981 2773 72 24 result
1060 2773 47 24 will
1114 2775 81 24 enable
1204 2775 62 26 them

683 2812 22 19 to
726 2807 96 26 receive,
837 2813 62 18 some
921 2807 118 31 proceeds,
1063 2807 103 25 however
1189 2809 78 25 small.

683 2840 35 25 To
735 2844 61 20 most
815 2840 26 24 of
855 2839 62 25 them
938 2839 70 32 being
1020 2839 71 26 called
1103 2848 64 24 upon
1178 2841 37 24 for
1225 2850 44 17 one

682 2873 101 25 hundred
802 2872 89 32 pounds
903 2872 74 25 would
997 2874 28 23 be
1039 2881 63 17 more
1113 2875 103 32 severely
1227 2875 42 25 felt

684 2907 53 25 than
758 2915 13 16 a
795 2907 97 24 demand
909 2906 36 24 for
966 2906 126 25 thousands
1115 2909 75 24 would
1211 2909 58 25 have

683 2941 55 25 been
747 2949 14 15 a
769 2940 44 25 few
825 2948 66 23 years
900 2940 71 24 since.
1007 2942 34 23 At
1047 2949 45 24 any
1102 2942 55 24 time
1167 2942 19 24 it
1194 2943 75 25 would

682 2975 56 24 have
755 2974 60 24 been
833 2974 112 29 immoral,
957 2981 61 18 even
1037 2975 30 31 by
1079 2975 93 30 silence,
1185 2980 24 19 to
1225 2984 53 17 en-<

684 3015 96 24 courage
791 3007 64 24 them
872 3011 23 20 to
914 3008 52 31 ship
977 3017 9 20 ;
997 3008 49 24 .but
1055 3013 34 21 at.
1093 3008 46 24 this
1156 3010 80 31 period
1243 3011 27 23 <k

683 3042 20 23 is
722 3041 82 24 indeed
822 3040 70 30 cruel,
905 3049 25 16 as
950 3041 19 24 it
980 3049 52 23 may
1051 3041 28 25 be
1090 3043 107 24 attended
1216 3043 54 25 with

684 3076 57 28 ruin,
762 3074 76 24 which
861 3075 119 24 otherwise
1007 3074 74 31 might
1109 3075 29 25 be
1166 3076 102 26 avoided.

684 3108 26 25 It
727 3109 19 23 is
766 3116 15 16 a
799 3108 118 24 notorious
927 3108 55 30 fact,
999 3109 51 24 that
1058 3116 43 18 oar
1111 3109 67 24 lands
1189 3118 38 17 are
1244 3119 27 16 so

685 3141 156 30 overstocked,
858 3141 48 24 that
917 3142 19 23 it
957 3142 106 25 becomes
1075 3150 52 16 now
1138 3143 139 33 impossible'

686 3180 22 19 to
717 3175 71 25 fatten
800 3175 76 29 cattle,
889 3175 45 24 and
945 3176 61 24 sales
1018 3180 22 20 to
1057 3176 39 24 the
1116 3176 97 26 butcher
1232 3171 38 34 atje

686 3208 109 24 therefore
807 3208 80 31 nearly
897 3208 132 32 precluded.
1064 3210 78 24 Those
1156 3210 48 24 who
1216 3210 54 25 hold

684 3241 53 25 land
747 3242 67 29 have,
821 3241 60 24 from
893 3241 45 24 tbis
948 3242 173 30 circumstance,
1133 3243 60 24 been
1202 3251 66 18 com-

686 3274 73 32 pelled
770 3279 24 19 to
806 3282 66 17 cease
882 3274 148 32 purchasing,
1049 3280 40 27 yet
1109 3276 67 24 stock
1197 3285 39 16 are
1246 3281 24 21 to

686 3309 28 24 be
724 3308 81 24 landed
817 3312 24 20 to
850 3307 53 25 feed
908 3307 128 26 where?
1036 3309 34 24 As
1080 3316 93 24 present
1180 3310 90 28 holders

687 3342 25 24 of
725 3341 54 25 land
801 3346 83 19 cannot
900 3341 55 31 buy,
976 3341 53 32 why
1046 3342 26 24 of
1093 3349 82 18 course
1196 3348 23 19 to
1242 3344 28 26 be

687 3375 81 24 turned
791 3374 69 25 adrift
884 3379 24 20 to
936 3374 61 25 their
1025 3376 88 23 serious
1139 3376 129 26 detriment.

686 3408 56 25 This
754 3412 123 22 statement
888 3412 84 20 cannot
979 3408 29 24 be
1021 3408 148 32 challenged,,
1176 3410 44 26 and
1232 3411 38 25 the

686 3442 82 32 charge
787 3442 26 24 of
833 3441 133 25 selfishness
985 3442 54 24 does
1056 3442 32 32 by
1106 3450 163 25 consequence,

685 3476 71 24 under
767 3483 14 16 a
794 3474 134 33 knowledge
939 3474 27 25 of
980 3475 38 25 the
1029 3476 67 28 facts,
1112 3477 77 24 attach
1208 3478 65 25 itself

685 3513 23 20 to
720 3509 37 24 the
768 3512 88 20 utmost
867 3513 79 20 extent
956 3513 24 20 to
992 3509 39 24 the
1050 3509 121 26 advocates
1176 3518 4 8 ;
1188 3510 81 26 of-en-

686 3542 123 31 couraging
819 3542 146 31 importation
977 3542 74 24 which
1062 3543 19 23 it
1089 3542 21 24 is
1116 3542 84 26 known
1209 3549 62 20 must

685 3575 29 25 be
725 3575 55 25 fatal
792 3581 23 19 to
826 3575 38 25 the
874 3575 101 31 shipper.
1221 3588 6 12 .-
1251 3588 6 6 >

718 3608 59 25 Now
787 3608 36 25 for
832 3608 39 25 the
881 3609 76 32 policy
968 3610 26 23 of
1008 3608 45 25 this
1065 3609 111 26 doctrine.
1213 3611 26 24 It
1249 3612 21 25 is

686 3647 47 20 true
745 3641 50 25 that
806 3643 127 31 remaining
943 3643 26 23 in
978 3643 122 32 ignorance
1109 3643 27 24 of
1142 3643 38 26 the
1192 3648 78 22 extent

686 3676 24 23 of
724 3675 37 25 the
773 3675 99 25 demand
886 3676 55 24 here
956 3675 38 25 for
1010 3676 67 25 stock
1091 3684 25 16 or
1134 3677 71 31 goods
1216 3686 54 24 may

685 3708 48 25 lead
753 3708 106 32 shippers
881 3714 26 19 to
924 3710 97 31 consign
1039 3715 21 18 to
1079 3718 31 16 an
1124 3714 80 21 extent
1220 3711 50 26 that

684 3742 46 24 will
740 3742 29 23 be
780 3740 107 25 attended
898 3741 54 25 with
964 3750 43 16 our
1015 3742 69 33 being
1095 3744 106 31 supplied
1211 3744 59 33 forja

685 3779 99 21 moment
795 3779 24 19 at
829 3775 114 32 pricesby
959 3775 75 25 which
1053 3777 39 24 the
1110 3777 94 32 shipper
1222 3779 46 24 will

684 3808 28 25 be
722 3812 42 21 oat
780 3807 27 25 of
820 3807 91 33 pocket.
958 3808 50 25 But
1023 3809 21 24 is
1060 3810 19 23 it
1090 3810 146 31 reasonable^
1242 3819 28 26 jr

683 3841 80 26 honest
775 3845 23 21 to
811 3846 80 27 expect
898 3846 23 20 to
929 3842 108 24 continue
1046 3846 23 20 to
1079 3843 81 24 obtain'
1167 3844 103 33 aa,npJips

684 3875 26 25 of
728 3882 45 25 any
793 3874 58 25 kind
869 3883 29 17 on
917 3874 59 25 such
994 3879 71 21 terms
1072 3876 10 24 ?
1129 3876 51 26 The
1182 3888 8 16 :
1203 3873 71 37 ejtijtpr

683 3908 73 26 would
762 3908 29 24 be
798 3907 51 25 that
856 3916 40 17 our
903 3908 103 25 markets
1013 3909 75 25 would
1096 3909 29 25 be
1134 3907 136 33 discredited

682 3942 45 28 and
737 3942 168 32 consequently
915 3941 97 26 avoided
1013 3959 10 13 r
1028 3942 38 26 the
1074 3942 73 26 result
1158 3944 28 26 of.
1194 3944 80 28 which,

683 3982 52 18 over
748 3982 30 17 an
790 3982 96 24 average
901 3976 27 24 of
937 3982 67 25 years
1024 3967 204 39 Wouldvl^thV'
1232 3984 39 26 J$

2065 145 79 24 NEW
2178 146 174 24 ZEALAND.

577 61 97 48 CQc
693 54 137 50 Urn
858 60 209 41 Zralanft
1092 56 192 54 i&a}tiU
1307 59 95 38 mh
1424 57 303 47 WUUinqton

135 150 169 23 SHIPPING
322 149 272 24 INTELLIGENCE.

294 202 140 20 ARRIVED.

687 330 89 49 New
805 330 207 49 Zealand
1042 330 206 49 Gazette

727 403 63 23 AND
804 402 218 25 WELLINGTON
1039 401 190 23 SPECTATOR.

779 458 133 23 Saturday,
928 456 130 22 November
1071 458 20 23 4,
1107 457 62 21 1843.

1947 201 54 25 The
2020 200 137 33 Bangalore,
2168 203 55 23 with
2243 204 99 31 Captain
2364 203 92 35 Eitzroy
2467 215 27 18 on

1912 235 80 29 board,
2013 234 35 24 for
2068 234 59 25 New
2149 235 102 26 Zealand
2271 244 40 15 via
2333 236 38 24 the
2390 237 61 33 Cape
2471 241 23 24 of

1914 267 70 25 Good
2004 267 67 32 Hope
2088 267 46 24 and
2156 268 100 32 Sydney,
2277 269 43 24 left
2339 269 97 25 London
2456 272 36 25 the

1913 308 64 16 same
1996 300 44 31 day
2051 308 25 16 as
2095 301 39 23 the
2152 300 136 32 Hydrabad,
2300 302 39 24 the
2347 296 9 12 J
2354 303 58 23 29th
2424 304 64 27 June.

1915 333 42 24 We
1969 334 57 23 have
2038 334 57 23 been
2105 334 113 23 informed
2238 334 49 23 that
2302 342 61 16 news
2374 336 45 24 had
2438 338 54 26 been

1913 367 104 23 received
2027 367 23 23 in
2062 367 94 31 Sydney
2163 367 26 23 of
2197 366 41 25 her
2250 367 82 24 arrival
2342 372 24 19 at
2378 367 36 25 the
2423 369 67 33 Cape.

1913 398 64 25 That
1989 399 96 30 Captain
2104 399 95 32 Fitzroy
2217 407 45 16 was
2281 399 68 25 about
2364 409 23 15 to
2401 405 96 28 proceed,

1904 444 2 17 i
1912 431 152 30 immediately
2076 437 23 19 to
2109 432 101 31 Sydney,
2220 433 74 23 where
2305 433 36 24 his
2351 433 62 32 delay
2423 437 69 26 would

1912 465 29 23 be
1953 465 96 31 trifling,
2059 465 44 24 and
2123 465 50 24 that
2193 466 28 23 he
2232 466 75 23 would
2318 468 94 30 proceed
2422 468 69 25 forth-

1913 498 55 24 with
1988 503 22 19 to
2028 499 132 24 Auckland.
2198 498 47 25 His
2262 499 85 24 arrival
2359 501 25 22 in
2403 501 89 33 Sydney

1913 538 48 16 was
1972 531 81 31 hourly
2064 532 118 30 expected.

1905 561 4 27 i
1947 564 52 24 The
2011 565 54 23 New
2083 564 103 25 Zealand
2206 565 119 32 Company
2335 565 45 25 had
2394 565 98 29 declared

1912 605 16 16 a
1938 597 106 24 dividend
2055 598 23 23 of
2090 596 31 34 2|
2133 606 41 24 per
2185 603 60 20 ceut.
2261 598 36 24 for
2309 598 38 24 the
2358 598 50 25 half
2415 608 61 23 year.

1947 630 52 24 The
2010 628 125 27 Mandarin
2146 631 42 24 left
2198 632 82 24 Cowea
2288 631 36 25 for
2333 632 58 24 Port
2400 633 90 26 Nichol.

1912 671 43 16 son
1968 672 31 15 on
2010 663 38 24 the
2058 664 64 23 22nd
2134 665 69 22 June.

1947 696 52 24 The
2018 696 127 32 Hi/drabad
2163 698 46 24 had
2227 700 49 22 300
2288 703 77 26 troops
2377 706 29 16 on
2416 699 74 32 boaid,

1912 729 112 30 destined,
2038 738 29 15 we
2086 730 94 30 believe,
2199 731 35 24 for
2253 731 92 24 Hobart
2358 731 78 25 Town.
2470 734 21 26 A

1911 763 76 23 friend
1998 764 24 22 in
2030 764 91 31 Sydney
2128 764 84 29 writes,
2250 764 12 24 I
2274 764 58 24 have
2342 764 149 29 endeavoured

1913 800 24 19 to
1948 797 86 30 prevail
2046 805 28 16 on
2086 797 39 23 the
2144 797 120 24 Governor
2282 802 23 19 to
2325 798 55 23 send
2394 799 62 24 them
2472 805 19 20 to

1912 829 79 24 Cooks
2014 830 81 24 Straits
2114 835 23 19 to
2156 831 131 32 apprehend
2305 831 39 23 the
2359 832 131 31 murderers,

1911 862 43 24 but
1972 870 39 24 my
2020 863 76 24 efforts
2108 868 22 19 to
2149 864 97 31 impress
2266 863 37 24 his
2316 864 62 24 mind
2389 865 54 24 with
2459 866 32 25 the

1912 897 115 30 necessity
2039 897 23 23 of
2073 896 55 24 such
2140 905 14 15 a
2163 905 103 16 measure
2276 897 57 24 have
2341 898 150 25 beenneutra-

1911 928 69 30 lized,
1993 929 29 31 by
2034 930 37 23 the
2081 937 56 23 very
2149 929 104 24 different
2265 931 57 22 view
2331 931 25 23 of
2365 931 39 24 the
2415 937 76 20 matter

1912 962 73 24 taken
1994 963 31 29 by
2036 962 37 24 the
2086 962 58 25 New
2155 963 100 23 Zealand

1297 146 81 24 should
1389 153 45 24 pay
1445 146 131 28 morefjhan
1594 153 16 17 a
1626 146 135 24 reasonable
1775 146 70 32 profit
1856 154 29 16 on

1297 179 135 32 shipments.
1463 179 49 26 ,We
1524 178 84 25 should
1618 179 47 24 find
1686 179 85 23 that-iu
1782 179 103 24 addition

1296 219 35 16 we
1342 211 83 30 should
1436 211 58 25 have
1505 216 23 19 to
1536 219 45 25 pay
1587 219 16 16 a
1613 212 88 32 species
1714 212 25 23 of
1748 211 136 30 Insurance,

1288 249 33 19 .to
1336 249 60 19 meet
1416 245 39 23 the
1476 244 48 24 risk
1545 244 106 24 incurred
1670 244 31 31 by
1721 244 91 31 dealing
1831 244 53 24 with

1293 278 89 27 parties
1392 277 78 24 whose
1481 285 54 23 very
1542 278 85 23 silence
1640 277 130 31 respecting
1778 277 40 24 the
1826 282 59 19 state

1333 310 57 24 their
1401 310 102 24 markets
1514 310 74 24 would
1599 310 30 24 he
1640 310 111 31 regarded
1759 317 26 16 as
1796 318 14 16 a
1821 310 63 31 posi-

1297 344 46 23 tive
1354 343 127 31 deception.
1516 343 25 24 It
1551 343 83 24 should
1653 344 28 22 be
1700 343 57 31 kept
1777 343 24 23 in
1821 343 63 23 mind

1298 376 49 24 that
1357 384 68 23 every
1438 377 93 31 shipper
1541 376 51 24 who
1604 377 21 22 is
1645 384 15 16 a
1671 376 95 24 sufferer
1778 376 106 23 becomes

1287 409 123 24 'animated
1430 409 56 24 with
1503 418 14 14 a
1535 409 85 24 dislike
1641 413 24 20 to
1685 409 39 23 the
1745 408 90 24 market
1855 409 29 31 by

1298 442 72 24 which
1381 442 29 23 he
1428 442 43 24 has
1490 442 105 24 suffered.
1631 441 55 25 And
1706 446 41 19 not
1765 442 54 30 only
1831 442 54 23 does

1296 475 30 24 he
1338 483 64 16 cease
1413 479 23 20 to
1448 475 59 31 ship,
1519 475 42 23 but
1580 475 101 31 delights
1701 475 23 23 in
1737 474 148 32 disparaging

1297 508 39 24 the
1347 508 71 32 place.
1456 508 66 24 Hear
1542 508 37 23 the
1599 508 105 31 opinions
1717 508 26 23 of
1758 507 65 24 those
1835 507 49 24 who

1296 541 58 24 have
1364 546 42 18 not
1423 541 46 24 lost
1486 541 30 31 by
1527 549 28 16 us
1574 541 45 24 and
1632 541 26 23 of
1672 541 65 23 those
1755 540 48 24 who
1815 540 68 29 have,

1296 574 46 24 and
1353 574 36 23 the
1403 575 133 31 impression
1547 579 63 19 must
1617 575 28 23 be
1653 574 49 23 that
1714 582 14 15 a
1737 581 71 16 worse
1818 573 65 24 mode

1296 607 27 24 of
1338 607 138 31 advertising
1495 616 13 14 a
1528 615 78 23 young
1617 607 140 24 settlement-
1768 606 55 24 than
1836 606 48 24 that

1296 640 27 24 of
1338 640 93 32 making
1442 641 89 24 victims
1550 644 22 20 to
1592 641 18 23 it
1631 644 83 20 cannot
1734 639 51 25 well
1802 640 29 23 be
1844 640 40 23 de-

1296 673 71 25 vised.
1404 673 52 25 Our
1467 681 53 24 very
1531 681 108 24 progress
1659 673 109 24 demands
1789 672 51 25 that
1851 680 33 16 we

1296 706 82 25 should
1389 712 40 19 not
1441 707 89 31 disgust
1550 707 72 33 those,
1634 706 49 25 who
1695 706 59 24 have
1765 706 85 32 sought
1862 710 22 19 to

1295 739 58 25 have
1364 741 152 23 transactions
1530 740 55 24 with
1597 748 37 16 us.
1670 739 59 25 Live
1741 739 45 24 and
1796 739 33 24 let
1840 738 44 24 live

1296 772 21 24 is
1329 780 28 17 an
1369 772 37 24 old
1418 774 45 23 and
1475 773 79 31 kindly
1566 767 91 37 saying,*
1668 773 46 24 and
1730 780 54 24 may
1794 772 29 24 be
1843 771 41 24 ad-

1295 805 94 24 vocated
1401 807 55 23 with
1468 814 15 16 a
1500 807 111 30 certainty
1624 807 48 23 that
1690 807 20 22 it
1728 805 47 24 will
1795 809 42 20 not
1857 805 27 24 be

1296 839 160 31 unprofitable.
1493 839 72 24 Much
1582 847 64 17 more
1664 839 74 31 might
1754 839 28 24 be
1793 838 51 24 said
1856 846 27 16 on

1296 871 39 25 the
1346 872 96 31 subject,
1454 873 41 23 but
1516 880 36 16 we
1571 872 69 24 think
1658 872 92 31 enough
1769 872 47 24 has'
1823 872 60 23 been

1295 905 73 24 stated
1380 910 23 19 to
1416 906 109 23 maintain
1536 913 42 16 our
1588 906 100 30 position
1706 906 50 23 that
1767 905 116 24 sanction-

1295 938 42 31 ing
1347 938 57 24 such
1413 938 118 31 deception
1551 938 31 31 by
1594 938 72 24 wilful
1677 938 84 24 silence
1780 939 19 23 is
1811 946 15 16 a
1836 938 48 24 like

1296 971 78 24 selfish
1385 972 45 23 and
1442 971 118 33 impolitic,
1572 971 46 24 and
1638 979 33 16 we
1689 971 112 25 therefore
1820 971 64 24 leave

1296 1004 39 24 the
1345 1004 89 31 subject
1445 1006 35 23 for
1491 1004 37 24 the
1541 1009 100 26 present.

2110 1026 191 24 SYDNEY.

1545 1061 93 24 FIRE.

102 230 93 22 October
211 231 34 25 31,
262 233 69 18 cutter
346 230 75 25 Leven,
439 230 35 24 24,
484 229 102 27 Hensley,
602 228 56 22 from

74 256 83 28 Cloudy
167 257 51 27 Bay.

100 285 118 21 November
228 285 21 24 1,
259 284 120 26 brigantine
392 284 119 26 Vanguard,
522 284 33 24 61,
565 282 92 26 Pelford,

72 311 55 22 from
138 311 81 27 Cloudy
229 311 53 27 Bay.

101 339 61 21 Same
172 339 46 26 day,
230 339 118 26 brlgantine
357 339 66 24 Ariel,
435 338 49 24 104,
496 338 93 24 Skelton,
601 338 58 20 from

72 366 36 21 the
124 369 67 17 coast.

102 393 119 21 November
237 394 23 24 2,
276 393 79 26 barque
376 393 84 26 Tyrian,
480 392 49 24 225,
547 391 110 26 Clarkaon,

68 420 59 21 from
138 420 92 27 Sydney.

311 462 117 21 SAILED.

98 490 120 21 November
227 491 21 24 3,
259 490 118 25 brigantine
389 489 122 26 Vanguard,
522 489 35 25 61,
566 488 92 26 Pelford,

72 523 25 15 or
113 518 38 20 the
162 520 65 18 coast.

295 561 33 20 IN
345 561 85 21 PORT.

96 590 87 26 Barque
200 588 131 26 Indemnity,
349 589 41 20 312
414 592 58 20 tons,
494 587 27 21 R.
541 587 116 27 Stdgwiclt.

71 617 93 26 Agents,
174 616 112 26 Ridgways
295 616 43 21 and
348 616 40 20 Co.
415 615 52 21 Laid
477 621 29 15 on
515 614 34 22 for
561 614 97 22 London.

96 644 113 22 Schooner
228 645 61 25 Ann,
312 644 29 20 22
361 646 59 18 tons.
449 642 54 21 Laid
527 649 38 20 up.

96 672 111 20 Schooner
232 672 64 25 Erin,
322 672 27 19 25
375 674 58 17 tons.
461 670 54 21 Laid
525 677 37 20 up.

96 699 110 21 Schooner
211 699 73 20 Maori
291 699 73 25 Davit,
373 699 25 20 15
406 701 59 18 tons.
495 698 121 27 Repairing.

96 726 85 27 Barque
199 725 107 26 Glenarm,
322 727 44 21 297
381 728 56 22 tons,
455 725 57 27 Guy.
549 725 109 25 Bouloott,

68 753 78 27 Agent.
176 753 52 21 Laid
237 759 28 14 on
273 753 34 21 for
317 753 97 21 London.

96 781 110 21 Schooner
213 780 111 27 Industry,
333 781 27 20 24
371 783 57 22 tons,
438 779 84 28 Wylde.
550 779 23 21 J.
583 779 75 25 Wade,

66 808 79 26 Agent.
175 808 120 26 Repairing.

94 836 84 26 Barque
193 836 128 23 Brougham,
342 836 50 20 227.
410 834 131 21 Robertson.
567 834 91 27 Agents,

69 862 102 22 Boulcott
180 863 42 19 and
232 861 40 21 Co.
301 862 42 20 For
352 862 130 27 Valparaiso.

95 890 109 20 Schooner
223 890 99 23 Oratava,
342 891 25 19 91
385 892 57 21 tons,
463 889 88 21 Adams.
578 889 79 26 Agent,

68 916 75 27 Eagar.
174 916 39 21 For
223 915 81 22 Nelson
314 917 41 20 and
371 917 90 26 Sydney.

96 945 84 26 Barque
195 944 85 24 Bolina,
298 945 40 19 245
354 946 56 23 tons,
429 943 81 21 Potter.
538 944 76 25 Agent,
634 944 23 21 J.

68 971 33 21 M.
112 971 86 26 Taylor.
227 971 40 20 For
275 971 94 21 Twofold
381 972 47 26 Bay
437 971 41 21 and
489 971 51 20 Port
550 971 85 26 Phillip.

96 999 108 20 Schooner
221 999 75 26 Ocean,
314 999 27 20 30
359 1002 56 22 tons,
435 999 117 26 Ferguson.
589 998 69 21 Waitt

68 1027 42 20 and
120 1026 74 27 Tyser,
204 1026 88 25 Agents.

94 1054 52 26 Brig
156 1054 109 25 Victoria,
277 1055 40 20 220
334 1056 58 23 tons,
410 1054 98 21 Sinclair.
537 1053 68 22 Waitt
614 1053 43 21 and

66 1081 74 26 Tyser,
150 1082 89 25 Agents.
269 1082 95 26 Loading
373 1082 34 20 for
420 1082 96 19 London.

95 1110 109 20 Schooner
218 1109 64 27 Kate,
300 1110 27 20 62
343 1112 56 22 tons,
420 1108 130 21 M'Farlane.
578 1108 76 26 Eagar,

68 1137 77 25 Agent.

95 1164 109 20 Schooner
218 1164 110 21 Sutannak
338 1165 56 23 Ann,
411 1164 26 21 79
446 1166 57 21 tons,
521 1163 133 27 Dougherty.

68 1191 84 22 Samuel
161 1192 41 19 and
210 1191 90 27 Joseph,
312 1192 87 24 Agents.

96 1219 108 20 Schooner
219 1220 94 24 Aurora,
322 1220 28 19 50
368 1221 56 22 tons,
435 1218 77 21 Smith.
540 1218 27 21 R.
578 1218 76 26 Eagar,

66 1246 78 26 Agent.

96 1273 77 22 Cutter
188 1274 75 27 Levtn,
275 1275 25 20 24
317 1276 56 22 tons,
385 1273 102 27 Hensley.
515 1272 83 22 Samuel
612 1273 42 20 and

67 1300 79 27 Joseph
157 1301 86 25 Agents.

94 1329 124 26 Brigantine
234 1329 67 26 Ariel,
321 1329 39 20 104
376 1331 58 21 tons,
443 1328 97 21 Skelton.
578 1327 75 27 Lloyd,

66 1357 77 26 Agent.

94 1384 83 27 Barque
190 1385 85 25 Tyrian,
287 1385 40 19 225
339 1387 55 20 tons,
406 1383 111 21 Clarkson.

152 2900 108 22 METEO

92 2933 44 21 For
146 2933 37 20 th
190 2931 57 23 tfeti
256 2938 8 16 t

263 2900 83 22 ROLO

357 2900 87 22 3ICAL

357 2933 7 8 I
362 2931 82 22 kurtda\

461 2900 87 22 tabl:

548 2912 23 10 v.

263 2932 69 26 mding
344 2933 6 7 '

451 2939 11 17 ',
474 2932 46 22 Oct.
532 2933 16 21 2i

548 2932 19 25 n,
579 2933 62 21 1843.

169 2997 52 17 Time
226 2996 28 17 of-

164 3018 89 17 Observa-

183 3039 46 17 tion.

282 3007 56 17 Baro-

276 3029 65 17 meter.

359 3007 85 17 Thermo-

369 3030 65 16 meter.

82 3017 50 19 IMS.

571 3018 64 19 Wind.

64 3092 90 27 Friday...!

127 3131 7 10 '

187 3099 10 16 9

186 3120 53 20 Ip.m.

187 3161 10 16 9

187 3181 47 21 lp.m

188 3223 9 16 9

187 3244 55 21 Ip.m.

188 3285 10 16 9

189 3306 53 21 Ip.m.

189 3347 9 17 9

188 3368 54 20 Ip.m.

189 3410 10 17 9

189 3431 54 21 lpm.

188 3473 12 16 9

189 3494 53 20 Ip.m.

280 3098 59 16 28.800

280 3119 60 16 28960

279 3140 60 16 29.000

280 3161 60 16 29.840

280 3181 60 16 29.250

281 3202 60 17 29.270

383 3099 27 16 56.

383 3120 27 16 59.

384 3141 27 16 52.

383 3162 27 16 5.

385 3183 37 16 53.5

383 3203 27 17 60.

482 3122 38 16 0.12

482 3184 39 17 0.20

554 3099 102 22 N.W.byW.

554 3120 73 19 .V.N.W.

554 3140 102 24 tf.W.byW.

555 3162 47 18 East.

554 3183 15 17 3.
577 3184 23 20 by
609 3184 22 18 B.

553 3204 62 18 South.

553 3225 44 18 N.B.

552 3246 63 19 South.

552 3267 63 18 South.

552 3287 64 20 North.
651 3288 2 3 '

551 3308 65 20 Nortb.

553 3330 63 18 North.

553 3350 63 19 North.

552 3371 50 18 East.

553 3393 44 18 iV.E.

553 3414 86 21 N.byW.

551 3434 85 22 S.byW.

552 3456 106 23 S.W.JbyW.

552 3477 59 18 S.S.B.

552 3498 64 17 South.

553 3519 63 20 South,

64 3221 86 21 onday^

472 3246 59 18 None.

65 3282 85 23 Mo&day.

65 3344 85 23 Tiutday

64 3397 86 29 wd!,^..

281 3285 60 17 29.G20

282 3306 59 18 29.650

281 3327 61 17 29.650

282 3348 60 16 29.730

282 3368 60 17 29.735

282 3389 60 17 29.720

282 3410 60 18 29.605

282 3430 60 18 29.595

283 3451 59 17 29.595

282 3472 61 17 29.885

282 3493 61 18 29.900

282 3515 61 16 29.870

384 3288 27 17 55.

383 3309 38 17 60.5

384 3330 37 16 59.5

384 3351 27 16 56.

384 3371 28 17 63.

384 3392 27 17 61.

385 3413 27 16 69.

385 3434 27 15 63.

385 3455 20 16 63
412 3455 10 15 5

385 3474 27 17 57.

385 3495 27 17 61.

363 3519 2 7 '
385 3516 38 16 62.5

470 3309 59 18 None.

472 3372 59 18 None.

482 3434 38 18 0.17

66 3469 83 34 T^v...

482 3498 38 16 0.03

137 3507 17 27 J

66 3554 90 45 fr?day...j

68 3625 29 3 _.

66 3625 50 21 Ssi..
118 3638 11 8 M
132 3621 19 24 .i.

64 3689 87 22 wrday..

65 3750 86 23 Monday.

191 3568 9 4 .
211 3562 21 5 -

190 3568 10 15 9

190 3589 53 20 lp.m.

190 3610 12 16 4

191 3631 11 16 9

190 3652 53 20 lp.m.

190 3692 21 18 r

191 3715 55 23 ?

190 3757 11 16 9

191 3777 54 21 Ip.m.

191 3820 11 16 9

164 3895 10 14 v
178 3896 5 5 '
191 3903 54 20 Ip.m.

165 3927 4 4 '
190 3944 11 15 9
218 3935 4 11 '

191 3966 54 19 If.m.

402 3547 126 19 REMARKS.
552 3558 9 10 v

273 3568 92 17 Moderate
373 3568 63 17 breeze
444 3569 36 16 and
488 3569 43 18 fin*.

313 3589 34 17 Do.
392 3589 33 17 Do.
469 3590 34 17 Do.

313 3609 35 18 Do.
392 3610 33 17 Do.
468 3610 35 18 Do.

272 3631 54 22 Light
334 3630 27 18 air
367 3631 37 17 and
411 3630 47 18 rain.

272 3652 93 18 Moderate
371 3653 64 16 breeze
441 3652 38 18 and
489 3652 42 18 fine.

310 3672 38 22 .Do.
390 3673 33 17 Do.
468 3673 35 17 Do.

313 3694 35 17 Do.
379 3699 4 3 -
391 3694 34 17 Do.
468 3693 35 18 Do.

313 3715 35 17 Do.
391 3714 41 18 Do.-
469 3714 32 18 Do.

313 3735 37 19 Do.
392 3735 33 19 Do.
470 3736 35 18 Do.

272 3754 57 22 Freeh
335 3757 64 17 bnesa
405 3757 37 17 and
449 3761 46 17 vary
501 3757 42 18 fln.

312 3777 35 19 Do.
392 3778 33 17 Do,
451 3790 3 3 .
470 3778 33 16 Do.

272 3798 92 18 Moderate
391 3798 33 18 Do.
468 3798 34 18 Do.

272 3819 54 20 Light
335 3820 63 17 breeze
404 3819 37 18 and
447 3819 72 22 cloudy.

272 3839 51 19 Calm
329 3841 36 17 and
374 3841 44 17 fine.

271 3861 55 22 Light
331 3860 64 19 b'reese
402 3860 37 19 and
445 3861 42 20 fine,
496 3861 33 20 but
536 3863 89 17 oTercuk

271 3881 55 22 Light
331 3882 64 18 breeze
402 3881 37 19 and
445 3886 44 17 yery
495 3881 43 19 fine.

272 3902 54 22 Light
332 3903 28 17 air
367 3903 88 18 antfflne.
603 3915 4 4 .

312 3923 29 18 Do
342 3935 13 12 v
389 3924 32 18 Do.
450 3924 50 18 v-Do.
564 3936 3 4 .

271 3943 66 24 Strong
342 3945 63 17 breeie
412 3945 37 18 and
452 3945 46 20 .fine,
606 3943 5 2 '
617 3960 4 3 .
633 3959 4 3 .
653 3947 3 3 '

271 3964 268 20 PrtihbrNtaeandranrflM.

298 3993 5 4 -
312 3985 34 17 Da.
379 4002 4 2 .
390 3985 33 18 Do.
467 3982 34 22 Ifc
527 3994 6 2 -

67 3813 84 23 TuMday

856 148 40 21 To
911 147 184 26 Bricklayers.
1195 153 12 4 -
1259 153 20 4 -

685 180 183 52 WANTED,
884 181 113 24 estimates
1006 180 36 23 for
1051 179 103 27 burldiug
1168 175 101 26 a^BncJc
1272 179 5 11 1

755 219 7 4 -
780 206 80 23 House
863 209 35 19 'on
907 206 141 27 Wellington
1056 206 136 25 Terrace."?'.
1201 210 47 16 --.<:.

701 238 29 28 #
848 253 19 10 ..
942 237 77 28 Apply
1029 240 22 19 to
1062 237 45 22 Mr.
1118 236 122 26 BetHuirt.
1261 240 9 17 ;

714 271 143 28 Wellington,
867 271 40 23 3th
915 271 137 26 November,
1063 271 61 22 1843.
1138 283 5 4 -
