2569 4050
1947 2699 64 24 Nice
2029 2699 181 26 Distinction.
2212 2713 34 4 —
2246 2700 52 24 The
2316 2700 83 25 Editor
2420 2701 25 25 of
2460 2701 41 25 the

1913 2731 124 25 Louisville
2060 2732 106 31 Journal,
2191 2733 111 32 speaking
2326 2735 26 24 of
2371 2742 14 16 a
2407 2733 93 26 brother

1913 2766 79 28 editor,
2002 2765 81 24 makes
2091 2767 40 24 the
2140 2767 118 31 following
2264 2768 50 23 nice
2322 2767 131 24 distinction
2458 2776 7 16 :
2467 2780 34 6 —

1942 2798 12 24 I
1966 2798 63 25 don't
2039 2808 68 16 mean
2119 2805 23 19 to
2154 2800 45 25 call
2210 2801 48 23 him
2271 2809 13 15 a
2294 2801 51 29 liar,
2358 2801 110 32 although
2486 2800 15 26 I

1912 2837 61 18 must
1990 2833 72 23 admit
2073 2834 51 23 that
2135 2834 28 23 he
2176 2835 21 22 is
2209 2843 13 15 a
2232 2834 97 25 butcher
2341 2834 25 24 of
2378 2834 39 25 the
2429 2834 71 32 truth,

1912 2865 44 24 and
1968 2874 29 16 an
2009 2867 104 24 assassin
2125 2866 25 25 of

1945 2904 61 24 Lord
2026 2905 137 25 Chancellor
2183 2906 126 24 Hardwich
2321 2914 46 18 was
2379 2916 55 23 very
2444 2907 58 26 fond

1911 2938 26 23 of
1945 2939 154 31 entertaining
2117 2939 38 24 his
2166 2940 94 23 visitors
2271 2940 53 24 with
2337 2940 43 25 the-
2387 2940 116 33 following

1910 2977 65 25 story
1985 2972 25 22 of
2025 2972 37 23 his
2072 2972 80 29 bailiff,
2166 2973 59 30 who,
2239 2973 85 32 having
2334 2973 58 25 been
2405 2975 95 24 ordered

1910 3004 30 31 by
1951 3005 36 22 his
2008 3005 54 30 lady
2068 3010 29 19 to
2117 3013 98 24 procure
2227 3015 14 14 a
2251 3013 47 17 son
2297 3008 3 9 1
2310 3007 26 24 of
2353 3015 14 16 a
2377 3008 126 31 particular

1910 3038 147 31 description,
2077 3046 63 16 came
2162 3047 43 16 one
2225 3040 44 30 day
2286 3040 48 24 into
2352 3040 39 24 the
2408 3040 93 32 dining-

1909 3079 64 16 room
1984 3071 65 24 when
2060 3071 44 24 full
2116 3072 25 23 of
2150 3080 121 24 company,
2283 3073 151 32 proclaiming
2444 3075 55 25 with

1909 3113 14 15 a
1934 3104 65 24 burst
2010 3105 25 23 of
2042 3104 41 32 joy
2093 3105 28 24 he
2133 3106 68 24 could
2213 3111 40 19 not
2264 3114 117 25 suppress,
2418 3107 14 25 I
2439 3107 59 26 have

1909 3138 56 23 been
1983 3142 24 19 at
2029 3138 106 32 Royston
2147 3139 52 29 fair,
2211 3139 45 26 and
2275 3139 13 24 I
2299 3140 59 25 have
2374 3145 41 27 got
2426 3149 15 16 a
2451 3149 49 16 sow

1910 3171 90 33 exactly
2011 3172 25 23 of
2046 3180 58 23 your
2114 3172 127 33 ladyship's

1943 3211 57 24 The
2019 3219 69 17 very
2110 3212 118 25 Essence
2248 3220 30 17 of
2302 3213 198 27 Etiquette.—

1933 3244 75 25 When
2020 3245 40 24 the
2067 3245 124 32 Eraperidr
2201 3246 96 25 Francis
2309 3247 66 24 made
2387 3247 36 25 his
2434 3253 67 28 entry

1909 3278 47 23 into
1967 3278 92 31 Douay,
2071 3280 24 22 in
2113 3284 66 25 great
2197 3284 67 25 state,
2278 3281 73 23 under
2362 3281 102 24 festoons
2476 3282 26 24 of

1909 3311 95 30 flowers,
2030 3313 46 23 and
2095 3313 126 31 triumphal
2241 3314 89 29 arches,
2349 3314 38 24 the
2408 3314 91 33 Magis-

1909 3349 78 25 trates,
2001 3349 23 19 to
2041 3345 29 24 do
2089 3345 88 25 honour
2198 3351 23 19 to
2241 3347 37 24 the
2298 3348 115 29 occasion,
2424 3353 42 28 put
2486 3356 14 17 a

1909 3377 62 24 clean
1983 3378 58 24 shirt
2051 3386 63 24 upon
2123 3379 38 24 the
2173 3380 61 32 body
2244 3381 25 24 of
2278 3389 14 16 a
2302 3381 132 25 malefactor
2446 3382 51 25 that

1908 3419 45 17 was
1964 3411 103 33 hanging
2078 3413 24 23 in
2114 3412 80 25 chains
2210 3419 24 19 at
2244 3414 39 25 the
2295 3415 45 31 city

1941 3452 51 24 The
2012 3451 99 26 Thomas
2135 3452 126 32 Grenville,
2287 3457 65 23 1400
2371 3460 61 24 tons,
2450 3461 48 20 was
2498 3447 16 19 7

1907 3485 70 24 burnt
1987 3490 24 19 at
2023 3486 107 32 Bombay
2140 3494 30 17 on
2184 3487 38 27 the
2234 3488 44 25 6th
2291 3488 68 29 June,
2370 3488 83 32 having
2464 3495 31 19 on

1907 3518 69 25 board
1985 3520 69 26 6000
2062 3520 64 24 bales
2138 3520 27 25 of
2180 3526 85 20 cotton;
2312 3521 77 32 Being
2407 3528 30 18 on
2453 3521 44 27 fire

1907 3553 22 24 in
1942 3553 88 24 several
2039 3553 77 33 places
2124 3559 24 20 at
2159 3562 66 21 once,
2236 3555 19 24 it
2272 3554 76 25 would
2368 3561 87 25 appear
2471 3561 26 18 to

1907 3586 57 24 have
1975 3586 57 24 been
2045 3586 39 25 the
2091 3588 73 24 wilful
2173 3593 37 19 act
2219 3588 27 24 of
2258 3595 63 17 some
2333 3588 44 24 evil
2390 3588 107 32 disposed

1906 3626 93 25 person.

1941 3658 58 25 The
2018 3659 92 29 Press,
2110 3671 35 7 —
2172 3659 46 24 I'm
2230 3666 53 17 sure
2296 3658 49 25 that
2359 3667 70 25 every
2435 3667 61 26 .per-

1907 3699 41 17 son
1959 3692 45 24 will
2016 3692 29 24 be
2057 3693 94 31 willing,
2162 3701 27 15 as
2201 3692 12 24 I
2226 3700 45 21 am,
2293 3696 23 20 to
2334 3692 162 33 acknowledge

1906 3725 24 24 in
1939 3725 38 24 the
1985 3731 61 19 most
2058 3726 74 32 ample
2145 3730 77 25 terms,
2241 3725 39 24 the
2290 3726 154 29 information,
2458 3727 38 24 the

1906 3758 144 30 instruction,
2064 3760 44 24 and
2121 3759 37 24 the
2170 3763 151 24 amusement,
2333 3758 95 26 derived
2437 3760 59 24 from

1907 3792 37 25 the
1952 3793 77 31 public
2133 3805 34 4 —
2167 3791 69 24 Lord
2244 3791 147 31 Lywthurst.

1940 3831 38 24 Sir
1997 3831 91 24 Robert
2106 3830 57 25 Peel
2173 3838 49 16 was
2233 3830 58 25 bora
2302 3831 27 24 in
2351 3830 73 31 1789;
2434 3831 65 26 Lord

1905 3863 61 26 John
1993 3864 95 25 Russell
2118 3864 74 28 1792,
2217 3863 64 26 Lord
2304 3864 100 32 Stanley
2424 3867 75 28 1800,

1907 3897 38 26 the
1961 3897 71 26 Duke
2050 3897 27 25 of
2101 3896 144 33 Wellington
2275 3899 75 28 1769,
2368 3898 46 25 and
2433 3897 65 29 Lord

1905 3930 134 33 Brougham
2056 3930 75 28 1779.

1938 3970 106 25 Daniel
2076 3970 155 28 O'Connkx,,
2231 3983 36 7 —
2267 3971 24 25 It
2321 3980 97 25 appears
2432 3995 3 4 .
2446 3972 52 27 that

599 46 98 47 gj»e
715 47 125 43 mm
858 47 216 48 gfgtetia
1096 52 195 49 mmm*
1315 56 409 49 tmmtiunqum
1749 56 255 50 &s*#«&**

834 137 117 25 SOUTH
962 139 209 26 AUSTRALIA:

153 725 50 24 The
214 726 117 30 directors,
350 727 118 30 therefore,
480 736 40 16 are
531 729 26 23 of
571 730 101 31 opinion,

98 759 45 24 that
162 759 58 31 good
239 760 100 30 grounds
357 762 59 22 exist
433 761 34 24 for
487 762 87 31 stating
592 768 23 19 to
636 764 37 24 the

97 793 134 31 proprietors
242 792 59 24 their
312 793 51 24 firm
376 794 129 24 conviction'
520 795 26 23 of
561 795 38 25 the
620 804 53 17 con-

97 824 74 25 tinued
178 826 128 30 prosperity
314 826 25 23 of
348 827 38 22 the
395 827 67 29 bank,
473 828 46 23 and
527 828 35 25 for
568 831 105 31 assuring

98 858 56 24 them
166 857 48 24 that
225 865 28 16 no
265 858 174 26 circumstances
459 861 58 25 have
535 863 95 23 occured
651 868 22 19 to

98 889 101 26 diminish
210 891 58 23 their
280 892 128 25 confidence
420 894 22 23 in
460 895 31 23 its
510 895 76 24 future
604 904 68 23 pros*

98 927 69 28 pects.

105 139 65 28 have,
181 145 26 17 as
224 136 72 31 might
306 135 28 24 be
352 134 115 31 expected,
480 135 59 24 been
550 135 131 32 productive

106 172 26 24 of
146 171 71 24 losses
237 174 21 19 to
273 167 141 30 individuals,
426 168 101 24 whether
538 168 102 31 engaged
657 169 23 23 in

105 202 129 27 mercantile
243 209 23 16 or
278 200 144 32 agricultural
430 202 111 31 pursuits,
549 202 36 23 far
592 201 88 32 beyond

105 243 43 24 any
165 235 129 31 experience
314 233 23 23 in
357 233 64 25 those
440 234 100 24 colonies
559 235 59 23 from
640 234 39 24 the

103 268 75 33 period
193 267 26 24 of
233 266 56 24 their
305 266 50 24 first
363 267 138 30 settlement,
513 267 46 24 and
568 267 60 24 from
640 267 39 24 the

103 301 75 25 effects
188 299 26 24 of
228 298 72 24 which
317 299 43 24 few
371 300 57 24 have
439 300 95 32 escaped
543 310 6 20 ;
568 300 42 24 but
626 305 53 19 not-

103 332 155 30 withstanding
274 331 46 24 this
338 336 58 21 state
415 333 25 24 of
456 333 89 32 things,
557 333 37 24 the
606 333 71 24 direc-

104 371 43 19 tors
164 364 43 24 feel
221 364 113 24 confident
345 366 50 24 that
408 366 38 24 the
463 371 122 19 statement
604 366 73 24 which

103 399 51 30 they
164 404 36 17 are
212 404 49 17 now
272 399 110 30 prepared
393 404 22 19 to
426 399 36 31 lay
471 399 77 24 before
559 399 38 24 the
606 404 71 19 meet-

102 432 44 29 ing,
159 430 24 23 of
199 429 38 24 the
253 431 100 30 position
371 432 26 24 of
413 432 37 24 the
468 432 151 32 corporation,
632 433 45 23 will

102 470 65 26 prove
178 462 150 32 satisfactory.

132 497 24 23 3.
200 494 51 26 The
261 496 46 24 last
324 501 106 19 accounts
447 497 72 25 afford
539 498 137 24 indications

102 529 27 29 of,
136 536 16 16 a
174 528 93 31 gradual
289 529 84 24 revival
395 531 24 22 in
441 531 38 23 the
501 531 64 23 trade
589 531 25 23 of
638 532 37 23 the

101 561 103 29 colonies,
215 562 43 23 and
270 569 126 24 encourage
407 563 68 32 hopes
487 564 51 23 that
554 572 13 15 a
579 564 97 24 sounder

101 599 54 20 state
182 594 27 24 of
238 594 76 31 public
342 595 71 25 credit
440 604 45 16 was
514 597 159 32 approaching,

100 627 104 31 although
215 635 14 15 a
240 627 153 25 considerable
406 630 52 23 time
467 635 62 18 must
539 632 136 35 necessarily

100 660 71 31 elapse
190 660 75 23 before
286 661 129 25 confidence
433 670 42 16 can
493 663 28 24 be
543 663 82 31 wholly
637 672 37 16 re-

100 692 81 24 stored.

125 957 25 22 4.
192 956 52 25 The
255 957 108 26 directors
375 959 57 25 have
442 961 48 24 also
506 961 40 24 the
568 962 104 24 satisfac-

96 989 43 24 tion
153 989 25 24 of
192 991 87 31 stating
289 992 49 23 that
352 992 36 24 the
400 995 141 30 corporation
554 996 118 24 continues

94 1027 21 19 to
124 1022 28 23 be
163 1022 58 24 held-
226 1024 23 23 in
261 1025 56 31 high
329 1027 126 23 estimation
468 1028 30 30 by
510 1028 32 24 all
552 1028 84 25 classes
648 1030 24 23 in

96 1055 36 24 the
143 1056 106 30 colonies,
261 1058 45 23 and
316 1058 48 24 that
374 1059 37 24 the
423 1060 92 24 decided
526 1062 101 24 increase
648 1063 23 23 in

94 1088 37 24 the
141 1091 145 23 connections
298 1091 26 23 of
338 1092 38 23 the
389 1093 58 24 bank
459 1094 95 23 induces
566 1095 61 23 them
648 1100 24 19 to

94 1120 83 25 believe
188 1121 51 24 that
255 1123 38 23 the
314 1124 121 25 additional
453 1127 90 30 capital,
562 1135 51 16 now
630 1136 41 16 ne-

93 1154 104 31 cessarily
209 1155 24 23 in
244 1155 37 24 the
292 1164 81 17 coarse
385 1159 26 22 of
425 1159 67 31 being
504 1161 81 27 raised,
600 1162 71 23 under

93 1187 35 23 the
140 1192 69 19 terms
221 1188 24 23 of
260 1188 38 24 the
308 1190 96 30 charter,
416 1192 43 23 will
472 1200 56 16 soon
540 1193 46 24 find
599 1194 71 24 bene-

92 1220 60 24 ficial
162 1221 159 30 employment.

125 1255 25 22 5.
192 1254 51 24 The
254 1255 108 24 directors
374 1256 44 25 feel
428 1258 104 29 gratified
545 1260 22 22 in
582 1265 87 26 report-

92 1286 46 31 ing,
152 1286 48 25 that
212 1288 37 23 the
260 1289 146 31 approbation
417 1290 52 31 they
484 1293 124 29 expressed
627 1294 43 22 last

92 1327 52 23 year
155 1324 23 19 at
188 1320 38 24 the
238 1322 49 23 zeal
296 1322 44 23 and
352 1324 90 30 activity
453 1324 117 32 displayed
581 1326 30 31 by
630 1326 38 24 the

92 1352 84 24 several
193 1353 58 24 local
268 1355 83 24 boards
370 1357 25 23 of
413 1357 114 30 direction,
553 1361 116 22 continues

92 1385 117 30 unabated,
230 1388 44 23 and
293 1388 50 24 that
358 1390 53 31 they
428 1390 56 24 have
506 1399 80 16 reason
607 1397 22 19 to
641 1393 28 23 be

92 1419 113 32 generally
225 1421 50 23 well
295 1423 99 23 satisfied
416 1423 52 24 with
489 1423 38 25 the
540 1425 95 24 conduct
647 1426 23 23 of

92 1452 35 24 the
139 1453 89 23 various
240 1455 89 23 officers
341 1456 25 23 of
382 1456 36 23 the
431 1457 179 25 establishment.

122 1486 24 23 6.
254 1487 68 29 Hart,
343 1489 38 23 the
393 1491 186 29 superintendant
589 1493 26 23 of
630 1493 38 23 the

91 1518 92 25 colonial
210 1520 190 31 establishments,
429 1524 88 23 arrived
546 1526 70 31 safely
645 1531 23 18 at

92 1551 89 32 Sydney
192 1553 57 24 after
260 1562 13 15 a
286 1554 88 24 tedious
386 1563 84 24 voyage
481 1558 26 22 of
517 1559 77 30 nearly
606 1559 62 30 eight

91 1585 88 24 months
190 1585 58 24 from
260 1586 39 24 the
315 1589 55 22 time
388 1589 26 23 of
427 1589 90 33 leaving
535 1591 132 31 Plymouth,

91 1618 41 23 and
144 1618 54 24 took
211 1618 81 33 charge
305 1621 26 23 of
344 1622 37 23 his
393 1623 62 23 office
468 1631 29 15 on
516 1623 37 25 the
576 1625 56 24 29th
646 1626 25 23 of

91 1651 90 32 August
198 1652 44 24 last
250 1662 16 20 ;.
277 1655 44 23 and
338 1655 58 24 from
417 1656 36 23 the
469 1656 134 32 judgement
624 1658 42 24 and

91 1684 77 32 ability
178 1684 29 25 he
219 1685 40 24 has
271 1686 91 33 aheady
376 1689 92 24 evinced
479 1691 24 22 in
512 1691 34 23 his
557 1691 107 31 proceed-

89 1718 57 31 ings,
159 1718 37 24 the
209 1724 63 19 court
284 1720 43 25 feel
338 1723 92 23 assured
443 1723 48 24 that
501 1724 39 23 the
552 1724 75 24 affairs
639 1725 25 23 of

89 1750 36 25 the
136 1752 141 33 corgojitfion
289 1755 72 23 under
373 1755 34 24 his
420 1757 85 23 control
513 1757 44 23 will
568 1757 28 24 be
604 1766 62 15 care-

89 1783 54 32 fully
153 1785 177 33 and'emciently
339 1789 158 24 adminstered.

121 1817 116 37 7«£^»The
244 1819 108 25 directors
360 1822 56 24 have
423 1823 88 23 further
519 1829 23 18 to
550 1832 116 16 announce

90 1850 53 30 that,
156 1851 22 25 in
191 1853 139 31 compliance
346 1855 53 24 with
419 1856 36 23 the
475 1858 129 31 repeatedly
624 1866 40 15 ex-

88 1885 90 30 pressed
200 1886 55 23 wish
277 1888 26 22 of
326 1889 85 23 several
430 1889 24 24 of
469 1889 39 25 the
519 1892 146 31 proprietors,

88 1916 46 25 that
156 1919 114 31 provision
294 1921 82 24 should
395 1923 28 23 be
442 1923 64 24 made
526 1929 22 19 to
566 1924 64 24 allow
644 1925 25 23 of

89 1950 77 25 shares
178 1952 22 23 in
213 1952 37 24 the
261 1954 82 30 capital
356 1956 65 23 stock
432 1957 25 23 of
471 1956 39 24 the
522 1958 141 31 corporation

87 1984 105 31 standing
203 1986 22 22 in
237 1994 62 17 more
312 1987 52 23 than
377 1996 41 15 one
436 1996 74 21 name,
533 1990 53 30 they
603 1991 59 22 have

86 2017 114 22 consulted
211 2018 36 21 tbe
259 2018 92 29 highest
360 2019 59 29 legal
429 2020 133 24 authorities
574 2030 30 15 on
614 2022 49 23 that

91 2047 65 30 point,
168 2047 55 29 who,
233 2048 69 31 being
312 2050 25 22 of
352 2051 91 30 opinion
454 2052 51 23 that
522 2054 19 22 it
560 2055 20 21 is
600 2062 63 17 com-

89 2083 71 27 petent
171 2083 24 20 to-
205 2079 38 25 the
253 2083 139 29 proprietors
404 2083 134 26 themselves
552 2091 22 18 to
593 2086 70 24 make

89 2112 34 23 the
134 2112 85 25 desired
231 2115 123 29 provision,
375 2116 30 31 by
423 2117 71 24 virtue
515 2119 26 23 of
557 2119 36 24 the
604 2119 59 26 27th

89 2145 70 23 clause
172 2146 23 23 of
211 2147 36 24 the
259 2147 56 24 deed
328 2149 25 22 of
367 2150 136 29 settlement,
515 2156 23 19 at
550 2157 42 19 two
610 2161 51 16 suc-

88 2179 81 23 cessive
179 2182 171 31 extraordinary
360 2184 90 29 general
469 2186 118 31 meetings,
610 2195 52 23 spe-

88 2211 63 32 cially
171 2213 69 24 called
259 2214 37 24 for
316 2215 48 24 that
376 2224 103 24 purpose,
493 2219 19 22 it
522 2219 44 24 will
579 2220 57 23 form
648 2229 13 15 a

87 2250 47 26 part
145 2246 26 23 of
185 2246 37 24 the
234 2247 93 25 ulterior
346 2250 145 31 proceedings
512 2252 25 23 of
553 2253 44 23 this
616 2254 44 31 day

84 2278 32 24 for
127 2278 38 24 the
176 2279 106 25 directors
291 2286 22 19 to
326 2283 83 24 submit
419 2289 21 18 to
448 2284 37 23 the
495 2286 165 25 consideration

85 2311 23 24 of
117 2311 42 25 ,the
171 2314 97 31 meeting
279 2323 13 15 a
306 2316 122 24 resolution
440 2318 34 23 for
494 2318 106 33 effecting
613 2321 49 23 that

85 2345 78 31 object.

113 2380 23 23 8.
179 2379 50 26 The
248 2380 110 26 directors
374 2383 58 25 have
451 2392 50 16 now
519 2386 54 31 only
590 2392 23 19 to
623 2387 36 32 lay

83 2411 72 25 before
167 2413 44 25 the,
214 2416 139 30 proprietors
365 2417 38 24 the
414 2418 116 32 following
537 2425 122 20 statement

82 2444 23 24 of
119 2445 37 24 the
167 2448 82 23 results
261 2448 78 25 of\*the
351 2450 44 24 last
406 2451 71 30 year's
499 2455 159 29 transactions,

82 2478 80 33 ending
175 2481 55 23 10th
243 2476 108 35 October,
366 2485 113 24 1842:-—

82 2511 46 24 The
139 2519 93 19 amount
239 2515 26 23 of
272 2516 40 24 the
324 2521 46 19 rest
378 2525 25 15 or
413 2526 42 16 un-

110 2545 87 26 divided
215 2549 69 30 profit
301 2554 24 19 at
345 2550 38 24 the
403 2552 53 23 11th

110 2579 106 30 October,
229 2583 72 29 1841,
314 2591 25 15 as
348 2584 77 24 shown
433 2591 23 19 at

110 2612 38 24 the
154 2613 44 24 last
205 2615 83 24 annual
295 2619 107 30 meeting,
411 2626 43 17 was
472 2620 114 29 £92,318
605 2623 16 22 0
639 2624 16 22 0

80 2644 31 25 To
123 2646 72 25 which
206 2655 38 17 are
255 2657 50 15 now
316 2654 23 20 td
346 2651 28 23 be
385 2652 71 24 added

108 2679 38 25 the
152 2681 67 31 profit
224 2682 96 24 realised
328 2684 56 24 both
388 2685 23 24 in
418 2686 36 23 the

110 2712 106 26 Colonies
221 2716 44 23 and
272 2716 106 31 London,
387 2722 22 20 to
418 2719 36 24 the

110 2747 57 23 10th
181 2747 106 31 October,
311 2752 72 29 1842,
400 2753 56 24 after

107 2779 121 34 deducting
239 2782 31 25 all
289 2791 111 24 expenses
419 2787 34 23 in-

106 2814 87 30 curred,
217 2815 44 24 and
284 2824 29 16 an
336 2819 117 25 estimated

106 2848 114 30 provision
228 2848 36 25 for
270 2849 45 24 bad
322 2851 44 23 and
376 2852 79 25 doubt-

106 2880 34 24 ful
151 2881 72 30 debts,
246 2884 134 32 amounting
400 2890 49 21 to..
494 2887 92 29 70,095
606 2890 12 23 1
639 2891 16 22 5

480 2950 107 27 162,313
607 2952 12 22 1
639 2952 16 22 6

78 2974 66 25 From
155 2976 73 25 which
240 2985 38 17 are
296 2982 23 21 to
337 2979 29 24 be
384 2980 67 26 taken

106 3007 39 25 the
163 3009 114 34 following
291 3020 64 16 sums
366 3014 52 31 paid
430 3019 21 20 to

106 3040 39 27 the
153 3044 145 31 proprietors,
310 3046 45 25 viz.
362 3059 36 5 —

77 3073 64 33 April
147 3075 105 25 dividend
261 3080 73 28 1842,
340 3080 113 30 £24,000

77 3106 50 26 Oct.
146 3107 113 32 dividend,
271 3113 77 27 1842,
361 3114 90 28 24,000

359 3157 29 6 —
495 3150 93 28 48>000
604 3153 17 21 0
637 3153 17 22 0

73 3198 110 35 Leaving,
192 3210 26 16 as
229 3202 39 25 the
277 3210 94 19 amount
381 3207 27 23 of
416 3207 36 24 the

105 3233 105 26 Reserve
221 3235 68 27 Fund
308 3246 25 16 or
344 3238 67 31 Rest,
425 3248 35 18 on.
496 3262 4 2 .

100 3267 49 32 .the,
158 3269 56 24 10th
226 3269 101 26 October
340 3271 57 26 last.
406 3290 8 7 .
425 3288 6 10 .
439 3275 146 30 .£114,412
593 3297 2 5 ,
605 3279 11 23 1
638 3280 23 22 6-

105 3307 24 24 9.
177 3307 70 26 From
265 3309 46 25 this
331 3316 48 19 rest
398 3312 38 25 the
452 3313 70 33 April
539 3314 113 32 dividend,

77 3339 68 30 1843,
156 3340 42 25 has
210 3342 92 32 already
312 3344 57 24 been
381 3346 51 31 paid
444 3351 24 20 at
487 3347 39 25 the
543 3353 47 20 rate
602 3350 26 24 of
637 3353 16 21 8

73 3378 37 25 per
121 3379 58 20 cent,
191 3383 42 24 per
244 3384 85 17 annum
340 3386 62 24 upon
413 3379 37 25 the
461 3381 39 24 old
511 3381 86 31 shares,
606 3384 45 23 add

75 3412 56 24 upon
142 3407 37 25 the
188 3409 52 24 first
249 3410 134 26 instalment
394 3413 25 24 of
433 3414 54 24 £10
503 3415 56 32 paid
580 3424 31 24 up
623 3425 30 16 on

75 3438 33 25 the
126 3448 51 17 new
194 3442 87 31 shares,
293 3445 45 24 and
357 3445 38 25 the
412 3446 108 26 directors
533 3457 118 18 announce

75 3473 53 24 tneir
138 3474 111 27 intention
259 3478 27 24 of
294 3478 116 34 declaring
420 3488 14 16 a
444 3481 89 25 similar
544 3483 105 26 dividend

75 3504 31 26 for
115 3506 42 31 the.
163 3511 97 31 ensuing

103 3544 50 26 The
170 3554 82 26 report,
273 3550 59 25 after
342 3559 15 16 a
373 3552 64 25 short
446 3553 137 33 discussion,
602 3564 47 17 was

75 3579 152 35 unanimously
239 3584 104 31 adopted.
363 3587 5 8 '

103 3610 49 26 The
162 3616 99 32 meeting
272 3625 49 16 was
337 3618 55 25 then
404 3621 64 24 made
486 3623 95 31 special,
592 3631 57 24 pur-

75 3649 61 20 autnt
150 3650 23 21 to
192 3650 81 30 notice,
284 3650 38 25 for
332 3651 39 25 the
381 3661 96 24 purpose
489 3657 27 23 of
524 3657 96 31 passing
635 3666 14 15 a

75 3678 115 26 resolution
209 3687 23 19 to
253 3684 81 25 enable
358 3685 38 25 the
414 3687 108 26 directors
541 3695 23 20 to
581 3690 66 25 allow

75 3711 70 24 •hares
156 3713 24 24 in
192 3715 38 25 the
246 3720 144 29 corporation
407 3725 23 19 to
447 3723 68 24 stand
532 3724 23 24 in
567 3728 44 21 two
622 3732 26 17 or

73 3748 56 20 »ore
150 3753 85 26 names,
258 3751 74 24 which
355 3754 121 25 resolution
500 3764 47 17 was
563 3759 83 23 unani-

75 3778 81 32 mously
165 3783 82 29 agreed
259 3788 32 21 to.

102 3808 69 29 Votes
190 3815 26 25 of
232 3817 85 27 thanks
329 3826 58 18 were
407 3821 52 26 then
470 3824 84 31 passed
569 3829 24 21 to
606 3824 47 28 the!

74 3847 107 44 Jjairman
201 3856 25 18 as
248 3852 51 24 well
321 3861 26 17 as
369 3854 64 26 other
454 3857 119 32 directors,
594 3859 49 26 Mr.

75 3880 106 30 WUiken,
192 3882 39 26 the
241 3890 121 28 secretary,
374 3889 45 24 and
430 3889 37 25 the
478 3891 67 25 other
555 3893 89 25 officers

65 3911 74 51 ,£the
150 3915 177 34 establishment,
338 3920 59 25 after
407 3922 72 26 which
492 3925 40 24 the
543 3927 110 32 meeting.

1318 142 58 25 been
1394 143 93 27 altered.
1519 143 62 35 They
1598 155 38 15 are
1657 148 24 23 in
1697 148 76 24 future
1794 153 23 19 to
1834 156 60 18 nave

1312 174 165 33 ,whjte.«ollars
1486 178 38 24 and
1533 179 53 24 blue
1597 179 66 24 cuffs.

1308 216 7 18 ;,
1332 220 5 21 ;
1351 208 25 24 A
1383 206 63 35 large
1450 210 15 26 '
1465 210 76 26 Roman
1553 211 106 24 Catholic
1670 212 88 32 Chapel
1768 218 24 20 at
1804 213 89 33 Isling-

1317 243 40 23 ton
1366 243 143 30 was/.ppflned
1517 244 48 24 nth
1575 249 66 26 great
1656 252 68 25 pomp
1736 254 30 16 on
1782 246 40 24 the
1834 247 59 24 26th

1316 271 67 28 Jpnel
1430 275 75 24 There
1519 284 53 16 were
1590 277 51 24 four
1660 278 99 32 Bishops
1778 279 46 24 and
1841 280 52 31 fifty

1317 305 87 26 Priests
1425 313 96 25 present,
1560 308 53 25 One
1634 310 26 23 of
1683 310 38 24 the
1742 311 84 24 former
1846 319 47 17 was

1316 337 95 30 Doctor,
1420 339 96 31 Wilson,
1531 341 51 24 who
1602 342 20 24 is
1643 342 87 32 shortly
1742 344 109 31 expected
1869 350 23 19 to

1315 371 72 24 arrive
1398 376 24 20 at
1432 373 89 25 Hobart
1528 374 81 30 Town,
1622 380 22 18 to
1657 377 101 22 exercise
1770 377 36 23 his
1818 376 73 33 Epis-

1315 404 65 31 copal
1390 404 122 27 functions.
1837 410 24 20 -*;

1347 436 148 27 Archdeacon
1516 440 89 23 Samuel
1623 440 150 25 Wilberforce
1797 449 46 16 was
1867 448 24 18 to

1315 468 56 24 have
1382 470 83 33 charge
1475 472 27 24 of
1509 472 31 24 the
1552 473 120 24 education
1684 475 25 23 of
1723 474 40 24 the
1770 473 90 25 Prince
1869 475 28 24 of

1315 500 87 26 Wales.

1347 534 132 26 Ejection
1500 545 24 17 op
1545 538 101 25 Prince
1666 539 107 25 Albert
1792 548 30 16 as
1837 548 53 16 the

1315 566 73 26 Lord
1413 569 71 24 High
1505 571 122 24 Steward
1645 580 31 16 op
1700 573 155 24 Plymouth.
1857 586 35 5 —

1315 599 140 36 Plymouth,.
1466 602 55 26 June
1537 606 24 23 8.
1562 616 35 5 —
1597 605 129 32 Yesterday
1738 607 127 28 afternoon,
1877 615 14 15 a

1314 634 100 32 meeting
1425 635 25 23 of
1465 635 138 32 the^Council
1616 639 25 22 of
1656 639 46 23 this
1722 639 102 31 borough
1844 647 46 16 was

1314 664 52 25 held
1373 672 22 21 at
1404 667 38 24 the
1451 668 117 31 Guildhall,
1576 671 37 23 for
1623 671 39 23 the
1670 679 105 24 purpose,
1784 679 107 24 amongst

1395 700 86 31 things,
1500 701 21 25 of
1542 704 99 30 electing
1659 712 15 15 a
1690 705 31 26 .fit
1743 706 44 23 and
1807 713 84 23 proper

1313 738 81 24 person
1406 738 23 19 to
1441 734 33 23 fill
1486 734 34 23 the
1528 736 65 23 office
1601 734 25 25 of
1635 736 63 24 Lord
1707 737 65 31 High
1784 738 106 24 Steward

1313 764 25 24 of
1340 780 7 5 .
1352 764 44 24 this
1408 766 109 32 bcrough,
1525 773 81 19 vacant
1614 769 33 31 by
1662 769 38 24 the
1712 770 86 24 demise
1810 771 24 23 of
1851 771 39 24 the

1312 796 70 26 Duke
1400 799 26 24 of
1450 800 88 25 Sussex.
1580 800 40 25 W.
1641 802 97 30 Prance,
1761 803 68 31 Esq.,
1850 804 40 23 the

1314 830 88 31 Mayor,
1415 833 102 30 presided
1525 842 29 15 on
1566 834 47 23 this
1624 836 112 24 occasion.
1762 835 22 24 J.
1799 836 91 24 White-

1311 862 58 31 ford,
1380 864 71 32 Esq.,
1464 867 54 22 after
1533 875 63 15 soras
1617 869 145 31 appropriate
1781 869 108 24 observa-

1312 895 66 30 tions,
1390 899 80 23 moved
1482 898 42 24 that
1533 900 37 23 his
1582 900 78 31 Royal
1672 901 120 31 Highness
1804 902 86 24 Prince

1312 928 81 24 Albert
1413 930 28 24 be
1462 931 76 24 elected
1557 937 22 19 to
1597 933 35 24 fill
1655 934 38 23 the
1714 940 81 18 vacant
1813 936 75 23 office.

1312 960 120 27 Thia.was
1450 965 103 23 seconded
1571 966 30 30 by
1615 966 31 24 G.
1660 967 38 23 W.
1712 967 89 29 Soltau,
1820 968 70 31 Esq.,

1312 994 43 23 and
1365 1002 29 16 on
1406 995 71 32 being
1493 1002 34 26 put
1545 999 30 29 by
1587 999 38 23 the
1646 1000 83 30 Mayor
1740 1008 47 15 was
1806 1002 84 22 unani-

1312 1028 87 30 mously
1411 1030 82 30 agreed
1505 1035 23 19 to.
1564 1032 52 24 The
1634 1040 104 16 common
1750 1034 48 23 seal
1810 1035 26 22 of
1850 1034 41 24 the

1312 1057 150 34 Corporation
1481 1070 40 16 was
1537 1064 55 24 then
1608 1066 85 23 affixed
1712 1071 23 18 to
1754 1066 38 24 the
1810 1071 81 27 patent

1311 1094 134 31 appointing
1455 1095 36 24 his
1503 1096 68 32 Eoyal
1590 1098 120 31 Highness
1729 1104 23 18 to
1766 1100 37 23 the
1815 1101 75 28 office,

1310 1126 59 22 after
1381 1127 74 23 which
1467 1128 38 24 the
1516 1130 56 31 royal
1585 1132 106 23 standard
1708 1140 46 15 was
1765 1132 90 24 hoisted
1867 1138 24 19 at

1310 1159 38 22 the
1361 1159 125 31 Guildhall,
1499 1163 36 23 and
1545 1164 39 23 the
1597 1166 124 29 respective
1733 1166 85 22 church
1831 1166 60 24 bells

1310 1199 56 23 rang
1377 1201 76 23 merry
1463 1195 58 30 peals
1531 1204 28 16 on
1573 1197 38 23 the
1623 1199 114 23 occasion.
1740 1210 32 5 —
1775 1196 116 34 Shipping

1312 1223 100 32 Gazette,
1425 1227 60 22 June
1500 1228 31 24 10.

1342 1263 120 26 Express
1478 1274 63 17 from
1560 1267 159 26 Liverpool.
1722 1282 34 5 —
1757 1270 133 32 Liverpool,

1309 1295 106 34 Tuesday
1426 1298 74 31 night.
1529 1300 44 24 We
1594 1302 57 22 have
1670 1310 68 16 seven
1761 1303 55 32 days
1828 1304 60 24 later

1308 1336 61 16 news
1381 1330 58 24 from
1452 1331 57 24 New
1517 1332 62 24 TTork
1601 1334 55 23 than
1677 1343 44 16 was
1743 1336 101 31 brought
1860 1337 31 31 by

1309 1361 37 24 the
1360 1362 72 25 Great
1454 1363 103 32 Western,
1570 1366 31 30 by
1622 1367 40 23 the
1682 1368 128 31 Caledonia,
1825 1369 65 30 Lott,

1308 1395 24 23 in
1343 1395 53 23 nine
1409 1395 56 32 days
1477 1397 42 24 and
1525 1407 14 15 a
1558 1399 51 23 half
1623 1400 60 23 from
1696 1401 105 25 Halifax.
1839 1402 52 25 The

1307 1427 95 30 Aoadia,
1416 1429 80 32 Ryrie,
1509 1432 47 23 with
1568 1432 38 24 the
1618 1434 67 22 mails
1698 1434 59 24 from
1769 1434 121 32 England,

1308 1460 97 26 reached
1415 1462 87 26 Boston
1514 1472 21 16 on
1549 1465 38 24 the
1599 1467 66 29 night
1683 1467 25 24 of
1723 1468 40 23 the
1775 1470 57 23 31st
1843 1470 45 23 ult.

1308 1493 67 32 Lady
1397 1495 70 32 Mary
1489 1497 77 32 Bagot,
1585 1499 67 24 relict
1675 1500 25 24 of
1723 1501 39 23 the
1780 1502 46 24 late
1850 1503 40 23 Sir

1309 1524 95 28 Charles
1416 1529 82 31 Bagot,
1510 1530 123 26 Governor-
1638 1533 100 25 General
1750 1535 26 23 of
1786 1536 102 29 Canada,

1308 1561 53 23 whh
1381 1560 41 26 her
1441 1563 81 32 family,
1542 1566 45 23 and
1609 1566 98 31 Captain
1729 1568 83 31 Bagot,
1831 1569 59 24 have

1303 1594 92 27 wciixed
1407 1596 25 23 in
1444 1597 57 23 New
1512 1597 68 30 York,
1594 1599 44 23 and
1658 1600 69 23 taken
1747 1601 107 32 lodgings
1867 1608 23 18 at

1308 1626 37 25 the
1357 1627 53 32 City
1423 1629 80 24 Hotel.
1533 1631 66 31 They
1611 1632 45 23 will
1669 1634 95 24 embark
1776 1643 30 15 on
1818 1636 72 23 board

1308 1659 37 24 the
1362 1660 121 33 Warspite,
1495 1664 36 23 and
1543 1665 46 23 will
1599 1665 42 23 sail
1651 1674 30 15 on
1691 1667 37 23 the
1743 1670 36 21 Ist
1791 1669 97 29 instant,

1307 1693 83 31 taking.
1394 1695 40 24 the
1443 1698 90 23 remains
1543 1698 26 23 of
1578 1698 38 23 Sir
1627 1698 96 25 Charles
1732 1705 22 19 to
1768 1701 119 31 England.

1307 1725 29 25 In
1347 1730 144 23 commercial
1503 1736 86 19 matters
1613 1731 64 25 there
1689 1735 122 24 continued
1822 1740 68 26 great

1307 1761 91 36 activity
1411 1762 25 23 in
1448 1762 38 24 the
1505 1771 77 25 money
1593 1766 102 24 maikets
1709 1768 26 22 of
1749 1767 58 24 New
1820 1768 68 24 York

1307 1793 43 26 and
1368 1793 160 35 Philadelphia,
1549 1797 45 24 and
1617 1799 84 31 during
1722 1801 39 23 the
1779 1801 45 24 last
1844 1802 44 23 few

1306 1825 187 37 days.preceding
1506 1830 30 25 the
1556 1831 84 31 sailing
1660 1833 26 23 of
1700 1833 38 24 the
1757 1833 130 31 Caledonia,

1306 1859 30 24 ah.
1345 1860 137 26 advance'bf
1496 1864 51 24 from
1569 1867 31 22 15
1618 1870 25 19 to
1667 1868 33 22 20
1712 1875 40 23 per
1770 1872 59 19 cent,
1843 1869 45 23 had

1306 1893 69 24 taken
1382 1894 68 32 .place
1461 1898 24 25 in
1496 1895 63 26 some*
1563 1898 26 23 of
1604 1898 39 24 the
1662 1900 123 24 American
1799 1902 88 24 stocks.

1305 1940 33 4 —
1338 1926 62 31 Ibid,
1413 1929 71 24 June.
1489 1930 11 24 l
1500 1930 22 24 4,
1606 1950 4 2 .

1300 1971 3 24 ;
1340 1962 57 23 The
1404 1971 123 16 smallest
1534 1964 194 26 Homeopathic
1736 1967 71 24 Dose
1819 1975 70 19 ever

1305 1994 115 26 Known.
1423 2010 32 3 —
1457 1997 38 24 On
1515 1997 116 32 Thursday
1651 1999 45 25 last
1716 2008 34 16 we
1770 2001 54 23 read
1839 2002 50 23 that

1458 2030 62 24 Peel.
1526 2031 56 24 took,
1589 2030 40 25 the
1637 2039 65 17 sense
1714 2034 27 23 of.
1752 2034 42 24 -the
1804 2034 87 24 house-

1305 2061 126 25 -r^iPutich.

1300 2095 34 19 •V.
1339 2093 66 23 Nice
1409 2094 140 24 -Pickings.
1549 2107 38 6 —
1587 2095 50 24 The
1657 2097 118 24 Ptoctdr'a
1792 2098 97 31 charges

1305 2124 24 23 in
1347 2124 75 25 Wood
1442 2127 24 23 of
1488 2126 148 26 Gloucester's
1656 2130 45 23 will
1721 2131 123 24 amounted
1865 2137 24 19 to

1304 2158 114 29 £17,536
1449 2161 35 23 3s.
1514 2161 43 28 2d.,
1582 2161 91 26 divided
1696 2163 103 24 between
1823 2165 66 24 three

1305 2191 131 26 Proctor's!
1459 2197 4 3 '

1337 2225 65 23 New
1415 2234 72 16 mode
1500 2234 24 17 or
1537 2227 136 26 Catching
1681 2229 80 25 Rats.
1763 2243 34 4 —
1797 2231 23 24 A
1828 2239 60 23 gen-

1305 2257 165 34 tleman-being
1481 2262 119 23 tormented
1609 2262 55 23 with
1672 2263 64 23 these
1747 2264 141 24 destructive

1411 2293 73 24 which
1496 2295 73 23 visited
1582 2295 36 23 his
1637 2296 85 31 pigsty,
1735 2297 45 24 and
1801 2298 87 24 robbed

1305 2324 37 24 the
1354 2331 106 25 grunters
1474 2327 24 24 of
1513 2328 51 24 their
1576 2329 61 29 food,
1651 2330 139 24 determined
1810 2337 22 18 to
1845 2337 43 26 put

1305 2365 12 16 a
1328 2363 52 26 stop
1393 2363 23 20 to
1429 2360 57 24 such
1495 2362 152 30 proceedings.
1657 2378 4 4 •
1686 2363 38 24 He
1739 2365 147 32 accordingly

1304 2391 53 24 took
1369 2401 13 14 a
1393 2393 139 32 fishing-rod,
1545 2396 55 23 with
1620 2405 14 14 a
1646 2397 46 23 line
1711 2398 45 22 and
1775 2398 62 24 hook
1848 2404 38 18 at-

1303 2424 87 31 tached,
1404 2427 52 28 and,
1469 2427 77 33 having
1566 2429 77 24 baited
1663 2431 18 22 it
1693 2431 54 23 with
1759 2439 13 16 a
1784 2432 65 31 piece
1862 2434 28 23 of

1303 2457 76 31 bread,
1392 2459 29 24 he
1433 2461 65 24 stood
1510 2467 16 18 at
1544 2471 14 15 a
1569 2462 59 24 little
1649 2463 101 25 distance
1769 2465 58 24 from
1847 2466 40 24 the

1303 2492 82 31 pigsty,
1399 2493 45 24 and
1457 2494 64 24 threw
1531 2497 22 22 in
1567 2496 39 23 the
1625 2497 55 24 line.
1718 2497 30 24 In
1767 2498 70 25 about
1848 2500 39 24 six

1303 2526 98 24 minutes
1415 2526 27 24 he
1454 2528 115 24 succeeded
1578 2530 23 23 in
1614 2530 107 32 catching
1728 2539 29 17 no
1769 2532 46 24 less
1829 2533 55 24 than

1303 2558 37 24 six
1351 2564 57 20 rats.

1302 2617 3 5 .
1333 2591 26 25 A
1381 2593 86 25 Spare
1490 2594 106 25 Diet.—
1597 2596 52 24 The
1674 2597 60 23 Cork
1756 2598 129 25 Examiner

1301 2632 60 23 says,
1449 2634 86 25 present
1554 2629 38 23 the
1612 2630 84 24 Scotch
1717 2639 56 23 poor
1794 2641 38 15 are
1843 2639 42 18 not

1301 2658 36 24 fed
1345 2668 7 19 ;
1372 2659 53 31 they
1446 2662 59 23 exist
1519 2670 24 16 on
1557 2662 38 24 the
1615 2664 145 24 recollection
1783 2666 26 23 of
1823 2667 61 23 what

1301 2691 52 32 they
1362 2698 40 18 ate
1415 2694 24 23 in
1451 2695 75 24 former

1333 2726 130 26 Ireland.
1465 2740 32 5 —
1500 2728 43 24 The
1561 2730 88 24 critical
1666 2732 108 24 situation
1793 2733 25 23 of
1834 2733 51 25 that

1302 2758 121 26 distracted
1446 2766 89 27 country
1557 2763 65 31 gives
1646 2765 45 22 rise
1714 2769 23 18 to
1761 2765 38 24 the
1823 2772 61 19 most

1301 2791 110 33 alarming
1423 2794 171 32 apprehensions
1606 2805 29 15 on
1649 2798 39 22 the
1700 2803 50 26 part
1762 2799 25 23 of
1797 2800 83 24 minis-

1300 2830 53 25 ters,
1367 2827 72 23 which
1452 2828 56 24 have
1516 2829 92 24 infected
1617 2831 39 24 the
1665 2831 71 24 whole
1747 2832 78 31 length
1838 2834 45 23 and

1300 2859 93 24 breadth
1405 2861 26 23 of
1446 2862 37 23 the
1495 2861 53 25 land.
1586 2863 51 24 The
1649 2864 46 24 fact
1715 2866 20 22 is
1747 2867 134 31 powerfully

1300 2893 123 24 evidenced
1442 2895 29 31 by
1484 2904 12 15 a
1516 2895 33 24 fall
1566 2897 24 23 in
1609 2897 39 24 the
1659 2898 77 30 funds,
1751 2899 80 29 which,
1852 2909 30 15 on

1301 2925 37 24 the
1350 2933 55 25 very
1415 2928 43 30 day
1465 2926 63 33 (27th
1542 2929 69 32 May)
1620 2931 66 23 when
1695 2932 115 24 ministers
1818 2941 63 16 com-

1299 2961 92 22 menced
1420 2961 98 32 military
1535 2965 158 29 preparations
1715 2966 35 23 for
1773 2968 109 30 coercing

1300 2992 99 31 Ireland,
1412 2994 41 24 fell
1470 2996 39 23 the
1522 2996 111 33 alarming
1644 3003 79 19 extent
1735 2999 26 23 of
1769 3000 51 23 four
1837 3008 43 23 per

1299 3027 62 23 cent!
1397 3027 52 24 The
1460 3028 108 25 times-are
1580 3031 109 31 certainly
1701 3037 112 25 pregnant
1826 3034 55 23 with

1299 3064 77 19 events
1389 3060 26 24 of
1429 3061 147 32 unparalleled
1587 3064 149 31 importance.
1772 3065 107 25 Distress

1298 3093 100 32 stalking
1425 3095 25 23 in
1475 3100 65 26 gaunt
1566 3097 86 31 misery
1675 3098 141 32 throughout

1296 3125 79 33 length
1385 3127 26 24 of
1420 3127 38 24 the
1469 3128 50 25 land
1520 3142 29 5 —
1549 3129 116 25 hundreds
1677 3132 33 25 of.
1716 3132 127 25 thousands
1857 3134 27 24 of

1296 3166 61 23 men,
1369 3168 96 22 women,
1474 3163 43 23 and
1524 3163 101 24 children
1636 3165 99 32 literally
1743 3167 103 31 starving
1846 3180 35 5 —

1296 3193 44 24 the-
1345 3193 153 32 poor-houses
1509 3196 55 24 filled
1576 3201 23 19 to
1609 3197 60 25 their
1678 3203 124 20 extremest
1811 3207 68 25 capa-

1299 3227 182 31 city—=-taxation
1493 3230 79 25 carried
1590 3235 24 20 to
1625 3232 169 25 its-extremest
1803 3241 78 23 power

1296 3259 31 24 of'
1338 3259 52 33 levy
1390 3273 34 5 —
1425 3269 56 16 even
1493 3263 47 25 with
1552 3272 14 15 a
1581 3264 62 32 joint
1661 3266 89 24 income
1757 3264 4 5 '
1768 3267 44 23 and
1824 3275 55 24 pro-

1295 3298 65 27 perty
1367 3299 48 24 tax,
1422 3295 58 24 after
1488 3303 48 17 near
1545 3297 72 32 thirty
1624 3306 69 24 years
1702 3299 24 24 of
1736 3300 143 32 interrupted

1295 3334 75 24 peace,
1383 3328 44 24 and
1444 3332 38 28 yet
1494 3330 91 32 unequal
1602 3336 23 18 to
1637 3332 39 24 the
1692 3333 133 31 prodigious
1837 3341 42 17 an-

1295 3360 52 25 nual
1369 3361 148 33 expenditure
1531 3364 26 24 of
1576 3363 39 25 the
1639 3365 164 31 Government,
1827 3367 53 32 fifty

1294 3393 98 25 millions
1394 3406 33 6 —
1429 3395 53 24 with
1491 3404 29 17 an
1527 3405 58 24 open
1603 3398 111 24 rebellion
1731 3400 25 23 in
1768 3399 111 32 England

1291 3426 50 33 just
1350 3429 146 33 suppressed,
1509 3431 88 24 another
1609 3431 24 24 in
1651 3431 94 25 Ireland
1757 3440 26 17 so
1794 3441 84 24 appre-

1294 3461 88 24 hended
1393 3462 50 24 that
1455 3463 38 24 the
1504 3469 52 19 most
1562 3464 136 25 formidable
1709 3466 101 32 military
1822 3474 54 24 pre-

1293 3495 115 30 parations
1409 3513 14 12 r
1425 3496 52 31 only
1485 3497 59 31 equal
1556 3497 64 24 those
1627 3499 120 24 furnished
1758 3499 38 26 the
1804 3500 74 25 Duke

1294 3527 25 25 of
1327 3528 142 32 Wellington
1480 3530 35 24 for
1521 3531 35 23 the
1567 3530 135 31 Peninsula,
1714 3533 109 25 evidence
1835 3534 39 24 the

1293 3561 96 32 feelings
1398 3563 27 24 of
1433 3563 110 25 ministers
1550 3573 6 20 ;
1576 3565 67 24 when
1654 3565 59 25 their
1724 3567 103 25 councils
1839 3575 39 17 are

1294 3602 24 17 so
1336 3595 124 26 distracted
1479 3596 49 30 that,
1541 3598 102 25 whether
1664 3599 38 24 the
1715 3600 105 24 Premier
1830 3601 48 25 will

1293 3629 76 32 resign
1378 3637 26 16 or
1413 3635 41 19 not
1460 3631 20 23 is
1492 3638 14 16 a
1511 3636 76 19 natter
1597 3631 25 24 of
1632 3632 77 32 public
1719 3633 142 32 speculation
1869 3643 7 21 ;

1293 3662 44 24 and
1344 3662 78 30 'when,
1434 3663 55 25 with
1499 3663 25 25 all
1535 3665 53 30 this,
1601 3665 50 25 that
1669 3666 116 32 appalling
1796 3675 81 24 symp-

1293 3699 46 20 tom
1339 3708 34 6 —
1374 3704 42 16 one
1428 3696 74 26 which
1512 3699 104 31 unerring
1626 3699 109 25 evidence
1746 3700 27 25 of
1786 3700 90 32 history

1292 3735 81 25 proves
1385 3730 20 23 is
1443 3730 38 25 the
1499 3731 85 26 skdow
1596 3732 26 25 of
1637 3734 124 31 preceding

1292 3763 152 32 unexampled
1454 3765 77 32 luxury
1543 3774 28 16 on
1585 3767 38 24 the
1636 3768 87 33 partjof
1736 3767 39 25 the
1785 3768 58 32 high
1843 3781 36 5 —

1291 3797 153 32 unexampled
1458 3799 78 32 misery
1546 3807 29 17 on
1594 3800 39 25 the
1644 3805 52 28 part
1706 3801 28 24 of
1749 3801 40 25 the
1798 3802 45 24 low
1843 3814 35 6 —

1291 3828 103 33 whengat
1401 3831 59 25 such
1480 3840 15 15 a
1505 3833 49 25 tine
1563 3833 39 28 the
1619 3835 118 24 ministers
1755 3842 122 19 announce

1292 3862 196 34 iWijE^ntartioii'
1503 3870 19 20 to
1538 3867 54 31 give
1609 3875 15 16 a
1641 3867 90 32 foreign
1750 3869 79 32 prince
1841 3866 40 35 (of

1292 3895 185 35 Mecklenburgh
1498 3899 101 33 Strelitz)
1619 3901 48 24 five
1692 3901 116 25 thousand
1835 3909 43 26 per

1291 3936 54 25 year
1351 3935 46 20 4>ut
1407 3931 27 24 of
1448 3931 43 25 the
1504 3932 92 33 pockets
1615 3934 26 25 of
1658 3934 58 25 such
1733 3942 16 18 a
1765 3934 114 34 suffering

1288 3957 139 40 i»opl#r&r
1563 3974 14 16 a
1589 3974 88 19 eouzen
1688 3968 26 24 of
1731 3967 40 26 the
1783 3969 94 29 Queen,

729 190 73 26 C*Vwi»
817 192 34 21 tht
863 193 87 22 Hobart
969 195 60 21 Town
1042 176 133 49 AdvertM;
1185 197 48 22 Oct.
1242 199 27 27 3]

741 225 44 27 We
797 230 56 24 have
863 230 108 26 received'
978 233 74 25 South
1065 230 133 35 Australian
1206 244 84 24 papers

708 265 23 19 to
749 262 39 24 the
803 263 57 24 20th
880 265 27 22 of
921 265 142 31 September.
1110 267 72 32 They'
1198 261 91 32 contain

707 293 59 25 little
778 294 59 26 local
847 304 61 17 news
921 298 25 24 of
961 299 147 31 importance,
1117 301 42 23 but
1169 301 59 25 from
1240 302 50 24 that

707 326 59 25 little
788 336 33 16 we
839 329 80 24 should
943 339 68 23 auger
1032 333 50 23 well
1103 334 26 23 of
1155 334 37 23 the
1211 335 78 24 future

706 366 105 26 propects
823 362 24 24 of
862 362 39 24 the
913 363 88 32 colony.
1043 365 52 24 The
1107 367 110 31 principal
1228 373 61 19 want

705 397 24 19 at
745 400 90 25 present
852 396 20 23 is
896 396 49 25 that
962 390 32 31 of'
1002 397 87 31 labour,
1108 400 46 23 and
1164 405 23 19 to
1199 400 89 28 obviate

707 426 53 30 this,
780 432 43 19 two
840 428 65 32 plans
926 437 39 17 are
986 431 121 32 proposed.
1154 432 34 24 To
1209 434 79 24 invent

706 466 63 18 some
780 461 102 25 machine
901 463 75 24 which
992 464 45 24 will
1054 465 122 31 supercede
1195 467 93 24 manual

704 491 87 31 labour,
810 494 24 23 in
851 496 90 30 getting
958 497 23 23 in
1000 497 38 23 the
1056 498 99 29 harvest,
1168 498 34 24 for
1213 500 75 23 which

704 533 98 24 purpose
814 528 86 24 several
912 529 85 24 models
1008 530 26 23 of
1051 531 96 31 reaping
1157 531 44 24 and
1221 540 66 24 crop-

704 559 55 30 ping
778 560 113 23 machines
906 561 58 24 have
985 562 56 25 been
1062 564 79 23 shown
1159 569 22 19 to
1199 573 14 15 a
1225 573 62 16 com-

704 592 78 24 mittee
794 593 120 32 appointed
925 595 35 23 for
967 595 37 24 the
1012 603 107 24 purpose.
1155 597 50 24 The
1213 599 73 29 other,

703 624 41 24 but
757 633 32 16 we
801 626 57 23 shall
868 627 53 31 give
933 628 38 24 the
983 630 72 23 words
1066 629 25 24 of
1103 629 38 25 the
1151 630 136 25 Australian

702 656 110 32 Register
821 667 6 15 :
829 671 33 5 —

765 691 67 24 More
852 693 109 31 recently,
973 707 4 3 •
989 694 111 30 however,
1128 696 19 24 it
1165 696 41 24 has
1228 698 58 23 been

703 724 129 31 suggested,
854 725 51 24 that
926 727 124 24 thousands
1069 729 25 23 of
1117 729 71 24 hands
1208 738 39 18 are
1264 735 22 19 at

701 762 93 25 present
805 762 39 19 out
854 759 26 22 of
894 760 152 30 employment
1058 762 24 23 in
1093 762 54 24 Van
1166 762 120 25 Diemeu's

703 789 74 29 Land,
790 791 44 23 and
854 791 49 24 that
923 793 18 23 it
960 794 72 31 might
1050 794 29 24 be
1090 795 72 24 worth
1173 796 67 24 while
1250 797 36 23 for

702 822 38 24 the
750 823 89 24 settlers
851 829 21 18 to
886 825 56 24 send
961 830 21 19 to
1001 827 49 24 that
1071 828 89 31 colony,
1180 830 46 23 and
1247 837 38 16 see

702 856 60 23 what
773 857 66 24 could
849 858 27 23 be
888 858 59 24 done
958 860 96 24 towards
1067 863 122 30 procuring
1205 871 43 16 one
1261 871 25 15 or

702 894 43 19 two
764 889 113 32 shiploads
896 891 26 24 of
943 893 124 31 emigrants
1086 894 35 24 for
1133 895 73 24 South
1220 896 64 23 Aus-

701 922 75 24 tralia.

760 955 51 25 The
822 956 49 24 hint
882 957 53 24 thus
948 958 86 25 thrown
1047 964 40 20 out
1098 961 20 22 is
1131 961 118 32 deserving
1262 962 25 23 of

701 989 117 29 attention,
832 990 42 23 and
886 991 82 24 should
980 992 17 24 it
1008 997 23 19 at
1042 994 32 23 all
1085 999 61 19 meet
1158 995 53 23 with
1223 995 59 31 pub-

701 1021 28 23 lic
740 1023 113 30 approval,
865 1023 39 24 the
915 1025 88 24 settlers
1021 1034 53 23 may
1093 1027 109 24 calculate
1222 1035 60 25 upon

701 1062 41 15 our
763 1055 50 24 best
835 1058 123 23 assistance
978 1059 23 23 in
1022 1060 60 24 their
1103 1060 139 24 endeavours
1261 1066 22 18 to

700 1088 137 31 accomplish
849 1097 24 16 so
886 1090 109 24 desirable
1007 1100 28 15 an

734 1121 44 23 We
789 1122 48 23 fear
854 1123 54 31 they
926 1124 73 24 would
1016 1126 50 22 find
1082 1126 134 24 themselves
1235 1126 47 24 dis-

700 1155 128 29 appointed.
862 1155 74 25 Work
948 1157 20 23 is
980 1158 78 30 plenty
1074 1160 90 30 enough
1184 1160 55 23 here
1259 1164 25 19 at

699 1188 168 31 remunerating
887 1197 82 23 wages,
992 1191 41 23 but
1052 1192 20 23 if
1098 1192 54 31 they
1173 1193 52 23 take
1244 1192 38 24 the

698 1221 127 28 specimens
846 1222 24 22 of
893 1222 125 32 humanity,
1040 1224 51 24 who
1114 1225 44 24 will
1169 1230 40 19 not
1219 1226 63 23 work

698 1251 66 24 when
776 1253 53 31 they
842 1262 47 20 can,
903 1256 44 22 and
964 1262 80 19 cannot
1065 1258 64 23 work
1148 1259 63 23 when
1228 1259 53 31 they

699 1284 51 29 will,
773 1293 32 15 we
828 1287 73 24 rather
922 1295 91 24 suspect
1031 1291 19 22 it
1072 1291 43 23 will
1136 1291 26 24 be
1173 1292 42 23 but
1223 1292 59 23 little

698 1317 125 32 advantage
836 1324 20 19 to
868 1320 39 24 the
919 1321 89 30 farmer,
1029 1330 82 24 except
1133 1329 22 18 to
1173 1332 109 17 consume

699 1350 36 23 his
747 1352 106 30 produce.

731 1391 152 32 Emigration,
895 1402 29 16 on
936 1402 14 16 a
961 1395 65 24 small
1038 1396 70 30 scale,
1117 1405 45 16 was
1169 1399 111 30 reviving.
1288 1421 2 4 .

698 1425 50 23 The
759 1425 97 24 Madras
875 1427 45 24 had
940 1429 94 29 arrived,
1055 1431 36 22 via
1113 1430 67 24 Swan
1199 1430 82 30 River,

697 1458 53 23 with
764 1467 12 14 a
793 1460 40 22 few
853 1462 132 29 emigrants.
1030 1462 84 24 Imaun
1134 1464 29 30 of
1175 1462 105 31 Muscat,

697 1491 37 23 the
757 1491 97 25 Francis
874 1491 90 33 Sprait,
989 1495 37 24 the
1051 1496 103 30 Corsair,
1176 1497 45 24 and
1242 1498 39 23 the

697 1521 73 35 Mary
783 1524 76 25 Nixon
871 1534 58 16 were
941 1528 46 23 laid
997 1536 37 16 on.
1081 1529 52 25 The
1154 1531 125 30 emigrants

698 1564 64 23 were,
776 1558 108 30 however,
901 1561 25 22 in
945 1562 91 29 general
1058 1563 68 24 small
1145 1564 134 31 capitalists,

696 1590 54 24 with
762 1591 58 24 from
832 1593 69 23 £500
916 1599 21 17 to
945 1595 95 28 £1,000
1051 1596 45 23 and
1107 1597 85 23 several
1201 1597 24 23 of
1235 1597 55 23 this-

696 1623 59 24 class
776 1632 57 16 were
846 1627 143 30 represented
1001 1636 24 15 as
1043 1628 74 32 likely
1129 1634 23 19 to
1161 1631 118 30 emigrate.

695 1657 23 23 A
742 1665 49 16 new
809 1663 46 19 rate
875 1660 26 22 of
930 1668 94 24 passage
1048 1670 83 23 money
1158 1663 42 24 had
1222 1663 63 24 been'

696 1690 99 31 brought
813 1692 45 23 into
877 1694 82 28 action,
977 1695 79 28 which,
1075 1696 120 31 excluding
1213 1697 70 28 wine,-

696 1724 86 30 spirits,
795 1725 44 23 and
850 1725 110 30 luxuries,
973 1728 80 28 would,
1066 1728 18 23 it
1101 1736 46 16 was
1157 1730 123 31 'supposed

694 1757 83 23 reduce
790 1757 37 24 the
837 1766 94 23 passage
950 1761 76 30 nearly
1046 1769 43 16 one
1101 1762 56 29 half,
1169 1763 110 31 certainly

695 1797 41 16 one
750 1790 68 30 third,
832 1792 103 31 allowing
947 1801 24 15 so
982 1794 67 23 much
1063 1803 63 15 more
1138 1796 82 31 capital
1242 1797 35 23 for

695 1823 36 23 the
745 1824 161 31 improvement
918 1826 25 23 of
959 1827 35 23 the
1006 1827 90 31 colony.

729 1857 50 23 The
791 1857 136 31 Legislative
936 1860 125 31 Assembly
1073 1869 46 15 was
1129 1867 21 18 to
1161 1862 55 24 have
1227 1867 48 19 met

694 1897 28 16 on
736 1890 38 23 the
786 1891 56 25 17th
851 1891 109 25 October.

727 1928 51 24 The
790 1934 51 26 port
851 1931 125 30 regulation
989 1939 58 17 were
1059 1933 47 23 still
1123 1932 76 32 loudly
1212 1942 64 16 com-

693 1961 91 30 plained
803 1963 30 27 of,
852 1970 23 16 as
893 1966 135 30 preventing
1046 1966 87 24 vessels
1153 1968 93 33 coming
1255 1973 22 19 to
1282 1968 4 12 ;

693 1994 37 22 the
743 2000 59 24 port.
847 1996 51 23 The
916 1996 104 24 Premier
1035 1999 87 30 merely
1142 2000 83 31 calling
1244 1999 42 31 jh,-

691 2023 45 26 and
748 2031 40 19 not
800 2025 117 34 breaking-
922 2029 63 28 bulk,
998 2038 25 15 or
1034 2031 86 31 selling
1131 2032 157 32 a,shilHng/sI

692 2058 80 28 worth,
796 2067 51 19 was.
860 2061 99 30 charged
978 2063 54 25 £26
1058 2066 67 27 145.,,
1139 2063 34 25 .of
1193 2063 91 30 whichf

693 2090 111 30 however,
816 2092 37 25 £7
865 2093 37 25 7s.
912 2090 49 27 Ws
976 2093 113 26 returned.

726 2128 95 24 Several
840 2130 94 25 whalers
952 2140 56 16 were
1028 2134 131 32 refreshing
1173 2140 26 18 at
1208 2135 73 24 Kan-

690 2169 70 23 garoo
784 2163 84 28 Island,
891 2164 101 25 deterred
1011 2166 29 31 by
1054 2166 37 24 the
1114 2173 50 26 port
1180 2168 97 32 charges

690 2195 59 23 from
761 2197 90 30 coming
859 2205 30 23 vp
891 2210 33 4 —
926 2206 28 14 no
967 2198 68 24 doubt
1048 2200 45 23 this
1110 2201 21 23 is
1151 2209 52 23 very
1223 2202 58 29 bad,-

691 2228 40 23 but
754 2236 62 17 some
839 2230 123 32 advantage
983 2232 40 23 has
1046 2233 57 24 been
1126 2234 38 23 the
1193 2236 81 23 result.

690 2261 51 23 The
762 2263 80 30 colony
858 2264 41 23 has
921 2264 55 24 been
994 2273 50 17 now
1065 2267 87 24 thrown
1170 2275 62 24 upon
1244 2270 32 21 its

689 2302 49 16 own
749 2303 125 18 resources.
912 2297 101 33 Perhaps
1023 2300 21 23 if
1058 2307 30 17 no
1100 2301 85 23 vessels
1195 2307 82 26 except

689 2328 65 23 those
763 2329 91 32 landing
871 2339 68 23 cargo
958 2340 56 16 were
1034 2333 108 32 charged,
1161 2335 17 23 it
1195 2336 80 30 might

688 2361 57 24 have
768 2363 38 23 the
827 2364 64 23 effect
912 2365 26 22 of
959 2365 106 33 bringing
1084 2367 65 24 those
1167 2368 49 24 who
1229 2368 46 24 had

688 2403 82 23 money
792 2401 22 18 to
837 2398 78 30 spend,
940 2399 43 23 and
1004 2405 97 26 prevent
1130 2401 62 24 those
1225 2402 49 23 who

688 2429 89 23 wanted
787 2434 22 19 to
821 2430 52 24 take
885 2432 27 23 it.

722 2462 39 24 On
773 2462 37 24 the
821 2464 49 23 first
880 2465 25 23 of
915 2465 141 32 September,
1068 2467 38 24 the
1116 2467 50 25 first
1176 2468 99 32 plough-

687 2495 40 31 ing
739 2496 84 29 match,
836 2498 62 23 since
910 2498 38 24 the
957 2499 132 25 foundation
1101 2501 27 24 of
1136 2501 37 24 the
1185 2502 89 31 colony,

687 2536 45 16 was
741 2528 52 24 hald
801 2535 23 18 at
834 2530 138 26 Thebarton.
1008 2533 24 24 It
1040 2538 61 20 went
1110 2535 35 23 off
1151 2535 124 32 extremely

687 2562 57 29 well,
766 2563 64 24 there
849 2572 58 17 were
925 2566 78 24 twelve
1020 2568 154 31 competitors,
1187 2569 44 23 five
1251 2570 26 22 of

686 2595 74 25 whom
783 2597 103 25 obtained
909 2599 83 31 prizes.
1038 2600 70 25 After
1130 2602 36 23 the
1187 2602 85 30 match,

686 2629 70 24 about
774 2636 93 26 seventy
879 2639 97 24 persons
987 2638 34 19 sat
1037 2634 67 24 down
1117 2640 23 18 to
1152 2636 80 23 dinner
1251 2641 23 19 at

686 2662 38 24 the
734 2663 102 25 Auction
847 2665 65 24 Mart
923 2665 97 30 Tavern,
1030 2667 80 25 James
1118 2668 72 30 Frew,
1204 2669 68 32 Esq.,

686 2696 24 23 in
722 2697 38 23 the
773 2697 70 23 chair.

865 2763 226 27 ENGLAND.

719 2817 52 25 Our
791 2819 66 25 latest
881 2820 93 33 Sydney
986 2822 63 24 dates
1069 2824 29 31 by
1117 2824 39 24 the
1177 2824 94 32 Tjrian,

685 2859 37 15 are
736 2857 21 18 to
770 2852 37 24 the
820 2855 53 22 21st
881 2853 109 26 October.
1020 2856 52 24 The
1080 2857 90 32 Sydney
1180 2859 95 24 Herald

684 2884 26 24 of
719 2885 38 24 the
765 2886 98 25 Jii4k'<jf
872 2887 109 31 October,
993 2897 132 18 announces
1136 2892 36 24 the
1185 2893 87 32 receipt

684 2918 26 23 of
722 2918 101 33 English
835 2920 68 25 News
915 2921 30 32 by
957 2923 36 23 the
1004 2922 132 32 Hydrabad
1148 2930 20 19 to
1181 2926 39 24 the
1237 2929 35 22 Ist

683 2952 64 31 July.

717 2986 52 24 The
780 2987 45 23 rise
836 2988 22 23 in
870 2988 38 24 the
920 2991 62 29 price
991 2991 25 23 of
1025 2991 58 24 wool
1093 2991 46 24 had
1148 2993 57 24 been
1218 2993 54 31 only

682 3023 137 28 temporary,
854 3021 51 25 The
917 3024 62 31 price
990 3031 45 17 was
1048 3024 69 25 about
1128 3026 37 24 the
1176 3034 65 16 same
1253 3027 18 23 it

682 3059 46 17 was
740 3053 46 24 last
797 3054 129 33 February.
1023 3053 5 9 *

717 3085 77 26 Trade
805 3095 44 17 was
859 3089 70 24 much
946 3090 89 25 brisker
1053 3090 56 26 than
1121 3092 19 24 it
1156 3092 44 26 had
1211 3093 59 25 been

682 3119 34 24 for
727 3127 65 17 some
804 3122 60 24 time.

715 3153 52 24 The
780 3154 87 32 Repeal
878 3158 109 30 agitation
997 3160 124 23 continued
1128 3167 53 25 very
1188 3161 81 29 active,

681 3185 41 25 but
733 3187 19 23 it
763 3194 46 17 was
827 3190 113 31 supposed
951 3191 20 24 if
985 3191 42 24 left
1037 3193 68 24 alone
1117 3194 19 23 it
1147 3194 73 25 would
1232 3194 38 25 die

682 3227 14 15 a
706 3221 91 23 natural
809 3221 73 26 death.

715 3252 52 24 The
786 3254 58 24 Vice
855 3255 136 26 Chancellor
1008 3258 45 24 had
1072 3261 130 31 suspended
1220 3261 44 26 Dr.

771 3287 59 24 from
849 3289 124 32 preaching
984 3291 77 25 before
1079 3292 39 24 the
1132 3294 135 33 University

680 3319 36 23 for
734 3324 44 20 two
797 3328 72 25 years.
907 3323 52 25 The
978 3324 89 25 Doctor
1086 3325 46 26 had
1151 3328 117 32 protested

680 3353 90 31 against
781 3354 39 24 the
831 3360 114 27 sentence,
957 3358 44 24 and
1012 3366 14 16 a
1037 3367 125 19 numerous
1174 3361 60 32 body
1246 3362 24 24 of

680 3386 94 30 Tutors,
785 3387 45 25 and
839 3389 98 25 Officers
949 3391 33 27 of,
990 3392 122 33 Colleges,'
1117 3394 46 25 had
1173 3396 95 24 addres-

680 3421 39 22 sed
738 3420 39 24 the
791 3421 58 25 Vice
866 3422 143 33 Chancellor,
1028 3429 134 31 requesting
1178 3429 49 25 him
1245 3434 22 19 to

679 3457 58 21 state
750 3454 38 25 the
807 3457 100 32 grounds
925 3466 62 24 upon
1004 3459 75 25 which
1097 3461 31 24 he
1139 3462 76 25 rested
1231 3462 37 25 his
1289 3452 2 7 '

679 3487 109 31 decision,
799 3489 72 25 which
882 3490 46 26 had
936 3492 56 25 been
1002 3493 106 27 declined
1117 3495 37 25 for
1164 3496 39 24 the
1213 3504 54 21 pre-

679 3525 59 22 sent.
1289 3522 2 25 ;

713 3555 48 24 Mr.
784 3556 77 25 Hume
879 3559 83 24 moved
981 3560 50 24 that
1051 3560 39 25 the
1107 3562 122 26 allowance
1244 3563 26 25 of
1289 3569 2 15 :

677 3589 123 30 £21,000,
819 3590 74 25 which
913 3592 39 24 the
971 3593 66 33 King
1054 3595 28 24 of
1098 3596 111 25 Hanover
1228 3605 37 16 re-

677 3622 78 24 ceived
775 3631 27 16 as
819 3623 80 25 Dukev
910 3626 26 24 of
955 3626 155 28 Cumberland
1129 3631 29 24 be
1174 3630 92 25 discon-
1289 3635 2 16 :

676 3655 87 27 tinued,
800 3656 50 25 The
866 3659 86 24 motion
964 3668 45 16 was
1020 3661 47 25 lost
1085 3664 31 31 by
1128 3664 47 26 197
1187 3669 24 19 to
1221 3666 42 22 91.
1289 3669 2 16 i

710 3688 52 25 The
780 3689 108 26 Princess
905 3692 110 33 Augusta
1024 3695 27 24 of
1068 3697 138 31 Cambridge
1218 3705 47 16 was
1289 3701 2 16 i

674 3723 99 24 married
781 3728 23 19 to
814 3723 37 25 the
857 3725 72 25 Duke
938 3727 24 23 of
973 3727 187 35 Mecklenburgh
1169 3731 95 24 Strelitz
1289 3735 2 25 ]

675 3763 29 18 on
714 3756 41 25 the
767 3757 59 25 28th
844 3758 68 26 June.
948 3760 51 26 The
1010 3763 93 30 Queen,
1122 3764 83 25 Prince
1217 3764 48 29 AJ-
1287 3769 3 20 J

674 3789 57 30 bert,
745 3790 38 25 the
794 3790 67 34 King,
866 3793 26 24 of
901 3793 119 33 Hanover,
1031 3796 47 25 and
1091 3797 39 25 the
1140 3798 65 31 King
1216 3798 47 25 and
1289 3803 2 14 i

674 3823 83 27 Queen
767 3824 27 25 of
803 3825 38 25 the
852 3826 118 33 Belgians,
980 3837 57 18 were
1046 3838 90 24 Among
1147 3831 38 24 the
1195 3831 68 26 illus-
1289 3836 2 9 '

672 3857 73 24 trious
755 3866 95 24 persons
861 3866 96 26 present
968 3867 23 20 at
1002 3863 38 25 the
1052 3865 122 31 marriage.
1202 3864 61 30 ~Thf
1289 3867 1 26 J

672 3890 83 25 House
767 3892 27 24 of
808 3892 123 27 Commons
943 3896 66 24 voted
1025 3897 101 28 £3,000
1137 3905 15 17 a
1167 3906 56 23 year
1228 3902 36 25 Jo
1289 3896 2 24 '.

671 3923 39 28 the
722 3924 109 25 Princess
842 3934 24 17 as
877 3934 16 17 a
903 3930 111 31 marriage
1021 3930 114 31 -portion..
1173 3954 22 4 ..
1203 3944 10 14 ?
1264 3944 5 13 ;
1289 3937 2 24 ;

705 3957 52 25 The
774 3958 110 26 Uniform-
900 3961 33 25 of-
945 3962 38 24 the
1003 3962 76 25 Naval
1097 3952 105 38 Oliicers,
1211 3965 57 26 &a»:
1288 3970 2 25 1

1922 149 38 23 the
1979 149 111 31 daughter
2106 147 35 27 of
2149 151 38 23 the
2204 151 71 25 Duke
2292 152 31 24 of
2331 152 170 33 Cambridge—

1921 181 65 24 when
1996 181 39 25 the
2055 190 55 16 once
2127 188 67 26 great
2210 185 45 23 and
2271 184 76 32 happy
2356 185 107 31 England
2479 188 22 23 is

1922 214 54 23 thus
1995 215 111 31 critically
2127 216 184 30 circumstanced,
2335 218 22 24 is
2378 218 63 24 there
2460 224 41 20 not

1921 246 115 25 abundant
2047 255 81 17 reason
2138 248 37 24 for
2185 248 70 25 alarm
2262 250 11 23 ?

1955 279 139 25 Canadian
2112 280 82 25 Beef.
2196 292 33 7 —
2234 282 47 24 Mr.
2301 282 32 24 G.
2354 282 103 30 Straker,
2478 283 27 25 of

1920 311 137 31 Newcastle,
2069 313 131 23 astonished
2218 313 38 24 the
2272 315 108 24 butchers
2392 315 44 24 and
2448 316 53 24 bro-

1920 343 54 25 kers
1985 345 25 24 of
2025 345 39 24 the
2076 345 118 32 Quayside
2205 352 39 18 not
2255 354 14 16 a
2278 347 58 24 little
2347 356 29 16 on
2389 348 112 25 Wednes-

1921 376 42 31 day
1982 377 50 25 last.
2070 378 40 24 He
2128 378 89 33 opened
2234 387 14 15 a
2269 379 55 24 cask
2342 381 26 23 of
2383 380 119 27 Canadian

1919 409 54 24 beef
1987 412 23 22 in
2023 411 58 24 their
2093 419 117 24 presence,
2222 411 45 24 and
2287 411 114 26 exhibited
2418 422 26 16 as
2455 415 47 24 fine

1919 450 30 16 an
1966 444 78 23 article
2063 453 27 15 as
2110 444 65 24 could
2196 445 28 23 be
2243 444 115 32 produced
2375 446 61 29 here,
2455 446 48 24 and

1921 475 71 25 which
2010 476 46 24 had
2073 477 53 31 only
2138 482 49 19 cost
2207 477 49 24 him
2274 478 53 25 375.
2340 477 40 24 6d.
2392 486 40 22 per
2451 480 51 23 200

1917 507 56 31 lbs.,
1993 517 25 15 or
2038 507 57 34 2|d.
2117 517 40 24 per
2175 510 76 31 pound
2261 510 6 24 !
2328 510 51 24 The
2398 511 67 30 proof
2478 510 27 26 of

1919 540 38 24 the
1968 541 103 32 pudding
2082 543 20 23 is
2113 543 24 23 in
2149 542 38 24 the
2195 544 77 30 eating
2279 552 8 21 ;
2324 550 33 17 we
2365 544 55 23 have
2428 543 74 26 tasted

1919 573 37 24 the
1968 574 59 29 beef,
2038 575 45 24 and
2094 574 70 25 found
2175 576 19 23 it
2213 581 24 19 to
2256 576 28 24 be
2299 577 81 32 prime.
2382 588 35 6 —
2419 576 81 25 Gates*

1919 605 59 25 head
1990 606 121 25 Observer.

1952 639 58 24 The
2023 647 60 17 new
2095 641 109 24 French
2217 641 113 26 Colony.
2332 654 34 6 —
2367 642 51 25 The
2427 640 86 26 Siecle-

1918 677 78 24 states,
2008 673 50 23 that
2069 673 38 24 the
2118 674 41 23 bill
2170 674 120 31 presented
2302 680 22 18 to
2335 675 38 24 the
2387 675 115 25 Chamber

1919 705 25 22 of
1957 705 114 31 Deputies
2083 707 35 22 for
2135 707 120 31 providing
2266 708 34 23 for
2311 708 40 23 the
2362 708 90 24 French
2464 715 38 17 es-

1919 737 158 25 tablishments
2097 744 23 18 at
2138 739 124 31 Polynesia
2280 740 100 24 declares
2393 741 55 28 that,
2461 748 40 17 ac-

1919 771 95 31 cording
2025 776 23 19 to
2060 771 31 24 all
2109 772 163 31 probabilities,
2286 772 37 24 the
2344 774 104 30 ordinary
2460 781 42 17 ex-

1918 811 81 23 penses
2010 809 83 19 cannot
2102 805 83 23 exceed
2197 806 153 28 2,800,000f.
2359 813 14 15 a
2383 813 61 23 year,
2457 806 46 24 and

1919 836 49 23 that
1980 837 37 23 the
2029 845 81 16 reason
2122 839 25 22 of
2156 838 137 31 demanding
2303 839 153 29 6,000,000f.
2467 839 37 24 for

1919 869 46 22 this
1976 877 53 23 year
2040 871 21 22 is
2073 875 23 19 to
2108 871 78 30 defray
2197 872 40 22 the
2257 879 113 23 expenses
2389 872 24 22 of
2427 880 14 15 a
2452 879 51 17 new

1918 902 180 31 establishment,
2111 904 74 23 whicli
2206 903 45 24 will
2272 907 40 20 not
2330 905 89 30 require
2439 910 23 18 to
2473 905 31 24 be

1917 935 111 24 renewed.
2091 936 66 23 Even
2176 936 82 24 should
2278 936 62 24 these
2356 937 148 24 calculations

1917 975 69 23 prove
1999 972 22 19 to
2032 968 30 24 be
2197 970 105 22 observes
2316 970 37 23 the
2365 968 82 30 Siecle,
2485 971 19 23 it

1917 1001 74 23 would
2003 1001 27 23 be
2042 1002 51 23 well
2104 1006 23 19 to
2139 1002 106 24 consider
2255 1002 101 24 whather
2367 1002 38 24 the
2417 1002 85 25 advan-

1918 1037 63 27 tages
1992 1038 23 19 to
2036 1034 29 23 be
2086 1034 91 24 derived
2197 1035 60 23 from
2276 1035 39 23 the
2332 1036 131 30 possession
2481 1035 26 25 of

1919 1074 62 15 some
1992 1067 76 30 points
2080 1068 24 23 in
2116 1067 124 31 Polynesia
2251 1075 38 16 are
2300 1068 128 31 equivalent
2439 1073 22 19 to
2474 1076 30 17 an

1918 1099 83 23 annual
2020 1101 102 22 sacrifice
2143 1101 25 23 of
2182 1101 152 28 2,800,0001.
2349 1108 40 24 per
2409 1108 95 18 annum.

1919 1131 47 24 But
1987 1132 45 23 this
2053 1141 51 16 sum
2127 1134 20 22 is
2168 1134 114 31 evidently
2304 1135 142 31 inadequate,
2466 1135 38 24 for

1920 1166 74 28 1,200
2005 1173 53 16 men
2070 1175 37 15 are
2116 1171 38 19 not
2166 1167 114 23 sufficient
2292 1171 22 19 to
2327 1168 109 23 maintain
2447 1175 55 24 pos-

1918 1199 95 28 session,
2026 1200 23 22 in
2062 1208 14 14 a
2086 1200 100 30 military
2196 1201 64 29 point
2267 1200 24 23 of
2301 1201 63 28 view,
2373 1201 25 23 of
2407 1209 13 15 a
2432 1201 71 24 series

1919 1232 25 22 of
1967 1232 110 30 positions
2098 1234 25 22 in
2143 1234 131 31 possession
2295 1234 25 22 of
2339 1233 163 31 Englishmen.

1919 1263 43 25 We
1983 1265 94 23 foresaw
2098 1265 46 24 this
2163 1267 183 28 inconvenience,
2368 1267 76 22 which
2465 1267 39 24 did

1918 1302 40 18 not
1968 1305 79 23 escape
2056 1299 37 22 the
2102 1298 90 31 jealous
2201 1300 100 29 sagacity
2311 1300 25 22 of
2344 1299 38 23 the
2394 1299 109 31 English.

1919 1329 51 24 The
1988 1329 82 31 Times,
2090 1332 57 23 after
2166 1332 85 30 having
2272 1331 104 31 candidly
2398 1332 106 23 acknow-

1919 1362 80 32 ledged
2010 1363 38 23 the
2060 1364 61 30 right
2133 1364 26 23 of
2174 1364 97 28 France,
2284 1364 79 30 added,
2377 1366 7 10 '
2396 1364 108 32 England

1919 1396 71 29 ought
2001 1401 40 18 not
2053 1402 23 17 to
2090 1397 26 23 be
2127 1404 87 24 uneasy
2225 1402 24 18 at
2260 1397 38 25 the
2310 1399 101 23 exercise
2422 1399 24 23 of
2456 1399 47 24 this

1919 1429 61 30 right
1990 1429 25 23 in
2027 1429 132 32 Polynesia,
2172 1438 26 15 as
2216 1431 19 23 it
2254 1431 20 24 is
2288 1430 104 25 doubtful
2403 1431 101 25 whether

1919 1461 38 24 the
1969 1469 112 24 expenses
2093 1463 46 24 will
2150 1469 41 18 not
2210 1464 83 24 exceed
2313 1465 40 23 the
2365 1465 139 31 advantages

1919 1500 23 18 to
1954 1495 104 24 France.'
2093 1496 44 25 We
2149 1496 80 32 adjure
2241 1497 37 24 the
2291 1497 122 30 Chamber,
2426 1498 77 24 there-

1918 1528 55 29 fore,
1985 1533 40 19 not
2036 1534 23 19 to
2071 1535 51 19 vote
2144 1529 38 25 the
2199 1530 41 24 bill
2256 1531 121 31 presented
2396 1536 23 19 to
2439 1531 65 25 them

1919 1562 92 23 without
2031 1568 88 19 mature
2140 1564 174 24 consideration.
2359 1563 27 24 If
2406 1564 18 23 it
2443 1571 60 18 were

1917 1594 100 31 possible
2029 1601 23 18 to
2064 1601 74 19 create
2149 1604 14 16 a
2175 1596 57 24 solid
2242 1596 172 24 establishment
2420 1603 23 18 at
2455 1597 48 25 Po-

1917 1628 94 30 lynesia,
2025 1630 92 31 capable
2130 1631 26 22 of
2169 1630 109 30 resisting
2298 1630 39 23 the
2350 1629 106 31 English,
2468 1637 36 17 we

1917 1661 82 24 should
2011 1668 40 18 not
2062 1663 75 31 object
2155 1667 23 19 to
2191 1663 38 23 the
2242 1670 98 24 expense
2353 1672 6 20 ;
2378 1663 42 24 but
2431 1663 72 25 under

1918 1695 99 31 existing
2040 1696 178 23 circumstances
2239 1703 32 17 we
2292 1702 62 18 must
2375 1698 129 23 economise

1918 1735 41 15 our
1971 1728 109 30 finances,
2093 1729 44 23 and
2149 1733 40 19 not
2201 1729 146 26 disseminate
2367 1737 42 16 our
2420 1730 82 29 forces,

1917 1761 35 23 for
1963 1761 59 24 what
2034 1762 94 23 renders
2141 1762 38 24 the
2191 1763 112 23 maritime
2315 1770 76 24 power
2402 1763 25 23 of
2436 1763 68 31 Eng-

1917 1794 53 23 land
1990 1795 133 23 vulnerable
2142 1796 29 28 is,
2185 1795 49 24 that
2252 1796 40 24 she
2312 1796 43 24 has
2376 1800 38 19 too
2436 1804 68 23 many

1917 1828 76 30 points
2004 1833 24 18 to

1950 1860 75 25 Lord
2043 1861 160 25 Brougham.
2204 1874 35 5 —
2240 1862 50 24 The
2312 1867 64 26 great
2399 1870 63 17 error
2480 1862 27 26 of

1917 1893 64 24 Lord
2000 1895 132 31 Brougham
2144 1897 21 22 is
2182 1904 14 15 a
2214 1900 60 19 want
2292 1897 26 22 of
2336 1897 126 24 steadiness
2481 1897 27 24 of

1917 1928 105 24 conduct.
2048 1928 51 24 .He
2118 1929 60 31 daily
2191 1929 139 32 approaches
2344 1938 63 16 more
2419 1929 86 32 closely

1917 1965 23 19 to
1951 1961 166 31 Bolingbroke,
2125 1963 55 22 with
2192 1963 74 23 whom
2277 1963 28 24 he
2318 1963 41 24 has
2371 1963 63 24 often
2445 1963 58 24 been

1917 1995 127 31 compared,
2058 1996 44 23 and
2121 1996 21 23 is
2161 1996 47 23 fast
2218 1996 133 31 destroying
2361 1996 40 24 the
2414 1997 90 23 useful-

1917 2035 52 16 ness
1978 2027 25 24 of
2008 2027 37 24 his
2055 2029 104 31 splendid
2168 2029 83 24 talents
2258 2029 31 31 by
2294 2030 106 30 personal
2408 2030 97 31 caprice;

1917 2061 84 29 vanity,
2014 2060 45 23 and
2070 2062 178 30 inconsistency.
2284 2062 109 31 Looking
2474 2071 31 16 on

1916 2093 36 24 his
1961 2093 57 30 long
2034 2094 47 23 and
2097 2095 102 26 brilliant
2211 2103 77 16 career
2288 2107 34 5 —
2322 2096 36 26 his
2370 2097 98 22 services
2479 2097 27 24 in

1917 2125 37 23 the
1975 2132 68 17 cause
2062 2126 28 23 of
2107 2126 129 33 humanity,
2255 2128 127 30 toleration,
2403 2129 44 23 and
2465 2129 40 24 the

1917 2157 118 25 education
2048 2159 24 23 of
2079 2159 40 24 the
2130 2161 81 31 people
2211 2173 35 5 —
2246 2168 32 16 we
2288 2166 82 19 cannot
2379 2162 41 24 but
2429 2166 77 27 regret

1917 2191 55 24 that'
1977 2199 44 23 any
2029 2193 66 23 mists
2105 2193 81 24 should
2199 2194 58 23 arise
2265 2198 23 20 to
2297 2194 66 24 cloud
2375 2195 36 24 his
2418 2196 87 31 setting

1917 2232 42 16 sun
1968 2234 7 19 ;
1994 2225 41 24 but
2057 2226 37 24 the
2113 2227 45 23 fact
2177 2227 27 30 is,
2219 2235 32 15 we
2269 2228 55 29 fear,
2342 2233 37 19 too
2400 2229 102 24 obvious.

1917 2258 47 23 His
1974 2266 65 17 name
2051 2258 42 25 has
2104 2260 44 24 lost
2155 2260 39 24 the
2206 2260 78 25 charm
2293 2262 18 22 it
2320 2269 55 17 once
2382 2262 122 31 possessed

1915 2304 34 5 —
1950 2291 35 24 his
1997 2292 122 32 eloquence
2138 2302 76 16 seems
2232 2295 53 31 only
2297 2294 38 25 the
2352 2295 63 24 knell
2427 2295 24 24 of
2465 2296 39 24 his

1916 2325 107 32 departed
2043 2332 127 25 greatness.
2207 2327 51 24 The
2276 2329 129 31 suspicions
2425 2328 26 25 of
2465 2329 38 25 his

1916 2359 62 31 early
1989 2359 86 24 friends
2088 2360 56 24 have
2156 2361 94 31 ripened
2261 2363 47 22 into
2321 2363 118 31 certainty.
2458 2362 46 29 W$

1915 2394 47 22 met
1975 2400 40 16 one
2025 2393 26 24 of
2061 2394 71 30 these,
2145 2394 25 24 in
2181 2394 107 30 London,
2300 2396 46 23 last
2358 2397 87 30 spring,
2454 2396 25 24 in
2488 2405 15 17 a

1916 2434 110 24 company
2037 2427 76 24 where
2125 2427 38 24 the
2179 2429 157 24 conversation
2349 2429 116 32 happened
2478 2434 24 20 to

1916 2464 52 19 turn
1975 2467 28 16 on
2008 2460 38 24 the
2052 2461 78 31 public
2134 2462 124 31 principles
2264 2462 25 23 of
2292 2462 64 24 Lord
2361 2462 141 32 Brougham.

1939 2493 71 24 Much
2021 2494 20 23 is
2051 2494 49 24 said
2109 2495 26 23 of
2137 2495 160 31 "Brougham's

1914 2526 120 25 remarked
2046 2528 38 24 the
2095 2528 131 31 gentleman
2238 2530 23 22 in
2274 2530 113 30 question,
2434 2529 41 25 but
2486 2529 14 29 X

1915 2559 66 24 could
1991 2568 69 17 never
2071 2569 38 16 see
2121 2562 26 24 it.
2185 2561 39 25 He
2246 2563 19 23 is
2277 2563 39 23 the
2326 2570 64 17 same
2401 2570 53 17 man
2471 2563 30 26 he

1913 2601 45 16 was
1970 2594 60 31 forty
2043 2602 65 23 years
2121 2603 50 24 ago,
2185 2595 65 24 when
2267 2603 33 17 we
2319 2603 58 17 were
2390 2600 23 20 at
2424 2596 77 25 Edin-

1914 2627 75 32 burgh
2001 2627 86 32 college
2099 2629 105 30 together
2205 2641 32 5 —
2238 2636 33 16 tee
2290 2628 34 24 all
2342 2629 108 30 admired,
2463 2629 41 25 but

1912 2660 87 31 nobody
2011 2662 91 23 trusted
2183 2674 34 5 —
2217 2661 121 25 Inverness
2351 2662 100 26 Courier.
