2569 4050
1908 2759 61 20 Cows
1978 2775 5 4 .
1999 2759 33 20 Mi

1910 3902 75 19 Printed
1997 3902 38 17 and
2048 3903 97 20 published
2161 3907 55 18 every
2233 3903 111 21 Wedneid»y
2359 3901 37 20 apd
2404 3897 79 21 Saturday

1930 3923 90 21 morning,
2034 3923 24 21 by
2075 3924 86 17 Bahttb&
2174 3925 87 17 Rxtahi,
2277 3925 21 15 »t
2312 3924 32 16 the
2359 3922 52 18 Office
2426 3920 20 17 of
2455 3920 27 14 en*

1931 3945 49 17 N*w
1994 3944 28 17 Zt
2023 3947 68 14 ai.and
2102 3945 93 17 Gamtts
2206 3948 41 13 akd
2258 3944 141 19 Wxklihqtqv-
2408 3942 68 17 B*****

1930 3970 44 14 to*,
1985 3965 157 20 Manntrs-itrot,
2150 3965 115 21 Wellington,
2277 3965 43 17 Pott
2328 3962 105 24 jNldfcolaon,
2445 3961 38 16 «••

575 50 240 54 W&fr'Weto
842 52 205 42 Zealaufc
1074 52 189 47 <&a*tttc
1287 51 91 41 mb
1404 51 299 48 WlMiuqton
1727 49 252 50 $j>srtator.

1904 140 218 24 WHOLESALE
2152 141 125 25 PRICES
2312 142 169 30 CURRENT.

2003 179 132 14 CORRECTED
2149 180 29 14 UP
2194 180 29 15 TO
2237 180 54 15 LAST
2309 180 80 15 NIGHT.

2243 205 17 18 £
2281 210 16 13 ••
2321 207 19 17 d.
2393 207 17 18 £
2465 213 12 17 4

1905 233 50 22 Alb
1962 240 6 15 :
1982 240 41 21 per
2032 232 49 23 hbd
2246 236 13 20 6
2288 236 14 20 0
2328 237 15 20 0
2360 250 6 6 .
2373 251 5 6 .
2396 238 14 21 0
2436 240 13 20 0
2472 243 12 20 0

2079 267 38 20 per
2123 261 102 22 barrel..
2242 262 56 21 410
2326 264 15 19 0
2357 276 20 7 ..
2394 264 17 21 6
2435 267 13 19 0
2472 270 12 20 0

2079 287 90 28 perdoz
2246 289 52 21 011
2330 290 15 19 0
2361 302 18 8 ..
2397 292 51 21 013
2472 297 12 19 o

1905 313 98 22 Arrack
2011 320 5 14 :
2033 313 43 22 Per
2083 313 43 26 gal.
2136 314 26 22 in
2171 314 61 22 bond
2246 316 13 20 0
2288 315 12 21 1
2328 316 15 20 6
2359 329 6 7 .
2372 329 6 7 .
2395 318 14 19 0
2434 320 13 19 2
2471 326 12 13 n

1905 339 78 22 Bread
1992 347 5 14 :
2013 339 43 23 Per
2065 340 42 22 21b.
2119 339 51 23 loaf
2183 343 77 19 ....0
2288 343 14 20 0
2328 343 82 22 4..0
2434 346 13 19 0
2470 348 12 21 5

1905 366 71 22 Beef:
1994 366 76 28 Fresh,
2088 374 90 15 carcase
2194 374 42 20 per

2020 393 24 21 lb
2243 396 14 19 0
2284 395 13 19 0
2326 395 14 21 8
2358 408 19 8 ..
2395 397 15 20 0
2434 398 46 24 011

2012 420 53 25 Salt,
2075 427 39 20 per
2127 421 69 21 tierce
2210 421 90 21 ..310
2326 423 16 19 0
2357 435 7 7 .
2370 435 7 7 .
2395 424 14 19 6
2434 425 13 20 0
2469 429 12 19 0

1905 447 94 21 Butter
2007 454 4 14 :
2030 446 62 27 Irish,
2102 454 41 20 per
2151 447 31 22 lb.
2208 461 5 7 .
2220 461 7 7 .
2245 449 13 20 0
2286 449 14 21 0
2327 449 15 20 9
2358 462 6 6 .
2371 462 6 8 .
2394 451 14 19 0
2436 451 9 21 1
2470 454 11 20 5

2025 474 66 22 Fresh
2247 476 13 20 0
2288 476 14 20 2
2328 476 15 20 0
2362 478 49 19 ...0
2436 477 13 21 2
2471 482 12 19 6

1905 501 98 21 Brandy
2009 508 6 14 :
2030 501 58 21 First
2093 501 94 27 quality,
2195 508 41 20 per

2052 527 74 27 gallon
2136 528 23 21 in
2170 527 61 21 bond
2244 529 14 20 0
2284 528 16 22 4
2327 529 15 21 0
2359 542 5 6 .
2371 542 7 6 .
2395 530 13 20 0
2434 529 12 22 7
2469 534 11 20 6

1905 554 85 22 Brown
2010 555 85 21 Stout:
2118 561 41 21 per
2171 553 56 22 hhd.
2241 555 13 20 5
2282 555 15 21 0
2323 556 14 20 0
2354 569 20 6 ..
2394 555 12 22 7
2432 556 12 21 5
2467 561 12 19 0

1905 581 87 22 Cigars
1999 588 5 15 :
2016 581 101 27 Manilla,
2126 588 40 20 per
2171 581 63 27 1000,

1996 627 4 8 ;
2051 608 25 22 in
2084 608 143 23 b0nd......
2244 609 14 21 2
2284 609 16 20 0
2326 609 82 22 0..2
2423 610 23 20 10
2469 614 10 20 0

2001 634 139 23 '.Chinsurah
2143 641 40 20 per
2189 635 70 21 10001
2289 635 14 21 0
2330 637 50 19 0..
2397 637 14 19 0
2436 638 12 19 0
2470 642 10 18 0

1905 663 87 21 Coffee
1999 669 5 14 :
2015 661 64 27 Java,
2088 669 40 20 per
2136 661 31 22 lb.
2180 675 7 7 .
2195 658 6 24 '.
2209 675 6 7 .
2221 676 6 6 .
2245 663 96 20 003
2359 676 5 6 .
2371 675 6 7 .
2395 663 51 21 00
2469 665 10 22 7

1905 689 89 21 Cheese
2001 696 5 14 :
2022 688 104 22 Cheshire
2245 690 13 20 0
2286 689 12 19 1
2326 689 82 21 6..0
2434 690 12 20 0
2469 694 10 19 0

2020 715 56 22 Pine
2086 715 74 27 Apple
2180 717 78 20 ....0
2287 715 11 21 1
2326 716 14 20 2
2359 729 5 6 .
2371 729 6 6 .
2395 717 14 19 0
2434 718 12 19 0
2469 720 10 20 0

2020 741 75 23 Dutch
2246 743 12 23 Q
2286 743 14 21 0
2328 743 14 20 8
2358 755 20 7 ..
2396 743 14 21 0
2434 744 12 20 0
2460 744 19 23 10

1905 769 104 22 Candles
2017 776 5 14 :
2030 767 93 28 English
2130 776 58 19 wax,
2194 776 41 20 per

2046 795 23 22 lb
2244 797 13 20 0
2284 796 15 21 2
2326 796 14 21 3
2357 809 20 7 ..
2394 797 15 19 0
2434 796 12 21 3
2469 800 10 20 0

2013 823 75 26 Sperm
2246 824 13 20 0
2288 823 90 21 110..
2396 824 14 19 0
2436 824 12 19 0
2469 828 10 19 o

2011 849 79 22 Mould
2243 851 14 19 0
2284 851 14 20 0
2326 851 15 20 6
2357 863 20 7 ..
2395 851 14 19 0
2436 851 12 20 0
2469 853 10 20 8

2013 876 56 27 Dips
2244 878 13 19 0
2284 878 15 19 0
2325 877 84 20 5..0
2435 877 13 20 0
2469 880 10 20 0

1905 903 93 22 Flour:
2008 904 33 20 Ist
2046 903 91 26 quality,
2149 905 83 25 perton

2025 929 26 22 of
2062 929 95 22 200Olbs
2230 930 25 20 16
2282 930 15 20 0
2324 931 14 19 0
2355 930 51 20 ..20
2433 931 13 19 0
2470 935 9 19 0

2002 957 45 21 2nd
2058 956 54 22 ditto
2232 957 25 20 12
2284 957 15 19 0
2326 958 14 19 0
2357 957 51 20 ..16
2434 958 13 19 0
2470 962 9 18 0

1903 983 74 23 Flax:
1995 983 28 22 N.
2035 983 26 22 Z.
2071 990 38 20 per
2118 986 38 18 ton
2181 983 76 21 ....15
2284 984 15 20 0
2326 984 15 20 0
2359 997 19 6 ..
2394 984 14 20 0
2434 984 12 20 0
2469 988 10 19 0

1928 1011 43 21 Do.
1974 1021 28 4 —
2004 1018 28 13 on
2040 1009 94 22 board—
2136 1009 117 28 pressedl7
2281 1011 15 20 0
2323 1011 14 20 0
2355 1023 19 7 ..
2391 1011 15 20 0
2431 1011 13 20 0
2467 1014 10 20 0

1904 1038 58 21 Gin:
1985 1037 52 22 Pale
2055 1037 22 21 in
2087 1037 60 21 bond
2244 1038 13 20 0
2283 1037 14 21 3
2326 1038 14 20 6
2357 1051 18 6 ..
2393 1038 14 19 0
2432 1037 12 20 5
2468 1041 10 20 6

1951 1064 63 25 Case,
2022 1065 15 20 4
2043 1063 36 27 gal
2087 1064 37 21 4-5
2134 1064 23 21 in
2167 1063 62 22 bond
2244 1064 10 20 1
2283 1064 14 20 4
2324 1065 15 19 0
2356 1077 19 7 ..
2394 1064 10 20 1
2433 1064 11 21 8
2468 1068 9 19 0

1905 1091 17 20 rJ
1929 1098 42 14 ams
1979 1099 5 13 :
2001 1090 127 27 Yorkshire,
2143 1098 40 19 per
2192 1090 23 21 lb
2224 1106 5 5 .
2244 1092 13 19 0
2284 1091 15 20 0
2324 1091 14 20 7
2357 1105 6 5 .
2370 1105 7 5 .
2394 1092 14 19 0
2434 1092 45 21 010

1903 1117 127 22 Mustard:
2046 1117 41 22 Per
2096 1117 71 22 dozen
2180 1131 46 7 ....
2244 1119 13 19 0
2272 1117 28 21 16
2327 1119 14 19 0
2357 1131 20 7 ..
2394 1119 14 19 0
2422 1117 23 21 18
2469 1121 9 19 0

1904 1145 112 21 Mutton:
2039 1145 92 20 Carcase
2140 1151 40 20 per
2188 1143 25 22 lb
2225 1160 5 5 .
2244 1146 13 19 0
2285 1145 13 20 0
2326 1145 14 20 7
2357 1158 19 6 ..
2394 1146 14 19 0
2434 1146 11 19 0
2468 1148 10 19 9

1903 1171 122 22 Muskets:
2041 1171 92 22 Walnut
2140 1171 91 21 stocked
2245 1172 12 20 0
2272 1171 26 20 15
2326 1172 14 20 0
2356 1185 19 6 ..
2396 1172 10 20 1
2434 1173 12 18 0
2469 1175 10 19 0

1904 1198 76 22 Milk.
1997 1198 42 22 Per
2046 1198 47 27 pint
2244 1200 13 19 0
2284 1199 14 20 0
2325 1199 14 20 2
2357 1212 18 6 ..
2394 1200 13 19 0
2433 1199 12 20 0
2467 1201 11 20 3

1904 1226 91 21 Maize:
2011 1233 39 19 per
2061 1225 76 22 bushel
2243 1227 13 18 0
2283 1225 14 20 4
2325 1226 14 19 0
2357 1226 50 20 ..0
2432 1225 12 20 5
2467 1228 11 19 0

1904 1253 41 21 Oil
1953 1260 6 14 :
1975 1252 103 25 Linseed,
2088 1259 40 20 per
2136 1252 77 26 gallon
2223 1253 34 20 .0
2283 1252 15 20 6
2325 1252 15 20 6
2357 1266 6 5 .
2370 1265 6 7 .
2394 1253 13 19 0
2433 1252 12 21 8
2468 1255 11 20 0

1976 1279 77 27 Black,
2058 1279 22 21 in
2086 1278 172 28 cask,pertonlß
2286 1280 14 19 0
2327 1280 14 19 0
2358 1280 50 19 ..20
2434 1280 13 19 0
2468 1282 10 19 0

2011 1307 76 24 Sperm
2226 1306 27 20 50
2281 1305 12 19 0
2322 1305 13 20 0
2353 1306 50 21 ..75
2430 1306 12 19 0
2467 1307 10 19 0

1904 1333 61 22 Pork
1973 1341 5 13 :
1996 1332 75 27 Fresh,
2088 1339 89 14 carcase
2193 1339 40 20 per

2018 1359 24 22 lb
2243 1360 13 20 0
2283 1360 14 19 0
2324 1360 14 21 3
2356 1373 19 6 ..
2392 1361 13 19 0
2432 1361 12 20 0
2467 1361 11 20 5

1904 1386 74 22 Pork:
1996 1386 66 27 Irish,
2072 1393 39 19 per
2120 1386 74 21 barrel
2208 1400 17 6 ..
2243 1386 14 21 3
2272 1387 26 20 10
2326 1388 14 19 0
2357 1400 19 6 ..
2393 1387 52 21 410
2468 1390 11 19 0

1904 1414 128 21 Potatoes:
2054 1412 55 22 New
2122 1412 108 28 Zealand,

2077 1447 39 19 per
2125 1444 39 17 ton
2242 1440 14 21 4
2284 1442 13 19 0
2325 1442 14 19 0
2356 1455 5 5 .
2368 1454 7 7 .
2392 1441 13 20 6
2432 1442 12 19 0
2467 1444 11 19 0

1903 1468 93 21 Porter
2005 1474 5 14 :
2040 1467 101 26 Dunbar,
2152 1467 24 21 in
2184 1467 46 21 bot.

2069 1501 38 21 per
2116 1494 43 21 doz
2242 1494 55 21 012
2323 1496 14 19 0
2354 1508 5 6 .
2367 1508 6 7 .
2391 1496 52 19 013
2468 1498 10 19 0

2010 1520 84 28 Bryant
2103 1520 46 22 and
2158 1520 70 22 Davis
2242 1522 54 21 012
2323 1522 14 20 0
2354 1535 6 6 .
2368 1535 6 6 .
2392 1522 51 21 013
2467 1524 10 19 0

1903 1548 98 21 Pickle
2008 1548 9 21 3
2012 1555 4 14 :
2048 1547 115 27 Assoi^ed,
2192 1555 41 20 per

2073 1574 57 26 doz.,
2154 1578 76 24 quarts
2244 1576 13 20 0
2271 1575 27 20 15
2326 1577 14 19 0
2357 1589 19 6 ..
2395 1576 12 20 0
2422 1575 23 23 17
2469 1578 10 19 0

1903 1602 72 22 Pitch
1989 1609 5 13 :
2024 1601 140 28 Stockholm,
2193 1609 41 19 per

2049 1628 71 23 barrel
2246 1630 9 19 1
2284 1630 15 20 0
2326 1631 14 19 0
2357 1642 18 7 ..
2393 1630 13 20 0
2432 1631 12 20 0
2467 1632 11 19 0

1904 1656 78 21 Plank
1992 1663 5 14 :
2026 1656 53 21 Port
2100 1655 133 27 Nicholson,

2050 1690 39 20 per
2098 1684 40 20 100
2148 1683 46 21 feet
2208 1685 49 20 ..0
2285 1684 14 21 6
2326 1685 14 19 0
2358 1697 18 6 ..
2393 1684 13 20 0
2420 1684 24 20 10
2467 1686 11 19 0

1904 1710 67 21 Rice:
1985 1710 107 21 Common
2102 1717 41 20 per
2148 1713 49 18 cwt.
2210 1724 17 6 ..
2246 1712 12 19 0
2274 1710 24 20 15
2328 1712 14 19 0
2359 1724 18 5 ..
2394 1712 13 19 0
2432 1712 12 19 0
2468 1713 11 18 0

1985 1736 66 22 Good
2245 1739 12 19 0
2272 1738 26 20 17
2328 1739 13 19 0
2358 1751 19 6 ..
2394 1736 12 23 I
2432 1738 12 19 0
2467 1743 10 15 o

1905 1764 51 21 Run
1964 1771 5 14 :
1987 1764 25 21 P.
2022 1764 26 21 B.
2061 1764 31 25 P.,
2107 1771 40 19 per
2156 1764 76 26 gallon

2023 1790 23 22 in
2062 1790 58 22 bond
2244 1793 13 20 0
2284 1792 14 21 2
2325 1792 81 20 9..0
2430 1792 11 19 5
2466 1794 11 18 0

1904 1818 88 21 Sugar:
2009 1817 117 22 Mauritius
2136 1825 40 19 per
2183 1822 49 17 cwt.
2247 1820 12 19 0
2288 1820 14 19 0
2329 1820 48 19 0..
2410 1825 50 14 none

2011 1844 78 22 Brown
2104 1844 56 22 ditto
2242 1848 12 19 0
2269 1846 26 20 15
2323 1846 78 19 0..1
2430 1847 12 19 0
2466 1848 10 18 0

2013 1871 94 22 Refined
2122 1872 54 26 loaf,
2194 1879 40 20 per

2037 1898 23 22 lb
2246 1901 11 19 0
2285 1901 13 19 0
2326 1900 49 24 6J..
2393 1901 13 18 0
2430 1901 12 19 0
2465 1901 12 19 8

2013 1925 94 22 Manilla
2126 1932 39 21 per
2179 1929 48 18 cwt.
2243 1928 13 19 0
2271 1927 27 21 IS
2324 1929 15 18 O
2356 1940 18 6 ..
2390 1926 14 21 2
2429 1927 12 18 0
2465 1928 11 18 0

1904 1953 71 21 Salt:
1992 1952 124 28 Liverpool,
2127 1960 41 19 per
2176 1956 40 18 ton
2225 1969 4 5 .
2245 1953 12 21 5
2284 1953 14 21 5
2326 1955 14 19 0
2357 1953 49 20 ..11
2430 1954 12 20 0
2466 1955 11 19 0

1904 1980 27 20 So
1933 1987 43 15 api:
2004 1980 101 20 Hawes's
2127 1979 106 28 London,

2030 2009 82 23 perton
2171 2007 86 20 '....30
2285 2009 14 19 0
2327 2009 13 19 0
2355 2007 49 20 ..34
2429 2008 13 19 0
2469 2009 10 18 0

2020 2032 117 24 Liverpool
2230 2034 26 17 22
2284 2034 14 16 O
2326 2034 13 17 O
2356 2034 47 16 ..28
2428 2034 13 15 O
2469 2032 8 18 \>

1905 2057 102 20 Starch:
2024 2056 42 20 Per
2074 2056 21 20 lb
2203 2059 25 16 '..
2246 2057 12 20 0
2286 2058 14 19 0
2328 2058 13 19 7
2358 2070 18 5 ..
2393 2057 13 19 0
2434 2057 7 19 1
2465 2058 11 19 9

1905 2082 141 21 Scantling:
2063 2082 40 21 Per
2112 2083 39 20 100
2161 2082 67 21 feet..
2248 2084 11 19 0
2287 2083 14 20 6
2328 2084 149 20 0.-081/

1905 2110 113 20 Shingles
2027 2116 5 13 :
2048 2108 41 22 Per
2096 2110 61 25 1000,
2167 2109 29 21 N.
2206 2109 24 21 Z.
2246 2110 12 20 0
2286 2110 14 21 6
2328 2112 13 18 0
2359 2123 18 6 ..
2393 2112 14 17 O
2421 2110 23 19 10
2467 2112 10 18 I)

2034 2136 68 26 Ditto,
2125 2135 28 22 V.
2165 2136 29 21 D.
2206 2136 25 21 L.
2246 2138 12 18 0
2287 2138 13 20 0
2328 2138 14 19 0
2359 2150 4 5 .
2371 2150 6 5 .
2394 2138 12 19 0
2421 2137 23 20 12
2466 2138 11 19 tt

1905 2163 59 22 Tar.
1982 2163 54 22 Coal
2247 2164 9 19 1
2286 2166 13 18 0
2328 2165 13 18 0
2359 2177 17 6 ..
2396 2164 10 19 1
2433 2164 10 19 5
2468 2166 9 18 0

1986 2189 127 22 Stockholm
2248 2191 9 20 I
2274 2192 26 20 10
2328 2192 13 19 0
2359 2205 5 6 .
2371 2205 6 4 .
2395 2192 13 19 0
2433 2192 11 19 0
2469 2192 9 18 9

1905 2218 44 21 Tea
1959 2225 5 13 :
1976 2218 79 26 Hyson
2061 2216 54 27 skin,
2121 2223 41 21 per
2171 2216 63 22 chest
2247 2219 12 20 4
2287 2220 14 19 0
2328 2220 14 17 0
2358 2231 19 6 ..
2394 2219 13 19 G
2432 2218 12 20 0
2469 2220 9 17 0

1978 2245 96 25 Congou'
2246 2246 12 20 8
2287 2247 14 19 0
2328 2245 79 20 0..16
2432 2246 11 19 0
2467 2246 10 19 0

1904 2271 104 22 Tobacco
2016 2279 6 13 :
2036 2270 140 28 Negrohead,
2195 2279 39 17 per

2062 2298 28 21 lb.
2103 2298 25 21 in
2145 2297 59 22 bond
2246 2300 12 19 0
2287 2300 13 20 0
2328 2300 48 19 9..
2394 2301 12 18 0
2434 2298 9 21 1
2467 2299 12 20 4

1904 2324 163 23 Turpentine:
2082 2324 146 28 Pergallon..
2247 2328 11 18 0
2288 2326 12 21 7
2328 2328 14 19 6
2359 2340 18 6 ..
2394 2328 14 19 0
2432 2326 12 20 9
2468 2327 11 18 0

1905 2351 160 22 Whalebone:
2081 2352 42 21 Per
2133 2356 38 17 ton
2235 2353 67 22 1000
2329 2353 116 21 0..1200
2470 2354 10 18 0

1905 2378 81 22 Wine:
2003 2379 86 27 Sherry,
2100 2386 40 20 per
2149 2379 51 27 pipe
2211 2381 49 20 ..20
2288 2381 14 20 0
2328 2381 15 20 0
2359 2381 49 19 ..40
2433 2380 12 20 0
2469 2381 11 18 0

2014 2406 69 27 Ditto,
2099 2413 41 19 per
2154 2406 80 22 dozen.
2248 2409 12 19 0
2276 2408 26 20 10
2329 2409 14 18 0
2360 2420 17 6 ..
2395 2408 13 19 2
2434 2407 12 20 0
2470 2407 11 19 0

2015 2433 59 27 Port,
2083 2441 40 20 per
2133 2433 50 27 pipe
2210 2448 4 5 .
2222 2448 5 5 .
2233 2434 25 24 25,
2286 2435 14 21 0
2326 2435 14 20 0
2357 2448 5 5 .
2370 2448 5 5 .
2380 2435 26 20 40
2431 2434 13 20 0
2468 2434 11 19 0

2080 2468 39 20 per
2130 2460 48 21 doz.
2210 2475 5 5 .
2222 2475 5 6 .
2246 2461 27 23 1\
2286 2463 14 19 0
2327 2463 14 19 0
2357 2475 18 6 ..
2392 2461 13 20 2
2431 2461 13 19 0
2468 2460 11 20 0

2015 2487 148 28 Champagne,
2178 2487 56 22 ditto
2248 2489 12 20 0
2288 2489 14 21 0
2328 2489 14 20 0
2359 2502 5 5 .
2371 2502 6 6 .
2394 2489 13 19 0
2433 2488 12 19 C
2470 2488 11 19 0

2015 2514 73 22 Claret
2248 2517 13 19 0
2276 2516 27 20 10
2330 2517 13 19 0
2360 2528 18 7 ..
2396 2516 14 19 0
2434 2515 14 19 0
2471 2515 11 18 0

1907 2541 120 22 Poultry:
2043 2542 78 26 Fowls,
2128 2548 40 21 per
2175 2542 60 27 pair.
2250 2544 12 20 0
2290 2543 13 21 3
2330 2543 14 19 6
2361 2555 19 6 ..
2397 2543 13 19 0
2435 2540 12 21 5
2472 2542 11 19 0

2042 2568 82 27 Ducks,
2135 2568 56 22 ditto
2212 2583 4 6 .
2224 2583 6 6 .
2248 2571 12 19 0
2288 2569 14 21 5
2330 2571 13 19 0
2360 2583 6 5 .
2373 2582 5 6 .
2396 2570 14 19 0
2436 2568 12 19 8
2472 2568 11 19 0

2043 2595 76 27 Geese,
2131 2595 56 21 each
2210 2610 5 6 .
2223 2610 5 5 .
2247 2597 54 19 010
2328 2597 14 19 0
2359 2609 4 6 .
2371 2609 5 6 .
2395 2595 52 21 012
2471 2595 11 20 0

2041 2622 106 27 Turkeys,
2159 2622 55 22 each
2250 2623 7 20 1
2288 2622 23 22 0'
2329 2623 49 20 0..
2399 2623 9 20 1
2436 2622 13 20 5
2472 2622 11 19 0

2042 2649 101 26 Pigeons,
2154 2649 80 27 (wild,)

2067 2684 39 19 per
2114 2676 50 28 pair
2248 2678 13 20 0
2289 2678 13 19 0
2330 2678 81 20 0..0
2436 2678 13 20 0
2472 2677 10 19 0

2041 2703 83 26 Ducks,
2133 2703 35 22 do.
2180 2703 51 22 do..
2249 2705 13 20 0
2289 2705 13 20 5
2331 2705 13 19 0
2361 2718 19 5 ..
2397 2705 14 20 0
2436 2705 14 19 0
2472 2704 10 19 0

1907 2731 72 21 Eggs:
1998 2731 42 21 Per
2050 2730 70 22 dozen
2251 2732 12 20 0
2291 2732 14 20 2
2331 2732 14 20 0
2361 2745 19 7 ..
2398 2733 13 18 0
2437 2732 13 20 3
2472 2731 11 19 0

1908 2759 75 21 Cows:
1999 2757 71 23 Milch
2238 2759 24 20 12
2290 2760 15 19 0
2331 2759 14 20 0
2361 2759 50 20 ..30
2437 2759 13 19 0
2472 2759 11 18 0

1909 2785 95 22 Mares:
2018 2785 74 21 Brood
2237 2786 25 20 20
2290 2787 13 19 0
2331 2785 81 21 0..70
2437 2786 13 19 0
2472 2785 10 19 0

1910 2812 113 22 Working
2041 2812 130 22 Bollocks:
2196 2812 41 21 Per

1932 2840 50 26 pair
2132 2851 6 8 *
2237 2840 27 20 30
2291 2840 14 20 0
2332 2841 13 19 0
2363 2839 50 21 ..40
2438 2840 13 19 0
2473 2838 10 19 0

1909 2865 62 22 Hire
1982 2873 26 14 of
2020 2873 65 14 ditto
2093 2873 4 14 :
2114 2866 43 22 Per
2164 2865 52 28 day,
2225 2874 12 13 a

1933 2896 61 18 team
2004 2893 45 21 and
2056 2892 74 22 driver
2252 2893 8 20 1
2291 2894 15 20 0
2332 2894 81 20 0..0
2437 2893 14 20 0
2473 2892 10 20 0

1909 2919 88 22 Sheep:
2011 2919 61 22 Each
2249 2921 13 20 0
2277 2920 25 20 15
2331 2921 13 20 0
2361 2933 19 7 ..
2400 2921 9 19 1
2436 2919 13 21 5
2472 2919 11 19 0

1909 2947 60 21 Boat
1982 2946 73 22 Hire:
2070 2946 41 22 Per
2117 2946 50 27 day,
2173 2946 63 22 with-

2095 2976 41 18 out
2145 2971 73 23 hands
2228 2989 5 5 .
2248 2975 13 21 0
2276 2974 27 21 10
2330 2975 13 20 0
2360 2987 20 7 ..
2399 2974 9 21 1
2437 2975 14 19 0
2472 2973 11 19 0

1908 2999 98 22 Wages:
2034 2999 138 27 Mechanics,
2198 3007 39 20 per

2066 3026 43 27 day
2248 3028 14 19 0
2288 3027 15 21 6
2330 3029 14 19 0
2360 3040 20 7 ..
2397 3029 15 20 0
2437 3028 14 22 8
2472 3027 11 19 0

2041 3053 125 23 Labourers
2183 3055 77 20 ....0
2287 3054 14 22 3
2328 3055 14 21 0
2359 3067 19 8 ..
2396 3055 14 21 0
2436 3054 13 22 5
2471 3053 11 21 0

2141 3081 119 21 DUTIES.

1909 3107 97 22 British
2016 3108 92 22 Spirits
2121 3123 5 6 .
2133 3117 14 11 .-
2280 3122 10 6 -
2297 3122 6 7 .
2319 3110 35 20 4s.
2361 3116 41 21 per
2409 3107 73 28 gallon.

1909 3135 103 21 Foreign
2023 3134 56 22 ditto
2320 3137 32 20 ss.
2363 3142 37 21 per
2407 3134 75 28 gallon.

1908 3162 103 21 Tobacco
2021 3162 176 27 manufactured,
2324 3164 29 20 Is.
2363 3170 38 19 per
2409 3162 29 22 lb.

2020 3189 206 22 Unmanufactured
2320 3189 37 22 t>d.
2368 3196 38 20 per
2413 3188 30 23 lb.

1909 3216 123 21 Snuff....
2321 3218 31 20 2s.
2361 3222 40 24 per
2409 3215 28 22 lb.

1909 3243 86 21 Cigars
2321 3244 33 21 2s.
2363 3250 40 20 per
2411 3242 28 22 lb.

1899 3287 3 4 .
1909 3269 81 22 Wines
2301 3270 38 21 .15
2351 3276 43 21 pec
2399 3271 55 20 cent.

1909 3297 55 27 Tea,'
1978 3297 85 27 Sugar,
2078 3297 86 26 Flour,
2183 3297 96 26 Wheat,
2286 3298 11 19 1
2390 3307 15 9 «*
2405 3295 5 10 ;

1926 3324 45 21 and
1980 3324 64 21 other
2055 3324 85 27 Grain,
2150 3324 13 21 5
2173 3330 40 21 per
2222 3327 56 17 cent.
2291 3319 6 25 I
2342 3336 7 10 ■,
2361 3321 97 30 --i.^^

1909 3351 37 21 All
1956 3351 63 21 other
2029 3351 103 22 Foreign
2138 3337 141 40 productions
2290 3337 13 47 f
2321 3337 30 23 ftd

1921 3377 43 22 and
1969 3378 166 21 manufactures
2143 3377 25 20 10
2174 3382 40 21 per
2222 3380 55 18 cent.
2284 3371 12 31 J

2107 3403 186 28 EXCHANGE.

1909 3485 33 22 On
1951 3485 90 27 Sydney
2326 3486 72 23 Ditto.

1909 3512 87 22 Private
2004 3511 51 21 bills
2302 3513 112 23 Nominal.

1928 3566 38 17 The
1978 3564 49 17 New
2036 3564 97 16 Zealand
2143 3565 94 18 Gazette
2243 3567 37 16 and
2291 3566 133 18 Wkllinotoh
2435 3566 48 16 S«c-

1909 3591 62 12 tator
1976 3586 16 16 is
1999 3585 94 21 published
2099 3589 56 17 every
2161 3585 114 23 Wedneiday
2284 3585 139 23 and^Saturday.
2443 3585 39 18 Sub-

1907 3608 60 21 joined
1973 3611 34 12 ar&
2011 3606 30 16 the
2048 3608 55 14 terms
2107 3611 4 12 :
2112 3615 24 3 —

1928 3628 63 17 Price
1998 3631 24 13 ob
2029 3631 40 13 the
2076 3627 97 16 Paper.—
2172 3627 56 21 Forty
2233 3627 84 22 shillings
2322 3633 34 17 per
2364 3632 72 15 annum,

1909 3648 64 18 atleitt
1980 3648 89 19 advance;
2079 3652 19 12 or
2105 3648 87 21 sixpence
2199 3648 28 17 for
2232 3649 59 21 single
2303 3650 95 17 numbers.

1929 3669 154 17 Advertisements
2089 3669 39 17 will
2134 3671 32 15 not
2173 3674 66 17 appear
2248 3670 19 16 in
2279 3671 32 16 tbe
2319 3674 80 16 ensuing
2408 3668 69 18 number

1910 3691 16 16 if
1932 3690 83 18 received
2021 3690 47 16 later
2074 3690 43 16 than
2130 3691 20 16 10
2157 3690 74 19 o'clock,
2237 3695 49 16 a.m.,
2293 3695 23 13 on
2323 3691 32 16 the
2361 3690 89 19 mornings
2456 3688 27 16 be-

1909 3712 36 16 fore
1958 3710 119 23 publication.
2097 3711 158 18 Advertisement!
2267 3712 39 16 will
2316 3713 23 16 bo
2349 3710 95 19 continued
2450 3707 31 18 and

1910 3732 77 20 charged
1996 3731 50 16 until
2054 3732 167 20 counter-ordered;
2232 3733 45 16 such
2283 3733 53 16 order
2341 3733 49 16 must
2396 3733 21 15 be
2424 3731 37 16 sent
2467 3730 16 15 to

1910 3754 29 18 the
1948 3752 56 18 Office
2015 3754 37 16 two
2070 3752 45 21 day*
2132 3753 62 17 before
2204 3753 116 22 publication,
2332 3753 36 17 and
2378 3752 48 17 must
2434 3752 21 15 be
2464 3749 17 16 is

1910 3774 77 20 writing.
2010 3773 156 18 Advertisements
2180 3775 81 16 received
2279 3774 53 21 after
2349 3775 21 16 10
2384 3772 65 17 o'clock
2461 3773 21 13 on

1910 3794 82 20 Tuesday
2004 3794 38 16 and
2051 3794 66 21 Friday
2127 3796 95 20 mornings
2232 3794 37 18 will
2278 3795 24 17 be
2312 3794 77 21 charged
2399 3792 49 18 twice
2455 3791 28 15 the

1910 3815 53 17 usual
1968 3815 55 16 rates.

1929 3836 31 17 All
1965 3835 69 20 orders,
2043 3835 161 20 advertisements,
2213 3836 36 16 and
2258 3835 162 17 communications
2429 3834 19 16 to
2457 3832 26 16 to*

1910 3857 70 19 Editor,
1983 3860 32 12 are
2020 3857 97 19 requested
2122 3859 21 14 to
2149 3858 22 16 be
2177 3857 98 17 addressed
2279 3857 20 15 to
2305 3857 39 15 this
2349 3856 61 17 Office.

884 140 168 25 POSTAGE.

675 186 14 12 .-
703 177 34 22 To
753 177 162 26 Subscribers,
932 184 75 15 other
1022 177 145 23 Newspaper
1185 177 74 22 Esta-

677 210 151 20 blishments,
840 210 46 15 and
902 205 158 20 Commanders
1078 211 28 15 of
1120 203 109 23 Vessels.
1232 214 27 5 —
1265 207 3 5 '

677 228 28 24 In
715 237 41 15 our
765 237 68 21 paper
842 230 26 22 of
879 229 130 28 September
1023 231 36 25 30,
1112 230 104 23 inserted'
1221 230 37 23 the

676 256 65 22 latest
751 256 136 27 regulations
898 256 68 22 about
974 257 103 26 Postage.
1105 256 43 23 For
1157 257 38 22 tbe
1206 264 53 15 con-

677 284 107 22 venience
801 284 25 21 of
844 290 40 16 our
901 283 127 22 mercantile
1046 283 91 28 friends,
1153 291 32 15 we
1200 283 58 23 have

676 309 88 28 printed
774 309 61 23 them
849 317 62 20 upon
927 317 13 15 a
954 309 52 22 half
1016 309 64 24 sheet
1094 311 25 21 of
1129 317 75 26 paper,
1214 311 42 28 and^

676 337 53 27 they
735 344 42 15 can
786 344 51 14 now
845 337 28 21 be
882 336 156 28 conveniently
1044 337 78 27 posted
1129 344 59 15 man
1194 337 64 22 office

676 364 134 25 for.general
819 364 122 22 reference.

704 390 42 26 We
757 394 82 18 cannot
849 390 111 22 ourselves
969 389 79 28 gather
1057 389 58 23 from
1126 390 36 22 the
1172 390 86 27 regula-

677 417 59 23 tions
746 417 37 22 tbe
792 421 92 24 postage
893 416 132 27 chargeable
1035 424 62 20 upon
1114 417 97 23 colonial
1219 424 40 21 pa-

676 450 50 25 pers
736 443 77 27 posted
829 447 24 19 at
869 443 144 27 Wellington,
1024 443 41 23 but
1082 450 30 16 we
1128 443 57 23 have
1200 445 58 21 been

676 470 114 22 informed
799 470 47 22 that
855 470 38 22 the
903 478 49 14 sum
963 470 132 27 chargeable
1105 470 18 22 is
1133 478 43 14 one
1183 478 75 20 penny

677 504 39 19 per
724 504 75 20 paper.
827 497 54 22 This
891 497 19 21 is
920 504 13 14 a
942 496 72 25 heavy
1024 501 45 21 tax,
1081 497 45 22 and
1135 497 81 22 indeed
1226 505 32 15 we

677 528 88 23 suspect
774 523 37 22 the
821 522 188 28 regulations/will
1023 523 28 21 be
1067 523 69 23 found
1145 524 114 29 generally

677 553 22 19 to
710 550 54 22 bear
774 551 98 26 severely
884 557 60 20 upon
953 550 37 22 the
1002 550 112 23 colonists.

705 577 49 22 One
762 584 75 21 penny
853 577 55 22 each
924 577 43 22 will
976 581 99 21 .amount
1091 581 22 18 to
1129 577 61 27 eight
1206 577 53 22 shil-

676 603 57 28 lings
742 604 45 22 and
798 603 60 28 eight
866 611 70 20 pence
952 611 39 20 per
1006 610 85 16 annum
1101 611 58 20 upon
1171 611 40 15 our
1220 612 38 20 pa-

676 637 46 20 per.
751 631 53 21 This
814 638 50 14 sum
878 638 32 14 we
926 630 55 22 shall
998 631 27 21 be
1040 630 89 28 obliged
1145 634 22 18 to
1178 631 80 27 charge

676 657 113 28 quarterly
799 658 24 21 in
838 657 101 22 advance
952 657 34 22 for
995 664 80 21 papers
1091 656 94 26 ordered
1198 661 23 19 to
1230 659 28 21 be

676 687 50 19 sent
733 688 40 18 out
781 685 25 21 of
813 684 38 22 the
860 684 86 27 colony,
953 684 30 27 by
989 691 93 20 persons
1091 684 97 23 resident
1197 685 60 23 here.

677 711 62 21 More
751 711 53 22 than
820 718 41 15 one
877 718 55 20 year
945 711 61 22 since
1016 718 33 14 we
1065 711 132 23 announced
1211 711 48 23 that

676 745 33 14 we
718 737 74 22 would
800 741 40 18 not
850 737 79 28 supply
939 745 77 20 papers
1033 741 23 18 to
1071 738 81 27 parties
1162 738 98 28 residing

676 769 39 17 out
733 765 26 21 of
769 765 37 21 the
821 765 85 27 colony,
918 765 74 21 unless
1009 764 56 22 such
1080 764 134 23 subscribers
1224 772 34 15 ar-

676 791 86 27 ranged
771 792 35 21 for
819 791 37 22 the
872 795 106 24 payment
992 792 33 21 for
1039 791 63 23 them
1117 791 96 28 through
1230 799 28 15 an

676 821 67 24 agent
753 819 58 21 here.
840 819 61 26 Only
910 822 42 18 two
962 818 85 27 foreign
1058 818 134 22 subscribers
1202 819 57 22 have

677 845 106 22 attended
792 849 22 18 to
825 845 43 21 this
879 845 79 26 notice,
971 845 44 21 and
1026 845 38 21 the
1079 844 73 29 heavy
1162 852 97 21 expence

676 873 25 21 of
713 875 91 24 postage
813 876 23 18 to
845 871 73 22 which
927 878 33 15 we
976 871 56 22 shall
1041 872 29 21 be
1080 871 92 28 subject,
1183 873 77 23 makes

676 898 18 22 it
703 898 125 28 absolutely
837 905 118 20 necessary
964 898 36 22 for
1009 906 26 14 us
1044 905 49 15 now
1108 902 23 18 to
1145 906 65 20 carry
1220 906 40 15 our

675 925 75 22 notice
759 925 46 22 into
815 925 71 22 effect.
907 925 28 21 In
945 925 73 21 future
1026 925 91 27 English
1124 926 134 22 subscribers

677 952 50 22 who
744 951 57 23 have
816 955 40 19 not
869 951 54 28 paid
933 951 57 23 their
1006 952 158 29 subscriptions
1181 953 28 21 in
1223 960 36 14 ac-

677 979 109 22 cordance
811 979 53 21 with
887 985 40 15 our
945 979 80 26 notice,
1047 979 45 22 and
1114 979 50 22 who
1188 979 72 23 desire

676 1009 22 18 to
727 1005 58 22 have
809 1013 41 15 our
875 1007 85 19 Gazette
983 1009 60 18 must
1072 1006 64 27 apply
1166 1008 23 19 to
1220 1014 40 14 our

676 1031 96 23 London
795 1032 83 27 Agent,
905 1033 43 21 Mr.
973 1033 95 26 Bowler,
1098 1037 22 17 at
1143 1033 37 21 the
1204 1033 55 22 New

675 1059 101 22 Zealand
793 1059 135 28 Company's
945 1059 77 26 Office,
1034 1059 102 27 London,
1153 1064 23 17 to
1185 1060 73 22 whom

675 1093 33 15 we
724 1086 57 22 have
797 1086 57 22 been
865 1086 135 27 forwarding
1016 1087 34 21 for
1065 1094 61 14 some
1141 1087 54 21 lime
1211 1090 49 23 past

675 1113 45 21 and
729 1116 23 18 to
761 1113 72 21 whom
842 1120 32 15 we
885 1113 56 22 shall
957 1113 103 22 continue
1072 1117 22 18 to
1105 1113 95 22 forward
1210 1114 49 27 fifty

675 1140 75 25 copies
768 1140 25 22 of
813 1140 38 22 the
872 1141 92 20 Gazette.
1002 1141 48 21 The
1070 1141 52 27 only
1141 1140 118 23 difference

676 1167 43 21 will
730 1167 27 21 be
768 1167 50 26 tlrs,
830 1167 48 21 that
886 1167 125 23 heretofore
1021 1175 32 14 we
1070 1167 57 23 have
1139 1171 49 18 sent
1200 1168 58 22 them

675 1193 97 27 through
783 1193 36 22 the
832 1198 54 23 post,
898 1195 44 21 and
957 1202 49 14 now
1018 1202 32 14 we
1068 1198 57 18 must
1134 1194 55 22 send
1199 1195 59 22 them

675 1220 28 27 by
713 1221 85 26 private
809 1222 146 27 opportunity,
965 1229 23 13 ns
998 1221 18 21 it
1026 1228 51 19 may
1086 1221 59 26 offer,
1155 1221 25 22 of
1188 1221 71 23 which

676 1247 37 22 the
724 1247 92 28 Postage
828 1248 145 27 Regulations
982 1249 81 26 permit
1072 1256 6 19 ;
1089 1248 52 27 they
1152 1249 43 21 will
1207 1256 52 15 con-

675 1274 117 27 sequently
802 1278 40 18 not
851 1275 28 21 be
889 1273 104 24 obtained
1004 1282 23 14 so
1035 1275 134 27 frequently.

702 1296 33 26 As
743 1309 32 13 we
786 1301 56 22 shall
852 1301 57 23 have
919 1305 22 19 to
950 1310 42 20 pay
1002 1306 91 23 postage
1105 1309 27 15 on
1143 1302 29 22 all
1181 1310 79 20 papers

674 1334 32 16 we
724 1328 55 22 send
796 1331 22 19 to
834 1336 24 14 or
872 1329 86 22 receive
973 1331 57 20 from
1052 1329 38 21 tbe
1106 1329 104 28 colonies,
1227 1338 32 14 we

675 1358 59 19 must
744 1355 88 22 decline
843 1355 36 23 the
889 1360 87 23 greater
992 1359 51 24 part
1056 1356 26 22 of
1094 1364 40 14 our
1143 1356 115 28 exchange

674 1388 85 22 papers,
771 1389 24 14 as
806 1382 37 22 the
854 1386 38 18 tax
902 1383 73 21 would
984 1383 39 22 fall
1034 1390 55 21 very
1095 1384 97 26 severely
1199 1391 59 20 upon

674 1416 41 14 our
731 1409 64 21 small
814 1409 173 23 establishment.
1026 1410 74 22 Those
1119 1410 48 22 who
1187 1418 69 20 cease,

674 1436 57 21 after
741 1436 44 21 this
794 1439 22 18 to
826 1437 86 21 receive
922 1444 40 14 our
967 1444 75 20 paper,
1051 1436 43 22 will
1104 1437 73 26 please
1187 1437 71 22 there-

674 1463 47 21 fore
731 1465 23 19 to
764 1463 139 21 understand
913 1471 40 14 our
962 1471 78 14 reason
1051 1470 24 15 as
1086 1471 48 14 now
1144 1464 74 27 given.

703 1489 39 21 We
758 1489 56 22 have
830 1490 55 21 been
903 1490 24 22 in
946 1490 36 22 the
1002 1490 63 22 habit
1080 1491 25 21 of
1122 1491 78 27 giving
1220 1498 39 15 our

673 1522 68 21 paper
755 1520 22 18 to
795 1516 38 22 the
848 1520 93 19 masters
958 1518 25 21 of
995 1517 29 22 all
1042 1517 59 28 ships
1115 1517 22 22 in
1154 1518 103 22 harbour.

673 1543 54 21 This
736 1543 41 21 has
787 1543 57 22 been
854 1551 12 14 a
877 1543 89 23 heavier
982 1546 39 20 tax
1037 1544 55 22 than
1108 1551 67 20 many
1185 1545 73 22 would

673 1576 101 21 suppose,
786 1570 45 22 and
841 1570 37 22 the
889 1574 39 18 tax
936 1571 40 21 has
985 1571 57 21 been
1061 1571 38 22 the
1109 1578 58 15 more
1185 1571 41 22 felt
1235 1579 23 15 as

673 1597 37 21 the
720 1600 93 19 masters
831 1597 25 21 of
867 1597 61 28 ships
943 1598 57 21 have
1016 1598 75 27 rarely
1100 1592 160 29 forwardetHls'

673 1630 79 21 papers
761 1624 24 21 in
794 1628 83 23 return,
889 1632 26 14 or
926 1625 95 21 afforded
1036 1632 27 14 us
1078 1625 142 22 information
1237 1627 24 20 of

673 1657 46 21 any
729 1651 141 26 description.
899 1652 32 21 To
941 1652 52 21 such
1006 1653 154 21 commanders
1171 1660 23 14 as
1204 1653 55 21 send

673 1684 26 15 us
708 1685 87 20 papers,
806 1686 25 13 or
840 1678 81 22 render
937 1686 25 15 us
977 1679 73 21 useful
1066 1679 148 27 information,
1227 1687 31 14 we

672 1704 57 22 shall
741 1706 26 20 be
777 1705 74 27 happy
861 1705 45 22 still
916 1709 21 18 to
947 1706 50 25 give
1007 1706 38 21 the
1058 1706 97 27 Gazette;
1173 1706 40 22 but
1222 1706 36 23 the

673 1730 73 28 heavy
757 1739 94 20 expense
861 1733 26 20 of
893 1736 89 23 postage
988 1736 23 17 to
1019 1733 73 22 which
1103 1741 30 14 we
1143 1734 57 21 shall
1211 1741 49 14 now

673 1757 27 23 be
712 1758 103 27 exposed,
828 1759 76 21 makes
913 1759 19 21 it
940 1767 116 19 necessary
1067 1760 34 22 for
1110 1768 24 14 us
1145 1765 22 16 to
1178 1768 81 14 econo-

673 1785 56 21 mise
739 1785 29 21 all
784 1785 37 22 the
837 1793 77 14 means
928 1786 22 21 in
966 1793 39 15 our
1021 1794 80 20 power.
1131 1788 40 21 We
1187 1788 72 21 there-

673 1811 47 22 fore
734 1820 117 14 announce
867 1813 49 21 that
932 1813 168 23 henceforward
1115 1814 42 23 this
1173 1818 85 18 custom

673 1839 137 21 terminates.

674 1901 72 49 ON
762 1902 78 22 SALE
854 1907 23 17 at
898 1903 36 21 the
954 1903 70 22 Office
1046 1903 24 22 of
1089 1904 42 22 this
1149 1912 111 20 paper:—

753 1929 61 26 Keys
825 1929 24 21 of
857 1929 38 22 the
905 1930 67 22 Town
983 1931 25 21 of
1016 1931 56 21 New
1083 1930 126 28 Plymouth,

700 1955 68 23 Plans
778 1956 25 21 of
811 1957 99 27 Country
922 1957 63 22 Land
995 1957 73 22 round
1081 1957 142 28 Wellington,
1235 1958 22 22 in

673 1989 57 20 case,

700 2009 68 23 Plans
780 2009 25 22 of
811 2009 92 28 Nelson,
915 2011 22 21 in
949 2018 57 19 case,

699 2037 80 25 Copies
796 2037 26 20 of
834 2037 38 22 the
889 2037 55 22 New
962 2037 101 22 Zealand
1077 2037 101 27 Journal,
1196 2039 69 25 1842/

672 2063 118 24 complete,
801 2063 82 24 bound,

699 2088 134 26 Chapman's
844 2088 115 27 Portfolio,
970 2089 85 25 bound,
1211 2097 3 6 >
1259 2092 4 8 '

699 2114 74 22 Prints
781 2115 21 20 of
811 2114 92 27 Nelson,

699 2141 75 21 Prints
785 2141 25 21 of
814 2141 143 28 Wellington,

699 2167 68 22 Plans
778 2168 26 21 of
810 2168 84 22 Nelson
905 2169 24 21 in
940 2169 83 26 Sheets,

700 2195 68 21 Plans
779 2195 25 21 of
811 2195 100 28 Country
922 2195 61 22 Land
996 2199 22 18 at
1032 2195 143 28 Wellington,

699 2221 68 22 Plans
777 2222 25 21 of
809 2221 37 23 the
856 2223 68 21 Town
936 2223 25 21 of
968 2223 56 21 New
1035 2223 127 27 Plymouth.

699 2256 131 27 September
840 2258 32 24 19,
884 2258 61 21 1843.

912 2302 51 20 For
978 2303 70 25 Sale,

671 2333 158 49 WHEAT
850 2333 65 22 AND
938 2334 110 27 FLOUR,
1064 2335 37 22 the
1120 2335 97 27 produce
1237 2334 22 30 of

767 2360 37 21 the
816 2360 65 27 Hutt,
892 2361 24 22 in
931 2361 54 27 bags
997 2361 103 29 (200115s,)
1114 2367 22 16 at
1152 2362 34 25 £2
1202 2359 54 31 lOa.j

670 2386 51 22 half
737 2387 53 26 bags
863 2389 32 20 ss.
933 2388 57 27 Bags
1011 2392 21 17 to
1054 2389 27 21 be
1101 2390 111 26 returned,
1234 2397 24 14 or

672 2414 96 27 charged
782 2416 31 19 2s.
830 2414 35 22 6d.
896 2415 53 21 Also
959 2422 14 14 a
981 2415 65 22 small
1062 2416 102 28 quantity
1174 2417 26 21 of
1206 2417 52 22 seed

672 2441 76 27 spring
757 2441 45 22 and
813 2442 79 21 winter
900 2441 73 22 wheat
982 2442 44 21 and
1036 2442 94 23 skinless
1141 2444 84 26 barley.
1251 2449 4 9 '

699 2468 75 27 Apply
785 2472 22 17 to
825 2468 90 22 Messrs.
927 2469 95 21 Rhodes
1040 2469 46 22 and
1098 2470 46 27 Co.,
1155 2470 32 22 Te
1205 2471 52 27 Aro^

672 2503 24 14 or
706 2499 22 17 to
738 2496 46 20 Mr.
799 2496 129 26 Swainson,
944 2496 150 27 Hawkshead,
1107 2497 68 22 River
1191 2498 67 21 Hutt.

699 2522 55 26 July
762 2523 22 25 4,
797 2524 60 20 1843.
1247 2533 9 12 »

823 2569 136 20 Situation
981 2569 127 21 Wanted.
1248 2564 7 12 *

673 2602 98 49 TWO
786 2609 75 20 young
875 2609 58 19 men,
946 2602 47 28 just
1009 2603 89 22 arrived
1107 2604 29 26 by
1147 2603 37 22 the
1194 2605 65 26 Mary

770 2630 58 20 from
848 2629 104 27 London,
972 2637 36 14 are
1028 2630 94 23 anxious
1141 2634 23 19 to
1183 2632 75 22 obtain

671 2656 122 26 situations,
806 2656 45 21 and
868 2656 44 21 will
929 2656 26 22 be
971 2656 70 23 found
1058 2657 85 28 willing
1157 2662 24 18 to
1193 2659 65 22 make

672 2682 134 23 themselves
825 2683 115 28 generally
959 2684 80 21 useful.
1074 2684 43 23 For
1135 2686 123 27 reference,

672 2710 67 28 apply
750 2714 21 17 to
781 2710 38 22 the
829 2710 162 28 undersigned.

1018 2738 95 23 Samuel
1128 2740 104 22 Revans.

675 2782 91 49 THE
790 2784 78 19 Nelson
891 2785 116 19 Examiner
1030 2786 44 20 and
1094 2787 53 21 New
1169 2789 94 20 Zealand

749 2809 109 22 Chronicle
874 2810 125 28 (published
1009 2815 24 18 at
1042 2812 101 29 Nelson,)
1159 2814 19 23 is
1196 2823 66 20 regu-

673 2836 57 27 larly
750 2837 140 21 transmitted
905 2841 24 17 to
944 2837 145 30 Wellington,
1109 2841 43 22 and
1168 2849 53 21 may
1235 2843 26 21 be

673 2863 43 23 had
728 2867 24 18 at
760 2863 37 23 the
808 2864 63 22 office
881 2865 26 21 of
918 2864 43 22 this
970 2872 76 25 paper.

700 2890 50 23 The
759 2892 79 20 JVc/son
846 2893 116 19 Examiner
977 2893 45 21 will
1032 2893 28 22 be
1070 2893 69 24 found
1148 2903 30 14 an
1188 2897 75 22 excel-

673 2918 49 22 lent
729 2919 101 21 medium
839 2919 34 21 for
884 2919 139 22 advertisers.

700 2946 79 22 Terms
790 2946 33 22 for
833 2945 37 23 the
880 2954 73 20 paper,
964 2950 38 18 ten
1011 2947 101 29 shillings
1126 2956 39 20 per
1174 2954 90 23 quarter

673 2973 95 28 payable
777 2973 24 21 in
811 2972 109 23 advance.
1270 2980 2 14 :

702 2999 83 22 Orders
807 3000 35 21 for
861 2999 38 22 the
921 3008 68 21 paper
1011 3001 45 22 and
1080 3002 184 23 advertisements

675 3026 103 22 received
788 3029 21 19 at
820 3026 37 22 the
868 3027 72 22 Office
950 3028 26 21 of
987 3028 44 22 this
1040 3036 77 19 paper.

846 3073 67 20 Just
933 3074 158 26 Published,

676 3099 93 50 THE
793 3099 212 23 WELLINGTON
1028 3101 183 25 ALMANACK
1228 3103 36 25 for

752 3128 53 21 1843
814 3134 6 14 :

909 3161 123 16 CONTENTS.
1216 3161 2 9 '
1237 3170 5 8 «

703 3180 108 22 Weather
833 3179 79 28 Table,
933 3181 76 27 Cycles
1030 3182 45 22 and
1099 3183 165 27 Astronomical

677 3208 119 26 Numbers,
810 3206 117 27 Calendar,
945 3208 137 23 Gardener's
1098 3211 43 21 and
1155 3211 110 25 Farmer's

677 3234 116 26 Calendar,
804 3233 183 28 Meteorological
1000 3235 70 22 Table
1081 3237 33 22 for
1131 3239 60 28 1840,
1204 3241 59 26 1841,

677 3262 59 22 sndJ
746 3262 46 26 842,
805 3260 98 28 Eclipses
913 3262 26 21 of
946 3260 37 23 the
993 3262 47 21 Sun
1051 3264 47 22 and
1114 3265 78 28 Moon,
1209 3267 56 23 New

677 3288 101 22 Zealand
793 3288 122 26 Company,
927 3288 53 21 Post
995 3289 72 21 Office
1078 3290 145 29 Regulations
1232 3292 33 24 for

679 3316 55 21 New
746 3314 108 27 Zealand,
864 3314 58 23 Civil
938 3315 185 30 Establishment,
1136 3319 56 23 Fees
1202 3321 61 23 Land

679 3342 90 22 Claims'
794 3341 78 27 Office,
899 3342 52 22 Post
974 3342 71 22 Office
1046 3354 28 5 —
1075 3344 100 25 Colonial
1204 3347 59 28 Law,

680 3370 74 21 Police
780 3369 70 22 Office
851 3380 28 4 —
880 3369 66 27 Petty
970 3370 109 27 Sessions,
1109 3371 113 30 Holidays'
1243 3378 23 19 at

686 3396 72 22 Public
769 3396 88 28 Offices,
868 3396 111 22 Discount
988 3396 70 28 Days.

885 3428 72 23 Price
973 3430 29 21 Is.
1018 3429 38 22 6d.

851 3479 78 21 Meat
943 3480 152 27 Company,

679 3514 75 49 AN
782 3513 199 25 APPRENTICE
1009 3517 24 16 *°
1061 3514 39 24 the
1122 3516 104 25 business
1246 3519 19 23 is

758 3540 96 23 wanted.
882 3540 45 32 Ftp
945 3541 140 27 particulars,
1101 3544 67 27 apply
1183 3552 30 15 on
1228 3545 37 25 the

678 3566 116 30 premises.

951 3594 36 23 W.
1002 3595 105 29 FtTfGER,
1122 3597 117 27 Manager.

707 3621 131 27 September
846 3622 34 25 29,
893 3622 60 21 1843.

842 3667 78 21 Meat
953 3668 150 28 Company,

910 3701 130 23 CHEESE.

682 3726 92 51 THE
788 3724 91 25 MEAT
898 3728 155 23 COMPANY
1072 3735 92 22 expects
1181 3732 87 29 shortly

756 3757 27 20 to,
788 3754 88 33 receive
884 3754 89 27 regular
978 3756 101 28 supplies
1082 3757 25 22 of
1115 3758 85 24 Cheese
1209 3759 57 25 from

670 3801 5 3 .
681 3780 41 24 tbe
729 3780 16 25 C,
750 3784 122 20 awpasture
880 3781 49 23 and.
936 3781 120 24 Terawitte
1062 3784 97 28 Dairies,.

952 3815 36 22 W.
1004 3815 103 30 Flyqeb,
1122 3818 118 28 Manager.

671 3856 4 15 ,
708 3841 132 27 September
847 3843 34 26 29,
893 3843 61 21 1843.
1102 3860 4 5 ,
1193 3834 14 14 a

843 3883 6 11 '
867 3888 66 21 Just
945 3888 135 23 received.

832 3919 28 21 of
879 3918 40 24 the
939 3919 71 24 Town
1027 3921 214 29 ai-WzvLivaro^.

682 3943 29 27 JL
755 3945 57 23 Plan
832 3946 27 22 of
864 3945 39 23 the
913 3945 108 29 Harbour
1030 3947 28 25 of
1070 3947 56 30 $qrt
1141 3943 126 34 Nichoiun

708 3972 105 28 Manage
822 3972 72 28 card*,
993 3980 9 4 -
1037 3978 5 6 •
1095 3977 27 16 -\
1251 3977 4 6 '

1472 139 114 21 Gazette
1601 139 90 21 Office.

1286 162 201 39 STATIQNjIRY
1500 172 200 26 WHOLESALE.
1712 172 21 21 &
1749 171 125 26 RETAIL.

1286 205 88 50 WE
1398 205 44 28 beg
1463 209 22 18 to
1508 213 117 15 announce
1642 205 40 23 the
1703 205 88 28 arrival,
1815 207 61 20 from

1382 232 109 27 England,
1503 233 26 21 of
1536 232 38 22 the
1590 232 48 22 first
1646 236 51 24 part
1706 232 26 22 of
1742 239 40 15 our
1796 235 80 19 exten-

1286 259 47 21 sive
1341 259 77 21 orders
1427 259 23 21 in
1461 259 42 22 this
1513 259 142 28 department
1665 259 26 21 of
1698 258 108 22 business.
1829 259 48 21 Our

1286 285 64 22 stock
1359 285 92 28 already
1460 286 92 22 consists
1566 287 26 21 of
1604 292 68 20 every
1681 285 76 22 article
1772 285 104 27 required

1286 312 35 22 for
1334 312 100 27 Schools,
1451 312 80 27 Banks,
1548 313 86 26 Courts,
1652 313 55 21 Law
1722 311 89 25 Offices,
1830 311 46 22 and

1286 337 90 29 Artists,
1388 339 40 22 &c.
1437 346 6 20 ;
1459 339 72 22 whilst
1540 339 37 22 the
1594 339 139 22 ornamental
1744 338 44 22 and
1804 338 72 22 draw-

1286 365 39 27 ing
1337 372 64 15 room
1416 365 120 28 stationery
1552 366 40 21 has
1606 370 41 18 not
1658 366 59 21 been
1734 365 142 21 overlooked.

1286 391 48 23 The
1345 391 126 23 difficulties
1481 392 116 27 attending
1606 392 37 22 the
1653 393 49 21 first
1709 391 168 23 establishment

1286 418 82 28 having
1378 419 59 22 been
1452 426 121 21 overcome,
1585 419 45 22 and
1640 426 68 20 every
1723 419 80 21 arrival
1819 418 57 22 from

1286 445 107 27 England
1411 445 82 28 adding
1508 446 60 24 fresh
1585 446 111 22 additions
1710 449 23 18 to
1749 452 40 15 our
1804 445 70 27 stock,

1287 472 45 23 will
1349 473 79 21 enable
1442 480 26 14 us
1477 476 22 18 to
1515 473 82 21 reduce
1615 480 40 15 our
1670 473 92 26 charges
1773 479 29 15 on
1817 476 60 18 most

1287 499 88 23 articles
1385 503 24 18 at
1416 499 58 22 least
1482 501 27 21 50
1517 508 40 20 per
1566 503 59 19 cent.

1315 532 155 28 Storekeepers
1488 532 43 22 and
1550 531 118 22 wholesale
1687 530 85 22 dealers
1790 537 42 15 can
1848 530 28 22 be

1287 558 102 28 supplied
1404 562 23 18 to
1442 565 44 21 any
1494 562 84 22 extent,
1597 558 44 22 and
1657 565 29 14 on
1703 562 68 17 terms
1787 556 88 28 equally

1287 584 166 28 advantageous
1463 589 21 18 to
1493 593 44 19 any
1547 585 104 22 obtained
1660 585 24 22 in
1696 584 96 27 Sydney,

1314 612 97 27 Writing
1421 619 72 21 paper,

1315 638 115 28 Imperial,
1491 655 2 9 ,

1315 666 80 27 Royal,

1314 692 116 27 Foolscap,
1441 692 89 23 various
1540 692 112 28 qualities.

1315 719 73 27 Large
1399 719 61 22 thick
1468 723 55 24 post,
1533 727 62 14 wove
1606 722 44 19 and
1661 718 53 28 laid,

1315 746 59 21 Note
1384 753 86 21 papers,

1315 772 94 28 Playing
1418 773 70 27 cards,
1499 773 105 22 coloured
1614 772 44 24 and
1668 772 54 28 gold
1731 771 78 27 backs,

1315 800 61 26 Copy
1390 800 76 26 books,

1315 826 72 22 Black
1396 826 51 23 lead
1455 827 93 27 pencils,

1316 853 68 22 India
1392 854 87 26 rubber,
1490 854 68 21 bottle
1569 853 45 23 and
1623 856 87 26 patent,

1317 880 68 26 Ivory
1395 879 80 22 folders
1484 882 42 21 and
1540 881 87 27 knires,

1316 906 46 22 Pen
1373 906 85 27 knives,

1316 933 87 27 Rulers,
1414 941 56 19 copy
1478 933 77 27 books,

1317 960 73 21 Blank
1401 960 50 21 bills
1461 960 25 21 of
1492 960 122 28 exchange.

1316 987 78 22 Letter
1403 986 45 22 and
1460 986 36 23 bill
1505 987 55 27 files,

1287 1018 4 5 '
1317 1014 42 21 Ink
1370 1014 44 21 and
1425 1014 40 22 ink
1474 1014 106 27 powders,

1315 1040 77 22 Bibles
1402 1040 46 22 and
1454 1044 136 24 testaments,

1315 1067 98 27 Spelling
1423 1067 73 27 books,
1509 1068 95 26 various,

1315 1094 105 26 Primers,

1316 1120 125 23 Children's
1451 1121 67 22 books
1527 1121 24 22 in
1559 1124 65 24 great
1632 1121 93 27 variety,

1315 1148 74 22 Blank
1404 1148 171 23 Custom-bouse
1591 1148 76 24 forms,
1677 1148 35 22 for
1728 1148 144 26 auctioneers,

1288 1174 45 23 and
1343 1175 30 22 all
1383 1174 37 23 the
1431 1175 61 22 other
1501 1175 173 23 Custom-house
1692 1179 67 18 torms
1769 1176 35 22 for
1816 1183 58 14 mer-

1289 1202 84 26 chants,

1316 1228 116 23 Seamen's
1441 1229 96 22 advance
1548 1232 71 24 notes,

1316 1256 116 21 Seamen's
1441 1256 86 22 articles
1537 1256 25 22 of
1569 1258 137 25 agreement,

1317 1282 136 28 Log-books,

1316 1310 74 21 Blank
1401 1310 65 26 writs,

1315 1336 136 23 Parchment
1458 1336 32 23 for
1498 1336 50 28 deed
1548 1336 25 28 3,

1316 1363 81 27 Quills,

1314 1390 59 21 Thin
1383 1393 58 24 post,
1452 1390 62 28 ditto,
1740 1400 9 9 »

1315 1417 55 22 Fine
1381 1418 53 21 bath
1445 1421 53 23 post,
1510 1418 46 26 gilt,

1315 1444 88 22 Double
1420 1444 108 28 elephant,
1540 1444 147 28 antiquarian,
1704 1444 108 28 imperial,
1828 1444 46 22 and

1286 1471 64 27 royal
1360 1471 100 27 drawing
1469 1479 74 19 payer,

1315 1497 91 27 Oblong
1416 1498 88 31 clasped
1513 1498 170 22 memorandum
1693 1498 79 27 books,

1315 1524 87 22 French
1412 1525 86 27 tracing
1507 1532 74 20 paper,

1315 1551 87 22 Ladies'
1414 1552 45 20 and
1469 1552 144 26 gentlemen's
1625 1552 54 21 card
1689 1559 68 19 cases,

1314 1578 64 22 Ditto
1444 1578 35 21 do.
1538 1579 71 21 tinted
1620 1578 43 22 and
1674 1578 115 22 embossed
1800 1578 72 27 cards,

1315 1606 96 27 Sponge,
1424 1606 74 21 wafers
1510 1606 21 20 in
1543 1607 12 19 2
1565 1613 33 13 oz.
1610 1606 76 26 boxes,

1315 1632 70 22 Black
1406 1632 55 27 edge
1479 1632 43 22 and
1543 1632 110 22 bordered
1673 1636 53 18 note
1743 1632 45 22 and
1807 1632 67 22 letter

1286 1666 76 20 paper,

1315 1686 92 22 Invoice
1416 1686 76 27 books,
1503 1686 52 22 with
1566 1686 99 26 indexes,
1678 1686 88 22 various
1776 1686 62 24 sizes,

1315 1713 57 21 Cash
1383 1713 78 26 books,
1471 1713 62 22 ruled
1546 1713 87 27 double,
1641 1713 92 23 .various
1743 1713 55 22 sizes

1315 1740 133 27 Envelopes,

1316 1766 87 22 Pewter
1412 1767 122 27 inkstands,

1316 1793 80 27 Ebony
1404 1793 122 27 inkstands,
1537 1793 51 22 with
1599 1794 103 26 drawers,

1315 1820 73 22 Broad
1401 1821 42 21 and
1453 1828 82 14 narrow
1547 1828 67 20 green
1624 1821 41 22 silk
1678 1821 85 25 ribbon,

1315 1847 65 21 Brief
1388 1847 44 21 and
1443 1847 55 23 deed
1507 1855 74 20 paper,

1315 1873 74 22 Ruled
1399 1881 67 20 paper
1475 1875 33 21 for
1518 1874 38 22 bill
1566 1874 76 27 heads,

1315 1901 73 26 Royal
1404 1901 66 26 hand,
1484 1901 78 23 double
1582 1901 59 23 hand
1658 1903 84 25 brown,
1760 1901 43 23 and
1813 1901 62 28 royal

1287 1927 75 22 brown
1374 1928 112 27 wrapping
1495 1936 74 21 paper,

1316 1955 98 26 Ledgers
1425 1955 43 21 and
1478 1960 95 17 account
1581 1955 77 27 books,
1670 1955 89 23 various
1769 1956 62 26 sizes,

1315 1981 84 22 Pocket
1407 1981 85 28 ledgers
1502 1982 45 22 and
1555 1983 171 21 memorandum
1736 1983 75 26 books,

1315 2008 120 27 Engraved
1445 2016 54 19 copy
1507 2009 52 26 slips
1569 2009 46 21 and
1624 2009 77 26 books,

1317 2035 51 21 Best
1378 2035 79 21 Welch
1466 2032 65 24 slates
1548 2035 61 26 large
1618 2035 42 21 and
1670 2035 72 26 small,

1315 2061 111 21 Coloured
1434 2068 84 19 papers,

1288 2115 39 20 To
1343 2115 162 21 Gentlemen
1519 2115 148 26 intending
1682 2117 27 19 to
1725 2117 76 19 enter
1815 2116 59 20 into

1314 2142 45 20 the
1388 2142 141 25 profitable
1558 2143 109 24 pursuit
1696 2143 31 20 of
1754 2143 122 26 Grazing

1315 2169 54 20 and
1390 2169 136 26 Breeding
1545 2169 91 25 Stock,
1659 2169 43 21 for
1722 2170 89 20 which
1831 2170 44 20 the

1315 2195 88 21 fertile
1424 2196 108 20 Islands
1554 2197 30 19 of
1601 2197 69 20 New
1689 2197 122 21 Zealand
1830 2202 45 15 are

1313 2228 32 15 so
1360 2223 151 26 peculiarly
1525 2224 126 25 adapted.

1287 2257 93 34 npHE
1391 2257 152 27 undersigned
1551 2258 43 26 beg
1604 2261 22 18 to
1634 2258 83 22 inform
1728 2258 57 22 their
1790 2258 86 22 friends

1294 2279 30 26 JL
1357 2284 47 21 and
1420 2284 38 22 the
1471 2284 76 27 public
1562 2285 122 27 generally,
1702 2285 47 22 that
1767 2285 52 27 they
1831 2286 45 21 will

1287 2314 101 19 contract
1411 2311 35 21 for
1465 2309 35 24 the
1526 2312 99 27 delivery
1651 2312 26 21 of
1699 2312 37 21 the
1761 2312 116 27 following

1287 2337 135 27 description
1436 2338 25 21 of
1468 2338 73 28 Stock,
1548 2339 24 22 in
1581 2346 44 20 any
1637 2339 53 22 Port
1700 2340 25 21 of
1738 2339 37 21 the
1787 2339 89 22 Islands

1287 2364 26 21 of
1319 2364 57 22 New
1387 2364 99 23 Zealand
1493 2374 5 13 :
1500 2376 29 5 —

1314 2399 95 22 Horned
1426 2399 65 23 cattle
1509 2401 126 27 (improved
1648 2400 90 27 breeds)
1754 2401 26 20 of
1791 2400 29 21 all
1837 2400 40 21 de-

1287 2426 125 27 scriptions,

1314 2460 92 27 Horses,
1427 2460 57 22 from
1505 2461 40 22 the
1567 2461 51 21 best
1637 2461 94 27 English
1752 2460 44 22 and
1813 2460 64 22 Arab

1287 2487 69 27 studs,
1374 2488 94 21 suitable
1483 2488 34 22 for
1535 2488 86 27 racing,
1637 2488 84 27 saddle,
1733 2495 24 15 or
1769 2488 93 21 harness
1869 2496 6 18 ;

1287 2514 44 22 and
1340 2514 109 28 breeding
1459 2522 78 20 mares,

1315 2548 57 21 Pure
1383 2548 75 21 Saxon
1468 2548 44 22 and
1521 2548 87 22 merino
1620 2556 64 20 ewes,

1315 2580 121 22 Half-bred
1452 2580 112 22 Leicester
1578 2582 45 21 and
1639 2589 88 15 merino
1746 2589 63 19 ewes,
1828 2590 50 19 par-

1288 2607 103 27 ticularly
1401 2607 94 28 adapted
1509 2608 36 22 for
1553 2608 44 22 this
1607 2613 101 22 country,
1721 2616 22 14 as
1754 2609 52 28 they
1815 2609 63 22 unite

1287 2634 82 28 weight
1379 2634 27 22 of
1411 2642 85 15 carcass
1508 2635 51 21 with
1569 2635 98 22 fineness
1679 2636 25 21 of
1710 2636 65 22 wool.

1314 2666 48 22 The
1386 2666 150 27 undersigned
1559 2674 43 15 can
1630 2668 167 22 accommodate
1826 2676 52 20 pur-

1289 2693 89 23 chasers
1394 2693 26 21 of
1433 2693 55 22 their
1498 2694 68 22 Stock
1583 2694 54 22 with
1655 2695 115 22 extensive
1785 2696 94 26 grazing

1287 2728 62 19 runs,
1360 2720 79 22 within
1449 2722 39 20 100
1496 2721 65 22 miles
1571 2722 27 21 of
1604 2721 44 22 this
1658 2722 60 21 Port.

1550 2754 34 22 W.
1601 2755 26 22 B.
1642 2756 98 21 Rhodes
1754 2756 43 22 and
1813 2757 38 21 Co.

1519 2808 42 19 On
1576 2807 70 25 Sale,

1292 2839 92 49 THE
1413 2839 72 21 NEW
1509 2840 153 22 ZEALAND
1691 2841 187 27 PORTFOLIO,

1365 2865 126 23 conducted
1509 2867 29 27 by
1557 2867 31 22 H.
1606 2868 22 21 S.
1648 2868 123 27 Chapman,
1792 2869 37 26 (of
1841 2869 39 22 the

1293 2893 85 23 Middle
1387 2893 108 28 Temple,)
1507 2894 116 22 Barrister-
1627 2895 95 22 at-Law.
1747 2910 3 4 -

1319 2926 43 21 No.
1376 2925 19 22 I.
1397 2936 28 5 —
1427 2926 21 21 A
1463 2925 75 23 Letter
1553 2929 23 19 to
1595 2926 37 22 the
1651 2927 70 27 Right
1738 2927 62 23 Hon.
1818 2928 61 22 Lord

1293 2952 98 27 Stanley,
1410 2953 116 27 Secretary
1547 2954 24 21 of
1587 2954 61 21 State
1668 2954 35 21 for
1721 2954 38 21 the
1780 2955 99 21 Colonial

1293 2980 155 26 Department,
1480 2980 35 21 On
1522 2980 39 22 the
1566 2980 190 23 Administration
1762 2982 25 21 of
1792 2982 87 22 Justice

1293 3008 22 21 in
1326 3002 55 26 New

1319 3040 44 22 No.
1377 3040 138 26 11.-s-Letter
1526 3044 27 18 to
1568 3040 61 22 John
1644 3041 61 21 Abel
1719 3041 80 28 Smith,
1815 3042 62 28 Esq.,

1294 3067 68 26 M.P.,
1395 3066 82 24 Onithe
1484 3068 144 25 Advantages
1635 3067 73 22 which
1714 3068 74 22 would
1797 3076 82 15 accrue

1292 3098 22 18 to
1430 3093 124 28 Capitalists
1562 3093 58 22 from
1630 3093 38 23 the
1679 3095 170 22 establishment
1856 3097 26 21 of

1293 3130 13 13 a
1314 3122 59 20 Loan
1385 3121 101 26 Company
1495 3121 34 21 for
1538 3121 52 20 New
1600 3122 100 27 Zealand,
1712 3122 85 22 similar
1808 3126 22 18 to
1842 3123 37 22 the

1293 3148 129 23 Australian
1431 3148 64 22 Trust
1821 3159 3 8 /

1319 3183 45 22 No.
1474 3182 36 22 An
1522 3182 98 23 Address
1631 3187 22 18 to
1663 3183 39 23 the
1712 3183 57 23 New
1779 3184 101 22 Zealand

1294 3210 63 24 Land
1367 3209 138 28 Proprietors
1514 3210 99 22 resident
1625 3210 24 22 in
1659 3210 39 22 the
1708 3210 84 23 United
1808 3211 72 28 King-

1293 3238 58 25 dom,
1362 3244 32 14 on
1409 3236 83 23 several
1507 3241 92 18 matters
1609 3237 26 22 of
1641 3237 139 29 importance
1790 3242 22 18 to
1823 3239 58 22 their

1319 3299 43 22 No.
1381 3298 42 22 IV.
1423 3309 29 5 —
1479 3298 35 23 On
1533 3298 39 23 the
1587 3297 121 24 Tinancial
1728 3299 113 23 condition
1857 3301 27 22 of

1293 3327 55 22 New
1490 3326 32 28 by
1531 3326 92 22 Charles
1632 3326 76 28 Terry,
1721 3326 59 28 Esq.,
1790 3327 89 25 F.R.S.,

1286 3352 88 24 .F.S.A.
1576 3358 19 24 4

1319 3385 44 22 No.
1379 3384 29 22 V.
1409 3396 29 4 —
1439 3386 21 20 1.
1509 3384 159 24 Observations
1693 3392 29 14 on
1745 3384 136 29 facilitating

1294 3411 140 28 Emigration
1458 3414 22 19 to
1502 3412 57 22 New
1582 3411 109 26 Zealand,
1710 3411 31 28 by
1760 3419 79 15 means
1858 3413 26 22 of

1293 3439 116 24 Moderate
1430 3438 97 28 Charges
1541 3439 35 21 for
1595 3438 68 22 Chief
1679 3438 45 23 and
1739 3439 140 23 Fore-Cabin

1454 3465 27 21 In
1489 3473 14 15 a
1514 3465 76 22 Letter
1600 3468 23 18 to
1634 3465 84 28 Joseph
1729 3467 84 26 Somes,
1825 3467 54 28 Esq.

1293 3495 40 21 &c.
1343 3493 42 21 &c.
1414 3492 35 27 By
1460 3491 29 22 H.
1500 3492 23 22 S.

1320 3526 20 21 2.
1382 3523 22 22 A
1414 3523 75 21 Letter
1497 3530 29 15 on
1537 3523 106 28 Banking
1653 3524 24 23 in
1688 3524 56 23 New

1294 3553 34 27 By
1337 3551 89 22 Arthur
1434 3550 26 21 T.
1472 3550 108 28 Holroyd,
1591 3551 53 27 Esq.

1321 3585 44 23 No.
1381 3584 42 22 VI.
1425 3594 28 5 —
1474 3584 161 22 Observations'
1648 3591 31 15 on
1687 3584 42 22 the'
1736 3584 144 29 Advantages

1295 3613 26 22 of
1331 3620 15 14 a
1362 3611 185 28 Representative
1561 3611 122 28 Assembly
1696 3611 37 24 for
1751 3612 57 23 New
1823 3613 58 24 Zea-

1323 3669 99 24 General
1432 3669 47 23 title
1488 3670 46 22 and
1543 3670 152 23 introduction
1705 3674 24 19 to
1738 3671 38 24 tbe
1786 3671 81 23 Series.

1484 3709 68 16 PRICE
1570 3710 121 15 SIXPENCE.

1325 3735 87 23 Gazette
1423 3733 77 28 Office,
1511 3735 69 26 Sept.,
1592 3735 62 21 1843.

1485 3785 84 21 Fresh
1584 3785 107 25 Butter,

1297 3818 163 52 ALWAYS
1475 3825 30 16 on
1517 3818 51 23 Sale
1583 3821 26 19 at
1623 3818 39 23 the
1672 3818 66 23 Meat
1749 3819 135 29 Company's

1376 3845 115 29 premises.

1566 3871 37 23 W.
1618 3871 104 30 Fll'cer,
1738 3873 118 29 Manager.

1299 3924 71 51 OIN
1385 3923 85 26 SALE,
1484 3927 25 19 at
1518 3923 45 24 this
1573 3923 73 27 office,
1655 3922 73 25 blank
1738 3924 57 23 Bill
1804 3924 80 23 Book*

1340 3948 6 15 '
1528 3950 71 29 office,
1609 3949 58 24 D«c.
1675 3952 23 21 4.

1325 3973 163 41 Suga||gaptN,

66 143 87 26 Daniel
170 144 21 23 is
209 144 24 23 in
252 143 39 23 the
310 142 67 30 lipn's
397 142 40 24 den
454 147 24 20 at
489 142 52 33 last,
552 142 42 24 and
606 142 41 23 has

64 176 59 24 been
133 176 102 24 arrested
245 175 30 32 by
287 175 65 24 order
365 176 25 23 of
405 176 164 24 Government.
604 175 43 23 We

64 209 58 24 have
133 209 39 24 the
183 209 55 23 bare
248 209 145 24 information
405 209 25 23 of
444 209 40 23 the
504 209 46 22 fact
570 208 26 25 of
609 208 37 25 his

60 242 73 32 •being
144 241 109 30 arrested,
261 241 58 25 from
329 242 38 23 the
377 242 95 31 Captain
485 241 27 23 of
519 240 40 24 the
568 239 78 30 Scout,

63 275 51 23 who
125 275 90 24 arrived
225 275 53 23 here
289 275 58 24 from
355 275 153 28 Launceston,
517 281 31 19 on
557 273 90 24 Thurs-

64 308 44 30 day
126 308 107 31 morning
251 308 52 24 last.
350 308 110 24 Previous
480 311 23 19 to
523 306 91 31 sailing,
634 315 13 14 a

64 340 111 31 boarding
187 341 77 23 officer
274 341 60 24 from
345 341 38 22 the
394 338 118 25 Marmion
523 340 81 23 visited
612 340 35 22 his

62 373 82 29 vessel,
155 373 44 23 and
211 374 130 24 mentioned
352 374 38 22 the
402 373 52 23 fact.
456 385 35 4 —
491 372 62 24 Port
559 372 88 31 Phillip

64 405 96 27 Qazette
173 405 53 25 Oct.
241 406 22 24 7.

97 439 150 26 Motherit
275 439 80 24 Love.
362 451 35 5 —
402 439 58 24 Last
493 447 84 23 among
609 438 38 24 the

63 472 181 24 characteristics
252 472 25 24 of
282 480 86 16 women
376 473 20 22 is
403 472 48 24 that
458 476 69 19 sweet
537 471 111 31 motherly

63 505 51 29 Jove
124 506 54 22 with
191 505 75 23 which
281 511 80 18 nature
381 506 41 23 has
440 504 72 31 gifted
522 505 42 24 her
572 514 6 19 ;
585 521 4 4 -
599 505 19 23 it
628 506 19 22 is

63 538 81 24 almost
155 537 153 32 independent
319 538 26 24 of
352 538 50 24 cold
411 546 88 21 reason,
511 538 46 24 and
567 537 81 32 wholly

61 571 105 24 removed
174 571 58 23 from
244 571 31 28 all,
282 571 78 24 selfish
370 571 56 31 hope
435 572 26 23 of
470 571 95 24 reward.
600 571 47 24 Not

61 604 97 24 because
170 604 19 24 it
198 605 21 22 is
231 604 82 31 lovely,
326 604 53 24 does
390 605 38 23 the
439 604 90 24 mother
541 604 49 23 love
602 603 41 24 her

60 637 68 29 child,
139 637 43 24 but
198 637 96 24 because
313 638 18 23 it
346 638 19 23 is
378 646 14 15 a
402 637 70 31 living
491 643 50 25 part
554 638 24 23 of
593 637 54 23 her-

61 670 47 23 self
108 682 28 5 —
137 670 39 23 the
188 670 61 24 child
261 671 24 23 of
301 671 42 23 her
355 670 71 29 heart,
440 679 12 15 a
465 671 95 23 fraction
574 671 25 23 of
607 670 40 24 her

61 710 50 16 own
122 707 88 20 nature.
248 703 29 24 In
293 711 67 23 every
372 704 151 30 uncorrupted
535 704 77 23 nation
625 703 24 24 of

60 736 39 23 the
111 736 65 24 earth
193 736 46 24 this
252 736 83 32 feeling
346 737 20 23 is
385 737 36 24 the
433 744 70 16 same.
541 737 105 28 Climate,

58 769 74 24 which
144 769 101 31 changes
265 777 67 24 every
343 770 66 31 thing
422 770 55 28 else,
491 770 99 31 changes
607 774 40 19 not

59 802 58 24 that.
152 802 26 24 It
198 803 20 23 is
236 802 53 31 only
299 802 39 26 the
355 807 60 19 most
431 804 134 31 corrupting
576 804 71 23 forms

58 835 27 23 of
94 835 85 31 society
186 835 75 24 which
271 835 59 24 have
337 844 75 23 power
418 835 120 32 gradually
546 842 23 17 to
576 835 69 24 make

57 868 121 24 luxurious
190 869 48 23 vice
256 873 93 19 sweeter
360 869 56 23 than
435 868 39 24 the
492 869 79 23 tender
582 877 64 16 cares

59 901 45 24 and
122 901 53 23 toils
194 901 26 23 of
235 902 110 23 maternal
364 902 57 24 love.
457 902 31 23 In
506 902 140 29 Greenland,

59 933 75 24 where
144 934 39 23 the
195 934 89 24 climate
296 934 85 24 affords
398 943 28 15 no
443 936 159 22 nourishment
612 935 35 24 for

57 967 93 29 infants,
164 967 37 24 the
212 967 89 24 mother
318 968 117 23 nourishes
447 968 42 23 her
500 968 62 24 child
572 976 31 24 up
621 973 23 19 to

59 1000 39 24 the
118 1000 61 24 third
197 1000 45 24 and
261 1001 75 23 fourth
354 1009 54 22 year
418 1002 26 22 of
460 1001 37 23 his
515 1002 49 23 life.
599 1002 47 23 She

59 1033 97 24 endures
166 1033 60 24 from
244 1033 47 25 him
309 1035 30 23 all
352 1035 37 23 the
401 1040 93 18 nascent
511 1035 135 23 indications

54 1066 31 24 ■of
102 1066 37 24 the
151 1066 56 24 rude
226 1067 43 24 and
290 1068 154 30 domineering
461 1069 67 30 spirit
539 1068 26 23 of
580 1076 65 16 man-

57 1099 68 30 hood,
138 1099 55 23 with
214 1100 127 31 indulgent,
359 1101 158 31 all-forgiving
533 1101 111 31 patience.

60 1132 51 24 The
122 1140 95 23 negress
237 1133 21 23 is
269 1134 76 23 armed
358 1134 52 23 with
423 1142 61 15 more
496 1135 56 23 than
571 1135 75 30 manly

57 1165 104 32 strength
173 1166 65 24 when
251 1166 39 24 her
303 1167 57 23 child
374 1167 21 23 is
404 1167 105 24 attacked
521 1168 31 30 by
562 1176 82 22 savage

56 1198 85 24 beasts.
177 1199 45 23 We
233 1200 53 23 read
299 1200 51 23 with
364 1201 130 23 astonished
512 1201 133 24 admiration

57 1232 39 24 the
114 1232 116 31 examples
242 1233 26 23 of
284 1233 41 23 her
343 1234 120 23 matchless
483 1242 96 24 courage
599 1235 44 23 and

58 1270 115 26 contempt
185 1266 26 23 of
221 1266 91 31 danger.
349 1267 48 24 But
408 1266 19 24 if
442 1267 68 23 death
522 1267 53 24 robs
593 1267 52 24 that

58 1298 78 26 tender
148 1298 97 29 mother,
258 1299 73 24 whom
343 1308 32 16 we
388 1308 35 16 are
435 1300 92 31 pleased
541 1306 22 18 to
575 1301 46 23 call
633 1309 13 15 a

58 1339 90 23 savage,
162 1332 26 23 of
204 1332 41 23 her
261 1332 50 25 best
327 1334 94 23 comfort
421 1346 33 4 —
456 1333 37 24 the
506 1334 76 24 charm
602 1334 44 24 and

52 1372 58 16 -care
122 1365 24 23 of
157 1365 40 23 her
209 1367 116 23 existence
327 1379 30 4 —
358 1367 74 23 where
442 1368 19 22 is
472 1367 39 23 the
520 1367 65 24 heart
597 1367 49 25 that

60 1405 42 16 can
115 1400 104 22 conceive
226 1399 9 24 ?
271 1399 51 24 The
334 1400 83 32 feeling
425 1400 73 24 which
510 1402 18 23 it
539 1401 105 24 breathes

57 1432 22 23 is
90 1431 89 32 beyond
191 1432 31 23 all
233 1434 141 29 expression.

92 1465 56 24 Bad
167 1465 93 24 Times.
262 1478 34 4 —
297 1466 75 24 There
391 1467 19 22 is
427 1467 131 32 something
574 1467 69 24 worth

56 1497 73 32 living
147 1498 44 29 for,
204 1506 57 16 even
272 1499 24 23 in
308 1499 64 24 these
383 1499 44 24 bad
444 1501 75 23 times.
556 1501 22 23 A
590 1509 53 23 per-

59 1538 42 16 son
110 1538 46 16 was
167 1531 132 32 remarking
308 1532 37 24 the
355 1532 63 24 other
428 1533 51 31 day,
574 1534 69 31 cheap

57 1564 136 31 everything
212 1565 21 23 is
463 1574 66 24 every

59 1597 49 24 said
127 1597 37 24 his
184 1597 83 24 friend.
329 1599 69 31 Why,
412 1599 58 24 what
482 1600 19 23 is
513 1605 41 19 not
607 1609 37 15 re-

56 1630 62 33 plied
129 1631 38 24 he.
228 1631 98 25 Woman
415 1633 45 29 Oh,
470 1641 41 23 aye
518 1634 6 24 !
539 1633 13 24 I
562 1633 80 32 forgot,

56 1671 85 18 woman
153 1665 21 22 is
186 1664 83 32 always

91 1697 36 32 By
139 1705 14 15 a
164 1702 79 19 recent
254 1699 65 23 order
340 1699 38 24 the
399 1700 92 31 Society
503 1700 25 24 of
547 1701 96 24 Friends

57 1738 39 16 are
116 1735 41 19 not
173 1731 95 24 allowed
286 1733 129 31 exemption
428 1733 58 23 from
505 1734 92 31 serving
615 1742 28 16 on

53 1764 82 31 juries,
150 1773 29 15 on
192 1764 38 24 the
241 1764 52 31 plea
305 1766 48 23 that
365 1766 51 31 they
430 1766 75 32 object
516 1771 22 19 to
552 1768 72 24 oaths.

94 1797 84 32 Cramp
191 1799 24 22 in
235 1799 37 22 the
284 1799 38 31 leg
340 1807 52 23 may
404 1800 26 23 be
442 1800 153 32 immediately
606 1809 36 16 re-

56 1831 80 23 moved
158 1832 30 29 by
200 1832 66 30 tying
282 1840 45 23 auy
339 1838 48 18 sort
399 1833 24 23 of
437 1833 102 32 bandage
562 1835 80 31 tightly

56 1864 69 24 above
137 1863 39 24 the
189 1864 67 24 knee.

89 1898 24 24 A
130 1898 176 25 Refreshing
323 1899 89 25 Drinjc
427 1908 25 16 in
473 1907 18 18 a
511 1901 95 25 Fever.
610 1915 33 4 —

121 1939 13 16 a
146 1933 51 29 pint
209 1932 26 23 of
251 1932 61 24 Irish
325 1933 101 31 whiskey
439 1934 54 23 with
505 1934 50 24 half
569 1943 14 16 a
593 1936 50 31 pint

56 1964 27 24 of
91 1973 69 22 green
171 1969 45 25 tea,
229 1965 43 23 add
283 1974 15 16 a
309 1974 96 24 squeeze
416 1967 25 23 of
449 1967 77 25 lemon
538 1968 44 24 and
597 1969 48 24 loaf

55 2006 69 24 sugar
144 2003 23 19 to
180 1999 38 23 the
230 2003 66 20 taste.
334 2000 50 23 The
405 2000 70 25 above
495 2002 55 23 dose
571 2007 22 18 to
614 2002 28 24 be

53 2031 72 24 taken
143 2039 68 24 every
223 2032 65 29 hour,
300 2034 58 22 until
371 2041 14 17 a
396 2034 86 31 change
501 2034 68 24 takes
578 2035 64 30 place

52 2065 28 24 in
91 2064 37 24 the
139 2065 96 31 patient.
237 2077 33 5 —
270 2065 88 24 Punch.

89 2098 137 24 Literary
255 2098 202 24 Intelligence.
468 2100 91 22 —We
582 2100 58 22 have

56 2129 69 26 heard
136 2131 19 23 it
165 2131 128 31 whispered
305 2133 24 22 in
341 2132 78 23 circles
430 2131 73 32 likely
514 2136 24 19 to
551 2133 27 23 be
590 2133 52 23 well

54 2164 120 29 informed,
188 2164 49 23 that
258 2164 48 24 Mr.
321 2165 91 23 Snooks
432 2166 41 22 has
487 2171 23 17 at
528 2166 45 23 last
583 2166 57 24 been

53 2197 115 32 prevailed
186 2205 62 24 upon
261 2202 21 19 to
303 2198 65 23 allow
381 2206 41 16 one
435 2199 24 23 of
469 2199 37 23 his
523 2199 84 24 riddles
620 2204 22 19 to

53 2232 29 23 be
94 2230 122 33 published
227 2239 29 15 on
268 2232 38 23 the
319 2232 65 23 snuff
400 2240 68 23 paper
480 2233 26 23 of
522 2241 14 15 a
546 2233 96 31 popular

54 2265 148 24 tobacconist.
239 2264 44 25 We
305 2273 49 21 can,
376 2265 111 29 however,
506 2272 95 17 venture
620 2271 21 18 to

54 2306 41 23 say
106 2298 51 24 that
166 2298 20 23 it
204 2298 55 23 asks
272 2298 38 24 the
329 2300 111 30 question.
442 2312 35 4 —
477 2299 78 24 When
566 2308 13 14 a
592 2308 50 15 cer-

54 2333 48 22 tain
114 2331 78 24 article
210 2332 21 22 is
245 2336 39 19 not
294 2340 15 15 a
327 2333 85 22 certain
430 2332 79 23 article
519 2333 10 24 ?
549 2333 44 24 and
604 2333 38 23 the

53 2365 65 32 reply
129 2364 117 24 embodies
261 2373 14 15 a
295 2365 146 24 well-known
461 2366 120 31 adjective.
619 2366 23 24 It

54 2406 53 24 may
117 2399 29 22 be
158 2398 105 31 objected
273 2399 49 23 that
339 2399 38 24 the
395 2399 50 24 idea
462 2400 21 22 is
501 2399 71 24 taken
583 2400 59 23 from

54 2432 39 24 the
103 2432 96 31 popular
211 2434 91 29 enigma
303 2445 32 4 —
360 2432 75 24 When
454 2433 22 23 is
488 2441 13 15 a
512 2433 55 23 door
577 2439 41 17 not
629 2442 13 15 a

54 2465 55 25 door
178 2465 50 23 But
247 2473 32 16 we
292 2474 42 15 can
353 2474 30 23 go
402 2474 24 15 so
444 2466 36 23 far
491 2474 25 15 as
528 2471 23 19 to
570 2471 72 22 assert

54 2499 50 25 that
115 2498 63 25 there
190 2499 20 22 is
223 2507 26 15 so
266 2500 69 22 much
350 2504 106 19 neatness
468 2500 24 23 in
504 2500 39 23 the
555 2502 85 27 notion,

55 2532 46 24 and
116 2540 25 15 so
151 2532 71 23 much
234 2532 127 24 cleverness
372 2534 25 22 in
408 2533 37 24 the
457 2534 89 23 conceit
559 2534 24 23 of
593 2534 47 23 Mr.

56 2562 101 33 Snooks,
176 2573 26 16 as
214 2569 24 20 to
256 2566 53 31 give
327 2566 48 24 him
386 2566 82 24 almost
480 2566 38 24 the
534 2568 68 22 merit
621 2568 23 23 of

52 2599 143 31 originality.
231 2599 49 24 Mr.
303 2600 106 23 Snobson
428 2601 42 22 has
489 2608 13 15 a
525 2601 75 23 ballad
619 2602 23 22 in

54 2634 153 31 preparation,
221 2632 99 25 founded
332 2641 30 16 on
373 2634 38 24 the
418 2634 120 31 delightful
553 2642 56 23 song
620 2635 26 23 of

80 2665 52 25 Tell
152 2674 45 21 me,
209 2674 40 23 my
386 2667 24 24 It
428 2675 143 16 commences
587 2667 54 24 with

152 2700 85 23 inform
254 2707 45 22 me,
320 2709 39 23 my
369 2700 78 24 bosom
502 2701 46 23 and
567 2702 18 22 is
601 2710 40 14 ex-

54 2733 80 31 pected
144 2737 25 20 to
179 2733 94 24 become
285 2735 124 30 exceeding
419 2734 131 32 popular.—
552 2734 88 25 Punch.

220 2799 78 21 Meat
331 2800 148 27 Company.

291 2834 123 22 BUTTER

57 2866 163 51 ALWAYS
233 2873 30 15 on
273 2865 69 28 band,
358 2865 45 23 and
417 2870 23 18 to
454 2867 30 21 be
498 2867 53 28 had,
563 2867 81 22 whole-

136 2894 47 22 sale
202 2893 43 22 and
266 2893 72 28 retail,
357 2897 24 18 at
400 2894 37 22 the
459 2894 80 22 lowest
558 2895 87 22 market

56 2922 68 28 price,
140 2928 14 15 a
171 2921 62 26 large
252 2921 80 27 supply
348 2921 25 21 of
388 2921 37 22 the
439 2921 129 22 celebrated
581 2923 63 20 Cow-

56 2952 90 27 pasture
156 2948 46 22 and
210 2948 121 22 Terawitte
343 2949 70 26 Dairy
423 2949 86 21 Butter.

331 2982 34 22 W.
381 2982 103 26 Flygbr,
500 2982 118 27 Manager.

85 3009 98 23 October
192 3010 34 26 27,
238 3010 60 21 1843.

227 3065 78 21 Meat
326 3066 149 25 Company.

59 3097 91 52 THE
170 3098 237 28 UNDERSIGNED,
426 3098 86 28 having
530 3099 57 22 been
607 3106 39 20 ap-

131 3125 92 29 pointed
238 3126 110 26 Manager
358 3126 28 21 of>
397 3125 36 22 the
447 3126 65 21 Meat
521 3126 123 27 Company,

57 3152 54 28 begs
120 3156 23 18 to
153 3159 118 15 announce
281 3153 50 22 that
345 3159 13 15 a
367 3152 87 27 regular
464 3152 79 28 supply
553 3153 25 22 of
586 3153 58 27 beef,

59 3182 94 24 mutton,
173 3179 46 22 and
235 3179 56 28 pork
308 3187 53 19 may
381 3180 80 27 always
480 3180 28 21 be
528 3180 119 28 depended

47 3210 72 24 'upon
129 3210 24 18 at
162 3206 45 22 this
218 3206 173 23 establishment.

87 3238 33 22 As
143 3238 45 22 this
211 3239 116 28 Company
341 3246 110 25 .purposes
470 3239 81 26 selling
569 3243 24 18 at
610 3239 37 23 tbe

58 3264 78 24 lowest
144 3265 73 28 prices
227 3269 23 19 at
264 3265 74 23 which
346 3271 19 17 it
376 3267 21 23 is
405 3265 72 23 found
487 3267 37 21 the
533 3270 60 18 meat
607 3273 40 15 can

59 3291 30 23 he
99 3291 106 29 afforded,
217 3292 37 22 the
264 3293 150 27 undersigned
422 3293 18 21 is
454 3293 54 28 only
518 3293 128 23 authorized

58 3321 26 19 to
94 3319 50 26 give
150 3325 54 20 very
209 3319 174 27 limited'eredit,
390 3319 45 22 and
442 3319 40 26 has
489 3320 56 22 been
555 3321 94 22 ordered

59 3347 25 20 to
100 3349 48 23 stop
164 3345 30 21 all
207 3349 105 19 accounts
327 3346 73 22 which
413 3354 37 14 are
466 3351 41 18 not
521 3347 59 28 paid,
589 3355 58 22 upon

61 3371 103 23 demand.

88 3405 48 23 The
145 3404 104 24 business
258 3406 25 21 of
291 3406 37 22 tbe
339 3407 112 28 Company
459 3408 21 21 is
490 3408 85 22 carried
585 3416 29 15 on
624 3409 23 22 in

61 3432 58 23 their
133 3439 51 17 new
198 3432 110 28 building,
320 3432 91 28 erected,
424 3434 105 25 b^tweem
545 3436 103 22 France's

61 3459 70 23 Hotel
150 3458 45 23 and
214 3458 39 26 the
270 3458 59 26 head
345 3460 27 25 of
385 3460 37 22 the
437 3462 57 27 Bay,
512 3462 45 22 and
572 3463 77 27 nearly

62 3486 98 29 opposite
172 3490 23 18 to
205 3486 46 24 Mr.
262 3485 83 28 Lyon's
355 3487 69 22 Store.

338 3519 35 23 W.
388 3520 101 28 Fltger,
505 3523 116 26 Manager.

90 3547 131 23 November
230 3548 34 25 23,
277 3548 60 21 1842.

237 3592 78 21 Meat
329 3591 148 27 Company.

63 3625 188 51 WANTED,
266 3633 14 15 a
287 3625 73 23 vessel
369 3625 26 22 of
407 3625 69 23 about
485 3628 27 20 30
522 3629 56 24 tons,
590 3631 23 19 to
622 3628 28 22 be
658 3620 2 35 \

158 3653 57 26 kept
230 3653 128 28 constantly
374 3652 117 28 employed
505 3653 23 22 in
548 3654 103 29 bringing

63 3680 56 29 pigs,
130 3683 24 19 at
162 3687 15 15 a
187 3679 61 23 fixed
257 3680 61 26 price
327 3687 40 20 per
376 3679 82 28 pound,
465 3681 58 21 from
534 3681 38 21 tbe
581 3687 68 22 coast,

63 3709 35 21 for
107 3707 44 23 this
161 3706 180 27 establishment.

339 3740 37 22 W.
390 3740 102 28 Flyger,
506 3741 117 28 Manager.

92 3767 132 28 September
231 3768 35 26 29,
278 3769 61 21 1843.

237 3818 78 21 Meat
330 3818 149 27 Company.

193 3850 336 24 VEGETABLES.

68 3877 178 51 SHIPPING
257 3878 50 21 and,
318 3878 105 22 Families
438 3885 43 17 can
493 3878 29 22 be
538 3879 116 28 regularly;

119 3904 103 28 supplied
231 3904 54 22 with
292 3904 32 22 all
331 3905 148 28 descriptions
485 3905 27 21 of
517 3906 134 27 vegetables.

346 3939 36 22 W.
393 3939 101 27 Flyobr,
506 3939 118 28 Manager.

93 3963 248 29 S«pttmb«3o,lS43.
576 3957 15 13 *
