3331 6223
116 2161 130 71 The
289 2161 216 71 Lyell
548 2161 259 71 Times.

118 2307 246 39 SATURDAY,
383 2307 251 33 NOVEMBER
649 2310 50 35 21,
718 2309 89 32 1885.

127 2419 70 34 The
220 2418 116 44 partial
360 2417 207 45 cleaning-up
583 2423 32 28 at
639 2418 54 33 the
719 2420 119 32 United

87 2467 116 43 Alpine
219 2465 138 42 battery,
373 2476 79 31 gave
477 2466 57 32 381
559 2477 118 21 ounces
693 2467 34 31 of
739 2466 79 33 amal-

85 2524 76 31 gam
179 2512 82 32 from
278 2510 55 33 the
351 2512 113 42 plates,
480 2511 120 43 ripples
611 2512 63 31 ami
692 2512 147 40 berdans,

87 2565 47 26 lor
149 2559 60 32 '2OO
224 2562 72 28 tons
313 2557 34 32 of
360 2563 90 26 stone
467 2557 147 33 crushed.

129 2604 59 34 We
212 2603 81 33 have
317 2602 64 33 had
398 2602 77 39 only
491 2615 61 20 one
576 2603 76 32 mail
677 2603 75 34 here
776 2604 64 33 this

87 2650 198 36 week—and
299 2651 70 32 that
378 2662 38 21 on
429 2651 150 42 Tuesday
592 2651 71 33 last.
689 2651 151 42 Through

88 2698 56 32 the
161 2696 62 33 bad
239 2696 142 32 weather
404 2696 63 32 and
485 2696 53 32 the
561 2696 126 33 flooded
706 2702 81 27 state
811 2698 34 31 of

89 2745 55 31 the
162 2744 101 32 rivers
278 2742 145 33 between
440 2742 164 43 Westport
616 2743 64 32 and
696 2743 145 40 Reefton,

89 2789 102 34 wheel
221 2789 102 32 traffic
353 2789 59 31 has
434 2788 81 32 been
545 2789 146 42 stopped,
722 2790 63 32 and
812 2792 33 30 of

88 2846 113 23 course
233 2834 63 33 this
321 2841 67 26 sort
414 2835 34 31 of
467 2835 93 39 thing
585 2834 64 33 will
674 2848 38 27 go
738 2846 41 22 on
811 2842 33 27 at

90 2881 168 36 intervals,
282 2879 83 33 until
388 2880 54 32 the
458 2879 125 35 district
606 2881 27 32 is
656 2881 186 33 considered

89 2928 129 42 worthy
242 2929 35 31 of
296 2926 125 41 bridges
437 2927 62 33 like
515 2928 94 32 other
632 2935 87 35 parts
736 2929 35 32 of
790 2929 53 32 the

90 2973 129 43 colony.
285 2971 87 34 Take
417 2973 54 32 the
513 2973 86 43 Grey
644 2973 115 43 Valley
795 2975 49 31 for

89 3021 158 30 instance.

135 3065 51 32 Mr
200 3064 48 33 W.
261 3065 44 31 H.
320 3063 122 37 Revell,
457 3063 150 40 formerly
623 3065 34 32 of
671 3066 173 42 Westport,

91 3110 60 32 has
174 3110 78 32 been
277 3109 175 41 appointed
477 3110 153 32 Resident
656 3112 187 40 Magistrate

92 3157 48 33 for
157 3155 53 34 the
228 3154 134 35 District
376 3156 35 33 of
425 3155 191 34 Southland.

135 3203 125 31 Letters
295 3203 37 30 of
361 3203 248 31 naturalisation
647 3204 81 32 have
767 3205 77 31 been

94 3247 104 34 issued
216 3248 31 31 in
265 3248 90 31 favor
371 3247 34 31 of
420 3246 120 33 Steffen
566 3248 119 33 Martin
705 3250 118 31 Conrad-

91 3305 71 27 son,
179 3294 35 32 of
227 3293 103 42 Lyell.

136 3340 47 31 Mi
204 3340 86 31 John
309 3339 78 33 Corr
404 3340 63 31 will
485 3352 92 30 carry
595 3353 38 20 on
650 3342 145 32 business
813 3351 29 22 at

93 3385 51 33 his
160 3385 51 33 old
230 3385 154 42 premises
400 3385 32 32 in
458 3385 255 41 Cobden-street,
731 3387 115 40 during

95 3432 55 33 the
174 3432 136 32 erection
330 3433 34 30 of
376 3443 70 21 new
471 3439 82 26 store
570 3435 33 30 in
626 3435 197 32 Palmerston-

95 3484 108 29 street,
223 3478 170 42 Westport.

136 3524 70 38 We,
225 3523 110 33 Buller
354 3524 113 34 Miner,
484 3525 200 34 understand
709 3527 70 32 that
797 3527 50 33 Mr

98 3572 34 31 P.
151 3571 161 41 Mulvray,
336 3572 73 31 who
432 3572 58 32 has
515 3573 96 41 lately
635 3574 211 32 commenced

96 3616 146 34 business
273 3616 73 33 here
376 3628 35 21 as
442 3629 16 20 a
497 3618 150 33 Plumber
676 3630 41 22 an
733 3621 7 30 I
771 3620 54 31 Tin-

96 3662 111 38 smith,
244 3662 59 32 has
340 3662 130 41 coming
500 3669 32 27 to
562 3665 88 32 hand
687 3677 16 19 a
735 3669 45 28 set
817 3666 30 31 of

94 3708 200 43 Corrugated
317 3709 144 42 Curving
485 3709 76 33 Iron
591 3711 126 32 Rollers
740 3711 34 32 of
794 3711 53 32 the

96 3758 86 28 most
204 3755 160 41 approved
391 3762 138 35 pattern.
576 3758 32 32 It
637 3758 26 31 is
689 3769 59 21 one
775 3758 71 32 that

94 3810 67 22 was
184 3799 112 34 shown
320 3804 32 29 at
375 3801 55 32 tie
449 3801 196 44 Wellington
658 3803 189 33 Exhibition

96 3846 43 41 by
158 3847 119 32 Messrs
292 3848 37 30 A.
347 3847 64 32 and
428 3849 36 30 T.
482 3849 92 39 Burt,
589 3849 63 33 and
669 3862 66 20 was
751 3850 96 32 much

96 3891 146 34 admired
258 3891 42 43 by
316 3892 42 33 all
374 3892 73 33 who
464 3903 65 24 saw
545 3900 35 27 it.
626 3895 67 32 The
717 3901 85 27 want
819 3896 28 32 of

94 3938 67 33 this
174 3938 84 33 class
272 3938 37 33 of
320 3938 193 45 machinery
529 3941 58 33 has
602 3941 77 43 long
694 3941 80 34 been
793 3941 54 33 felt

97 3984 88 39 here,
209 3984 63 32 and
296 3984 25 33 it
343 3985 77 40 will,
436 3997 43 21 no
506 3986 110 40 doubt,
641 3987 37 32 be
701 3988 100 33 found
819 3988 28 32 of

96 4037 91 35 great
203 4031 216 33 convenience
437 4037 31 27 to
485 4033 55 32 the
557 4033 146 42 building
717 4033 90 34 trade
820 4033 27 33 of

102 4075 171 42 Westport.

138 4122 59 33 We
221 4122 126 33 remind
366 4134 58 21 our
439 4125 129 32 readers
583 4126 36 32 of
635 4125 54 33 the
714 4126 136 32 Lecture

100 4172 31 29 to
152 4167 39 34 be
214 4168 162 34 delivered
393 4169 40 43 by
449 4170 54 33 the
528 4170 80 34 Rev.
630 4172 51 32 Mr
696 4172 153 42 Spencer,

100 4215 32 30 in
161 4214 55 32 the
254 4214 224 33 School-room
514 4216 76 33 here
625 4228 43 21 on
707 4217 144 42 Monday

98 4261 140 40 evening
260 4266 85 31 next,
370 4266 32 27 at
425 4263 19 31 8
460 4262 130 33 o'clock.
635 4263 69 32 The
728 4263 123 43 subject

94 4305 32 32 is
141 4317 60 20 one
217 4305 206 42 remarkably
445 4308 220 38 well-chosen,
690 4309 64 31 and
777 4320 54 20 can-

98 4355 57 26 not
178 4350 55 31 fail
258 4355 30 26 to
311 4353 116 30 attract
447 4351 54 32 the
525 4364 88 20 same
630 4352 65 32 real
718 4352 135 32 interest

99 4395 65 33 and
193 4395 79 44 deep
293 4396 161 34 attention
480 4397 104 34 which
614 4398 53 33 the
693 4409 97 22 name
822 4398 34 33 of

101 4441 131 32 Gordon
256 4442 127 38 excites,
406 4444 166 31 wherever
591 4445 69 30 that
687 4445 164 32 Christian

100 4485 106 34 hero's
221 4498 98 20 name
341 4487 26 32 is
388 4489 199 32 mentioned.
633 4489 62 32 His
718 4489 147 33 marked'

101 4532 194 42 popularity,
326 4534 64 31 and
418 4534 54 32 the
497 4536 130 38 general
657 4536 196 32 admiration

101 4577 106 33 which
232 4578 50 31 his
305 4578 165 42 integrity,
493 4579 156 42 humility
674 4581 64 31 and
762 4581 90 31 strict

103 4635 92 21 sense
213 4623 34 33 of
260 4623 200 43 duty—both
478 4637 34 20 as
528 4637 17 21 a
562 4625 176 40 Christian,
757 4625 64 33 and
837 4638 16 21 a

105 4668 127 38 soldier,
249 4669 114 41 gained
381 4670 46 33 for
451 4670 68 33 him
537 4672 217 41 everywhere,
771 4684 82 21 were

103 4715 73 33 well
206 4715 167 44 expressed
403 4716 41 43 by
475 4718 53 33 the
559 4717 78 43 high
668 4719 124 33 tension
823 4721 30 31 ol

105 4766 130 40 anxiety
251 4767 31 28 to
300 4762 103 35 which
416 4763 106 44 public
536 4764 118 45 feeling
666 4776 81 30 rose,
759 4765 96 34 when

105 4817 22 23 ?'«,
143 4820 66 21 was
224 4809 119 33 known
358 4811 39 31 he
408 4821 66 22 was
484 4811 151 33 hemmed
651 4814 33 30 in
702 4819 33 27 at
752 4813 81 32 Khar-

105 4859 87 28 toum
207 4863 7 31 ;
237 4854 110 35 whilst
370 4854 53 34 the
446 4866 89 23 news
558 4857 34 32 of
603 4857 55 34 the
681 4858 54 33 fall
752 4858 34 34 of
806 4857 50 33 his

106 4901 4 43 i
125 4907 39 27 ist
192 4901 200 43 stronghold,
418 4903 63 33 and
508 4903 51 33 his
589 4904 132 34 obscure
747 4905 108 39 death,

104 4948 119 32 caused
252 4959 17 21 a
297 4959 90 22 wave
418 4950 35 31 of
473 4954 106 38 regret
609 4951 162 33 wherever
801 4952 53 31 the

106 4993 104 33 l.eroic
240 4993 145 33 soldier's
418 4995 97 32 deeds
545 4996 35 32 of
612 4995 142 35 heroism
790 4997 66 33 and

105 5041 122 40 valour,
252 5044 62 28 and
342 5040 51 33 his
415 5041 97 33 noted
537 5042 231 35 unselfishness
792 5042 63 34 and

105 5086 163 42 disregard
293 5087 34 32 of
347 5087 121 42 danger
489 5089 63 31 had
577 5090 93 32 made
688 5090 50 31 his
762 5101 96 21 name

106 5135 135 30 famous.
287 5133 131 33 Certain
456 5133 23 33 it
510 5135 38 38 is,
584 5135 159 32 Gordon's
774 5141 84 27 utter

106 5179 164 42 disregard
298 5180 34 33 of
355 5180 68 38 self,
447 5181 33 32 in
504 5185 151 28 ventures
678 5181 105 33 which
809 5183 32 30 in-

110 5225 111 33 volved
251 5225 66 33 risk
348 5226 63 32 and
442 5227 120 40 danger
599 5228 34 32 of
659 5239 41 21 no
738 5228 122 40 trifling

107 5271 87 32 knd.
227 5272 61 31 and
320 5271 54 32 the
412 5272 151 43 religious
593 5273 129 33 fervour
752 5274 104 32 which

108 5318 128 31 indued
261 5319 49 30 his
327 5318 95 39 bung
439 5319 209 41 throughout,
667 5321 81 32 have
765 5320 94 40 given

105 5363 51 32 ■his
181 5374 147 32 memory
350 5364 62 33 and
431 5364 166 33 character
613 5377 18 20 a
655 5365 101 42 living
775 5367 84 32 force

103 5409 108 33 which
230 5410 24 32 it
278 5410 62 32 will
366 5410 72 33 take
453 5423 94 30 years
569 5416 32 28 to
616 5423 141 22 remove.
804 5412 30 32 W
835 5413 6 8 7
844 5424 16 20 e

102 5462 117 36 •expect
235 5461 32 26 to
284 5466 51 21 see
354 5455 53 32 the
424 5467 64 22 rev.
506 5457 216 43 gentleman's
738 5457 122 32 lecture

112 5514 8 18 \
131 5514 54 21 <?rv
204 5501 71 33 well
292 5501 163 34 attended.

153 5547 55 33 We
232 5555 85 25 must
344 5548 161 43 Apologise
528 5553 31 28 to
583 5559 59 22 our
664 5548 127 34 readers
814 5548 48 33 for

112 5594 51 31 the
190 5594 94 42 delay
307 5595 106 32 which
440 5597 58 31 has
521 5597 104 31 arisen
651 5598 33 30 in
710 5597 53 32 the
791 5608 52 30 pro-

120 5639 119 33 lnct:on
268 5642 35 30 of
322 5651 58 21 our
402 5641 149 41 enlarged
578 5641 207 44 publication.
833 5642 29 31 It

155 5686 30 35 11,
202 5686 160 39 however,
375 5697 56 24 not
448 5689 36 32 be
498 5701 60 20 one
572 5695 27 26 oi
613 5691 73 38 long
699 5689 163 36 duration,

120 5742 23 18 is
168 5741 46 23 we
237 5731 176 45 anticipate
438 5734 53 33 the
508 5745 71 22 new
608 5736 90 42 plant
722 5736 141 40 arriving

113 5780 78 28 from
225 5778 118 33 Nelson
375 5780 64 33 and
470 5781 200 42 Wellington
701 5782 114 32 within
846 5794 16 21 a

113 5823 56 30 f'f-w
188 5821 89 45 days.

162 5871 5 27 i
181 5869 32 31 lit
214 5882 5 9 l
250 5872 32 29 lii
292 5876 25 25 st
351 5871 193 44 half-yearly
577 5876 140 38 meeting
748 5875 35 32 of
810 5875 53 32 the

113 5913 145 33 Manuka
282 5915 72 32 Flat
379 5917 182 44 Company,
589 5920 64 32 will
681 5919 36 33 be
741 5920 74 33 held
828 5925 36 29 at

106 5960 58 31 -lie
190 5959 184 41 Manager's
398 5962 90 34 office
509 5964 92 40 here,
625 5978 40 21 on
693 5966 172 44 Thursday

105 6005 144 40 ♦.-vHiiiig
266 6013 84 29 next,
361 6014 33 26 at
410 6011 17 29 0
444 6009 130 34 o'clock.

900 257 28 32 A
944 257 65 32 sale
1026 258 34 31 of
1072 256 145 33 forfeited
1234 258 111 32 shaves
1368 271 30 19 in
1420 260 51 32 the
1491 261 120 34 United

862 301 87 43 Italy
975 303 170 41 Company
1171 302 25 32 is
1222 303 59 32 fixe
1296 305 6 31 I
1328 304 49 32 for
1402 307 18 31 3
1451 317 88 30 p.m.,
1570 319 41 21 on

862 348 120 42 Friday
999 354 86 26 next.

902 411 28 31 A
946 409 107 43 public
1071 410 144 39 meeting
1230 410 35 32 of
1285 411 158 33 residents
1461 424 64 22 was
1542 413 75 33 held

862 462 33 27 afc
914 456 50 32 Mr
980 455 113 43 Inglis'
1111 456 89 33 office
1218 468 40 21 on
1278 456 145 44 Monday
1441 458 71 40 last,
1537 460 77 33 with

863 503 53 31 the
939 502 103 40 object
1065 502 35 31 of
1113 502 180 38 discussing
1311 503 52 32 the
1390 507 68 28 best
1481 506 136 39 possible

863 553 86 37 steps
976 552 32 27 to
1036 546 37 32 be
1098 546 98 33 taken
1220 548 33 31 in
1277 548 93 32 order
1394 553 31 28 to
1456 549 115 34 induce
1601 561 17 21 a

865 593 135 32 medical
1017 604 76 19 man
1112 598 30 26 to
1160 592 92 33 settle
1270 595 225 40 permanently
1511 599 32 29 in
1565 597 53 30 the

863 639 135 33 district.
1044 639 26 31 A
1101 637 154 38 telegram
1288 637 83 35 from
1406 639 117 35 Nelson
1554 653 64 21 wis

863 684 87 38 read,
975 690 31 26 to
1031 684 53 32 the
1109 684 92 32 effect
1224 686 69 30 that
1311 698 17 18 a
1348 686 145 31 member
1514 689 35 30 of
1563 688 54 31 the

865 729 136 35 medical
1034 729 177 44 profession
1243 730 106 33 would
1381 730 37 34 be
1451 731 74 35 here
1553 734 64 33 this

865 776 88 32 week
976 778 78 30 with
1080 787 17 20 a
1122 778 79 30 view
1226 783 31 25 to
1279 778 216 38 ascertaining
1517 780 26 30 if
1563 780 54 31 the

865 826 164 39 prospects
1054 821 63 32 and
1145 821 226 34 inducements
1397 822 34 33 of
1452 822 53 34 the
1531 823 74 34 field

866 879 81 21 were
980 867 160 33 sufficient
1171 876 30 24 to
1232 874 141 26 warrant
1406 868 51 32 his
1489 870 128 36 settling

866 914 74 32 here
957 913 237 44 permanently.
1243 914 118 33 Messrs
1377 914 114 43 Inglis,
1509 916 107 38 Clark,

867 960 84 32 Peck
974 959 63 33 and
1061 959 100 33 Atkin
1178 972 81 20 were
1284 961 170 41 appointed
1482 973 18 20 a
1524 963 69 31 Com-

866 1004 112 35 mittee
1018 1012 31 27 to
1086 1011 87 28 meet
1210 1005 64 33 and
1308 1006 113 33 confer
1447 1006 79 33 with
1563 1008 54 33 the

866 1053 187 38 gentleman
1077 1063 40 20 on
1146 1052 50 32 his
1213 1052 135 39 arrival;
1373 1053 77 31 also,
1476 1059 32 26 to
1532 1066 63 20 com-

867 1098 163 32 municate
1069 1097 77 32 with
1187 1098 54 32 the
1274 1098 134 32 District
1444 1098 107 34 Board
1589 1103 32 29 at

867 1144 173 41 Westport,
1058 1143 196 32 constituted
1268 1144 102 31 under
1380 1144 55 31 the
1457 1145 163 42 Hospitals

868 1189 63 32 and
949 1188 186 34 Charitable
1152 1189 208 33 Institutions
1377 1190 70 38 Act,
1467 1191 89 40 1885,
1573 1191 47 33 for

867 1235 210 32 information
1114 1246 35 20 as
1180 1239 31 28 to
1250 1236 54 31 the
1341 1246 172 31 necessary
1551 1248 50 31 pro-

868 1281 114 33 cedure
1005 1282 34 32 in
1062 1281 93 33 order
1172 1286 31 29 to
1220 1281 81 34 have
1325 1294 18 21 a
1359 1281 98 35 brack
1481 1283 139 44 hospital

866 1327 196 30 established
1085 1331 32 26 at
1142 1328 101 40 Lyell.
1290 1328 30 29 It
1343 1328 27 29 is
1396 1329 140 37 thought
1551 1330 71 30 that

867 1371 34 33 in
932 1371 120 45 having
1076 1384 18 20 a
1123 1371 121 34 branch
1272 1372 185 34 institution
1485 1373 83 40 here,
1601 1386 17 20 a

868 1424 112 34 strong
989 1418 161 33 incentive
1159 1423 32 28 to
1209 1418 169 33 combined
1391 1420 81 32 local
1489 1426 132 38 support

868 1464 107 33 would
1005 1464 38 33 be
1069 1464 137 40 created,
1237 1465 65 32 and
1326 1465 118 40 which,
1477 1468 145 39 together

868 1511 77 31 with
964 1511 53 32 the
1040 1516 111 34 grants
1176 1511 63 33 and
1263 1512 155 33 subsidies
1442 1513 178 42 prescribed

869 1556 41 42 by
940 1557 54 32 the
1025 1558 71 36 Act,
1127 1558 107 32 would
1265 1558 123 43 greatly
1427 1559 101 33 lessen
1565 1559 53 33 the

868 1603 158 31 obstacles
1043 1603 104 31 which
1166 1604 82 31 have
1272 1605 180 32 heretofore
1472 1606 150 40 operated

869 1648 127 42 against
1006 1648 54 32 the
1074 1648 191 42 acquisition
1279 1650 33 31 of
1322 1648 72 34 that
1404 1651 217 41 comparative

869 1694 167 40 safeguard
1067 1695 128 38 against
1217 1695 88 31 what
1328 1696 41 32 all
1401 1696 128 39 mining
1559 1697 46 31 dis-

869 1740 88 32 tricts
986 1751 52 21 are
1065 1740 94 32 liable
1185 1745 30 27 to
1243 1742 121 31 violent
1389 1742 162 32 accidents
1573 1754 31 20 re-

869 1786 128 44 quiring
1022 1785 189 35 immediate
1243 1786 138 35 modical
1413 1787 63 35 aid.
1520 1789 102 45 Apart

869 1836 83 29 from
979 1834 77 38 this,
1085 1834 53 31 the
1168 1835 115 31 settled
1310 1836 188 41 population
1522 1837 57 32 has
1605 1848 17 19 a

869 1879 141 32 demand
1039 1879 33 32 in
1101 1879 54 32 the
1188 1884 129 34 matter,
1345 1880 64 32 and
1441 1892 46 21 we
1518 1881 104 33 would

870 1925 81 43 hope
968 1925 71 33 that
1055 1924 54 33 the
1127 1932 131 36 present
1269 1934 187 25 movement
1467 1926 65 33 will
1543 1928 79 32 have

869 1972 54 33 the
940 1972 177 43 sympathy
1132 1972 64 32 and
1213 1979 134 37 support
1363 1973 35 33 of
1414 1974 43 32 all
1474 1974 108 32 whom
1598 1975 24 31 it

869 2029 163 21 concerns.
1086 2017 107 45 [Since
1210 2019 54 32 the
1281 2020 101 31 above
1403 2031 64 21 was
1486 2021 136 38 written,

870 2064 54 33 the
948 2070 186 27 committee
1151 2064 175 43 appointed
1350 2071 32 26 at
1404 2065 54 33 the
1482 2067 142 41 meeting

871 2111 57 31 has
951 2112 126 31 written
1103 2119 32 24 to
1152 2111 54 32 the
1224 2111 177 33 Chairman
1420 2114 34 30 of
1474 2113 54 31 the
1551 2113 71 31 Dis-

870 2161 73 27 trict
959 2156 107 31 Board
1083 2155 178 40 informing
1277 2156 68 32 him
1364 2157 35 32 of
1411 2157 54 32 the
1486 2157 94 33 views
1591 2157 37 33 of

872 2202 53 32 the
948 2202 154 42 meeting,
1127 2202 63 32 and
1213 2201 117 43 asking
1353 2202 47 33 for
1425 2202 200 44 suggestions

870 2258 35 21 as
929 2252 32 27 to
987 2247 53 33 the
1067 2247 95 32 mode
1185 2249 36 31 of
1243 2248 177 43 procedure
1446 2249 41 39 by
1519 2249 104 32 which

871 2293 94 43 Lyell
993 2293 94 32 could
1110 2293 38 33 be
1173 2294 153 42 provided
1354 2295 78 32 with
1461 2308 16 20 a
1502 2294 121 34 branch

871 2338 142 46 hospital
1028 2338 64 35 and
1108 2338 143 35 resident
1265 2340 134 47 doctor.]

912 2399 67 29 The
1005 2398 82 30 lodal
1113 2405 101 23 water
1240 2399 119 40 supply
1385 2399 64 31 and
1474 2399 55 32 fire
1557 2411 50 30 pre-

871 2442 132 34 vention
1027 2442 160 44 question,
1214 2442 26 34 is
1272 2454 61 23 oue
1356 2443 107 34 which
1494 2455 132 34 appears

872 2496 32 25 to
935 2490 81 31 have
1047 2489 81 32 been
1159 2491 192 31 hammered
1388 2502 93 29 away
1517 2500 33 23 at
1578 2492 49 31 for

872 2546 104 32 years,
1007 2534 64 34 and
1098 2535 198 44 practically,
1325 2535 138 43 nothing
1494 2536 56 33 has
1579 2548 30 21 re-

873 2582 116 31 sulted.
1036 2583 57 30 We
1117 2582 78 32 hear
1210 2583 71 30 that
1297 2590 55 34 yet
1375 2583 137 32 another
1535 2583 59 32 effo
1613 2589 12 26 t

873 2634 32 27 to
922 2629 82 33 form
1022 2639 17 22 a
1052 2626 179 36 Volunteer
1242 2628 73 34 Fire
1330 2629 149 41 Brigade,
1495 2628 130 46 capable

873 2675 34 30 of
919 2676 176 36 exercising
1112 2675 54 32 the
1185 2677 90 30 usual
1294 2676 173 37 functions,
1484 2678 26 29 is
1536 2684 29 25 to
1590 2677 35 31 be

875 2721 103 31 made.
1025 2720 76 32 Will
1127 2722 54 32 the
1206 2721 158 33 residents
1390 2722 75 42 only
1491 2722 100 34 throw
1609 2734 16 20 a

876 2768 80 31 little
973 2778 120 30 energy
1110 2768 64 31 and
1190 2769 188 39 unanimity
1398 2768 68 32 into
1484 2769 52 32 the
1553 2781 54 20 con-

874 2824 75 20 cern
965 2814 13 30 ?
1035 2812 77 33 Just
1148 2813 143 42 imagine
1330 2814 53 31 the
1421 2815 141 41 position
1598 2816 33 31 of

875 2859 120 41 things,
1012 2859 27 30 if
1052 2871 16 19 a
1086 2860 56 31 lire
1162 2871 64 20 was
1243 2867 31 24 to
1291 2860 97 31 break
1405 2867 65 25 oat.

918 2916 56 33 We
1089 2916 146 34 received
1253 2916 82 33 from
1359 2917 54 33 the
1437 2917 189 44 publishers,

876 2968 32 26 at
927 2963 200 37 Melbourne,
1146 2974 16 20 a
1180 2965 126 29 concise
1324 2964 63 30 and
1411 2965 217 31 well-written

876 3008 182 42 pamphlet,
1075 3008 182 40 describing
1281 3009 53 32 the
1354 3021 191 31 prosperous
1562 3023 48 20 car-

877 3065 51 20 eer
949 3054 36 31 of
1006 3053 90 32 those
1120 3055 199 31 world-wide
1344 3055 170 31 theatrical
1536 3062 91 26 stars.

912 3100 50 31 the
1272 3100 63 32 and
1364 3102 108 38 giving
1503 3114 16 19 a
1551 3102 81 32 brief

877 3146 122 32 outline
1031 3146 34 31 of
1092 3145 42 32 all
1166 3146 54 31 the
1254 3157 129 32 energy,
1416 3147 212 33 indomitable

877 3204 240 30 perseverance,
1143 3193 63 31 and
1225 3193 69 31 love
1312 3197 31 27 ot
1367 3198 53 27 the
1440 3196 187 39 profession,

879 3237 103 32 which
1001 3238 58 31 has
1076 3239 116 30 resuite
1207 3239 6 30 1
1232 3239 31 30 in
1282 3238 81 31 their
1374 3239 162 40 attaining
1552 3241 76 31 such

878 3297 17 18 a
935 3284 185 41 prominent
1157 3285 136 41 posit.oil
1331 3296 120 28 among
1496 3286 73 33 mod
1594 3298 35 20 rn

879 3330 189 42 Thespians,
1087 3331 32 30 in
1137 3331 40 30 all
1203 3337 97 34 parts.
1347 3331 30 32 It
1394 3330 66 34 also
1484 3333 88 37 gives
1590 3344 38 20 an

878 3377 191 40 interesting
1093 3382 137 26 account
1253 3378 31 29 ot
1308 3377 54 31 the
1388 3377 152 33 financial
1569 3380 61 31 and

879 3425 215 40 engagement
1124 3422 185 42 operations
1340 3424 34 32 of
1403 3424 116 33 Messrs
1553 3425 54 32 Wil-

879 3469 147 38 liamson,
1046 3469 182 42 Musgrove,
1246 3469 63 31 and
1324 3469 134 39 Garner,
1477 3471 53 32 the
1547 3471 65 32 lead-

880 3517 54 40 ing
950 3514 169 33 theatrical
1141 3516 72 30 firm
1231 3516 34 31 in
1282 3515 53 32 the
1360 3516 149 33 Colonies
1526 3523 33 26 at
1576 3518 54 32 the

880 3565 128 39 present
1024 3561 72 38 day.

921 3619 67 32 The
1020 3618 113 33 Buller
1164 3620 110 42 Ferry,
1306 3620 101 33 below
1439 3622 104 42 Lyell,
1575 3624 58 31 has

876 3666 67 40 just
960 3665 78 32 been
1056 3665 158 33 re-leased
1232 3672 30 26 to
1282 3666 35 31 L.
1336 3667 133 39 Larseu,
1487 3669 72 32 who
1576 3670 57 31 has

882 3712 77 31 been
975 3710 198 39 conducting
1197 3712 24 31 it
1243 3712 48 31 for
1318 3724 88 21 some
1434 3725 94 30 years
1551 3720 81 37 past.

881 3757 68 33 The
965 3762 94 34 term,
1073 3769 46 21 we
1135 3757 212 40 understand,
1364 3760 27 31 is
1408 3770 40 22 an
1467 3750 167 44 indefinite

881 3814 71 28 one,
969 3814 34 21 as
1020 3803 54 32 ihe
1091 3803 85 32 lease
1203 3803 27 32 is
1254 3804 76 43 only
1356 3809 32 27 to
1404 3816 60 21 run
1483 3807 81 31 until
1578 3807 55 32 the

880 3849 255 40 long-talked-of
1157 3849 119 40 Bridge
1301 3850 26 33 is
1354 3852 137 33 erected,
1522 3853 63 32 and
1611 3854 23 31 it

881 3894 107 34 would
1005 3906 119 31 appear
1140 3896 71 31 that
1227 3896 90 33 there
1328 3896 26 33 is
1367 3901 34 28 at
1416 3897 110 42 length
1547 3910 88 22 some

881 3942 61 32 fair
958 3946 149 38 prospect
1129 3941 35 33 of
1186 3941 63 33 this
1277 3944 146 41 pressing
1436 3950 88 27 want
1541 3945 95 43 being

882 3987 157 43 supplied.
1087 3987 169 42 Referring
1282 3994 31 27 to
1341 3989 53 32 the
1411 4001 71 20 new
1499 3991 83 32 lease
1605 3992 35 31 of

882 4033 54 33 the
959 4033 99 42 ferry,
1086 4033 55 33 the
1172 4034 133 33 Council
1335 4035 59 32 has
1418 4036 138 34 reduced
1582 4038 54 33 the
1647 4033 1 42 ;

882 4078 85 34 scale
983 4078 35 34 of
1032 4078 134 43 charges
1182 4084 108 38 pretty
1317 4081 236 44 considerably,
1571 4084 64 33 and

882 4126 75 38 this,
988 4125 78 33 with
1098 4126 54 32 the
1176 4125 111 42 bridge
1314 4127 156 40 business,
1499 4130 64 32 will
1594 4143 42 19 no

882 4170 100 34 doubt
997 4180 98 34 piove
1112 4181 79 33 very
1218 4172 153 33 welcome
1394 4174 192 43 inteligence
1604 4181 32 28 to

883 4228 18 21 a
916 4217 83 42 good
1015 4228 111 31 many.

923 4274 43 32 At
995 4285 18 21 a
1044 4273 106 43 public
1181 4274 173 43 gathering
1398 4276 76 34 held
1510 4279 34 32 in
1582 4279 54 33 the

882 4318 152 42 Bishop's
1052 4320 208 31 Schoolroom
1279 4321 100 40 lately
1396 4322 33 31 in
1446 4326 190 31 connection

884 4363 78 32 vtith
994 4364 53 31 the
1079 4364 121 31 Nelson
1239 4365 160 32 Diocesan
1431 4367 121 42 Synod,
1582 4370 54 31 the

887 4409 75 33 Rev.
982 4409 52 32 Mr
1051 4409 149 40 M'Lean,
1212 4409 35 34 of
1260 4411 216 42 Greymouth,
1491 4415 98 42 spoke
1607 4420 32 29 at

884 4455 112 38 length
1013 4466 41 20 on
1070 4455 56 31 the
1153 4456 132 32 Central
1313 4458 112 32 Buller
1452 4461 64 31 and
1542 4462 76 31 Inan-

884 4499 107 44 gahua
1008 4499 151 33 districts.
1206 4501 30 32 It
1254 4513 63 21 was
1335 4503 113 44 highly
1465 4517 172 33 necessary

886 4547 33 31 in
951 4545 94 33 order
1074 4550 31 28 to
1135 4551 136 34 prevent
1309 4548 54 33 the
1399 4552 110 41 people
1547 4553 94 41 being

886 4590 183 43 spiritually
1086 4591 166 41 neglected
1280 4593 48 33 for
1353 4606 18 20 a
1397 4596 187 44 clergyman
1608 4607 31 25 to

886 4637 37 32 be
940 4637 161 33 stationed
1119 4642 33 29 at
1176 4638 93 42 Lyell
1285 4644 32 29 to
1335 4642 87 33 work
1437 4642 56 34 the
1510 4645 129 34 Central

886 4684 112 32 Buller
1013 4683 136 41 district,
1166 4685 138 34 another
1321 4691 31 28 at
1375 4689 144 41 Ahaura,
1537 4692 62 33 and
1623 4703 16 21 a

888 4730 86 33 third
990 4735 33 27 at
1039 4731 219 33 Brunnerton.
1303 4733 108 34 When
1437 4736 39 33 he
1503 4739 79 32 used
1607 4744 32 27 to

887 4776 117 45 preach
1029 4780 33 31 at
1090 4777 93 42 Lyell
1204 4790 42 22 on
1270 4779 133 46 Sunday
1425 4785 152 43 morning
1601 4786 39 33 he

887 4824 63 31 had
968 4828 31 27 to
1016 4824 68 31 ride
1102 4826 36 29 ol
1157 4825 94 32 miles
1267 4832 32 26 to
1323 4829 95 31 reach
1440 4830 137 34 Reefton
1592 4833 49 31 for

889 4868 52 34 the
957 4868 140 43 evening
1113 4869 130 34 service.
1291 4872 126 44 Mainly
1430 4874 141 43 through
1585 4878 56 34 the

888 4917 161 42 liberality
1064 4919 31 30 ol
1113 4917 53 33 the
1183 4919 124 43 Bishop
1324 4924 30 29 ol
1372 4922 119 33 Nelson
1505 4931 134 36 aprettv

889 4962 128 33 Church
1034 4962 64 32 had
1115 4962 81 33 been
1219 4966 124 32 erected
1368 4972 33 27 at
1425 4968 102 42 Lyell.
1573 4972 67 32 The

889 5007 130 33 Church
1051 5013 33 27 at
1114 5008 203 43 Greymouth
1342 5023 66 22 was
1435 5013 103 43 larger
1562 5016 77 33 than

889 5055 105 33 either
1016 5055 35 32 of
1070 5054 91 33 those
1183 5057 32 30 in
1241 5057 130 34 Nelson.
1417 5061 67 32 The
1510 5062 130 45 Sunday

891 5101 117 33 School
1036 5101 33 32 in
1096 5104 190 31 connection
1310 5106 77 31 with
1415 5106 69 34 that
1514 5110 127 33 Church

889 5158 65 22 was
983 5146 102 42 really
1119 5159 17 21 a
1163 5149 102 39 grand
1288 5161 82 29 one;
1394 5152 34 32 in
1458 5165 61 22 one
1549 5156 92 40 class,

890 5192 182 35 conducted
1087 5193 44 44 by
1149 5193 67 35 Mrs
1232 5195 165 45 Courtney
1415 5199 118 40 Smith,
1553 5203 89 33 there

889 5251 82 21 were
1005 5241 58 31 180
1093 5240 128 32 scolars.
1267 5242 205 36 Brunnerton
1502 5260 65 22 was
1595 5251 31 30 in-

891 5286 146 41 creasing
1051 5286 34 32 in
1103 5286 63 33 size
1184 5287 64 32 and
1265 5289 200 44 population.
1510 5294 28 32 A
1561 5295 80 42 good

891 5332 178 32 coalminer
1084 5333 119 32 earned
1220 5334 96 33 about
1336 5339 53 30 15s
1406 5349 18 20 a
1441 5339 72 42 day,
1531 5341 56 33 but
1611 5349 32 26 at

893 5381 129 39 present
1039 5377 139 40 through
1196 5378 90 34 there
1310 5380 94 45 being
1427 5394 41 22 no
1484 5396 113 25 means
1613 5389 35 32 of

893 5425 123 38 storing
1032 5424 54 31 the
1104 5425 68 31 coal
1196 5431 32 25 at
1244 5427 215 40 Greymouth,
1484 5432 54 33 the
1562 5435 64 31 coal-

895 5469 120 31 miners
1031 5468 64 33 had
1112 5479 17 22 a
1145 5475 92 37 great
1259 5470 71 35 deal
1354 5474 33 32 of
1396 5474 62 33 idle
1476 5476 88 39 time,
1582 5481 61 32 and

895 5515 76 40 they
988 5526 82 21 were
1094 5516 88 32 often
1206 5516 146 34 knocked
1369 5520 46 32 off
1434 5522 140 40 through
1592 5527 52 32 the

879 5559 1 47 !
893 5559 64 33 line
975 5559 95 43 being
1086 5559 135 36 blocked
1238 5562 78 33 with
1333 5565 109 34 trucks
1458 5567 97 37 laden
1568 5572 75 34 with

879 5601 1 50 !
895 5608 66 31 coal
981 5609 155 37 awaiting
1153 5609 176 40 shipment.
1375 5614 66 32 The
1458 5617 94 31 roads
1565 5632 79 19 were

879 5651 1 59 j
895 5651 100 42 rough
1020 5663 40 22 011
1085 5653 53 33 the
1164 5653 89 35 West
1277 5654 108 44 Coast,
1410 5658 58 35 but
1490 5660 39 34 he
1552 5663 94 36 knew

879 5691 1 53 !
895 5700 54 31 the
983 5700 86 31 West
1100 5701 185 39 Wanganui
1323 5706 87 36 road,
1446 5709 63 31 and
1541 5714 105 30 would

879 5743 1 50 I
896 5743 72 43 give
994 5745 22 32 it
1042 5745 53 33 the
1120 5746 88 42 palm
1236 5749 47 32 ior
1305 5751 190 42 roughness.
1541 5755 33 35 If
1592 5757 54 35 the

879 5792 1 54 i
895 5792 131 31 Church
1058 5794 30 29 of
1112 5793 153 38 England
1293 5796 122 33 wished
1446 5806 31 25 to
1509 5801 36 33 be
1578 5816 51 30 pro-

879 5837 157 57 gressive
1067 5837 40 33 he
1139 5837 138 44 thought
1307 5840 54 35 the
1393 5842 110 45 Synod
1531 5848 115 36 should

879 5884 2 50 j
896 5889 51 35 try
979 5884 63 31 and
1074 5885 89 40 place
1196 5886 88 32 three
1316 5889 184 42 clergymen
1531 5900 33 27 at
1593 5897 54 32 the

898 5929 104 42 places
1026 5929 39 32 he
1089 5928 67 34 had
1171 5931 131 34 named.
1347 5924 139 46 He'also
1510 5940 138 45 thought

896 5987 19 21 a
931 5975 139 33 Chinese
1088 5975 164 35 Catechist
1265 5978 117 34 should
1397 5981 37 33 be
1447 5990 54 35 got
1515 5992 30 26 to
1558 5989 90 33 work

898 6032 120 31 among
1034 6021 53 34 the
1105 6021 138 34 Chinese
1260 6035 40 21 on
1319 6025 54 33 the
1391 6027 205 39 WestCoasj.

1697 262 48 31 Mr
1768 261 30 30 J.
1826 261 42 32 H.
1887 262 86 32 Cock
1998 263 58 32 has
2080 263 131 32 become
2228 275 18 20 a
2264 263 145 33 member

1651 307 35 31 of
1709 307 51 31 the
1784 307 72 31 linn
1883 308 33 31 of
1940 308 47 31 W.
2012 308 62 32 and
2097 308 39 32 G.
2165 308 156 33 Turnbull
2346 310 63 31 and

1652 352 67 38 Co.,
1737 351 34 32 of
1789 352 207 40 Wellington.
2045 353 50 32 Mr
2113 354 43 32 H.
2180 354 86 33 Cock
2290 355 118 32 carries

1652 409 40 21 on
1711 398 53 32 the
1785 398 117 32 Nelson
1922 399 156 32 business.

1693 443 67 33 The
1778 444 133 42 subsidy
1928 444 48 33 for
1992 445 113 32 Public
2116 445 163 34 Libraries
2297 446 64 33 will
2371 447 37 32 be

1652 489 190 32 distributed
1867 502 40 20 on
1932 491 56 31 Bth
2008 491 175 43 February,
2201 492 64 32 and
2288 493 42 32 all
2354 505 33 30 ap-

1652 535 170 41 plications
1845 536 48 30 for
1916 536 228 42 participation
2161 537 33 31 in
2218 538 25 31 it
2267 543 87 26 must
2371 538 37 31 be

1652 581 94 32 made
1787 586 31 27 to
1864 580 55 34 the
1965 582 182 33 Education
2193 582 217 44 Department

1652 625 106 32 before
1775 629 71 28 olst
1864 627 190 33 December.
2101 628 76 32 Will
2203 630 90 42 Lyell
2311 630 99 42 apply

1652 672 48 31 for
1716 686 18 18 a
1752 673 93 31 share
1862 674 12 30 '?

1895 776 277 32 LATEST

1697 841 290 48 CABLE
2095 844 283 49 NEWS.

1952 983 150 38 London,
2121 985 185 33 November
2323 987 47 30 10.

1697 1048 52 33 Mr
1766 1050 40 31 G1
1810 1049 143 41 adstone,
1972 1051 31 32 in
2021 1064 17 20 a
2060 1053 117 42 speech
2194 1060 32 26 to
2251 1055 53 31 the
2330 1055 64 32 elec-

1655 1109 65 29 tors
1751 1112 33 26 at
1814 1107 204 43 Edinburgh,
2047 1109 188 33 considered
2262 1110 72 33 that
2357 1111 55 32 the

1655 1163 85 31 Irish
1772 1163 160 34 demands
1963 1166 49 31 for
2042 1167 87 40 large
2161 1167 253 42 self-governing

1655 1230 122 30 powers
1795 1232 82 21 were
1893 1227 58 27 not
1967 1222 172 42 alarming,
2156 1224 170 41 assuming
2341 1223 74 33 that

1655 1275 92 36 there
1777 1289 67 22 was
1881 1278 138 45 nothing
2058 1279 150 44 required
2244 1279 43 45 by
2325 1279 89 35 them

1655 1333 106 31 which
1780 1335 105 31 would
1903 1338 32 28 in
1959 1347 65 30 any
2052 1347 72 30 way
2146 1337 185 40 jeopardise
2360 1338 54 30 the

1655 1396 99 38 unity
1770 1395 33 29 ot
1820 1391 54 33 the
1892 1392 147 44 Empire.

1697 1460 69 33 The
1785 1460 146 44 Marquis
1949 1462 34 32 of
2008 1462 178 45 Salisbury,
2210 1462 156 44 speaking
2382 1467 33 28 at

1657 1518 53 33 the
1730 1518 84 33 Lord
1832 1519 144 42 Mayor's
1992 1519 115 35 d.nner
2123 1526 33 27 at
2173 1521 53 33 the
2244 1521 171 33 Guildhall

1655 1576 164 42 predicted
1836 1577 71 32 that
1926 1577 54 33 the
2004 1578 188 33 conference
2208 1583 34 29 at
2259 1582 134 31 Constan-

1657 1632 120 43 tinople
1794 1633 107 33 would
1925 1640 56 29 not
2007 1636 101 33 result
2132 1639 32 30 in
2193 1649 65 31 any
2283 1638 132 32 durable

1656 1691 188 34 settlement
1868 1691 96 42 being
1989 1694 125 32 arrived
2141 1700 33 26 at
2196 1706 44 20 oil
2257 1695 54 32 the
2328 1695 63 33 Kou-

1657 1749 119 31 melian
1808 1751 161 40 question.
2025 1751 52 32 He
2108 1752 67 32 also
2206 1752 107 32 stated
2343 1752 72 33 that

1657 1805 153 45 England
1839 1806 65 35 and
1935 1807 116 36 Kussia
2079 1821 82 22 were
2192 1809 140 45 heartily
2363 1823 33 22 co-

1658 1865 169 40 operating
1864 1865 33 30 in
1935 1865 54 32 the
2028 1865 218 34 delimitation
2285 1868 34 32 of
2360 1869 54 31 the

1658 1920 129 41 Afghan
1804 1919 145 44 frontier,
1968 1921 65 33 and
2050 1922 69 33 that
2137 1923 53 33 the
2220 1928 104 29 status
2351 1936 63 31 quo

1657 1984 75 27 ante
1763 1977 33 33 in
1827 1979 148 33 Lurmah
2003 1981 105 32 would
2133 1980 38 34 be
2199 1981 164 34 disturbed
2380 1995 34 22 as

1657 2035 80 32 little
1755 2047 34 20 as
1820 2036 137 42 possible
1981 2038 178 32 consistent
2185 2039 79 32 with
2292 2040 123 32 British

1657 2093 162 32 interests.

1919 2152 185 40 Calcutta,
2123 2154 184 33 November
2325 2158 47 30 10.

1701 2207 67 32 The
1787 2207 119 34 Indian
1924 2209 224 34 Government
2163 2222 53 21 are
2239 2212 31 31 in
2295 2212 121 43 receipt

1658 2263 34 33 of
1721 2264 111 33 advice
1865 2264 84 34 from
1984 2266 261 43 Major-General
2276 2268 118 33 Pender-

1659 2326 82 37 gast,
1759 2321 235 44 commanding
2011 2323 54 33 the
2083 2324 123 32 British
2216 2325 180 43 expedition-

1660 2391 57 31 ary
1740 2380 86 32 force
1853 2380 34 33 in
1910 2380 160 41 Burmah,
2094 2386 32 29 to
2151 2382 54 34 the
2229 2382 92 35 effect
2345 2384 71 34 that

1660 2439 110 39 troops
1794 2435 103 33 under
1921 2436 50 33 his
1994 2438 176 33 command
2187 2438 82 33 have
2286 2441 127 31 crossed

1662 2493 52 32 the
1744 2494 160 32 Burmese
1934 2495 133 32 frontier
2096 2497 65 31 and
2191 2498 132 32 entered
2361 2499 54 31 the

1660 2548 125 35 district
1801 2549 36 35 of
1851 2549 133 45 Mybon.

2125 2610 186 34 November
2328 2613 47 31 14.

1703 2666 27 31 A
1747 2666 122 33 British
1886 2666 237 43 proclamation
2139 2669 60 33 has
2215 2669 78 33 been
2310 2671 108 32 issued

1664 2721 149 44 formally
1852 2724 211 42 announcing
2092 2724 55 33 the
2175 2725 181 43 deposition
2387 2726 33 33 of

1663 2780 86 39 King
1773 2780 160 33 Theebaw
1956 2781 83 32 from
2065 2782 54 32 the
2143 2782 116 33 throne
2283 2784 35 31 of
2338 2785 60 30 Bur-

1664 2836 86 32 mah.
1797 2837 262 43 Major-General
2095 2839 209 44 Pendergast,
2339 2840 78 34 with

1664 2893 52 33 the
1735 2899 108 38 troops
1860 2894 103 33 under
1978 2895 50 33 his
2045 2896 186 40 command,
2249 2897 127 33 arrived
2387 2904 33 26 at

1664 2951 247 40 Schuifelsnigo,
1935 2953 65 31 and
2016 2965 42 20 an
2081 2954 110 32 attack
2207 2967 42 20 on
2266 2956 54 31 the
2338 2956 60 31 Bur-

1663 3019 86 22 mese
1767 3007 140 43 position
1924 3015 32 27 at
1977 3010 126 33 Minhla
2119 3011 26 32 is
2161 3011 186 34 imminent.

1937 3076 26 32 li
1967 3085 42 23 an
2013 3086 96 31 goon,
2127 3077 186 34 November
2330 3080 48 31 12.

1705 3133 87 41 King
1810 3134 160 31 Theebaw
1995 3134 58 31 has
2076 3135 108 31 issued
2200 3147 19 20 a
2241 3137 159 40 proclama-

1664 3192 78 37 tion,
1761 3192 208 41 announcing
1985 3191 51 34 his
2053 3192 254 34 determination
2324 3199 31 28 to
2370 3206 32 21 ex-

1665 3248 171 32 terminate
1869 3248 139 42 English
2034 3248 64 33 and
2128 3250 158 33 Burmese
2317 3250 102 33 forces

1665 3303 193 44 blockading
1877 3305 53 32 the
1947 3305 85 32 river
2049 3306 178 43 Irrawady.

2130 3375 185 32 November
2332 3377 47 31 13.

1706 3430 27 32 A
1764 3430 238 43 proclamation
2031 3431 61 34 has
2121 3431 81 34 been
2239 3433 108 33 issued
2380 3433 42 43 by

1669 3487 86 43 King
1771 3487 162 39 Theebau,
1956 3489 229 42 summonsing
2208 3489 51 32 his
2282 3490 140 43 subjects

1667 3554 31 22 to
1714 3543 84 44 light
1815 3545 52 32 the
1880 3545 150 41 English,
2042 3546 56 33 but
2109 3546 209 34 admonishes
2331 3548 89 33 them

1668 3608 30 26 to
1714 3602 59 31 kill
1790 3614 84 21 none
1891 3603 84 32 until
1999 3603 77 42 tlisy
2093 3604 84 32 shall
2192 3605 83 33 have
2293 3607 129 31 ciossed

1670 3659 52 32 the
1747 3659 157 33 Burmese
1924 3661 143 31 frontier.
2113 3661 99 33 Great
2234 3663 190 32 uneasiness

1669 3715 26 32 is
1717 3715 58 33 felt
1797 3727 32 20 m
1849 3716 189 43 Mandalay,
2062 3717 64 32 and
2149 3718 174 42 European
2347 3719 60 32 resi-

1670 3772 93 33 dents
1789 3784 52 21 are
1866 3774 128 41 leaving
2010 3786 34 20 as
2067 3775 127 42 rapidly
2217 3787 34 21 as
2274 3776 149 42 possible,

1670 3840 41 22 no
1728 3829 178 34 hindrance
1923 3829 96 45 being
2035 3829 119 35 offered
2172 3836 30 29 to
2219 3831 85 35 their
2314 3843 86 24 move-

1669 3892 106 26 ments
1791 3887 41 41 by
1851 3887 166 33 Burmese.

1921 3956 194 40 Belgrade,
2133 3957 185 34 November
2335 3960 48 32 14.

1711 4012 78 34 Why
1819 4012 58 34 has
1907 4012 80 34 been
2017 4014 153 45 formally
2205 4014 149 35 declared
2384 4016 43 44 by

1670 4071 112 32 Servia
1818 4072 127 41 against
1982 4073 166 42 Bulgaria,
2187 4074 64 32 and
2290 4075 135 32 Servian

1672 4133 106 37 troops
1802 4140 52 20 are
1879 4129 143 42 crossing
2038 4129 138 33 Israhod
2195 4131 64 32 and
2282 4144 53 20 are
2351 4144 73 21 now

1670 4183 183 43 advancing
1883 4195 86 31 upon
2001 4185 130 41 Sophia,
2163 4186 55 34 the
2247 4188 177 43 Bulgarian

1670 4242 120 42 capital
1806 4242 103 32 under
1926 4243 86 41 King
2030 4243 114 40 Milan,
2156 4244 74 32 who
2244 4245 59 32 has
2319 4246 106 32 issued

1672 4311 18 19 a
1709 4298 234 42 proclamation
1964 4299 167 44 assigning
2153 4312 35 20 as
2211 4301 52 32 his
2285 4303 142 40 grounds

1670 4354 50 31 for
1756 4355 148 31 invasion
1942 4355 54 31 the
2033 4355 165 43 disregard
2234 4356 43 41 by
2315 4358 112 32 Prince

1672 4409 182 34 Alexander
1880 4410 35 33 of
1943 4410 54 34 the
2026 4411 119 45 Treaty
2171 4412 35 33 of
2229 4412 112 35 Berlin
2364 4413 64 34 and

1673 4478 159 32 coaseque
1837 4473 35 27 111
1887 4470 223 40 provoeation.

1984 4536 134 39 Sophia,
2137 4537 184 34 November
2340 4539 47 32 14.

1716 4592 113 32 Prince
1853 4592 191 39 Alexander,
2067 4594 34 31 in
2125 4605 39 21 an
2190 4595 92 31 order
2305 4595 124 43 to-day,

1673 4650 106 32 issued
1797 4654 31 28 to
1846 4649 54 33 the
1917 4650 176 43 Bulgarian
2117 4663 105 31 army,
2246 4652 184 34 denouuees

1673 4707 55 33 the
1761 4707 135 32 Servian
1928 4706 150 35 invasion
2109 4719 34 22 as
2174 4710 162 43 cowardly
2367 4711 63 34 and

1674 4765 218 39 treacherous,
1916 4764 65 34 and
2004 4766 79 32 calls
2108 4777 85 33 upon
2214 4767 41 33 all
2279 4767 51 34 his
2354 4769 57 33 Bul-

1675 4825 111 40 garian
1805 4824 140 41 subjects
1961 4828 31 28 to
2010 4824 116 33 defend
2140 4826 84 31 their
2237 4826 114 33 homes
2367 4828 63 31 and

1674 4879 179 34 annihilate
1869 4880 54 33 the
1938 4880 160 34 invaders.

1717 4939 98 31 Later
1851 4937 49 33 iat
1922 4937 135 43 lligence
2095 4943 100 29 states
2232 4940 70 33 iliat
2342 4953 88 21 some

1679 4995 96 43 .sharp
1799 4994 189 33 skirmishes
2011 4995 82 33 have
2112 4996 152 34 occurred
2288 4997 145 33 between

1678 5052 52 33 the
1749 5051 196 44 Bulgarians
1962 5052 62 33 and
2040 5052 167 42 Servians,
2222 5054 123 33 several
2358 5066 73 22 men

1678 5110 92 41 being
1782 5109 98 32 killed
1893 5110 64 32 and
1971 5121 18 22 a
2003 5111 138 32 Dumber
2149 5112 170 32 wounded.
2366 5113 68 33 The

1677 5166 195 43 Bulgarians
1890 5166 62 34 bad
1968 5167 111 35 rather
2095 5168 53 34 the
2165 5174 95 28 worst
2278 5169 33 34 of
2324 5170 34 37 it,
2371 5170 63 33 and

1677 5237 51 21 are
1747 5225 148 41 reported
1911 5231 31 27 to
1959 5225 37 33 be
2013 5226 142 44 retiring.

1980 5294 143 40 Sydney,
2142 5296 184 34 November
2346 5298 46 32 12.

1719 5351 67 32 The
1804 5351 195 33 Federation
2017 5353 165 42 Enabling
2198 5355 66 31 Bill
2282 5367 66 21 was
2361 5357 75 31 read

1678 5421 17 21 a
1726 5411 70 31 iirst
1828 5410 80 32 time
1930 5409 34 34 in
1989 5410 54 33 the
2074 5411 196 43 Legislative
2302 5412 134 36 Council

1679 5465 182 38 yesterday.

1719 5524 28 31 A
1777 5524 156 39 telegram
1964 5524 60 33 has
2059 5525 79 33 been
2171 5527 146 33 received
2354 5528 84 34 from

1681 5579 189 41 Cooktown,
1902 5581 106 35 which
2037 5583 92 34 tends
2156 5588 31 31 to
2215 5584 138 36 confirm
2384 5586 55 35 the

1680 5638 88 32 truth
1789 5639 34 31 of
1839 5639 54 31 the
1910 5644 109 38 report
2035 5643 195 39 concerning
2246 5644 54 31 the
2319 5656 100 21 massa-

1680 5709 50 20 cre
1755 5696 33 33 in
1820 5696 79 34 New
1925 5699 126 32 Guinea
2081 5699 35 33 of
2140 5699 54 34 the
2225 5701 79 33 New
2337 5703 102 33 South

1684 5753 109 34 Wales
1832 5753 235 46 Geographical
2107 5757 209 45 Expedition.
2372 5759 68 34 The

1683 5824 145 31 message
1860 5825 73 31 says
1966 5815 71 32 that
2067 5816 56 31 the
2152 5828 94 32 camp
2278 5830 64 21 was
2375 5832 49 19 sur-

1685 5869 103 41 prise..!
1813 5868 119 43 during
1956 5871 54 34 the
2027 5872 104 42 night,
2149 5873 99 35 about
2273 5876 55 33 137
2349 5875 93 35 miles

1683 5936 41 32 up
1741 5926 62 43 Fly
1822 5927 107 38 Kiver,
1947 5929 63 31 and
2030 5929 52 32 the
2100 5936 93 36 party
2213 5942 81 21 were
2312 5932 109 42 slaugh-

1684 5983 88 31 tered
1813 5986 39 39 by
1902 5996 39 20 an
1988 5987 257 40 overwhelming
2290 5990 84 33 force
2413 5991 32 32 of

1684 6039 134 30 natives.

2530 265 230 32 SHOOTING
2791 267 120 31 WITH
2940 267 180 33 INTENT.

2488 378 22 31 A
2533 389 121 21 serious
2670 378 104 40 affair,
2799 379 41 42 liy
2859 380 104 32 which
2982 393 17 20 a
3025 382 180 34 Denniston

2446 434 121 40 collier,
2605 446 19 21 a
2653 446 110 33 young
2794 447 79 22 man
2904 438 121 32 named
3064 439 141 33 Thomas

2449 491 120 40 Smart,
2593 492 146 33 received
2756 505 17 21 a
2796 505 110 23 severe
2928 496 142 41 gunshot
3087 498 117 32 wound

2446 547 34 32 in
2505 548 54 32 the
2591 548 163 41 shoulder,
2778 549 172 44 happened
2977 558 33 26 at
3038 552 145 33 AVaiman-

2446 617 99 27 garoa
2576 617 41 21 on
2649 606 54 32 the
2735 608 92 38 night
2865 609 35 31 of
2928 610 52 31 the
3022 610 73 31 lltli
3128 611 75 31 inst.

2448 662 110 34 Smart
2580 674 66 23 was
2670 662 154 46 formerly
2849 667 35 32 of
2899 665 221 35 Brunnerton.
3139 679 40 21 an
3195 669 5 31 I

2447 719 54 33 the
2517 731 116 32 person
2652 732 73 22 now
2742 722 33 32 in
2799 723 136 43 custody
2956 735 41 21 on
3015 725 54 33 the
3086 725 117 41 charge

2447 777 32 31 of
2516 778 124 41 having
2678 779 82 33 done
2799 782 53 30 the
2885 782 76 41 u-ly
2999 784 89 36 deed,
3129 785 24 30 is
3186 797 15 18 a

2448 833 220 43 Frenchman,
2706 836 102 33 called
2850 837 115 33 Perou.
3012 839 97 32 From
3148 839 55 33 the

2446 892 192 41 particulars
2655 899 31 26 to
2704 893 99 39 hand,
2820 895 25 31 it
2857 906 135 31 appears
3005 897 71 31 that
3093 900 108 30 Smart

2447 947 65 33 and
2528 961 89 22 some
2634 949 122 35 friends
2775 951 80 33 tried
2873 957 31 28 to
2921 965 19 30 p
2954 965 30 29 iy
3000 968 17 18 a
3036 953 75 33 visit
3129 961 31 25 to
3184 967 19 19 a

2446 1005 186 42 neighbor's
2645 1007 90 43 place
2747 1008 32 31 in
2792 1008 105 33 which
2914 1010 103 32 Perou
3030 1011 171 42 happened

2448 1071 30 24 to
2506 1064 36 31 be
2566 1072 33 25 at
2624 1066 53 31 the
2701 1067 90 35 time,
2815 1067 58 32 but
2904 1075 54 24 not
2982 1069 135 38 gaining
3145 1070 34 31 ad-

2447 1108 145 40 mission,
2624 1111 78 42 they
2732 1111 66 33 left.
2843 1113 26 31 A
2893 1112 83 33 little
3003 1114 78 32 time
3106 1114 79 33 after-

2451 1156 112 37 wards,
2592 1158 110 29 Smart
2728 1158 164 36 returned,
2916 1170 34 19 as
2982 1159 38 31 he
3052 1171 85 29 says,
3169 1161 32 30 ia

2448 1200 111 32 search
2584 1201 35 32 of
2638 1213 19 21 a
2680 1207 87 28 mate
2785 1203 34 31 of
2832 1203 50 31 his
2906 1203 118 33 named
3051 1205 149 36 Bradley,

2447 1246 109 32 whom
2587 1247 40 31 he
2658 1248 158 42 supposed
2850 1253 33 28 to
2914 1249 37 31 be
2982 1250 122 39 inside;
3138 1252 63 31 and

2447 1292 163 42 receiving
2626 1305 41 21 an
2685 1306 126 22 answer
2827 1300 32 28 to
2875 1294 55 34 the
2951 1295 94 35 effect
3060 1296 72 34 that
3148 1297 53 34 the

2447 1344 93 33 party
2579 1340 109 30 would
2725 1340 37 31 be
2794 1347 56 25 out
2886 1342 146 40 directly,
3073 1345 127 29 waited.

2448 1382 169 44 Suddenly
2645 1384 55 33 the
2726 1384 79 34 door
2833 1386 136 43 opened,
3001 1387 65 32 and
3095 1389 108 32 Smart

2448 1436 54 35 got
2526 1429 54 33 the
2605 1431 119 32 wound
2747 1443 35 21 as
2805 1432 175 38 described,
3005 1434 55 32 the
3086 1435 116 40 charge

2448 1477 120 41 setting
2580 1476 50 33 his
2645 1484 72 27 coat
2730 1489 40 22 on
2785 1478 67 41 fire,
2867 1479 63 33 and
2944 1480 75 33 thus
3033 1480 170 46 favouring

2449 1522 53 32 the
2534 1525 202 41 supposition
2768 1526 71 32 that
2870 1526 50 32 his
2949 1528 156 32 assailant
3135 1541 66 21 was

2448 1580 76 32 very
2543 1570 83 34 close
2644 1575 32 29 to
2693 1571 80 34 him.
2819 1572 47 33 Dr
2885 1572 87 35 Gaze
2993 1586 23 20 is
3033 1575 169 44 attending

2448 1620 31 27 to
2504 1616 54 32 the
2580 1618 160 31 wounded
2765 1629 87 28 man,
2878 1620 64 31 and
2965 1621 156 41 although
3147 1622 54 32 the

2447 1661 110 43 injury
2572 1662 27 33 is
2615 1674 57 21 not
2690 1662 190 35 considered
2896 1676 15 21 a
2931 1665 182 40 dangerous
3129 1678 72 28 one,

2448 1708 77 39 still,
2551 1721 17 20 a
2586 1720 77 31 very
2679 1710 99 41 slight
2795 1711 170 33 difference
2989 1713 32 31 in
3047 1714 39 30 its
3104 1715 79 31 situa-

2448 1753 68 33 tion
2528 1755 104 41 might
2647 1758 79 31 have
2739 1763 113 26 meant
2862 1758 77 32 fatal
2953 1770 247 31 consequences.

2448 1800 68 35 The
2540 1801 117 42 charge
2681 1803 133 34 entered
2827 1803 68 45 just
2914 1803 101 37 above
3040 1806 52 34 the
3116 1806 85 44 right

2448 1851 130 40 armpit,
2603 1851 64 31 and
2683 1862 90 21 came
2791 1857 57 27 out
2863 1863 76 22 over
2951 1854 55 31 the
3029 1855 171 37 shoulder;

2447 1895 126 40 tearing
2587 1895 54 33 the
2659 1897 151 38 muscles,
2828 1897 55 33 but
2896 1899 137 32 without
3047 1900 155 36 touching

2450 1941 51 33 the
2519 1941 81 33 bone
2618 1953 35 21 or
2669 1942 90 40 joint.
2806 1944 98 33 From
2923 1944 52 37 the
3000 1956 200 32 appearance

2448 1989 34 32 of
2495 1988 54 33 the
2566 1989 129 39 wound,
2714 1989 52 33 the
2784 1990 47 32 Dr
2846 1988 27 36 is
2890 1991 35 32 of
2936 1991 133 43 opinion
3087 1993 71 32 that
3183 2005 17 20 a

2450 2035 99 32 bullet
2572 2045 68 23 was
2667 2036 87 32 used.
2805 2037 47 32 No
3001 2041 24 28 is
3052 2040 148 40 assigned

2447 2079 49 34 for
2526 2080 53 34 the
2610 2080 89 35 deed.
2759 2083 103 33 Perou
2893 2094 67 22 was
2989 2083 141 41 brought
3159 2096 42 33 up

2447 2127 105 33 before
2570 2136 63 24 two
2649 2129 150 36 Justices,
2818 2129 65 33 and
2902 2132 179 32 remanded
3097 2137 33 27 t®
3146 2132 55 32 the

2450 2172 75 33 17th
2542 2173 87 39 inst.;
2655 2174 62 32 bail
2734 2174 96 43 being
2846 2176 147 38 allowed,
3014 2177 134 32 himself
3168 2177 33 32 in

2450 2219 97 38 <£*2oo,
2579 2219 64 33 and
2666 2224 64 29 two
2759 2226 134 28 sureties
2897 2223 161 33 —Messrs
3087 2223 113 33 Simon

2449 2264 64 33 and
2530 2265 136 39 Easton,
2681 2266 35 32 in
2735 2266 87 33 £IOO
2836 2267 90 33 each.

2590 2371 227 41 REEFTON
2864 2374 195 41 LETTER.

2533 2483 101 41 (from
2651 2493 65 24 our
2732 2494 73 23 own
2822 2487 299 41 correspondent.)

2876 2542 184 35 November
3078 2546 9 30 1
3097 2545 65 33 Gtb.

2492 2588 40 31 lia
2563 2587 64 33 this
2658 2589 216 41 community,
2902 2589 96 33 based
3032 2591 61 33 like
3124 2604 80 30 your

2451 2644 73 23 own
2540 2633 122 45 wholly
2674 2634 63 33 and
2751 2634 101 45 solely
2865 2646 86 33 upon
2967 2636 134 45 mining,
3116 2641 89 31 one's

2452 2681 156 42 thoughts
2636 2683 162 41 naturally
2822 2693 91 22 recur
2951 2684 95 32 when
3074 2686 131 40 seeking

2451 2726 49 33 for
2515 2727 95 32 items
2627 2726 35 33 of
2686 2728 287 43 correspondence,
2991 2733 31 28 to
3052 2730 71 34 that
3148 2733 41 30 all-

2452 2773 172 42 absorbing
2639 2773 97 42 topic.
2782 2775 68 32 The
2867 2786 112 22 names
2996 2777 35 31 of
3042 2789 58 21 our
3116 2780 68 40 prin-

2453 2818 82 43 cipal
2552 2820 105 31 mines
2672 2819 63 32 and
2751 2819 85 34 their
2852 2821 93 32 value
2963 2821 33 32 in
3013 2822 54 33 the
3085 2834 74 30 eyes
3176 2825 33 32 of

2453 2865 224 32 shareholders
2702 2866 64 32 and
2792 2866 55 32 the
2875 2868 130 41 general
3029 2870 107 40 public
3154 2883 52 20 are

2453 2923 42 21 no
2525 2911 100 34 doubt
2654 2918 108 37 pretty
2792 2912 73 33 well
2901 2912 120 34 known
3059 2923 31 24 to
3127 2928 81 32 your

2454 2958 138 32 readers.
2650 2960 52 30 All
2732 2959 57 32 but
2820 2971 18 20 a
2867 2968 115 34 scanty
3006 2966 59 28 tew
3091 2963 37 31 of
3149 2975 59 20 our

2454 3003 102 35 mines
2587 3004 82 33 have
2700 3003 78 34 been
2806 3004 105 34 under
2935 3017 18 21 a
2979 3006 95 33 cloud
3097 3008 109 44 lately,

2454 3050 64 30 and
2545 3050 51 30 the
2618 3060 90 19 wave
2736 3050 34 29 of
2796 3050 185 40 depression
3006 3053 73 30 that
3105 3061 101 34 swept,

2453 3105 77 22 over
2545 3093 55 35 the
2617 3093 101 33 world
2735 3093 137 34 reached
2888 3105 38 23 us
2949 3106 80 23 even
3056 3097 33 33 in
3118 3099 90 33 these

2454 3140 82 42 hilly
2549 3140 166 38 solitudes,
2727 3140 55 32 the
2794 3140 134 42 chilling
2945 3141 91 33 effect
3055 3145 33 30 of
3102 3145 104 32 which

2454 3186 59 34 has
2529 3192 57 28 not
2602 3191 54 38 yet
2669 3198 89 22 worn
2770 3186 64 41 off;
2859 3187 122 44 though
3001 3189 86 34 lam
3100 3191 109 44 happy

2455 3238 31 26 to
2504 3244 56 30 say
2578 3233 89 31 there
2684 3243 53 21 are
2755 3244 72 21 now
2844 3233 61 32 fair
2921 3240 183 36 symptoms
3131 3239 34 30 of
3190 3250 18 20 a

2453 3290 164 30 recovery.

2495 3326 69 32 The
2581 3326 176 39 Welcome,
2771 3326 105 33 wliieh
2890 3326 63 33 had
2967 3328 80 33 been
3060 3341 34 21 so
3110 3342 98 32 many

2455 3371 105 32 weeks
2577 3372 89 41 lying
2680 3372 63 32 idle
2761 3372 141 39 through
2922 3374 54 32 the
2993 3374 156 43 breakmg
3175 3379 35 31 of

2454 3417 55 33 the
2540 3417 202 33 crank-shaft
2769 3418 35 32 of
2830 3418 53 33 the
2912 3419 143 43 winding
3081 3425 126 39 engine,

2455 3464 144 42 recently
2626 3464 121 32 started
2769 3465 91 32 work
2887 3465 94 42 again
2998 3477 6 29 ;
3029 3469 64 31 and
3121 3481 87 22 news

2454 3509 138 33 reached
2610 3514 85 28 town
2713 3510 62 33 last
2791 3511 89 32 week
2906 3511 35 33 of
2962 3512 83 34 their
3071 3515 139 39 striking

2456 3556 55 32 the
2537 3556 97 32 north
2661 3555 94 34 block
2779 3556 34 33 in
2840 3558 54 32 the
2910 3558 61 33 low
2988 3559 92 42 level,
3098 3563 65 32 and
3179 3563 35 33 of

2455 3602 42 32 its
2521 3603 148 39 showing
2693 3603 196 33 indications
2914 3605 35 32 of
2976 3605 97 43 being
3095 3610 34 31 of
3156 3610 54 32 the

2457 3659 89 22 same
2574 3648 125 43 quality
2725 3660 35 21 as
2776 3648 72 34 that
2864 3649 104 33 which
2985 3651 129 42 yielded
3130 3655 78 33 such

2455 3694 129 32 famous
2613 3695 169 41 crushings
2812 3707 18 19 a
2859 3707 79 30 year
2966 3709 35 19 or
3036 3704 64 27 two
3139 3713 70 27 ago.

2457 3739 78 33 This
2565 3739 117 33 should
2718 3741 71 42 give
2831 3752 40 21 an
2909 3743 139 43 impulse
3085 3749 32 29 to
3157 3747 53 33 the

2457 3786 141 38 Eureka,
2629 3786 107 32 which
2766 3787 80 32 after
2873 3799 17 20 a
2920 3788 76 41 long
3033 3793 109 39 period
3179 3794 36 32 of

2458 3831 113 44 steady
2595 3831 199 45 call-paying
2819 3833 26 32 is
2871 3844 73 23 now
2970 3834 65 33 laid
3052 3847 42 33 up
3111 3839 33 32 in
3162 3850 32 21 or-

2459 3878 114 40 dinary
2589 3878 47 33 for
2652 3879 113 32 twelve
2791 3881 133 32 months
2939 3891 7 29 ;
2970 3881 56 33 but
3055 3886 155 41 possibly,

2458 3924 27 32 it'
2497 3934 88 22 news
2601 3923 219 34 contintinues
2837 3925 74 33 thus
2927 3926 191 46 favourably
3128 3930 85 35 from

2459 3970 54 32 the
2539 3970 175 38 Welcome,
2732 3971 226 34 shareholders
2975 3975 65 32 will
3057 3977 94 33 make
3170 3990 42 20 an

2459 4015 93 34 effort
2567 4016 64 32 and
2658 4020 81 29 start
2754 4017 185 42 operations
2956 4019 104 35 before
3077 4022 55 33 the
3149 4024 63 33 end

2459 4062 36 32 of
2507 4062 54 33 the
2577 4066 94 28 term.
2716 4063 78 32 This
2811 4064 65 32 also
2893 4064 110 36 brings
3019 4068 54 31 the
3090 4069 97 33 Home-

2459 4108 88 34 ward
2572 4107 119 34 Bound
2720 4109 68 33 into
2818 4109 125 42 favour,
2971 4113 65 33 and
3062 4115 151 43 enquries

2460 4166 53 21 are
2542 4154 96 33 made
2667 4155 49 32 for
2751 4156 112 33 shares
2900 4163 33 28 at
2969 4170 42 21 an
3048 4161 165 33 advanced

2459 4199 113 42 figure.

2502 4247 68 31 The
2587 4247 152 33 tributors
2754 4248 33 32 in
2805 4248 54 33 the
2887 4250 96 44 Fiery
3008 4252 94 36 Cross
3127 4261 83 34 have

2462 4292 62 33 had
2542 4304 17 21 a
2577 4294 115 31 second
2709 4294 82 38 guod
2804 4295 163 41 crushing,
2983 4299 64 32 and
3060 4301 81 38 from
3157 4308 53 33 the

2461 4348 199 31 appearance
2677 4339 34 30 of
2725 4339 52 31 the
2794 4340 67 31 face
2879 4341 30 31 of
2920 4349 90 25 stone
3024 4345 81 33 have
3116 4363 98 31 every

2462 4389 148 35 prospect
2636 4382 35 32 of
2692 4382 84 33 their
2802 4387 83 37 good
2911 4386 73 32 luck
3012 4396 191 33 continuing

2462 4428 66 33 The
2546 4440 161 31 company
2723 4441 52 21 are
2789 4429 128 43 driving
2931 4438 31 28 to
2977 4445 136 30 connect
3129 4443 33 33 th
3167 4462 16 20 e
3185 4433 15 49 ?
3201 4464 12 19 r

2462 4478 63 27 two
2543 4475 128 36 winzes,
2689 4475 79 31 each
2783 4476 83 32 sunk
2882 4489 41 20 on
2934 4480 82 39 good
3030 4490 102 35 stone,
3146 4506 19 14 n
3169 4507 32 21 re

2462 4524 151 38 paratory
2646 4525 32 27 to
2709 4522 166 43 resuming
2911 4525 115 43 steady
3064 4541 150 33 crushmo

2462 4567 195 39 operations.
3139 4564 7 9 *
3198 4571 16 14 n

2541 4611 230 40 Comparisons
2808 4626 26 21 is
2872 4615 137 39 odorous
3149 4633 68 36 \Trs

2464 4657 192 42 Partington
2693 4669 84 32 says,
2808 4661 58 34 but
2895 4664 24 31 it
2950 4667 58 33 has
3041 4675 82 34 been
3151 4648 64 67 Vie

2462 4702 127 33 fashion
2613 4708 33 28 to
2671 4703 75 35 hold
2770 4718 43 31 up
2837 4708 54 33 the
2914 4711 237 49 Keep-it-Dark
3182 4742 5 8 <
3204 4741 11 8 -

2464 4762 58 20 our
2565 4750 120 39 model,
2735 4754 125 44 steady,
2908 4758 152 43 dividend
3076 4789 7 6 -
3096 4784 64 25 mv
3162 4777 56 32 j™

2466 4807 97 29 mine,
2588 4796 65 34 and
2676 4809 61 25 one
2760 4800 72 36 that
2855 4806 94 34 could
2973 4820 54 28 not
3054 4816 38 36 be
3115 4822 102 34 easilv

2466 4843 102 40 wiped
2591 4848 66 33 out,
2682 4854 34 21 or
2739 4857 81 23 even
2843 4857 87 26 meet
2955 4856 76 36 with
3059 4862 41 34 its
3123 4878 35 22 en
3166 4871 48 30 ml

2465 4900 41 22 on
2523 4887 52 35 the
2594 4887 107 36 Coast.
2747 4892 213 51 Fortunately
2984 4906 65 35 this
3064 4911 73 37 idea
3158 4915 60 34 his

2465 4936 80 33 been
2570 4942 102 37 upset,
2696 4939 48 33 for
2766 4942 25 33 it
2814 4943 60 33 has
2889 4953 69 30 met
2979 4956 79 33 with
3112 4974 9 20 u
3148 4963 70 33 ahle

2465 4988 194 35 competitor
2683 4983 77 41 (and
2776 4988 90 33 there
2884 4993 27 30 is
2932 5005 90 28 room
3050 5003 47 34 for
3118 5019 76 23 man-

2466 5027 99 42 more)
2591 5038 33 22 m
2649 5028 53 36 the
2726 5031 122 37 United
2873 5038 128 45 Alpine,
3019 5050 105 37 which
3151 5066 53 23 <nr

2466 5085 84 59 S
2552 5085 16 25 $
2582 5131 7 8 -
2588 5087 17 21 e
2610 5087 75 63 llT7
2687 5089 60 23 one
2771 5082 53 34 1,61
2824 5094 5 7 '
2831 5094 15 22 e
2861 5085 20 65 !'
2884 5098 20 31 y
2923 5089 41 37 its
3101 5103 121 40 weekly

2465 5120 124 42 yields,
2613 5121 55 33 the
2693 5136 140 33 surprise
2861 5131 48 37 H
2916 5150 31 22 m
2949 5151 9 13 ,
2983 5144 169 38 enhanced
3179 5150 43 37 by

2466 5165 80 35 such
2570 5178 41 22 an
2634 5179 161 28 immense
2810 5174 88 47 body
2916 5186 35 33 of
2970 5192 92 31 Ptonp

2467 5225 33 23 so
2514 5215 79 33 ath.
2639 5215 173 44 However,
2826 5224 55 34 the
2898 5235 19 15 «
2933 5234 87 36 Dark
3068 5240 154 38 directors

2466 5261 130 33 console
2612 5262 200 39 themselves
2831 5271 42 43 by
2893 5278 54 35 the
2972 5282 63 35 fact
3053 5286 70 36 that
3147 5290 76 34 they

2469 5318 58 23 can
2558 5308 120 44 always
2710 5313 126 67 declare
2875 5324 52 36 the
2963 5333 90 33 usual
3092 5304 131 67 shilling

2776 5374 25 20 1S
2980 5388 35 20 -
3029 5379 54 34 «,e
3102 5381 122 36 United

2470 5402 116 38 Alpine
2610 5402 59 35 has
2692 5405 84 36 done
2794 5417 76 33 with
2893 5424 42 28 its
2959 5426 145 40 superior
3127 5431 83 33 yield

2471 5493 54 33 the
2551 5493 90 36 Daik
2672 5497 58 35 has
2757 5501 114 42 20.000
2897 5511 110 37 shares
3036 5518 110 37 whilst
3170 5522 53 35 the

2471 5541 116 40 Alpine
2604 5553 26 20 is
2646 5556 33 20 m
2698 5548 122 36 82,G00.
2868 5558 25 30 e
2899 5567 30 23 d<
2978 5562 15 29 j
2994 5582 7 10 j
3064 5541 3 55 |

2514 5584 134 49 Murray
2664 5591 103 37 Creek
2780 5593 26 36 is
2822 5600 197 44 bemoaning
3038 5610 53 34 the
3109 5612 63 35 loss
3195 5616 33 32 of

2472 5643 41 20 an
2540 5633 53 32 old
2624 5639 115 38 friend,
2765 5647 63 30 an,]
2856 5659 61 22 one
2944 5653 72 31 that
3044 5656 58 31 has
3133 5661 93 33 .riven

2474 5689 100 34 many
2605 5695 17 23 a
2653 5695 76 24 man
2761 5698 18 21 a
2809 5691 60 37 lift.
2927 5698 12 33 [
2970 5700 30 33 al
3006 5701 28 33 |„
3107 5709 11 29 t
3132 5687 16 11 ~
3170 5706 53 35 tho

2474 5727 145 40 winding
2641 5742 115 28 engine
2780 5750 19 20 0
2803 5738 11 32 f
2834 5741 54 31 the
2913 5743 182 41 Enonretie,
3120 5752 104 33 which

2475 5775 57 30 has
2558 5775 76 33 been
2659 5776 179 43 purchased
2862 5786 44 44 by
2932 5792 48 31 M,
3012 5794 142 38 Kil«y.>ur.
3179 5799 47 29 f-v

2475 5830 55 19 use
2546 5828 33 23 at
2593 5822 51 32 Ills
2660 5825 69 31 co.al
2746 5831 88 33 mine
2848 5838 32 27 at
2897 5836 110 34 lirnm
3020 5849 93 24 u'ron.
3158 5845 68 33 The

2474 5869 117 38 Capital
2613 5872 33 33 of
2668 5873 53 33 the
2746 5875 172 41 Energetic
2940 5883 68 34 bein
3024 5899 10 22 :
3057 5888 39 32 all

2474 5920 54 32 «P.
2552 5912 54 33 the
2629 5917 155 36 directors
2800 5935 19 20 a
2841 5924 61 34 few
2922 5931 132 32 months
3077 5912 4 57 ,
3086 5945 6 20 X
3099 5945 17 14 v
3118 5945 17 19 n
3141 5960 6 9 ,
3171 5916 53 53 ,1,,.'

2474 5958 91 32 cided
2591 5965 30 27 to
2644 5967 141 40 suspend
2801 5972 185 39 operations
3011 5978 61 32 and
3096 5978 126 41 dispose

2474 6006 101 31 otthe
2598 6015 151 37 property
2765 6014 64 33 and
2848 6015 101 43 plant.
2996 6021 66 32 The
3087 6024 126 41 battery

2474 6053 40 27 M
2530 6053 99 33 heails
2633 6080 7 12 >
2658 6054 112 36 driven
2787 6059 41 44 by
2843 6070 115 29 steam,
2974 6067 64 34 and
3054 6079 19 25 a
3086 6054 137 55 uuaiW

709 114 136 52 THE
912 122 220 43 LYELL
1198 122 219 52 TIMES,
1485 124 367 55 SATURDAY,
1922 126 372 47 NOVEMBER
2360 142 65 39 21,
2499 128 122 59 1885.

254 254 355 50 LECTURE

76 393 129 58 rpHE
245 392 82 33 Rev.
358 392 37 33 F.
432 391 43 33 IT.
515 389 215 38 SPENCER,
761 387 69 34 will

182 455 205 34 DELIVER
418 468 14 20 u
467 454 207 33 LECTURE
710 452 32 33 in
775 452 53 33 the

76 519 111 31 Lyell
236 518 246 36 Sciiool-room,
546 528 40 20 on
640 513 190 33 MONDAY

78 580 219 39 EVENING,
315 579 77 33 23rd
411 577 262 37 NOVEMBER,
701 577 88 32 1885.

111 706 147 33 Suiwect
276 712 6 25 :

122 830 45 32 To
191 839 189 23 commence
403 834 33 26 at
461 828 18 31 8
499 825 131 34 o'clock,
655 822 107 44 sharp.
807 822 26 32 A

81 891 170 33 collection
275 891 32 31 in
332 889 51 33 aid
400 888 35 33 of
448 888 53 33 the
527 887 129 33 Church
681 885 154 40 Building

83 953 94 33 Fund
193 953 65 33 will
273 953 37 32 be
327 953 104 32 made.

388 1013 117 34 JOHN
532 1011 175 38 BROWN,

611 1076 180 40 Secretary.

125 1139 103 43 Lyell,
249 1140 73 31 13th
342 1138 194 38 November,
555 1140 88 30 1885.

309 1232 27 31 N
362 1232 25 31 0
411 1230 25 31 T
461 1229 139 32 ICE.

84 1324 129 31 ITIHE
232 1324 158 35 business,
414 1323 102 41 plant,
541 1321 63 31 and
626 1319 162 42 good-will
805 1319 34 30 of

193 1386 55 32 the
287 1385 111 32 Lyell
435 1385 106 31 Times
579 1392 64 23 and
682 1381 154 33 Central

85 1444 137 33 Buller
240 1444 169 37 Gazette,
427 1441 121 41 having
563 1440 79 32 been
657 1437 178 45 purchased

83 1501 42 42 by
149 1500 123 33 Walter
294 1498 111 39 Atkin,
424 1498 153 42 formerly
600 1498 36 31 of
657 1497 147 36 Reefton,
820 1496 16 32 I

84 1557 60 40 beg
167 1561 31 29 to
224 1556 109 34 advise
358 1568 56 30 my
438 1555 63 33 late
522 1559 131 38 patrons
676 1553 64 34 and
764 1552 54 33 sub-

84 1613 147 40 scribers,
248 1613 71 33 that
336 1613 82 33 from
437 1613 64 32 and
517 1613 81 31 after
613 1611 65 32 this
691 1612 74 40 day,
781 1611 55 31 the

85 1670 197 43 publication
306 1670 66 32 will
396 1669 36 33 be
456 1667 175 35 continued
663 1668 101 32 uuder
786 1667 51 32 his

85 1728 125 32 control
226 1727 64 32 and
306 1731 241 37 management.

127 1786 16 34 I
174 1786 66 35 also
270 1784 60 46 beg
360 1788 32 32 to
423 1784 111 35 tender
564 1783 90 35 them
682 1794 55 33 my
767 1782 70 34 best

89 1844 120 33 thanks
227 1844 49 33 for
292 1844 82 33 their
398 1848 133 37 support
548 1842 33 32 in
605 1843 54 32 the
676 1848 81 36 past,
775 1842 63 32 aud

85 1902 106 34 solicit
209 1913 17 22 a
250 1902 213 33 continuance
482 1900 34 33 of
535 1900 54 33 the
613 1911 88 22 same
726 1903 32 28 to
781 1910 57 32 my

85 1971 173 25 successor.

520 2008 32 32 J.
576 2008 36 31 F.
638 2007 157 32 CLARK.

128 2063 103 45 Lyell,
249 2063 74 35 14th
342 2063 194 40 November,
555 2065 88 33 1885.
