3331 6223
90 249 9 15 f
100 240 17 30 >i
136 240 68 32 iron
223 243 85 37 rails,
322 254 82 21 were
416 245 178 40 purchased
607 244 41 41 by
661 245 53 32 the
727 245 111 32 Venus
853 239 3 50 j

89 294 161 34 company
268 287 47 33 for
339 288 96 35 JE9OO.
479 289 68 33 The
564 289 144 43 winding
723 291 117 38 engine
854 287 2 54 |

89 328 59 34 has
180 331 77 33 been
289 333 149 44 disposed
468 335 33 32 of
524 336 96 32 since.
667 336 30 31 It
722 337 26 31 is
777 335 62 33 bad
854 328 2 50 ;

91 377 126 42 enough
243 383 32 28 to
298 391 51 22 i«ee
372 380 54 33 the
450 381 49 32 old
525 381 92 32 claim
644 380 194 34 dismantled
855 377 2 42 ;

90 423 63 31 'ti<l
178 425 40 31 its
241 426 189 43 machinery
452 426 81 38 sold,
558 426 56 33 but
630 426 24 34 it
678 427 112 33 makes
815 429 25 32 it
855 416 2 53 |

95 472 46 29 f;ir
171 482 100 22 worse
299 477 31 27 to
358 484 49 20 see
432 473 23 32 it
479 473 127 41 leaving
632 473 54 33 the
716 474 126 33 district

92 515 90 33 when
207 517 24 32 it
256 517 62 33 will
342 518 183 43 ultimately
550 519 36 32 be
609 519 160 43 required.
814 520 26 32 A

92 562 84 31 s-hort
198 564 77 31 lime
292 575 69 29 ago,
374 564 53 32 the
442 564 151 33 directors
606 566 35 31 of
652 567 53 31 the
719 566 121 32 United

95 607 194 42 Inglewood,
313 609 179 33 advertised
516 612 32 30 in
579 612 122 32 several
731 612 35 31 of
786 611 54 32 the

92 651 130 45 leading
247 665 204 33 newspapers
478 655 35 33 of
525 656 61 33 -'the
611 656 115 42 colony
753 656 49 33 for
824 667 17 22 a

92 703 103 28 steam
226 701 115 39 engine
368 701 37 32 fit
431 701 49 33 for
508 701 144 43 winding
678 713 162 32 purposes.

94 744 99 43 Many
230 757 141 22 answers
409 759 82 21 were
534 755 70 26 sent
640 749 33 31 in
711 755 31 26 to
779 748 64 32 this

92 790 209 42 application,
311 792 56 33 but
376 803 81 23 none
466 804 82 22 were
557 794 163 43 accepted.
748 794 93 41 Upon

92 835 125 35 further
266 838 249 40 consideration,
567 839 55 33 the
673 839 165 42 primitive

93 882 133 33 method
243 883 35 32 of
291 885 94 41 using
401 897 18 20 a
435 884 93 33 horse
541 884 245 43 under-ground
795 885 47 32 for

94 927 134 44 hauling
244 929 79 33 stuff
336 930 62 33 and
416 935 109 35 water,
537 942 65 22 was
617 931 148 43 adopted,
780 930 64 34 and

93 974 63 32 this
173 975 75 42 plan
271 976 26 31 is
314 976 63 32 still
394 976 32 33 in
443 987 113 31 vogue,
574 976 160 44 frittering
751 988 48 21 aw
810 988 33 32 iy

96 1020 29 33 in
144 1032 14 21 a
178 1021 58 33 few
253 1023 143 39 months,
412 1023 42 42 by
470 1023 42 33 its
529 1028 88 28 extra
634 1028 77 35 cost,
729 1035 114 30 money

96 1066 71 32 that
188 1067 107 33 would
318 1079 38 31 go
383 1080 18 21 a
423 1068 77 43 long
523 1080 72 32 way
620 1070 34 31 in
678 1070 167 42 acquiring
856 1066 1 46 i

94 1118 193 36 permanent
302 1114 190 42 machinery
503 1115 48 32 for
564 1115 154 42 winding.
755 1115 85 33 Such

97 1168 17 20 a
130 1157 121 33 chance
268 1170 35 20 as
319 1159 55 32 the
385 1160 172 40 Energetic
570 1161 126 41 engine,
711 1161 65 31 will
790 1164 57 28 not

97 1209 129 35 present
240 1204 90 32 itself
341 1204 96 42 again
454 1216 76 32 very
547 1216 88 23 soon.
679 1206 83 33 Al4
778 1205 69 44 h.p.

96 1249 156 40 portable,
270 1249 277 44 double-cylinder
559 1251 143 42 winding
718 1253 126 40 engine,

97 1293 92 33 fitted
212 1295 77 33 with
307 1296 163 42 reversing
485 1308 85 31 gear,
591 1297 63 32 and
678 1297 119 32 almost
812 1308 34 21 as

97 1340 80 42 good
195 1351 34 22 as
246 1352 79 22 new.
372 1342 156 33 Included
551 1354 33 21 in
607 1343 54 32 the
685 1343 56 38 lot,
764 1354 83 21 were

95 1386 75 32 wire
187 1396 93 33 ropes
295 1387 49 32 for
360 1387 145 43 hauling,
520 1387 237 41 cage?,trucks,
773 1388 56 32 flat-

98 1432 116 38 sheets,
244 1433 137 42 pulleys,
413 1434 64 31 and
514 1445 81 21 even
624 1434 54 33 the
715 1440 112 37 poppet-

99 1477 109 38 heads,
226 1477 40 32 all
283 1478 48 32 for
346 1478 55 32 the
424 1479 178 42 extremely
623 1479 61 33 low
702 1479 98 42 figure
817 1479 35 33 of

99 1523 95 32 £325.
240 1523 67 32 The
334 1524 103 32 whole
471 1526 152 40 standing
659 1525 115 32 within

96 1566 95 33 miles
207 1567 35 34 of
253 1568 55 33 the
332 1569 186 43 Inglewood
534 1570 99 40 mine,
653 1569 65 34 and
734 1569 79 34 with
830 1583 18 20 a

97 1613 80 42 good
202 1615 77 32 road
303 1616 41 32 all
373 1616 52 33 the
449 1627 82 31 way.
576 1616 68 32 The
669 1616 126 42 ground
817 1616 35 33 of

100 1658 51 33 the
170 1659 170 44 Energetic
356 1661 65 32 will
444 1661 156 42 probably
619 1672 77 33 pass
708 1661 69 34 into
794 1661 53 33 the

98 1707 178 40 possession
301 1706 38 32 of
355 1707 54 33 the
433 1707 130 33 Wealth
579 1707 35 33 of
633 1708 138 32 Nations
795 1707 36 33 ad-

93 1749 137 43 joining,
261 1751 94 33 when
384 1752 124 33 further
537 1754 205 42 prospecting
772 1764 76 32 may

97 1808 97 31 prove
217 1797 72 33 that
305 1797 54 33 the
382 1799 68 32 reef
462 1798 107 34 which
595 1804 54 28 cut
664 1804 56 28 out
736 1800 33 32 in
791 1799 55 33 the

97 1842 63 34 line
196 1843 26 33 it
250 1854 67 22 was
347 1844 207 44 descending,
586 1844 59 34 has
675 1844 94 34 made
807 1856 40 22 an

97 1890 113 33 erratic
235 1890 95 43 jump
360 1895 33 29 to
416 1890 98 34 north
537 1902 37 22 or
599 1891 108 40 south,
735 1891 64 33 and
821 1892 28 32 is

99 1935 94 41 again
204 1935 98 42 going
314 1936 94 33 down
419 1948 35 20 as
466 1941 110 38 strong
588 1948 35 22 as
635 1948 85 22 ever.
758 1938 92 31 Time

97 1990 77 30 wai,
200 1980 95 34 when
311 1981 56 34 the
390 1982 173 44 Energetic
586 1994 66 21 was
675 1982 55 34 the
753 1982 98 35 claim

99 2026 35 33 of
155 2026 65 34 this
247 2027 137 35 district.
430 2029 33 33 It
483 2040 67 22 was
577 2029 122 43 always
725 2041 19 23 a
769 2030 83 42 good

101 2071 97 33 claim
213 2072 49 33 for
276 2074 190 43 employing
481 2074 99 40 labor,
604 2086 42 21 an
669 2086 135 32 average
821 2076 35 31 of

104 2119 39 33 60
165 2121 32 32 to
220 2119 42 34 70
282 2130 76 24 men
374 2120 141 44 forming
530 2121 40 33 its
590 2120 77 35 staff
677 2121 49 35 for
747 2133 105 32 years.

102 2163 66 34 But
189 2166 42 32 its
253 2165 92 43 glory
368 2166 59 34 has
443 2166 163 44 departed.
652 2168 67 33 The
741 2168 112 34 Venus

99 2210 26 33 is
149 2211 129 41 looking
300 2212 83 33 well.
427 2213 69 33 The
518 2214 109 43 uprise
647 2213 28 34 is
699 2214 155 43 through,

102 2255 63 33 and
184 2257 88 33 there
289 2258 26 33 is
330 2258 82 33 from
430 2259 54 34 the
499 2258 82 34 level
598 2259 100 34 above
717 2262 59 32 190
791 2260 63 33 feet

104 2302 35 33 of
165 2302 96 35 backs
279 2314 7 30 ;
310 2304 72 43 fifty
413 2316 36 22 or
474 2305 84 43 sixty
588 2307 62 32 feet
679 2306 59 34 has
774 2307 80 33 been

104 2347 112 33 driven
240 2360 40 22 on
304 2349 54 34 the
381 2350 83 40 lode,
483 2351 54 33 the
560 2355 111 30 extent
693 2352 35 33 of
746 2352 107 33 which

103 2404 60 21 can
193 2394 77 42 only
299 2394 38 33 be
374 2396 136 42 guessed
540 2401 57 35 at;
621 2402 127 38 experts
783 2408 52 32 pro-

102 2448 127 24 nounce
257 2439 54 35 the
334 2445 92 30 stone
449 2452 35 23 as
507 2441 83 44 good
615 2443 48 33 for
687 2453 42 23 an
753 2453 101 24 ounce

102 2496 58 31 per
182 2490 67 35 ten,
267 2498 18 21 a
307 2491 112 30 return
441 2488 108 34 which
565 2489 28 33 if
604 2501 78 22 near
704 2490 150 40 realised,

101 2530 66 33 will
183 2542 78 23 soon
280 2531 94 46 bring
390 2533 64 34 this
470 2540 151 40 property
632 2539 34 30 to
678 2535 55 34 the
746 2536 108 41 front;

102 2577 68 33 The
192 2578 148 42 paddock
363 2580 65 33 and
455 2582 79 31 arial
558 2586 159 38 tramway
744 2587 32 28 to
800 2583 55 32 the

101 2620 138 45 battery,
278 2624 26 31 is
341 2634 74 23 now
445 2624 96 45 being
570 2626 127 44 rapidly
730 2627 124 44 pushed

101 2667 148 35 forward.
294 2671 76 33 Two
393 2683 36 22 or
447 2672 90 34 three
555 2673 132 34 months
711 2685 72 31 ago,
800 2674 54 33 the

102 2714 125 34 Golden
265 2716 167 42 Treasure,
462 2718 82 34 after
574 2719 111 43 laying
713 2719 65 33 idle
807 2719 49 34 for

102 2760 126 39 awhile,
252 2773 66 21 was
346 2774 94 31 again
464 2766 145 31 manned
631 2765 64 32 and
717 2766 65 31 late
809 2777 30 20 re-

102 2810 88 40 ports
218 2806 83 35 from
331 2808 54 35 the
414 2810 89 34 mine
524 2822 53 23 are
600 2810 35 35 of
656 2823 19 22 a
705 2811 151 44 cheering

102 2852 185 41 character;
312 2866 18 20 a
352 2866 72 22 new
447 2856 95 33 make
565 2858 31 32 of
618 2862 92 28 stone
733 2859 121 39 having

102 2908 90 22 come
218 2899 34 32 in
277 2899 101 34 below
408 2900 55 33 the
493 2901 95 34 north
619 2902 104 41 block,
750 2904 104 31 which

101 2943 132 34 showed
249 2946 88 43 signs
353 2946 35 33 of
400 2947 110 42 giving
532 2952 66 36 out,
617 2949 65 32 and
697 2949 157 40 although

101 2997 33 25 at
149 2998 131 34 present
295 2993 180 32 somewhat
491 2993 126 34 limited
640 2996 34 30 in
689 3002 120 32 extent,
830 2996 27 31 is

102 3036 148 42 carrying
265 3037 158 33 excellent
438 3036 89 44 &old.

689 3086 125 34 Thaly.

243 3191 260 39 WESTPORT
529 3193 184 37 LETTER.

188 3299 98 41 (from
303 3309 66 23 our
384 3310 73 24 own
473 3305 301 41 correspondent.)

527 3360 183 34 November
728 3363 86 32 16th.

146 3413 84 34 Next
245 3414 101 40 week,
363 3415 57 33 the
435 3420 188 41 ratepayers
639 3419 36 32 of
693 3419 165 44 Westport

104 3460 65 33 will
198 3460 38 34 be
268 3461 103 34 called
402 3473 87 33 upon
520 3467 32 30 to
590 3464 111 34 decide
731 3478 40 21 on
803 3466 55 34 the

104 3506 132 33 relative
253 3509 112 31 merits
381 3509 35 31 of
428 3509 55 32 the
506 3510 81 33 rival
608 3511 185 33 candidates
810 3513 49 31 for

107 3551 52 34 the
178 3552 147 44 Mayoral
343 3553 91 35 office
450 3554 47 35 for
512 3555 54 35 the
589 3558 137 43 ensuing
742 3558 115 34 twelve

106 3600 144 38 months,
282 3600 54 33 the
373 3601 187 35 candidates
596 3614 53 22 are
688 3605 51 31 Mr
769 3605 89 33 John

107 3643 147 41 Hughes,
291 3645 55 34 the
376 3652 131 38 present
542 3648 124 45 Mayor,
704 3650 65 33 and
808 3651 51 33 Mr

109 3690 144 33 William
270 3691 114 44 Lloyd.
430 3693 52 34 Mr
497 3695 140 43 Hughes
652 3695 59 34 has
724 3696 132 43 already

106 3735 89 35 filled
219 3737 54 34 the
297 3739 147 43 mayoral
471 3740 89 35 chair
587 3741 103 41 twice,
714 3743 65 34 and
807 3744 52 33 Mr

108 3783 104 41 Lloyd
228 3784 59 32 has
302 3784 88 33 filled
407 3786 179 45 Municipal
609 3788 108 34 offices
738 3789 118 40 before,

108 3838 35 24 so
167 3828 77 35 both
270 3841 53 23 are
351 3831 83 35 tried
457 3834 197 35 candidates.
701 3836 57 44 My
784 3847 73 24 own

108 3875 142 43 opinion,
266 3877 28 34 is
310 3878 71 34 that
398 3879 51 33 Mr
464 3880 137 43 Hughes
616 3880 66 35 will
700 3884 76 38 win,
799 3883 58 33 but

108 3931 56 34 my
179 3921 83 45 hope
276 3923 38 40 is,
331 3922 72 35 that
418 3924 54 34 Mr
487 3925 105 45 Llo.yd
608 3927 84 42 will;
715 3933 58 30 not
789 3928 70 35 that

109 3967 15 31 I
161 3967 82 35 have
280 3970 162 45 anything
478 3977 33 28 to
548 3985 58 30 say
642 3975 127 40 against
808 3975 52 33 Mr

107 4012 148 43 Hughes,
278 4015 73 34 who
374 4015 61 35 has
455 4017 192 45 discharged
674 4019 55 35 the
753 4020 105 35 duties

108 4059 35 32 of
162 4071 114 32 mayor
290 4073 35 20 in
341 4073 18 21 a
375 4062 87 42 right
483 4066 91 40 royal
597 4077 149 30 manner,
769 4068 57 31 but
844 4068 15 31 I

109 4104 114 44 object,
247 4118 42 21 on
311 4108 167 45 principle,
501 4116 33 28 to
550 4123 19 21 a
584 4122 77 23 man
684 4112 106 45 filling
805 4113 55 34 the

108 4151 90 33 office
215 4163 89 23 more
321 4154 80 33 than
418 4156 91 33 twice
526 4162 33 29 at
575 4158 55 33 the
647 4159 136 33 outside.

151 4198 67 33 Our
241 4198 82 34 local
346 4199 169 37 Dramatic
541 4203 82 35 Club
646 4205 117 44 played
785 4205 76 35 here

111 4243 52 33 the
180 4244 91 33 other
287 4246 94 41 night
397 4253 32 27 to
445 4259 18 21 a
474 4250 145 33 crowded
637 4251 111 33 house.
793 4252 68 32 The

111 4289 80 33 Club
208 4301 52 22 are
283 4302 78 32 very
384 4292 162 36 fortunate
562 4307 33 20 in
620 4296 120 43 having
756 4303 34 27 at
806 4298 55 32 the

111 4334 184 45 beginning,
327 4337 78 33 such
435 4351 42 21 an
504 4340 70 34 able
600 4342 65 33 and
691 4350 171 27 courteous

111 4388 261 37 stage-manager
393 4396 35 21 as
446 4386 51 31 Mr
520 4387 149 34 Stanton.
715 4389 14 32 I
746 4390 116 31 should

114 4431 55 28 not
194 4426 37 34 ba
255 4429 162 41 surprised
439 4430 28 32 if
485 4430 53 34 the
562 4443 162 33 company
748 4434 115 32 visited

112 4472 93 43 Lyell
235 4485 59 21 one
324 4474 36 32 of
386 4475 89 33 these
506 4477 91 43 days.
642 4479 32 32 It
704 4479 28 32 is
762 4485 85 27 extra-

113 4517 151 45 ordinary
287 4519 72 34 how
383 4520 81 34 hard
481 4521 25 34 it
522 4522 27 33 is
571 4523 48 34 for
640 4524 174 44 predudice
833 4530 31 28 to

114 4563 60 33 die.
219 4564 17 33 I
253 4564 79 34 hear
354 4565 70 35 that
440 4578 146 32 pressure
609 4569 59 34 has
689 4570 80 34 been
786 4571 78 33 used

114 4609 42 44 by
180 4621 89 23 some
294 4623 132 31 persons
453 4614 120 44 calling
597 4616 195 34 themselves
816 4630 32 21 re-

115 4657 114 39 ligious
241 4658 113 41 people
368 4664 31 26 to
413 4659 115 33 induce
540 4673 88 21 some
645 4664 31 30 ot
689 4663 54 32 the
756 4675 110 30 young

115 4712 76 22 men
216 4701 172 44 belonging
411 4707 34 30 to
461 4704 54 34 the
534 4706 168 35 Dramatic
720 4708 89 39 Club,
834 4714 31 28 to

116 4747 169 36 withdraw
310 4749 82 35 from
417 4757 35 36 it,
480 4764 34 22 as
537 4751 26 36 it
584 4754 27 33 is
637 4766 19 22 a
687 4754 180 43 dangerous

116 4801 216 30 amusement.
390 4799 178 45 Evidently
598 4802 91 33 there
718 4814 54 22 are
802 4802 66 35 still

116 4854 90 21 some
232 4844 114 42 people
375 4844 102 45 living
503 4852 34 28 at
560 4847 164 44 Westptrt
748 4848 35 33 in
812 4849 54 33 the

116 4887 192 35 nineteenth
332 4896 145 40 century,
501 4892 73 35 who
604 4894 66 35 still
691 4893 96 35 think
813 4895 54 34 the

118 4936 69 33 title
204 4938 31 30 ol
250 4937 181 42 play-actor
446 4940 64 32 and
522 4941 180 42 vagabond,
711 4941 55 33 the
778 4953 88 22 same

117 4981 102 39 thing.

158 5026 68 35 The
257 5027 99 36 Great
386 5028 156 46 Republic
565 5033 153 43 crushing
743 5033 28 34 is
801 5035 66 33 still

116 5074 201 43 proceeding.
363 5076 16 32 I
395 5083 120 29 cannot
529 5079 120 34 inform
669 5091 65 32 you
756 5086 55 37 yet
833 5093 34 22 as

119 5128 31 24 to
167 5120 73 33 how
256 5122 25 31 it
297 5121 26 32 is
339 5122 99 43 likely
454 5129 33 27 to
504 5130 73 27 turn
591 5131 66 34 out,
671 5127 58 32 but
745 5127 15 31 I
772 5128 94 33 know

118 5177 61 21 one
195 5177 35 22 or
245 5172 64 28 two
326 5167 35 33 of
374 5167 52 35 the
443 5168 86 43 large
551 5171 235 41 shareholders,
804 5174 64 34 and

120 5212 75 42 they
212 5225 53 22 are
278 5214 68 43 just
362 5226 35 22 as
410 5217 143 33 satisfied
565 5229 35 22 as
610 5218 78 44 they
699 5231 73 22 ever
784 5220 82 35 have

119 5258 90 38 been,
226 5259 71 33 that
313 5260 77 43 they
406 5261 76 33 hold
494 5263 51 41 big
557 5269 137 37 trumps,
708 5266 65 32 and
785 5267 15 31 I
814 5279 52 20 am

118 5313 71 23 sure
209 5303 75 44 they
301 5305 129 34 deserve
447 5307 43 34 all
506 5309 82 42 good
604 5310 84 33 luck.

159 5350 67 32 Our
237 5350 151 34 Harbour
400 5355 104 31 works
515 5366 52 22 are
578 5356 99 44 going
687 5369 41 22 on
743 5359 123 42 slowly,

116 5394 73 34 wlik
202 5394 22 34 li
242 5395 26 33 is
284 5407 18 21 a
318 5402 90 37 great
423 5398 80 44 pity,
522 5405 31 28 to
570 5412 58 33 say
644 5402 139 45 nothing
798 5405 35 32 of
849 5418 18 20 a

115 5449 89 35 great
234 5442 124 33 shame.
403 5444 72 33 The
506 5453 137 38 country
679 5449 59 35 has
774 5451 90 33 acted

116 5495 86 28 most
248 5488 147 45 liberally
437 5494 33 30 to
514 5503 48 30 us,
613 5494 58 35 but
717 5500 147 39 personal

111 5536 174 42 jealousies
301 5535 107 34 divide
424 5537 54 33 the
496 5538 164 35 collective
677 5542 134 33 wisdom
835 5548 29 28 ol

115 5581 54 32 the
193 5581 154 32 Harbour
369 5581 120 40 Board,
519 5595 34 21 so
576 5585 96 32 when
729 5588 136 33 Doctors

115 5626 101 41 differ,
235 5628 141 43 patients
508 5630 32 34 in
558 5630 92 36 other
659 5632 116 42 words,
792 5646 17 22 a
821 5636 41 34 lot

114 5675 35 31 of
175 5674 243 44 hard-working
447 5687 75 22 men
554 5678 72 33 who
663 5680 81 33 have
775 5693 88 22 come

114 5721 75 32 here
215 5727 33 28 at
271 5733 18 21 a
311 5733 31 29 g(
355 5722 40 33 od
418 5721 45 34 bit
487 5724 35 32 of
541 5735 138 31 expense
702 5731 32 28 to
758 5728 84 33 them-

111 5766 114 37 selves,
243 5778 53 21 are
319 5767 179 43 compelled
515 5772 31 29 to
562 5768 38 34 be
617 5770 74 41 idle,
715 5772 104 34 which
837 5775 24 31 is

112 5827 18 20 a
148 5813 144 44 disgrace
310 5821 32 27 to
359 5813 175 45 Westport,
551 5816 64 34 and
631 5829 18 22 a
664 5821 153 41 reproach
830 5828 32 27 to

111 5872 18 20 a
149 5861 115 42 colony
288 5860 63 33 like
376 5861 78 32 New
478 5861 153 42 Zealand,
655 5864 124 43 though
795 5868 24 31 it
835 5868 26 32 is

111 5910 55 28 not
196 5905 54 33 the
282 5907 80 33 fault
391 5906 36 34 of
445 5906 54 34 the
529 5907 117 45 colony
675 5911 125 34 outside
831 5916 27 29 of

113 5951 171 46 Westport.

513 6001 73 33 The
604 6001 212 36 Looker-On.

749 105 140 47 THE
956 108 218 49 LYBLL
1240 112 220 55 TIMES,
1530 115 364 59 SATURDAY,
1966 124 377 54 NOVEMBER
2409 148 68 41 21,
2550 138 127 58 1885.

875 245 173 33 UNITED
1080 249 132 31 ITALY
1242 251 176 40 QUARTZ
1454 254 168 33 MINING
1641 245 4 46 I

1016 308 223 42 COMPANY,
1265 312 207 36 LIMITED.

894 416 28 35 A
946 418 56 31 LL
1030 418 176 36 SHAKES
1236 423 179 34 numbered
1443 425 81 33 from
1554 428 12 30 1
1595 431 33 28 to
1644 402 3 65 I

987 483 124 36 24,000,
1129 483 144 33 FORFE
1285 486 7 30 [
1307 487 7 29 i
1318 487 5 9 l
1332 487 117 32 l:,i>for
1460 489 165 42 Non-pay-
1644 473 3 58 '

874 546 90 28 ment
981 543 34 31 of
1028 555 65 31 any
1110 545 80 38 Call,
1205 547 63 32 will
1280 547 37 32 lie
1333 549 111 32 SOLD
1461 550 39 42 by
1519 552 109 32 Public
1645 536 2 60 |

875 604 139 32 Auction
1032 612 33 26 at
1087 607 87 32 John
1202 609 146 33 Munro\s
1371 612 141 32 Auction
1534 613 94 39 Mart,

877 663 203 36 Pahnerston
1100 668 114 40 Street,
1235 670 172 45 Westport,
1425 680 33 26 at
1474 676 18 30 *3
1508 675 120 33 o'clock

876 738 91 31 p.m.,
992 740 40 21 on
1057 729 181 43 FRIDAY,
1263 734 75 32 27th
1364 734 264 42 NOVEMBER,

878 790 88 38 1835,
985 791 108 33 unless
1109 794 183 44 previously
1310 797 180 34 redeemed.

1165 856 144 35 JAMES
1340 859 168 42 INGLIS,

1423 922 167 45 Manager.

919 977 105 43 Lyeil,
1044 979 75 34 14th
1138 981 205 40 N0v.,'1885.

879 1074 92 33 THE
991 1075 193 37 MANUKA
1200 1079 112 34 FLAT
1326 1082 119 33 GOLD
1463 1084 171 35 MINING

1025 1139 224 42 COMPANY,
1274 1143 208 35 LIMITED.

1006 1240 17 22 a
1051 1230 144 45 Meeting
1217 1237 35 29 of
1274 1234 55 34 the
1354 1236 176 43 Directors,
1559 1239 76 33 held

1008 1292 64 33 this
1089 1293 73 43 day,
1174 1305 18 21 a
1204 1295 111 32 CALL
1333 1298 64 39 (the
1411 1299 68 41 4th)
1498 1300 36 33 of
1544 1302 89 32 ONE

882 1352 226 35 HALF-PEN
1114 1356 52 32 NY
1167 1357 6 12 7
1205 1369 56 31 per
1296 1360 94 34 share
1427 1373 66 22 was
1530 1364 106 40 made,

882 1414 136 42 payable
1048 1420 33 29 at
1108 1417 54 34 the
1195 1420 175 42 registered
1401 1423 91 33 office
1518 1425 38 33 of
1583 1425 54 33 the

881 1475 184 46 Company,
1088 1479 77 33 Cliff
1185 1482 116 39 Street,
1326 1484 105 42 Lyell,
1453 1497 41 22 on
1520 1487 87 34 WED-

882 1537 189 41 NESDAY,
1091 1541 52 32 the
1159 1543 57 31 9th
1240 1544 63 42 day
1319 1546 35 32 of
1370 1547 266 42 DECEMBER,

882 1600 89 34 1885.

1178 1665 144 37 JAMES
1347 1669 167 44 INGLIS,

1427 1733 170 45 Manager.

922 1785 106 43 Lyell,
1046 1788 74 34 14th
1139 1788 195 45 November,
1350 1795 89 33 1885.

883 1884 92 33 THE
1001 1885 175 35 UNITED
1195 1888 103 36 NEW
1318 1891 149 35 SOUTH
1491 1895 149 35 WALES

945 1947 181 40 QUARTZ
1152 1950 174 35 MINING
1350 1954 224 43 COMPANY,

1157 2012 209 37 LIMITED.

889 2135 131 33 ITIHE
1049 2137 237 36 ORDINARY
1319 2142 322 38 HALF-YEARLY

994 2199 215 35 GENERAL
1233 2203 212 36 MEETING
1468 2207 36 33 of
1526 2208 96 35 Share-

887 2259 140 36 holders.
1051 2262 66 33 will
1139 2263 38 34 be
1200 2263 77 35 held
1306 2270 33 29 at
1366 2267 54 35 the
1445 2269 197 46 Company's

887 2322 111 41 Office,
1016 2324 77 33 Cliff
1106 2326 115 39 Street,
1246 2328 108 42 Lyell,
1374 2342 42 21 on
1440 2332 202 43 MONDAY,

887 2384 77 33 30th
982 2386 265 42 NOVEMBER,
1273 2392 89 40 1885,
1380 2397 32 28 at
1434 2394 55 33 the
1512 2395 83 33 hour
1613 2398 37 32 of

888 2446 18 33 7
923 2446 130 43 o'clock,
1070 2459 80 34 p.m.

1169 2543 166 37 Business
1353 2556 7 25 :

971 2603 45 31 To
1046 2605 125 39 receiye
1209 2607 175 33 Directors'
1418 2611 123 42 Report
1579 2614 65 31 and

1053 2665 144 35 Balance
1219 2668 120 43 Sheet;
1362 2672 66 33 and

973 2727 45 33 To
1035 2728 82 33 elect
1133 2729 166 36 Directors
1316 2735 63 31 and
1396 2736 165 34 Auditors.

1227 2806 144 37 JAMES
1395 2810 166 43 INGLIS,

1437 2873 166 45 Manager.

932 2925 103 43 Lyell,
1052 2928 56 33 6th
1125 2929 195 43 November,
1340 2935 90 33 1885.

891 3022 90 33 THE
1000 3024 195 36 MANUKA
1211 3029 112 33 FLAT
1336 3032 119 33 GOLD
1474 3035 172 35 MINING

1035 3089 223 44 COMPANY,
1277 3094 207 38 LIMITED.

894 3211 131 70 TJIHE
1061 3214 236 36 ORDINARY
1329 3220 318 39 HALF-YEARLY

1000 3276 215 36 GENERAL
1240 3282 96 33 MEE
1352 3285 102 33 IING
1477 3288 35 31 of
1533 3289 95 34 Share-

892 3335 131 37 holders
1051 3339 68 34 will
1145 3340 39 35 be
1210 3342 76 35 held
1310 3350 33 30 at
1370 3347 54 33 the
1448 3349 200 45 Company's

895 3399 109 40 Office,
1016 3401 77 34 Cliff
1098 3403 114 42 Street,
1224 3407 101 43 Lyell,
1339 3421 41 21 on
1390 3411 61 32 TH
1460 3412 24 32 U
1492 3413 155 41 RSDAY,

891 3462 77 34 26th
992 3464 266 46 NOVEMBER,
1277 3472 89 40 1885,
1390 3479 33 28 at
1447 3475 54 33 the
1517 3476 84 34 hour
1616 3478 34 33 of

891 3525 18 32 6
926 3526 134 42 o'clock,
1077 3540 80 32 p.m.

1173 3625 168 36 Business
1356 3638 6 23 :

976 3684 47 32 To
1054 3688 124 32 receive
1215 3689 178 37 Directors'
1432 3693 122 46 Report
1585 3697 62 33 and

1057 3749 143 36 Balance
1220 3753 118 43 Sheet;
1363 3756 65 33 and

976 3810 47 34 To
1039 3810 83 37 elect
1137 3813 166 37 Directors
1319 3817 64 34 and
1400 3819 166 36 Auditors.

1230 3891 145 34 JAMES
1399 3895 167 40 INGLIS,

1441 3958 168 40 Manager.

934 4009 103 44 Lyell,
1056 4012 55 33 Oth
1129 4014 195 43 November,
1343 4020 90 33 1885.

1121 4113 302 38 NOTICE.

897 4201 371 96 Drapery

1153 4297 64 74 &
1264 4300 383 98 Clothing.

897 4428 216 84 John
1199 4435 451 96 Fennell,

901 4537 133 46 Having
1070 4544 183 42 purchased
1289 4548 55 34 the
1388 4550 163 41 LAKGE,
1589 4555 61 32 and

902 4600 405 44 WELL-ASSORTED
1347 4611 139 37 STOCK
1531 4616 38 34 of
1601 4617 49 35 the

901 4663 113 39 above,
1034 4667 67 41 just
1118 4669 160 42 imported
1302 4673 169 36 DIKECT
1494 4677 84 34 from
1601 4680 49 33 the

903 4724 109 37 Home
1029 4728 271 49 Manufacturers,
1322 4737 42 46 by
1390 4738 35 36 F.
1451 4741 156 45 Sontgen,
1626 4746 24 33 oi

901 4790 176 46 Westport,
1109 4795 76 45 begs
1218 4803 33 29 t*
1289 4813 171 25 announce
1498 4807 72 36 that
1599 4810 51 33 the

902 4864 89 23 same
1016 4856 66 33 will
1112 4857 38 35 be
1174 4860 184 44 submitted,
1362 4879 139 34 —every
1531 4871 64 35 line
1623 4879 27 28 at

903 4926 240 41 WESTPORT
1161 4935 170 38 PRICES.

949 5017 245 54 SUMMER
1211 5028 275 53 DRAPERY.

949 5090 175 48 DRESS
1143 5095 343 56 MATERIALS.

948 5158 208 50 PRINTS

950 5228 338 54 CASHMERES

946 5296 178 49 DRESS
1142 5302 333 56 TRIMMINGS

948 5396 501 60 UNDER-CLOTHING

948 5466 249 51 HOSIERY

996 5539 81 44 and

946 5604 329 54 MILLINERY

946 5705 127 45 MEN
1093 5710 81 44 and
1197 5711 151 48 BOYS
1367 5717 283 51 CLOTHING

898 5773 160 59 HATS,
1075 5776 180 62 SOCKS,
1270 5781 287 56 TROUSERS
1573 5792 77 46 and

896 5844 185 46 VESTS.

936 5942 27 33 A
990 5943 119 36 GOOD
1136 5947 296 42 ASSORTMENT
1457 5957 62 35 and
1548 5957 42 36 all
1620 5960 30 34 of

893 6009 272 37 EXCELLENT
1183 6014 161 38 VALUE.

1682 257 296 37 SELLING-OFF
1992 265 5 30 !
2053 266 299 37 SELLING-OFF
2366 271 5 32 !
2387 272 10 32 t

2179 345 4 4 -

2046 375 49 46 P.
2217 378 211 49 EKLUN

1747 459 131 37 VYTXG
1901 463 132 36 decided
2050 478 87 32 upon
2160 469 133 44 leaving
2312 473 107 40 Lyell,

1784 517 93 36 offers
1914 522 54 33 the
1999 522 104 36 whole
2138 526 36 33 of
2199 526 51 34 his
2286 527 131 33 WELL

1665 573 228 37 ASSORTED
1909 579 138 35 STOCK
2057 582 74 34 of—

1742 643 179 48 Calicos
2131 652 227 47 Flannells

1755 708 148 48 Prints
2098 715 186 56 &c.,&c.
2307 719 78 46 &c.

1665 841 326 47 MILLINERY
2032 849 35 43 &
2107 847 313 49 TAILORING

1804 906 192 45 Requisites,
2021 911 64 32 and
2109 912 176 35 Materials.

1666 1019 259 47 WOMENS'
1968 1025 82 43 and
2088 1027 332 45 CHILDRENS'

1719 1084 319 45 Under-Clothing,
2056 1089 43 33 all
2116 1095 33 28 at
2164 1091 85 33 Cost
2265 1093 117 32 Price.

1689 1197 28 33 A
1742 1197 226 37 SPLENDID
1996 1204 125 43 variety
2144 1204 38 34 of
2202 1205 199 35 TWEEDS.

1848 1259 91 32 Good
1956 1260 52 33 Fit
2025 1261 219 34 Guaranteed.

1905 1355 294 35 NOTICE.

1688 1467 38 46 A
1745 1466 56 32 LL
1837 1468 231 37 ACCOUNTS
2107 1472 117 44 owing,
2263 1479 90 29 must
2388 1475 37 33 be

1785 1526 114 33 settled
1917 1527 58 40 for,
1990 1529 86 32 NOT
2093 1531 147 31 LATER
2252 1533 81 31 than
2350 1533 77 32 10th

1674 1580 250 36 DECEMBER
1941 1588 86 38 next,
2044 1585 65 34 and
2130 1598 67 34 any
2211 1599 70 23 sum
2304 1590 123 44 unpaid

1672 1637 83 32 after
1786 1638 70 32 that
1881 1641 85 37 date,
1994 1642 69 32 will
2091 1643 35 32 he
2158 1644 269 34 POSITIVELY

1674 1692 118 34 SUED
1831 1694 86 34 FOR
1955 1696 216 36 WITHOUT
2209 1700 218 35 FURTHER

1674 1749 174 34 NOTICE.

1850 1855 50 48 P.
1956 1858 297 51 EKLUND.

1677 1926 71 71 J}
1768 1926 112 36 nap
1895 1931 28 33 is
1943 1931 28 33 B
2098 1934 56 71 Q
2169 1936 96 33 LOT
2278 1937 97 32 HIE
2391 1938 38 32 R.

1716 2033 104 42 Lyell,
1837 2035 59 33 9th
1912 2036 150 41 October,
2079 2039 92 32 1885.

1679 2137 254 48 WOLF
2013 2142 181 47 AND
2283 2145 147 58 CO.,

1836 2229 210 34 Wholesale
2063 2241 66 23 and
2148 2232 129 34 Retail

1678 2292 66 70 B
1803 2296 38 47 u
1899 2297 225 48 TCH
2184 2302 246 47 ERS.

1800 2418 135 33 Dealers
1950 2420 36 31 in
2001 2420 45 32 all
2062 2421 214 44 descriptions
2293 2423 37 34 of

1698 2488 124 33 FARM
1866 2490 93 32 AND
2004 2491 143 33 DAIRY
2190 2493 226 34 PRODUCE.

1679 2603 117 31 Hotels
1807 2604 65 30 and
1888 2604 156 32 Families
2053 2607 120 30 waited
2189 2618 43 20 on
2247 2607 50 31 for
2307 2608 123 38 Orders,

1721 2717 117 34 Orders
1863 2718 164 34 delivered
2051 2723 32 30 to
2111 2720 44 34 all
2180 2724 90 40 parts
2286 2733 18 22 o
2341 2723 57 33 the

1987 2777 148 33 District.

1886 2892 86 33 Note
1989 2893 57 33 the
2064 2893 147 35 Address

1703 2959 126 35 !3*W
1855 2961 79 33 0L
1958 2962 26 32 F
2072 2963 136 33 AND
2308 2965 110 41 CO.,

1743 3028 85 33 Next
1857 3029 55 33 the
1943 3030 228 34 Government
2193 3032 185 43 Buildiugs,

1856 3099 101 33 Cliff
1983 3100 141 39 Street,
2148 3102 124 33 Lyell.

1703 3201 429 46 WELCOME
2217 3205 221 55 INN,

1994 3273 123 34 Lyell.

1793 3364 164 37 Ellen
2032 3366 292 49 Williams',

1695 3427 28 61 j~
1981 3426 122 34 thanks
2124 3434 45 27 io*
2199 3434 73 37 pact
2297 3428 142 41 favours,

1771 3488 74 41 begs
1867 3493 32 28 to
1925 3489 119 32 inform
2066 3490 58 33 her
2147 3491 122 33 friends
2293 3492 66 32 and
2384 3491 56 34 the

1682 3548 107 43 public
1815 3549 71 35 that
1912 3550 57 34 she
1999 3551 59 34 has
2084 3551 70 45 just
2180 3553 184 44 completed
2388 3565 34 22 ex-

1684 3612 121 33 tensive
1829 3613 165 34 additions
2022 3615 65 32 and
2110 3615 191 33 alterations
2326 3620 33 28 to
2382 3615 59 33 her

1683 3675 168 42 premises,
1875 3676 65 33 and
1964 3677 54 33 the
2046 3679 248 34 accomodation
2317 3678 29 34 is
2366 3690 75 22 now

1942 3741 229 43 unsurpassed.

1683 3830 88 41 Ales,
1801 3830 122 41 Winos,
1951 3833 64 33 and
2043 3833 117 45 Spirits
2191 3834 35 34 of
2253 3834 188 36 First-class

1889 3892 133 42 Quality
2039 3892 77 41 only
2132 3892 88 43 kept.

1917 3984 91 32 Good
2032 3984 160 41 Stabling.

1889 4057 153 33 ELLEN
2070 4059 247 40 WILLIAMS,

2138 4106 262 34 Proprietress.

1686 4311 46 34 To
1756 4311 54 34 the
1842 4312 126 34 Public
1992 4314 34 33 of
2046 4315 106 43 Lyell,
2179 4316 63 34 and
2269 4319 152 34 surround-

1988 4372 154 35 districts.

1692 4468 5 24 i
1715 4468 10 54 |
1742 4462 76 32 iHE
1848 4462 346 42 UNDERSIGNED,
2218 4466 122 44 having
2366 4480 55 31 pur-

1795 4518 119 35 chased
1930 4521 55 32 the
2001 4520 149 35 business
2164 4522 120 34 known
2307 4536 36 22 as
2365 4526 77 34 Wm

1690 4575 147 34 Brown's
1853 4577 84 33 Boot
1955 4577 99 44 Shop,
2072 4579 103 43 Lyell,
2192 4591 26 22 is
2234 4583 158 42 prepared
2410 4589 32 28 to

1689 4633 58 32 sell
1761 4633 54 33 the
1831 4634 105 34 whole
1949 4636 36 32 of
1994 4636 50 33 his
2055 4637 152 33 LARGE
2220 4640 64 31 and
2298 4641 115 33 WELL-

1688 4689 230 33 ASSORTED
1938 4692 148 40 STOCK,
2103 4694 36 32 of
2150 4694 112 35 Men's
2277 4697 166 35 Women's

1690 4746 64 34 and
1790 4746 205 37 Children's
2025 4751 101 35 Boots
2156 4753 65 34 and
2260 4755 112 41 Shoes,
2411 4762 31 29 at

1690 4805 104 44 prices
1823 4812 32 28 to
1882 4809 65 33 suit
1970 4809 55 33 the
2049 4810 107 40 times,
2180 4812 64 33 and
2269 4814 101 43 hopes
2400 4816 43 43 by

1691 4863 122 33 careful
1834 4866 160 32 attention
2011 4872 32 27 to
2067 4868 158 42 business,
2249 4875 32 29 to
2305 4874 97 32 merit
2425 4885 18 21 a

1689 4920 62 35 fair
1767 4920 93 36 share
1877 4922 35 34 of
1924 4923 108 44 public
2048 4929 188 40 patronage.

1731 4988 52 33 All
1800 4990 99 42 goods
1914 4991 137 34 marked
2066 4993 32 32 in
2116 4993 88 45 plain
2221 4995 130 44 figures.

1731 5059 155 31 N.B.—A
1902 5059 87 44 large
2006 5061 118 43 supply
2140 5063 35 32 of
2188 5064 106 33 North
2318 5067 124 34 British

1691 5117 87 32 Gum
1804 5115 111 40 Boots,
1940 5118 64 32 and
2029 5119 80 32 Own
2134 5120 100 34 Make
2258 5124 37 31 of
2318 5125 104 34 Water-

1691 5172 100 42 tights
1807 5172 121 44 always
1944 5184 42 22 on
2002 5173 99 35 hand.

1731 5228 136 43 Repairs
1882 5231 112 43 neatly
2010 5234 167 34 executed.

1895 5322 83 35 Note
1994 5323 54 35 the
2065 5325 160 37 Address:

1824 5378 240 49 JOHN
2120 5383 98 48 811
2241 5386 198 60 OWN,

1832 5454 83 35 Boot
1932 5457 64 33 and
2015 5458 201 37 Shoemaker
2232 5463 65 35 and

1976 5516 175 42 Importer.

1729 5568 84 31 Next
1830 5568 78 34 door
1925 5575 31 28 to
2006 5572 110 34 Times
2284 5579 106 43 Lyell.

1728 5659 196 37 TOWLE'S
1942 5664 302 39 PENNYROYAL
2258 5672 23 32 &
2296 5673 146 35 STEEL

1687 5706 128 33 PILLS
1832 5706 85 35 lOR
1934 5710 213 38 FEMALES
2166 5717 132 42 quickly
2321 5729 120 27 correct

1686 5752 42 31 all
1744 5753 239 42 irregularities,
2001 5759 65 31 and
2082 5760 117 34 relieve
2223 5764 55 32 the
2295 5765 128 34 distress-

1686 5798 55 41 ing
1757 5803 183 39 symptoms
1955 5812 35 24 so
2007 5805 168 42 prevalent
2194 5809 76 34 with
2297 5811 54 35 the
2375 5825 64 22 sex.

1685 5845 105 30 Boxes
1808 5846 32 31 Is
1933 5849 64 32 and
2014 5852 35 30 2s
2065 5852 63 40 9d.,
2152 5859 31 27 ot
2206 5857 43 31 all
2266 5858 174 35 Chemists.

1688 5889 156 42 Prepared
1861 5892 77 41 only
1955 5893 43 43 by
2021 5896 39 31 E.
2079 5898 35 32 T.
2135 5899 120 40 Towle,
2280 5903 159 40 Chemist,

1686 5934 227 42 Nottingham,
1938 5939 165 41 England.
2150 5945 183 37 Wholesale
2350 5950 33 33 of
2397 5951 42 33 all

1684 5981 54 33 the
1762 5981 183 37 Wholesale
1970 5986 140 37 Houses.
2156 5992 133 35 Beware
2314 5998 35 30 of
2373 5998 40 32 Il-

1682 6028 131 34 lations,

2607 277 452 79 Newman's

2453 412 246 70 ROYAL
2756 419 204 70 TV£AIL
3015 424 68 72 L
3102 425 111 34 IX£

2691 525 57 33 OF
2772 527 212 38 COACHES

2497 636 15 30 I
2521 638 272 33 ifuicß-Weekly
2825 642 145 35 Sei:vi<;e
2998 647 170 35 Betweln

2556 692 124 42 Lyell,
2699 694 47 33 Re
2751 705 61 23 eft
2816 707 41 22 on
2873 709 68 23 ani>
2956 701 150 36 Nelson.

2453 802 113 35 Leave-
2591 804 95 43 LyeM
2709 808 49 32 lor
2782 809 123 35 Xelsoii
2926 824 98 34 every
3051 817 165 42 Tuesday.

2455 859 174 44 Thursday
2639 863 64 33 and
2718 864 175 46 Saturday,
2907 873 34 30 at
2954 872 74 33 2.30
3041 884 91 32 p.m.,
3147 879 65 30 and

2455 915 96 44 Lyell
2566 917 48 33 for
2633 919 163 44 Westport
2812 924 66 33 and
2895 925 150 45 Reefton,
3069 942 42 23 on
3130 932 58 35 Sun-

2455 972 75 44 day,
2548 974 208 47 Wednesday
2774 979 64 33 and
2857 981 132 47 Friday,
3000 992 34 27 at
3048 989 73 32 9.30
3135 1000 79 23 a.m.

2457 1076 197 43 Passengers
2686 1080 120 34 bookeJ
2846 1083 50 34 for
2932 1086 179 45 Hampden
3150 1096 65 30 and

2601 1135 95 32 other
2711 1138 229 35 intermediate
2958 1143 121 41 places.

2664 1226 156 35 Booking
2846 1231 143 35 Offices
3004 1244 6 24 :

2460 1292 164 44 Westport
2940 1301 157 37 Gilmer's
3115 1305 104 35 Hotel

2460 1348 139 35 Reefton
2690 1377 33 8 ...
2815 1380 33 7 ...
2891 1356 209 38 Stevenson's
3117 1364 102 34 Hotel

2460 1406 124 34 kelson
2953 1415 148 38 Masonic
3117 1420 101 36 Hotel

2501 1520 53 34 All
2568 1523 127 41 parcels
2713 1529 88 30 must
2816 1526 37 33 be
2873 1531 146 40 prepaid,
3043 1534 176 35 otherwise

2619 1578 81 45 they
2714 1580 66 34 will
2796 1581 38 35 be
2850 1583 58 35 left
2925 1584 135 39 behind.

2848 1651 44 32 H.
2919 1653 218 45 NEWMAN,

2979 1701 188 43 Proprietor

2871 1902 19 18 ©
2905 1900 26 13 +=
2954 1896 22 19 Q

2861 1926 29 20 rS
2914 1927 18 16 03
2945 1918 31 29 £

2902 1948 33 21 XX

2872 1983 19 21 rj

2872 2010 19 15 o
2912 1998 21 18 v
2954 2000 21 19 ©

2955 2048 19 23 fl

2873 2068 19 18 03
2914 2076 19 17 a
2956 2075 18 16 o

2874 2078 59 34 ®.s
2955 2094 29 23 P<
3003 2095 5 20 I

2904 2131 29 15 i—
2955 2120 20 28 2
2987 2110 29 38 J,

2904 2135 29 19 r3
2955 2140 19 19 a
2987 2139 29 17 tH

2874 2151 28 34 £>
2915 2157 18 23 fl
2956 2155 19 25 So
2997 2159 20 19 C

2821 2506 19 37 a

2679 2582 162 60 g^r~

2681 2627 160 35 £h-^

2680 2656 18 21 s
2715 2663 52 23 ->
2782 2659 19 18 ©
2823 2655 18 23 2

2660 2672 182 44 :©PCh3/S

2782 2720 19 20 O

2782 2744 19 17 O
2824 2749 19 19 eg

2681 2841 18 29 £
2712 2842 12 18 h
2724 2841 44 29 ~—'
2824 2846 19 17 ©

2682 2853 120 46 Sl.h-2
2824 2867 19 17 «

2682 2897 18 15 QC
2783 2888 12 24 C
2807 2888 12 24 3
2831 2888 12 24 ®

2682 2917 18 17 <D
2713 2919 56 18 h—(
2784 2931 16 4 -

2660 2930 184 78 =^Js

2712 2997 91 44 £QS
2824 3001 20 40 3

2713 3072 57 17 l-T-<
2825 3059 19 17 0

2712 3072 58 50 K
2824 3081 20 46 §

2714 3127 57 46 H
2825 3131 19 35 2

2714 3175 57 35 <V
2825 3193 19 17 o

2918 2531 19 19 o
2960 2526 18 20 cs

2867 2553 71 33 .20
2966 2548 4 38 I
3001 2559 20 22 o

2869 2846 29 22 r3
3004 2850 19 19 08

2872 2868 35 47 t
2911 2870 31 31 M
2952 2862 30 50 C
3003 2886 21 16 ®
3065 2900 33 15 _

2963 2916 19 19 o
3003 2900 97 57 §l_l

2915 2945 25 14 +3
3004 2948 18 11 rH
3036 2947 54 11 Mi

2870 2966 32 43 ■s
2922 2962 103 57 &1-
3067 2982 35 37 n

2874 3056 26 13 -p
3036 3050 9 22 I

2881 3072 19 17 o
2964 3069 20 18 ©
3038 3062 62 29 L.J

2881 3093 37 21 c
2955 3093 37 21 3

2923 3113 18 15 CE
3005 3116 19 14 !_
3038 3123 25 6 _
3071 3121 29 17 —|

2881 3133 19 20 P
3006 3136 18 15 03
3051 3142 32 10 -r-
3092 3129 8 23 I

2881 3155 19 47 §
2923 3157 19 35 3
2955 3161 29 38 3
3006 3146 95 52 gR

2872 3206 28 17 m
2923 3204 19 25 £
2955 3204 29 29 •£
3006 3201 19 21 <£
3038 3203 62 22 I——

2881 3245 61 32 «°
3038 3210 64 67 z

3036 3250 66 38 rH

2882 3300 19 19 O
2966 3302 18 17 03

2881 3323 21 18 O

2871 3345 113 39 «2a

2881 3395 21 33 S
2924 3406 61 22 c«

2872 3430 30 14 ■—T*
2913 3432 30 11 -i-t
2966 3428 19 15 Cfi

2497 3575 135 45 NEW
2683 3577 163 47 CHUM
2891 3582 322 61 BUTCHERY,

2727 3686 258 41 LIELL.

2589 3822 245 52 JAMBS
2897 3826 218 61 EDGE,

2474 3910 106 71 w
2590 3911 175 33 HOLES
2773 3913 101 33 ALE
2919 3916 95 33 AND
3069 3918 170 36 RETAIL

2653 4014 405 43 BUTCHER.

2475 4146 117 33 Hotels
2609 4147 65 33 and
2690 4148 157 35 Families
2871 4151 120 35 waited
3018 4165 42 23 on
3078 4155 95 46 Daily
3190 4158 49 35 for

2793 4207 133 35 Orders.

2538 4319 89 34 Meat
2644 4320 175 36 Delivered
2843 4327 32 29 to
2892 4323 43 34 all
2959 4330 90 39 parts
3065 4329 32 33 of
3123 4330 55 35 the

2785 4381 150 36 District.

2478 4501 141 38 NEW
2674 4503 184 38 CHUM
2909 4507 331 53 BUTCHERY,

2558 4576 154 43 Opposite
2725 4578 183 37 Alhambra
2922 4582 112 40 Hotel,
3053 4584 103 45 Lyell.

2500 4680 152 44 POST
2704 4683 233 47 OFFICE
2991 4690 226 56 HOTEL,

2725 4758 267 41 LYELL.

2537 4874 267 49 peter
2843 4879 338 56 mangos

2483 4950 165 80 BEGS
2674 4957 32 27 to
2723 4953 123 33 inform
2871 4956 52 32 his
2946 4960 123 31 Iriends
3095 4964 66 31 and
3187 4968 55 30 the

2602 4996 110 44 public
2740 4998 74 35 that
2844 5000 51 35 his
2920 5013 72 25 new
3018 5009 225 38 commodious

2683 5056 103 33 Hotel
2802 5059 27 31 is
2845 5070 75 22 now
2937 5073 96 31 open.

2476 5146 182 34 Travellers
2683 5149 65 33 and
2772 5151 130 33 visitors
2925 5157 34 29 to
2982 5155 66 34 this
3071 5160 156 35 establish

2517 5221 93 29 ment
2625 5217 67 34 will
2707 5217 69 35 find
2792 5219 86 35 their
2890 5223 141 36 comfort
3041 5227 65 34 and
3123 5240 55 23 con-

2558 5284 157 33 venience
2728 5286 200 46 thoroughly
2942 5293 155 34 attended
3114 5301 43 28 to.

2476 5376 68 33 The
2561 5376 176 36 bedrooms
2765 5391 54 23 are
2831 5382 94 44 lofty,
2943 5384 65 34 and
3025 5388 74 32 well
3116 5390 124 43 lighted

2720 5437 65 33 and
2811 5440 190 35 ventilated.

2516 5550 248 35 Comfortable
2800 5555 153 35 Parlors
2986 5569 66 23 and
3078 5562 101 35 First-

2737 5619 98 26 class
2858 5612 124 38 Table.

2474 5699 70 35 The
2561 5701 67 34 Bar
2643 5703 28 33 is
2688 5705 135 36 stocked
2837 5708 79 34 with
2934 5710 87 42 i\.les,
3036 5713 125 43 Wines,
3179 5721 64 32 aiu]

2538 5763 119 44 Spirits
2673 5767 35 31 of
2728 5772 202 37 guaranteed
2952 5772 124 37 brands
3092 5778 89 45 only.

2513 5856 29 32 A
2563 5857 175 36 first-class
2765 5867 222 33 s:xteen-stall
3003 5870 106 34 stable
3125 5873 89 33 iscon-

2472 5913 118 32 nected
2608 5915 80 32 with
2709 5917 65 32 this
2793 5919 102 35 hotel.

2776 5986 151 38 PETER
2958 5993 202 42 MANGOS,

2999 6063 187 43 Proprieor.
