2529 4060
1246 41 99 35 THE

62 101 461 139 NEW
625 101 878 132 ZEALAND
1608 101 858 139 GAZETTE

1216 261 103 33 AND

62 294 1146 142 WELLINGTON
1323 294 1147 142 SPECTATOR.

592 486 220 37 PUBLISHED
858 485 132 38 EVERY
1034 481 260 42 WEDNESDAY
1336 484 87 37 AND
1470 484 228 38 SATURDAY
1743 485 207 38 MORNING.

612 602 130 32 PORT
765 602 287 38 NICHOLSON,
1074 598 260 37 SATURDAY
1354 600 240 40 MORNING,
1614 602 176 33 MARCH
1813 607 52 34 26,
1889 607 89 30 1842.

2283 605 99 42 [Vol.
2403 605 48 32 11.

87 609 64 32 No.
169 607 86 41 127.]

896 694 52 20 For
962 693 70 21 Sale.

784 727 93 50 THE
888 727 43 22 fine
948 727 44 21 fast
1002 726 80 27 sailing
1097 728 74 20 cutter
1182 726 74 20 Cathe~

872 755 45 19 rine
934 755 108 25 Johnston,
1068 753 67 21 about
1159 753 24 21 15
1207 756 51 18 tons

660 778 2 35 j
686 778 93 35 jSS?^
799 781 101 28 burthen,
928 781 91 28 Sydney
1042 780 64 25 built,
1136 779 45 21 and
1207 778 51 22 well

673 803 109 32 fjjrr*?'
798 809 77 21 found.
905 809 43 21 She
956 808 39 22 has
1005 807 84 28 proved
1099 806 86 22 herself
1192 812 14 15 a
1213 806 44 22 fine

800 843 39 14 sea
856 836 59 25 boat,
931 835 84 25 having
1033 833 65 22 made
1114 833 38 21 the
1173 840 85 20 voyage

670 863 57 22 from
742 863 91 27 Sydney
847 866 23 17 to
889 861 124 23 Auckland.
1042 860 44 21 For
1103 859 88 22 further
1208 866 50 21 par-

670 890 95 27 ticulars,
777 891 66 26 apply
856 893 23 17 to

799 923 123 25 Wallace,
938 921 93 26 White,
1047 920 44 22 and
1105 920 125 22 Wallace.

698 957 144 27 Wellington,
851 955 79 23 March
940 957 34 24 21,
986 956 61 20 1842.

795 1000 98 21 Notice
908 1001 29 20 to
953 999 177 27 Consignees.

809 1039 91 33 npHE
910 1039 199 22 undermentioned
1117 1039 111 28 packages
1235 1039 25 21 of

691 1070 88 29 ■AffljK*
816 1061 30 26 JL
892 1066 161 27 merchandize,
1075 1073 28 15 ex
1122 1068 54 19 New
1199 1067 59 20 York

821 1094 86 25 Packet,
919 1101 36 14 are
965 1093 133 27 unclaimed,
1110 1093 43 22 and
1164 1093 61 27 lying
1234 1097 22 17 at

668 1119 38 21 the
723 1120 72 20 Stores
811 1120 24 22 of
849 1121 89 22 Messrs.
955 1120 63 27 Hort,
1032 1120 106 27 Mocatta,
1155 1120 45 22 and
1216 1120 38 22 Co.

669 1146 47 21 The
727 1145 134 29 Consignees
875 1155 37 14 are
924 1147 118 29 requested
1056 1152 23 17 to
1088 1148 56 21 send
1152 1147 34 22 for
1195 1147 60 22 them

669 1173 158 25 immediately.

734 1199 42 22 HC

711 1229 44 20 Ito
778 1230 28 19 20
824 1242 5 7 .
837 1243 5 6 .
860 1230 27 20 20
896 1228 70 28 casks,

696 1256 26 20 21
733 1256 22 19 to
766 1256 39 21 115
823 1270 6 6 .
837 1270 5 6 .
860 1256 26 21 95
896 1263 68 14 cases.

782 1289 77 27 Hort,
875 1289 121 27 Mocatta,
1012 1288 44 22 and
1071 1290 46 26 Co.,
1133 1290 95 26 Agents.

880 1341 73 21 THIS
969 1341 75 21 DAY.

669 1375 156 26 Important
835 1376 28 19 to
874 1374 91 26 newly
974 1374 106 21 arrived
1088 1375 165 27 Emigrants.

671 1407 89 49 MR.
778 1407 84 22 JOHN
877 1407 94 22 WADE
985 1407 40 22 has
1036 1407 37 22 the
1084 1407 86 23 honour
1181 1412 23 18 to
1216 1416 40 14 an-

754 1441 89 15 nounce
864 1434 48 21 that
927 1435 28 21 he
972 1434 44 21 will
1039 1435 81 21 submit
1144 1439 22 17 to
1181 1435 75 28 public

670 1462 96 26 auction,
789 1469 29 14 on
836 1461 107 27 Saturday
959 1465 60 22 next,
1039 1461 80 23 March
1137 1463 36 26 26,
1190 1466 23 18 at
1223 1462 33 22 his

870 1489 80 26 Stores,
961 1488 32 22 Te
1005 1489 54 26 Aro,

669 1524 28 20 20
713 1522 205 23 ALLOTMENTS
934 1522 39 21 OF
988 1522 87 22 LAND
1087 1522 35 22 IN
1138 1522 117 22 WADE'S

910 1548 101 23 TOWN.

673 1583 60 26 Also,
745 1591 14 14 a
774 1591 55 20 very
844 1586 52 18 neat
911 1590 95 15 wooden
1023 1590 109 19 cottage,
1144 1583 79 22 situate
1233 1583 23 22 in

672 1610 87 22 Wade's
769 1610 78 22 Town.
870 1611 14 19 '1
890 1610 34 22 his
934 1610 43 22 will
988 1610 28 21 be
1026 1609 48 23 sold
1085 1611 70 21 either
1166 1610 91 22 without

671 1637 37 21 the
720 1637 51 21 land
781 1638 85 26 subject
877 1641 21 17 to
913 1645 13 13 a
939 1637 114 21 moderate
1068 1637 87 27 ground
1166 1641 55 21 rent,
1233 1644 25 14 or

671 1665 52 21 with
733 1665 56 21 from
800 1664 49 22 half
861 1672 28 13 an
906 1671 49 15 acre
973 1667 22 18 to
1013 1671 28 14 an
1059 1672 49 14 acre
1119 1664 45 22 and
1175 1663 50 22 half
1235 1664 26 22 of

670 1692 54 21 land
734 1691 105 22 attached
856 1695 22 17 to
892 1691 24 26 it,
927 1695 23 17 at
960 1698 14 14 a
990 1698 54 19 very
1054 1691 112 22 extended
1180 1691 76 22 credit.

671 1718 48 22 The
743 1718 54 22 land
812 1717 87 28 adjoins
917 1717 144 27 Wellington,
1084 1718 43 21 and
1146 1718 63 21 abuts
1228 1726 28 13 on

673 1745 141 26 Park-street,
826 1745 45 21 and
887 1745 39 21 has
941 1752 13 14 a
970 1752 69 14 never
1055 1745 78 26 failing
1148 1745 78 28 supply
1236 1745 25 21 of

671 1780 54 20 pure
739 1776 68 18 water
825 1779 29 14 on
871 1772 23 23 it,
906 1771 44 22 and
964 1778 14 14 a
994 1778 54 20 very
1065 1772 75 26 tastily
1156 1772 44 21 laid
1221 1776 37 17 out

671 1799 90 26 garden.
790 1799 48 21 The
847 1798 73 28 public
931 1806 36 14 are
978 1798 86 22 invited
1080 1802 23 18 to
1118 1799 87 26 inspect
1215 1799 43 21 this

672 1830 102 23 property
790 1826 29 27 by
837 1825 132 28 application
985 1828 22 18 to
1023 1825 38 22 the
1079 1826 130 27 proprietor,
1228 1827 28 20 A.
1265 1832 2 25 j

672 1853 62 26 Reid,
747 1853 52 28 Esq.
1265 1862 2 24 j

920 1879 63 26 Also,
995 1886 14 14 a
1265 1877 2 26 j

673 1913 169 22 VALUABLE
870 1912 186 22 LEASEHOLD
1086 1912 170 28 PROPERTY,

934 1950 55 18 next

672 1974 55 21 door
735 1976 23 18 to
768 1974 37 21 the
823 1974 73 21 Stores
913 1974 25 21 of
950 1973 90 21 Messrs.
1053 1973 106 26 Wallace,
1174 1973 81 27 White,

672 2001 45 21 and
732 2001 107 24 Wallace,
855 2007 50 14 now
922 2000 52 27 kept
990 2007 24 14 as
1032 2007 12 13 a
1062 2000 149 22 coffee-house
1228 2001 30 26 by

672 2027 81 20 Afpo=rc
775 2026 81 27 iVynth
875 2034 18 13 ai
897 2026 19 16 >fl
933 2027 30 20 Co
992 2026 78 21 *vitl»<;»
1089 2034 54 19 very
1160 2027 58 21 *hrlv
1220 2027 5 10 ;
1235 2043 7 6 .,
1243 2046 12 8 v
1265 2037 2 4 *

906 2053 108 21 business.

698 2079 52 22 This
759 2082 104 25 property
870 2079 18 21 is
897 2079 65 22 taken
973 2079 34 21 for
1018 2081 26 19 10
1053 2086 63 21 years
1126 2083 24 17 at
1160 2080 47 22 £30
1218 2088 38 19 per

670 2114 64 20 year;
752 2110 49 23 part
810 2107 26 21 of
848 2106 70 21 which
931 2107 19 20 is
966 2106 83 21 sub-let
1062 2107 33 20 for
1105 2107 43 21 £31
1163 2109 43 19 10s.
1217 2115 39 20 per

717 2140 90 20 annum,
818 2133 90 26 leaving
919 2133 36 21 the
966 2133 94 26 original
1071 2133 137 22 leaseholder

847 2166 94 22 RENT
969 2166 103 22 FREE.

698 2201 46 21 The
754 2201 71 21 house
840 2201 19 21 is
874 2201 26 20 32
910 2201 44 21 feet
964 2201 29 26 by
1004 2202 33 24 24,
1050 2200 96 22 weather
1159 2201 97 22 boarded

671 2229 44 21 and
738 2227 109 27 shingled,
869 2227 43 21 and
936 2228 102 26 occupies
1057 2235 13 13 a
1092 2229 106 21 situation
1223 2229 33 21 for

670 2255 102 21 business
783 2254 82 22 second
877 2258 21 17 to
908 2262 59 14 none
976 2255 23 20 in
1012 2254 143 27 Wellington.

698 2282 94 21 Persons
802 2282 97 21 desirous
910 2282 24 21 of
941 2281 125 28 inspecting
1073 2281 61 22 these
1142 2283 113 26 premises,

671 2309 42 21 will
724 2314 36 21 get
776 2316 29 14 an
823 2308 64 22 order
903 2312 21 18 to
941 2308 28 22 do
985 2316 23 13 so
1026 2309 28 26 by
1065 2309 105 27 applying
1186 2312 23 18 to
1220 2309 36 21 the

671 2336 144 22 Auctioneer.

930 2370 63 19 ALSO,

787 2397 21 21 A
825 2396 102 22 HOUSE
945 2396 68 21 AND
1033 2395 106 28 LEASE,

670 2431 79 22 situate
766 2438 28 14 on
810 2430 121 22 Thorndon
948 2430 57 27 Flat,
1016 2433 23 18 at
1053 2434 89 24 present
1152 2431 106 28 occupied

670 2458 29 27 by
710 2458 42 21 Mr.
765 2458 84 21 Miller.
877 2458 46 21 The
939 2458 54 21 land
1008 2458 18 20 is
1036 2458 27 21 30
1073 2458 45 21 feet
1132 2458 23 21 in
1165 2458 60 21 front
1235 2462 21 18 to

671 2485 201 27 Mulgrave-street,
884 2484 50 22 with
946 2493 13 13 a
969 2484 68 28 depth
1047 2485 27 20 of
1079 2486 40 20 200
1130 2485 51 21 feet.
1211 2485 45 22 The

670 2512 58 21 lease
743 2519 20 14 is
779 2512 34 21 for
824 2514 25 19 14
859 2519 69 19 years,
940 2512 26 21 of
978 2511 73 22 which
1066 2519 42 14 one
1124 2511 20 22 is
1159 2512 97 27 expired.

670 2539 47 22 The
727 2538 68 23 house
805 2538 19 21 is
835 2538 211 26 weather-boarded,
1057 2538 52 21 with
1119 2546 14 13 a
1142 2538 51 22 zink
1201 2539 55 27 roof,

670 2567 25 21 25
706 2566 25 21 ft.
746 2568 14 19 6
774 2566 30 21 in.
815 2566 30 26 by
855 2567 25 20 21
891 2566 52 27 feet,
960 2566 46 21 and
1020 2566 102 21 contains
1133 2566 34 21 six
1176 2573 80 14 rooms.

764 2599 78 23 Terms
843 2611 27 4 —
870 2601 19 26 3,
901 2601 44 21 and
954 2603 13 19 6
977 2600 97 22 menths'
1086 2600 76 22 credit.

881 2652 73 22 THIS
969 2652 75 22 DAY.

698 2687 154 26 Important
871 2688 28 19 to
919 2686 130 21 Families
1074 2686 56 21 and
1151 2686 105 21 Parties

672 2714 123 20 desirous
821 2714 31 20 of
876 2714 167 26 purchasing
1067 2714 188 26 Agricultural

671 2746 30 15 or
715 2741 139 21 Domestic
868 2741 129 24 Articles,
1011 2743 29 18 at
1058 2741 59 20 first
1132 2742 68 19 cost.

672 2773 90 49 MR.
778 2774 86 22 JOHN
879 2773 93 23 WADE
987 2773 39 22 has
1037 2773 37 23 the
1089 2774 87 22 honour
1185 2777 22 19 to
1218 2781 38 15 an-

743 2808 87 14 nounce
842 2801 47 21 that
898 2801 27 21 he
936 2801 44 21 will
991 2801 40 21 sell
1042 2801 28 27 by
1077 2801 75 27 public
1159 2801 95 26 auction,

671 2827 44 22 this
729 2827 51 28 day,
799 2828 114 27 Saturday,
924 2828 153 27 immediately
1091 2828 58 22 after
1163 2827 37 23 the
1211 2828 45 22 sale

888 2855 25 21 of
926 2858 112 24 property,

685 2888 14 14 A
712 2888 83 15 VARIED
809 2888 47 15 AND
871 2888 80 15 CHOICE
966 2888 140 16 COLLECTION
1122 2889 27 15 OF
1164 2889 77 20 GOODS,

866 2908 121 27 consisting
997 2908 35 22 of:
1033 2919 30 5 —

699 2933 50 27 Gin,
760 2934 94 27 brandy,
861 2935 74 26 claret,
943 2935 83 21 bottled
1037 2935 68 27 cider,
1114 2935 86 27 raisins,
1212 2939 42 23 tea,

670 2961 57 26 beef,
737 2962 63 27 pork,
811 2961 92 28 pickles,
914 2961 46 23 and
969 2962 70 22 about
1053 2964 24 20 15
1087 2965 51 19 tons
1148 2963 25 21 of
1184 2963 42 22 salt
1235 2963 21 21 in

671 2988 60 27 bags.

865 3015 189 28 FURNITURE,

672 3041 122 28 Consisting
810 3042 27 21 of
847 3050 52 19 easy
915 3043 78 27 chairs,
1005 3043 47 21 iron
1067 3043 125 28 bedsteads,
1209 3050 47 15 sea-

672 3069 67 21 soned
764 3069 102 27 feathers,
886 3072 87 25 cottage
997 3072 73 25 grates
1093 3071 45 21 and
1160 3071 94 24 fenders,

670 3099 72 19 stoves
750 3096 45 22 and
801 3097 83 27 piping,
892 3103 65 20 camp
967 3097 73 26 stools,
1049 3097 63 22 chest
1120 3097 25 22 of
1153 3097 101 28 drawers,

726 3123 64 27 night
799 3123 71 22 tables
880 3124 43 21 and
933 3123 71 22 frame
1014 3123 192 28 looking-glasses.

842 3156 244 29 IRONMONGERY,

672 3183 122 28 Consisting
814 3184 28 21 of
852 3184 67 21 coach
936 3184 44 22 and
1002 3184 64 22 wood
1084 3192 86 20 screws,
1186 3185 68 28 spike,

670 3210 92 28 shingle,
776 3215 45 17 and
838 3211 44 21 fine
897 3210 59 29 clasp
967 3211 63 27 nails,
1045 3215 77 25 patent
1138 3213 31 21 tin
1185 3212 69 27 tacks,

670 3238 39 26 pit,
725 3240 114 24 cross-cut,
851 3238 43 21 and
911 3238 60 22 hand
986 3245 62 20 saws,
1066 3239 125 28 pad-locks,
1203 3239 53 22 door

671 3264 90 26 Jatches,
773 3264 100 28 ploughs,
884 3264 66 28 vices,
961 3266 99 27 drawing
1076 3266 86 26 knives,
1178 3266 76 27 sieves,

672 3290 80 22 Bristol
762 3292 74 26 chain,
847 3292 85 21 smith's
950 3292 96 26 bellows,
1058 3293 68 26 anvil,
1138 3292 44 22 and
1195 3294 61 26 forge

670 3317 64 27 back,
752 3318 118 21 Britannia
885 3319 67 21 metal
973 3323 38 17 tea
1025 3320 44 22 and
1087 3319 61 22 table
1164 3327 90 20 spoons;

760 3345 54 26 also,
826 3352 29 14 an
865 3349 130 18 assortment
1005 3347 25 20 of
1041 3354 45 14 tin-
1092 3354 73 14 ware.

699 3370 155 23 Gentlemen's
871 3372 141 28 Wellington,
1023 3373 105 26 Blucher,
1140 3373 44 23 and
1197 3373 58 23 cloth

670 3398 69 27 boots,
750 3401 77 25 patent
836 3398 83 23 leather
927 3406 80 21 pumps
1018 3400 45 22 and
1073 3400 68 28 clogs,
1152 3401 104 22 women's

670 3425 61 21 boots
748 3425 45 21 and
807 3426 77 26 shoes;
905 3426 53 27 also,
970 3434 13 14 a
999 3427 108 28 complete
1124 3432 132 18 assortment

671 3452 27 21 of
721 3452 120 22 children's
858 3452 69 28 shoes,
948 3453 84 28 gloves,
1053 3454 123 27 nankeens,
1197 3455 58 21 table

670 3486 83 20 covers,
775 3479 170 23 handkerchiefs
973 3480 46 22 and
1046 3481 87 26 shawls,
1160 3481 94 32 hosiery,

668 3506 73 27 pieces
752 3506 26 22 of
789 3506 59 22 Irish
856 3506 53 27 long
919 3506 67 28 cloth,
997 3507 50 21 drill
1058 3508 44 22 and
1110 3507 68 23 white
1188 3508 65 27 duck,

670 3534 10 20 1
698 3532 62 29 piece
775 3533 80 26 tweed,
868 3535 9 19 1
896 3534 35 22 do.
947 3534 110 27 superfine
1072 3535 79 21 Welsh
1166 3534 88 28 flannel,

745 3560 129 27 umbrellas,
884 3560 57 27 hats,
951 3561 76 28 plated
1037 3561 45 23 and
1089 3563 92 21 beaver.

858 3594 207 28 STATIONERY,

668 3620 75 23 Letter
750 3628 76 21 paper,
836 3622 170 21 memorandum
1015 3622 46 22 and
1070 3626 97 19 account
1174 3622 78 23 books.

695 3648 91 22 Saddles
796 3648 46 23 and
856 3648 82 23 bridles
955 3649 117 28 complete,
1082 3649 92 23 bullock
1184 3649 69 27 yokes

667 3675 45 22 and
725 3675 68 27 bows,
811 3677 10 20 1
838 3675 69 29 prime
929 3675 100 28 working
1043 3676 105 27 bullock;
1170 3677 53 26 also,
1241 3678 10 19 1

666 3702 52 22 blue
726 3709 54 20 gum
790 3702 62 28 dray,
863 3702 68 27 prime
941 3702 46 23 sole
997 3702 45 22 and
1052 3704 39 27 kip
1100 3703 92 27 leather,
1201 3710 52 15 can-

667 3729 67 22 nister
743 3730 96 27 powder,
851 3731 56 25 shot,
918 3730 44 21 and
972 3730 109 28 muskets;
1097 3732 28 20 90
1134 3729 97 22 fathoms
1241 3731 12 24 I

665 3763 50 15 new
724 3756 96 23 studded
837 3756 64 23 chain
917 3757 70 27 cable,
999 3756 43 23 and
1058 3760 10 20 1
1086 3756 96 23 finished
1191 3756 62 23 brass

666 3782 63 23 cabin
739 3786 70 19 stove.

668 3829 69 49 ON
752 3828 87 26 SALE,
851 3831 22 19 at
883 3827 37 23 the
931 3829 74 21 Stores
1015 3828 25 21 of
1046 3828 36 22 the
1092 3828 159 27 undersigned,

759 3854 153 23 WHALING
928 3855 88 22 GEAR
1029 3855 46 22 and
1088 3855 123 27 STORES,

855 3882 100 27 recently
966 3881 95 22 arrived.

1021 3914 89 23 WII.LTB
1125 3914 45 23 and
1185 3916 39 22 Co.

693 3942 141 27 Wellington,
847 3941 79 23 March
934 3944 19 24 1,
966 3942 60 21 1842.

1421 691 44 22 ON
1484 691 139 23 MONDAY
1640 691 94 23 NEXT.

1286 724 94 23 Public
1394 726 60 21 Sale
1470 727 29 20 at
1512 727 45 19 the
1572 726 68 21 New
1654 726 122 22 Zealand
1792 727 80 21 Com-

1413 753 95 26 pany's
1522 753 100 25 Stores,
1636 753 106 21 Petoni.

1287 783 51 50 IN
1360 793 152 19 consequence
1540 786 26 21 of
1589 786 163 22 unfavourable
1775 786 98 23 weather

1341 812 122 28 yesterday,
1475 812 38 22 the
1520 812 43 28 day
1573 812 117 28 originally
1698 813 66 27 fixed,
1773 814 43 21 this
1827 814 45 21 sale

1287 837 39 22 has
1341 838 56 23 been
1413 839 125 27 postponed
1553 840 56 21 until
1630 840 103 21 Monday
1752 845 61 22 next,
1834 840 37 21 the

1287 864 51 22 28th
1357 866 87 26 March,
1463 866 65 22 when
1547 866 18 21 it
1583 866 43 21 will
1644 866 52 22 take
1714 866 64 28 place
1801 871 24 17 at
1846 868 26 20 12

1288 891 84 22 o'clock
1389 893 115 27 precisely,
1525 900 23 14 as
1571 893 90 27 already
1680 893 133 22 advertised.
1851 894 21 21 A

1287 922 62 21 great
1363 920 84 26 vaiiety
1465 921 25 20 of
1503 919 72 23 useful
1591 920 95 26 articles,
1701 924 37 17 too
1752 927 120 15 numerous

1286 945 19 21 fc
1334 945 37 22 the
1389 953 100 21 compass
1504 946 27 22 of
1546 954 27 14 an
1590 946 179 28 advertisement,
1785 946 45 23 will
1846 947 26 22 be

1286 971 53 28 sol<l,
1348 973 22 21 in
1380 973 99 22 addition
1486 977 23 18 to
1517 974 62 21 those
1589 973 126 27 published.

1491 1007 113 22 Bethune
1618 1007 47 22 and
1679 1007 111 28 Hunter,

1688 1034 156 22 Auctioneers.

1315 1058 141 29 Wellington,
1467 1060 80 22 March
1557 1062 32 25 22,
1601 1062 61 21 1842.

1420 1104 43 22 ON
1479 1105 143 22 TUESDAY
1640 1105 94 22 NEXT.

1338 1138 113 21 Further
1466 1140 213 25 postponement
1698 1139 30 21 of
1746 1140 70 21 Sale.

1286 1171 89 35 qpHE
1390 1171 77 22 SALE
1482 1172 40 21 BY
1537 1172 140 22 AUCTION
1699 1173 26 21 of
1744 1173 128 22 allotments
1879 1171 2 28 |

1293 1194 29 25 -L
1340 1199 22 21 in
1374 1199 75 21 Dixon
1460 1199 78 26 Street,
1548 1199 83 27 having
1640 1199 166 28 inadvertently
1814 1201 57 21 been

1285 1225 125 22 advertized
1425 1225 35 22 for
1474 1226 123 27 yesterday,
1610 1227 67 20 Good
1694 1227 88 27 Friday,
1793 1228 18 20 it
1827 1227 45 22 will

1381 1253 152 27 unavoidably
1542 1253 27 21 be
1579 1253 124 27 postponed
1713 1254 57 21 until

1285 1284 141 23 TUESDAY
1446 1285 93 27 NEXT,
1562 1286 63 21 THE
1646 1287 59 21 29th
1726 1286 144 28 INSTANT,

1491 1317 23 17 at
1525 1314 25 20 12
1561 1313 85 21 o'clock
1656 1321 5 18 ;

1286 1338 61 23 when
1357 1340 19 21 it
1385 1339 44 22 will
1436 1339 117 28 positively
1562 1340 49 21 take
1622 1340 65 27 place
1694 1347 29 14 on
1731 1340 38 22 the
1777 1340 94 27 ground.

1312 1372 166 22 Refreshments
1486 1373 44 22 will
1540 1373 26 22 be
1576 1373 108 28 provided
1693 1377 22 18 at
1721 1374 123 21 Jenkins's.

1540 1407 75 25 Hort,
1632 1407 123 27 Mocatta,
1771 1407 45 22 and
1832 1407 37 22 Co.

1310 1432 33 21 Te
1354 1433 52 24 Aro,
1418 1434 80 21 March
1508 1435 33 25 26,
1555 1436 7 18 1
1569 1435 45 20 842.

1286 1477 52 20 For
1358 1478 45 20 the
1424 1478 102 21 benefit
1547 1479 29 19 of
1596 1479 43 20 the
1665 1479 208 24 Underwriters,

1336 1510 30 14 or
1382 1505 78 20 those
1476 1506 91 20 whom
1583 1505 22 21 it
1619 1511 64 20 may
1699 1512 127 14 concern.

1287 1538 66 48 TO
1374 1537 39 22 BE
1433 1538 78 22 SOLD
1534 1539 40 22 BY
1594 1539 147 27 AUCTION,
1764 1539 106 22 EARLY

1341 1564 33 22 IN
1385 1564 101 26 APRIL,
1498 1565 64 22 THE
1574 1566 85 22 HULL
1671 1566 39 22 OF
1724 1566 64 22 THE
1798 1566 72 22 NEW

1392 1592 127 24 BARQUE

1288 1625 31 21 As
1330 1624 37 22 she
1378 1632 49 14 now
1437 1625 41 22 lies
1483 1634 34 16 .on
1528 1626 36 22 the
1574 1627 65 21 rocks
1649 1631 23 18 at
1682 1627 37 21 the
1734 1630 106 18 entrance
1851 1627 25 21 of

1287 1651 83 22 Melson
1380 1652 89 22 Haven.
1498 1654 32 21 At
1539 1653 37 22 the
1587 1661 60 14 same
1659 1655 53 20 time
1728 1655 45 20 will
1788 1655 28 20 be
1827 1654 45 21 also

1287 1678 46 22 sold
1341 1686 89 15 sundry
1442 1687 82 15 stores
1534 1681 121 27 belonging
1664 1686 22 16 to
1693 1681 37 20 the
1739 1681 48 21 said
1793 1681 77 21 vessel.

1287 1705 44 21 For
1340 1706 129 27 particulars
1479 1707 67 27 apply
1556 1710 22 19 to
1588 1708 46 22 Mr.
1646 1708 106 27 Poynter,
1768 1708 103 26 solicitor,

1289 1731 84 23 Nelson
1384 1733 89 27 Haven,
1485 1741 23 14 or
1519 1738 22 17 to

1544 1761 100 22 Messrs.
1660 1761 90 22 Willis
1764 1761 45 22 and
1824 1761 46 27 Co.,

1609 1788 55 21 Port
1674 1788 132 21 Nicholson.

1289 1831 87 36 ■^OR
1390 1832 85 27 SALE,
1487 1833 28 27 by
1527 1832 37 22 the
1573 1832 177 28 undersigned-—

1313 1884 102 28 Superior
1423 1889 51 23 port
1482 1886 45 22 and
1538 1886 75 27 sherry
1623 1887 25 22 in
1659 1894 67 20 cases,

1312 1911 143 28 Champagne
1465 1913 22 21 in
1500 1914 62 25 ditto,

1313 1937 90 29 Brandy
1413 1940 23 20 in
1447 1944 89 22 quarter
1546 1940 69 26 casks,

1312 1964 45 23 Gin
1367 1966 24 21 in
1402 1965 63 23 hhds.

1289 2001 11 20 ,1
1606 1993 27 23 T.
1647 1994 34 22 M.
1697 1995 145 22 Partridge.

1346 2062 81 20 Flax!
1442 2063 101 21 Flax!!
1559 2069 35 15 ex

1286 2096 87 49 FOR
1383 2096 83 27 SALE,
1475 2101 22 17 at
1505 2096 37 22 the
1554 2097 71 22 Stores
1634 2098 26 21 of
1666 2097 37 21 the
1712 2096 158 28 undersigned,

1356 2124 26 24 6*
1397 2124 79 20 TONS
1498 2124 71 21 NEW
1584 2124 152 22 ZEALAND
1752 2125 92 26 FLAX,

1313 2150 14 19 2
1341 2153 49 18 tons
1400 2150 101 26 cordage,

1312 2178 14 16 4
1341 2181 47 16 tons
1402 2176 43 21 salt
1458 2178 62 26 pork.

1312 2203 54 21 This
1382 2204 66 26 being
1463 2204 38 21 the
1515 2204 82 28 largest
1610 2205 118 22 collection
1741 2205 25 22 of
1779 2205 46 22 flax
1837 2208 38 24 3'et

1285 2229 63 22 made
1365 2230 58 21 since
1435 2234 36 17 tlie
1481 2231 118 22 formation
1615 2233 26 20 of
1653 2232 37 21 the
1705 2232 92 28 Colony,
1810 2233 65 20 oilers

1286 2263 27 14 an
1323 2257 86 27 eligible
1418 2258 140 27 opportunity
1565 2259 25 21 of
1594 2258 102 28 shipping
1703 2267 40 19 per
1753 2260 122 25 Brougham

1287 2288 21 17 to
1319 2283 102 23 London.

1545 2312 35 21 W.
1596 2312 25 22 B.
1637 2313 95 21 Rhodes
1748 2313 44 22 and
1808 2314 39 21 Co.

1287 2354 166 49 JOHNSON
1468 2356 45 22 and
1528 2357 111 21 MOORE
1655 2357 57 21 have
1725 2358 110 26 received,
1848 2366 27 14 ex

1356 2383 86 25 Clifton,
1461 2384 61 26 Lady
1540 2385 73 25 Leigh,
1633 2386 56 19 Mew
1709 2386 57 20 York
1785 2387 87 24 Packet,

1287 2410 85 24 Histers,
1383 2411 37 26 Sfc.
1432 2411 35 26 tyc.
1470 2422 28 5 —

1314 2436 88 23 Double
1411 2438 85 22 refined
1505 2446 71 20 sugar,
1587 2439 45 22 fine
1643 2439 61 22 Siam
1715 2447 73 20 sugar,

1315 2463 80 23 Mould
1413 2465 45 21 and
1477 2473 73 20 sperm
1569 2467 102 27 candles;
1697 2467 70 28 hams,
1788 2467 85 27 cheese,

1287 2490 79 27 butter,
1378 2491 45 22 and
1434 2491 54 28 lard,

1314 2517 80 28 Coffee,
1405 2518 66 22 black
1481 2519 46 22 and
1534 2527 67 20 green
1612 2523 55 24 teas,

1314 2544 74 27 Flour,
1406 2546 52 27 rice,
1479 2547 45 21 fine
1543 2547 122 23 American
1684 2547 97 28 biscuits,
1801 2548 74 22 barrel

1286 2570 57 29 beef,

1314 2598 69 28 Jams,
1405 2599 81 29 jellies,
1515 2601 167 28 confectionery
1691 2609 6 20 ;
1729 2608 77 16 sauces
1830 2602 45 22 and

1287 2625 89 27 pickles,

1314 2653 66 21 Snuff
1393 2653 24 21 in
1437 2655 10 20 1
1458 2653 31 23 lb.
1504 2654 109 28 packages
1628 2655 45 22 and
1684 2655 47 28 jars
1750 2656 125 27 conprising

1286 2678 82 28 brown,
1383 2679 74 28 black,
1474 2683 45 20 and
1538 2683 90 21 scented
1644 2690 100 19 rappees,
1761 2683 112 28 Tonquin,

1287 2705 98 23 Prince's
1394 2707 104 27 mixture,
1510 2708 134 23 Hardham's
1654 2711 34 24 37,
1696 2709 40 21 &c.

1314 2733 21 21 A
1345 2733 61 28 large
1416 2738 131 18 assortment
1557 2735 24 21 of
1588 2736 88 27 hosiery
1687 2737 21 20 of
1718 2735 30 22 all
1757 2735 75 28 kinds,

1315 2760 148 22 Mousselaine
1479 2762 28 22 de
1524 2762 77 27 lames,
1621 2763 67 21 black
1706 2763 42 21 silk
1764 2763 111 22 handker-

1287 2785 77 29 chiefs,

1314 2815 114 27 Superfine
1437 2814 53 23 blue
1500 2815 60 22 cloth
1567 2815 94 28 jackets,

1314 2841 21 21 A
1346 2845 101 24 quantity
1458 2843 26 20 of
1494 2842 54 27 pilot
1557 2843 106 28 clothing,
1675 2843 96 29 monkey
1777 2843 95 28 jackets,

1314 2868 105 22 Blankets
1434 2868 44 23 and
1494 2877 59 20 rugs,
1565 2870 84 22 leather
1664 2878 52 20 caps
1734 2872 80 27 (cheap
1830 2873 44 20 and

1287 2893 109 29 durable),

1314 2921 84 23 Gent's,
1407 2923 65 21 boots
1482 2923 44 22 and
1535 2923 69 28 shoes,
1616 2925 72 21 men's
1697 2928 78 24 strong
1784 2925 35 22 do.
1837 2925 36 22 do.

1313 2949 124 22 Children's
1460 2950 63 22 boots
1545 2951 45 22 and
1613 2952 66 21 shoes
1688 2959 6 19 ;
1719 2959 14 14 a
1750 2953 43 21 few
1816 2952 59 28 good

1287 2975 143 23 Mackintosh
1441 2984 71 21 capes,
1524 2978 40 21 &c.

1314 3002 161 29 Ironmongery
1491 3005 26 21 of
1528 3005 29 21 all
1571 3004 73 28 kinds,
1656 3005 115 27 including
1786 3013 14 14 a
1814 3005 60 28 large

1287 3034 131 18 assortment
1440 3033 26 19 of
1486 3032 86 27 boilers,
1590 3039 130 21 saucepans,
1745 3038 53 16 stew
1809 3040 63 20 pans,

1286 3055 86 28 kettles,
1383 3058 40 21 &c.
1435 3058 40 22 &c.

1313 3085 22 20 A
1345 3085 42 20 few
1397 3092 102 15 common
1508 3085 77 27 lamps,
1593 3085 32 27 pit
1635 3085 47 22 and
1691 3092 60 15 cross
1762 3089 37 19 cut
1809 3093 63 20 saws,

1313 3111 22 21 A
1345 3112 85 27 variety
1440 3113 27 20 of
1473 3112 147 22 earthenware
1630 3113 45 20 and
1685 3116 37 18 cut
1731 3112 66 28 glass,

1313 3137 81 28 Strong
1403 3139 44 21 and
1458 3139 69 27 cheap
1535 3139 50 22 four
1595 3139 46 22 feet
1651 3139 123 27 bedsteads,

1313 3165 72 26 Paint,
1397 3166 48 25 oils,
1456 3166 131 27 turpentine,
1597 3166 101 26 brushes,
1708 3166 39 21 &c.
1759 3167 40 21 &c.

1313 3191 46 22 The
1367 3192 76 27 above,
1453 3194 52 20 with
1514 3200 13 13 a
1536 3196 62 24 great
1608 3192 85 27 variety
1702 3192 26 21 of
1734 3192 138 23 miscellane-

1286 3224 38 15 ous
1331 3219 69 27 stock,
1411 3226 36 15 are
1459 3219 82 22 offered
1551 3227 27 14 on
1588 3219 167 27 advantageous
1770 3224 69 17 terms
1850 3224 22 17 to

1286 3245 116 22 wholesale
1412 3253 25 14 or
1446 3246 64 22 retail
1518 3246 135 28 purchasers.

1287 3290 72 49 ON
1370 3292 85 26 SALE,
1463 3296 23 17 at
1493 3292 37 21 the
1538 3292 71 21 Stores
1617 3292 25 21 of
1649 3291 38 22 the
1693 3292 151 27 undersigned
1844 3303 29 4 —

1364 3318 70 21 Black
1450 3318 46 22 and
1509 3325 67 21 green
1592 3323 53 23 teas,
1663 3326 73 20 cocoa,
1751 3321 76 25 coffee,
1838 3326 35 15 re-

1286 3344 59 22 fined
1354 3345 45 21 and
1413 3345 75 22 brown
1503 3353 75 19 sugars
1584 3353 6 19 ;
1606 3353 14 13 a
1631 3346 84 26 variety
1726 3346 25 21 of
1760 3346 59 27 jams
1829 3347 43 21 and

1282 3370 79 28 jellies,
1376 3372 24 21 in
1418 3372 119 27 quantities
1552 3375 22 19 to
1591 3373 43 21 suit
1652 3372 107 26 families;
1779 3373 92 27 brandy,

1286 3397 94 23 cherries
1395 3398 44 22 and
1453 3399 62 21 dried
1534 3399 80 28 apples,
1632 3399 43 22 fine
1690 3399 36 21 old
1742 3399 131 23 Gloucester

1286 3424 43 21 and
1342 3426 75 21 Dutch
1432 3426 86 27 cheese,
1536 3426 107 22 Hambro'
1660 3427 79 26 butter,
1751 3426 62 22 York
1828 3427 44 22 and

1285 3452 119 22 American
1422 3452 71 28 hams,
1515 3460 72 20 sperm
1605 3453 46 21 and
1675 3452 77 22 mould
1766 3453 89 22 candles
1864 3462 6 19 ;

1285 3477 62 29 olive,
1364 3479 91 27 linseed,
1472 3480 46 21 and
1529 3480 63 21 black
1606 3480 29 21 oil
1646 3488 5 19 ;
1670 3480 65 21 white
1748 3480 44 22 and
1808 3480 64 22 black

1283 3504 57 28 lead,
1351 3507 102 26 saltpetre
1465 3507 43 21 and
1525 3507 69 27 spices
1603 3507 26 21 of
1643 3507 31 21 all
1683 3509 55 19 sorts
1745 3514 5 19 ;
1767 3508 103 27 oatmeal,

1284 3538 59 21 sago,
1354 3533 52 26 rice,
1418 3533 45 21 and
1473 3533 67 27 flour;
1552 3540 28 14 an
1595 3536 130 18 assortment
1741 3533 25 22 of
1778 3534 92 27 leather,

1284 3557 107 29 hobnails,
1403 3560 76 27 sprigs,
1491 3561 39 21 &c.
1538 3568 5 19 ;
1555 3560 63 22 shoes
1628 3560 45 21 and
1687 3560 62 22 boots
1759 3561 25 21 of
1791 3561 31 21 all
1834 3561 38 22 de-

1284 3586 120 27 scriptions,
1416 3587 42 21 rine
1476 3586 122 22 Cavendish
1608 3587 100 26 tobacco,
1719 3587 74 27 snuffs,
1805 3588 44 22 and
1859 3596 13 14 a

1282 3612 42 21 few
1332 3620 61 14 cases
1402 3613 59 27 large
1468 3613 58 22 bowl
1534 3614 67 27 pipes,
1613 3613 44 22 and
1668 3617 63 18 otner
1736 3614 88 22 articles
1834 3619 36 19 too

1283 3646 119 16 numerous
1411 3645 23 16 to
1442 3641 106 21 mention.

1423 3674 137 15 WHOLESALE
1574 3674 46 15 AND
1636 3674 92 16 RETAIL.

1569 3700 29 23 D.
1614 3702 22 21 S.
1652 3701 80 22 Durie
1746 3702 44 22 and
1805 3703 37 22 Co.

1350 3746 54 21 For
1414 3746 70 25 Sale,
1496 3751 35 16 ex

1282 3779 51 48 A
1347 3778 134 22 NUMBER
1491 3779 25 21 of
1526 3778 72 22 useful
1613 3779 90 22 articles
1712 3779 26 22 of
1750 3780 120 23 Furniture

1361 3805 45 22 and
1416 3805 65 22 other
1489 3805 73 28 goods,
1573 3810 50 23 part
1632 3806 27 21 of
1671 3805 37 22 the
1719 3814 65 20 cargo
1795 3808 27 21 of
1832 3808 37 21 the

1282 3833 71 21 Maria
1369 3833 96 21 Theresa.
1497 3832 50 22 Will
1564 3833 25 21 be
1605 3832 82 23 landed
1704 3833 53 24 here
1773 3834 35 22 for
1825 3834 44 23 sale

1283 3859 79 23 should
1370 3859 82 28 buyers
1462 3859 54 22 offer
1523 3867 5 20 ;
1545 3859 59 28 early
1613 3859 134 29 application
1761 3861 19 22 i
1778 3861 21 22 3
1791 3869 79 15 neces-

1282 3893 57 21 sary.
1368 3886 76 28 Apply
1453 3888 23 19 to

1681 3913 62 22 John
1759 3914 80 23 Wade.

1284 3939 143 28 Wellington,
1440 3939 79 23 March
1531 3941 30 26 18,
1574 3941 60 21 1812.

205 702 53 20 For
272 700 104 22 Nelson
391 699 103 22 Haven,

55 737 107 28 Expected
177 738 49 20 here
241 737 22 19 in
272 742 12 13 a
293 734 47 26 few
350 734 57 25 days,
418 731 41 21 and
468 731 43 21 will
525 732 54 20 meet
587 730 51 20 with

228 763 117 21 immediate
354 760 104 27 despatch.

62 793 107 38 -^Jj^cL.
208 800 91 22 HTIHE
315 799 48 21 well
374 799 80 21 known
464 797 87 27 regular
559 795 81 30 packet

88 819 96 30 11-SMPfe
215 819 30 30 JL
294 827 115 24 Pickwick,
428 825 91 28 Captain
545 825 92 26 Draper,

221 855 41 21 has
274 861 53 20 very
337 854 97 28 superior
448 851 190 22 accommodation

54 874 153 38 sMfi3|§(j§g|
221 882 35 21 for
278 888 135 21 passengers.
447 879 44 22 For
513 878 82 27 freight
614 885 25 14 or

221 915 101 21 passage,
334 908 64 28 apply
409 910 22 19 to

314 943 36 21 W.
365 943 25 21 B.
407 942 92 22 Rhodes
513 941 45 23 and
572 941 38 22 Co.

200 990 53 19 For
267 988 105 21 Nelson
386 988 103 24 Haven,

86 1024 29 20 To
123 1024 41 20 sail
169 1025 23 18 in
207 1030 12 13 a
222 1024 46 25 few
278 1023 57 25 days,
346 1023 75 24 having
431 1021 50 25 half
491 1021 37 20 her
550 1025 61 21 cargo

249 1051 84 24 already
350 1049 95 26 engaged.

58 1078 106 37 **%&*-,
209 1086 91 29 rpHE
316 1086 75 22 FINE
412 1085 108 22 schooner
536 1085 101 23 Blossom,

73 1113 119 33 -gOs^
216 1107 28 28 X
270 1113 62 26 Capt.
348 1112 100 22 Tulloch.

259 1148 21 13 Ie
311 1147 23 13 as
357 1140 69 21 exce^
429 1141 37 19 ent
487 1138 84 26 coins,
592 1136 45 23 and

53 1161 150 38 Wgs~££.mz»
223 1174 41 14 can
275 1167 25 21 fit
310 1174 29 20 up
349 1167 34 21 six
393 1166 142 22 comfortable
545 1164 82 22 berths.

35 1197 2 4 '
237 1194 43 22 For
289 1193 82 27 freight
386 1201 24 14 or
418 1200 97 21 passage,
527 1192 65 28 apply
602 1195 23 18 to

444 1227 89 22 Willis
543 1227 45 21 and
597 1226 40 21 Co.

33 1270 4 10 ,
56 1258 142 27 Wellington,
210 1255 79 24 March
299 1256 34 26 18,
345 1256 60 21 1842.

167 1303 52 21 For
235 1300 94 27 Kapiti
344 1300 54 20 and
412 1299 113 25 Nelson,

257 1336 20 20 A
291 1336 83 25 regular
384 1334 77 26 trader,

214 1369 91 32 npHE
315 1376 54 19 very
375 1369 43 21 fast
424 1369 79 32 sailing
511 1367 127 25 brifrantine

88 1390 103 38 SEffliW
221 1390 29 29 -^-
291 1397 120 24 Vanguard,
427 1396 92 27 Captain
539 1396 98 25 Murray,

57 1432 54 25 /%3
285 1423 39 22 sail
343 1431 28 15 on
387 1423 102 26 Tuesday
499 1431 4 18 ;
519 1422 41 22 has
575 1429 62 15 room

56 1446 152 36 «jfcaitiS|j
227 1451 35 21 for
280 1458 13 14 a
311 1451 44 21 few
373 1454 50 18 tons
441 1450 25 21 of
479 1450 70 26 goods
568 1449 53 22 only
632 1458 5 17 ;

56 1472 152 37 «^2J3Kg§|g
228 1477 45 22 and
288 1477 100 25 superior
403 1477 190 22 accommodation
605 1477 35 20 for

228 1512 135 20 passengers.
393 1504 73 28 Apply
475 1507 23 18 to

365 1539 84 21 Waitt
465 1538 44 21 and
523 1538 89 21 Tyser-

230 1584 53 21 For
297 1583 165 28 Wanganui,

221 1619 28 20 To
262 1619 41 18 sail
311 1618 23 19 in
344 1624 12 13 a
360 1618 47 25 few
416 1618 57 25 days,

63 1652 105 32 '^j^^l
209 1652 90 24 nnHR
320 1651 73 22 FINE
409 1653 43 20 fast
470 1652 80 27 sailing
569 1655 71 19 cutter

87 1674 95 37 JtN|»,
215 1673 30 27 JL
273 1679 110 21 Catherine
391 1680 107 25 Johnston,
513 1679 26 22 T.
550 1679 87 27 Taylor,

54 1726 151 40 ggj^S^P^
235 1733 31 21 F°
268 1740 10 14 r
287 1733 83 27 freight
380 1741 25 14 or
413 1740 98 21 passage,
522 1733 66 28 apply
598 1736 23 18 to

228 1768 122 26 Wallace,
361 1768 91 24 White,
464 1768 42 20 and
516 1767 122 21 Wallace.

55 1812 55 20 The
124 1812 170 27 Wellington
310 1813 54 20 and
379 1813 145 21 Auckland
538 1813 102 20 Packet

94 1869 73 43 %J£r|i.
221 1881 10 15 f
239 1881 9 17 I
257 1877 64 21 IHIS
344 1876 45 22 fine
411 1877 43 22 fast
472 1877 80 26 sailing
569 1876 72 23 vessel

84 1899 111 38 ■jJWTp^v
228 1899 30 27 JL
287 1903 45 22 will
341 1904 28 21 be
380 1903 131 29 despatched
522 1905 33 21 for
565 1904 76 21 Auck-

81 1926 132 38 ijT^r^g^
234 1930 51 22 land
303 1931 24 21 in
350 1931 101 22 fourteen
474 1931 61 27 days,
560 1931 82 31 haying

57 1952 156 38 -gj|'^/}*jijj>Lr
234 1965 54 20 very
313 1958 99 27 superior
438 1957 202 23 accommodations

58 1979 158 30 T^a^Wii^y
233 1984 35 21 for
285 1992 136 19 passengers.
455 1985 44 21 For
517 1985 81 26 freight
616 1992 25 14 or

236 2018 98 18 passage,
346 2011 64 26 apply
421 2015 21 17 to
457 2011 37 21 the
508 2011 132 26 undersign-

54 2037 34 26 k«l,
101 2048 21 10 oi
135 2044 22 13 lv
167 2036 45 21 i>li.
220 2037 107 21 ZilaA.ivi.li
337 2044 28 14 on
378 2045 72 13 uouxu.

312 2070 36 21 W.
364 2070 26 22 B.
405 2070 93 23 Rhodes
513 2070 45 23 and
574 2071 37 22 Co.

82 2096 79 23 March
171 2098 34 25 23,
218 2098 60 21 1842.

231 2143 53 20 For
306 2143 157 25 Auckland,

211 2177 28 20 To
254 2177 39 20 sail
307 2177 22 19 in
344 2183 12 14 a
364 2178 46 24 few
425 2178 57 25 days,

139 2233 31 8 ,_
232 2215 91 21 FTII-IE
346 2215 44 22 fine
409 2215 45 21 first
478 2215 56 21 class
556 2215 84 26 barque

97 2236 89 40 >*sßj^
238 2236 30 27 JL
324 2243 52 20 Neiv
401 2243 55 20 York
478 2243 87 25 Packet,
590 2244 48 23 269,

87 2263 116 41 •*j3s&v
242 2269 93 27 Captain
348 2270 110 26 Gregory;
478 2269 40 22 has
529 2269 111 22 excellent

85 2291 133 39 XjfTrjjy
242 2297 190 20 accommodation
451 2296 33 21 for
501 2303 137 21 passengers.

61 2340 6 16 <
67 2318 156 38 yf*|g*ggjJE^
243 2323 43 22 For
296 2323 82 27 freight
392 2331 24 14 or
431 2331 96 19 passage,
541 2323 65 27 apply
616 2327 22 18 to

62 2345 160 31 vL^B'taSttm^r
244 2350 36 21 the
292 2350 92 27 Captain
396 2358 28 14 on
440 2351 75 26 board,
527 2358 26 14 or
562 2354 22 17 to

285 2383 75 28 Hort,
378 2385 119 26 Mocatta,
513 2384 45 22 and
572 2384 39 22 Co.

83 2418 32 22 Te
125 2418 54 25 Aro,
190 2418 78 21 March
279 2420 20 24 9,
309 2420 60 20 1842.

257 2464 54 20 For
325 2464 115 27 Sydney,

195 2499 29 19 To
233 2499 40 19 sail
282 2505 26 13 on
318 2499 34 19 the
361 2500 51 19 29th
421 2500 85 26 instaat,

212 2532 92 32 rpHE
318 2533 75 22 FINE
403 2533 46 22 first
459 2533 55 23 class
522 2534 50 25 brie:
580 2535 60 19 M-

93 2554 97 28 £fea3k.
219 2554 30 28 JL
269 2561 71 24 Mian,
350 2562 40 20 160
398 2564 55 23 tons,
463 2561 24 21 C.
497 2561 30 22 H.
534 2561 104 26 Thomas,

68 2582 143 38 JpS«ififi^
226 2587 155 26 commander;
407 2587 40 22 has
470 2595 53 20 very
542 2588 99 27 superior

61 2609 151 38 SjeEßKei
226 2614 202 22 accommodations
445 2615 35 21 for
502 2622 138 21 passengers.

238 2641 44 21 For
290 2641 83 27 freight
386 2650 24 13 or
420 2649 97 20 passage,
527 2642 66 27 apply
604 2646 22 18 to

228 2678 130 28 Ripgways,
371 2679 102 26 Guyton,
485 2680 46 22 and
541 2680 71 21 Earp.

57 2720 53 22 For
124 2723 116 26 Sydney,
256 2724 44 20 via
315 2724 45 21 the
376 2724 130 22 Chatham
520 2725 119 20 Islands.

77 2753 72 38 jjgpL
190 2758 74 21 I^HE
279 2758 75 21 FINE
368 2759 119 21 Americnn
503 2759 50 26 brig
569 2760 72 19 Maria

68 2780 98 40 jfih^fy
179 2779 28 26 JL
235 2786 95 23 Theresa,
343 2785 89 26 Captain
449 2785 71 27 Clark,
532 2787 40 20 229
581 2790 58 21 tons,

56 2807 111 38 gßps=g|-
185 2811 44 22 will
239 2812 40 21 sail
290 2819 28 14 on
335 2812 98 25 Monday
445 2817 66 22 next;
527 2812 40 22 has
578 2820 62 14 room

184 2838 34 21 for
229 2846 12 14 a
251 2839 40 21 few
303 2839 64 21 cabin
384 2839 43 22 and
437 2842 99 24 steerage
551 2846 90 21 passen-

181 2872 58 19 gers.
272 2866 75 27 Apply
357 2869 24 19 to

430 2892 62 22 John
503 2893 81 26 Wade,

556 2921 83 26 Agent.

56 2942 80 24 March
145 2945 34 26 24,
190 2945 60 21 1842.

280 2991 53 20 For
348 2991 68 21 Sale.

76 3015 74 38 jjSj*L
170 3022 91 34 npHE
275 3022 45 22 fine
338 3023 43 22 fast
397 3022 79 27 sailing
494 3024 68 23 yacht
583 3024 59 22 built

70 3045 97 39 JKj£&
184 3045 20 24 i.
242 3048 109 23 schooner
364 3051 102 20 Governor
473 3052 89 25 Hobson,
573 3052 68 22 about

57 3071 112 41 Jllijyjfc
213 3077 29 20 40
258 3079 50 18 tons
322 3076 102 27 burthen,
435 3078 49 21 well
502 3078 77 26 found,
596 3079 44 21 and

184 3109 41 15 can
236 3103 27 21 be
273 3106 50 19 sent
336 3107 21 18 to
367 3112 38 13 sea
414 3107 23 18 at
452 3112 13 14 a
482 3104 62 28 day's
558 3105 82 22 notice'

185 3129 93 22 without
287 3130 87 22 further
384 3138 104 20 expence.

315 3164 35 22 W.
366 3165 25 22 B.
407 3166 93 21 Rhodes
515 3166 43 21 and
574 3166 38 21 Co.

282 3210 54 20 For
346 3210 68 25 Sale,

84 3236 71 37 jJ^SI
179 3244 9 14 r
197 3241 80 32 |iHE
306 3241 50 21 we'l
386 3241 87 26 known,
499 3243 140 28 fast-aailing,

80 3263 90 39 fifepk
190 3263 24 25 A
249 3271 71 19 cutter
338 3269 67 25 Royal
425 3270 99 24 William,
543 3272 28 20 43
590 3274 50 18 tons

65 3297 110 33 >gßpglg%
224 3295 99 26 register,
341 3296 52 21 with
409 3296 28 22 all
454 3296 42 22 her
511 3300 76 23 stores,
599 3298 40 21 &c.

195 3321 38 22 &c.
252 3323 38 21 &c.
320 3323 70 21 Stows
405 3331 14 14 a
430 3324 61 27 large
507 3332 72 19 cargo,
595 3325 45 21 and

61 3367 22 9 _
117 3369 7 8 ,
194 3348 77 22 makes
285 3356 32 20 up
331 3349 50 23 four
396 3350 75 22 berths
485 3351 23 22 in
520 3351 37 21 the
567 3351 72 22 cabin.

92 3394 15 15 11
135 3398 11 11 a
165 3380 14 19 P
180 3380 51 16 rove
233 3375 14 21 d
256 3375 85 23 herself
352 3384 13 14 a
377 3377 57 26 good
445 3385 37 14 sea
496 3379 60 26 boat,
567 3378 44 21 and
621 3378 19 22 is

59 3399 49 17 well
122 3399 91 26 adapted
229 3402 34 22 for
277 3403 88 28 trading
381 3405 99 22 between
497 3405 38 22 the
551 3405 89 22 various

61 3424 134 23 settlements
205 3434 26 15 on
244 3429 36 22 the
291 3434 61 18 coast
362 3431 25 22 of
398 3431 55 22 New
463 3431 108 23 Zealand.

88 3452 41 19 ■tor
138 3452 83 24 further
229 3457 136 28 particulars,
377 3458 66 28 apply
453 3462 23 18 to

267 3490 21 21 J.
299 3491 33 22 M.
342 3492 100 28 Taylor,
454 3492 156 29 Ship-Broker,

378 3526 30 23 Te
420 3528 55 21 Aro.

280 3568 51 22 For
346 3572 68 25 Sale,

92 3603 70 33 AJSS*
183 3598 26 33 A
230 3599 73 24 F.INE
311 3603 11 21 f
321 3607 32 19 ast
360 3605 79 28 sailing
445 3605 115 28 schooner,
568 3607 69 22 about

248 3627 26 22 70
289 3631 49 19 tons
353 3631 103 28 burthen,
477 3633 110 28 coppered
602 3634 35 21 for

58 3654 109 22 tOSSSbt
184 3658 43 16 nve
235 3660 70 21 years,
320 3657 43 22 and
373 3666 79 20 copper
460 3660 102 23 fastened
571 3668 5 20 ;
592 3660 44 23 this

183 3685 26 14 ve
211 3682 42 19 ssel
263 3688 18 14 is
291 3683 76 28 nearly
378 3692 54 21 new,
442 3687 44 21 and
496 3687 50 22 well
556 3687 78 23 found.

57 3706 44 21 For
109 3706 86 21 further
204 3707 135 28 particulars,
350 3712 65 27 apply
424 3716 22 18 to

82 3765 28 11 ,„
122 3765 24 6 ...
181 3769 7 7 ,
238 3767 12 4 _
371 3744 80 24 Waitt
464 3748 45 22 and
523 3748 83 24 Tyser.

83 3767 143 26 Wellington,
235 3767 99 28 January
344 3771 33 25 13,
386 3773 59 21 1842.

82 3813 82 44 Hlfe>
191 3819 228 27 XTOTICE.-The
442 3825 92 32 Captain
554 3827 25 22 of
597 3827 37 23 the

56 3846 108 37 j&2nf£
190 3846 44 22 -^
270 3847 73 20 Maria
360 3850 86 21 Theresa
455 3852 43 22 will
508 3857 39 19 not
562 3855 28 21 be
599 3862 36 14 re-

56 3874 130 24 •ttWSHw
203 3874 112 26 sponsible
333 3874 36 23 for
385 3883 43 21 any
447 3878 61 24 debts
526 3880 34 22 his
576 3889 58 15 crew

200 3906 52 22 may
262 3904 107 20 contract.

350 3937 59 22 Johk
424 3937 80 30 Wap«,
522 3941 81 27 Agent.

2101 694 89 26 Cheap
2210 695 69 25 Sale,

2056 728 41 20 For
2110 734 14 14 a
2136 728 60 20 short
2209 729 49 19 time
2271 730 54 25 only,

1902 759 52 50 IN
1973 759 48 23 that
2042 760 53 32 shop
2117 760 68 28 lately
2203 762 107 28 occupied
2331 764 31 27 by
2381 764 44 22 Mr.
2444 764 35 22 W.

1959 786 94 28 Murray,
2065 787 70 27 tailor,
2147 795 13 14 a
2168 788 68 22 select
2249 792 128 19 assortment
2385 791 26 21 of
2416 791 65 22 milli-

1900 820 60 20 nery,
1971 813 58 27 silks,
2040 814 72 28 satins,
2124 816 48 25 &c,
2183 815 118 28 consisting
2315 817 25 21 of
2352 817 37 21 the
2399 818 82 22 follow-

1901 840 43 26 ing,
1956 840 41 21 viz.
1999 851 28 5 —

1928 868 46 26 Cap
1983 866 44 22 and
2035 867 82 22 bonnet
2125 867 88 23 ribbons
2222 868 24 22 in
2254 871 63 25 great
2325 869 91 28 variety,

1928 893 108 22 Artificial
2046 894 89 26 flowers,

1928 919 62 27 Nets,
2001 920 97 27 edgings,
2108 921 66 27 laces,
2184 921 44 22 and
2237 922 84 26 collars,

1929 946 56 22 Silks
1995 947 34 22 for
2042 947 89 27 dresses,
2143 947 72 27 satins,
2227 949 60 27 plain
2296 949 45 22 and
2356 949 83 28 figured
2448 949 34 23 for

1901 973 97 27 bonnets,

1931 1000 88 27 Challis,
2042 1000 144 23 mousselaine
2207 1001 27 22 de
2252 1001 66 27 lame,
2334 1002 44 22 and
2396 1002 87 28 printed

1902 1026 90 28 dresses,

1929 1054 89 27 Shawls,
2027 1054 175 28 handkerchiefs,
2213 1054 45 23 and
2267 1055 82 27 gloves,

1928 1080 87 22 Merino
2025 1082 43 21 and
2077 1082 83 26 fringes
2168 1082 34 21 for
2210 1082 46 21 bed
2265 1083 102 26 curtains,

1928 1107 74 22 White
2013 1108 42 22 and
2065 1108 103 22 coloured
2177 1109 116 27 stockings,

1928 1134 116 28 Buckram,
2054 1134 136 29 pasteboard,
2202 1142 41 21 cap
2252 1136 44 21 and
2305 1136 82 22 bonnet
2396 1136 67 28 wires,

1928 1161 54 22 Men
1992 1161 43 22 and
2044 1162 103 21 women's
2157 1162 70 23 shoes.

1928 1194 57 22 N.B.
1988 1206 27 3 —
2016 1195 69 21 These
2095 1195 67 28 goods
2171 1195 66 27 being
2246 1195 96 23 selected
2352 1195 23 22 in
2382 1195 102 28 England

1900 1221 30 27 by
1945 1221 37 21 the
2001 1221 118 22 advertiser
2136 1223 129 26 personally,
2281 1225 38 19 not
2336 1223 42 21 five
2397 1223 87 22 months

1900 1255 48 20 ago,
1961 1255 35 15 are
2006 1248 24 22 of
2042 1249 37 21 the
2093 1252 82 18 newest
2187 1252 104 25 patterns,
2302 1249 44 21 and
2356 1249 24 21 of
2388 1249 37 22 the
2435 1249 48 23 best

1900 1275 90 26 quality.

2084 1320 43 20 Ex

1903 1353 91 48 THE
2008 1352 149 28 undersigned
2171 1352 40 22 has
2224 1354 49 26 just
2289 1353 103 23 received
2407 1361 13 14 a
2430 1361 52 15 con-

1976 1380 110 26 signment
2105 1380 26 21 of
2147 1387 62 20 maps
2227 1380 46 21 and
2292 1380 74 22 charts
2383 1381 57 21 from
2459 1381 23 21 J.

1902 1406 92 28 Wyld's,
2018 1407 95 27 Charing
2136 1406 72 28 Cross,
2232 1407 145 28 Geographer
2399 1411 23 17 to
2445 1407 37 23 the

1902 1434 85 26 Queen,
1998 1434 34 20 viz
2040 1442 5 14 :
2047 1445 28 4 —

1930 1460 71 27 Large
2011 1464 41 18 two
2063 1461 62 21 sheet
2136 1467 50 21 map
2197 1460 26 22 of
2229 1460 57 22 New
2295 1460 106 28 Zealand,

1930 1488 49 20 One
1990 1487 61 22 sheet
2060 1494 51 21 map
2121 1488 26 20 of
2154 1487 55 22 New
2219 1487 106 27 Zealand,

1929 1514 105 21 Chaffers'
2051 1515 62 21 chart
2129 1514 26 21 of
2169 1515 79 21 Cook's
2269 1515 85 26 Straits,
2372 1514 54 22 with
2444 1513 38 23 the

1902 1540 67 22 latest
1978 1541 115 26 additions,

1932 1568 103 20 Chaffers'
2046 1568 62 22 chart
2117 1568 26 21 of
2149 1568 53 21 Port
2211 1568 130 27 Nicholson,

1931 1594 129 23 Mercator's
2070 1595 63 22 chart
2142 1595 25 21 of
2179 1595 37 21 the
2227 1595 75 26 world,
2314 1595 41 21 &c.
2367 1595 39 21 &c.
2416 1595 40 21 &c.

2257 1628 112 22 William
2384 1628 72 22 Lyon.

1902 1656 84 21 Corner
1995 1655 26 22 of
2027 1655 150 22 Willis-street
2185 1656 45 21 and
2241 1655 188 28 Lambton-quay.

2075 1682 80 22 March
2164 1684 19 25 8,
2196 1684 60 20 1842.

2086 1728 43 19 Ex

1904 1760 72 49 ON
1999 1761 83 27 SALE,
2102 1763 23 19 at
2143 1760 37 22 the
2200 1761 74 21 Stores
2298 1760 25 22 of
2343 1760 38 23 the
2403 1760 81 23 under-

1980 1787 83 27 signed,

1902 1814 97 22 SEVEN
2025 1814 68 22 AND
2116 1814 22 21 A
2162 1814 86 22 HALF
2272 1814 79 21 TONS
2375 1814 109 22 SHING-

2010 1841 77 22 LING
2102 1841 66 22 AND
2183 1841 78 22 ROSE
2276 1841 100 27 NAILS,

1929 1869 41 20 200
1979 1867 53 28 kegs
2042 1869 47 20 best
2098 1869 66 20 white
2173 1867 58 28 lead,

1930 1895 95 21 Linseed
2035 1895 36 26 oil,
2083 1895 133 27 turpentine,
2227 1895 45 21 and
2282 1895 81 27 paints,

1931 1921 100 22 Window
2041 1922 64 27 glass,
2116 1922 31 21 all
2156 1922 62 27 sizes,.
2229 1923 40 20 &c.
2280 1923 39 20 &c.

2243 1956 22 21 J.
2282 1955 33 22 M.
2330 1955 102 28 Taylor,

2357 1983 32 21 Te
2404 1984 54 20 Aro.

2098 2028 43 19 Ex

1903 2060 106 49 JOHN
2023 2060 101 22 HALES
2139 2060 53 26 begs
2202 2064 22 17 to
2233 2060 102 22 intimate
2346 2060 48 21 that
2410 2060 27 22 he
2446 2060 40 23 has

1968 2087 43 21 had
2030 2088 122 26 consigned
2168 2092 22 17 to
2205 2088 53 26 him,
2278 2094 39 20 per
2335 2088 87 24 Clifton,
2443 2089 43 21 and

1904 2121 37 14 are
1954 2117 22 18 at
1991 2114 34 21 his
2040 2114 102 28 disposal,
2153 2114 70 21 either
2237 2114 119 22 wholesale
2372 2122 25 14 or
2414 2116 71 26 retail,

1904 2145 23 17 at
1942 2141 42 21 low
1999 2141 77 27 prices,
2095 2141 35 21 for
2149 2141 58 27 cash,
2227 2141 38 22 the
2281 2140 114 28 following
2410 2143 75 26 goods,

1904 2168 48 21 viz:
1954 2178 28 4 —

1933 2194 92 27 Pickles,
2035 2194 42 22 fish
2086 2201 84 19 sauces,
2181 2195 71 21 currie
2262 2194 97 28 powder,
2370 2198 61 24 paste
2442 2196 44 22 and

1903 2221 71 27 liquid
1990 2222 110 26 blacking,
2118 2221 92 27 English
2226 2222 92 26 leather,
2334 2222 70 27 boots,
2415 2222 70 28 shoes,

1905 2249 45 21 and
1959 2248 147 22 shoemakers'
2116 2249 61 26 tools,
2186 2248 58 22 cloth
2253 2248 45 21 and
2308 2248 85 22 leather
2403 2256 51 20 caps
2463 2251 23 21 in

1904 2280 64 22 great
1976 2276 91 26 variety,
2078 2276 97 26 wearing
2184 2276 97 26 apparel,
2292 2280 75 17 cotton
2379 2276 108 22 furniture

1905 2303 33 20 for
1948 2302 72 27 lining
2029 2310 78 18 rooms,
2121 2303 47 25 &c,
2184 2303 90 20 cabinet
2283 2302 46 28 ink,
2341 2303 53 21 seed
2407 2303 79 28 wheat,

1905 2329 83 27 barley,
2004 2333 52 23 oats,
2068 2329 45 21 and
2122 2329 51 21 blue
2182 2330 45 20 and
2237 2330 66 20 white
2312 2336 60 20 peas,
2384 2331 101 26 oatmeal,

1905 2356 80 21 Scotch
2013 2357 44 20 and
2084 2356 61 26 pearl
2172 2356 83 27 barley,
2283 2357 100 26 superior
2411 2361 76 23 patent

1904 2382 111 22 breeched
2036 2383 80 21 double
2140 2383 44 21 and
2207 2382 192 27 single-barrelled
2422 2391 63 20 guns,

1905 2410 67 26 flints,
1987 2409 66 23 flasks
2068 2410 44 21 and
2128 2410 63 27 belts,
2207 2410 50 21 sash
2272 2410 63 27 tools,
2347 2410 58 27 glue,
2423 2411 63 23 horse

1905 2436 54 26 hair,
1971 2437 47 21 hair
2027 2437 92 26 seating,
2128 2437 165 26 ironmongery,
2305 2437 40 21 &c.
2356 2437 40 22 &c.

1932 2464 53 21 Two
1995 2464 67 21 Town
2072 2464 71 21 Acres
2154 2467 21 17 to
2185 2464 31 21 let
2225 2464 23 21 in
2258 2463 107 28 portions.

1933 2497 192 27 Ingestrie-street,
2136 2497 31 21 Te
2177 2498 47 21 Aro
2235 2497 57 22 Flat.

1973 2543 42 20 Ex
2192 2543 54 21 and

1906 2577 115 48 CORD,
2032 2577 54 26 lace,
2095 2577 95 27 quilting
2200 2580 45 23 net,
2256 2577 69 27 gimp,

1977 2604 95 27 Figured
2081 2604 55 27 lace,
2147 2604 66 28 fancy
2223 2604 46 22 and
2276 2604 61 27 plain
2347 2608 45 23 net,

1933 2631 63 21 Wool
2006 2631 85 27 shawls,
2102 2631 40 21 &c.
2154 2631 47 27 &c,

1931 2658 65 21 Duck
2006 2662 107 22 trowsers,
2124 2658 80 28 frocks,
2215 2659 48 25 &c,

1931 2684 112 28 Blankets,
2054 2692 58 20 rugs,
2124 2685 77 27 prints,
2212 2686 49 26 &c,

1931 2712 77 25 Shirts,
2016 2712 93 26 jackets,
2120 2716 107 23 trowsers,
2239 2713 49 25 &c,

1931 2738 96 26 Ploughs
2037 2739 44 22 and
2090 2738 142 27 agricultural
2241 2738 150 28 implements,

1931 2766 38 21 An
1980 2766 113 21 extensive
2103 2767 33 20 lot
2146 2766 25 20 of
2179 2766 64 26 nails,

1931 2792 161 28 Ironmongery
2102 2792 27 21 of
2135 2792 29 22 all
2174 2792 72 23 kinds.

2039 2826 122 26 Wallace,
2177 2826 92 27 White,
2280 2826 45 22 and
2338 2827 122 21 Wallace.

2143 2871 105 25 Bricks,

1905 2905 88 49 FOR
2009 2905 82 26 SALE,
2102 2908 24 18 at
2142 2906 44 21 60s.
2204 2912 40 20 per
2260 2905 120 23 thousand.
2412 2906 77 28 Apply

1964 2936 22 17 to
2003 2931 20 22 J.
2042 2932 93 27 Pimble,
2146 2936 23 17 at
2182 2931 37 22 the
2237 2932 170 28 Sydney-street
2422 2933 67 23 Brick

1904 2959 46 22 and
1958 2959 48 21 Tile
2023 2959 86 26 Works,
2120 2962 23 18 at
2152 2959 37 21 the
2206 2966 49 15 rear
2264 2960 26 21 of
2302 2959 93 22 Colonel
2408 2959 80 23 Wake-

2092 2985 71 22 field's
2176 2985 122 23 residence.

1970 3018 76 23 Terms
2048 3030 26 4 —
2075 3019 53 22 cash
2138 3026 28 15 on
2178 3019 99 27 delivery
2288 3023 22 18 at
2320 3019 38 22 the
2368 3020 55 22 kiln.

1903 3064 102 49 THIS
2020 3064 67 21 DAY
2104 3064 125 27 (Saturday,
2246 3064 80 22 March
2342 3066 32 26 12,
2391 3066 61 26 1842)
2468 3066 20 22 is

1976 3090 123 28 published,
2121 3093 22 19 at
2166 3090 82 22 Nelson
2269 3091 88 27 Haven,
2381 3092 38 22 the
2442 3093 47 22 first

1939 3118 91 21 number
2048 3118 26 20 of
2089 3125 14 14 a
2121 3117 85 28 weekly
2223 3125 134 21 newspaper,
2378 3119 71 22 called

2008 3150 64 23 THE
2086 3151 124 22 NELSON
2218 3151 189 28 EXAMINER,

2175 3179 45 22 and

1956 3210 72 23 NEW
2048 3212 151 22 ZEALAND

1901 3238 24 22 in
1933 3238 73 22 which
2015 3238 43 22 will
2068 3239 27 21 be
2110 3238 68 23 found
2193 3239 67 22 much
2274 3240 102 22 valuable
2386 3241 102 23 informa-

2028 3266 45 21 tion
2083 3265 90 22 relative
2183 3269 23 19 to
2215 3266 48 22 that
2274 3267 89 28 Colony.

1929 3292 77 22 Terms
2006 3303 27 4 —
2034 3294 42 20 10s.
2088 3300 13 14 a
2111 3296 92 24 quarter,
2214 3293 95 28 payable
2321 3295 24 21 in
2356 3293 104 23 advance.

1931 3319 80 21 Orders
2029 3319 45 22 and
2092 3319 180 23 advertisements
2290 3321 102 22 received
2410 3324 22 18 at
2451 3321 37 22 the

1903 3346 69 21 Office
1983 3347 25 20 of
2014 3346 42 22 this
2067 3347 76 27 Paper.

2069 3393 90 20 Beach
2175 3394 145 25 Frontage.

1904 3426 67 48 TO
1985 3425 38 22 BE
2038 3426 65 27 LET,
2119 3426 71 22 beach
2200 3427 101 29 frontage
2316 3426 43 22 lots
2369 3426 24 22 in
2403 3426 85 23 section

1975 3454 42 20 490
2026 3460 29 14 on
2072 3453 37 21 the
2120 3453 55 22 Plan
2186 3454 26 21 of
2220 3453 37 22 the
2267 3452 66 22 Town
2349 3453 26 21 of
2382 3453 106 28 Welling-

1901 3483 47 23 ton,
1960 3480 114 27 adjoining
2083 3480 44 22 Mr.
2136 3480 87 22 Taine's
2231 3484 68 22 store;
2314 3480 46 21 and
2370 3480 23 21 in
2403 3481 85 21 section

1902 3508 46 25 616,
1958 3507 99 22 between
2065 3507 75 28 Major
2149 3507 89 23 Baker's
2248 3506 45 22 and
2302 3506 44 22 Mr.
2354 3507 134 23 Swainson's

1902 3533 87 22 houses.

1929 3560 56 22 Also
1995 3560 36 22 the
2040 3561 114 27 following
2163 3560 95 23 sections
2269 3566 29 16 on
2307 3560 38 22 the
2353 3560 56 22 Plan
2417 3560 26 22 of
2450 3561 36 22 the

1902 3587 77 28 Town,
1989 3587 34 22 viz
2029 3595 36 15 :—

2004 3615 26 21 55
2166 3615 42 21 319
2357 3615 42 21 922

1992 3642 40 21 240
2167 3641 40 22 718
2344 3642 53 20 1079

1928 3668 76 29 Apply
2016 3672 24 20 to

2077 3695 26 23 E.
2119 3695 23 22 J.
2156 3694 150 27 Wakefield,
2322 3702 26 14 or

2076 3722 36 22 W.
2128 3721 27 22 V.
2170 3722 108 26 Brewer,
2293 3725 193 21 Manners-street.

1901 3770 122 24 Country
2036 3768 124 22 Sections
2178 3768 43 21 for
2240 3767 61 21 Sale
2323 3773 36 16 on
2378 3768 108 23 Liberal

2144 3795 100 20 Terms.

1902 3829 163 50 SEVERAL
2100 3827 100 23 Sections
2227 3827 27 23 of
2285 3827 102 30 Country
2413 3828 72 29 Land,

1966 3856 90 28 already
2065 3855 82 23 chosen
2156 3855 24 22 in
2190 3855 37 21 the
2241 3855 95 23 Porirua
2350 3855 91 29 district,
2451 3857 36 22 for

1900 3884 60 26 Sale,
1970 3890 73 15 terms
2053 3889 104 15 liberal.
2187 3881 76 29 Apply
2273 3885 23 19 to

1996 3916 22 22 F.
2035 3916 28 22 A.
2077 3916 171 27 Molesworth,
2266 3916 184 29 Murphy-street,
2462 3925 27 14 or

1996 3943 33 21 W.
2046 3943 26 22 V.
2089 3944 105 26 Brewer,
2207 3944 194 23 Manners-street.
