2529 4060
1912 3919 75 19 Printed
2001 3920 36 17 and
2051 3919 97 21 published
2166 3923 55 15 every
2237 3919 111 18 Wednesday
2364 3919 36 14 and
2411 3919 78 13 Saturday

1933 3942 92 20 morning,
2038 3941 24 20 by
2081 3941 85 16 Samuki.
2319 3938 30 17 the
2364 3937 54 16 Office
2425 3940 26 12 .01
2463 3938 26 13 tnt

1934 3963 49 17 New
1997 3962 100 17 Zealand
2108 3962 98 19 Gazette,
2211 3963 42 14 avd
2265 3959 135 17 Wellington
2415 3957 74 17 Smcta*

1933 3988 45 14 tor,
1989 3983 158 19 M»nn*r*-itrt»t,
2155 3982 114 21 Wrtt^ngtoKi
2282 3981 42 17 Port
2338 3978 103 20 Ni«U»Woa,
2453 3978 36 16 «•»

520 52 103 33 THE
638 50 113 33 NEW
767 50 230 33 ZEALAND
1012 48 228 33 GAZETTE
1258 47 102 33 AND
1377 47 329 43 WELLINGTON
1727 47 296 44 SPECTATOR.

224 139 68 23 Port
305 137 32 23 of
352 137 126 23 London.

107 174 91 22 Notice
215 179 30 16 to
263 179 47 15 the
329 168 250 28 PoßLic.-rTravellers
597 168 47 25 and

55 200 77 23 others
139 200 51 22 who
200 198 55 23 send
263 198 107 28 baggage,
379 196 73 24 works
463 196 26 23 of
499 200 42 24 art,
548 204 25 14 or
579 196 65 23 other

55 227 68 23 value
130 229 106 26 property
244 228 25 20 to
277 224 111 28 England,
404 222 83 23 should
502 224 92 26 consign
605 222 39 23 the

54 254 114 27 packages
176 256 24 18 to
209 252 38 22 the
257 260 51 15 care
313 253 26 22 of
345 261 14 13 a
363 249 101 25 licensed
471 250 173 22 Custom-house

55 287 76 24 agent,
147 290 25 15 as
188 281 88 24 articles
290 288 36 16 are
341 276 129 32 frequently
483 275 97 29 injured,
597 276 47 22 and

55 310 104 22 needless
169 316 97 21 expense
280 307 110 27 incurred,
405 307 36 21 for
456 304 39 19 the
510 306 61 18 want
586 304 27 20 of
629 309 15 16 a

54 343 82 21 proper
146 343 79 21 person
236 339 23 19 to
270 335 51 21 take
330 330 117 30 charge,-of
463 330 62 20 them
540 336 30 15 on
586 330 59 21 their

55 363 89 25 arrival,
155 363 45 22 and
208 369 38 15 see
260 361 61 22 them
337 359 99 27 entered,
454 357 127 25 examined,
598 357 46 21 and

55 389 110 28 carefully
179 388 117 29 repacked.
329 386 48 22 The
396 386 82 22 charge
494 389 19 14 is
527 382 40 21 the
582 389 62 16 same

54 416 102 22 whether
165 423 24 15 so
199 413 121 28 consigned
329 421 26 14 or

106 441 172 24 Custom-house
287 440 116 26 Chamber,
415 437 105 25 London,

55 495 141 50 DEVOY
205 494 45 22 and
259 494 54 26 CO.,
327 494 45 20 who
386 499 38 15 are
439 494 37 19 the
489 489 155 22 LICENSED

137 522 124 21 AGENTS
269 522 28 24 of
304 522 47 19 Her
357 521 113 25 Majesty's
476 520 168 22 Commissioners

53 551 29 24 of
93 550 100 24 Customs,
202 548 43 20 and
257 548 66 20 under
332 549 65 25 heavy
403 548 66 20 bonds
478 549 40 25 for
528 548 36 19 the
572 546 71 26 safety

54 577 28 25 of
85 578 104 25 property
205 575 110 27 consigned
329 577 21 19 to
365 577 63 23 them,
448 575 46 28 beg
511 574 64 21 those
591 574 52 21 who

53 603 57 23 send
119 603 110 27 packages
238 605 23 19 to
271 602 58 22 their
338 609 58 20 care,
411 605 23 19 to
443 609 39 15 see
492 602 49 21 that
550 600 55 22 each
614 601 29 21 be

52 629 116 28 distinctly
186 628 94 23 marked
325 629 80 22 Devoy
425 628 46 22 and
490 628 48 26 Co.,
557 627 86 22 Lower

52 657 201 26 Thames-street,
393 655 45 22 and
443 655 38 21 the
487 654 40 23 bill
535 654 26 21 of
565 654 79 26 lading

52 690 27 14 or
92 683 86 27 receipt
191 682 124 23 forwarded
332 686 23 18 to
374 682 61 22 them
454 682 71 21 direct
540 681 30 27 by
583 683 59 25 post,

51 709 55 22 with
116 709 143 22 instructions
268 709 50 22 how
329 709 54 21 such
392 708 71 28 goods
473 716 37 14 are
520 712 23 17 to
556 708 27 21 be
598 707 45 22 dis-

51 736 72 27 posed
132 737 27 21 of
170 743 28 15 on
207 736 80 22 arrival
295 744 6 19 ;
316 735 45 22 and
368 742 25 15 as
400 742 70 20 every
475 735 101 28 package
583 737 60 18 must

52 763 30 21 be
99 763 87 27 opened
205 766 24 18 at
247 762 38 23 the
303 762 179 26 Custom-house,
499 762 22 22 if
541 768 45 20 any
604 767 39 15 are

153 789 38 23 the
199 789 56 28 keys
264 788 79 23 should
351 788 29 22 be
389 788 133 22 forwarded.

81 816 79 23 Goods
169 816 43 22 and
221 816 110 28 packages
341 822 36 15 are
386 815 127 22 forwarded
520 815 33 27 by
562 814 85 26 Devoy'

52 843 48 22 and
109 843 40 23 Co.
159 846 23 19 to
191 843 31 22 all
235 845 60 25 parts
308 842 26 22 of
345 842 38 22 the
400 842 130 27 Continent,
542 840 37 23 the
588 841 57 22 East

52 870 48 22 and
109 870 63 22 West
180 869 82 26 Indies,
271 869 109 27 Colonies,
392 870 41 21 &c.
444 869 42 22 &c.
494 867 71 33 j'and,
575 868 21 21 if
609 875 35 14 re-

52 897 87 28 quired,
151 901 50 17 sent
214 899 24 19 to
247 896 38 21 the
297 903 50 14 care
362 896 26 21 of
398 896 139 27 responsible
553 892 89 29 houses,

51 923 53 22 who
118 923 45 22 will
179 930 35 15 see
231 922 38 22 the
286 922 144 22 instructions
446 925 51 19 sent
511 922 54 22 with
574 921 69 22 'them

50 949 135 29 punctually
195 949 106 23 attended
310 952 31 19 to.

80 977 41 22 All
130 977 69 27 goods
207 976 47 22 and
263 976 109 27 packages
380 976 37 22 for
424 976 115 27 shipment
545 977 62 20 must
614 975 30 21 be

53 1003 162 28 accompanied
223 1003 31 28 by
269 1003 87 21 written
370 1003 154 26 instructions,
534 1002 54 22 with
605 1002 38 21 the

52 1039 70 15 name
131 1031 46 22 and
185 1031 90 22 address
284 1030 25 22 of
322 1030 38 22 the
369 1030 83 27 parties
460 1030 30 27 by
501 1030 73 22 whom
589 1029 55 27 they

52 1066 40 15 are
106 1062 57 23 sent,
179 1057 45 23 and
240 1057 37 22 the
290 1061 103 18 contents
406 1057 46 22 and
468 1056 66 22 value
550 1056 26 22 of
588 1058 55 20 each

53 1085 102 28 package
165 1083 78 24 stated.
271 1084 48 22 The
334 1084 55 27 duty
399 1083 111 23 outwards
523 1083 19 23 is
553 1085 42 20 10*.
604 1090 40 21 per

53 1113 64 22 £100
132 1111 71 23 value.
241 1111 48 22 The
303 1115 48 18 rate
367 1110 27 22 of
406 1111 121 21 insurance
543 1110 101 28 depends

52 1146 64 21 upon
126 1139 180 21 circumstances.
335 1137 44 23 For
395 1137 88 22 further
497 1137 145 22 information

53 1166 69 27 apply
147 1169 23 18 to
192 1165 45 22 Mr.
257 1165 91 22 Samuel
374 1164 103 27 Revans,
497 1163 145 28 Wellington,

52 1193 57 22 Port
117 1192 132 22 Nicholson.

149 1237 91 21 Union
255 1237 79 21 Bank
347 1237 32 21 of
395 1237 152 21 Australia.

52 1271 99 23 London
169 1271 92 26 Office,
276 1270 44 22 No.
334 1271 36 25 3S,
389 1271 52 21 Old
457 1270 185 23 Broad-street.

109 1298 93 29 Capital,
212 1297 122 28 £800,000;
353 1297 55 28 paid
416 1304 38 21 up,
470 1297 119 28 £500,000.

289 1329 110 12 DIRECTORS
403 1330 6 11 :

161 1346 68 21 George
236 1346 39 16 Fife
282 1346 66 20 Angas,
356 1346 51 21 Esq.,

160 1367 69 17 Robert
235 1367 74 19 Brooks,
318 1367 49 19 Esq.,

160 1388 61 17 James
229 1388 48 16 John
284 1388 99 18 Cummins,
391 1388 51 20 Esq.,

160 1409 69 16 Robert
235 1408 97 20 Gardener,
343 1408 49 21 Esq.,
403 1407 125 21 Manchester,

159 1430 48 15 John
216 1429 46 16 Gore
278 1430 48 19 Esq.,

158 1451 49 15 John
215 1449 79 17 William
301 1449 75 19 Buckle,
382 1449 49 21 Esq.,

159 1471 95 20 Benjamin
262 1470 21 17 E.
288 1470 65 19 Xindo,
361 1470 49 21 Esq.,

160 1491 72 17 Charles
241 1491 74 17 Edward
323 1491 87 20 Mangles,
419 1492 50 19 Esq.,

159 1512 116 21 Christopher
282 1512 82 19 Rawson,
372 1511 49 21 Esq.,
433 1513 84 20 Halifax,

158 1533 79 17 Thomas
245 1534 63 18 Sands,
316 1533 48 20 Esq.,
371 1532 104 23 Liverpool,

158 1554 62 17 James
228 1553 55 21 Bogle
290 1553 65 19 Smith,
360 1554 50 20 Esq.,

158 1575 62 16 James
227 1574 79 17 Ruddell
313 1574 56 20 Todd,
377 1574 44 21 Esq.

52 1597 87 18 Trustees
145 1602 5 12 :
165 1597 81 16 George
257 1595 56 17 Carr
325 1596 60 18 Glyn,
398 1596 49 20 Esq.,
458 1596 54 17 John
524 1595 60 21 Gokk,
594 1595 50 21 Esq.,

200 1618 38 15 and
243 1617 66 16 James
316 1617 18 16 J.
340 1617 103 19 Cummins,
453 1617 43 20 Esq.

80 1639 83 17 Bankers
169 1643 4 12 :
184 1638 75 17 Messrs.
266 1638 61 19 Glyn,
338 1638 117 19 Hallifax,
463 1638 71 20 Mills,
543 1638 36 16 and
586 1638 31 17 Co.

174 1660 101 19 Secretary:
287 1659 82 16 Samuel
376 1659 97 19 Jackson,
480 1659 43 20 Esq.

144 1679 81 19 Colonial
231 1680 103 21 Inspector:
345 1680 18 16 J.
370 1680 20 16 C.
397 1680 105 19 M'Laren,
510 1680 43 21 Esq.

176 1728 69 21 New
263 1727 122 21 Zealand
403 1727 118 22 Branch.

50 1755 57 18 local
113 1755 92 18 Directors
210 1760 5 12 :
230 1755 48 16 Geo.
289 1755 17 16 S.
317 1755 75 18 Evans,
403 1755 51 21 Esq.,
466 1755 70 19 D.C.L.,
548 1755 37 17 and
597 1755 47 17 Geo.

274 1776 91 19 Hunter,
377 1776 43 20 Esq.

50 1797 100 22 Manager:
160 1797 49 17 John
216 1797 73 20 Smith,
297 1797 48 21 Esq.,
353 1797 37 17 late
398 1797 19 16 of
426 1797 32 17 the
466 1796 118 18 Commercial
590 1797 53 17 Bank

221 1817 21 17 of
250 1818 87 21 England,
350 1818 125 17 Manchester.

162 1838 114 24 Branches
287 1842 23 19 at
325 1839 98 27 Sydney,

325 1866 89 23 llobart
422 1866 79 28 Town,

325 1894 10 22 ]
488 1892 47 24 and

325 1920 11 23 1
344 1923 35 20 ort
390 1920 81 29 Philip.

51 1947 56 24 Port
115 1947 132 29 Nicholson,
257 1947 80 23 March
347 1948 35 26 24,
393 1948 63 22 1840.

51 2002 94 34 npHE
161 2002 115 23 Directors
292 2002 26 22 of
332 2001 40 23 (he
390 2001 57 23 New
463 2002 100 23 Zealand
577 2002 66 23 Land

58 2025 32 26 JL
128 2030 117 27 Company
257 2028 86 28 hereby,
357 2029 52 27 give
426 2030 82 26 notice,
527 2030 48 21 that
590 2030 52 27 they

49 2055 60 23 have
116 2063 113 15 effected
239 2063 30 15 an
280 2063 173 14 arrangement
461 2055 54 22 with
522 2056 37 22 the
567 2056 74 23 Union

50 2083 66 22 Bank
132 2083 25 22 of
173 2082 120 27 Australia,
310 2082 44 22 No.
371 2084 34 25 38,
420 2082 46 23 Old
482 2083 160 27 Broad-street,

50 2110 105 26 London,
165 2110 35 21 for
208 2109 38 22 the
259 2109 170 22 establishment
442 2110 27 21 of
482 2117 14 14 a
511 2110 129 23 BRANCH

49 2137 92 22 BANK
155 2137 33 22 IN
203 2136 72 23 NEW
289 2136 161 28 ZEALAND,
464 2137 96 27 through
571 2137 71 22 which

49 2164 41 22 the
97 2164 103 22 business
212 2163 27 22 of
250 2163 39 23 the
306 2164 57 22 New
379 2164 103 21 Zealand
495 2164 65 22 Land
577 2165 66 21 Com-

48 2197 63 43 s>any
120 2191 45 22 will
173 2192 28 21 be
210 2190 135 23 transacted.
373 2190 53 26 The,
438 2191 116 22 Directors
569 2191 74 23 there-

59 2225 38 15 ore
107 2218 145 22 recommend
261 2221 22 19 to
300 2218 112 22 Colonists
428 2217 39 22 the
486 2218 74 22 Union
577 2219 65 22 Bank

48 2246 29 21 of
95 2245 114 22 Australia
226 2252 24 14 as
268 2252 29 14 an
323 2244 171 23 establishment
516 2246 128 27 possessing

48 2271 60 23 their
125 2272 69 22 entire
217 2272 138 27 confidence,
375 2272 46 22 and
440 2272 50 22 able
509 2275 23 19 to
550 2273 93 26 provide

49 2299 127 27 effectually
191 2299 36 22 for
241 2298 39 23 the
293 2299 108 22 financial
414 2303 73 18 wants
504 2299 26 22 of
541 2300 37 22 the
594 2300 50 22 first

48 2326 136 22 settlement.

217 2352 36 29 By
263 2352 65 23 order
336 2352 29 22 of
373 2352 39 24 the
422 2353 82 28 Board,
522 2363 5 4 -

294 2387 87 22 JOHN
394 2387 107 28 WARD,
517 2388 124 29 Secretary.

47 2420 59 24 New
115 2420 101 23 Zealand
224 2420 66 23 Land
299 2421 138 28 Company's
447 2421 78 28 Ofiice,

76 2449 20 23 1.
107 2449 161 26 Adam-street,
278 2448 107 27 Adelphi,
395 2448 54 22 2?th
459 2449 60 26 Aug.
539 2450 60 22 1839.

130 2487 117 21 London
260 2487 170 27 Newspaper
443 2488 124 26 Agency.

54 2520 133 22 TOSEPH
209 2520 153 28 CLAYTON,
382 2521 100 22 General
506 2522 136 29 Newspaper

47 2543 29 26 «l
115 2547 43 22 and
175 2547 146 28 Advertising
334 2548 85 27 Agent,
439 2548 116 27 publisher
565 2550 25 21 of
603 2550 38 22 the

49 2576 113 25 Spectator
184 2574 46 23 and
255 2576 93 20 Colonial
370 2576 94 26 Gazette,
489 2578 41 20 320
551 2577 89 27 Strand,

47 2601 106 28 London,
170 2602 145 28 respectfully
332 2602 96 23 informs
444 2603 38 22 the
500 2607 82 24 gentry
596 2606 44 21 and

47 2628 140 23 inhabitants
211 2629 26 22 of
264 2629 55 22 Port
337 2629 133 29 Nicholson,
494 2631 146 28 Wellington,

47 2656 56 21 Port
113 2656 92 27 Nelson,
213 2656 45 22 aud
264 2656 28 22 all
303 2660 59 24 parts
370 2657 26 22 of
407 2657 56 22 New
474 2657 108 29 Zealand,
593 2659 49 22 that

47 2682 32 23 he
88 2683 106 22 forwards
203 2684 39 21 the
254 2684 116 28 Spectator,
390 2686 93 20 Colonial
492 2686 92 27 Gazette,
596 2687 45 22 and

48 2710 31 22 all
90 2710 65 22 other
163 2710 95 23 London
269 2719 78 21 papers
360 2712 113 28 regularly
483 2717 23 17 to
519 2713 56 23 New
584 2713 58 22 Zea-

47 2736 65 28 land,
123 2736 71 23 either
202 2738 97 28 through
309 2738 38 23 the
365 2739 134 28 Post-office,
516 2747 25 15 or
556 2741 30 27 by
605 2741 37 22 the

48 2764 58 22 New
120 2764 102 23 Zealand
237 2766 135 28 Company's
387 2766 73 28 ships:
462 2778 28 5 —
492 2767 110 28 Payment
617 2768 24 22 in

47 2791 110 27 advance,
166 2799 26 14 or
201 2799 14 15 a
224 2792 113 23 reference
344 2793 25 22 in
380 2793 96 23 London
487 2799 59 17 must
553 2802 89 15 accom-

47 2825 63 21 pany
116 2818 38 22 the
163 2818 73 23 order.
264 2820 196 23 Advertisements
467 2821 99 23 inserted
574 2822 23 22 in
605 2822 36 22 the

46 2842 99 26 London
153 2846 145 28 Newspapers
304 2848 19 21 &
332 2847 143 23 Periodicals.
505 2848 135 23 Gentlemen

48 2872 108 28 ordering
165 2872 146 29 Newspapers
321 2881 38 15 are
368 2875 145 27 respectfully
523 2876 119 27 requested

46 2903 25 19 to
82 2903 56 19 state
148 2900 101 22 whether
262 2901 53 28 they
324 2901 75 27 prefer
413 2902 85 27 having
511 2902 63 22 them
583 2903 58 22 thro'

47 2927 40 21 the
97 2927 54 22 Post
160 2928 76 27 Office,
248 2935 25 15 or
282 2928 30 27 by
320 2928 39 22 the
370 2929 137 27 Company's
517 2929 62 29 ships

273 2973 53 22 For
341 2973 70 22 Sale.

45 3004 92 49 THE
154 3006 105 22 HOUSE
274 3006 108 28 occupied
391 3007 32 28 by
432 3006 39 24 the
479 3008 160 29 undersigned,

94 3033 95 23 situated
200 3034 23 21 in
235 3034 186 28 Murphy-street,
430 3034 52 22 with
490 3035 38 23 the
537 3035 61 23 lease
607 3036 35 22 for

108 3060 68 23 about
191 3062 28 21 14
236 3068 65 21 years
318 3062 28 22 of
362 3061 53 23 half
432 3069 31 15 an
475 3070 52 15 acre
544 3063 26 22 of
586 3063 55 23 land

47 3086 113 23 attached.

384 3115 28 23 T.
424 3115 33 23 M.
468 3115 146 25 Partridge.

48 3151 92 50 I^OR
154 3152 85 28 SALE,
254 3153 29 27 by
297 3154 86 31 private
400 3158 108 24 contract,
520 3155 50 22 that
581 3156 60 27 good

130 3178 44 23 and
194 3179 131 23 substantial
344 3181 209 23 weather-boarded
572 3182 69 23 house

49 3205 85 22 known
148 3212 23 15 as
181 3204 38 23 the
229 3206 84 28 Plough
325 3206 52 28 Inn,
389 3208 87 28 Petoni,
487 3209 53 22 with
550 3209 90 28 license,

48 3231 124 29 goodwill,
198 3232 135 28 out-houses,
358 3235 41 21 &c.
438 3236 58 22 Also
520 3243 13 15 a
555 3237 86 27 garden

47 3258 75 24 under
130 3258 42 23 full
182 3265 60 21 crop,
252 3260 44 22 and
306 3260 50 22 well
364 3261 90 24 fenced.
483 3263 56 28 May
548 3263 28 23 be
586 3271 54 15 seen

48 3293 32 16 on
110 3285 134 29 application
272 3291 24 18 to
322 3287 39 23 the
388 3290 133 28 proprietor,
544 3298 31 15 on
604 3291 38 23 the

47 3319 116 23 premises.

400 3342 90 24 Henry
505 3344 109 24 Garrod.

276 3385 54 22 For
344 3387 72 27 Sale,

48 3419 54 51 A
117 3418 158 23 SUPERIOR
289 3419 65 22 small
372 3420 61 23 sized
443 3422 73 28 piano,
527 3430 29 16 an
568 3423 74 24 excel-

129 3446 48 22 lent
194 3445 69 23 tuned
276 3446 143 29 instrument,
430 3449 47 21 and
494 3450 79 23 almost
584 3458 56 16 new.

52 3472 136 24 Immediate
198 3472 134 29 application
340 3474 20 21 is
369 3481 118 22 necessary
497 3481 23 17 to

369 3506 84 25 Waitt
468 3509 44 22 and
527 3511 85 24 Tyser.
646 3510 2 25 i

47 3554 54 47 A
114 3551 87 24 VERY
212 3552 137 22 convenient
355 3552 47 22 and
410 3553 60 27 good
480 3555 91 23 Canada
577 3560 63 20 stove

127 3586 52 21 may
189 3579 28 23 be
233 3579 45 22 had
295 3586 29 15 on
340 3579 139 29 application
498 3584 24 20 to
541 3582 99 25 William
646 3578 2 30 i

46 3606 124 28 Swainson,
181 3606 62 28 Esq.,
258 3606 82 23 F.R.S.

74 3639 128 29 High-cliff,
214 3640 181 23 Thorndon-flat.
646 3629 2 30 I

224 3676 66 20 Price
303 3675 33 22 £5
365 3677 32 20 Ob.
426 3675 37 22 Od.

47 3719 54 49 A
116 3719 112 23 YOUNG
242 3720 71 22 MAN
326 3719 51 23 who
387 3719 41 23 has
438 3720 58 23 been
507 3723 100 26 engaged
616 3723 24 22 in

120 3754 14 14 a
142 3747 131 23 mercantile
282 3746 71 23 house
363 3747 25 22 in
398 3747 105 27 London,
513 3749 19 21 is
543 3749 99 24 desirous

47 3773 28 25 of
92 3773 117 30 obtaining
226 3773 153 30 employment
402 3782 24 14 as
449 3775 62 22 clerk
530 3782 26 15 or
571 3781 70 18 store-

47 3799 91 28 keeper.
167 3801 78 29 Salary
255 3805 41 19 not
304 3801 58 23 such
372 3808 29 16 an
413 3801 75 29 object
497 3809 25 15 as
530 3810 14 14 a
553 3810 88 21 perma-

47 3830 58 18 nent
122 3827 113 23 situation.
276 3828 100 22 Address
395 3829 32 28 by
445 3829 67 22 letter
530 3833 23 18 to
576 3830 62 28 L.Z.,

49 3853 89 21 Gazette
147 3854 70 28 office,
229 3855 143 28 Wellington.

96 3898 95 28 OUND,
211 3899 23 23 A
254 3900 75 22 COW.
360 3900 49 23 The
426 3908 78 16 owner
522 3909 41 15 can
584 3902 56 23 have

122 3924 40 23 her
172 3933 28 15 on
210 3926 77 28 giving
303 3928 38 21 the
358 3935 82 22 proper
457 3928 143 29 description,
611 3930 28 29 by

47 3951 109 29 applying-
163 3956 23 18 to
193 3951 46 25 Mr-
250 3954 103 28 Butler,
363 3955 183 29 Pound-keeper.

75 3984 146 30 Wellington,
233 3987 80 23 March
322 3985 34 30 22,

2180 127 131 29 Binding^
2489 130 5 7 '

1906 161 114 51 BOOK
2034 159 161 26 'BINDING*
2209 161 59 23 done
2291 157 85 28 atf'tlie
2398 161 96 26 Gazettt

1981 186 85 26 Ofiice'.'
2086 187 77 12 "'■'■
2347 190 22 25 y
2416 187 31 14 >■•
2466 197 3 3 •
2483 196 4 4 ■

1906 231 87 36 T^OR
2006 234 79 22 SALE
2098 237 26 19 at
2135 233 47 23 this
2197 232 71 24 office.
2286 232 80 29 Hymn
2380 233 74 23 Books
2467 233 26 24 in

1906 255 67 27 X?.
1975 261 47 23 the,
2024 261 75 22 native
2107 261 125 27 language..
2263 280 3 4 ,
2294 282 3 3 .

1929 292 128 23 December
2065 295 34 25 28,
2110 295 63 21 1841.
2437 303 57 23 ___-

1998 345 157 27 Stationery
2171 346 62 28 just
2245 345 154 27 unpacked.
2410 368 5 4 ,

1906 376 72 49 ON
1992 376 87 28 SALE,
2093 381 24 19 at
2126 379 38 21 the
2175 379 86 21 Gazette
2277 378 82 27 Office,-
2373 384 29 16 an
2413 380 81 20 exten-

1912 425 5 10 t
1981 403 103 30 siye'and
2093 405 78 23 varied
2178 408 137 21 assortment
2329 406 27 21 of
2371 405 123 27 stationery

1906 430 25 22 of
1941 436 68 21 every
2019 429 148 29 description.'
2195 432 6 8 '
2218 432 9 11 r
2247 431 13 8 "'
2296 441 3 4 •
2371 431 109 13 ->.-.'.,

1931 456 103 27 January
2044 457 19 26 7,
2077 458 63 22 1842.

1906 518 220 24 WHOLESALE
2156 520 126 26 PRICES
2315 520 179 29 CURRENT*

1927 570 2 3 ■
1949 579 3 3 .
1983 575 4 3 .
2006 563 134 16 CORRECTED
2154 564 29 15 UP
2197 565 30 15 TO
2240 566 57 15 LAST
2313 565 81 17 MIGHT.
2411 567 3 17 ]
2438 565 18 19 J.

2148 598 3 9 i
2172 606 18 5 
2202 603 5 2 -
2245 592 18 18 £
2285 597 16 13 i.
2324 593 20 17 d.
2398 592 18 18 £
2437 596 18 16 i,
2475 592 19 18 4.

1906 618 63 22 Ale:
1985 617 29 23 In
2023 618 78 29 bottle,
2115 626 42 21 per
2166 619 66 23 doz..
2248 622 15 20 0
2278 622 27 21 13
2320 623 26 20 .0
2362 636 20 7 ..
2399 623 15 20 0
2441 622 15 21 0
2482 623 12 20 0

2007 645 87 23 Elliot's
2101 654 41 19 per
2148 647 54 21 hhd.
2211 648 51 20 ..&
2290 650 15 19 0
2331 650 15 19 0
2362 662 20 7 ...
2399 650 31 20 0,
2440 650 15 19 0
2481 650 13 20 0

1906 672 114 22 Arrack:
2034 672 45 22 Per
2086 673 45 26 gal.
2142 673 24 22 in
2177 673 60 22 bond
2249 676 17 19 O
2293 676 11 19 1
2331 676 16 20 9
2362 689 20 7 ..
2399 677 15 20 0
2440 676 15 21 0
2481 679 13 20 0

1906 699 79 21 Bread
1994 706 6 15 :
2016 699 42 22 Per
2065 699 47 23 2lb.
2124 700 49 22 loaf
2187 714 47 10 .....
2251 702 15 20 0
2293 702 15 20 0
2332 702 15 21 8
2363 715 20 8 ..
2400 704 15 19 0
2441 703 15 20 0
2482 704 12 19 0

1906 725 73 23 Beef:
1995 725 77 29 Fresh,
2091 733 90 16 carcase
2197 734 40 21 per

2022 753 24 21 lb
2247 755 15 20 0
2289 755 14 19 0
2319 755 26 21 10
2362 768 20 8 ..
2398 757 15 20 0
2481 756 13 21 0

2014 779 53 27 Salt,
2079 786 41 21 per
2132 780 69 22 tierce
2213 795 19 6 ..
2249 782 16 20 6
2280 782 27 20 10
2332 782 15 21 0
2363 795 20 7 ..
2402 784 14 19 0
2442 783 15 21 0
2484 783 10 20 0

2014 806 44 22 Do.
2067 814 41 19 per
2122 807 75 22 barrel
2213 821 19 7 ..
2249 809 16 20 4
2280 809 27 20 10
2333 809 15 20 0
2364 821 19 7 ..
2401 810 21 19 0,
2441 810 15 20 0
2460 821 8 15 c
2483 810 11 20 0

1906 832 95 22 Butter
2007 840 5 14 :
2028 833 65 28 Irish,
2103 841 42 20 per
2153 834 30 22 lb.
2213 848 8 6 .
2227 848 7 7 .
2251 836 15 20 0
2295 836 10 20 1
2333 836 14 20 9
2364 848 7 6 .
2378 849 5 7 .
2402 837 13 19 0
2442 836 15 21 0
2484 836 10 21 0

2027 859 69 23 Fresh
2227 863 39 20 .0
2292 863 15 20 3
2332 862 15 21 3
2364 875 19 7 ..
2401 863 15 20 2
2441 863 53 20 00

1906 885 110 24 naknvx:
2031 886 59 22 First
2096 887 94 28 quality,
2198 895 40 21 per

2056 913 76 27 gallon
2142 914 22 21 in
2176 915 60 21 bond
2249 917 15 19 0
2291 916 15 20 6
2333 916 14 21 0
2364 929 19 7 ..
2401 916 14 20 0
2441 916 15 21 9
2482 917 12 20 0

1906 940 88 22 Brown
2013 940 87 22 Stout:
2124 947 40 21 per
2178 940 54 22 hhd.
2247 943 14 19 0
2289 943 14 20 0
2329 944 15 19 0
2361 956 19 6 ..
2399 943 14 20 6
2440 944 15 19 0
2481 944 13 19 0

1906 967 101 23 Cigars:
2019 966 102 28 Manilla,
2129 974 40 21 per
2175 969 60 26 1000,
2249 969 98 21 3100
2362 983 20 6 ..
2399 969 15 22 4
2441 970 14 20 0
2482 970 12 20 0

2014 993 100 23 Inferior
2249 996 15 20 2
2286 996 20 22 ,0
2332 997 15 20 0
2363 1009 19 7 ..
2400 997 14 19 0
2441 996 14 21 0
2482 998 12 19 0

2016 1021 138 26 Havannah,
2159 1021 76 28 perlb.
2249 1023 14 20 0
2279 1023 26 20 16
2331 1024 15 19 0
2362 1035 19 7 ..
2401 1023 11 20 1
2441 1024 14 19 0
2481 1024 13 20 0

2015 1047 127 23 Chinsurah
2146 1054 39 20 per
2191 1049 70 21 10001
2278 1050 26 20 15
2331 1050 15 20 0
2362 1062 19 7 ..
2399 1050 14 20 0
2440 1050 14 20 0
2481 1050 13 21 0

2014 1074 157 23 Alexandrian
2183 1089 47 7 ....
2249 1076 12 20 1
2278 1076 27 21 10
2331 1077 14 20 0
2361 1089 20 8 ..
2399 1077 23 20 0-
2440 1077 15 20 0
2481 1078 13 19 0

1906 1102 89 21 Coffee
2001 1108 6 15 :
2017 1101 65 27 Java,
2092 1109 42 20 per
2141 1102 23 22 lb
2249 1104 15 20 0
2292 1104 14 20 0
2332 1104 15 20 0
2363 1116 6 7 .
2376 1117 6 6 .
2399 1104 15 19 0
2442 1103 11 21 1
2482 1104 12 20 4

1906 1129 92 22 Cheese
2005 1136 5 14 :
2025 1128 108 22 Cheshire
2250 1131 14 20 0
2293 1130 10 21 1
2331 1130 51 21 6..
2400 1130 14 21 0
2441 1131 53 20 00

2024 1155 56 22 Pine
2089 1155 75 28 Apple
2250 1158 14 19 0
2292 1158 14 19 0
2333 1158 14 19 0
2364 1170 18 7 ..
2401 1158 14 19 0
2442 1157 52 21 12

2023 1181 77 22 Dutch
2251 1184 15 20 0
2293 1184 14 21 0
2333 1184 14 20 0
2364 1197 19 7 ..
2401 1184 54 21 01
2483 1185 11 20 0

1907 1209 107 22 Candles
2020 1216 6 14 :
2032 1209 95 26 English
2135 1216 57 20 wax,
2198 1216 40 21 per

2051 1235 24 22 lb
2251 1238 14 20 0
2293 1237 14 21 3
2333 1237 14 20 6
2365 1250 18 7 ..
2401 1238 15 21 0
2442 1238 16 21 0
2484 1239 10 20 0

2037 1262 83 22 Mould
2250 1265 14 20 0
2293 1264 12 20 0
2333 1265 14 19 0
2364 1277 19 7 ..
2401 1265 14 21 0
2443 1265 12 20 1
2483 1266 11 20 0

2038 1289 58 28 Dips
2249 1292 15 19 0
2291 1292 14 20 0
2319 1291 27 20 10
2363 1304 19 7 ..
2399 1292 15 21 0
2441 1292 15 20 0
2482 1294 12 19 0

1907 1316 94 23 Flour:
2010 1316 133 28 lstquality,
2154 1323 39 21 per
2197 1320 38 19 ton

2031 1344 25 21 of
2067 1344 55 21 2000
2133 1344 33 21 lbs
2234 1345 30 20 30
2291 1345 14 20 0
2331 1346 14 19 0
2363 1345 51 21 ..33
2441 1346 14 20 0
2482 1347 12 20 0

2007 1370 46 22 2nd
2063 1369 56 22 ditto
2237 1371 28 21 25
2293 1372 13 21 0
2333 1372 14 20 0
2364 1385 19 7 ..
2401 1373 14 20 0
2442 1374 14 19 0
2482 1375 12 20 0

1907 1398 62 22 Gin:
1990 1397 54 22 Pale
2059 1398 25 21 in
2095 1397 60 22 bond
2251 1400 14 19 0
2293 1398 12 20 0
2333 1399 14 20 0
2364 1412 19 7 ..
2400 1400 15 20 0
2441 1400 15 19 2
2482 1402 12 19 6

1957 1424 63 27 Case,
2029 1426 15 19 4
2049 1423 36 28 gal
2095 1426 39 19 4-5
2141 1425 24 21 in
2176 1425 59 22 bond
2252 1426 9 20 1
2291 1426 14 21 2
2333 1426 14 20 0
2364 1438 19 8 ..
2401 1427 14 20 0
2441 1426 14 20 0
2482 1430 12 19 o

1908 1454 19 18 ri
1934 1459 44 14 ams
1985 1459 6 14 :
2152 1452 84 27 perlb.
2252 1454 14 19 0
2294 1454 13 20 0
2335 1453 13 20 0
2365 1466 18 7 ..
2402 1454 14 20 0
2444 1454 11 21 1
2484 1456 10 20 0

1907 1478 128 22 Mustard:
2051 1478 125 22 Perdozen
2253 1481 14 19 0
2281 1480 26 21 15
2335 1480 13 20 0
2366 1478 21 21 ..'
2402 1482 14 19 0
2444 1482 14 19 0
2484 1484 10 19 0

1907 1505 116 22 Mutton:
2044 1505 95 22 Carcase
2149 1511 40 21 per
2197 1505 23 22 lb
2230 1522 6 5 .
2252 1507 15 20 0
2293 1508 14 19 0
2334 1507 14 19 9
2366 1520 17 7 ..
2402 1508 14 20 0
2443 1508 14 20 0
2472 1508 22 22 11

1907 1532 125 22 Muskets:
2047 1531 95 22 Walnut
2148 1532 91 22 stocked
2253 1534 14 20 0
2295 1535 12 20 0
2335 1534 13 20 0
2366 1547 18 7 ..
2402 1536 14 19 0
2431 1535 25 20 15
2484 1538 10 19 0

1908 1559 79 22 Milk.
2003 1559 43 22 Per
2051 1558 52 28 pint
2253 1561 14 20 0
2294 1562 13 19 0
2335 1561 12 20 3
2366 1574 19 7 ..
2402 1562 14 20 0
2443 1563 15 19 0
2484 1564 10 19 0

1908 1586 44 22 Oil
1960 1593 6 15 :
1981 1586 105 25 Linseed,
2096 1593 41 20 per
2145 1585 76 28 gallon
2230 1588 36 21 .0
2293 1588 12 20 5
2335 1588 13 20 0
2366 1602 5 6 .
2378 1601 6 7 .
2402 1590 13 19 0
2444 1589 13 21 7
2485 1591 9 20 0

1982 1612 78 28 Black,
2065 1612 23 22 in
2093 1612 174 28 cask,pertonls
2295 1616 13 20 0
2335 1616 14 19 0
2366 1628 18 7 ..
2402 1617 14 19 0
2444 1616 14 20 0
2484 1618 10 19 0

2020 1640 80 25 Sperm
2237 1642 27 21 75
2292 1642 12 19 0
2333 1642 12 19 0
2364 1656 19 6 ..
2401 1643 12 19 0
2443 1642 12 20 0
2484 1644 10 19 0

1908 1667 78 22 Pork:
2001 1666 76 28 Fresh,
2095 1673 90 16 carcase
2200 1675 40 20 per

2025 1694 23 21 lb
2251 1696 14 20 0
2293 1697 13 20 0
2333 1696 14 21 4
2364 1710 19 6 ..
2401 1698 14 20 0
2442 1698 14 19 0
2483 1699 11 20 0

1908 1720 66 23 Pork
1981 1728 5 14 :
2002 1720 66 27 Irish,
2079 1728 41 20 per
2129 1720 72 23 barrel
2214 1736 5 5 .
2226 1736 6 6 .
2251 1723 15 20 0
2293 1724 13 21 0
2334 1724 13 20 0
2364 1736 6 8 .
2377 1737 6 7 .
2401 1724 14 21 5
2442 1725 15 20 0
2484 1726 10 20 0

1908 1748 133 22 Potatoes:
2060 1747 57 22 New
2131 1747 107 29 Zealand,

2084 1782 42 20 per
2135 1779 38 18 ton
2186 1790 46 7 ....
2251 1776 13 21 5
2293 1778 13 20 0
2334 1778 13 20 0
2364 1790 7 7 .
2378 1790 6 7 .
2401 1778 14 21 8
2442 1779 14 20 0
2483 1779 11 21 0

1909 1802 93 23 Porter
2011 1809 6 15 :
2045 1802 104 27 Dunbar,
2159 1802 25 22 in
2190 1803 46 22 bot.

2075 1836 41 20 per
2126 1830 42 20 doz
2251 1831 14 20 0
2281 1831 25 21 12
2333 1832 14 19 0
2364 1844 5 7 .
2376 1845 7 6 .
2401 1833 22 19 0*
2442 1833 14 20 0
2482 1834 12 19 0

2016 1856 88 28 Bryant
2113 1856 45 22 and
2168 1856 70 23 Davis
2252 1858 14 21 0
2281 1858 25 21 12
2333 1859 14 20 0
2364 1872 6 7 .
2377 1872 6 7 .
2401 1860 14 20 0
2442 1861 14 19 0
2482 1861 12 19 0

1908 1883 99 22 Pickles
2018 1891 5 14 :
2054 1884 70 21 Assoi
2129 1887 7 9 v
2138 1883 33 27 ed,
2200 1891 41 20 per

2081 1910 59 26 doz.,
2164 1914 76 24 quarts
2255 1912 11 20 1
2295 1913 11 20 1
2336 1913 14 20 0
2366 1925 19 7 ..
2403 1914 15 20 0
2445 1914 13 20 0
2484 1914 10 19 0

1908 1937 75 22 Pitch
1994 1944 6 15 :
2032 1937 139 28 Stockholm,
2199 1945 42 20 per

2059 1964 72 22 barrel
2255 1967 13 20 0
2295 1967 13 21 0
2336 1967 14 21 0
2366 1980 19 7 ..
2404 1967 11 21 1
2432 1968 26 20 15
2485 1969 9 20 0

1909 1991 81 22 Plank
1997 1998 6 14 :
2030 1990 55 22 Port
2107 1991 132 28 Nicholson,

2057 2025 41 21 per
2107 2019 40 21 100
2156 2019 46 21 feet
2215 2033 5 6 .
2227 2033 7 6 .
2253 2020 54 21 019
2335 2021 14 21 0
2365 2035 6 5 .
2378 2034 6 6 .
2404 2021 11 21 1
2444 2022 11 21 1
2484 2023 10 20 0

1908 2044 70 22 Rice:
1991 2045 110 21 Common
2110 2052 40 20 per
2156 2048 50 18 cwt.
2216 2059 19 6 ..
2254 2048 14 18 0
2295 2048 13 18 0
2335 2048 15 19 0
2366 2059 7 7 .
2379 2060 6 6 .
2404 2048 12 20 1
2444 2050 14 18 0
2484 2050 10 18 0

1991 2071 66 21 Good
2253 2073 14 21 0
2294 2074 13 20 0
2335 2074 14 20 0
2366 2087 19 6 ..
2402 2076 14 18 0
2444 2075 12 20 0
2484 2077 10 19 0

1908 2098 56 22 Rum
1971 2106 6 14 :
1994 2098 24 22 P.
2029 2098 26 22 B.
2067 2098 34 26 P.,
2115 2105 40 21 per
2164 2098 77 27 gallon

2030 2125 24 21 in
2070 2124 62 22 bond
2254 2127 14 20 0
2294 2127 14 21 4
2336 2127 12 19 0
2367 2141 19 6 ..
2404 2129 14 19 0
2444 2128 13 21 5
2484 2129 10 21 0

1908 2152 89 22 Sugar:
2014 2152 120 22 Mauritius
2145 2159 39 20 per
2190 2157 51 17 cwt.
2255 2155 14 19 0
2295 2155 15 19 0
2337 2155 14 20 0
2368 2167 17 7 ..
2404 2156 14 20 0
2445 2157 13 19 0
2485 2158 9 18 0

2018 2179 82 21 Brown
2116 2178 55 23 ditto
2188 2194 46 6 ....
2252 2181 15 21 2
2294 2181 12 19 0
2336 2182 81 21 0..0
2444 2184 14 20 0
2484 2184 10 20 0

2019 2206 98 22 Refined
2132 2206 53 27 loaf,
2202 2214 40 20 per

2044 2233 24 22 lb
2256 2236 13 20 0
2296 2235 14 21 0
2337 2235 15 21 9
2368 2249 19 6 ..
2404 2237 14 19 0
2446 2237 13 20 0
2486 2237 8 21 0

2019 2260 98 22 Manilla
2138 2268 38 20 per
2189 2264 50 19 cwt.
2254 2263 14 21 0
2295 2263 14 20 0
2336 2265 14 19 0
2368 2276 17 6 ..
2404 2263 14 20 2
2444 2264 14 20 2
2484 2265 10 19 0

1909 2287 61 22 Salt
1978 2294 5 15 :
1999 2287 129 28 Liverpool,
2136 2294 40 21 per
2186 2293 39 17 ton
2234 2290 35 20 .3
2295 2290 15 20 0
2336 2291 14 20 0
2368 2303 6 7 .
2380 2303 7 7 .
2399 2291 19 20 4
2446 2292 12 20 0
2485 2292 9 20 0

1909 2315 61 21 Soap
1978 2322 7 15 :
2011 2314 104 22 Hawes's
2137 2315 104 28 London,

2035 2349 41 20 per
2083 2346 41 18 ton
2240 2343 28 22 40
2295 2344 13 21 0
2336 2345 14 20 0
2367 2357 18 7 ..
2404 2344 13 20 0
2445 2345 14 21 0
2485 2346 9 20 0

2028 2369 119 27 Liverpool
2239 2371 29 21 36
2295 2371 14 21 0
2336 2372 15 20 0
2367 2385 18 6 ..
2402 2373 16 20 0
2444 2372 12 20 0
2484 2373 10 20 0

1908 2395 106 23 Starch:
2030 2395 75 23 Perlb
2256 2399 14 20 0
2296 2399 15 19 0
2337 2399 82 21 9..0
2446 2400 14 20 0
2485 2401 9 19 0

1909 2423 144 22 Scantling:
2069 2423 45 22 Per
2121 2425 39 20 100
2169 2424 68 22 feet..
2256 2426 15 20 0
2285 2425 25 21 IS
2338 2426 14 20 0
2368 2439 19 7 ..
2407 2427 10 20 1
2446 2427 14 20 0
2485 2428 9 19 0

1909 2451 128 21 Shingles:
2054 2450 43 22 Per
2104 2452 62 26 1000,
2174 2451 65 22 N.Z.
2256 2453 11 20 1
2295 2453 14 20 7
2336 2453 14 20 0
2368 2466 18 6 ..
2404 2454 14 19 0
2445 2454 13 19 0
2484 2454 10 20 0

2039 2477 73 28 Ditto,
2135 2477 104 23 V.D.L.
2254 2480 14 20 2
2293 2479 15 21 5
2336 2480 14 20 0
2366 2493 19 7 ..
2403 2481 15 20 0
2444 2482 14 19 0
2483 2482 11 19 0

1908 2505 64 22 Tar:
1988 2505 54 21 Coal
2256 2507 11 20 1
2295 2507 14 19 5
2337 2507 15 20 0
2369 2520 18 6 ..
2406 2508 14 19 0
2446 2508 14 20 0
2486 2509 8 19 0

1992 2531 131 23 Stockholm
2258 2534 52 21 115
2338 2534 49 20 0..
2406 2535 14 19 0
2446 2535 14 20 0
2486 2536 8 19 0

1908 2558 64 23 Tea:
1982 2559 80 28 Hyson
2067 2559 58 27 skin,
2131 2566 40 21 per
2180 2559 64 22 chest
2257 2562 14 20 0
2296 2562 16 19 0
2338 2561 82 21 05..12
2435 2561 25 21 12
2486 2562 8 19 0

1908 2585 106 23 Tobacco
2023 2594 5 13 :
2041 2586 144 28 Negrohead,
2202 2594 42 20 per

2067 2613 25 21 lb
2256 2616 15 19 0
2297 2615 11 21 1
2338 2614 14 21 8
2369 2628 19 7 ..
2406 2616 14 20 0
2447 2615 13 20 0
2487 2616 7 20 0

1908 2639 166 23 Turpentine:
2090 2642 43 19 Fer
2137 2641 100 26 gallon..
2256 2642 14 21 0
2296 2644 14 19 8
2338 2642 14 21 0
2368 2655 19 8 ..
2406 2643 14 20 0
2446 2644 14 20 0
2486 2643 8 20 0

1910 2666 162 23 Whalebone:
2088 2667 44 21 Per
2140 2672 40 17 ton
2190 2682 5 5 .
2202 2682 6 5 .
2217 2682 6 6 .
2231 2682 4 5 .
2242 2668 26 21 85
2295 2671 15 18 0
2337 2671 13 18 0
2368 2670 51 21 ..90
2445 2671 14 20 0
2484 2670 10 21 0

1908 2693 83 22 Wine:
2007 2693 89 28 Sherry,
2107 2701 40 20 per
2155 2694 51 27 pipe
2216 2696 52 20 ..28
2295 2696 15 21 0
2337 2696 14 21 0
2367 2698 53 19 ..40
2445 2698 14 19 0
2485 2698 9 19 0

2017 2721 72 27 Ditto,
2105 2728 40 20 per
2159 2721 81 22 dozen.
2255 2723 12 20 1
2294 2723 16 21 4
2336 2723 14 20 0
2367 2736 20 7 ..
2404 2724 14 20 2
2446 2725 14 20 0
2486 2725 8 19 0

1909 2774 123 23 Poultry:
2047 2774 82 28 Fowls,
2134 2781 41 22 per
2181 2775 61 28 pair.
2258 2777 14 20 0
2297 2776 14 21 8
2339 2777 13 20 0
2369 2790 19 6 ..
2407 2777 14 20 0
2435 2778 26 20 16
2487 2778 7 19 0

2046 2802 86 28 Ducks,
2142 2802 57 22 ditto
2218 2804 50 20 ..1
2296 2805 16 20 0
2339 2804 13 20 0
2369 2816 19 7 ..
2408 2804 11 21 1
2435 2805 27 20 10
2487 2805 7 20 (1

2048 2829 80 28 Geese;
2140 2829 55 22 each
2218 2844 6 6 .
2232 2844 5 7 .
2257 2831 12 20 1
2296 2832 15 19 0
2338 2831 13 20 0
2368 2844 6 7 .
2381 2844 6 6 .
2406 2832 14 21 0
2448 2832 13 20 0
2487 2832 7 19 G

2046 2856 110 28 Turkeys,
2168 2856 56 23 each
2260 2858 10 20 1
2298 2858 15 21 0
2340 2859 36 20 0.
2383 2871 7 6 .
2408 2859 14 20 0
2449 2859 13 20 0
2488 2859 6 20 C

2047 2884 105 27 Pigeons,
2162 2884 80 28 (wild,)

2074 2919 41 20 per
2124 2911 48 28 pair
2193 2912 79 21 ....0
2298 2912 15 21 0
2341 2912 14 21 0
2371 2925 19 7 ..
2409 2914 14 20 0
2449 2912 13 21 0
2488 2912 6 20 C

2046 2938 86 27 Ducks,
2141 2938 36 22 do.
2188 2938 54 23 do..
2259 2940 14 20 0
2300 2939 13 20 5
2341 2940 14 19 0
2371 2952 19 7 ..
2408 2940 14 20 0
2448 2940 14 20 0
2487 2939 7 20 C

1909 2965 65 23 Eggs
1980 2973 7 15 :
2001 2966 45 22 Per
2055 2965 74 23 dozen
2260 2968 14 19 0
2300 2966 14 21 3
2341 2966 81 21 0..0
2448 2966 14 21 3
2487 2966 7 20 6

1910 3020 78 22 Cows:
2003 3018 74 24 Milch
2221 3022 53 20 ..20
2299 3022 15 20 0
2340 3021 15 20 0
2370 3021 52 20 ..30
2448 3020 13 21 0
2486 3020 8 19 0

1910 3048 97 21 Mares:
2023 3046 77 23 Brood
2244 3049 28 20 50
2298 3049 14 20 0
2339 3048 14 20 0
2369 3049 52 19 ..90
2446 3048 14 20 0
2485 3047 9 20 0

1912 3074 115 22 Working
2046 3074 133 22 Bullocks:
2201 3074 45 22 Per

1937 3102 50 27 pair
2167 3105 11 17 .-
2245 3102 29 21 40
2300 3102 14 20 0
2340 3102 15 20 0
2370 3102 52 20 ..60
2448 3102 14 20 0
2486 3100 8 21 0

1910 3128 66 22 Hire
1987 3135 26 15 of
2023 3135 69 15 ditto
2100 3135 5 15 :
2122 3128 42 23 Per
2171 3128 52 27 day,
2232 3135 14 15 a

1938 3159 61 19 team
2008 3155 46 22 and
2061 3155 75 23 driver
2260 3156 10 20 1
2299 3156 14 20 0
2339 3155 15 20 0
2369 3168 19 7 ..
2406 3155 15 20 2
2448 3155 14 20 0
2487 3154 7 20 0

1910 3182 90 23 Sheep:
2016 3182 63 22 Each
2258 3183 12 21 1
2298 3183 13 20 8
2338 3182 14 20 0
2368 3194 19 8 ..
2406 3182 11 20 1
2434 3182 27 21 10
2486 3181 8 20 0

1910 3210 65 22 Boat
1985 3209 75 23 Hire:
2075 3209 44 23 Per
2124 3209 50 28 day,
2180 3209 64 22 with-
2404 3209 7 9 '

2104 3242 39 17 out
2152 3236 87 22 hands.
2255 3236 55 20 010
2336 3236 14 20 0
2366 3248 19 7 ..
2405 3235 11 21 1
2446 3236 14 21 0
2485 3235 9 20 0

1911 3291 100 23 Wages:
2039 3289 139 27 Mechanics,
2202 3296 42 21 per

2066 3317 62 23 week
2256 3316 14 20 2
2296 3316 14 20 0
2338 3316 82 22 0..3
2447 3317 14 21 0
2485 3316 9 20 0

2047 3344 127 23 Labourers
2190 3356 47 8 ....
2257 3343 10 21 1
2283 3343 27 21 10
2314 3344 38 20 -0
2368 3357 19 7 ..
2408 3345 10 19 1
2434 3344 26 20 16
2484 3343 10 20 0

1932 3407 39 16 The
1983 3406 48 17 New
2041 3405 99 17 Zealand
2150 3404 93 16 Gazette
2249 3403 37 17 and
2298 3403 133 17 Wellington
2444 3404 50 16 Spec-

1910 3432 66 12 tator
1981 3427 16 17 is
2003 3425 97 23 published
2107 3429 54 17 every
2167 3425 114 20 Wednesday
2291 3425 37 16 aud
2338 3425 94 21 Saturday.
2453 3425 41 16 Sub-

1907 3449 64 20 joined
1977 3452 32 13 are
2016 3448 30 16 the
2053 3449 65 14 terms:
2119 3454 23 4 —

1932 3477 63 16 KviCE
2002 3479 25 12 of
2033 3479 41 12 the
2081 3474 97 17 Paper.—
2178 3473 56 22 Forty
2239 3472 85 21 shillings
2329 3477 33 17 per
2371 3477 76 16 annum!
2457 3476 37 18 pay*

1910 3498 42 16 able
1957 3498 20 16 in
1983 3497 80 16 advance
2068 3501 5 15 ;
2083 3499 22 13 or
2110 3499 35 13 one
2151 3495 77 21 shilling
2234 3495 28 16 for
2268 3494 59 21 single
2333 3496 92 15 numbers.

1932 3525 189 17 Advertisements.
2121 3530 22 5 —
2143 3523 33 16 Six
2185 3522 48 17 lines
2244 3522 36 17 and
2291 3522 64 20 under,
2366 3523 26 16 3s.
2399 3521 29 18 6d.
2434 3521 26 17 for
2467 3520 26 16 th«

1910 3545 42 18 first
1960 3545 95 18 insertion,
2067 3543 37 18 and
2114 3547 34 13 one
2159 3543 76 21 shilling
2241 3545 27 15 tor
2274 3544 46 16 each
2326 3545 111 19 subsequent
2442 3544 52 14 inser-

1911 3567 49 19 tion;
1971 3566 47 17 from
2024 3566 29 16 six
2061 3567 19 15 to
2087 3567 30 14 ten
2124 3564 54 20 lines,
2185 3568 36 14 nve
2229 3564 85 21 shillings
2324 3564 29 18 for
2363 3564 31 17 the
2404 3564 44 19 iirst,
2458 3561 32 18 aud

1911 3592 35 12 one
1957 3587 75 20 shilling
2041 3586 37 17 and
2089 3589 86 17 sixpence
2185 3585 29 18 for
2224 3586 45 17 each
2279 3587 113 19 subsequent
2401 3585 82 17 insertion
2488 3585 4 16 ;

1910 3610 57 15 above
1978 3611 31 14 ten
2018 3608 55 18 lines,
2084 3606 35 17 five
2129 3606 87 21 shillings
2226 3608 29 15 for
2266 3606 30 17 ths
2306 3607 39 16 tirst
2356 3609 32 14 ten
2397 3606 52 18 lines,
2460 3606 34 14 »u<V

1910 3630 99 21 fourpence
2013 3632 33 17 per
2051 3628 40 16 line
2096 3628 28 16 for
2131 3628 31 16 the
2169 3632 65 12 excess
2241 3628 21 16 of
2269 3628 41 16 that
2315 3628 77 16 number
2396 3632 6 15 ;
2413 3626 35 17 and
2454 3623 40 18 two?

1910 3655 58 17 pence
1974 3654 32 17 per
2011 3650 38 16 line
2055 3649 29 16 for
2091 3649 45 16 each
2141 3650 115 19 subsequent
2260 3649 95 17 insertion.

1933 3677 157 18 Advertisements
2096 3676 38 17 will
2140 3679 33 14 not
2178 3681 68 17 appear
2255 3676 19 18 in
2286 3676 31 17 the
2327 3676 78 21 ensuing
2415 3674 72 18 number

1912 3700 17 16 if
1936 3699 83 17 received
2025 3696 103 19 laterthan'
2136 3698 20 17 10
2162 3697 75 20 o'clock,
2244 3702 49 15 a.m.,
2300 3702 23 12 on
2331 3698 30 16 the
2368 3700 90 16 mornings
2466 3695 25 17 be*

1911 3722 39 16 fore
1962 3719 119 23 publication.
2103 3718 159 19 Advertisements
2275 3719 37 16 will
2324 3719 21 16 be
2355 3718 96 17 coutinued
2458 3718 31 14 au«

1911 3741 78 21 charged
2000 3740 49 17 until
2057 3740 168 20 counter-ordered;
2237 3740 45 17 such
2289 3740 52 16 order
2347 3742 50 14 must
2404 3740 20 15 be
2430 3739 61 15 senuo

1912 3763 32 16 the
1954 3762 54 16 Office
2020 3763 36 14 two
2075 3761 44 21 days
2137 3761 62 17 betore
2209 3761 118 21 publication,
2338 3760 36 17 aud
2384 3761 49 15 must
2443 3759 20 16 be
2472 3760 17 13 in

1912 3784 78 20 writing.
2014 3782 158 17 Advertisements
2185 3782 82 17 received
2286 3782 52 21 after
2354 3782 21 16 10
2390 3780 71 17 o'clock,
2469 3781 20 13 on

1912 3804 83 20 Tuesday
2008 3804 37 16 and
2056 3803 66 22 .Friday
2133 3803 95 22 mornings
2239 3803 36 17 will
2287 3804 20 15 be
2319 3801 76 21 chaiged
2406 3804 49 13 twice
2463 3801 28 14 tnt

1912 3825 54 18 usual
1971 3827 54 15 rates.
2035 3837 5 4 .

1933 3852 31 18 All
1969 3852 68 20 or,ders,
2047 3852 161 19 advertisements,
2218 3851 37 17 and
2264 3849 162 18 communications
2437 3850 19 14 to
2465 3846 28 17 th§

1912 3874 70 19 Editor,
1988 3877 31 13 are
2026 3874 97 20 requested
2128 3876 20 14 to
2155 3874 21 16 be
2183 3873 98 17 addressed
2287 3875 18 13 to
2311 3872 38 16 this
2355 3871 61 16 Office.

761 150 5 3 .
861 133 29 21 J.
897 127 49 31 ,M.*
958 132 110 27 Taylor,
1096 132 5 2 '
1112 132 2 5 '
1185 146 33 11 »,,
1237 151 5 3 .

685 165 154 25 LICENSED
861 164 245 25 CUSTOM-HOUSE
1127 163 117 30 AGENT,

684 200 34 19 '■*
962 207 52 15 ARO.
1042 203 3 9 '

907 244 114 25 ToLet,

670 278 232 52 PLEASANTLY
915 277 96 24 situated
1026 277 25 22 in
1061 276 39 23 the
1113 276 49 23 best
1175 279 51 25 part
1234 276 29 23 of

743 307 28 21 of
779 306 38 21 the
827 309 67 23 town,
906 312 29 15 an
950 304 93 28 English
1060 308 94 23 cottage,
1165 304 94 22 consist-

669 335 41 26 ing
730 334 27 21 of
776 336 43 18 two
842 339 75 14 rooms
939 331 46 22 and
1006 330 100 25 kitchen',
1129 330 63 22 lined
1214 330 45 22 and

670 359 104 29 papered,
785 358 53 23 with
853 358 64 22 brick
930 358 111 26 chimney,
1147 356 110 28 attached,

670 387 47 22 arid
732 393 67 19 every
809 384 66 28 thing
890 384 49 23 that
954 391 42 16 can
1010 384 102 23 conduce
1124 387 22 19 to
1155 384 103 22 comfort,

670 414 45 22 lor
723 412 138 30 particulars,
872 412 67 28 apply
949 415 23 18 to
990 414 2 6 '
1063 429 3 7 ,
1099 414 19 15 v

1013 437 24 22 J.
1052 437 35 23 M.
1101 436 102 28 Taylor,

744 487 7 13 x
1133 470 34 22 Te
1177 471 54 21 Aro.

819 518 40 21 To
873 517 35 21 be
923 516 65 21 Sold
1008 522 30 15 or
1051 516 59 21 Let.

669 551 14 13 rpWOr
684 551 79 31 pWo
776 550 101 22 Wooden
888 549 97 26 Houses,
995 546 263 27 ontheTinakore-road,

679 572 25 26 JL
746 577 39 22 the
803 576 83 23 second
904 583 50 15 acre
972 576 59 22 from
1050 574 95 28 Captain
1161 573 97 27 Smith's,

701 619 5 3 ■
715 604 130 27 containing
858 603 50 22 four
917 609 74 15 rooms
1001 601 44 23 and
1061 609 14 13 a
1088 608 99 21 passage,
1203 599 56 23 each

670 630 54 23 with
741 631 52 22 zinc
810 629 75 26 roofs,'
903 629 47 22 and
971 629 24 21 in
1019 635 68 20 every
1105 631 87 24 respect
1211 626 47 23 well

670 657 102 23 finished.
800 657 78 22 Terms
882 654 50 24 —lf
939 655 55 27 sold,
1004 655 62 22 £150
1076 655 34 21 for
1117 654 54 22 each
1178 654 68 22 house
1252 661 6 20 ;

669 685 20 21 if
700 685 38 26 let,
750 685 32 22 £1
793 691 40 21 per
842 683 64 23 week'
910 683 39 21 for
958 682 56 22 each
1022 682 79 22 house.
1128 681 76 27 Apply
1214 685 23 18 to

1063 715 75 22 James
1152 714 80 23 Watt.

695 744 145 27 Wellington,
849 744 59 21 Nov.
917 743 35 27 27,
960 744 62 21 1841.

725 791 40 20 To
776 789 86 22 Stand
876 791 29 19 to
920 789 85 27 Coyer
1019 786 57 23 this
1093 787 112 26 Season,

832 824 32 21 At
873 823 141 26 Berhampore
1023 822 72 27 Farm,
1190 818 5 27 ',
1210 833 4 6 «

670 857 59 24 That
737 857 52 23 well
797 857 83 23 known
889 856 66 22 horse
965 856 89 27 Figaro,
1070 856 38 22 the
1122 858 105 25 property
1237 855 25 22 of

679 888 23 9 ••'
739 890 4 5 '
819 903 4 4 .
853 884 78 22 James
942 883 67 26 Watt,
1021 883 52 28 Esq.
1129 895 4 3 -
1186 885 9 14 -'
1227 902 4 3 .

671 918 147 49 FIGARO
828 925 45 15 was
882 916 75 23 foaled
965 916 23 23 in
1001 916 124 23 December
1143 916 62 27 1837,
1221 918 38 26 got

743 945 31 27 by
784 946 116 26 Operator,
912 944 51 21 dam
974 943 118 27 Adelaide,
1101 943 164 27 byTheorum,'

660 974 2 25 |
699 972 109 28 Operator
817 979 45 14 was
871 970 73 23 foaled
955 970 23 22 in
989 972 60 25 1832,
1061 974 38 23 got
1112 970 29 26 by
1159 970 99 26 Emilius,

671 999 51 22 dam
733 998 123 22 Worthless
864 998 30 28 by
906 997 96 27 Walton,
1014 1000 40 19 out
1063 997 27 22 of
1102 996 120 22 Altisidora
1230 997 29 27 by

671 1026 58 21 Dick
739 1025 118 22 Andrews.

697 1052 76 28 Every
781 1052 111 22 attention
901 1050 46 23 will
956 1050 27 23 be
993 1050 53 28 paid
1056 1054 22 18 to
1092 1057 73 15 mares
1179 1054 50 19 sent
1238 1053 22 19 to

670 1079 55 22 him.
832 1087 3 4 -
864 1083 4 4 '

698 1106 98 27 Charges
805 1105 44 22 -for
867 1104 56 23 each
941 1111 67 19 mare,
1028 1103 55 23 with
1101 1111 13 14 a
1132 1108 127 22 guarantee,

671 1140 67 15 seven
748 1132 104 28 guineas;
869 1132 93 22 without
969 1135 132 23 guarantee,
1110 1130 45 23 five
1161 1132 97 26 guineas,

671 1160 127 26 Groomage
807 1159 113 22 included.
1112 1155 3 8 '

904 1203 119 21 Wanted

671 1239 52 48 A
737 1238 73 22 MAN
824 1237 46 23 and
885 1237 35 22 his
936 1237 83 22 WIFE
1033 1244 25 15 as
1071 1237 69 22 house
1156 1240 103 19 servants.

762 1264 75 29 Apply
845 1268 23 18 to
878 1264 46 23 Mr.
935 1263 81 28 Watt,
1027 1264 149 28 Berhampore
1186 1264 73 22 Farm.

901 1310 127 25 Wanted,

673 1345 50 48 A
737 1343 134 23 NUMBER
887 1343 38 22 OF
942 1343 155 22 WHALERS
1108 1347 23 19 to
1141 1343 118 32 engagejn

751 1371 107 22 Barrett's
869 1371 92 27 Fishery
972 1374 23 18 at
1004 1371 121 22 Taranaki.
1153 1368 108 30 AppljTtd

830 1404 132 26 Ridgways,
979 1404 108 27 Guyton,
1101 1404 45 22 and
1161 1404 72 22 Earp.

913 1450 108 21 Notice.

672 1483 93 50 ALL
779 1483 137 23 PERSONS
931 1483 85 28 having
1032 1491 46 20 any
1092 1483 66 23 claim
1174 1484 87 27 against

752 1511 77 21 James
848 1510 62 28 King
926 1517 39 15 are
983 1511 117 27 requested
1119 1513 24 19 to
1162 1510 56 22 send
1237 1511 22 21 in

671 1538 58 22 their
748 1539 118 25 accounts;
891 1536 46 23 and
956 1537 30 21 all
1005 1538 82 27 parties
1104 1537 50 22 that
1172 1544 38 15 are
1225 1538 35 21 in-

673 1564 82 22 debted
769 1567 22 19 to
802 1564 38 22 the
855 1563 110 23 aforesaid
985 1564 16 22 f.
1013 1564 30 22 K.
1059 1571 37 15 are
1105 1565 118 26 requested
1239 1567 21 19 to

672 1592 65 22 settle
746 1599 31 20 up
786 1590 152 29 immediately
947 1598 25 15 as
981 1590 30 23 he
1023 1591 21 22 is
1052 1591 70 23 about
1130 1593 23 19 to
1167 1592 94 27 proceed

673 1623 22 17 to
704 1618 93 23 Nelson.
1012 1630 13 12 ,«

1037 1650 12 8 •'
1073 1644 76 23 James
1161 1644 72 24 King.

699 1679 195 28 Lambton-Quay,
901 1678 151 28 .Wellington,
1063 1678 80 24 March
1153 1680 35 26 22,
1200 1680 59 21 1842.

862 1726 93 20 James
970 1725 101 27 Spiers.

671 1759 193 24 PROSPECT
887 1759 212 23 BOARDING
1124 1759 135 28 HOUSE,

755 1794 129 15 GUILDFORD
898 1794 111 20 TERRACE,
1020 1795 55 14 HILL
1090 1793 92 21 STREET,

725 1821 28 21 In
772 1822 35 20 the
825 1828 50 14 rear
892 1821 29 26 of
934 1822 42 20 Dr.
995 1821 90 21 Evans's
1098 1822 112 21 residence.

854 1863 75 14 TERMS
943 1863 132 14 MODERATE.

678 1900 99 22 TTOHN
802 1899 111 28 HALES,
938 1901 201 26 Cabinet-maker,
1168 1900 93 22 Uphol-

671 1923 27 27 O
736 1934 94 20 sterer,
848 1927 190 26 Paper-hanger,
1054 1928 40 22 &c.
1110 1929 49 25 &c,
1173 1927 55 27 begs
1239 1931 21 19 to

671 1957 77 19 return
758 1954 35 22 his
802 1955 86 21 sincere
899 1954 81 22 thanks
990 1958 23 18 to
1030 1954 35 22 his
1075 1954 83 22 friends
1168 1955 44 21 and
1223 1954 37 22 the

671 1981 76 32 public
766 1981 25 22 of
804 1981 54 22 Port
876 1981 124 23 Nicholson
1015 1981 116 28 generally
1150 1981 35 23 for
1204 1981 57 23 their

671 2003 56 27 kind
742 2012 129 24 patronage,
885 2008 46 22 and
945 2009 24 21 in
986 2009 112 26 soliciting
1113 2008 58 22 their
1186 2008 73 22 future

671 2039 98 23 support,
786 2035 63 21 takes
859 2035 43 21 this
917 2035 146 31 opportunity
1077 2035 26 21 of
1116 2033 145 30 annouwiifrj*;

671 2061 48 22 that
729 2061 29 22 he
771 2061 90 22 intends
871 2061 98 27 keeping
978 2068 14 14 a
1001 2061 154 23 considerable
1165 2063 63 21 stock
1238 2063 25 21 of

671 2088 108 22 seasoned
790 2087 64 24 wood
863 2088 26 22 of
897 2088 28 22 all
936 2088 146 28 descriptions
1097 2096 28 14 on
1137 2088 67 27 hand,
1216 2089 44 22 and

671 2123 44 19 any
733 2115 75 22 orders
827 2115 73 22 which
919 2115 53 28 they
989 2123 53 19 may
1055 2116 74 27 please
1146 2119 22 18 to
1181 2115 80 23 favour

671 2143 46 21 him
728 2142 52 22 with
791 2142 44 22 will
845 2142 28 22 be
883 2142 117 28 diligently
1011 2143 110 22 executed
1131 2150 29 14 on
1171 2150 89 15 reason-

670 2169 51 23 able
732 2173 76 18 terms.

699 2197 58 22 N.B.
757 2207 28 5 —
786 2197 23 21 A
819 2196 92 28 turning
917 2195 61 23 lathe
990 2204 28 15 on
1029 2196 38 22 the
1077 2196 116 28 premises.

698 2230 197 28 Ingestrie-street,
905 2230 32 23 Te
947 2230 48 22 Aro
1006 2230 58 23 Flat.

670 2282 202 50 WNEAL,
894 2284 88 21 Watch
1004 2282 46 23 and
1072 2283 76 22 Clock
1165 2283 94 27 Maker,

744 2321 11 12 •
798 2310 56 28 begs
872 2310 144 27 respectfully
1035 2313 22 18 to
1077 2310 81 22 inform
1174 2310 38 22 the
1227 2310 34 23 in-

669 2337 115 22 habitants
802 2337 26 22 of
844 2337 54 22 Port
904 2336 133 28 Nicholson,
1055 2337 48 27 &c,
1120 2336 50 23 that
1179 2337 28 22 he
1222 2337 39 22 has

670 2364 107 23 removed
790 2364 33 22 his
838 2364 101 23 business
957 2364 50 22 S.E.
1018 2364 27 21 of
1056 2364 91 22 Messrs.
1158 2364 103 23 Bethune

670 2392 45 21 and
727 2391 115 27 Hunter's,
854 2391 46 22 and
910 2391 76 27 hopes,
997 2391 31 27 by
1037 2392 62 21 strict
1109 2392 117 26 attention,
1238 2395 23 18 to

670 2418 67 22 merit
753 2426 12 14 a
782 2418 150 22 continuance
949 2418 25 22 of
991 2418 57 21 their
1063 2418 96 28 favours,
1178 2418 83 28 having

670 2446 45 21 had
725 2447 26 20 20
763 2445 70 27 years'
844 2445 133 28 experience
986 2444 24 23 in
1021 2444 102 23 London.

697 2472 40 22 All
756 2472 66 22 kinds
838 2473 26 21 of
875 2473 94 26 foreign,
988 2472 101 27 British,-
1094 2472 101 27 musical,
1216 2473 45 21 and

669 2500 117 27 repeating
792 2500 97 21 watches
895 2500 44 21 and
950 2498 83 28 clocks,
1040 2499 45 22 and
1093 2499 167 23 chronometers

670 2526 94 23 cleaned
773 2526 45 22 and
828 2527 108 27 repaired.

779 2561 58 22 N.B.
838 2571 29 5 —
869 2560 96 23 Musical
974 2560 71 22 boxes
1054 2560 110 27 repaired.

670 2607 39 20 To
720 2606 46 22 the
776 2606 163 21 Mercantile
950 2606 55 21 and
1023 2605 134 29 Shipping
1171 2606 89 21 Inter-

793 2635 57 19 ests
861 2633 31 21 of
903 2634 66 20 Port
979 2633 162 21 Nicholson.

670 2667 158 34 rpHOMAS
846 2667 106 22 BEVAN
971 2667 46 22 and
1033 2667 83 26 SONS,
1129 2667 56 22 New
1201 2667 60 22 Zea-

678 2689 28 28 X
731 2702 60 15 LAND
811 2701 59 16 ROPE
890 2701 44 15 AND
955 2701 76 15 TWINE
1054 2701 205 20 MANUFACTURERS,

670 2723 43 27 beg
728 2725 23 19 to
760 2722 83 22 inform
852 2721 59 22 their
919 2721 85 22 friends
1017 2722 46 21 and
1073 2721 36 22 the
1119 2721 82 28 public,
1213 2721 48 22 that

670 2749 53 28 they
732 2748 58 23 have
805 2748 108 23 removed
929 2752 23 18 to
967 2748 59 22 their
1042 2756 50 14 new
1108 2749 107 27 premises
1231 2755 28 15 on

670 2776 191 27 Lambton-quay,
875 2783 80 15 corner
971 2776 26 21 of
1014 2775 158 27 Willis-street,
1188 2776 73 21 where

670 2811 67 20 every
748 2804 76 21 article
834 2803 24 22 in
866 2802 37 23 the
913 2803 72 22 above
995 2802 75 23 trades
1078 2810 53 20 may
1141 2803 27 22 be
1178 2802 44 23 had
1231 2810 29 15 on

669 2830 38 23 the
717 2830 95 23 shortest
822 2830 84 22 notice.

696 2857 95 28 Fishing
799 2862 57 22 nets,
866 2860 65 24 mats,
943 2857 50 27 &c,
1003 2856 67 23 made
1078 2856 47 23 and
1134 2856 108 28 repaired.

696 2884 27 23 T.
732 2884 26 23 B.
769 2885 44 22 and
825 2884 59 22 Sons
893 2891 37 14 are
937 2882 70 30 ready
1018 2887 22 19 to
1051 2884 124 22 undertake
1183 2887 78 25 export

670 2912 76 22 orders
756 2915 23 18 to
788 2919 45 20 any
844 2914 83 24 extent,
939 2918 29 15 on
978 2910 132 23 reasonable
1121 2915 75 18 terms.

695 2945 131 23 November
833 2947 36 25 30,
882 2946 60 21 1841.

670 2992 40 21 To
732 2992 46 21 the
799 2990 169 25 Merchants,
991 2991 198 26 Ship-owners,
1205 2992 54 24 &c,

824 3018 32 21 of
868 3018 66 21 Port
948 3017 162 22 Nicholson.

668 3050 108 48 TD.
800 3050 104 23 PRATT
926 3050 55 27 begs
997 3054 61 18 most
1073 3050 146 29 respectfully
1237 3053 22 19 to

717 3087 11 11 •
758 3081 79 19 return
853 3077 34 23 his
900 3077 81 22 thanks
997 3078 36 22 for
1051 3077 38 23 the
1103 3078 90 22 favours
1208 3084 53 16 con-

732 3105 73 22 ferred
822 3112 29 15 on
868 3104 54 27 him,
933 3104 67 22 while
1016 3104 24 22 in
1058 3105 139 27 partnership
1209 3104 50 22 with

667 3132 46 22 •Mr.
724 3131 27 23 T.
762 3132 85 27 Bevan,
859 3131 45 23 and
914 3133 54 26 begs
979 3135 22 18 to
1011 3131 83 23 inform
1104 3131 61 23 them
1176 3127 47 27 that
1232 3131 27 22 he

670 3159 18 22 is
696 3166 53 15 now
758 3159 182 27 manufacturing
949 3166 66 19 ropes
1018 3175 5 15 ?
1033 3159 64 27 lines,
1108 3159 75 27 twine,
1193 3159 27 22 of
1230 3158 29 22 all

670 3185 147 29 descriptions
825 3194 5 20 ;
847 3190 59 18 mats
918 3186 28 22 of
958 3185 32 23 all
1004 3193 65 20 sizes,
1090 3187 41 22 &c.
1169 3186 92 27 Fishing

670 3217 50 19 nets
738 3213 66 23 made
822 3213 45 23 and
885 3213 110 28 repaired,
1014 3213 45 22 and
1078 3220 68 21 every
1165 3213 54 23 kind
1239 3213 24 22 of

670 3240 78 23 article
761 3240 24 22 in
802 3240 38 23 the
857 3240 70 22 above
943 3239 54 28 line,
1015 3239 32 23 all
1061 3240 59 22 from
1136 3239 55 24 New
1205 3241 55 22 Zea-

670 3267 55 22 land
739 3267 54 28 flax,
804 3268 46 22 and
863 3274 31 16 on
904 3267 37 22 the
951 3270 61 19 most
1020 3267 130 22 reasonable
1161 3267 97 28 charges.

665 3302 50 22 .No.
732 3303 20 26 1,
776 3301 234 27 Molesworth-street,
1037 3300 147 29 Wellington,
1209 3302 51 22 Port

758 3335 3 4 '
797 3327 3 6 '
901 3328 131 22 Nicholson.
1261 3326 10 36 I

670 3375 52 48 A
750 3373 133 28 HEWITT,
894 3373 162 26 FrsHMONGER,
1067 3373 112 23 Lambton
1187 3374 79 28 Quay/

725 3411 12 12 «
754 3400 147 28 Wellington,
907 3404 89 19 returns
1005 3399 36 23 his
1050 3401 86 22 sincere
1146 3401 82 22 thanks
1238 3406 23 17 to

670 3427 38 22 the
727 3427 139 22 inhabitants
885 3428 26 21 of
930 3427 46 22 this
993 3427 87 28 Colony
1097 3427 35 22 for
1150 3427 38 24 the
1207 3434 53 21 very

669 3454 80 23 liberal
767 3457 93 28 support
875 3454 29 23 he
916 3453 42 23 has
974 3454 99 22 hithert*
1087 3455 111 28 received,
1215 3451 46 37 anjd

670 3482 54 27 begs
733 3485 23 18 to
764 3481 85 22 inform
859 3481 60 22 them
930 3481 49 22 that
993 3481 28 22 he
1031 3481 40 22 has
1080 3481 66 23 made
1156 3488 105 22 arrange-

665 3512 79 20 ments
758 3509 37 22 for
812 3516 14 14 a
840 3511 105 20 constant
960 3508 82 28 supply
1060 3509 27 21 of
1106 3509 38 22 the
1163 3509 99 22 choicest

670 3536 102 22 varieties
781 3535 27 22 of
818 3535 50 28 fish,
886 3535 73 22 which
976 3536 28 21 he
1021 3535 139 29 confidently
1175 3543 86 15 recomm-

669 3563 81 22 ends
757 3566 24 19 to
790 3562 40 23 the
837 3562 76 29 public
922 3570 26 15 as
953 3563 70 26 being
1030 3562 27 23 of
1067 3563 38 22 the
1113 3563 49 22 best
1167 3563 92 28 quality.

697 3597 83 22 Orders
788 3597 36 22 for
833 3596 106 29 shipping
946 3597 112 28 received,
1072 3597 47 22 and
1128 3597 133 29 punctually

669 3624 108 23 attended
786 3628 30 18 to.
1214 3624 8 27 \

704 3664 4 4 ■
731 3667 3 3 ■
824 3658 100 16 OYSTERS
939 3658 73 16 FRESH
1028 3658 77 16 DAILY.
1207 3650 9 32 /

696 3684 64 28 Also,
771 3692 14 15 a
794 3685 81 29 supply
885 3685 26 22 of
925 3684 130 29 vegetables
1070 3684 61 24 fresh
1145 3680 65 31 from]
1221 3685 39 23 the

669 3712 85 27 garden
764 3712 68 28 daily.
1198 3711 6 31 \

894 3757 30 23 H.
939 3757 96 27 READ,

805 3794 120 21 Tinman
935 3794 55 21 and
1000 3793 122 27 Brazier,
1182 3782 10 33 /

746 3825 63 23 Near
817 3827 39 22 the
868 3827 156 27 Court-house,
1037 3826 147 29 Wellington,]

811 3878 88 22 Town
913 3879 87 21 Acres
1014 3881 31 19 to
1059 3880 58 20 Let.
1167 3876 12 24 7

668 3910 181 51 NUMBERS
860 3917 29 16 on
899 3912 39 22 the
946 3902 244 38 Surveyor-Generalfs
1200 3920 59 20 map,

858 3938 41 22 510
1063 3940 43 21 2C3
1160 3927 11 46 /

696 3965 44 23 For
746 3964 139 29 particulars,
896 3964 68 30 apply
971 3968 24 20 to
1004 3965 109 29 Wallace,
1125 3966 83 32 Wjjmte,
1216 3967 46 23 and

669 3991 106 24 Wallace.
1132 4004 4 3 •
1152 3988 9 26 /
1186 4002 5 4 *

1346 155 6 6 t
1359 123 24 34 ,r
1390 123 17 36 f
1588 123 143 33 harvey;
1745 125 10 5 ~
1823 125 17 31 .;
1847 127 18 29 '.

1475 156 4 7 '
1494 156 103 38 T&iipt,
1611 153 62 35 &cV
1759 157 117 13 '■■"'•■••

1338 211 5 8 -.
1374 212 16 3 -•
1414 197 116 27 Adjoining
1543 197 72 22 Kurnu
1630 197 52 21 Toto
1695 196 57 28 Pah,

1501 237 159 21 WELLINGTON,

1287 264 106 49 BEGS
1407 267 24 20 to
1447 267 78 20 return
1542 261 82 25 thanks
1640 268 23 18 to
1680 264 51 26 the,
1734 271 46 21 gen
1781 266 36 25 try
1830 262 46 23 and

1361 291 76 27 public
1448 292 23 21 of
1480 291 59 22 New
1548 291 100 22 Zealand
1654 291 38 22 for
1700 291 38 22 the
1747 291 92 27 support
1846 290 34 26 he,

1285 318 41 21 has
1340 318 104 21 received
1458 318 60 22 from
1534 317 61 22 them
1610 317 67 23 since'
1685 318 38 21 he'
1729 316 147 23 commenced

1285 344 108 27 business,
1411 344 45 23 arid
1475 344 29 22 he
1522 351 87 16 assures
1625 344 61 22 them
1703 344 50 22 that
1767 344 20 21 it
1803 344 20 21 is
1840 343 36 22 his

1285 370 111 23 intention
1406 374 24 19 to
1440 371 106 22 continue
1555 371 35 22 his
1606 374 58 19 most
1679 374 119 19 strenuous
1813 376 63 15 exer-

1286 397 58 22 tions
1353 401 23 18 to
1387 398 67 21 merit
1462 405 15 14 a
1486 398 149 22 continuance
1645 398 26 22 of
1678 397 58 22 their
1745 401 130 23 patronage.

1313 430 25 22 C.
1348 431 28 22 H.
1388 431 63 22 takes
1466 430 46 23 this
1533 431 143 28 opportunity
1691 430 26 22 of
1727 430 84 27 stating
1828 429 49 22 that

1287 456 33 22 his
1330 457 62 23 stock
1402 458 94 22 consist's
1506 458 28 21 of
1545 465 13 14 a
1566 457 59 27 good
1635 457 86 28 variety
1731 457 28 21 of
1764 455 111 28 superfine

1286 483 78 28 cloths,
1374 483 112 28 doeskins,
1503 485 90 24 tweeds,
1609 484 129 27 moleskins,
1750 483 124 25 velveteen,

1287 510 54 27 pilot
1356 510 67 28 cloth,
1435 511 40 21 &c.
1486 511 50 27 &c,
1550 511 46 22 and
1610 511 35 21 his
1660 511 96 26 charges
1767 509 47 27 (for
1827 510 49 20 cash

1286 538 58 25 only)
1355 537 123 22 moderate.
1530 553 3 5 .
1631 557 6 6 „
1663 558 2 5 ,
1736 555 4 8 ,

1421 587 30 8 ""'
1466 587 4 4 '
1510 586 3 5 '
1541 587 82 26 'Uxult
1679 585 20 11 "'

1289 617 42 21 One
1338 617 50 20 mile
1397 622 26 14 on
1433 617 37 19 the
1477 617 57 20 Port
1542 617 113 20 Nicholson
1663 615 46 22 side
1718 615 27 27 of
1757 615 118 22 Waikanai.

1291 650 88 49 MR.
1395 649 136 23 JENKINS
1547 650 53 27 begs
1615 654 23 17 to
1650 657 129 19 announce,
1790 650 48 21 that
1847 649 29 22 he

1378 676 40 22 has
1428 676 88 28 opened
1517 678 4 7 1
1527 684 14 15 a
1550 677 76 22 House
1633 676 35 23 for
1677 676 38 22 the
1723 676 153 23 convenience

1287 704 26 21 of
1327 704 37 21 the
1382 703 81 28 public,
1480 704 46 21 and
1543 707 66 18 trusts
1620 704 53 24 .that
1682 703 46 24 ,the
1743 702 71 23 board
1831 702 46 23 and

1287 730 91 27 lodging
1399 729 29 23 he
1449 730 104 31 provides
1571 730 47 22 will
1635 736 77 16 secure
1731 729 49 23 him
1797 729 79 22 liberal

1287 761 98 23 support.

1314 786 45 19 Mr.
1369 782 97 23 Jenkins
1480 789 44 16 can
1533 786 24 19 at
1569 782 31 23 all
1609 783 65 22 times
1683 782 94 28 provide
1790 782 87 28 gentle-

1288 817 50 15 men
1349 810 53 22 with
1412 810 37 22 the
1459 817 78 15 means
1545 810 26 21 of
1576 810 104 27 crossing-
1683 814 23 17 to
1716 810 88 27 Kapiti.

1315 836 63 28 Urui,
1390 837 109 27 January,
1511 838 60 21 1842.
1633 852 2 5 .
1674 857 6 4 .
1717 849 5 3 -
1754 847 4 13 ;

1536 882 90 21 Otaki.

1291 909 90 48 MR.
1404 908 129 23 TAYLOR
1555 909 54 27 begs
1632 911 22 19 to
1677 908 104 22 intimate
1800 911 24 19 to
1842 907 35 23 his

1364 935 86 23 friends
1459 936 46 21 and
1514 936 38 22 the
1562 935 74 27 public
1642 935 51 22 that
1701 936 28 20 he
1740 934 41 22 has
1790 934 88 27 opened

1289 970 12 14 a
1312 962 76 22 House
1399 963 25 21 of
1439 963 181 21 Entertainment
1628 965 23 19 at
1668 961 75 27 Otaki,
1753 961 46 22 and
1808 961 69 28 hopes

1289 989 47 21 that
1343 989 38 21 the
1389 990 135 21 cleanliness
1531 989 43 22 and
1585 989 94 22 comfort
1687 989 26 21 of
1720 988 35 22 his
1762 988 115 22 establish-

1289 1019 63 19 ment
1369 1016 44 22 will
1430 1023 78 15 secure
1524 1016 46 22 him
1587 1023 15 15 a
1619 1016 79 22 liberal
1714 1015 66 22 share
1799 1015 24 22 of
1839 1015 38 22 the

1289 1042 73 28 public
1372 1047 131 27 patronage.

1316 1069 74 27 Qtaki,
1402 1070 102 27 January
1512 1071 35 26 21,
1558 1071 61 20 1842.

1501 1115 166 20 Manewatu.

1291 1141 90 49 MR.
1397 1140 84 22 BURR
1490 1141 63 21 takes
1559 1141 43 21 this
1613 1148 77 14 means
1700 1141 27 22 of
1733 1141 146 27 announcing

1381 1167 49 23 that
1445 1167 28 22 he
1487 1168 21 21 is
1522 1167 102 28 building
1633 1174 13 14 a
1660 1167 71 23 house
1739 1167 42 23 for'
1788 1168 39 21 the
1840 1174 37 15 ac-

1290 1194 164 22 commodation
1465 1195 26 21 of
1497 1194 38 22 the
1546 1194 80 28 public,
1634 1201 55 15 near
1699 1194 37 22 the
1747 1194 52 27 pah,
1809 1198 24 18 at
1839 1194 38 22 the

1290 1221 76 22 mouth
1374 1221 26 22 of
1407 1221 38 22 the
1455 1221 136 28 Manewatu,
1600 1221 72 22 which
1679 1221 29 22 he
1719 1225 91 24 expects
1820 1225 22 18 to
1851 1221 26 21 be

1289 1248 95 22 enabled
1394 1252 22 18 to
1425 1256 56 20 open
1491 1248 26 22 in
1527 1256 13 14 a
1550 1249 42 21 few
1606 1248 80 26 weeks,
1698 1247 64 23 when
1773 1248 27 22 he
1810 1251 69 19 trusts

1289 1275 54 22 that-
1353 1275 29 27 by
1392 1275 92 27 civility,
1495 1275 46 22 and
1555 1275 99 26 meeting
1670 1275 38 22 the
1726 1278 71 18 wants
1806 1275 26 21 of
1843 1274 36 22 his

1289 1306 134 23 supporters,
1434 1306 23 18 to
1466 1302 87 22 receive
1563 1301 77 23 liberal
1651 1304 199 25 encouragement.

1317 1329 143 27 Manewatu,,
1465 1329 100 26 January
1574 1330 35 25 22,
1621 1330 59 20 1842.

1499 1373 164 22 Education.

1289 1407 146 49 HENRY
1451 1407 160 23 ATKINSON
1628 1407 54 26 begs
1697 1407 66 22 leave
1773 1410 58 19 most
1843 1414 36 15 re-

1375 1435 120 27 spectfully
1512 1438 23 18 to
1550 1434 81 22 inform
1648 1435 39 21 the
1703 1434 138 23 inhabitants
1856 1435 26 21 of

1291 1461 142 27 Wellington,
1450 1462 48 21 that
1512 1461 28 22 he
1556 1461 40 22 has
1615 1461 88 28 opened
1722 1468 14 14 a
1753 1461 77 22 school
1849 1468 29 15 on

1287 1488 123 22 Thorndon
1428 1489 56 26 Flat,
1494 1489 25 22 in
1534 1488 37 22 the
1580 1495 48 15 rear
1637 1489 28 21 of
1677 1488 108 22 Barrett's
1802 1488 76 27 Hotel,

1289 1516 33 20 for
1336 1515 37 22 the
1392 1522 93 21 purpose
1505 1515 34 23 of
1548 1515 104 26 teaching
1665 1515 101 27 reading,
1782 1515 95 27 writing,

1289 1542 132 28 arithmetic,
1438 1543 44 21 and
1498 1542 104 27 practical
1616 1543 162 26 mensuration,
1797 1549 29 15 on
1840 1542 39 22 the

1476 1569 116 27 following
1605 1573 81 18 terms:

1315 1603 110 28 Reading,
1434 1603 72 22 under
1517 1604 12 22 7
1538 1610 64 20 years
1611 1602 25 23 of
1642 1610 51 20 age,
1701 1602 36 23 6d.
1745 1610 41 20 per
1795 1602 69 23 week.

1315 1630 45 22 Do.
1435 1630 71 22 above
1517 1630 47 22 that
1576 1637 62 20 age..
1647 1645 19 6 ..
1701 1631 30 20 Is.
1792 1629 36 22 do.

1315 1657 62 21 With
1385 1657 96 27 Writing
1700 1658 31 20 Is.
1740 1656 35 22 6d.
1792 1657 36 21 do.

1315 1684 61 22 With
1385 1684 135 22 Arithmetic
1697 1685 33 20 2s.
1792 1684 35 21 do.
1886 1684 2 22 i

1315 1710 62 22 With
1388 1711 110 22 Practical
1515 1711 155 22 Mensuration
1698 1711 31 23 2s.
1738 1710 36 22 6d.
1792 1710 35 22 do.
1886 1706 2 39 j

1287 1744 123 22 Thorndon
1421 1744 57 27 Flat,
1491 1744 79 22 March
1581 1746 19 25 1,
1612 1745 61 20 1842.

1501 1790 162 21 Education.

1291 1823 105 49 MRS.
1417 1822 46 22 and
1482 1822 70 22 MISS
1577 1822 192 23 WAKEFIELD
1792 1823 87 22 receive

1379 1849 75 28 pupils
1463 1857 30 15 on
1503 1849 37 22 the
1548 1849 116 28 following
1673 1853 70 19 terms
1749 1858 5 14 :
1755 1861 30 5 —

1316 1884 44 22 For
1377 1884 78 27 board,
1473 1884 56 22 with
1545 1884 101 27 washing
1660 1884 46 22 and
1721 1885 36 21 in-

1343 1911 108 21 struction
1456 1911 23 21 in
1484 1910 91 28 general
1582 1911 92 27 English
1681 1911 76 22 litera-

1342 1941 57 24 ture,
1415 1938 96 27 writing,
1525 1937 45 22 and
1581 1938 119 27 aritmetic,
1717 1946 40 20 per

1342 1969 91 23 quarter
1756 1967 13 21 8
1796 1967 14 21 8
1839 1968 14 20 0

1315 1992 78 22 Under
1402 1993 12 21 7
1425 1999 65 20 years
1499 1992 26 22 of
1536 1999 41 20 age
1757 1994 12 21 7
1797 1993 14 23 7
1839 1995 13 20 0

1315 2019 51 27 Day
1378 2019 104 22 boarders
1756 2021 14 20 4
1796 2021 15 21 4
1839 2022 14 20 0

1315 2046 51 27 Day
1376 2044 73 28 pupils
1757 2047 13 20 2
1797 2047 14 21 2
1838 2049 14 19 0

1314 2072 82 22 Junior
1406 2072 55 21 ditto
1759 2074 50 20 11l
1839 2075 14 20 6

1287 2106 96 28 French,
1398 2106 91 28 Italian,
1504 2106 44 22 and
1564 2105 115 28 Drawing,
1689 2105 33 23 £\
1739 2107 44 22 11s.
1793 2107 36 22 6d.
1840 2115 39 20 per

1533 2138 97 23 quarter.

1315 2166 91 24 Private
1414 2166 87 22 lessons
1508 2167 25 21 in
1543 2166 77 27 music,
1633 2174 26 14 or
1668 2173 47 20 any
1725 2166 27 22 of
1762 2166 37 24 the
1809 2167 70 22 above

1288 2194 109 22 branches
1408 2194 25 22 of
1446 2193 125 26 education,
1587 2200 41 15 one
1645 2193 77 23 hour's
1737 2194 141 27 instruction,

1288 2221 50 23 four
1346 2221 87 23 lessons
1450 2221 36 22 for
1495 2228 43 15 one
1546 2221 91 27 guinea.

1315 2255 136 22 References
1461 2258 22 19 to
1493 2254 38 23 the
1539 2254 115 28 following
1660 2254 131 28 gentlemen
1801 2254 79 29 kindly

1288 2283 121 28 permitted
1416 2290 6 13 :
1423 2293 29 5 —

1315 2316 64 28 Capt.
1390 2316 36 22 W.
1437 2315 33 23 M.
1482 2315 78 28 Smith,
1572 2316 68 27 R.A.,
1649 2316 231 28 Surveyor-General.

1315 2343 26 22 T.
1356 2343 29 22 M.
1399 2343 122 27 Partridge,
1533 2343 53 28 Esq.
1688 2357 6 4 -
1773 2366 4 5 ,
1788 2359 5 7 ,
1821 2348 4 6 '

1316 2371 23 21 S.
1350 2370 97 27 Revans,
1458 2370 54 28 Esq.
1653 2393 4 3 .
1756 2368 14 10 A

1439 2416 40 20 To
1494 2416 34 20 be
1543 2415 66 21 Sold
1624 2421 32 16 or
1670 2416 60 24 Let,

1289 2449 256 51 ABAKEHQUSE
1555 2449 45 21 and
1611 2448 86 23 OVEN
1708 2448 25 23 in
1742 2449 60 28 good
1809 2449 71 23 work-

1366 2477 40 27 ing
1417 2473 121 25 condition.
1568 2476 76 28 Apply
1655 2479 24 19 to

1365 2511 128 22 Anderson
1503 2510 44 22 and
1557 2510 111 27 Rowand,
1678 2510 194 30 Thorndon-iuay

1314 2544 144 27 Wellington,
1471 2544 115 27 February
1595 2545 33 25 24,
1641 2545 62 21 1842.

1360 2590 136 26 .Building
1510 2590 172 21 Allotments
1696 2591 30 20 to
1743 2590 59 23 Let.

1288 2624 91 33 rpHE
1398 2623 201 23 ADVERTISER
1613 2623 67 23 offers
1696 2630 61 21 upon
1773 2623 107 28 Building

1295 2646 30 28 JL
1364 2651 87 26 Leases,
1463 2658 14 14 a
1486 2651 97 21 number
1592 2651 25 21 of
1627 2650 72 22 Town
1708 2650 138 22 Allotments
1855 2651 23 21 in

1289 2678 36 23 the
1334 2682 65 23 most;
1402 2677 110 23 desirable
1520 2681 63 24 parts
1592 2678 24 22 of
1627 2677 46 22 this
1683 2677 142 23 Settlement.

1314 2705 49 23 The
1380 2705 113 22 attention
1509 2705 25 21 of
1552 2703 38 23 the
1606 2704 78 28 public
1700 2705 19 21 is
1735 2705 144 27 particularly

1288 2733 72 22 called
1378 2736 23 26 tp
1421 2732 37 22 the
1477 2731 125 28 advantage
1620 2732 28 22 of
1665 2731 108 28 Building
1790 2732 89 27 Leases,

1288 2759 72 22 which
1371 2759 36 22 the
1418 2758 151 28 undersigned
1578 2760 19 20 is
1607 2758 98 22 enabled
1714 2762 24 18 to
1747 2762 73 24 grant,
1829 2759 50 28 viz.,

1287 2787 58 22 from
1355 2794 68 15 seven
1434 2790 23 18 to
1473 2789 139 24 twenty-one
1629 2792 74 21 years,
1721 2785 121 28 according
1858 2789 22 19 to

1288 2814 38 22 the
1344 2812 66 23 vailue
1428 2813 26 22 of
1475 2813 38 22 the
1535 2813 116 27 buildings
1672 2813 112 28 proposed
1806 2816 24 19 to
1853 2813 27 22 be

1289 2840 95 27 erectejd.
1414 2840 77 29 Apply
1501 2843 23 19 to

1359 2863 5 30 j
1451 2867 24 22 J.
1491 2867 25 22 T.
1531 2866 148 27 Wicksteed,
1691 2874 26 15 or

1360 2903 2 5 •
1379 2915 5 4 .
1451 2894 38 22 W.
1504 2893 28 23 V.
1546 2894 110 27 Brewer,
1673 2894 194 22 Manners-street.

1289 2940 68 22 ITIO
1372 2939 39 22 BE
1426 2938 68 27 LET,
1511 2938 38 23 the
1566 2941 60 20 town
1645 2946 52 15 acre
1714 2938 44 23 No.
1769 2940 51 26 210,
1845 2946 29 15 on

1296 2961 29 27 X
1338 2963 16 31 '\
1362 2966 104 28 building
1475 2966 68 27 lease,
1552 2966 35 22 for
1596 2966 105 22 fourteen
1712 2973 72 21 years.

1315 2993 38 23 To/
1358 2993 27 22 be
1395 2994 33 21 let
1435 3001 24 14 or
1470 2993 55 27 sold,
1536 2993 38 22 the
1586 2996 58 19 town
1653 3001 52 15 acre
1715 2994 45 21 No.
1771 2994 49 22 642.

1323 3026 18 26 ,/.
1439 3032 5 4 '
1563 3027 23 22 J.
1600 3027 28 22 T.
1643 3027 148 27 Wicksteed,

1327 3048 7 36 /
1382 3051 4 5 '
1628 3053 225 23 Hawkstone-street.

1316 3088 13 36 •(
1457 3100 92 21 Beach
1562 3100 149 26 Frontage.

1289 3122 68 44 rj^O
1367 3133 40 22 BE
1421 3133 88 26 SOLD,
1519 3133 22 22 in
1551 3132 43 22 lots
1604 3132 26 22 of
1636 3136 41 18 not
1686 3132 45 22 less
1738 3131 54 23 than
1802 3133 28 22 20
1837 3132 45 23 feet

1296 3155 30 28 JL
1373 3161 29 21 in
1408 3176 3 5 .
1421 3160 101 27 breadth,
1541 3159 40 23 the
1600 3159 73 22 whole
1692 3159 27 23 of
1725 3177 2 5 .
1740 3159 36 22 the
1795 3160 86 22 section

1288 3187 44 33 2yo.
1340 3188 41 21 485
1391 3194 30 15 on
1432 3187 38 22 the
1478 3187 54 22 Plan
1538 3187 31 24 .of
1574 3186 37 22 the
1620 3186 71 22 Town
1702 3187 27 21 of
1735 3185 145 30 Wellington,

1288 3214 84 27 having
1380 3214 116 28 frontages
1505 3220 59 22 upon
1577 3213 184 29 Lambton-quay
1766 3214 46 22 and
1819 3222 62 20 .upon

1288 3241 243 28 Wellington-terrace.
1561 3240 113 23 One-half
1686 3244 22 19 ot
1726 3241 37 22 the
1772 3241 110 29 purchase

1283 3276 86 20 /money
1378 3268 45 23 will
1433 3269 27 21 be
1468 3267 94 22 allowed
1571 3272 22 17 to
1599 3267 88 22 remain
1696 3275 59 20 upon
1766 3273 116 23 mortgage

1287 3296 35 22 for
1331 3295 45 22 five
1385 3302 72 21 years,
1473 3299 25 18 at
1515 3296 26 21 10
1556 3302 39 20 per
1608 3298 60 19 cent.
1698 3295 80 22 Terms
1787 3303 53 21 may
1856 3297 26 21 be

1287 3322 92 23 learned
1390 3329 30 15 on
1430 3322 136 28 application
1578 3327 21 16 to

1350 3370 3 5 ,
1559 3349 101 22 Hanson
1675 3349 47 22 and
1736 3349 118 23 Alzdorf.
1873 3369 4 2 .
1886 3364 2 7 i

1425 3395 88 22 Town
1527 3395 77 21 Land
1616 3394 45 22 for
1674 3394 71 22 Sale.

1290 3427 93 52 THE
1397 3427 73 23 whole
1487 3428 26 22 of
1526 3432 60 18 town
1596 3429 99 22 sections
1710 3429 55 22 Nos.
1774 3430 56 27 285,.
1834 3430 47 26 106,

1364 3455 46 22 and
1426 3456 48 27 878,
1486 3455 45 22 and
1545 3460 49 23 part
1603 3455 27 22 of
1644 3459 62 19 town
1720 3456 99 22 sections
1825 3457 56 26 .204,

1287 3484 49 25 248,
1346 3483 47 21 and
1406 3483 42 21 528
1465 3490 38 15 are
1516 3482 82 23 offered
1607 3483 37 22 for
1653 3483 55 22 sale.
1738 3483 59 22 Half
1808 3483 26 22 of
1846 3483 36 22 the

1287 3509 110 29 purchase
1412 3516 84 20 money
1506 3513 23 18 to
1539 3510 86 22 remain
1636 3517 29 14 on
1682 3514 124 24 mortgage,
1818 3514 24 18 at
1856 3512 27 21 10

1288 3544 40 21 per
1336 3540 61 19 cent.
1426 3536 45 23 For
1480 3536 138 29 particulars,
1629 3536 68 29 apply
1707 3541 24 18 to
1739 3547 3 4 •

1546 3578 3 6 .
1562 3563 99 23 Hanson
1677 3564 46 22 and
1738 3564 117 22 Alzdorf.
1867 3576 2 7 <

1404 3610 124 26 Country
1544 3610 78 21 Land
1636 3610 44 21 for
1694 3610 70 22 Sale.
1801 3612 6 5 '

1289 3643 69 51 TO
1372 3643 40 22 BE
1426 3643 80 22 SOLD
1524 3643 35 22 IN
1576 3643 83 27 LOTS,
1675 3647 23 19 to
1715 3644 45 23 suit
1774 3644 40 22 the
1830 3651 54 16 con-

1338 3686 4 4 ■
1363 3670 112 23 venience
1485 3670 26 22 of
1516 3670 140 28 purchasers,
1666 3670 45 23 No.
1718 3671 46 22 3in
1775 3671 39 22 the
1823 3670 60 24 towii

1288 3697 93 27 district,
1392 3697 45 23 No.
1446 3698 30 21 44
1483 3698 25 21 in
1517 3697 38 22 the
1570 3697 60 23 Hutt
1640 3697 95 23 district,
1745 3698 45 22 and
1800 3698 46 23 No.
1856 3700 26 21 68

1287 3726 25 22 in
1329 3724 37 23 the
1386 3724 96 23 Porirua
1499 3724 86 23 district
1592 3731 5 16 :
1613 3724 52 22 half
1676 3724 27 22 of
1719 3724 38 22 the
1773 3725 110 28 purchase

1289 3759 82 21 money
1381 3751 45 22 will
1439 3751 30 22 be
1479 3751 95 22 allowed
1588 3754 22 19 to
1620 3751 88 22 remain
1719 3759 28 14 on
1757 3756 125 24 mortgage,

1288 3785 24 17 at
1322 3780 26 21 10
1356 3785 41 23 per
1407 3782 63 19 cent.'
1550 3778 139 29 particulars,
1778 3782 23 19 to

1564 3805 99 22 Hanson
1677 3810 47 17 and
1738 3806 118 22 Alzdorf.

1402 3851 80 21 Land
1495 3850 115 27 Agency
1620 3851 31 20 at
1663 3850 116 22 Nelson.
1787 3850 18 25 \

1296 3884 99 24 TOHN
1421 3884 35 22 W.
1476 3883 191 28 BARNICOAT,
1693 3883 124 24 Surveyor
1837 3891 46 16 and

1288 3914 27 21 tf
1353 3912 68 23 Civil
1435 3912 132 27 Engineer,
1582 3911 96 27 Nelson,
1697 3911 44 22 will
1761 3911 28 22 be
1809 3912 74 32 happy

1288 3945 24 18 to
1323 3947 86 21 engage
1423 3938 93 23 himself
1529 3939 24 22 in
1564 3938 37 23 the
1612 3938 72 23 above
1698 3938 83 23 named
1797 3946 88 21 capaci-

1288 3968 50 27 ties,
1349 3974 25 15 as
1383 3973 31 16 an
1427 3970 69 25 agent
1505 3966 36 23 for
1550 3966 37 23 the
1597 3966 110 23 selection
1718 3966 25 22 of
1752 3966 62 28 land,
1826 3973 25 16 or
1859 3966 25 23 in

1289 4001 44 20 any
1346 3994 64 22 other
1419 3999 50 21 Vrtsy
1480 3993 122 23 connected
1614 3993 54 23 with
1679 3992 34 25 his
1727 3994 144 26 professions*
