2569 4050
2129 2222 166 23 POSTAGE.

1945 2274 33 21 To
1994 2274 165 26 Subscribers,
2176 2282 77 15 other
2266 2276 147 22 Newspaper
2433 2277 72 22 Esta-

1919 2307 153 21 blishments,
2084 2309 47 14 and
2148 2302 158 22 Commanders
2323 2310 28 15 of
2366 2302 111 24 Vessels.
2480 2316 25 4 —

1919 2328 28 21 In
1957 2334 40 15 our
2006 2335 71 20 paper
2086 2328 26 21 of
2124 2328 131 27 September
2267 2331 38 25 30,
2315 2337 34 15 we
2359 2330 100 22 inserted
2469 2330 36 24 the

1919 2354 65 22 latest
1992 2355 141 27 regulations
2142 2354 70 23 about
2220 2356 103 28 Postage.
2351 2356 45 23 For
2404 2357 39 23 the
2453 2365 52 15 con-

1920 2381 107 23 venience
2045 2382 25 21 of
2088 2389 42 15 our
2145 2383 128 21 mercantile
2290 2383 95 27 friends',
2399 2392 34 14 we
2448 2384 57 24 have

1920 2408 88 28 printed
2018 2408 62 23 them
2095 2416 63 20 upon
2173 2416 14 15 a
2201 2410 51 22 half
2261 2410 64 22 sheet
2338 2411 27 21 of
2375 2418 76 25 paper,
2462 2411 43 23 and

1920 2435 53 27 they
1980 2443 43 14 can
2031 2443 51 15 now
2090 2436 29 22 be
2129 2437 155 28 conveniently
2288 2437 80 28 posted
2375 2445 25 15 in
2406 2446 30 14 an
2442 2439 63 23 office

1921 2462 35 22 for
1960 2463 97 24 .general
2065 2463 125 23 reference.

1949 2490 41 21 We
2001 2493 85 19 cannot
2095 2490 114 22 ourselves
2218 2490 77 28 gather
2304 2491 58 24 from
2373 2491 37 23 the
2419 2493 88 26 regula-

1923 2517 57 21 tions
1989 2517 39 21 the
2036 2521 94 23 postage
2140 2517 131 28 chargeable
2281 2526 62 23 upon
2360 2519 98 23 colonial
2468 2527 39 21 pa-

1921 2551 49 19 pers
1980 2544 79 26 posted
2074 2548 24 18 at
2115 2544 144 28 Wellington,
2269 2545 42 22 bu*
2327 2553 33 15 we
2375 2546 58 22 have
2449 2547 58 23 been

1921 2570 113 23 informed
2043 2571 49 22 that
2100 2570 39 22 the
2149 2578 50 15 sum
2211 2572 131 27 chargeable
2350 2573 20 22 is
2380 2580 44 16 one
2431 2581 76 20 penny

1921 2605 40 20 per
1968 2605 76 20 paper.
2072 2598 56 22 This
2137 2598 19 22 is
2166 2605 14 15 a
2189 2598 71 28 heavy
2269 2603 47 23 tax,
2327 2599 46 25 and
2381 2599 83 25 indeed
2474 2609 32 15 we

1922 2629 87 23 suspect
2017 2625 38 22 the
2064 2625 137 27 regulations
2211 2626 44 22 will
2267 2626 30 22 be
2311 2626 71 23 found
2391 2629 115 28 generally

1922 2655 22 19 to
1952 2652 56 22 bear
2018 2653 100 26 severely
2130 2659 60 21 upon
2199 2653 39 23 the
2248 2653 111 23 colonists.

1950 2679 47 22 One
2006 2686 77 21 penny
2098 2679 57 23 each
2171 2680 46 22 will
2229 2684 92 18 amount
2335 2684 24 19 to
2375 2681 63 27 eight
2453 2681 53 23 shil-

1921 2705 57 28 lings
1987 2707 45 21 and
2043 2705 63 29 eight
2113 2714 70 20 pence
2199 2714 40 21 per
2253 2714 84 16 annum
2347 2715 61 20 upon
2418 2716 45 18 ou*.
2468 2716 39 21 pa-

1922 2740 46 21 per.
1996 2733 55 23 This
2061 2741 51 15 sum
2125 2740 34 16 we
2173 2733 58 23 shall
2246 2735 25 22 be
2286 2735 92 27 obliged
2392 2738 23 19 to
2425 2735 83 28 charge

1923 2761 113 27 quarterly
2045 2761 24 21 in
2085 2760 102 22 advance
2201 2761 35 23 for
2244 2769 77 20 papers
2338 2762 94 22 ordered
2446 2766 25 19 to
2479 2762 29 23 be

1922 2791 49 19 sent
1980 2791 38 19 out
2027 2788 26 23 of
2060 2787 38 23 the
2108 2787 87 28 colony,
2202 2789 30 26 by
2239 2796 91 20 persons
2338 2789 100 23 resident
2445 2789 62 24 here.

1923 2815 62 21 More
1997 2815 55 22 than
2067 2822 44 15 one
2126 2822 54 20 year
2194 2815 61 23 since
2264 2823 33 15 we
2312 2817 134 22 announced
2460 2817 48 22 that

1916 2840 38 24 'we
1963 2842 76 22 would
2048 2845 42 19 not
2097 2841 80 28 supply
2187 2849 78 21 papers
2281 2846 23 18 to
2319 2843 82 28 parties
2410 2844 98 27 residing

1924 2872 39 19 out
1978 2869 26 22 of
2015 2869 39 22 the
2069 2869 87 27 colony,
2164 2869 79 23 'unless
2257 2869 54 23 such
2327 2870 137 23 subscribers
2473 2878 35 15 ar-

1922 2896 85 27 ranged
2016 2897 36 21 for
2065 2896 40 22 the
2119 2899 108 24 payment
2241 2896 31 22 for
2286 2896 63 23 them
2364 2897 98 28 through
2478 2905 29 15 an

1922 2926 66 23 agent
1996 2923 62 22 here.
2088 2922 61 28 Only
2157 2925 43 19 two
2209 2923 85 28 foreign
2304 2923 137 24 subscribers
2450 2924 57 23 have

1923 2949 107 25 attended
2037 2952 23 21 to
2070 2949 46 22 this
2125 2949 81 27 notice,
2219 2950 43 22 and
2271 2950 39 23 the
2324 2951 75 26 heavy
2408 2959 99 20 expence

1922 2977 25 22 of
1957 2980 93 25 postage
2059 2979 23 19 to
2091 2975 75 23 which
2175 2983 33 15 we
2223 2976 54 23 shall
2286 2977 29 22 be
2319 2977 100 28 'subject,
2430 2978 77 23 makes

1921 3005 19 21 it
1948 3003 126 28 absolutely
2084 3009 119 21 necessary
2211 3003 37 23 for
2255 3010 26 16 us
2288 3010 50 16 now
2353 3007 24 19 to
2392 3012 65 20 carry
2466 3013 41 16 our

1921 3031 73 22 notice
2003 3031 47 22 into
2060 3030 73 22 effect.
2154 3029 28 22 In
2190 3030 74 22 future
2270 3030 94 27 English
2370 3031 136 24 subscribers

1922 3058 49 22 who
1986 3057 59 22 have
2060 3060 43 19 not
2114 3055 56 30 paid
2178 3056 59 23 their
2251 3057 160 28 subscriptions
2428 3059 25 22 in
2470 3066 37 15 ac-

1921 3084 110 23 cordance
2056 3084 54 24 with
2133 3090 40 15 our
2190 3084 79 22 notice,
2290 3081 47 26 and
2359 3084 51 23 who
2434 3085 73 24 desire

1921 3115 22 19 to
1971 3111 59 22 have
2053 3118 43 15 our
2119 3111 89 21 Gazette
2229 3112 61 22 must'
2310 3111 74 28 'apply
2411 3114 24 20 to
2465 3120 42 16 our

1921 3138 96 23 London
2039 3139 85 27 Agent,
2149 3138 45 22 Mr.
2218 3138 93 27 Bowler,
2340 3142 24 18 at
2387 3138 37 23 the
2447 3139 58 24 New

1921 3166 101 22 Zealand
2036 3165 137 28 Company's
2189 3165 76 27 Office,
2277 3164 104 29 London,
2396 3169 23 20 to
2429 3165 77 25 whom,

1921 3200 34 15 we
1966 3193 59 22 have
2041 3193 60 22 been
2109 3193 137 27 forwarding
2258 3192 35 22 for
2307 3199 63 15 some
2384 3193 55 22 time
2453 3197 51 24 past

1921 3220 43 22 and
1973 3222 29 25 to,
2004 3219 74 23 whom
2086 3226 33 16 we
2129 3219 58 22 shall
2201 3219 104 22 continue
2314 3222 24 19 to
2347 3219 97 24 forward
2454 3221 51 28 fifty

1921 3247 74 34 copies
2011 3246 26 23 of
2057 3246 40 23 the
2116 3246 95 21 Gazette.
2248 3246 47 23 The
2313 3246 55 28 only
2386 3246 120 25 difference

1921 3273 45 24 will
1974 3274 29 22 be
2011 3273 54 27 this,
2074 3273 51 22 that
2132 3273 125 23 heretofore
2265 3280 34 15 we
2313 3273 60 23 have
2385 3278 51 19 sent
2444 3274 62 24 them

1921 3301 98 28 through
2028 3300 39 23 the
2075 3304 58 24 post,
2144 3300 45 22 and
2203 3308 50 15 now
2261 3307 34 16 we
2312 3304 59 19 must
2380 3301 56 23 send
2444 3302 62 23 them

1920 3328 30 28 by
1958 3328 86 28 private
2054 3327 149 28 opportunity,
2212 3335 24 14 as
2244 3327 17 22 it
2268 3334 54 21 may
2330 3327 62 27 offer,
2400 3328 27 22 of
2432 3329 73 23 which

1921 3355 38 22 the
1968 3355 94 27 Postage
2073 3354 147 27 Regulations
2229 3354 80 30 permit
2316 3354 71 30 J-they
2396 3355 46 23 will
2451 3363 54 16 coor

1921 3382 117 28 sequently
2046 3384 42 19 not
2096 3381 29 22 be
2135 3381 106 23 obtained
2250 3389 21 15 so
2279 3381 136 29 frequently.

1947 3408 34 23 As
1987 3416 35 15 we
2030 3408 58 23 shall
2096 3408 60 23 have
2165 3411 22 19 to
2195 3415 45 22 pay
2248 3411 90 26 postage
2348 3415 30 16 on
2387 3409 31 25 all
2426 3416 79 22 papers

1920 3443 32 16 we
1968 3436 57 22 send
2039 3439 25 19 to
2079 3442 26 15 or
2117 3436 88 23 receive
2219 3437 55 22 from
2296 3436 39 22 the
2349 3436 106 27 colonies,
2471 3444 34 15 we

1921 3466 59 20 must
1988 3462 90 23 decline
2088 3462 38 23 the
2136 3466 88 24 greater
2239 3465 48 26 part
2300 3463 27 22 of
2337 3469 41 16 our
2387 3462 117 30 exchange

1919 3497 85 22 papers,
2016 3497 25 16 as
2050 3489 39 23 the
2099 3493 39 19 tax
2147 3490 76 23 wotld
2230 3490 38 23 fall
2277 3489 58 27 very'
2337 3489 100 28 severely
2442 3497 62 21 upon

1920 3525 41 15 our
1975 3517 65 22 small
2058 3516 177 23 establishment.
2269 3516 74 22 Those
2361 3515 50 22 who
2430 3524 71 20 cease,

1919 3545 57 22 after
1984 3544 46 23 this
2038 3547 25 19 to
2068 3544 90 23 receive
2168 3551 42 16 our
2213 3551 72 21 paper,
2292 3542 45 23 will
2345 3542 75 27 please
2429 3544 73 23 there-

1919 3572 49 22 fore
1975 3574 23 19 to
2002 3570 147 25 .understand
2159 3577 40 16 our
2208 3577 75 16 reason
2293 3577 25 14 as
2327 3576 50 15 now
2385 3570 77 25 given.

1946 3603 42 23 We
2002 3603 59 23 have
2074 3603 59 23 been
2149 3602 24 22 in
2191 3603 39 22 the
2247 3600 60 23 habit
2321 3601 26 22 of
2364 3601 79 29 gfiving
2446 3621 4 11 (
2462 3611 42 15 our

1918 3637 69 21 paper
2000 3634 23 18 to
2041 3631 40 21 the
2094 3633 94 19 masters
2204 3629 28 22 of
2240 3628 27 23 all
2283 3627 61 31 ships
2357 3628 25 22 in
2396 3629 105 25 harbour.

1919 3657 55 23 This
1981 3657 42 23 has
2031 3657 64 23 been-
2100 3664 13 14 a
2123 3656 91 22 heavier
2228 3659 37 19 tax
2279 3655 56 22 than
2350 3662 69 21 many
2427 3658 76 23 would

1920 3692 102 21 suppose,
2032 3684 47 22 and
2088 3683 38 24 the
2136 3687 38 18 tax
2182 3683 41 21 has
2231 3683 57 21 been
2304 3680 107 25 thVmore
2427 3682 47 26 felt,
2479 3692 24 15 as

1919 3713 38 21 the
1966 3715 95 20 masters
2077 3711 27 22 of
2113 3710 61 27 ships
2189 3709 57 23 have
2259 3708 75 33 rarely
2342 3709 125 24 forwarded
2476 3719 27 15 us

1918 3745 80 22 papers
2005 3739 25 22 in
2038 3735 89 30 return/
2135 3744 26 14 or
2170 3736 95 23 afforded
2278 3743 29 15 us
2319 3735 145 31 information
2479 3740 26 21 of

1919 3774 46 20 any
1968 3765 149 31 (description.
2131 3763 47 25 ,To
2186 3770 55 16 men
2250 3763 154 23 commanders
2413 3772 25 14 as
2446 3766 58 23 send

1919 3800 27 15 us
1952 3799 92 23 papers,
2051 3800 26 14 or
2086 3790 82 24 render
2181 3797 28 16 us
2222 3789 237 30 usefiil^infornjation,
2469 3800 34 15 we

1919 3820 63 23 shall
1985 3819 113 28 be^happy
2107 3817 47 23 still
2159 3819 25 21 to
2192 3817 52 28 give
2251 3814 206 31 tf»*€fa«tfe?sbut
2465 3817 39 26 the

1919 3847 75 28 heavy,
2003 3852 95 22 expense
2107 3845 29 21 of
2138 3847 92 25 postage
2234 3847 23 19 to
2259 3843 80 25 tthiea
2343 3850 34 17 we
2385 3845 61 24 shall
2453 3854 52 16 now

1919 3875 29 22 be
1958 3873 113 29 expoaeaii,
2072 3871 80 23 makes
2157 3871 21 23 it'
2185 3877 120 22 necessary-
2308 3871 37 23 for
2349 3868 32 26 %s
2389 3875 23 20 to
2421 3878 84 18 econo-

1921 3902 55 23 mise
1986 3897 176 33 all^he-ineans
2174 3898 24 23 in
2213 3905 39 16 our
2264 3905 83 23 power.
2364 3896 6 17 :»W6:
2370 3899 47 23 »W6
2432 3901 73 22 there-

1920 3929 51 24 fore,
1982 3933 118 17 announce
2113 3925 51 24 that
2178 3925 167 24 henceforward
2359 3926 47 24 thit
2419 3929 86 23 custom

1922 3955 138 25 terminates.

84 115 464 144 NEW
650 117 871 135 ZEALAND
1628 117 852 137 GAZETTE

611 506 220 37 PUBLISHED
875 507 132 36 EVERY
1053 505 253 38 WEDNESDAY
1350 502 88 41 AND
1482 500 225 43 SATURDAY
1752 506 204 37 MORNING.

654 623 110 33 PORT
785 623 259 36 NICHOLSON,
1066 619 222 34 SATURDAY
1308 621 213 36 MORNING,
1790 627 30 32 9,
1846 625 87 29 1843.

123 623 64 31 No.
209 622 91 37 305.1

2273 623 98 39 LVol.
2393 623 53 31 iv.

2475 142 5 16 h

213 717 55 21 For
282 715 116 22 London
412 715 96 21 direct.

126 753 60 23 j-*r
244 751 45 25 np
293 748 44 23 HE
361 748 46 23 fine
430 749 43 22 fast
496 747 81 27 sailing
604 748 50 28 brig

103 771 111 37 JWH^
251 771 31 27 JL
363 775 208 24 VICTORIA,

103 804 131 26 rasHQHK
256 805 43 20 300
312 806 56 22 tons,
385 802 94 22 Sinclair
505 804 90 25 master,
609 802 45 22 will

258 838 25 15 Ba
283 831 16 21 *l
307 830 24 22 f°
332 837 11 15 r
358 823 94 28 London
462 836 31 15 on
507 836 25 15 or
541 829 68 22 about
616 830 38 21 the

77 858 162 36 QSSS93D9
257 862 52 23 10th
319 862 133 27 December;
462 861 85 28 having
564 863 31 22 all
614 862 42 22 her

261 889 58 23 dead
333 889 83 28 weight
432 889 114 28 engaged;
561 889 41 23 she
614 889 42 22 has

70 926 65 15 room
143 918 54 29 only
206 918 36 22 for
252 924 14 16 a
276 917 41 22 few
327 920 50 18 tons
385 917 27 22 of
418 916 57 28 light
483 916 77 28 goods.

98 950 45 22 For
159 957 101 21 passage,
277 948 83 28 having
377 956 56 20 very
451 948 99 28 superior
569 955 86 16 accom-

70 976 122 29 modation,
202 977 68 28 apply
283 980 22 18 to

384 1002 85 23 Waitt
484 1002 45 22 and
542 1002 86 22 Tyser.

98 1037 147 28 Wellington,
257 1038 51 22 Oct.
319 1038 33 25 13,
363 1037 62 22 1843.

266 1091 54 20 For
334 1089 127 25 London,

183 1126 30 21 To
230 1125 44 21 sail
291 1131 27 14 on
336 1124 36 21 the
386 1124 40 21 bth
439 1124 106 26 proximo,

230 1159 46 26 T*
292 1159 24 21 H
331 1158 20 22 E
439 1157 44 22 fine
571 1156 85 29 barque

235 1175 33 32 JL
337 1184 256 25 INDEMNITY,

82 1206 137 29 jMh&
242 1211 30 22 R.
296 1211 115 26 Sedgwick
442 1209 149 28 commander,
614 1211 42 20 312

72 1232 153 38 2JDfeMjfC
242 1241 57 23 tons,
319 1237 41 21 has
378 1237 104 28 splendid
503 1237 154 21 accommoda-

244 1264 59 22 tions
310 1263 36 22 for
355 1270 138 21 passengers.

273 1296 44 21 For
326 1295 81 27 freight
418 1302 24 15 or
451 1301 99 21 passage,
558 1294 67 28 apply
634 1296 22 18 to

289 1329 132 26 RIDGWAYS,
433 1329 106 26 GUYTON,
555 1328 21 21 &
590 1328 38 22 Co.

99 1361 146 29 Wellington,
256 1362 130 23 November
395 1364 21 26 3,
428 1364 61 21 1843.

215 1409 55 21 For
283 1408 117 21 London
416 1408 96 25 direct,

82 1440 105 27 *^ZjP&
226 1444 93 22 rfIHE
337 1444 46 22 fine
404 1444 44 22 fast
470 1444 81 26 sailing
574 1444 82 28 barque

97 1465 111 32 .BEJJBk
232 1465 32 28 J-
359 1471 113 21 GLEN
477 1472 92 24 ARM,

75 1493 149 39 >lßSjsak»
239 1498 23 22 -^
283 1500 18 24 h
321 1499 42 21 300
382 1501 58 24 tons,
465 1498 33 22 H.
519 1498 54 27 Guy
596 1506 61 15 com-

72 1521 153 38 HSMKjs
239 1524 107 26 mander;
361 1524 41 23 has
409 1525 108 22 first-rate
530 1532 127 15 accommo-

73 1547 148 34 3^pjPJJßJar
240 1550 79 23 dation
335 1552 36 21 for
388 1558 137 22 passengers,
546 1552 44 22 and
612 1552 46 22 will

238 1578 120 29 positively
367 1579 42 22 sail
418 1578 45 23 this
472 1578 86 23 month.

98 1605 45 22 For
155 1605 86 29 freight
250 1613 27 14 or
291 1612 99 22 passage,
401 1606 67 28 apply
480 1609 24 18 to
514 1605 38 22 the
562 1606 95 28 Captain

71 1639 30 15 on
112 1632 76 28 board,
199 1639 26 16 or
233 1636 25 19 to

315 1659 22 22 J.
353 1659 124 23 Boulcott
492 1659 21 22 &
527 1660 47 26 Co.,

431 1691 114 23 Lambton
554 1691 74 26 Quay.

97 1722 57 22 N.B.
155 1733 29 6 —
184 1722 49 23 The
251 1722 95 29 Captain
355 1723 45 22 will
416 1726 41 19 not
473 1722 28 23 be
520 1722 136 28 responsible

69 1749 34 22 for
113 1757 45 21 any
167 1749 66 23 debts
244 1750 129 22 contracted
381 1751 31 27 by
423 1750 38 22 the
472 1757 65 14 crew.

117 1800 197 23 PASSAGE
341 1801 50 22 TO
420 1800 187 23 LONDON.

214 1836 55 20 For
283 1834 117 22 London
416 1834 96 22 direct.

222 1875 94 30 rpiHE
339 1875 44 22 fine
404 1875 45 21 fast
467 1874 81 28 sailing
571 1874 85 28 barque

228 1899 31 25 JL
376 1903 168 24 TYRIAN,

233 1930 42 21 225
285 1932 51 19 tons
345 1929 101 28 register,
461 1929 87 22 Robert
558 1929 96 27 August.

68 1951 151 36 fljjHHHB*
237 1956 110 22 Clarkson
359 1956 151 27 commander,
519 1956 40 21 has
575 1956 30 22 all
615 1956 42 21 her

234 1990 66 20 cargo
311 1983 108 27 engaged,
428 1983 45 21 and
483 1982 45 22 will
537 1982 119 27 positively

235 2010 35 19 be-
275 2009 134 25 despatched
419 2014 30 16 on
458 2008 40 21 the
509 2008 39 20 6th
557 2008 98 20 Decem-

66 2034 47 21 ber.
142 2033 43 22 For
195 2031 66 24 cabin
279 2040 99 20 passage,
390 2034 68 27 apply
468 2037 23 17 to
509 2032 37 22 the
560 2032 94 28 Captain

66 2067 32 16 on
106 2060 79 28 board,
197 2068 25 14 or
232 2063 23 18 to

360 2086 95 21 Samuel
470 2085 47 22 and
530 2085 98 23 Joseph.

93 2113 131 23 November
233 2114 35 25 21,
282 2113 60 21 1843.

68 2158 117 51 SPARS
201 2157 64 23 FOR
279 2153 86 30 SALE,
374 2157 27 23 of
403 2157 103 22 different
512 2157 142 22 dimensions,

132 2185 65 28 lying
212 2189 24 17 at
254 2184 47 22 Kai
320 2184 86 22 Warra.
446 2184 71 27 Large
534 2183 122 28 quantities

66 2220 45 14 can
118 2212 29 22 be
161 2211 158 23 furnished~to
334 2211 74 28 order,
425 2211 34 22 for
475 2212 141 26 exportation
632 2218 26 14 or

67 2239 68 23 home
145 2247 47 15 use.

329 2272 64 20 ALSO,

92 2300 50 23 The
151 2300 77 23 Lease
239 2300 27 22 of
272 2299 68 22 about
349 2299 27 21 50
386 2306 64 15 acres
459 2299 27 22 of
492 2298 52 22 land
559 2302 22 18 at
597 2299 60 21 Orua

66 2328 91 22 Motera
166 2328 24 26 (a
200 2327 46 22 fine
263 2326 43 28 bay
317 2326 87 23 district
418 2326 69 22 about
496 2328 14 19 6
525 2325 64 22 miles
598 2326 57 21 from

68 2354 155 28 Wellington),
240 2354 56 22 with
311 2353 39 22 the
367 2353 71 22 house
454 2361 28 14 on
499 2352 39 23 the
551 2352 103 28 ground;

68 2382 62 22 there
139 2389 37 14 are
186 2382 70 21 about
266 2384 37 19 ten
319 2387 62 16 acies
395 2380 97 27 cleared,
512 2379 45 23 and
573 2380 50 21 four
632 2380 24 21 in

67 2408 141 23 cultivation.
237 2408 45 23 For
291 2407 87 22 further
386 2408 140 28 particulars,
537 2407 67 28 apply
614 2411 23 17 to

260 2442 119 23 Kenneth
395 2441 151 26 Mathieson,

176 2474 56 28 Ship
247 2474 108 27 Building
369 2472 46 23 and
425 2472 121 29 Repairing
557 2472 72 28 Yard,

118 2522 11 6 
152 2526 3 4 .
345 2505 45 23 Kai
405 2505 88 22 Warra.

94 2534 132 23 November
235 2535 21 26 6,
268 2535 61 21 1843.

123 2585 102 23 Messrs.
251 2583 155 23 HOLROYD
432 2590 46 15 and
505 2582 95 28 HART,

230 2618 131 22 Notaries
384 2617 109 26 Public,

155 2658 39 15 TF.
224 2658 73 19 ARO,
325 2655 244 16 WELLINGTON.

95 2684 131 27 September
235 2685 21 24 4,
270 2683 61 21 1843.

254 2732 37 22 W,
306 2733 35 22 M.
357 2731 108 27 SMITH,

68 2780 58 16 LATB
136 2778 239 17 SURVEYOR-GENERAL
385 2777 30 15 TO
426 2777 46 15 THE
487 2777 51 15 NEW
553 2776 105 16 ZEALANP

305 2805 116 19 COMPANY,

95 2838 144 26 Surveyor,
253 2836 214 27 Draughtsman,
482 2835 56 22 and
551 2834 78 23 Land

313 2861 105 29 Agent.'

68 2900 179 27 Tinakori-road,
258 2899 102 30 January
371 2900 22 27 4,
404 2900 64 23 1843.

214 2951 36 22 H.
280 2944 282 33 HARDEMAN,—-

89 2986 94 23 Tailor
198 2986 57 22 and
269 2986 112 26 Draper,
397 2986 236 26 Lambton-quay.

85 3034 3 4 '
229 3039 117 30 Superfine
357 3040 75 28 Coats,
442 3040 59 22 from
514 3039 34 25 £3
562 3041 14 21 0
590 3042 14 20 0

68 3072 113 30 Superfine
193 3072 104 25 Doeskin
306 3072 121 28 Trowsers,
442 3072 59 23 from
515 3072 61 24 £15
590 3074 14 20 0

83 3126 4 6 ,
95 3113 63 15 MADE
169 3113 29 14 TO
209 3113 136 17 MEASURE—
345 3113 45 14 FOR
397 3113 59 15 CASH
466 3113 31 15 ON
507 3113 123 14 DELIVERY.

296 3150 54 21 For
364 3150 71 24 Sale*

69 3184 93 56 THE
176 3181 148 25 COTTAGE
337 3182 98 26 situated
442 3183 25 22 in
484 3183 101 23 Oriental
600 3184 59 28 Bay,

113 3224 4 3 •
143 3212 46 22 and
203 3210 71 29 lately
282 3210 117 28 occupied.
403 3210 32 28 by
444 3210 38 23 the
498 3210 160 28 undersigned.

61 3239 30 21 'A
105 3238 53 28 long
175 3238 62 22 lease
255 3238 27 22 of
297 3237 39 23 the
350 3237 85 23 section
450 3244 59 22 upon
527 3237 73 23 which
620 3238 38 22 the

67 3264 71 23 house
147 3265 77 22 stands
233 3264 47 24 will
288 3264 28 22 be
324 3264 105 28 granted.

94 3292 70 22 Town
172 3290 56 24 land
237 3290 47 24 will
292 3292 28 22 be
328 3290 70 24 taken
406 3292 25 22 in
440 3290 122 28 exchange.

71 3331 4 8 <
94 3319 45 23 For
146 3318 86 23 further
240 3318 137 29 particulars,
388 3318 69 28 apply
466 3321 23 19 to

389 3346 99 22 Geokge
501 3345 91 27 Duppa,
605 3352 27 15 or

235 3391 3 4 .
389 3373 38 21 W.
442 3372 30 22 V.
486 3372 103 24 Brewer

66 3420 124 27 Country
204 3419 128 22 Sections
352 3418 44 22 for
413 3419 64 22 Sale
499 3424 37 16 on
557 3418 101 22 Liberia

312 3446 103 22 Terms.

68 3474 35 49 S
103 3472 129 25 EVERAL
268 3473 101 22 Sections
395 3473 29 22 of
454 3472 101 28 Country
564 3497 5 3 .
583 3471 74 28 Land,

131 3499 92 29 already
232 3498 85 24 chosen
324 3500 26 22 in
359 3499 38 24 the
409 3500 96 23 Porirua
519 3499 92 28 district,
622 3499 36 22 for

66 3527 58 28 Sale,
134 3534 77 16 terms
219 3534 108 15 liberal.
356 3527 77 29 Apply
442 3530 24 19 to

157 3558 27 24 F.
199 3559 30 22 A.
244 3558 174 29 Molesworth,
433 3558 188 29 Murphy-Street,
632 3565 26 15 or

156 3590 38 24 W.
209 3591 31 23 V.
254 3591 109 27 Brewer,
372 3591 199 24 Manners-street.

225 3643 80 22 Meat
339 3643 152 30 Company.

150 3695 4 6 .
202 3694 4 3 .
221 3694 5 11 ,
239 3694 19 8 ...
294 3676 135 27 CHEESE,

65 3700 92 27 fTiHE
169 3703 95 24 MEAT
284 3701 158 36 COMPANY;
458 3707 94 21 exnects
571 3704 86 29 shortly

70 3728 29 26 JL
137 3734 28 20 to-
170 3729 90 29 receive
269 3731 90 27 regular
364 3731 98 29 supplies
467 3728 120 33 pT'Ch'eese
596 3732 58 22 from

63 3758 38 23 the
111 3759 145 28 Gowpasture
265 3758 47 23 and
320 3758 225 24 TerawitterDairies.

338 3791 36 23 W.
389 3792 112 29 Flygerv*
506 3790 119 31 Manager.

87 3825 134 27 September
228 3826 37 27 29,
277 3825 62 22 lß43.

247 3877 67 21 Just
327 3874 171 34 receiv^di,^

62 3907 127 52 PLANS
212 3908 28 22 of
259 3908 39 23 the
320 3908 72 24 Town
410 3908 29 23 of
454 3908 170 26 Wellington.

132 3935 59 23 Plan
212 3935 29 23 of
244 3934 40 24 the
294 3935 109 25 Harbour
412 3935 28 24 of
452 3935 56 24 Port
523 3934 128 26 Nicholson

87 3962 111 28 Memgr
202 3961 73 29 cards,
463 3967 14 17 4

2080 714 78 21 Meat
2189 715 148 26 Company.

2151 747 121 23 BUTTER

1919 778 160 47 ALWAYS
2093 785 29 14 on
2133 778 68 28 hand,
2218 778 43 22 and
2275 781 23 18 to
2312 778 29 22 be
2355 778 53 28 had,
2418 778 84 22 whole-

1996 805 47 21 sale
2062 804 43 22 and
2124 804 72 27 retail,
2215 808 24 18 at
2251 804 42 22 >the
2316 805 81 21 lowest
2414 805 88 21 market

1918 830 67 27 price,
2000 838 13 15 a
2031 832 62 26 large
2112 831 80 27 supply
2206 832 27 21 of
2246 832 35 21 the
2295 831 129 23 celebrated
2438 832 64 21 Cow-

1919 860 87 23 pastrtre
2015 858 47 22 and
2070 858 119 22 Terawitte
2201 858 70 28 Dairy
2280 858 88 22 Butter.

2188 891 37 22 W.
2239 891 103 26 Fxyozr,
2356 891 118 27 Manager.
2487 909 4 3 .

1945 922 98 23 October
2051 922 34 28 27,
2096 924 62 21 1843.

2090 967 80 22 Meat
2183 969 147 26 Company.

1917 1000 187 49 WANTED,
2120 1008 14 15 a
2140 1002 71 21 vessel
2222 1002 26 21 of
2260 1002 68 21 about
2336 1002 28 21 30
2373 1004 58 24 tons,
2443 1005 23 18 to
2475 1002 28 25 be

2013 1028 56 26 kept
2085 1028 126 28 constantly
2228 1028 116 26 employed
2357 1027 25 22 in
2399 1028 105 28 bringing

1919 1053 54 27 pigs,
1985 1057 23 18 at
2017 1061 15 14 a
2040 1054 62 22 fixed
2110 1054 61 26 price
2180 1061 40 21 per
2229 1054 82 28 pound,
2317 1054 60 23 from
2385 1054 39 23 the
2433 1059 69 23 coast,

1917 1080 35 22 for
1960 1080 46 22 this
2015 1080 180 23 establishment.

2190 1114 37 22 W.
2241 1114 101 27 Flyoer,
2357 1113 119 28 Manager.

1945 1144 131 27 September
2084 1147 36 25 29,
2133 1147 61 20 1843.
2453 1164 3 4 .
2473 1157 4 3 -
2491 1152 5 3 -

2089 1190 79 22 Meat
2181 1192 150 26 Company,

1917 1223 73 49 AN
2019 1223 201 23 APPRENTICE
2248 1228 21 16 to
2294 1224 41 22 the
2485 1225 22 22 is.

1994 1251 99 22 wanted.
2120 1251 46 22 For
2183 1251 136 28 particulars,
2336 1252 68 27 apply
2420 1259 29 15 on
2465 1251 39 23 the

1916 1276 116 28 premises.

2189 1305 35 22 W.
2240 1305 101 28 Flyoer,
2357 1304 119 28 Manager.

1945 1330 130 27 September
2084 1332 35 25 29,
2131 1332 61 22 1843.

2087 1385 78 20 Meat
2185 1385 147 26 Company.

1919 1415 91 49 THE
2031 1416 234 28 UNDERSIGNED,
2283 1416 85 29 having
2385 1418 58 23 been
2464 1425 38 21 ap-

1992 1443 91 27 pointed
2098 1444 109 26 Manager
2217 1444 26 22 of
2255 1443 36 22 the
2304 1444 65 22 Meat
2377 1444 123 29 Company,

1918 1469 53 27 begs
1981 1472 23 19 to
2013 1477 119 15 announce
2141 1470 49 22 that
2203 1478 15 15 a
2226 1470 87 26 regular
2320 1470 79 29 supply
2409 1472 25 21 of
2435 1471 66 27 .'beef,

1919 1498 92 26 mutton,
2032 1497 45 22 and
2095 1497 56 28 pork
2168 1505 52 20 may
2238 1497 80 28 always
2337 1498 28 21 be
2384 1497 118 29 depended

1918 1529 61 21 upon
1989 1527 24 18 at
2022 1523 44 22 this
2075 1524 175 22 establishment.

1946 1550 32 21 As
2001 1550 45 22 this
2069 1551 115 27 Company
2203 1557 105 21 purposes
2326 1550 80 28 selling
2423 1555 24 18 at
2464 1551 38 22 the

1918 1576 76 22 lowest
2003 1577 71 27 prices
2084 1581 24 18 at
2121 1577 75 22 which
2204 1579 19 20 it
2236 1578 18 21 is
2262 1577 71 22 found
2342 1578 38 21 the
2389 1582 60 18 meat
2462 1585 42 16 can

1918 1603 28 21 be
1956 1602 107 29 afforded,
2074 1604 39 21 the
2121 1603 148 28 undersigned
2277 1604 20 21 is
2311 1604 53 27 only
2374 1604 126 23 authorized

1919 1633 22 18 to
1951 1630 50 26 give
2007 1638 55 20 very
2065 1630 89 23 limited
2164 1632 77 26 credit,
2248 1630 43 23 and
2299 1630 40 23 has
2344 1630 57 23 been
2410 1632 94 22 ordered

1919 1659 22 18 to
1957 1660 48 24 stop
2021 1657 30 22 all
2065 1660 105 29 acapunts
2184 1657 73 23 which
2269 1665 39 14 are
2323 1661 41 20 not
2377 1658 53 27 paid
2444 1665 60 22 upon

1919 1682 103 24 demand.

1945 1717 47 22 The
2001 1717 104 23 business
2114 1718 26 22 of
2147 1717 38 23 the
2195 1719 112 27 Company
2314 1718 21 22 is
2345 1719 85 23 carried
2439 1727 30 15 on
2478 1720 26 22 in

1919 1743 57 22 their
1990 1751 51 15 new
2055 1745 110 27 building,
2176 1745 86 23 erected
2278 1746 102 22 between
2399 1747 105 21 France's

1919 1770 68 22 Hotel
2006 1771 45 22 and
2069 1771 40 23 the
2127 1771 59 23 head
2202 1773 27 21 of
2242 1772 35 22 the
2292 1772 57 28 Bay,
2367 1773 45 22 and
2425 1773 79 28 nearly

1919 1797 105 28 opposite,
2029 1801 22 19 to
2062 1798 45 23 Mr.
2117 1798 85 28 Lyon's
2211 1799 68 23 Store.

2192 1832 37 24 W.
2243 1832 100 28 FSyger,
2359 1833 119 28 Manager.
2497 1838 2 7 '

1945 1863 131 23 November
2086 1865 34 26 23,
2133 1862 60 25 1842.

1918 1909 92 49 THE
2032 1911 81 20 Nelson
2135 1912 116 20 Examiner
2271 1911 45 21 and
2337 1912 53 20 New
2412 1912 94 21 Zealand

1991 1937 112 22 Chronicle
2117 1937 128 29 (published
2253 1941 21 18 at
2284 1937 103 27 Nelson,)
2402 1938 20 23 is
2439 1945 65 21 regu-

1915 1963 58 27 larly
1991 1965 142 22 transmitted
2149 1968 24 17 to
2188 1964 143 28 Wellington,
2350 1964 46 23 and
2410 1972 52 20 may
2476 1966 28 21 be

1916 1989 43 22 had
1970 1992 24 19 at
2001 1990 39 22 the
2050 1991 65 22 office
2124 1991 28 21 of
2162 1990 49 23 this,
2215 1997 73 21 paper.

1943 2016 47 21 The
2000 2018 81 19 NeUon
2088 2018 118 19 Examiner
2222 2016 78 25 will.be
2309 2016 71 23 found
2389 2025 30 15 an
2428 2018 76 23 excel-

1916 2041 48 22 lent
1971 2041 101 23 medium
2081 2043 36 21 for
2128 2043 137 22 advertisers.

1943 2074 79 22 Terms
2030 2074 35 22 for
2073 2074 40 22 the
2122 2081 74 21 paper,
2207 2078 38 19 ten
2253 2074 101 28 shillings
2367 2083 40 20 per
2415 2079 90 24 quarter

1916 2100 94 28 payable
2018 2101 24 21 in
2051 2100 112 23 advance.

1943 2131 83 23 Orders
2048 2132 35 22 for
2102 2132 39 22 the
2163 2140 69 21 paper
2252 2133 45 23 and
2319 2133 185 24 advertisements

1916 2158 104 23 received
2029 2162 23 18 at
2061 2159 38 22 the
2110 2159 72 23 Office
2192 2161 26 21 of
2230 2160 41 22 this
2280 2168 79 19 paper.
2410 2160 5 10 '

1302 713 179 49 WANTED
1509 721 14 14 a
1546 713 43 22 few
1611 713 59 28 pairs
1691 713 26 22 of
1743 713 147 27 experienced

1371 755 7 5 .
1409 740 108 27 Sawyers.
1555 740 132 22 Immediate
1710 740 136 27 application
1870 740 19 21 is

1304 771 120 22 necessary
1434 767 24 21 at*
1466 766 37 22 the
1513 766 63 22 office
1585 767 27 21 of
1618 766 38 22 the
1667 766 154 27 undersigned.

1620 799 81 21 Waitt
1716 798 45 22 and
1775 799 86 22 Tyser.

1330 825 128 22 December
1467 827 19 24 8,
1499 826 61 21 1843.

1425 870 118 21 Wanted
1566 868 199 27 Immediately,

1305 900 170 34 HpENDERS
1489 900 35 22 for
1534 900 122 27 Repairing
1745 900 81 22 Street.
1844 900 47 22 Fon

1310 922 30 26 JL
1377 927 140 26 particulars,
1528 927 67 27 apply
1605 929 23 19 to

1689 953 51 21 Mr.
1756 952 104 23 Wilson.

1507 995 38 25 £5
1559 999 125 21 Reward.

1301 1032 52 48 A
1367 1032 138 22 REWARD
1520 1032 26 21 of
1561 1032 34 23 £5
1615 1032 46 21 will
1680 1031 27 22 be
1722 1031 70 27 given
1806 1032 35 21 for
1850 1031 38 22 the

1381 1058 117 28 discovery
1507 1059 26 21 of
1544 1058 38 22 the
1597 1065 91 21 persons
1698 1058 49 22 who
1763 1065 40 15 are
1813 1059 24 21 in
1850 1058 38 22 the

1302 1083 64 23 habit
1382 1085 26 22 of
1422 1085 94 27 stealing
1525 1085 58 22 from
1598 1085 39 22 the
1653 1085 54 22 back
1717 1085 27 22 of
1756 1084 39 23 the
1804 1085 84 27 garden

1302 1112 26 21 of
1338 1111 37 22 the
1385 1112 157 27 undersigned,
1553 1112 23 22 in
1592 1112 95 28 Murphy
1698 1113 79 21 Street.

1627 1145 26 22 T.
1668 1145 32 22 M.
1715 1145 145 22 Partridge.

1329 1171 130 23 November
1468 1173 34 26 15,
1514 1173 62 21 1843.

1301 1218 40 20 To
1356 1218 163 21 Gentlemen
1534 1220 146 26 mtenaing
1691 1220 30 19 to
1735 1220 77 19 enter
1826 1219 58 20 into

1328 1244 44 21 the
1400 1245 144 26 profitable
1572 1246 108 25 pursuit
1707 1245 31 21 of
1764 1245 122 27 Grazing

1328 1272 55 19 and
1403 1272 137 26 Breeding
1558 1272 93 24 Stock,
1673 1272 40 21 for
1731 1272 91 21 which
1843 1274 42 19 the

1328 1297 90 22 fertile
1436 1298 110 21 Islands
1568 1299 31 20 of
1615 1299 68 21 New
1700 1299 122 21 Zealand
1841 1305 45 15 are

1328 1330 31 15 so
1373 1325 153 26 peculiarly
1539 1326 128 26 adapted.

1302 1351 92 34 rjIHE
1404 1351 153 27 undersigned
1566 1352 44 27 beg
1619 1355 23 19 to
1649 1351 80 22 inform
1739 1350 59 23 their
1803 1351 84 22 friends

1308 1373 31 26 JL
1355 1384 9 9 •
1371 1378 47 21 and
1434 1378 38 22 the
1485 1378 76 28 public
1577 1378 121 27 generally,
1713 1378 49 21 that
1778 1377 54 28 they
1842 1378 46 22 will

1301 1406 100 20 contract
1425 1405 36 22 for
1479 1404 38 22 the
1541 1404 101 28 delivery
1667 1405 23 21 of
1710 1404 39 21 the
1773 1404 115 28 following

1301 1430 136 28 description
1449 1431 27 22 of
1482 1430 75 28 Stock,
1563 1431 25 22 in
1596 1439 46 20 any
1651 1431 52 22 Port
1712 1430 26 23 of
1750 1430 39 22 the
1800 1431 88 22 Islands

1302 1457 26 22 of
1334 1457 56 22 New
1400 1457 102 22 Zealand
1509 1466 5 13 :
1516 1469 29 4 —

1328 1484 97 23 Horned
1441 1484 67 23 cattle
1525 1484 126 28 (improved
1663 1483 87 28 breeds)
1766 1484 27 21 of
1805 1484 30 22 all
1850 1484 38 23 de-

1302 1510 125 28 scriptions,

1328 1537 92 28 Horses,
1441 1537 59 23 from
1521 1538 38 22 the
1581 1538 62 22 best*
1651 1537 92 28 English
1763 1537 46 22 and
1825 1538 63 22 Arab

1301 1564 69 27 studs,
1387 1565 95 22 suitable
1498 1565 35 22 for
1550 1566 87 26 racing,
1652 1564 81 28 saddle,
1743 1572 26 14 or
1780 1564 94 23 harness
1881 1573 5 19 ;

1301 1591 45 22 and
1354 1592 109 27 breeding
1472 1599 80 19 mares,

1329 1618 57 22 Pure
1396 1620 76 21 Saxon
1482 1618 45 22 and
1536 1618 88 23 merino
1634 1625 62 21 ewes,

1328 1645 122 22 Half-bred
1465 1645 114 22 Leicester
1592 1645 47 22 and
1654 1644 84 23 merino
1757 1652 64 19 ewes,
1838 1653 50 20 par-

1301 1672 103 28 ticularly
1414 1672 96 28 adapted
1524 1672 35 21 for
1568 1671 44 22 this
1622 1674 99 25 country,
1731 1679 24 14 as
1765 1672 53 28 they
1825 1673 63 21 unite

1302 1699 81 27 weight
1392 1700 28 21 of
1425 1706 87 15 carcass
1522 1698 53 23 with
1584 1699 97 22 fineness
1689 1698 27 22 of
1722 1698 63 22 wool.

1328 1726 47 22 The
1399 1725 151 28 undersigned
1574 1733 41 15 can
1644 1726 164 21 accommodate
1836 1733 52 20 pur-

1303 1752 87 23 chasers
1406 1753 26 22 of
1445 1752 58 22 their
1513 1752 67 22 Stock
1597 1752 55 22 with
1667 1752 112 22 extensive
1795 1753 93 27 grazing

1301 1787 61 20 runs,
1372 1780 79 22 within
1462 1781 40 21 100
1511 1779 65 22 miles
1585 1780 27 21 of
1616 1779 46 22 this
1671 1779 58 22 Port.

1562 1813 36 22 W.
1614 1813 27 22 B.
1656 1813 93 21 Rhodes
1763 1813 44 21 and
1822 1813 39 21 Co.

1401 1857 41 20 To
1471 1857 86 20 Cover
1585 1856 56 21 this
1669 1856 110 24 Season,

1503 1891 32 21 At
1547 1891 134 26 Wellington,

1303 1924 91 50 THE
1446 1924 276 23 THOROUGHBRED
1778 1924 106 23 HORSE

1505 1952 226 24 WANDERER,

1302 1978 37 23 the
1349 1982 106 24 property
1464 1979 27 22 of
1496 1979 86 22 Robert
1593 1978 110 23 Jenkins.'

1295 2015 3 3 ■
1329 2010 125 20 Wanderer
1461 2016 45 14 was
1515 2012 39 23 got
1562 2010 32 25 by
1602 2010 81 25 Young
1692 2008 131 27 Wanderer,
1831 2009 55 21 bred

1303 2036 29 26 by
1350 2036 60 21 Lord
1429 2036 128 26 Egremont,
1578 2035 46 21 and
1641 2035 108 26 imported
1767 2035 48 21 into
1835 2035 50 21 Van

1303 2063 110 21 Diemens
1432 2062 66 21 Land
1516 2062 30 26 by
1569 2062 77 21 James
1669 2062 83 27 Henty,
1779 2061 60 28 Esq.,
1865 2062 25 21 of

1304 2089 151 21 Launceston.

1331 2116 59 21 Dam
1405 2123 14 14 a
1428 2115 68 22 blood
1512 2121 61 15 mare
1582 2114 30 28 by
1623 2115 64 22 Peter
1703 2114 66 26 Finn,
1781 2120 40 17 out
1837 2115 26 21 of
1874 2122 12 14 a

1303 2142 66 22 blood
1380 2149 62 14 mare
1452 2142 29 27 by
1494 2142 105 21 Bollivar.

1331 2168 100 22 Bollivar
1446 2176 45 14 was
1500 2168 112 27 imported
1629 2168 29 27 by
1667 2168 36 22 the
1714 2168 51 21 Van
1779 2168 107 22 Diemens

1305 2195 64 22 Land
1389 2196 123 27 Company,
1532 2195 46 22 and
1595 2196 18 21 is
1633 2195 37 22 the
1686 2195 42 22 sire
1748 2195 26 21 of
1795 2195 91 22 Donald

1304 2222 74 27 Caird,
1395 2222 52 22 Yon
1463 2222 91 28 Trump,
1571 2222 44 22 and
1626 2222 60 22 other
1703 2221 98 27 winning
1811 2222 76 22 horses

1305 2256 28 14 on
1344 2249 37 21 the
1392 2249 52 21 Van
1455 2248 105 22 Diemens
1572 2248 65 22 Land
1647 2249 49 21 turf.

1331 2276 48 22 The
1388 2276 125 28 proprietor
1522 2276 75 22 deems
1613 2276 19 22 it
1640 2283 145 19 unnecessary
1796 2279 23 18 to
1834 2276 54 21 offer
1893 2291 7 14 i

1304 2306 122 23 comment,
1437 2310 25 15 as
1474 2303 81 27 judges
1566 2302 26 22 of
1606 2303 74 21 horses
1693 2302 44 22 will
1752 2307 23 16 at
1792 2310 54 14 once
1861 2303 26 21 be

1303 2330 127 22 convinced
1449 2330 48 22 that
1515 2330 35 21 his
1568 2330 76 26 blood,
1663 2330 62 26 bone,
1741 2330 46 20 and
1805 2330 83 26 beauty

1303 2356 92 22 reaches
1405 2364 80 14 nearer
1493 2356 123 28 perfection
1628 2356 51 22 than
1688 2356 49 22 that
1743 2356 26 21 of
1775 2363 43 21 any
1826 2357 63 21 other

1304 2384 66 21 horse
1379 2383 25 23 in
1415 2384 43 22 this
1468 2384 94 27 Colony.

1332 2411 86 26 Terms,
1430 2418 14 15 a
1453 2410 69 27 single
1531 2418 63 14 mare
1603 2411 36 24 £4
1656 2412 39 25 45.,
1705 2410 96 28 payable
1811 2418 30 14 on
1852 2410 38 22 the

1305 2439 35 20 Ist
1349 2437 124 28 February,
1484 2439 61 20 1844.

1333 2471 131 22 November
1474 2473 33 24 10,
1519 2472 60 21 1843.

1535 2519 42 19 On
1591 2518 71 24 Sale,

1306 2551 92 48 THE
1428 2551 72 22 NEW
1525 2551 151 22 ZEALAND
1703 2551 187 26 PORTFOLIO,

1380 2578 127 22 conducted
1524 2578 30 27 by
1574 2578 32 22 H.
1623 2579 21 21 S.
1663 2578 120 26 Chapman,
1805 2578 36 26 (of
1852 2578 39 21 the

1306 2604 87 23 Middle
1400 2605 111 28 Temple,)
1522 2605 213 22 Barrister-at-Law.

1333 2638 43 20 No.
1390 2638 19 22 I.
1410 2648 29 5 —
1439 2638 23 21 A
1477 2638 77 21 Letter
1569 2639 23 19 to
1610 2637 38 21 the
1665 2637 68 27 Eight
1750 2636 62 22 Hon.
1832 2637 59 21 Lord

1305 2664 99 27 Stanley,
1424 2665 117 26 Secretary
1560 2664 27 21 of
1603 2665 60 21 State
1680 2664 36 21 for
1733 2663 38 22 the
1792 2664 99 21 Colonial

1305 2691 157 27 Department,
1495 2691 35 22 On
1538 2691 38 22 the
1582 2690 186 23 Administration
1775 2691 26 21 of
1805 2691 86 21 Justice

1305 2719 24 21 in
1339 2718 56 22 New

1333 2745 45 22 No.
1391 2745 34 23 II.
1425 2756 30 5 —
1455 2745 77 22 Letter
1546 2748 24 18 to
1585 2744 61 22 John
1660 2744 58 22 Abel
1733 2744 80 28 Smith,
1830 2744 61 28 Esq.,

1307 2772 68 27 M.P.,
1455 2772 39 22 the
1500 2772 145 27 Advantages
1651 2772 71 21 which
1727 2771 75 22 would
1811 2779 80 15 accrue

1305 2802 23 18 to
1338 2799 96 26 English
1444 2799 127 28 Capitalists
1578 2798 59 23 from
1648 2798 34 22 the
1693 2798 169 22 establishment
1870 2799 25 22 of

1306 2834 14 14 a
1328 2827 60 20 Loan
1399 2828 104 26 Company
1512 2826 35 22 for
1555 2827 54 20 New
1617 2826 97 27 Zealand,
1725 2825 85 23 similar
1822 2831 22 16 to
1855 2826 36 22 the

1305 2854 132 22 Australian
1445 2854 67 22 Trust

1333 2886 43 21 No.
1388 2886 47 23 111.
1437 2897 28 5 —
1489 2886 37 21 An
1538 2885 98 22 Address
1647 2888 22 19 to
1678 2885 37 22 the
1724 2885 58 22 New
1792 2885 101 21 Zealand

1305 2912 66 23 Land
1381 2912 138 28 Proprietors
1529 2912 100 22 resident
1642 2912 23 22 in
1674 2912 36 22 the
1719 2912 85 21 United
1820 2912 73 27 King-

1305 2940 59 27 dom,
1376 2947 30 14 on
1422 2940 86 22 several
1521 2942 94 19 matters
1625 2940 26 21 of
1657 2940 135 26 importance
1803 2943 22 17 to
1836 2939 56 21 their

1333 2994 43 21 No.
1393 2994 42 22 IV.
1437 3005 28 5 —
1493 2994 36 21 On
1549 2992 38 21 the
1607 2992 113 23 Financial
1738 2991 115 23 condition
1869 2992 25 22 of

1305 3021 57 22 New
1505 3020 31 27 by
1546 3019 92 22 Charles
1646 3020 74 26 Terry,
1733 3019 59 27 Esq.,
1801 3017 89 27 F.R.S.,

1306 3048 81 22 F.S.A.

1333 3075 43 22 No.
1392 3074 30 23 V.
1423 3086 28 4 —
1453 3076 20 21 1.
1524 3073 157 22 Observations
1705 3079 30 16 on
1758 3071 134 29 facilitating

1305 3102 142 27 Emigration
1470 3104 24 19 to
1517 3100 57 23 New
1598 3100 105 26 Zealand,
1721 3100 31 26 by
1771 3107 95 20 means.,
1870 3100 24 21 of

1305 3129 118 22 Moderate
1443 3128 99 28 Charges
1556 3127 36 22 for
1611 3126 66 23 Chief
1692 3126 43 23 and
1752 3126 138 22 Fore-Cabin

1467 3156 28 21 In
1505 3162 13 15 a
1529 3154 77 23 Letter
1615 3158 24 18 to
1649 3154 81 28 Joseph
1740 3152 86 28 Sonies,
1837 3154 53 27 Esq.

1305 3184 40 21 &c.
1356 3183 41 22 &c.
1427 3183 35 28 By
1472 3182 31 23 H.
1515 3182 21 22 S.
1549 3181 122 27 Chapman.

1332 3212 20 20 2.
1393 3210 23 22 A
1427 3208 76 24 Letter
1512 3216 29 15 on
1551 3208 107 28 Banking
1666 3208 22 23 in
1698 3208 57 22 New

1305 3237 35 28 By
1350 3237 87 23 Arthur
1446 3238 27 21 T.
1485 3235 109 29 Holroyd,
1606 3236 53 28 Esq.

1331 3271 46 22 No.
1392 3271 43 22 VI.
1436 3281 28 6 —
1489 3269 159 23 Observations
1662 3276 26 14 on
1698 3268 37 22 the
1745 3267 146 28 Advantages

1277 3314 2 6 ,
1305 3298 26 22 of
1343 3306 14 14 a
1373 3297 186 28 Representative
1575 3295 119 28 Assembly
1707 3295 36 23 for
1761 3295 58 23 New
1834 3295 57 23 Zea-

1333 3352 101 23 General
1442 3352 49 23 title
1500 3351 47 23 and
1553 3350 152 25 introduction
1715 3352 23 19 to
1746 3349 39 22 the
1796 3349 81 23 Series.

1495 3391 70 16 PRICE
1582 3389 118 16 SIXPENCE.

1334 3417 88 21 Gazette
1432 3415 80 28 Office,
1523 3417 69 26 Sept.,
1603 3415 62 21 1843.

1306 3462 74 50 ON
1394 3462 80 23 SALE
1488 3465 24 18 at
1529 3460 40 23 the
1587 3459 73 23 Office
1677 3459 23 22 of
1717 3459 46 21 this
1780 3466 111 21 paper:—

1385 3489 66 28 Key*
1458 3488 25 23 of
1490 3488 38 23 the
1537 3487 71 22 Town
1617 3487 27 22 of
1649 3485 55 23 New
1713 3485 129 28 Plymouth,

1333 3516 68 23 Plans
1411 3516 26 23 of
1444 3516 100 27 Country
1553 3513 68 24 Land
1629 3513 71 23 round
1710 3512 146 28 Wellington,
1865 3513 24 22 in

1277 3551 2 6 ■
1305 3550 59 20 case,

1332 3570 70 22 Plans
1413 3570 26 23 of
1444 3570 92 26 Nelson,
1547 3568 26 23 in
1582 3575 59 19 case,

1332 3596 81 28 Copies
1428 3596 27 23 of
1467 3596 38 23 the
1521 3598 57 20 New
1597 3594 98 23 Zealand
1709 3593 102 28 Journal,
1828 3595 60 26 1842,

1304 3627 119 25 complete,
1432 3624 85 26 bound,

1332 3651 135 28 Chapman's
1477 3648 115 28 Portfolio,
1602 3648 84 27 bound,

1332 3678 75 23 Prints
1414 3679 26 21 of
1444 3678 93 26 Nelson,

1333 3705 75 22 Prints
1418 3706 26 21 of
1448 3704 143 28 Wellington,

1332 3732 68 23 Plans
1410 3733 27 24 pf
1442 3731 86 23 Nelson
1537 3732 25 21 in
1571 3730 86 28 Sheets,

1331 3759 71 23 Plans
1411 3759 26 22 of
1443 3759 100 30 Country
1553 3758 66 28 L,aud
1629 3761 24 19 at
1663 3756 144 28 Wellington,

1331 3786 69 23 Plans
1408 3785 27 23 of
1441 3786 39 22 the
1489 3786 69 22 Town
1569 3785 25 22 of
1601 3784 57 24 New
1668 3782 126 29 Plymouth.

1317 3844 4 3 .
1331 3820 132 28 September
1472 3821 33 26 19,
1516 3818 63 24 1843.

1494 3865 85 22 Fresh
1594 3865 104 25 Butter,

1302 3899 167 52 ALWAYS
1483 3906 30 16 on
1527 3899 51 23 Sale
1594 3901 25 20 at
1634 3898 37 22 the
1679 3898 64 23 Meat
1756 3897 135 30 Company's

1382 3925 32 31 pf
1411 3926 89 24 emises.

1296 3956 4 17 i
1575 3951 38 24 W.
1629 3952 100 29 Flyger,
1743 3952 121 29 Manager.

851 715 115 22 THIS
1004 714 102 22 DAY.

859 753 97 22 Public
971 753 131 22 Auction.

687 788 92 48 MR.
794 786 220 23 FITZHERBERT
1023 786 45 22 will
1077 786 40 21 sell
1126 786 30 26 by
1165 786 107 26 Auction,

778 821 30 16 on
825 814 109 26 Saturday
945 813 54 27 (this
1014 813 61 27 day),
1086 812 39 22 9th
1138 809 136 30 December,

687 844 23 19 at
719 841 36 21 his
765 841 81 27 Stores,
858 844 22 18 at
890 847 44 14 one
943 839 88 23 o'clock
1040 839 107 28 precisely
1147 850 30 4 —

687 872 134 22 TWENTY
842 871 82 22 TONS
947 870 191 23 NEWCASTLE
1167 870 107 26 COALS.

880 912 77 15 TERMS
973 912 27 15 AT
1016 911 57 16 SALE

714 939 125 22 December
848 941 20 24 9,
880 940 62 20 1843.

898 991 163 22 Almanack.

688 1025 74 48 AN
784 1024 179 23 ALMANACK
982 1025 34 21 for
1034 1023 135 28 Wellington
1188 1023 45 22 will
1245 1023 29 21 be

759 1051 116 28 published
884 1055 24 18 at
916 1051 44 22 this
971 1051 71 23 Office
1053 1053 33 20 Ist
1094 1051 110 26 January,
1211 1050 63 22 1844.

919 1091 76 20 price,
1012 1086 30 20 Is.

738 1119 93 21 Gazette
864 1117 77 28 Office,
953 1117 127 23 December
1089 1117 19 27 7,
1120 1118 61 21 1843.

802 1163 40 20 On
858 1162 70 25 Sale,
943 1167 38 15 ex

688 1195 206 49 BRANDY
921 1196 24 20 in
972 1195 76 26 hhds.,

766 1222 107 27 Oranges,
882 1222 95 26 lemons,
990 1222 45 22 and
1045 1225 107 24 currants,

771 1248 109 27 Oatmeal,
892 1248 81 27 starch,
983 1249 63 25 blue,

771 1275 64 26 Soda,
846 1275 108 26 mustard,
965 1275 93 27 pickles,

769 1301 95 27 Thread,
875 1301 89 27 cheese,
975 1302 41 22 &c.

898 1333 135 28 RIDGWAYS,
1051 1334 104 26 GUYTON,
1172 1333 20 22 &
1207 1333 39 22 Co.

717 1364 127 22 November
853 1366 34 24 21,
899 1365 63 21 1843.

804 1417 40 20 On
858 1416 70 25 Sale,
944 1422 36 15 ex

695 1454 63 21 CA
783 1455 99 21 BOXES
907 1454 97 22 assorted
1020 1454 142 23 TOBACCO
1178 1454 95 27 PIPES,

689 1481 68 21 fJXJ
788 1484 39 19 100
841 1482 79 21 tierces
930 1481 123 22 American
1064 1481 58 27 beef,

787 1510 29 21 20
828 1508 54 22 coils
892 1508 99 22 assorted
1000 1508 89 28 Europe
1100 1515 60 21 rope.

1002 1550 86 21 Waitt
1102 1548 45 23 and
1160 1549 84 22 Tyser.

716 1580 145 29 Wellington,
874 1582 50 21 Oct.
936 1583 33 25 10,
980 1583 63 21 1843.

810 1632 53 21 For
877 1633 70 24 Sale,
963 1638 37 15 ex

691 1665 254 35 ■pUTHERFORD,
987 1665 117 27 DRURY,
1145 1665 21 22 &
1202 1665 70 23 CO.'S

689 1687 52 27 JIC
768 1692 98 29 superior
875 1693 76 26 wines,
964 1692 35 22 viz
1007 1701 6 14 :
1016 1703 29 6 —

716 1719 58 26 Port,
785 1719 82 28 sherry,
879 1719 46 22 and
940 1719 105 23 Madeira
1053 1719 24 22 in
1086 1719 77 26 bottle,

715 1745 54 22 Pale
780 1746 45 22 and
833 1747 77 21 brown
920 1746 77 28 sherry
1007 1747 23 22 in
1041 1746 73 27 wood,

716 1773 54 21 Port
778 1773 24 21 in
814 1773 68 27 wood,

716 1799 104 23 Madeira
828 1800 24 22 in
862 1800 71 27 wood,

717 1825 139 29 Hennessy's
865 1834 85 20 cognac
959 1827 24 21 in
994 1827 70 28 wood,

716 1853 45 22 Old
771 1853 49 28 pale
831 1854 69 23 bottle
909 1853 98 28 brandy.

1002 1888 85 22 Waitt
1101 1887 44 22 and
1160 1888 85 22 Tyser.

696 1919 108 28 Wellingt
814 1927 37 20 on,
863 1919 133 29 September
1007 1919 35 28 19,
1053 1921 62 21 1843.

689 1972 72 47 ON
777 1973 85 25 SALE,
874 1975 23 19 at
905 1972 102 24 reduced
1016 1975 60 19 rates
1085 1973 34 21 for
1129 1972 52 22 cash
1189 1981 5 13 :
1196 1984 28 5 —

753 1998 74 20 Prime
837 1998 59 21 Irish
905 1998 83 25 butter,

751 2023 95 22 Manilla
856 2024 78 26 Sugar,

752 2050 59 22 Loaf
862 2050 44 26 do.,

751 2076 89 22 Bottled
849 2077 42 21 ale.

940 2103 134 28 RIDGWAYS,
1087 2103 106 27 GUYTON,
1204 2105 20 21 &
1234 2104 40 22 Co.

686 2135 33 22 Te
729 2135 54 26 Aro,
795 2135 129 22 November
932 2134 20 26 7,
966 2136 61 21 1843.

886 2185 45 21 Ex

689 2219 72 49 ON
777 2219 78 23 SALE
868 2219 31 27 by
914 2218 37 22 the
962 2218 157 28 undersigned
1119 2230 28 4 —

767 2246 84 22 Hunt's
860 2246 100 27 superior
970 2246 37 21 old
1016 2250 51 23 port
1077 2246 63 27 wine,
1155 2246 87 22 bottled
1251 2246 23 22 in

689 2274 94 28 Oporto,

716 2300 104 27 Hosiery,
830 2300 56 26 lace,
898 2300 45 21 and
953 2300 96 27 netting,

682 2347 3 3 .
715 2326 165 28 Earthenware,
893 2326 50 23 well
953 2327 108 26 assorted,

716 2354 123 28 Champion
850 2354 20 21 &
880 2354 61 21 Co.'s
950 2354 95 27 vinegar
1053 2354 24 21 in
1087 2352 50 24 half
1142 2353 133 28 hogsheads.

1068 2387 90 23 Willis
1173 2388 21 21 &
1208 2388 39 22 Co.

715 2421 146 28 Wellington,
873 2422 90 26 August
972 2422 35 26 14,
1018 2422 62 21 1843.

940 2474 92 22 Seeds.

688 2511 52 47 A
755 2509 85 22 VERY
855 2509 159 22 SUPERIOR
1028 2509 45 22 and
1083 2508 104 22 valuable
1196 2512 79 19 assort-

767 2539 63 19 ment
846 2536 26 22 of
887 2535 61 23 fresh
966 2536 69 22 Seeds
1051 2536 47 27 just
1111 2536 110 27 received,
1238 2535 37 23 the

687 2563 49 22 first
753 2564 25 21 of
795 2571 13 14 a
822 2563 89 27 regular
926 2563 88 28 supply,
1025 2570 49 14 now
1091 2570 28 14 on
1137 2562 47 22 sale
1199 2566 22 18 at
1238 2562 37 22 the

689 2591 70 21 Office
780 2591 26 20 of
821 2591 42 21 this
884 2591 71 26 Paper
974 2589 30 28 by
1020 2589 39 22 the
1078 2589 157 28 undersigned,
1251 2590 23 22 in

688 2617 123 28 quantities
820 2621 20 18 to
851 2617 44 22 suit
903 2617 135 28 purchasers
1046 2624 5 15 :
1053 2627 28 5 —

715 2651 57 21 Fine
782 2651 52 21 seed
842 2658 61 20 peas,
915 2657 68 15 seven
992 2650 112 28 varieties,

717 2678 44 22 Do.
790 2678 37 22 do.
854 2678 72 21 broad
934 2678 79 27 beans,
1023 2677 63 23 three
1096 2677 112 27 varieties,

717 2705 44 21 Do.
790 2705 37 21 do.
853 2704 67 22 horse
928 2704 80 28 beans,

717 2732 45 22 Do.
791 2732 34 22 do.
853 2731 81 22 scarlet
941 2738 96 15 runners
1047 2731 45 23 and
1102 2731 89 22 French
1199 2732 76 26 beans,

717 2759 43 22 Do.
790 2759 36 22 do.
854 2758 77 28 spring
940 2758 81 27 wheat,
1032 2761 67 24 tares,
1109 2758 46 22 and
1167 2763 54 22 oats,

700 2801 2 4 ■
717 2785 85 23 Round
811 2785 45 23 and
865 2785 87 28 prickly
960 2785 99 27 spinach,

718 2813 64 26 Long
792 2812 80 23 scarlet
880 2813 44 21 and
934 2813 76 27 turnip
1020 2812 82 27 radish,

717 2840 115 27 Rhubard,
844 2839 65 23 white
926 2839 46 22 and
989 2839 41 23 red
1045 2840 53 22 beet
1111 2839 46 23 and
1171 2839 104 28 mangold

689 2867 101 27 wurtzel,

718 2895 124 26 Carraway,
853 2893 48 23 Dill
910 2893 46 23 and
966 2893 94 28 Burnet,

717 2922 43 22 Sea
771 2921 54 27 cale,
835 2928 130 20 asparagus,
974 2924 82 24 carrot,
1067 2920 45 22 and
1123 2921 98 28 parsnip,

717 2948 96 27 English
822 2947 51 23 leek
881 2949 48 21 and
938 2947 76 26 onion,
1025 2947 94 28 Spanish
1131 2947 38 23 do.

718 2975 122 28 Vegetable
858 2981 95 17 marrow
968 2975 45 22 and
1021 2975 56 27 long
1089 2975 88 28 prickly
1186 2982 89 16 cucum-

688 3003 48 26 ber,

717 3029 146 27 Cauliflower,
874 3029 88 26 endive,
973 3029 47 22 and
1032 3028 82 28 celery,

717 3057 119 27 Virginnia
853 3057 99 25 tobacco,
967 3056 154 27 mignionette,
1140 3055 47 23 and
1210 3058 67 20 sweet

689 3092 62 20 peas,

717 3109 39 24 All
766 3116 57 17 sorts
832 3111 27 22 of
864 3110 86 28 garden
961 3109 46 23 and
1017 3109 53 23 field
1080 3109 105 28 cabbage,

717 3139 45 21 Do.
872 3138 36 22 do.
992 3137 38 22 do.
1086 3137 83 28 turnip,

717 3165 40 22 All
766 3167 55 19 sorts
829 3165 26 21 of
860 3165 92 26 lettuce,
964 3163 71 28 salad,
1046 3163 149 29 andjbrqcoli,

717 3191 40 25 AH
766 3195 56 18 sorts
831 3192 27 21 of
862 3191 76 29 lupins
948 3191 46 22 and
1002 3191 152 27 nasturtiums,

717 3217 39 24 All
767 3216 56 28 sort's
832 3219 28 27 pf
865 3221 69 19 sweet
944 3217 79 28 herb's,'

718 3246 50 21 One
777 3245 103 23 hundred
890 3245 78 22 choice
977 3245 91 22 verities
1081 3244 27 25 of
1119 3243 78 24 flower
1205 3244 70 27 seeds,

717 3267 23 28 A
750 3279 54 21 very
818 3271 103 23 valuable
938 3274 132 21 assortment
1085 3271 26 22 of
1122 3271 63 24 fresh
1200 3271 75 24 choice

689 3306 86 20 grasses
783 3302 36 19 for
826 3299 149 28 gentlemen's
989 3299 71 22 lawns
1075 3299 44 22 and
1133 3297 144 29 agricultural

688 3333 114 21 purposes,

717 3353 111 28 Cabbage,
856 3352 94 28 brocoli,
978 3353 108 26 rhubard,
1114 3352 76 29 onion,
1216 3352 59 27 leek,

687 3380 85 23 lettuce
790 3380 80 29 plants',
888 3380 50 27 &c,
959 3387 52 15 now
1029 3380 71 28 ready
1117 3383 23 19 to
1158 3380 29 22 be
1205 3383 71 19 trans-

686 3407 102 28 planted,
798 3408 73 23 raised
879 3407 59 23 from
948 3407 99 29 samples
1056 3407 27 22 of
1090 3407 64 22 these
1163 3407 72 23 seeds.

1102 3441 36 23 W.
1154 3441 95 25 Moopy.

717 3469 100 23 October
825 3471 21 26 6,
858 3471 64 21 1843.

837 3521 172 26 Strawberry
1022 3521 105 23 Plants.

689 3551 93 53 THE
795 3551 160 28 undersigned,
962 3551 87 28 having
1057 3559 15 15 a
1079 3552 62 28 large
1151 3553 98 22 number
1253 3551 25 22 of

764 3579 39 22 the
812 3579 67 22 finest
887 3578 138 29 Strawberry
1035 3579 83 28 Plants,
1127 3579 47 23 and
1183 3579 92 26 wishing

687 3609 25 19 to
726 3613 126 20 encourage
867 3605 39 22 the
917 3605 139 30 .production
1072 3606 26 21 of
1112 3606 61 28 fruit,
1189 3605 52 29 will,
1248 3605 27 22 be

687 3633 76 28 happy
774 3636 23 19 to
811 3634 50 27 give
875 3633 79 21 orders
965 3632 34 22 for
1013 3631 40 24 the
1066 3633 108 28 delivery,
1185 3640 90 19 gratis,

688 3667 30 16 on
728 3660 39 23 the
777 3661 67 27 Hutt,
854 3663 24 20 to
887 3667 14 15 a
915 3659 89 23 limited
1019 3662 79 21 extent
1107 3663 22 20 to
1139 3660 58 25 each
1206 3659 69 29 appli-

687 3690 61 20 cant.

877 3714 73 22 Chas.
964 3713 27 23 E.
1007 3713 54 24 Yon
1074 3714 121 27 Alzdorf,

1051 3747 113 22 Lambton
1174 3747 74 27 Quay.

856 3800 80 23 Meat
951 3800 151 26 Company.
1132 3821 2 3 .

814 3833 21 22 V
851 3833 19 22 E
885 3833 23 22 G
922 3832 19 23 E
957 3833 19 22 T
990 3833 23 21 A
1027 3833 20 22 B
1061 3833 20 22 L
1096 3832 56 22 ES.

686 3866 32 22 O
724 3864 138 24 SHIPPING
875 3864 47 23 and
936 3864 110 23 Families
1060 3871 43 16 can
1115 3864 29 23 be
1159 3864 116 28 regularly

685 3887 35 29 O
738 3890 102 30 supplied
849 3890 55 25 with
912 3891 31 23 all
950 3891 150 28 descriptions
1107 3890 26 23 of
1138 3891 136 28 vegetables.

965 3925 36 23 W.
1013 3925 102 26 Flyger,
1126 3923 118 30 Manager.

709 3958 131 29 September
849 3958 35 28 29,
895 3958 64 22 1843.
