2569 4050
1304 139 97 26 demand
1411 141 35 24 for
1458 141 138 31 Company's
1607 141 54 25 land
1672 143 23 22 in
1706 143 38 24 the
1762 142 39 25 old
1812 142 76 25 settle-

1303 179 74 17 ments
1391 174 44 23 will
1446 174 64 29 arise,
1522 174 45 24 and
1579 174 49 24 that
1639 175 38 23 the
1688 183 62 16 same
1762 175 45 26 will
1825 176 29 23 be
1867 181 21 19 to

1303 205 59 24 their
1374 206 51 23 best
1437 206 43 24 and
1499 211 61 19 most
1577 207 102 24 valuable
1697 209 142 30 purchasers,
1853 209 35 24 the

1302 245 54 17 men
1368 238 50 24 who
1430 239 56 23 have
1493 240 67 22 made
1568 240 58 23 New
1632 240 101 24 Zealand
1745 241 60 23 their
1813 242 74 29 home,

1303 271 45 24 and
1367 276 40 19 not
1426 272 65 24 those
1510 272 51 24 who
1578 273 85 31 merely
1673 274 112 30 purchase
1804 275 54 22 with
1875 282 13 16 a

1303 304 139 30 speculative
1453 311 107 24 purpose.

1336 336 44 24 We
1402 336 72 24 would
1497 344 42 24 say
1557 341 23 19 to
1602 338 38 23 the
1660 338 126 32 Company,
1808 340 20 22 if
1842 347 44 23 you

1302 369 73 24 would
1387 370 101 28 succeed,
1498 370 102 23 increase
1611 378 57 24 your
1679 372 89 30 capital,
1777 372 46 23 and
1829 373 57 23 form

1301 401 197 25 sub-settlements
1509 402 25 24 in
1544 402 37 24 the
1588 403 102 24 districts
1698 404 91 31 already
1797 405 88 24 settled.

1303 433 51 24 Use
1366 435 50 23 that
1426 435 116 24 increased
1554 436 83 30 capital
1653 438 25 21 in
1695 438 79 30 giving
1785 438 66 23 value
1857 435 28 26 'to

1301 475 58 21 your
1379 473 105 26 property
1494 468 25 22 in
1538 468 38 24 the
1595 469 130 24 immediate
1744 470 141 31 neighbour-

1300 495 60 28 hood
1372 501 25 22 of
1406 508 54 23 your
1470 506 94 26 present
1575 502 220 27 settlements-r-and
1804 504 23 23 in
1836 503 48 23 fur-

1300 532 93 31 nishing
1411 534 62 24 loans
1491 538 24 19 to
1527 534 139 24 industrious
1679 536 89 23 settlers
1788 536 96 29 therein,

1300 565 20 23 if
1336 566 76 23 others
1423 567 44 23 will
1487 571 40 19 not
1545 567 92 31 provide
1654 567 56 24 such
1727 568 75 24 loaus.
1838 569 46 23 But

1299 605 46 23 you
1354 598 57 24 need
1418 603 38 19 not
1463 599 82 24 shrink
1552 600 58 23 from
1618 600 45 23 this
1672 600 59 24 class
1738 602 26 22 of
1772 602 112 28 business,

1299 631 35 22 for
1352 631 19 23 it
1388 632 72 24 would
1477 632 29 23 be
1524 633 127 30 profitable,
1668 633 95 31 directly
1787 634 44 23 and
1847 635 36 22 in-

1301 663 103 32 directly.
1448 665 132 31 According
1599 669 22 20 to
1642 666 38 23 the
1699 671 69 19 terms
1790 667 24 23 of
1829 675 56 22 your

1301 696 105 30 Charter,
1426 705 43 24 you
1488 705 43 16 can
1552 698 87 24 borrow
1657 706 82 24 money
1739 712 33 4 —
1773 699 45 24 and
1830 708 55 22 your

1299 730 99 30 position
1411 730 89 24 enables
1518 738 46 23 you
1582 735 23 18 to
1624 731 29 23 do
1674 739 24 15 so
1717 737 23 18 at
1752 740 13 15 a
1776 740 55 23 very
1842 733 42 23 low

1299 766 49 19 rate
1359 763 26 23 of
1394 764 102 27 interest,
1509 763 67 23 while
1587 770 45 23 you
1642 771 41 15 can
1694 770 73 18 create
1780 773 14 15 a
1804 765 81 31 simple

1299 795 137 29 institution,
1456 795 101 31 through
1575 795 74 24 which
1672 801 21 18 to
1716 797 52 23 loan
1791 800 25 26 it,
1837 798 48 24 that

1299 828 75 23 would
1384 828 28 23 be
1426 828 143 31 remarkably
1580 828 146 31 inexpensive
1746 831 25 22 in
1790 838 94 24 propor-

1300 861 48 23 tion
1359 865 23 19 to
1394 861 38 23 the
1447 861 81 31 profits
1547 862 18 22 it
1576 861 73 24 would
1667 862 68 30 yield.
1771 863 54 24 You
1843 871 41 16 can

1299 893 87 24 borrow
1398 901 79 23 money
1488 899 24 18 at
1531 896 17 21 4
1566 902 40 23 per
1618 900 59 18 cent.
1679 908 33 3 —
1714 903 45 23 you
1771 904 41 16 can
1833 897 49 23 loan

1299 927 19 22 it
1336 932 23 18 to
1378 926 38 24 the
1434 927 89 23 settlers
1542 931 24 19 at
1585 929 31 22 10
1632 935 42 23 per
1693 934 69 23 cent.,
1775 929 54 24 with
1847 930 37 23 the

1299 965 60 18 most
1381 960 85 31 perfect
1484 960 114 30 security;
1624 960 44 24 and
1688 961 38 23 the
1744 970 98 23 expense
1863 964 24 22 of

1299 992 70 31 doing
1386 1000 25 16 so
1428 993 56 23 need
1501 998 42 18 not
1560 993 28 23 be
1599 1000 62 17 more
1674 994 55 24 than
1741 997 13 21 1
1771 1001 42 25 per
1825 1001 57 19 cent.

1299 1025 52 24 The
1362 1026 119 24 difference
1492 1026 25 23 in
1534 1033 58 25 your
1602 1026 80 24 favour
1693 1028 21 23 is
1734 1030 14 21 5
1761 1035 41 24 per
1817 1033 67 25 cent.,

1299 1059 46 23 and
1356 1059 97 32 through
1474 1059 45 23 this
1532 1066 79 16 source
1623 1059 124 25 thousands
1768 1062 115 30 annually,

1299 1091 58 24 from
1370 1092 19 23 it
1409 1092 70 29 alone,
1491 1092 76 31 might
1578 1092 26 23 be
1617 1093 112 24 obtained.
1766 1094 51 24 The
1830 1103 53 15 con-

1299 1132 112 25 sequence
1423 1125 24 23 of
1465 1125 112 31 affording
1595 1125 38 24 the
1645 1126 89 24 settlers
1746 1127 46 23 this
1804 1129 80 22 assist-

1299 1165 63 22 ance,
1369 1157 73 25 would
1448 1158 27 23 be
1484 1158 107 31 enabling
1597 1166 45 23 you
1652 1164 22 18 to
1682 1159 76 24 obtain
1765 1168 119 17 enormous

1299 1191 81 30 profits
1389 1191 126 30 indirectly.
1552 1191 50 23 The
1617 1192 65 24 lands
1694 1193 73 23 which
1778 1201 45 23 you
1835 1202 49 16 now

1300 1224 55 23 offer
1379 1229 23 18 at
1421 1232 41 16 one
1482 1225 78 30 pound
1581 1232 40 24 per
1645 1233 58 21 acre,
1722 1226 99 32 through
1841 1227 43 24 this

1299 1264 80 16 means
1400 1256 63 25 alone
1483 1265 32 15 we
1538 1258 84 24 believe
1641 1258 74 24 would
1732 1260 152 31 immediately

1299 1290 93 23 become
1410 1291 96 23 saleable
1526 1296 24 18 at
1567 1291 64 24 twice
1644 1291 50 24 that
1714 1297 107 25 amount;
1841 1294 44 23 and

1299 1323 67 23 while
1385 1331 45 23 you
1451 1329 82 17 cannot
1553 1325 56 21 now'
1616 1325 42 23 sell
1672 1332 29 16 aH
1719 1333 50 15 acre
1789 1331 23 18 at
1829 1334 56 23 your

1299 1357 70 29 price,
1380 1364 45 23 you
1433 1356 73 23 would
1517 1357 57 22 then
1583 1357 48 23 find
1642 1358 136 30 purchasers
1792 1360 89 30 coming

1299 1389 98 23 forward
1408 1394 23 18 to
1449 1390 46 30 buy
1508 1390 125 23 thousands
1651 1390 26 23 of
1694 1399 63 15 acres
1769 1397 25 18 at
1804 1392 81 24 double

1300 1422 49 23 that
1362 1423 68 29 price.

1333 1456 128 23 Whenever
1472 1456 130 25 confidence
1621 1457 21 23 is
1660 1457 145 30 established,
1819 1467 13 15 a
1844 1458 38 24 de-

1301 1489 69 24 mand
1381 1489 35 24 for
1431 1489 79 24 labour
1522 1489 47 24 will
1586 1490 67 24 arise.
1689 1491 64 24 Such
1765 1499 13 15 a
1790 1492 94 24 demand

1300 1522 46 24 will
1364 1530 68 23 prove
1444 1522 50 24 that
1514 1523 39 23 the
1568 1523 91 31 sutplus
1677 1524 79 23 labour
1774 1525 21 23 is
1807 1526 77 30 nearly

1299 1555 109 24 nominal.
1449 1555 51 24 The
1521 1557 153 29 immigration
1691 1557 57 23 fund
1764 1557 44 23 has
1828 1559 56 23 been

1299 1588 132 29 exhausted,
1442 1588 45 25 and
1507 1593 22 20 to
1542 1597 13 15 a
1566 1590 63 30 large
1642 1595 77 19 extent
1734 1591 149 31 profitlessly.

1299 1621 51 25 The
1362 1623 73 23 desire
1447 1628 21 18 to
1481 1622 55 23 send
1550 1627 40 18 out
1599 1622 63 31 large
1675 1623 107 24 numbers
1795 1625 26 22 of
1829 1633 53 23 per-

1299 1662 54 17 sons
1372 1656 24 23 in
1408 1663 13 15 a
1439 1656 78 30 hurry,
1540 1655 44 24 and
1594 1656 95 23 without
1707 1657 81 31 regard
1807 1663 22 17 to
1847 1658 37 24 the

1299 1693 72 19 wants
1383 1689 24 23 of
1416 1689 36 23 the
1465 1689 97 31 Colony,
1575 1696 45 16 was
1632 1690 106 23 attended
1750 1691 54 22 with
1816 1692 68 23 send-

1298 1722 42 31 ing
1351 1731 14 14 a
1376 1722 61 30 large
1457 1722 97 23 number
1566 1722 24 24 of
1607 1731 95 22 persons
1714 1724 96 28 useless,
1824 1732 60 16 more

1299 1755 54 24 than
1366 1755 92 30 useless,
1470 1755 122 31 positively
1604 1764 14 15 a
1638 1756 97 24 burthen
1747 1762 23 18 to
1789 1757 38 24 the
1839 1758 45 23 Co-

1298 1788 57 31 lony
1363 1797 6 20 ;
1383 1788 43 24 due
1438 1788 80 32 regard
1531 1794 22 19 to
1566 1788 106 25 selection
1685 1797 45 16 was
1741 1790 32 30 by
1785 1790 49 24 that
1846 1792 38 22 de-

1298 1822 45 23 sire
1355 1821 152 32 disregarded.
1544 1822 136 24 Thousands
1701 1824 46 22 and
1759 1823 125 25 thousands

1299 1854 26 24 of
1333 1855 87 31 pounds
1428 1856 24 23 of
1463 1855 37 24 the
1508 1855 57 24 fund
1573 1855 57 24 have
1637 1856 93 31 thereby
1735 1857 59 23 been
1801 1858 83 24 wasted

1298 1887 75 25 which
1384 1889 69 30 ought
1465 1893 24 19 to
1509 1888 58 24 have
1578 1889 58 23 been
1656 1889 141 25 husbanded.
1833 1891 51 23 Ex-

1295 1922 108 30 .perience
1422 1922 41 23 has
1482 1921 94 31 pointed
1588 1927 40 18 out
1639 1931 13 14 a
1669 1931 62 16 more
1745 1925 139 23 economical

1298 1955 67 23 mode
1383 1954 54 24 than
1456 1955 39 23 the
1517 1960 59 18 most
1596 1956 107 29 prudent,
1721 1957 75 23 which
1820 1957 64 24 could

1298 1985 58 24 have
1367 1987 57 22 been
1436 1987 96 30 adopted
1543 1987 71 23 under
1626 1988 39 23 the
1677 1988 96 31 original
1786 1994 95 26 system.

1299 2018 25 23 It
1336 2019 40 23 has
1393 2020 56 22 been
1458 2020 81 28 tested,
1552 2020 44 22 and
1608 2021 147 30 successfuly,
1764 2022 71 24 under
1848 2023 36 23 the

1299 2056 57 19 terra
1376 2052 26 23 of
1421 2053 37 22 the
1480 2051 84 25 Phabe
1580 2058 93 24 system.
1719 2054 120 32 Economy
1860 2056 23 23 in

1299 2085 66 23 cabin
1385 2093 106 23 passages
1510 2086 21 22 is
1549 2086 119 29 desirable,
1679 2086 41 24 but
1741 2095 108 24 economy
1861 2090 23 23 in

1298 2117 39 24 the
1349 2122 158 27 management
1519 2119 26 23 of
1564 2119 37 23 the
1619 2119 145 31 Emigration
1785 2121 68 24 Fund
1864 2123 19 24 is

1298 2156 38 25 yet
1347 2159 62 16 more
1420 2153 130 30 important.
1586 2152 24 24 It
1620 2153 42 24 has
1674 2154 57 24 been
1742 2154 79 24 shown
1834 2155 50 25 that

1298 2185 24 22 in
1340 2186 130 30 proportion
1489 2190 23 19 to
1532 2185 37 24 the
1590 2187 90 30 portion
1693 2188 24 23 of
1732 2188 39 23 the
1787 2196 95 24 passage

1298 2226 82 23 money
1388 2219 51 30 paid
1447 2219 31 31 by
1487 2219 65 23 those
1562 2219 50 24 who
1620 2228 63 16 come
1690 2221 24 23 in
1726 2221 38 23 the
1771 2227 110 26 steerage,

1297 2252 20 23 is
1331 2252 58 23 their
1399 2253 62 23 value
1475 2253 44 22 and
1531 2253 140 23 moderation
1683 2254 25 23 of
1717 2256 164 30 expectations.

1299 2285 77 24 Those
1394 2285 48 24 who
1461 2294 46 23 pay
1519 2291 43 18 two
1583 2286 71 24 thirds
1668 2287 25 23 of
1709 2288 58 23 their
1785 2296 96 24 passage

1298 2326 90 24 money,
1400 2319 43 24 will
1456 2319 27 23 be
1494 2319 72 24 found
1583 2328 14 14 a
1609 2320 58 23 class
1688 2329 62 15 more
1762 2323 119 24 contented

1298 2352 44 23 and
1354 2360 62 16 more
1426 2353 100 23 inclined
1543 2358 23 18 to
1578 2354 160 29 self-reliance,
1752 2354 55 24 than
1819 2356 63 24 those

1298 2385 50 24 who
1366 2394 44 24 pay
1421 2386 45 23 less
1477 2395 6 20 ;
1503 2386 67 23 while
1587 2386 66 24 those
1670 2387 49 24 who
1741 2395 37 16 are
1797 2390 84 23 carried

1298 2427 95 24 passage
1405 2419 46 24 free
1463 2419 45 23 will
1529 2420 29 23 be
1573 2420 79 29 found,
1673 2428 25 16 as
1710 2429 13 15 a
1734 2421 60 24 class
1812 2430 69 23 gene-

1297 2453 65 32 rally,
1375 2453 38 23 the
1425 2458 58 19 most
1494 2453 98 24 difficult
1602 2458 23 19 to
1635 2454 80 32 satisfy
1726 2463 28 15 on
1764 2455 69 24 boar.l
1844 2456 37 24 the

1297 2487 83 28 vessel,
1393 2487 43 23 and
1447 2486 39 24 the
1494 2492 63 18 most
1565 2488 163 23 unreasonable
1736 2489 24 22 in
1773 2489 58 23 their
1841 2498 40 14 ex-

1297 2521 124 29 pectations
1433 2520 65 23 when
1518 2521 53 30 they
1584 2522 72 22 arrive
1669 2525 23 19 at
1714 2521 58 24 their
1785 2522 95 23 distilla-

1297 2554 56 24 tion.
1390 2553 56 24 This
1458 2554 21 22 is
1490 2554 39 22 the
1541 2554 71 23 result
1624 2555 25 23 of
1658 2556 141 30 experiment
1809 2565 5 20 ;
1828 2564 53 23 pos-

1297 2587 60 31 sibly
1367 2587 116 24 reflection
1502 2587 74 23 would
1593 2588 91 31 equally
1702 2588 57 23 have
1781 2589 100 24 detected

1296 2620 39 24 the
1346 2621 80 23 result.
1462 2621 46 23 Let
1528 2620 46 24 this
1595 2621 111 31 principle
1717 2622 68 31 guide
1799 2623 81 23 hunce-

1296 2654 104 28 forward,
1413 2655 43 23 and
1468 2655 39 22 the
1519 2658 49 19 cost
1580 2654 25 23 of
1623 2655 146 31 introducing
1790 2656 89 24 settlers

1296 2695 52 24 may
1359 2687 29 24 be
1399 2688 96 23 reduced
1507 2693 22 18 to
1540 2695 42 16 one
1589 2687 52 25 half
1649 2688 39 24 the
1696 2694 94 26 present
1799 2689 83 32 charge

1297 2729 62 23 upon
1370 2721 38 23 the
1420 2721 145 31 Emigration
1583 2721 77 25 Fund.
1696 2722 59 24 Give
1775 2731 107 23 passages

1297 2754 165 31 preferentially
1474 2756 24 22 in
1510 2756 132 30 proportion
1654 2761 23 17 to
1689 2756 38 23 the
1740 2762 93 18 amount
1845 2757 37 24 the

1296 2789 85 30 parties
1393 2789 135 23 themselves
1540 2796 42 15 can
1593 2789 103 30 provide.

1496 3609 179 25 MARKETS.

1331 2822 47 23 But
1390 2822 36 24 the
1437 2822 56 24 fund
1512 2823 22 22 is
1547 2822 132 29 exhausted,
1698 2822 43 24 and
1754 2822 16 24 if
1783 2824 99 30 emigia-

1297 2856 47 23 tion
1355 2855 21 23 is
1387 2860 23 18 to
1421 2856 28 23 be
1461 2855 146 30 maintained,
1620 2856 19 23 it
1649 2861 62 18 must
1722 2857 27 22 be
1758 2856 30 31 by
1797 2857 51 23 loan
1858 2857 23 24 in

1296 2889 146 31 anticipation
1459 2888 25 24 of
1501 2889 60 23 sales
1573 2889 25 23 of
1616 2889 61 28 land,
1695 2889 85 31 mainly
1794 2891 87 22 contin-

1295 2928 56 25 gent
1361 2923 36 23 for
1415 2931 13 15 a
1439 2923 70 22 series
1522 2923 26 22 of
1563 2929 66 24 years
1640 2930 61 23 upon
1714 2923 38 23 the
1774 2931 107 23 manage-

1296 2960 64 20 ment
1372 2956 25 23 of
1406 2955 36 24 the
1456 2956 140 31 Company's
1608 2956 91 24 Estate.
1736 2956 25 24 If
1771 2956 110 24 therefore

1296 2989 37 24 the
1352 2989 117 32 Company
1481 2996 39 16 are
1538 2989 111 31 prepared
1666 2994 23 19 to
1708 2997 97 24 manage
1823 2990 59 24 their

1296 3027 71 20 estate
1380 3023 53 23 with
1444 3022 104 29 wisdom,
1560 3022 54 32 they
1625 3027 62 19 must
1704 3023 102 24 increase
1823 3023 59 25 their

1295 3056 83 32 capital
1388 3065 7 20 ;
1418 3064 31 17 we
1460 3056 76 23 would
1547 3063 41 24 say
1599 3061 24 18 to
1634 3056 45 23 five
1695 3056 104 24 hundred
1811 3057 68 24 thou-

1296 3090 57 24 sand
1364 3090 86 31 pounds
1458 3098 7 21 ;
1479 3089 132 24 administer
1623 3090 19 23 it
1653 3094 40 19 not
1704 3091 23 22 in
1740 3090 38 24 the
1786 3098 49 23 way
1844 3090 37 24 the

1296 3123 105 24 Colonial
1412 3123 73 25 Office
1495 3123 74 24 would
1581 3123 36 29 do,
1627 3123 41 24 but
1680 3131 26 16 as
1718 3131 51 16 men
1783 3124 24 23 of
1816 3124 65 23 busi-

1294 3165 54 16 ness
1356 3166 6 20 ;
1376 3157 100 30 improve
1486 3157 27 28 it,
1524 3156 68 24 make
1604 3157 17 23 it
1631 3157 125 23 attractive.
1781 3157 100 32 Support

1295 3190 38 24 the
1350 3190 139 24 industrious
1502 3190 91 23 settlers
1605 3190 55 24 with
1677 3198 13 15 a
1700 3191 57 23 view
1770 3196 22 18 to
1804 3191 76 31 profit,

1295 3224 45 24 and
1352 3224 24 24 in
1388 3224 37 24 the
1435 3224 131 28 meantime,
1575 3224 61 23 until
1647 3224 39 23 the
1697 3232 49 15 new
1758 3224 75 31 policy
1841 3224 41 24 has

1294 3257 46 24 had
1352 3258 54 23 time
1418 3262 22 19 to
1453 3257 54 24 take
1520 3257 73 29 effect,
1607 3257 98 24 advance
1714 3265 29 15 on
1755 3262 96 19 account
1859 3258 24 23 of

1296 3291 151 32 Emigration.
1482 3290 46 24 We
1546 3290 108 24 conclude
1671 3290 30 31 by
1714 3290 116 32 declaring
1841 3298 41 17 our

1295 3325 126 24 conviction
1440 3324 58 29 that,
1510 3332 27 16 as
1555 3331 14 16 a
1580 3331 88 16 narrow
1680 3323 94 24 minded
1792 3324 87 32 merely

1294 3358 54 24 land
1360 3358 81 32 selling
1457 3357 69 32 body,
1539 3357 38 24 the
1595 3357 120 32 Company
1726 3363 85 18 cannot
1828 3365 53 16 suc-

1295 3392 55 24 ceed
1359 3401 7 21 ;
1378 3392 42 23 but
1430 3399 24 17 as
1465 3399 14 16 a
1489 3391 63 29 bold,
1559 3390 61 30 wise,
1629 3391 45 24 and
1684 3397 113 25 generous
1809 3391 72 24 Insti-

1295 3426 74 24 tution
1380 3425 53 35 they
1442 3432 54 24 may
1507 3424 93 31 acquire
1616 3424 87 32 profits,
1717 3424 25 24 of
1757 3424 73 24 which
1842 3424 39 24 the

1294 3458 113 32 greediest
1418 3459 24 24 of
1451 3458 37 25 the
1500 3457 167 29 shareholders,
1677 3458 25 23 in
1714 3457 39 24 the
1764 3462 61 19 most
1836 3465 44 16 un-

1294 3491 132 25 reasonable
1433 3492 25 24 of
1467 3491 37 25 his
1515 3491 112 31 sanguine
1634 3497 114 18 moments
1756 3490 44 25 has
1812 3499 68 16 never

1294 3526 136 32 anticipated
1439 3535 8 20 ;
1467 3524 46 25 and
1536 3532 25 16 as
1578 3531 15 16 a
1613 3524 127 32 Company,
1752 3525 61 24 exist
1830 3532 26 17 as
1867 3533 14 16 a

1293 3559 104 31 blessing
1407 3563 22 20 to
1440 3559 58 25 New
1511 3558 110 24 Zealand.

1943 2317 44 23 We
1997 2324 58 23 gave
2067 2324 28 16 an
2115 2321 104 25 account,
2232 2317 23 24 in
2276 2317 45 24 last
2331 2317 166 33 Wednesday's

1909 2358 76 24 paper,
1999 2350 25 23 of
2041 2350 39 23 the
2091 2350 124 24 resistance
2227 2351 23 22 of
2262 2350 37 24 the
2311 2350 96 25 Natives
2422 2355 22 20 to
2458 2352 38 24 the

1911 2384 60 23 Civil
1983 2383 132 31 Authority,
2129 2384 44 24 and
2193 2383 25 23 of
2237 2385 28 23 its
2279 2384 84 31 having
2381 2385 23 23 in
2415 2392 81 18 conss-

1910 2425 85 24 quence
2018 2417 93 23 become
2133 2424 120 24 necessary
2277 2421 22 20 to
2323 2421 54 20 turn
2399 2423 40 19 out
2460 2418 37 25 the

1908 2457 78 25 troops
1995 2455 23 19 to
2026 2450 88 32 compel
2124 2449 128 25 obedience.
2279 2450 70 24 After
2357 2451 39 23 the
2404 2456 92 27 capture

1910 2484 26 23 of
1943 2484 94 28 Awaho,
2052 2491 143 24 messengers
2206 2491 57 16 were
2281 2484 137 31 despatched
2429 2486 24 22 in
2465 2485 33 24 all

1910 2518 127 28 directions,
2060 2518 31 30 by
2110 2516 38 24 the
2168 2517 103 29 Natives,
2280 2518 3 4 '
2294 2522 22 19 to
2337 2517 82 25 inform
2437 2517 60 25 their

1909 2551 234 31 fellow-countrymen
2156 2550 25 24 of
2200 2550 38 23 the
2250 2550 79 32 unjust
2347 2552 149 31 proceedings

1910 2585 25 23 of
1945 2584 36 24 the
1994 2584 66 23 white
2074 2591 58 20 men,
2152 2585 24 22 in
2188 2583 85 32 having
2282 2585 103 24 arrested
2396 2592 14 16 a
2420 2585 78 24 Maori

1910 2618 94 24 accused
2024 2617 26 24 of
2068 2616 65 30 theft,
2152 2617 44 23 and
2215 2617 102 32 strongly
2336 2618 120 32 suspected
2472 2619 28 23 of

1909 2652 99 23 murder.
2050 2651 51 23 The
2124 2655 96 19 account
2242 2650 117 25 doubtless
2382 2653 19 22 is
2421 2651 76 32 losing

1909 2685 97 31 nothing
2027 2684 31 31 by
2081 2685 29 22 its
2133 2683 90 24 travels.
2271 2684 76 24 When
2368 2684 38 24 the
2434 2693 63 16 news

1910 2719 87 23 arrived
2009 2722 23 19 at
2044 2717 129 30 TerawiUe,
2186 2718 18 22 it
2218 2724 44 16 was
2274 2717 73 25 stated
2360 2726 42 16 one
2413 2717 85 25 Native

1910 2752 45 23 had
1965 2753 57 22 been
2034 2750 73 25 killed
2119 2750 43 25 and
2174 2750 95 24 another
2277 2751 118 24 wounded.
2430 2752 67 24 Mes-

1910 2793 94 23 sengers
2025 2792 59 16 were
2103 2784 54 24 then
2177 2784 137 31 despatched
2326 2789 24 19 to
2372 2785 124 31 Otaranga,

1910 2818 81 30 Ohow,
2005 2817 45 25 and
2061 2817 97 30 Ohariu,
2168 2818 43 23 and
2223 2817 78 31 nearly
2312 2818 32 23 all
2355 2818 38 24 the
2402 2826 96 23 persons

1909 2857 25 19 at
1945 2852 64 24 those
2021 2851 96 32 villages
2129 2850 110 33 prepared
2250 2856 24 18 to
2288 2851 98 31 proceed
2397 2856 23 20 to
2431 2852 69 28 Wei-,

1908 2886 98 30 lington.
2042 2884 51 24 The
2104 2884 69 25 white
2183 2891 54 17 men
2248 2889 25 19 at
2283 2884 39 24 the
2334 2886 95 23 stations
2437 2893 61 17 were

1908 2919 80 31 kindly
2011 2917 113 25 informed
2146 2917 49 25 that
2218 2917 55 32 they
2295 2917 83 25 should
2400 2923 39 20 not
2467 2919 29 24 be

1909 2952 97 32 injured,
2018 2951 50 24 that
2081 2950 52 32 they
2143 2950 75 32 might
2229 2950 85 25 remain
2327 2959 26 15 or
2365 2959 29 23 go
2404 2954 23 21 to
2436 2956 62 20 town,

1909 2994 25 16 as
1955 2986 53 30 they
2027 2984 101 32 pleased.
2163 2984 52 24 The
2224 2985 107 28 .stations
2350 2992 58 16 were
2425 2985 73 25 taken

1909 3019 72 24 under
2006 3018 40 24 the
2070 3018 127 32 protection
2215 3018 25 23 of
2256 3018 38 23 the
2316 3017 75 30 Chief,
2407 3019 91 31 against

1909 3053 74 31 injury
2001 3051 61 25 from
2081 3051 80 30 whom,
2180 3056 81 27 except
2281 3051 39 23 the
2339 3051 104 30 Natives,
2462 3060 36 16 we

1908 3086 66 24 know
1986 3089 49 21 not.
2070 3084 44 25 We
2126 3084 102 32 strongly
2240 3088 92 28 suspect
2346 3084 49 25 that
2406 3085 37 24 the
2457 3086 41 24 old

1910 3120 69 23 Chief
1998 3126 112 25 purposes
2128 3118 120 31 becoming
2266 3119 126 31 proprietor
2413 3119 25 24 of
2458 3119 40 24 the

1909 3153 65 24 stock
1985 3152 31 32 by
2028 3152 46 24 this
2092 3156 43 24 act,
2148 3152 23 23 in
2189 3159 52 16 case
2252 3159 33 16 we
2300 3159 57 24 poor
2375 3152 79 32 people
2463 3152 33 25 all

1908 3187 58 24 have
1977 3186 38 24 the
2027 3185 135 24 misfortune
2182 3189 24 19 to
2217 3185 40 23 fall
2269 3185 23 23 in
2313 3184 39 25 the
2369 3185 59 32 fight
2440 3186 56 24 with

1910 3220 38 24 the
1966 3220 106 24 Natives.
2106 3218 79 24 About
2206 3225 42 17 one
2267 3217 104 26 hundred
2386 3226 60 22 men,
2464 3219 33 24 all

1909 3254 84 29 armed,
2014 3259 63 18 came
2098 3253 26 23 in
2142 3260 29 16 on
2192 3251 101 32 Monday,
2311 3251 46 25 last
2380 3251 56 26 from
2457 3253 39 24 the

1909 3286 64 25 Pahs
1983 3286 72 24 above
2066 3285 82 24 named
2157 3295 7 20 ;
2184 3284 46 25 and
2248 3286 18 23 it
2282 3286 21 23 is
2323 3286 116 33 generally
2451 3294 44 16 un-

1910 3320 103 25 derstood
2036 3319 50 24 that
2108 3318 53 33 they
2182 3326 38 16 are
2238 3318 60 33 daily
2318 3320 102 31 arriving
2436 3319 59 25 from

1908 3353 90 32 beyond
2021 3353 105 24 Porirua.
2173 3352 59 24 This
2256 3352 117 25 readiness
2395 3357 22 20 to
2439 3349 56 28 take

1909 3395 31 24 up
1968 3394 61 17 arms
2056 3387 59 26 and,
2129 3394 85 25 oppose
2239 3394 36 22 us,
2299 3394 43 16 can
2368 3387 27 23 be
2417 3385 78 25 traced

1909 3425 24 19 to
1945 3420 36 24 the
1994 3419 88 25 wicked
2093 3419 43 25 and
2150 3419 112 25 wretched
2272 3419 77 32 policy
2359 3418 26 25 of
2392 3418 38 25 the
2443 3418 53 28 Go-,

1909 3458 127 21 vernment.
2072 3453 24 25 It
2106 3454 22 24 is
2132 3461 51 18 now
2193 3453 89 24 evident
2289 3453 49 23 that
2349 3452 37 24 the
2397 3451 98 26 Natives

1909 3488 79 31 totally
1997 3487 118 32 repudiate
2123 3487 37 24 the
2168 3486 102 26 Queen's
2275 3484 122 32 authority,
2408 3485 86 26 thanks

1908 3526 24 19 to
1943 3521 40 24 her
1994 3525 113 25 servants,
2119 3520 49 24 who
2186 3520 57 24 have
2261 3519 56 23 been
2328 3526 26 16 so
2366 3519 128 32 singularly

1908 3554 52 24 well
1971 3554 100 25 selected
2086 3555 32 30 by
2128 3554 39 24 the
2184 3552 131 25 authfcrities
2328 3556 24 21 at
2364 3551 73 26 Jhome
2447 3552 47 25 and

1908 3589 25 23 in
1943 3587 38 25 the
1994 3587 115 25 Colonies.
2145 3588 32 23 So
2188 3587 54 30 long
2249 3593 26 16 as
2285 3585 39 24 the
2335 3585 107 28 mischief
2451 3586 42 24 fell

1907 3622 71 33 solely
1990 3629 30 16 on
2040 3621 39 24 the
2089 3620 105 28 Settlers,
2202 3620 22 23 it
2241 3626 56 24 gave
2315 3626 30 17 no
2357 3626 97 17 concern
2465 3624 26 20 to

1908 3655 39 24 the
1959 3654 102 33 officials;
2072 3655 42 24 but
2125 3660 25 17 as
2161 3654 19 23 it
2198 3653 21 23 is
2230 3651 108 32 reaching
2357 3651 62 25 them
2429 3657 63 25 now,

1908 3688 54 32 they
1971 3705 3 18 ,
1988 3688 47 24 had
2047 3697 3 3 ■
2061 3688 71 24 better
2160 3686 69 32 apply
2256 3686 35 25 for
2314 3685 40 24 the
2380 3680 113 38 requisite

1903 3723 65 26 .force
1978 3726 30 21 to.
2010 3715 120 33 jnaintaW
2134 3719 60 25 their
2209 3717 107 35 position,
2335 3726 26 16 or
2380 3718 54 33 they
2444 3719 49 25 will

1907 3763 57 17 soon
1981 3756 60 24 have
2060 3759 22 19 to
2093 3754 57 26 bow.
2153 3753 60 24 their
2232 3752 144 30 submissive,
2385 3751 70 26 heads
2467 3758 25 19 to

1907 3789 38 24 the
1957 3780 87 41 King/
2046 3787 26 25 of
2080 3787 58 25 New
2148 3785 110 27 Zealand.
2271 3785 46 25 .It
2328 3781 86 41 wtp|^
2420 3785 73 26 found

1907 3831 29 16 no
1948 3831 54 22 easy
2012 3820 55 26 task
2085 3825 23 20 to
2120 3820 81 25 induce
2220 3819 40 25 the
2270 3818 99 26 Settlers
2373 3834 11 12 s
2388 3816 68 35 again
2466 3824 26 20 to

1907 3864 63 17 come
1980 3854 98 26 forward
2088 3857 24 22 to
2124 3857 96 29 support
2230 3853 39 26 the
2280 3850 144 33 authorities,
2436 3853 56 32 they

1905 3890 74 24 would
1990 3888 83 24 indeed
2082 3888 28 23 be
2118 3886 159 32 contemptible
2286 3886 21 24 if
2324 3883 58 35 they
2386 3885 43 25 did.
2432 3883 60 29 after

1904 3923 41 24 the
1951 3921 83 26 insults
2045 3921 75 24 which
2131 3919 106 26 attended
2247 3919 60 25 their
2315 3918 47 26 late
2373 3919 119 25 volunteer

1906 3961 57 21 acts.
1999 3955 44 25 We
2054 3954 70 25 doubt
2135 3954 63 25 there
2206 3953 69 32 being
2284 3961 45 24 any
2337 3960 63 19 more
2408 3952 85 27 volun-

1328 3662 52 25 Our
1390 3663 72 32 prices
1470 3665 92 21 current
1574 3668 30 17 on
1615 3660 39 25 the
1666 3660 76 25 fourth
1752 3668 58 24 page
1821 3660 59 25 have

1293 3696 58 25 been
1362 3695 109 32 carefully
1482 3694 116 25 corrected
1609 3702 32 24 up
1654 3698 23 20 to
1689 3694 38 24 the
1738 3693 69 25 latest
1818 3694 59 25 date.

1294 3730 51 24 Our
1356 3729 67 25 stock
1433 3730 25 23 of
1467 3728 73 32 goods
1555 3728 21 24 is
1593 3735 51 17 now
1661 3727 124 31 moderate,
1792 3728 90 31 though,,

1293 3762 46 25 this
1351 3762 74 25 would
1440 3761 83 33 hardly
1533 3761 29 24 he
1581 3761 113 32 supposed
1706 3761 30 31 by
1747 3759 40 26 the
1806 3761 74 31 prices

1291 3796 120 24 furnished
1421 3796 24 24 in
1456 3803 43 17 our
1515 3795 40 24 list
1566 3795 36 23 for
1613 3800 69 25 many
1693 3794 100 24 articles.
1828 3794 51 25 The

1293 3837 81 18 causes
1385 3829 26 24 of
1425 3829 63 25 these
1499 3828 45 25 low
1562 3828 75 32 prices
1648 3835 38 17 are
1698 3827 38 25 the
1748 3827 96 25 distress
1854 3829 25 23 in

1292 3863 39 25 the
1341 3862 167 32 neighbouring
1527 3861 108 30 colonies,
1647 3860 46 25 and
1714 3869 41 16 our
1776 3869 50 16 own
1837 3861 42 24 de-

1291 3896 108 33 pressed.
1407 3904 11 16 a
1420 3900 44 21 t&te
1473 3904 8 21 ;
1510 3895 47 25 and
1582 3902 26 16 as
1628 3902 14 16 a
1661 3902 157 24 consequence
1839 3895 40 25 the

1291 3930 94 32 general
1394 3929 127 32 prevailing
1538 3931 100 21 custom'
1645 3927 26 25 of
1685 3928 119 32 requiring
1825 3928 55 25 cash

1290 3965 37 23 for
1335 3963 62 26 sales
1415 3962 67 26 made
1492 3962 63 29 here,
1567 3961 47 25 and
1632 3961 122 31 especially
1766 3961 35 25 for
1818 3961 57 25 such

116 548 52 24 The
181 548 118 31 Company
306 555 46 16 was
361 548 87 24 formed
457 548 54 24 with
520 553 43 19 two
571 548 94 32 objects,

83 581 106 30 carrying
196 584 39 19 out
241 588 12 15 a
257 581 112 31 principle
376 581 26 24 of
408 581 157 24 Colonization
573 581 93 26 deemed

82 612 26 25 of
122 613 38 24 the
172 617 85 20 utmost
268 614 147 30 importance,
427 615 45 23 and
483 614 54 24 with
548 623 15 15 a
573 616 57 23 view
641 621 24 19 to

80 646 77 31 profit.
193 646 36 24 Of
237 646 39 24 the
287 646 119 24 Directors
418 648 19 23 it
447 655 53 23 may
510 647 29 24 be
558 648 56 29 said,
628 649 38 24 the

80 679 85 24 former
176 687 46 16 was
242 679 59 24 their
320 678 62 25 chief
391 680 73 31 object
482 681 24 22 in
523 680 93 32 joining
628 682 38 24 the

80 711 168 32 undertaking;
278 713 26 23 of
325 712 39 25 the
386 713 164 24 Shareholders
572 715 19 22 it
612 723 54 23 may

80 744 135 32 reosonably
226 745 29 24 be
275 745 113 32 supposed
406 747 67 30 profit
492 748 115 29 governed
626 749 38 23 the

79 777 108 31 majority
196 779 25 23 of
230 777 70 26 them.

113 815 51 24 The
175 816 121 25 formation
306 816 26 24 of
348 817 38 23 the
399 817 118 32 Company
528 820 55 24 took
600 821 64 30 place

78 848 77 23 before
179 849 37 23 the
240 849 193 26 Colonial-Office
452 852 137 31 proclaimed
607 854 57 24 New

78 882 103 26 Zealand
199 891 13 15 a
232 882 90 24 British
334 884 96 31 Colony.
466 885 30 23 In
508 893 156 25 consequence

79 914 47 24 the.
129 915 118 31 Company
256 916 45 24 had
313 921 23 19 to
347 918 92 30 provide
446 918 34 24 for
492 918 39 25 the
538 922 126 30 governing

80 947 26 24 of
121 948 38 24 the
171 949 105 30 Settlers,
289 950 44 24 and
343 950 93 25 became
452 951 31 31 by
494 954 114 30 necessity
619 955 45 22 im-

77 980 62 24 bued
149 982 56 23 with
214 982 98 32 feelings
322 983 75 24 which
408 992 37 16 are
457 986 75 31 rarely
542 988 122 29 possessed

76 1014 31 31 by
118 1015 92 31 trading
228 1016 89 24 bodies.
354 1017 95 32 Having
467 1022 22 20 to
507 1019 28 23 do
554 1020 46 23 this
620 1021 44 22 and

75 1046 87 32 having
172 1049 106 24 assumed
290 1049 39 24 the
339 1051 67 23 office
417 1052 26 22 of
451 1053 115 30 asserting
577 1060 28 15 an
617 1054 46 23 im-

75 1085 93 26 portant
184 1082 120 31 principle,
317 1091 55 23 gave
391 1084 39 23 the
449 1085 119 32 Company
579 1094 14 14 a
610 1092 53 18 tone

75 1113 75 24 which
162 1115 71 23 exists
246 1124 56 15 even
320 1124 51 15 now
383 1117 24 23 in
417 1125 14 15 a
440 1117 108 24 modified
560 1126 103 23 manner,

75 1146 44 23 and
131 1151 22 18 to
167 1147 58 24 their
236 1148 161 31 disadvantage
409 1150 43 24 and
462 1155 22 18 to
497 1158 62 17 ours.

110 1185 52 24 The
172 1185 66 24 effect
250 1187 25 22 of
290 1186 60 24 their
361 1188 101 30 peculiar
480 1190 100 28 position
592 1196 45 17 was
651 1199 11 15 a

76 1226 55 23 very
139 1218 62 32 large
210 1219 44 23 and
261 1219 113 32 profitless
383 1221 155 30 expenditure.
564 1223 98 31 Though

76 1252 39 23 the
127 1257 60 18 most
199 1253 71 23 active
287 1260 54 16 men
351 1254 34 28 in.
393 1253 37 24 the
441 1254 120 24 Directors
574 1263 37 15 are
624 1265 38 14 ac-

76 1285 98 23 counted
183 1290 22 18 to
216 1285 84 32 belong
312 1290 22 18 to
346 1286 37 23 the
396 1292 58 18 most
465 1287 130 31 intelligent
602 1289 60 23 class

75 1319 26 23 in
112 1317 38 24 the
162 1318 45 31 city
216 1327 7 21 ;
243 1324 39 26 yet
293 1320 19 22 it
322 1319 20 23 is
355 1327 12 16 a
385 1320 102 32 singular
498 1320 47 24 fact
557 1322 48 23 that
618 1322 44 24 this

76 1351 91 31 trading
185 1359 111 24 company
314 1352 56 25 have
391 1354 121 23 continued
531 1355 60 23 until
608 1364 54 23 very

76 1385 102 31 recently
189 1385 94 24 without
295 1393 13 15 a
320 1385 73 32 single
405 1394 51 16 man
468 1388 24 22 in
503 1388 30 23 its
545 1390 117 22 executive

74 1418 134 31 practically
226 1419 136 30 acquainted
382 1419 54 24 with
456 1421 115 24 business.
611 1423 51 24 The

78 1451 118 31 Company
219 1452 145 23 commenced
388 1452 56 24 with
465 1459 60 19 most
548 1456 114 24 mistaken

76 1486 68 22 views
157 1492 25 16 as
194 1489 23 19 to
227 1484 39 24 the
278 1485 96 23 number
384 1486 23 23 of
418 1494 94 23 persons
524 1489 106 30 required
640 1495 22 18 to

77 1518 98 24 conduct
191 1517 59 24 their
262 1519 128 29 operations
402 1519 45 24 and
457 1519 38 24 the
513 1522 149 30 expenditure

76 1551 75 24 which
170 1556 63 20 must
253 1552 29 22 be
292 1552 105 23 incurred
407 1561 6 20 ;
437 1553 45 23 this
494 1554 21 22 is
526 1555 85 30 proved
631 1557 31 30 by

76 1585 60 24 their
147 1585 98 30 sending
258 1589 38 19 out
308 1593 14 15 a
333 1593 82 23 survey
424 1586 68 30 force,
501 1595 26 16 so
538 1588 89 25 limited
638 1590 24 23 in

75 1618 116 29 numbers,
212 1618 50 24 that
280 1618 31 24 all
322 1618 38 24 the
381 1619 49 24 zeal
438 1623 2 5 '
447 1621 139 30 imaginable
595 1623 66 23 could

75 1656 41 19 not
133 1651 57 24 have
202 1651 83 24 caused
303 1652 38 23 the
358 1659 106 24 progress
476 1654 25 23 of
516 1655 39 23 the
567 1663 94 24 surveys

75 1689 50 19 ata
134 1685 111 30 tolerably
254 1686 64 30 rapid
329 1691 55 23 rate,
398 1689 44 21 and
453 1687 28 30 by
493 1687 60 24 their
563 1689 98 32 leaving,

76 1722 24 19 at
111 1718 51 24 first
181 1723 24 19 at
216 1719 38 23 the
272 1719 100 31 disposal
383 1719 24 23 of
426 1720 58 24 their
494 1720 87 32 Agent,
593 1722 68 24 funds

76 1751 54 32 only
137 1755 23 20 to
172 1752 38 23 the
222 1757 94 19 amount
325 1753 25 23 of
357 1753 104 29 £2,000.
498 1754 64 24 That
572 1757 89 29 portion

74 1785 27 24 of
109 1785 38 23 the
158 1786 118 23 executive
287 1786 73 24 which
378 1786 81 25 should
471 1787 58 25 have
541 1789 57 24 been
610 1790 50 23 effi-

74 1819 61 23 cient
156 1823 24 19 to
199 1819 208 31 superabundance,
429 1821 43 23 and
493 1821 74 25 which
588 1824 73 23 would

73 1851 59 24 have
142 1851 58 24 been
207 1860 26 15 so
244 1852 45 24 had
299 1852 38 24 the
349 1854 117 31 Company
475 1854 45 25 had
532 1863 14 16 a
555 1856 106 24 business

75 1884 48 24 like
139 1886 126 29 executive,
283 1893 47 16 was
351 1887 26 23 ill
397 1888 114 30 provided,
525 1889 77 24 whilst
622 1891 39 24 the

75 1918 114 31 profitless
209 1919 149 31 expenditure
377 1922 124 23 connected
511 1922 56 24 with
585 1931 76 22 power

74 1952 43 22 and
136 1952 29 22 its
184 1952 86 31 display
282 1960 45 15 was
346 1953 142 31 exceeding]}
508 1956 82 29 costly.
625 1957 36 22 At

75 1992 42 14 one
129 1985 55 21 time
193 1992 33 14 we
294 1985 63 23 three
366 1986 63 29 large
442 1987 64 29 ships
518 1987 23 22 in
551 1987 108 30 harbour,

73 2016 38 23 the
129 2023 43 16 one
190 2016 125 31 purchased
334 2021 23 19 at
374 2025 15 15 a
409 2018 62 31 large
489 2020 62 30 price
569 2020 31 31 by
621 2021 38 23 the

71 2049 127 30 Company,
217 2049 46 23 and
273 2049 38 23 the
322 2050 65 23 other
404 2054 43 20 two
459 2059 61 23 upon
536 2054 123 29 expensive

71 2082 104 31 monthly
191 2082 101 24 charters
311 2082 36 25 for
364 2091 15 16 a
396 2083 54 32 long
469 2086 88 29 period.
602 2087 57 23 Had

71 2115 92 32 trading
175 2116 67 22 views
254 2115 82 32 guided
355 2116 38 24 the
406 2118 104 23 counsels
522 2119 27 23 of
564 2119 37 24 the
614 2121 45 22 Di-

71 2154 94 24 rectors,
179 2157 14 15 a
203 2150 34 23 far
255 2149 104 24 different
377 2151 72 23 result
460 2152 74 23 would
553 2152 58 25 have
623 2159 35 18 at-

72 2182 82 24 tended
172 2182 59 24 their
244 2183 76 30 outlay
332 2184 23 22 in
376 2185 132 23 connection
520 2187 56 22 with
593 2187 65 31 ship-

72 2216 63 32 ping,
148 2216 125 24 thousands
285 2216 59 24 have
360 2217 58 24 been
431 2218 119 31 expended
568 2220 23 23 in
603 2228 56 16 con-

71 2250 92 23 nection
174 2249 125 30 therewith,
313 2250 94 24 without
424 2251 84 24 benefit
527 2257 22 18 to
560 2253 38 23 the
611 2258 47 19 set-

71 2283 96 24 tlement
177 2291 25 16 or
214 2282 38 25 the
266 2283 118 32 Company
391 2293 6 20 ;
411 2285 44 23 and
467 2286 124 30 emigrants
600 2294 58 17 were

71 2316 136 32 despatched
220 2321 23 19 to
256 2317 141 24 settlements
407 2319 52 22 with
472 2326 14 15 a
493 2318 83 32 degree
587 2321 25 22 of
621 2329 38 15 ra-

69 2350 81 31 pidity,
162 2350 48 24 that
221 2350 67 25 could
299 2355 41 20 not
350 2351 40 24 fail
401 2355 22 20 to
435 2352 28 24 be
475 2353 24 23 in
511 2361 68 23 every
591 2354 67 24 mode

69 2383 131 31 productive
213 2384 25 24 of
248 2384 113 25 mischief.

107 2425 35 24 At
153 2432 14 16 a
177 2424 58 24 later
246 2425 79 31 period
337 2425 38 24 the
386 2434 120 23 necessary
516 2427 86 31 change
616 2436 42 16 can

69 2458 28 24 be
110 2458 77 24 traced
198 2463 23 19 to
236 2458 28 24 be
277 2458 81 33 taking
369 2459 73 32 place.
478 2460 51 24 The
547 2462 111 31 principle

68 2492 43 23 has
130 2492 58 24 been
200 2492 73 32 safely
284 2493 109 29 asserted,
406 2493 44 24 and
463 2493 37 24 tha
515 2494 108 32 jealousy
636 2496 22 23 of

66 2525 38 24 the
116 2525 158 25 Government
284 2526 45 24 and
340 2528 121 30 necessity,
473 2535 39 15 are
524 2528 95 32 tending
634 2533 23 19 to

66 2559 69 24 make
147 2559 39 24 the
198 2559 119 33 Company
329 2560 40 23 fall
380 2561 47 22 into
440 2561 38 23 the
489 2562 101 30 position
602 2563 26 22 of
644 2571 14 15 a

68 2593 91 32 trading
176 2593 67 30 body.
281 2594 72 24 Their
367 2594 118 24 executive
496 2599 24 19 at
541 2602 43 16 one
603 2596 55 24 time

68 2626 136 32 wretchedly
213 2627 137 31 inadequate
360 2631 24 19 to
394 2627 38 24 the
444 2632 71 19 wants
528 2629 25 23 of
564 2629 38 23 the
610 2634 47 19 set-

67 2660 116 29 tlements,
195 2660 42 23 has
256 2661 58 23 been
332 2661 116 31 improved
460 2661 44 23 and
523 2662 39 24 the
574 2670 83 25 survey

68 2693 142 32 department
221 2698 41 19 not
274 2694 54 31 only
339 2694 76 31 amply
427 2695 113 31 supplied,
553 2696 42 23 but
607 2704 50 16 car-

66 2727 49 23 ried
127 2731 23 19 to
162 2728 40 22 the
212 2727 65 25 other
287 2732 102 20 extreme
398 2728 45 24 and
454 2728 111 24 rendered
576 2730 80 31 profit-

67 2760 69 32 lessly
146 2761 132 34 expensive.

99 2794 45 24 We
156 2802 39 16 are
214 2796 98 22 anxious
323 2794 50 27 that
393 2795 37 24 the
442 2796 122 24 Directors
574 2796 82 25 should

67 2836 51 16 now
130 2828 54 25 sink
196 2828 32 24 all
238 2828 98 32 feelings
348 2829 104 31 properly
465 2829 126 33 belonging
602 2831 54 32 only

65 2866 24 20 to
100 2870 15 16 a
127 2862 165 29 Government,
305 2862 45 24 and
356 2862 34 24 fill
399 2862 60 24 their
466 2863 66 24 office
539 2872 26 15 as
576 2869 80 26 agents

66 2900 23 19 to
101 2903 14 16 a
134 2895 64 32 large
209 2895 61 33 body
281 2896 26 23 of
324 2896 158 25 shareholders
499 2896 86 32 having
601 2906 55 23 pro-

64 2933 66 28 perty
139 2929 25 24 in
176 2926 57 27 New
245 2929 110 25 Zealand.
391 2929 44 25 We
444 2929 73 25 would
525 2931 58 23 wish
593 2932 63 24 them

64 2967 41 20 not
117 2967 22 19 to
151 2963 91 31 expend
253 2971 43 16 one
306 2963 95 31 shilling
409 2963 58 25 from
477 2964 75 24 which
564 2965 17 24 it
588 2966 68 23 could

65 3000 41 20 not
125 2996 29 24 be
174 2997 78 24 shewn
270 2996 48 25 that
336 2997 69 32 profit
422 3002 62 20 must
503 2999 60 23 arise
581 3003 23 20 to
617 2999 38 24 the

66 3029 127 33 Company.
230 3030 48 24 But
298 3037 34 17 we
341 3030 75 25 would
435 3032 146 24 recommend
592 3033 63 23 them

65 3067 25 20 to
110 3063 55 23 take
183 3063 109 31 enlarged
303 3064 69 24 views
384 3063 28 24 of'
426 3065 38 23 the
482 3070 82 19 nature
576 3066 24 23 of
616 3066 38 24 the

64 3100 110 28 property
183 3095 25 24 of
213 3095 76 24 which
297 3096 54 32 they
358 3104 39 16 are
405 3098 130 30 possessed,
546 3099 45 24 and
600 3100 54 23 take

66 3136 52 17 care
137 3128 52 24 that
205 3128 32 31 by
249 3137 13 16 a
278 3128 84 25 foolish
379 3131 139 30 parsimony,
532 3139 25 16 or
574 3133 81 23 misdi-

64 3161 77 25 rected
149 3162 148 32 expenditure
306 3162 55 32 they
368 3162 29 24 do
406 3168 39 19 not
455 3163 65 32 delay
529 3164 40 24 the
576 3166 79 30 period

65 3194 66 25 when
141 3196 155 24 considerable
303 3196 66 24 value
376 3204 52 25 may
436 3196 75 24 attach
522 3202 22 19 to
551 3198 27 24 it.
604 3199 50 23 The

67 3229 121 32 Company
204 3229 44 24 has
270 3237 15 16 a
304 3229 105 32 splendid
426 3234 80 26 estate,
529 3232 46 23 and
595 3232 59 24 their

64 3262 67 24 stock
152 3267 62 20 must
237 3270 64 17 some
323 3264 44 31 day
385 3264 94 24 become
504 3265 150 32 exceedingly

63 3295 113 30 valuable,
198 3296 22 24 if
239 3297 61 24 their
320 3301 108 28 property
445 3297 28 24 be
492 3297 162 26 administered

63 3329 56 25 with
129 3329 109 25 boldness
249 3330 45 24 and
304 3330 103 24 wisdom.

100 3363 53 24 The
165 3363 120 33 Company
296 3364 73 32 ought
380 3368 23 20 to
414 3364 54 25 look
480 3369 23 20 to
515 3364 40 26 the
565 3366 88 32 Colony

64 3404 27 16 at
103 3396 39 24 the
152 3404 83 25 proper
246 3397 64 32 place
321 3398 25 24 in
357 3397 73 26 which
443 3402 23 20 to
477 3398 69 25 make
558 3399 60 25 sales
630 3399 24 25 of

63 3430 64 25 land.
163 3429 68 33 They
242 3431 72 32 ought
325 3437 23 19 to
359 3431 58 25 have
429 3440 14 17 a
452 3432 55 26 land
518 3432 59 33 shop
588 3433 63 30 here,

65 3472 59 16 were
135 3464 40 24 the
186 3464 80 31 Agent
273 3464 82 26 should
372 3470 24 20 at
416 3465 30 25 all
465 3466 69 24 times
552 3467 29 23 be
597 3475 55 24 prer

64 3497 70 33 pared
147 3502 23 20 to
181 3497 56 33 buy,
249 3505 70 25 swap,
332 3507 25 16 or
368 3498 44 25 sell
421 3498 63 31 land,
504 3500 47 24 and
570 3504 23 20 to
609 3500 43 24 sell

64 3531 56 25 land
129 3531 26 24 in
167 3539 44 24 any
224 3531 111 34 quaniity,
345 3533 45 23 and
400 3540 62 25 upon
474 3540 46 24 any
539 3538 70 20 terms
628 3534 26 24 of

65 3564 72 25 credit
148 3565 74 24 which
230 3566 51 24 'suit
289 3565 40 26 the
339 3566 131 32 purchaser,
478 3566 109 32 provided
597 3567 55 32 they

64 3598 67 25 could
137 3603 40 28 get
186 3599 76 32 prices
270 3599 56 32 duly
333 3601 168 30 proportionate
509 3605 24 20 to
542 3601 109 24 standard

64 3632 56 25 cash
129 3633 76 31 prices
216 3632 37 25 for
264 3632 88 25 similar
363 3634 122 31 quantities
497 3634 46 24 and
562 3634 89 32 quality

64 3665 26 24 of
103 3665 64 25 land.
201 3665 37 26 As
250 3671 24 21 at
285 3674 14 18 a
310 3665 55 25 shoe
375 3667 65 32 shop,
452 3676 26 16 so
489 3672 24 20 at
524 3667 60 25 their
594 3668 56 24 land

64 3695 65 36 shop,
149 3699 54 32 they
222 3699 73 34 ought
311 3704 25 20 to
353 3700 29 24 be
402 3702 50 24 able
470 3706 23 19 to
511 3701 56 25 take
578 3709 72 25 evevy

63 3733 74 25 man's
156 3740 114 23 measure,
288 3733 45 25 and
355 3733 28 25 fit
402 3733 47 27 him
465 3735 85 33 nicely,
557 3735 57 24 with
636 3744 15 15 a

62 3767 59 30 good
132 3766 103 37 article^
467 3761 29 44 ;^
551 3778 4 4 -
556 3775 2 8 1
556 3761 14 33 /

96 3799 52 26 The
172 3808 83 25 proper
274 3800 67 25 mode
358 3801 28 24 of
407 3801 179 33 administering,
600 3802 50 25 that

61 3838 81 25 estate,
152 3834 64 26 leads
227 3842 29 17 us
267 3839 23 23 to
301 3834 94 25 remark
405 3843 61 24 upon
475 3836 44 29 the,
525 3836 124 25 formation

63 3867 25 23 of
101 3874 26 18 so
145 3875 70 25 many
225 3869 152 24 settlements.
422 3869 51 24 Our
492 3869 84 25 arrival
593 3869 56 25 here

61 3907 33 18 we
105 3900 95 31 believe,
211 3901 46 25 had
277 3906 41 20 not
336 3902 59 24 been
412 3901 70 26 heard
503 3904 26 24 of
543 3904 26 23 in
578 3902 70 33 Eng-

60 3932 62 32 land,
140 3934 77 25 before
237 3935 39 25 the
294 3935 59 25 New
370 3935 127 33 Plymouth
517 3937 137 29 settlement;

60 3973 45 19 was
122 3968 156 32 propounded.
314 3966 56 28 And
390 3977 34 17 we
444 3969 45 25 had
510 3970 59 25 been
580 3970 42 25 but
633 3979 14 16 a

693 140 43 23 few
746 141 90 24 months
847 142 25 22 in
884 141 57 24 New
952 142 109 28 Zealand,
1073 142 78 23 before
1169 141 39 24 the
1220 140 57 24 Nel-

694 181 43 15 son
757 174 129 23 settlement
904 182 45 16 was
971 175 132 23 announced
1114 184 6 19 ;
1146 179 40 26 yet
1213 173 64 24 when

694 206 38 23 the
745 207 121 30 emigrants
874 207 43 23 left
928 207 109 31 England
1044 208 35 22 for
1088 207 46 24 this
1146 206 132 29 settlement,

694 238 19 24 it
725 245 44 17 was
781 240 136 22 understood
936 239 49 25 that
1002 240 54 30 they
1066 248 58 16 were
1144 244 23 20 to
1190 239 86 23 receive

694 271 39 24 the
750 271 122 25 undivided
892 277 93 26 support
1004 273 43 24 and
1068 273 111 24 attention
1199 271 26 24 of
1239 271 36 24 the

696 304 116 32 Company
823 304 35 24 for
869 304 65 25 three
944 313 74 23 years,
1027 306 57 23 after
1096 314 40 15 our
1148 305 125 31 departure,

695 341 23 19 at
729 337 64 24 least.
828 337 52 24 The
896 337 148 31 justification
1061 339 34 23 for
1106 338 46 24 this
1164 337 111 25 deviation

694 375 61 18 must
766 375 47 18 rest
823 378 61 24 upon
897 371 37 22 the
952 372 113 30 necessity
1077 372 76 30 acting
1164 378 61 23 upon
1237 370 37 23 the

696 403 124 31 Company.
856 403 24 23 If
896 403 39 29 for,
947 404 102 24 instance
1069 405 37 23 the
1124 404 78 31 public
1221 410 53 17 con-

694 436 89 23 sidered
801 436 30 23 all
842 436 40 23 the
894 436 145 32 advantages,
1051 441 23 20 to
1094 437 28 23 be
1134 436 106 25 obtained
1251 440 23 19 at

694 476 29 16 an
735 469 61 30 early
806 469 86 31 period,
905 476 57 16 were
982 470 124 24 exhausted
1126 470 25 23 in
1168 469 38 24 the
1219 469 55 23 Fort

695 501 124 24 Nicholson
838 502 91 31 lottery,
947 503 45 22 and
1012 503 111 24 therefore
1143 502 75 24 would
1235 506 39 19 not

694 541 63 17 come
768 534 53 24 here
823 547 31 4 —
856 542 26 16 or
893 543 13 15 a
917 535 60 30 body
989 535 25 23 of
1028 543 94 23 persons
1135 534 138 26 determined

694 571 23 20 to
728 567 57 24 have
797 576 14 15 a
821 567 131 24 settlement
971 568 26 23 of
1012 568 58 24 their
1089 576 49 15 own
1138 581 34 4 —
1173 569 18 22 it
1202 568 71 30 might

693 600 29 24 be
730 608 61 16 more
804 605 21 19 to
837 608 41 16 our
890 600 124 31 advantage
1025 602 34 22 for
1071 602 38 22 the
1121 601 119 30 Company
1251 604 21 19 to

693 633 91 31 provide
797 633 61 24 them
868 633 55 24 with
934 642 13 14 a
958 633 91 24 scheme
1058 635 43 23 and
1113 635 61 29 land,
1188 634 54 23 than
1251 638 21 18 to

694 666 64 24 allow
769 666 57 23 such
836 667 86 30 parties
933 670 23 19 to
973 671 74 19 resort
1058 667 121 24 elsewhere
1191 666 34 24 for
1237 666 36 24 the

694 703 93 27 support
798 698 53 31 they
861 699 113 30 required.
1010 700 47 23 For
1075 701 23 23 in
1117 702 78 28 acting
1213 699 58 28 thus,

693 732 39 24 the
753 732 117 31 Company
882 732 38 23 did
939 736 39 19 not
997 738 94 26 prevent
1108 734 92 23 settlers
1219 740 51 23 pro-

694 765 92 30 ceeding
805 769 23 19 to
848 764 57 24 Port
924 764 132 30 Nicholson,
1077 766 41 24 but
1139 767 31 31 by
1193 765 80 30 selling

692 798 65 24 lands
768 803 23 18 to
802 798 85 31 parties
908 798 48 23 who
978 798 73 24 would
1070 804 40 19 not
1129 807 64 16 come
1211 798 59 28 here,

692 831 104 23 obtained
816 830 68 24 funds
903 831 30 30 by
944 831 74 24 which
1038 831 52 32 they
1101 840 59 16 were
1178 830 93 25 enabled

692 870 23 18 to
727 864 108 23 maintain
854 863 136 24 themselves
1010 864 35 24 for
1066 865 38 24 the
1122 867 56 22 time
1197 864 73 31 being.

692 897 51 24 The
753 897 75 23 blame
839 897 74 23 which
924 897 101 24 attaches
1038 903 21 18 to
1073 898 37 24 the
1120 898 126 31 Company,
1255 897 19 23 if

692 939 52 23 any,
756 931 20 22 is
787 931 34 22 for
833 930 82 32 having
936 931 117 24 abstained
1070 936 22 19 at
1105 932 37 23 the
1153 931 119 24 formation

692 964 26 23 of
733 964 45 23 this
789 964 129 23 settlement
936 964 58 24 from
1014 965 119 30 providing
1145 965 38 23 the
1196 971 77 15 means

692 997 26 23 of
732 997 87 31 rapidly
839 997 137 31 completing
996 997 38 24 the
1054 1005 89 23 survey,
1157 997 45 24 and
1220 1004 51 15 ena-

692 1030 63 31 bling
766 1030 31 23 all
808 1035 22 18 to
850 1030 68 23 know
934 1030 39 23 the
992 1035 81 19 nature
1091 1031 43 23 and
1155 1034 78 20 extent
1251 1030 23 22 of

692 1064 38 23 the
742 1068 93 26 country
847 1063 31 30 by
889 1063 73 23 which
975 1063 37 24 the
1027 1069 52 25 port
1089 1066 21 22 is
1122 1062 148 26 surrounded.

693 1096 55 24 Had
760 1096 44 23 this
815 1096 59 22 been
893 1096 65 29 done,
971 1096 38 24 the
1030 1097 89 24 settlers
1131 1096 75 25 would
1217 1096 55 23 have

693 1128 55 25 been
768 1129 117 29 generally
905 1131 23 21 in
948 1131 63 29 quiet
1028 1131 129 29 possession
1176 1130 26 23 of
1216 1129 56 23 their

691 1162 73 28 lands,
776 1162 76 23 before
865 1162 38 23 the
922 1162 89 30 dispute
1032 1171 64 16 arose
1115 1164 104 23 between
1235 1162 37 23 the

693 1195 156 23 Government
873 1195 45 23 and
944 1195 117 31 Company
1071 1205 6 20 ;
1110 1197 44 23 and
1179 1196 39 23 the
1237 1195 35 23 old

691 1228 71 30 adage
780 1228 69 23 about
868 1228 130 30 possession
1019 1230 73 23 would
1111 1230 58 23 have
1190 1228 82 32 proved

691 1265 59 19 most
760 1266 51 18 true
828 1261 23 22 in
872 1260 57 24 their
946 1268 60 17 case.
1042 1262 99 24 Further
1162 1264 18 22 it
1200 1261 72 24 would

691 1292 56 25 have
759 1294 57 23 been
826 1294 86 30 proved
924 1293 48 24 that
986 1302 32 16 we
1038 1295 45 23 had
1093 1295 121 25 unlimited
1226 1295 45 23 dis-

691 1327 63 23 tricts
764 1326 26 23 of
804 1326 109 24 available
932 1332 103 26 country,
1047 1329 45 23 and
1110 1330 24 23 in
1148 1329 30 24 all
1190 1328 81 31 proba-

690 1359 65 31 bility
765 1360 131 30 emigrants,
905 1359 83 31 having
996 1361 44 23 this
1049 1361 143 32 knowledge,
1200 1361 71 24 would

691 1393 71 30 easily
772 1393 56 23 have
840 1393 56 22 been
908 1393 126 30 persuaded
1052 1395 49 23 that
1119 1396 64 23 there
1202 1393 69 25 would

690 1426 28 23 be
730 1434 61 15 more
804 1425 96 24 comfort
918 1426 43 23 and
973 1428 67 30 profit
1059 1429 25 22 in
1103 1428 169 30 concentrating

692 1459 56 23 their
762 1459 75 23 efforts
851 1459 43 23 and
912 1459 95 32 making
1019 1468 42 16 one
1073 1461 110 31 powerful
1195 1461 75 23 settle-

690 1497 70 24 ment,
772 1492 55 24 than
840 1492 24 23 in
877 1492 68 30 being
966 1495 85 30 parties
1072 1499 22 19 to
1112 1494 159 25 half-a-dozen

691 1526 114 31 dispersed
817 1526 44 23 and
880 1525 73 23 feeble
974 1527 149 25 settlements.
1160 1527 59 25 This
1232 1535 38 23 ap-

689 1560 58 30 plies
758 1567 61 15 more
838 1559 147 31 particularly
999 1565 21 18 to
1040 1560 39 24 the
1090 1562 129 27 absentees,
1230 1560 40 23 but

690 1592 45 24 had
745 1592 54 31 they
810 1592 58 24 been
880 1592 25 23 of
920 1600 13 15 a
945 1592 104 25 different
1067 1595 93 30 opinion
1170 1594 19 23 it
1200 1593 72 24 would

689 1625 56 24 have
754 1626 58 23 been
823 1625 26 24 of
857 1625 59 24 little
927 1633 162 25 consequence,
1098 1628 43 23 and
1152 1628 39 23 the
1203 1626 68 25 Com-

689 1666 61 23 pany
761 1659 46 23 will
818 1663 39 26 yet
869 1658 47 24 find
927 1659 18 23 it
965 1660 20 22 is
997 1666 40 18 not
1054 1665 23 19 to
1091 1661 48 23 that
1152 1661 67 28 class,
1230 1659 40 25 but

690 1697 22 18 to
725 1693 37 22 the
772 1693 89 23 settlers
875 1692 52 30 they
939 1693 45 23 will
995 1693 57 24 have
1065 1699 21 19 to
1105 1694 55 23 look
1171 1694 36 23 for
1217 1701 53 23 pur-

690 1726 89 23 chasers
799 1726 24 23 of
837 1725 62 29 land,
912 1725 48 23 who
978 1727 46 23 will
1042 1728 50 30 give
1112 1728 66 24 value
1190 1731 22 19 to
1225 1727 47 23 that

690 1759 72 24 which
781 1759 48 24 still
848 1759 98 23 remains
966 1760 59 23 their
1044 1766 115 26 property.
1195 1759 76 32 Every

689 1800 48 16 new
748 1793 130 23 settlement
889 1793 28 22 is-
927 1793 106 24 attended
1045 1794 53 24 with
1110 1802 29 16 an
1152 1801 118 17 enormous

689 1825 96 24 demand
795 1833 61 24 upon
868 1825 39 24 the
924 1833 68 23 purse
1013 1828 25 22 of
1052 1828 38 23 the
1110 1828 126 30 Company,
1249 1831 22 20 to

689 1860 71 23 which
772 1867 33 15 we
816 1859 59 31 hope
887 1859 54 31 they
948 1867 38 16 are
997 1865 40 19 not
1048 1861 96 23 induced
1153 1866 22 18 to
1188 1860 84 24 submit

689 1898 39 19 out
748 1893 24 23 of
788 1893 49 23 love
857 1893 26 23 of
898 1896 131 29 patronage.
1065 1894 66 31 They
1143 1894 58 23 have
1222 1901 49 16 now

689 1926 62 24 three
763 1926 114 23 Resident
887 1926 91 29 Agents
990 1936 5 19 ;
1009 1927 64 23 three
1085 1933 46 17 sets
1144 1927 25 24 of
1179 1926 74 23 clerks
1258 1931 15 24 fc

689 1959 61 22 three
759 1959 125 28 surveying
893 1959 74 26 staffs,
986 1959 46 23 and
1051 1967 25 15 so
1089 1967 28 15 on
1126 1969 14 18 ;.
1153 1959 67 24 while
1232 1959 44 25 thji.

688 1997 42 16 one
741 1995 23 18 at
783 1990 45 23 this
847 1993 52 27 port
910 1990 74 24 would
1000 1990 57 24 have
1077 1992 59 22 been
1157 1991 113 23 sufficient

687 2022 45 24 had
743 2023 30 23 all
785 2023 36 23 the
840 2024 126 30 emigrants
985 2024 58 23 been
1054 2023 98 24 induced
1164 2028 23 18 to
1199 2028 72 19 resort

688 2060 22 19 to
723 2056 43 24 this
779 2056 96 28 district,
889 2056 73 24 which
979 2064 35 15 we
1024 2056 86 24 believe
1131 2057 55 29 they
1197 2056 73 24 would

687 2088 56 24 have
756 2089 56 23 been
823 2089 45 23 had
882 2089 36 24 the
927 2097 82 24 proper
1021 2094 61 27 steps
1092 2090 60 24 been
1162 2089 71 25 taken
1244 2094 23 20 to

688 2123 91 31 explore
789 2123 25 28 it,
826 2122 82 24 render
920 2124 19 23 it
958 2124 126 28 attractive,
1096 2123 46 24 and
1162 2122 37 25 the
1211 2122 60 31 right

687 2161 129 26 arguments
828 2155 57 25 used
897 2161 21 19 to
937 2156 65 24 those
1014 2157 95 23 anxious
1128 2161 24 19 to
1163 2161 73 19 resort
1248 2162 21 18 to

687 2190 57 23 New
756 2188 107 25 Zealand.
888 2190 99 30 Though
993 2198 63 15 more
1070 2190 54 24 than
1131 2190 38 24 six
1179 2189 90 24 months

687 2223 56 23 have
755 2222 91 32 elapsed
857 2223 61 24 since
930 2223 38 23 the
988 2223 138 31 Company's
1137 2227 78 27 report
1226 2230 43 16 was

687 2256 83 29 issued,
783 2264 33 15 we
837 2256 31 23 all
888 2258 105 23 continue
1014 2257 23 23 in
1057 2258 123 30 ignorance
1200 2255 26 24 of
1239 2257 29 23 its

687 2294 111 20 contents.
833 2289 37 24 To
889 2290 63 24 those
972 2298 33 16 we
1025 2291 74 23 would
1120 2297 49 17 now
1181 2289 55 24 look
1248 2294 21 20 to

687 2323 70 32 speak
770 2323 53 23 with
835 2324 130 23 confidence
976 2324 26 23 of
1012 2331 40 16 our
1061 2324 75 24 future
1144 2328 124 27 prospects.

687 2357 24 23 It
731 2357 19 23 is
775 2357 114 31 supposed
910 2365 12 15 a
948 2365 48 16 new
1023 2357 129 24 settlement
1175 2356 46 24 will
1241 2357 28 23 be

686 2390 85 25 formed
787 2395 22 18 to
826 2389 39 24 the
877 2390 75 25 south.
988 2390 44 24 We
1044 2390 74 25 would
1129 2390 83 32 prefer,
1225 2390 43 24 and

687 2432 32 16 we
731 2423 67 25 think
809 2424 18 22 it
839 2423 66 25 could
917 2424 27 24 be
955 2424 77 24 shown
1042 2428 23 20 to
1072 2425 28 23 be
1111 2431 63 17 more
1183 2427 21 19 to
1212 2423 58 25 their

685 2458 102 28 interest,
801 2461 22 20 to
836 2457 79 24 devote
934 2457 31 24 all
976 2458 59 23 their
1047 2466 85 23 energy
1144 2463 23 19 to
1181 2456 37 24 the
1230 2457 38 24 ad-

686 2495 132 20 vancement
824 2491 24 23 of
855 2490 58 24 their
919 2495 93 27 present
1017 2491 151 24 settlements.
1181 2489 45 25 Let
1233 2491 36 23 the

688 2525 41 23 Co.
741 2525 28 23 be
791 2524 129 24 indifferent
932 2529 23 18 to
968 2525 74 23 where
1054 2525 38 23 the
1112 2524 156 24 Government

686 2566 51 23 may
749 2559 36 23 be.
821 2557 43 24 We
877 2558 55 24 have
944 2557 58 25 done
1023 2558 94 24 without
1129 2559 20 22 it
1150 2569 31 6 —
1184 2565 32 15 we
1228 2565 40 17 can

687 2592 26 23 do
726 2591 93 24 without
831 2591 18 23 it
849 2604 34 4 —
884 2592 43 23 and
939 2592 77 23 would
1035 2592 75 30 prefer
1122 2591 38 24 the
1173 2590 49 25 well
1234 2592 33 23 di-

685 2625 75 24 rected
772 2625 77 23 efforts
861 2625 25 23 of
901 2625 38 23 the
952 2625 119 31 Company
1089 2630 23 19 to
1123 2625 70 30 being
1204 2625 63 23 with-

686 2663 39 19 out
736 2658 69 29 them,
818 2657 43 24 and
880 2658 84 30 having
979 2658 46 24 this
1043 2658 65 24 made
1127 2658 40 24 the
1188 2662 47 19 seat
1247 2658 23 24 of

686 2692 164 24 Government.
888 2691 25 23 If
927 2691 25 23 in
962 2691 41 24 the
1013 2693 123 23 meantime
1148 2693 39 23 the
1199 2691 68 25 Com-

684 2733 61 24 pany
769 2725 58 24 have
848 2724 87 25 formed
967 2725 94 24 another
1086 2726 139 28 settlement,
1246 2726 25 23 of

685 2767 79 16 course
776 2759 19 23 it
805 2763 63 19 must
878 2759 28 23 be
917 2759 123 30 proceeded
1060 2759 62 30 with,
1136 2759 45 24 and
1191 2759 18 23 it
1219 2766 49 17 now

684 2793 99 23 remains
801 2792 34 23 for
847 2800 27 15 us
886 2798 22 17 to
920 2800 40 22 say
972 2792 51 24 how
1034 2792 53 32 they
1099 2801 43 15 can
1155 2800 64 16 serve
1229 2793 37 23 the

685 2827 37 23 old
741 2826 149 29 settlements,
910 2826 43 23 and
972 2826 60 23 what
1052 2827 53 31 they
1123 2830 65 20 must
1207 2825 26 24 do
1252 2826 18 23 if

684 2860 54 31 they
750 2859 73 24 would
841 2860 81 23 render
943 2859 62 24 them
1023 2860 129 31 profitable.
1188 2859 35 24 As
1235 2867 32 16 we

684 2893 56 24 have
752 2893 90 31 already
854 2893 57 29 said,
924 2900 33 16 we
975 2893 29 23 do
1025 2898 40 19 not
1077 2898 59 19 want
1148 2893 39 25 the
1199 2893 67 24 Com-

684 2935 60 24 pany
755 2932 23 18 to
790 2928 64 22 incur
866 2935 44 23 any
922 2927 148 30 expenditure
1087 2928 76 24 which
1174 2926 45 24 will
1229 2931 39 20 not

683 2961 28 24 be
723 2960 105 25 attended
837 2961 54 23 with
901 2961 67 30 profit
976 2964 23 20 to
1005 2960 143 26 themselves.
1169 2960 97 32 Though

684 2994 128 33 companies
830 3002 53 23 may
902 2994 28 23 be
950 2994 86 24 started
1055 2994 31 31 by
1098 3002 29 16 an
1145 2994 52 24 idea
1216 2994 51 31 they

684 3033 81 19 cannot
777 3028 44 23 live
833 3036 61 23 upon
906 3028 18 23 it
932 3036 7 20 ;
953 3027 136 31 philosophy
1099 3034 65 19 must
1173 3027 60 32 yield
1244 3032 22 19 to
1274 3053 3 7 _

684 3063 73 30 profit,
769 3070 26 16 or
806 3062 131 31 companies
948 3066 63 19 must
1021 3061 44 24 die.

718 3095 89 33 Capital
817 3100 63 19 must
891 3096 27 23 be
929 3095 108 31 provided
1058 3095 34 24 for
1104 3095 39 24 the
1162 3102 104 24 progress

684 3130 25 23 of
724 3130 36 23 the
781 3129 37 23 old
839 3129 151 24 settlements.
1026 3128 44 24 We
1090 3128 88 25 believe
1199 3128 67 24 under

683 3171 44 23 any
750 3163 175 24 circumstances
948 3161 46 25 this
1022 3162 74 24 would
1124 3162 59 24 have
1211 3162 55 23 been

682 3203 127 24 necessary,
822 3196 43 23 but
875 3196 30 23 its
913 3196 105 24 absolute
1028 3196 115 31 necessity
1154 3195 42 25 has
1211 3195 55 24 been

683 3229 136 24 established
830 3229 31 31 by
873 3229 38 24 the
926 3229 108 24 mischief
1044 3229 75 25 which
1131 3230 21 23 is
1163 3228 40 25 the
1215 3236 51 16 con-

682 3270 111 25 sequence
811 3267 24 19 to
852 3270 29 16 us
901 3263 26 23 of
945 3263 38 23 the
1003 3263 89 31 quarrel
1103 3262 75 26 which
1190 3262 40 24 has
1241 3270 24 16 so

681 3297 55 31 long
747 3297 87 24 existed
851 3295 101 25 between
972 3296 39 24 the
1031 3296 119 32 Company
1161 3296 45 23 and
1218 3295 48 24 Go-

680 3335 125 20 vernment.
843 3329 58 24 This
922 3330 83 31 capital
1022 3330 20 23 is
1056 3330 105 32 required
1173 3330 36 24 for
1225 3333 41 20 two

680 3371 110 25 purposes
791 3377 32 4 —
825 3368 22 19 to
859 3363 68 24 make
938 3364 75 29 roads,
1024 3364 44 23 and
1079 3364 28 24 do
1115 3364 66 24 other
1191 3363 75 31 things

681 3405 119 24 necessary
812 3402 23 19 to
855 3397 82 24 render
957 3397 38 24 the
1013 3396 38 25 old
1071 3397 142 25 settlements
1231 3401 35 19 at-

680 3432 94 23 tractive
800 3431 44 24 and
868 3431 153 31 immediately
1042 3431 113 24 available
1178 3435 24 19 to
1229 3429 37 24 the

680 3465 71 35 newly
775 3464 88 25 arrived
885 3464 105 27 colonist,
1037 3464 45 25 Let
1103 3464 50 25 him
1176 3467 40 21 not
1237 3464 28 22 be

680 3497 99 33 exposed
790 3502 23 21 to
825 3506 14 16 a
850 3498 57 24 tithe
925 3498 27 25 of
965 3498 40 25 the
1019 3497 65 33 delay
1096 3497 75 25 which
1181 3497 42 24 has
1240 3504 26 16 so

679 3532 78 31 nearly
766 3531 60 25 been
844 3538 43 18 our
904 3532 60 29 ruin,
976 3531 46 25 and
1032 3531 75 25 which
1117 3530 75 26 would
1209 3530 56 24 have

679 3565 80 25 ruined
779 3573 45 23 any
842 3564 60 33 body
923 3565 26 24 of
968 3572 53 17 men
1039 3564 121 32 possessed
1181 3564 26 24 of
1220 3563 45 25 less

679 3606 104 25 courage,
803 3598 112 32 patience,
930 3598 45 24 and
997 3606 171 24 perseverance.
1204 3596 24 24 It
1243 3597 23 23 is

678 3632 48 26 also
735 3632 87 25 needed
833 3636 23 19 to
868 3632 28 24 be
903 3631 82 25 loaned
992 3632 24 23 in
1023 3632 116 24 moderate
1150 3634 113 25 amounts,

678 3674 63 24 upon
750 3665 60 33 good
821 3666 106 31 security,
939 3669 24 20 to
983 3665 90 25 settlers
1085 3666 26 24 of
1127 3663 139 27 established

678 3700 123 30 character,
813 3698 46 26 and
869 3700 49 23 who
929 3700 19 23 it
959 3700 20 23 is
1000 3698 83 25 known
1095 3698 46 25 will
1161 3696 69 34 apply
1247 3697 18 24 it

678 3733 60 25 alike
749 3737 24 21 to
785 3733 59 26 their
856 3741 50 16 own
915 3733 134 31 advantage,
1057 3738 23 18 to
1089 3733 39 24 the
1138 3731 127 31 advantage

678 3767 25 24 of
720 3767 59 24 their
796 3766 75 25 fellow
882 3766 98 30 settlers,
993 3765 47 25 and
1055 3770 22 20 to
1089 3766 39 24 the
1140 3763 125 32 advantage

678 3801 25 24 of
712 3800 38 25 the
761 3800 128 32 Company.
901 3815 5 4 -
924 3799 52 25 The
997 3799 119 32 Company
1134 3805 40 17 are
1185 3796 79 33 deeply

677 3834 123 25 interested
818 3835 26 23 in
862 3841 41 17 our
922 3833 71 31 being
1014 3832 105 32 supplied
1139 3830 58 26 with
1218 3830 46 24 this

677 3867 89 33 capital,
779 3867 44 25 and
835 3866 55 33 they
900 3867 46 24 will
956 3865 49 25 find
1016 3865 50 24 that
1075 3866 31 24 its
1122 3863 87 34 supply
1218 3863 46 24 will

675 3904 52 29 give
738 3908 50 17 new
798 3900 40 25 life
856 3900 47 25 and
922 3907 85 24 energy
1018 3902 23 21 to
1053 3899 66 24 those
1137 3897 51 25 who
1206 3895 58 26 have

676 3935 81 25 settled
767 3934 73 25 under
859 3933 60 26 their
939 3933 113 31 auspices,
1065 3931 43 25 and
1127 3930 51 25 that
1187 3930 20 24 it
1213 3929 53 32 jpill,

675 3975 40 19 not
736 3968 55 30 long
813 3968 58 24 have
894 3966 57 25 been
972 3965 119 26 furnished
1115 3972 40 17 ere
1177 3970 14 17 a

1254 3999 12 20 *

583 52 100 47 ©ft*
704 50 120 44 W*to
848 52 211 42 Zealand
1084 52 193 49 <&mtU
1300 53 93 41 mt*
1418 52 300 49 vmclUnqton
1743 52 252 51 Spectator,

84 141 77 23 derate
171 146 94 19 amount
275 141 26 22 of
310 140 81 32 capital
402 141 113 31 provided,
525 141 57 24 with
592 141 74 24 which

83 181 34 15 we
128 181 53 24 may
191 174 106 24 continue
307 173 39 23 the
357 173 151 32 undertaking
519 181 64 24 upon
593 174 73 23 which

83 212 35 17 we
128 206 58 24 have
191 206 106 25 -entered.
487 198 33 41 |f

117 238 45 24 We
179 240 87 23 believe
284 238 22 23 if
320 238 40 24 the
379 239 83 25 Titles'
475 236 111 38 to/VJLand
608 246 58 16 were

75 284 3 6 ■
84 271 90 30 settled,
186 271 44 25 and
241 279 14 15 a
265 276 123 26 guarantee
408 273 35 23 for
461 273 64 31 quiet
534 272 132 32 possession

83 311 61 17 were
154 305 70 31 given
234 304 32 31 by
277 304 38 24 the
335 305 164 29 Government,
511 305 46 24 and
569 304 38 23 the
619 304 47 24 Co-

83 336 55 32 lony
155 336 66 25 aided
246 341 24 19 to
288 337 39 24 the
346 342 79 20 extent
443 338 26 23 of
491 339 132 27 £100,000
643 337 23 23 in

83 369 64 24 loans
158 376 61 24 upon
230 370 60 30 good
301 371 108 30 security,
421 378 40 16 our
473 377 106 25 progress
591 370 75 23 would

83 402 29 23 be
123 402 73 31 rapid,
209 403 44 23 and
265 403 38 23 the
322 403 73 23 result
407 404 84 23 certain
503 407 23 19 to
546 403 29 23 be
587 402 79 32 highly

83 435 143 31 satisfactory
237 440 23 19 to
271 436 32 24 all
313 437 94 29 parties.

241 495 73 24 THE
333 495 174 24 COMPANY.

1915 143 72 31 goods
1998 151 25 16 as
2044 153 37 16 are
2100 149 52 20 sent
2168 146 59 24 from
2247 146 37 24 the
2303 146 64 25 other
2386 148 106 24 colonies.

1916 176 51 23 The
1979 176 95 24 demand
2085 178 35 23 for
2140 179 71 29 goods
2230 179 71 24 direct
2319 179 59 24 from
2396 180 65 25 home
2473 181 21 23 is

1916 209 45 22 and
1971 214 61 19 must
2043 210 134 32 necessarily
2189 212 29 23 be
2235 212 127 31 dependent
2376 217 67 26 upon'
2453 213 40 23 the

1915 241 126 31 shipments
2051 242 65 23 made
2128 247 22 19 to
2168 251 41 16 our
2227 245 138 31 neighbours
2376 253 7 20 ;
2402 245 39 24 the
2451 253 42 16 ex-

1915 278 49 19 tent
1974 279 23 19 to
2008 274 74 23 which
2100 275 132 31 emigration
2249 282 24 19 to
2293 277 57 24 New
2361 276 99 25 Zealand
2473 278 20 23 is

1915 306 70 32 being
1994 306 45 24 and
2049 307 21 23 is
2080 311 23 19 to
2114 307 29 23 be
2154 309 137 25 maintained
2299 318 6 21 ;
2324 309 45 25 and
2389 309 38 25 the
2438 309 54 25 cha-

1915 344 72 19 racter
2004 340 28 23 of
2045 339 51 24 that
2114 341 134 29 emigration
2257 350 6 20 ;
2282 343 50 23 that
2351 343 22 23 is
2392 342 101 25 whether

1914 372 81 31 capital
2006 372 55 23 does
2079 381 26 15 or
2122 372 53 24 does
2195 378 40 18 not
2254 382 136 24 accompany
2401 376 18 23 it
2436 380 23 19 to
2479 383 16 15 a

1914 405 130 23 reasonable
2056 410 86 19 extent.
2177 406 27 23 If
2218 406 38 23 the
2275 407 127 31 shipments
2420 412 23 20 to
2455 408 38 23 the

1913 438 165 32 neighbouring
2097 438 97 24 colonies
2215 440 104 23 continue
2337 445 72 26 great,
2420 440 75 24 which

1914 477 33 15 we
1959 474 81 20 cannot
2049 471 99 31 imagine
2159 471 47 24 will
2226 472 28 24 be
2265 472 38 23 the
2314 479 52 17 case
2387 473 56 23 after
2455 473 40 24 the

1914 503 91 24 ruinous
2022 504 75 30 prices
2115 504 72 24 which
2206 504 57 24 have
2284 513 26 14 so
2329 504 56 32 long
2404 505 87 24 existed

1914 534 70 30 there,
1994 536 45 23 and
2048 536 153 31 immigration
2212 537 28 23 be
2253 537 64 24 small
2329 541 24 20 to
2365 537 58 25 New
2434 538 59 24 Zea-

1914 567 52 23 land
1977 569 44 22 and
2032 568 38 24 the
2083 569 62 23 other
2157 569 105 30 colonies,
2272 576 24 17 or
2303 570 39 23 the
2352 570 142 32 immigrants

1913 599 29 24 be
1953 600 93 24 without
2057 601 88 32 capital,
2158 602 54 24 then
2232 610 50 16 care
2292 602 83 25 should
2385 603 28 24 be
2425 603 68 25 taken

1913 632 55 24 both
1976 635 128 30 respecting
2122 635 39 24 the
2178 639 80 20 nature
2276 636 45 23 and
2344 636 41 28 the,
2402 635 56 25 kind
2470 637 26 23 of

1913 665 124 31 shipments
2044 667 65 23 made
2116 667 82 31 during
2206 668 37 23 the
2250 673 54 19 next
2311 668 179 25 twelvemonths.

1913 697 100 32 Imports
2025 706 38 16 are
2079 699 84 25 needed
2183 701 36 23 for
2239 701 36 23 the
2296 701 98 28 settlers,
2406 701 35 24 for
2453 702 38 23 the

1913 731 97 31 whaling
2020 732 191 29 establishments,
2223 734 44 22 and
2281 734 34 23 for
2327 734 39 23 the
2387 733 104 25 Natives.

1914 764 26 23 If
1954 764 38 24 the
2011 765 153 31 immigration
2184 766 105 23 continue
2308 766 74 29 6mall,
2397 767 98 31 especial

1914 804 50 15 care
1976 797 81 24 should
2068 798 28 23 be
2106 798 53 31 paid
2170 804 41 18 not
2224 804 24 17 to
2267 806 54 16 over
2338 798 52 32 ship
2402 799 34 24 for
2447 800 46 23 this

1914 830 58 22 class
1983 831 25 23 of
2022 838 132 16 consumers
2165 840 6 20 ;
2191 831 67 24 while*
2277 831 77 24 rather
2366 832 129 32 increasing

1914 863 124 31 shipments
2049 871 53 24 may
2119 863 70 32 safely
2201 864 28 23 be
2240 864 64 24 made
2322 864 36 24 for
2369 864 38 24 the
2418 873 40 16 use
2470 866 26 23 of

1914 896 37 22 the
1963 896 102 30 whaling
2077 896 182 24 establishments
2271 897 43 24 and
2327 897 71 30 trade,
2405 898 43 24 and
2459 898 36 24 for

1914 929 38 22 the
1963 936 39 17 use
2012 929 26 23 of
2053 929 38 24 the
2102 929 106 24 Natives.

1946 966 34 24 At
1997 966 39 24 the
2054 967 77 31 period
2152 968 27 23 of
2200 967 39 24 the
2258 968 172 25 establishment
2440 970 27 23 of
2480 978 15 15 a

1914 998 87 33 colony,
2013 998 83 25 almost
2117 1007 67 24 every
2204 1005 60 19 want
2282 1006 61 18 must
2353 1001 29 24 be
2394 1003 101 23 satisfied

1913 1031 31 32 by
1962 1032 154 32 importation,
2133 1033 42 24 but
2192 1041 26 15 as
2235 1034 134 30 production
2389 1035 106 30 proceeds

1912 1073 69 24 many
2001 1065 27 24 of
2055 1066 37 23 the
2114 1070 71 20 wants
2209 1074 38 16 are
2272 1067 101 24 satisfied
2400 1067 90 33 locally.

1914 1098 67 24 Some
1999 1100 110 22 attention
2131 1099 112 24 therefore
2263 1099 81 25 should
2362 1101 29 23 be
2407 1101 54 31 paid
2471 1106 24 19 to

1914 1131 38 24 the
1962 1139 108 24 progeess
2082 1132 25 23 of
2122 1140 13 15 a
2146 1139 48 17 new
2215 1132 135 30 settlement,
2362 1134 26 23 in
2400 1134 44 24 this
2455 1142 38 16 re-

1912 1169 71 27 spect,
1995 1172 25 16 or
2032 1165 90 23 articles
2133 1173 52 24 may
2193 1165 30 24 be
2234 1167 120 23 continued
2364 1170 24 20 to
2399 1167 28 24 be
2439 1174 55 25 sup-

1913 1197 60 31 plied
1984 1205 30 16 no
2034 1197 80 32 longer
2131 1198 92 30 needed,
2237 1198 44 25 and
2298 1199 39 24 the
2354 1200 80 31 profits
2451 1201 43 23 ob-

1914 1231 75 23 tained
1999 1231 59 23 from
2070 1232 125 31 shipments
2208 1232 64 25 ma.de
2293 1237 23 19 at
2334 1241 15 15 a
2363 1233 132 25 seasonable

1912 1265 85 29 period,
2009 1264 81 31 totally
2100 1265 45 23 lost
2157 1265 44 23 and
2219 1265 93 24 without
2322 1265 60 32 hope
2395 1265 23 24 of
2434 1266 61 24 deri-

1912 1298 56 29 ving
1978 1298 61 22 them
2050 1298 67 30 again
2128 1298 59 24 from
2199 1298 38 24 the
2250 1306 61 16 same
2322 1299 60 23 class
2395 1299 23 23 of
2428 1299 65 32 ship-

1914 1335 82 18 ments.
2021 1330 60 23 This
2093 1331 79 30 colony
2183 1334 63 19 must
2258 1338 69 24 prove
2337 1336 61 19 most
2409 1332 88 30 prolific

1914 1367 24 18 at
1948 1370 30 16 no
1990 1363 86 23 distant
2088 1362 57 30 date,
2157 1364 24 22 in
2199 1364 130 31 furnishing
2346 1364 31 24 all
2395 1364 67 25 kinds
2473 1365 25 24 of

1913 1395 148 31 agricultural
2074 1396 146 31 productions
2231 1401 23 19 at
2265 1397 70 31 cheap
2346 1397 74 24 rates.'
2445 1398 50 25 But

1912 1429 35 23 for
1958 1429 37 23 the
2006 1429 109 32 unhappy
2126 1434 57 19 stats
2195 1430 27 23 of
2236 1430 37 23 the
2295 1430 67 24 Land
2375 1430 121 30 Question,

1914 1470 33 16 we
1959 1462 81 24 should
2052 1470 37 16 ere
2100 1463 47 23 this
2158 1463 57 23 have
2225 1463 104 31 supplied
2337 1463 31 24 all
2376 1472 40 15 our
2423 1469 73 19 wants

1913 1496 26 23 of
1964 1496 44 23 this
2030 1500 91 19 nature.
2167 1496 46 23 For
2237 1497 108 29 instance,
2369 1505 33 15 we
2424 1498 71 23 doubt

1912 1529 99 24 whether
2023 1529 68 31 profit
2101 1529 46 23 will
2159 1530 66 30 again
2237 1529 75 24 attend
2329 1529 39 24 the
2379 1529 117 33 shipment

1914 1566 22 19 to
1955 1562 44 24 this
2020 1562 97 30 market,
2129 1561 58 25 from
2209 1562 37 24 the
2265 1562 64 24 other
2350 1562 47 24 side
2416 1564 25 22 of
2455 1564 40 24 the

1914 1600 90 26 equator
2016 1595 26 23 of
2050 1595 58 30 beef,
2120 1595 67 31 pork,
2201 1595 73 30 hams,
2284 1596 78 29 bacon,
2375 1596 82 30 butter,
2469 1605 26 15 or

1912 1629 66 24 flour.
2022 1627 76 25 There
2117 1636 52 23 may
2187 1629 29 23 be
2234 1628 63 25 other
2315 1629 91 24 articles
2424 1634 22 19 to
2467 1630 28 24 be

1913 1662 71 24 added
1995 1666 23 19 to
2030 1661 47 24 this
2089 1661 47 30 list,
2145 1661 75 25 which
2238 1663 44 23 will
2295 1663 27 23 be
2333 1663 122 31 suggested
2466 1663 30 31 by

1914 1696 113 23 reference
2046 1700 22 19 to
2089 1703 42 16 our
2147 1695 94 31 general
2259 1696 112 24 remarks.
2408 1696 38 24 On
2458 1696 38 25 the

1914 1728 63 24 other
1988 1728 62 24 hand
2060 1728 90 24 articles
2170 1736 52 16 now
2237 1729 104 31 required
2359 1729 45 24 and
2423 1729 73 24 which

1914 1769 52 23 may
1976 1762 28 23 be
2013 1761 156 32 permanently
2181 1762 112 31 required,
2305 1770 53 24 may
2370 1762 56 24 have
2437 1762 58 25 been

1912 1795 105 31 partially
2030 1802 25 16 or
2067 1795 82 31 wholly
2161 1795 151 31 prematurely
2324 1795 111 33 supplied,
2448 1797 46 23 and

1914 1828 46 23 loss
1978 1833 22 19 to
2013 1828 38 24 the
2061 1828 121 32 importers
2202 1827 39 24 the
2260 1836 162 25 consequence.
2457 1829 41 24 On

1913 1861 113 24 reference
2039 1866 22 18 to
2073 1861 98 25 invoices
2192 1861 46 23 and
2255 1861 67 30 sales,
2333 1861 40 25 the
2392 1862 45 24 fact
2449 1863 47 23 will

1912 1902 30 16 no
1954 1894 69 25 doubt
2034 1894 29 24 be
2082 1899 23 19 at
2117 1902 56 16 once
2191 1900 117 26 apparent,
2327 1895 45 24 and
2382 1896 19 23 it
2411 1895 46 24 will
2467 1896 29 23 be

1913 1927 35 24 for
1958 1927 45 25 «the
2021 1928 121 31 importers
2163 1933 22 18 to
2208 1929 111 23 ascertain
2338 1928 101 25 whether
2458 1928 39 24 the

1912 1968 107 23 progress
2031 1960 25 24 of
2072 1960 37 24 the
2131 1960 131 25 settlement
2279 1961 48 24 will
2335 1966 41 19 not
2387 1969 50 17 now
2443 1961 54 31 jus-

1912 1994 43 30 tify
1968 1994 37 23 the
2018 1994 78 30 steady
2115 1994 146 31 importation
2280 1994 25 23 of
2324 1994 66 24 those
2408 1994 89 24 articles

1913 2030 22 19 to
1948 2034 13 15 a
1972 2027 115 23 moderate
2098 2030 86 24 extent,
2204 2026 54 24 with
2269 2035 14 15 a
2301 2027 44 24 fair
2355 2032 107 26 prospect
2473 2028 25 23 of

1913 2059 130 32 redeeming
2055 2059 39 24 the
2114 2059 70 23 losses
2206 2060 64 24 made
2290 2060 31 31 by
2332 2060 60 24 their
2408 2068 89 23 prema-

1912 2097 51 18 ture
1974 2093 115 31 shipment
2107 2092 44 23 and
2168 2093 55 22 with
2242 2101 14 15 a
2267 2093 108 24 tolerable
2388 2094 110 31 certainty

1913 2126 54 31 they
1978 2126 46 24 will
2035 2125 171 25 henceforward
2225 2126 61 31 yield
2304 2134 15 16 a
2329 2126 79 31 steady
2418 2132 80 19 return

1911 2164 23 19 to
1947 2159 83 36 capital
2041 2158 87 25 outlaid
2140 2158 54 24 with
2211 2159 113 31 prudence
2335 2161 25 23 in
2371 2158 45 26 this
2427 2167 65 18 man-

1911 2200 50 16 ner.

2041 2255 88 25 THE
2163 2255 201 25 NATIVES.

2397 117 7 14 ■
