2569 4050
712 2903 81 25 Under
805 2903 47 24 this
862 2903 67 30 head,
941 2911 34 16 we
993 2903 56 25 have
1061 2903 131 32 repeatedly
1204 2912 62 17 com-

677 2936 91 33 plained
790 2938 22 22 in
836 2936 39 25 the
894 2945 69 16 name
983 2938 24 23 of
1030 2938 38 23 the
1087 2938 120 25 colonists.
1243 2938 26 25 If

678 2971 62 31 ships
752 2970 28 24 be
791 2976 41 18 not
843 2971 91 31 coming
945 2970 71 25 direct
1036 2977 22 17 to
1079 2971 57 23 New
1155 2970 111 32 Zealand,

677 3012 30 16 no
719 3004 147 24 information
877 3004 21 24 is
908 3004 101 24 received
1019 3005 57 23 from
1087 3004 119 32 England.
1242 3005 25 25 It

677 3038 21 23 is
709 3037 50 25 well
770 3037 84 24 known
866 3045 32 16 we
917 3037 58 25 have
993 3046 14 16 a
1018 3041 71 28 greats
1100 3037 52 25 deal
1162 3038 27 24 of
1204 3047 62 16 com-

676 3071 138 24 munication
827 3070 53 25 wiih
900 3070 93 28 Hoba.rt
1012 3072 81 28 Town,
1104 3070 161 32 Launceston,

677 3104 45 24 and
733 3104 101 32 Sydney.
870 3104 76 24 When
966 3105 85 24 vessels
1070 3112 40 16 are
1120 3109 42 20 not
1174 3107 93 30 coming

677 3138 78 30 direct,
769 3138 38 23 the
820 3138 119 32 Company
951 3146 25 16 as
993 3138 51 25 well
1056 3146 25 16 as
1102 3138 66 25 other
1179 3140 86 31 parties

677 3171 71 32 ought
758 3175 23 19 to
803 3171 64 25 write
885 3171 30 31 by
929 3171 85 25 vessels
1032 3171 139 33 proceeding
1192 3177 23 19 to
1227 3173 39 24 the

676 3204 76 33 places
764 3212 33 17 we
808 3204 59 25 have
884 3205 91 24 named.
1011 3205 52 24 The
1075 3205 141 32 Company's
1227 3214 38 16 re-

676 3243 52 27 port
745 3242 62 20 must
817 3238 59 24 have
886 3238 60 24 been
964 3239 23 23 in
1007 3246 15 16 a
1039 3239 117 23 condition
1174 3243 23 20 to
1209 3240 57 24 send

676 3276 41 20 out
727 3272 31 31 by
769 3271 40 24 the
819 3271 59 25 25th
890 3271 67 31 May,
968 3271 44 24 and
1032 3272 18 23 it
1060 3276 65 20 must
1135 3272 29 24 be
1174 3272 87 25 known

676 3305 25 24 in
713 3305 109 32 England
840 3304 49 26 that
905 3305 39 23 the
963 3304 107 25 colonists
1084 3305 62 25 look,
1159 3306 36 24 for
1214 3307 51 24 that

677 3338 120 25 document
809 3338 54 25 with
878 3338 70 24 much
958 3338 103 30 interest,
1073 3343 40 27 yet
1131 3346 63 18 more
1206 3340 57 24 than

677 3372 38 24 six
724 3371 92 25 months
826 3371 58 25 have
895 3371 91 32 elapsed
995 3372 64 24 since
1080 3372 21 23 it
1118 3380 47 16 was
1184 3373 79 32 ready,

677 3405 46 25 and
732 3405 87 25 vessels
830 3404 56 25 with
907 3405 47 24 late
971 3405 64 24 dates
1053 3404 59 25 have
1131 3406 90 24 arrived
1242 3411 23 20 at

677 3439 102 32 Sydney,
791 3439 46 25 and
847 3446 33 17 we
892 3439 49 24 still
952 3439 105 24 continue
1070 3439 25 24 in
1105 3439 125 32 ignorance
1241 3441 26 24 of

677 3473 33 23 its
719 3477 111 19 contents.

794 3528 208 27 FURNITURE
1030 3528 114 26 WOOD.

94 2853 54 24 The
158 2856 141 21 movements
319 2851 27 25 of
359 2851 46 25 this
424 2852 127 31 important
571 2851 77 32 public

62 2888 78 24 officer
152 2886 46 24 will
209 2886 83 24 render
304 2886 18 23 it
333 2884 82 25 almost
426 2893 122 21 necessary
566 2886 37 23 for
621 2893 27 16 us

61 2926 23 19 to
94 2921 70 31 adopt
174 2928 14 15 a
198 2919 75 24 Court
284 2919 104 24 Circular
407 2918 68 25 Head
487 2926 26 17 as
525 2926 13 16 a
549 2917 59 25 head
626 2923 22 20 to

62 2960 23 18 to
97 2962 42 16 one
151 2953 26 24 of
184 2952 39 25 the
235 2952 103 25 colunms
350 2952 25 25 of
384 2959 41 17 our
433 2960 79 23 paper.

94 2987 45 24 We
157 2987 45 24 last
219 2985 135 26 announced
372 2986 51 24 that
437 2987 20 23 it
474 2994 47 16 was
539 2986 110 31 expected

60 3021 51 24 that
120 3020 30 24 he
160 3020 45 24 had
217 3020 126 31 proceeded
353 3023 24 20 to
389 3020 58 23 New
459 3019 127 32 Plymouth
593 3020 56 24 with

61 3054 40 25 the
110 3053 99 32 -Bishop,
221 3053 43 24 but
271 3061 34 16 we
314 3061 50 16 now
373 3053 55 24 hear
437 3053 52 24 that
499 3053 29 24 he
536 3053 42 23 has
588 3060 61 24 gone

60 3096 30 16 on
102 3092 23 20 to
136 3086 126 26 Auckland
281 3086 54 24 with
355 3086 71 24 Chief
440 3086 88 24 Justice
548 3086 98 25 Martin.

62 3121 98 32 Captain
172 3119 115 33 Fitzroy's
299 3120 44 24 and
416 3120 38 25 St.
471 3119 74 25 Hill's
564 3120 85 24 arrival

61 3159 24 19 at
104 3154 126 24 Auckland
255 3153 54 29 will,
334 3161 35 16 we
391 3158 101 27 suspect,
515 3153 27 24 be
565 3152 84 26 almost

61 3187 173 25 simultaneous.
281 3187 78 24 Those
379 3186 50 24 who
441 3194 39 17 are
492 3186 112 32 suffering
614 3187 33 31 by

61 3220 40 25 the
111 3221 97 23 absence
219 3222 32 23 of-
261 3220 39 25 the
312 3218 89 26 Sheriff
409 3220 73 32 ought
492 3228 54 16 now
556 3224 25 19 to
593 3220 56 24 look

62 3254 37 25 for
111 3254 67 32 Gapt.
191 3254 117 32 Fitzroy's
319 3253 83 25 arrival
414 3253 54 25 here
480 3253 54 24 with
545 3253 102 33 anxiety,

61 3288 37 24 for
108 3295 35 16 we
153 3287 88 32 predict
252 3288 59 24 until
323 3288 36 24 his
384 3286 143 33 Excellency
543 3295 59 24 pays
621 3295 27 16 us

61 3330 16 15 a
87 3321 64 29 visit,
164 3320 47 24 Mr.
225 3321 37 24 St.
270 3320 59 25 'Hill
339 3320 47 25 will
397 3326 40 19 not
447 3325 79 20 return
546 3324 22 20 to
589 3320 60 25 Port

61 3354 129 30 JJjchelson
202 3354 45 24 and
258 3353 36 24 his
305 3354 78 31 public
394 3354 83 24 duties.

96 3387 45 26 We
153 3387 57 26 have
221 3394 57 17 seen
294 3388 63 23 writs
376 3388 147 31 summoning
539 3387 110 32 jurymen

59 3421 40 25 for
110 3420 47 24 the-
160 3424 57 20 next
229 3420 93 31 County
333 3420 79 30 Court,
432 3421 69 24 dated
518 3420 131 25 December

61 3455 52 29 4th,
124 3454 62 25 filled
198 3461 31 23 up
238 3452 143 32 throughout
393 3453 23 23 in
428 3454 39 24 the
478 3454 61 25 hand
556 3454 93 32 writing

61 3487 47 26 and
119 3487 80 32 signed
207 3490 35 29 ,by
251 3486 41 28 ,the
304 3486 93 25 Sheriff.
443 3486 24 25 It
477 3488 21 23 is
510 3495 14 16 a
529 3487 119 25 notorious

61 3521 49 24 fact
118 3521 52 24 that
181 3520 49 25 Mr.
243 3521 37 26 St.
294 3519 53 25 Hill
357 3519 43 24 has
417 3518 56 33 long
491 3520 57 24 been
565 3521 84 24 absent

61 3554 61 24 from
129 3554 43 28 .the
183 3561 70 17 scene
261 3554 27 27 of
300 3553 39 29 &s
350 3552 81 30 duties,
444 3552 50 25 and'
499 3553 95 30 further,
614 3562 35 16 we

61 3587 99 30 .believe,
169 3587 22 28 it
198 3595 44 17 can
252 3587 33 25 be,
291 3586 86 30 proved
387 3593 46 17 was
444 3591 42 19 not
497 3594 57 16 even
565 3587 25 23 in
609 3587 40 25 the

63 3621 91 24 district
168 3627 37 22 fflt
222 3620 74 25 which
307 3620 30 25 he
346 3620 23 24 is
378 3618 92 28 Sheriff
477 3627 31 16 on
517 3618 40 26 the
567 3620 43 24 4th
626 3621 26 24 of

64 3654 136 29 December,
217 3654 47 24 and
280 3653 112 25 therefore
411 3658 24 20 at
445 3653 51 24 that
507 3657 107 20 moment'
619 3661 30 17 ex

62 3687 77 25 pfficio
151 3687 65 24 dead.
263 3686 78 29 These
360 3686 62 25 writs
432 3693 61 18 were
504 3681 72 30 either
585 3686 64 25 filled

63 3728 33 24 up
106 3720 56 32 long
172 3720 79 24 before
268 3720 43 24 the
325 3720 80 32 period
423 3719 26 28 qjF
467 3719 43 26 the
524 3717 128 41 dkte^toey

64 3754 63 29 bear,
149 3761 26 16 or
191 3758 68 20 must
273 3753 28 25 be
320 3752 85 26 looked
415 3761 64 24 uppn
491 3761 26 16 as
527 3744 120 40 fofgeries.

63 3787 108 32 Suppose
181 3787 19 23 it
211 3786 82 26 should
304 3795 26 17 so
341 3787 57 25 have
409 3785 119 34 happened
534 3785 54 25 that
598 3785 49 26 Mr.

64 3820 40 26 St.
127 3819 111 25 Hilliad
256 3820 46 25 lost
318 3820 37 25 his
372 3820 52 24 life;
431 3820 80 25 before
521 3818 94 25 theMth
626 3820 26 23 of

65 3853 139 30 December,
211 3852 43 26 .the
266 3853 74 29 duties
358 3854 27 24 of
398 3853 39 24 his
450 3853 66 25 office
535 3852 68 24 could
620 3853 30 23 be

66 3884 130 28 conducted'
200 3886 33 32 by
244 3895 15 16 a
269 3887 58 26 dead
333 3894 65 22 -man,
413 3886 22 25 if
449 3886 57 27 such
517 3885 132 31 irregulari-

64 3919 46 24 tie
120 3926 40 17 are
170 3920 140 26 sanctioned.
355 3919 46 25 We
418 3927 39 17 are
475 3919 114 25 confident
600 3918 51 29 thajt

63 3956 44 21 not
117 3959 44 18 one
172 3952 25 25 of
210 3952 40 25 the
261 3953 110 31 Jurymen
382 3954 21 23 is
411 3952 56 34 duly
474 3951 133 27 summoned
619 3952 31 32 by

710 3592 43 25 We
765 3600 39 16 are
814 3592 54 32 glad
880 3589 83 27 to*find
973 3600 14 16 a
995 3592 157 25 considerable
1159 3594 105 31 quantity

678 3625 24 25 of
720 3626 112 24 furniture
849 3625 66 25 wood
931 3625 69 32 being
1016 3625 98 32 shipped
1132 3625 31 32 by
1176 3625 31 25 all
1226 3627 39 24 the

677 3659 85 23 vessels
785 3666 50 17 now
858 3658 137 33 proceeding
1016 3659 58 24 from
1098 3658 47 25 this
1166 3664 67 26 port.
1240 3664 23 20 to

677 3692 118 31 England.

711 3726 48 23 Mr.
771 3725 83 30 Levin,
873 3733 14 16 a
905 3724 80 32 highly
994 3725 142 33 respectable
1153 3725 112 32 German,

668 3759 54 24 and
732 3766 30 16 an
773 3759 113 24 excellent
903 3758 195 29 cabinet-maker,,
1112 3759 111 31 proceeds
1241 3761 25 23 in

725 3792 53 33 brig
790 3785 104 30 Victoria
914 3796 25 19 to
957 3789 104 32 London,
1075 3792 55 24 with
1148 3800 14 15 a
1173 3793 58 24 view
1242 3798 24 20 to

678 3825 149 32 establishing
838 3833 14 15 a
862 3825 130 24 warehouse
1003 3825 36 23 for
1049 3824 41 24 the
1106 3825 160 26 manufacture

677 3858 45 24 and
732 3858 47 24 sale
792 3859 25 23 of
825 3858 59 25 New
903 3858 101 25 Zealand
1019 3858 74 25 wood.
1127 3859 51 24 Mr.
1190 3859 76 25 Levin

677 3892 42 23 has
729 3891 67 25 lived'
800 3891 56 25 here
866 3891 37 24 for
917 3899 15 16 a
950 3891 154 25 considerable
1120 3892 90 32 period,
1221 3893 45 25 and

677 3924 45 25 has
738 3925 59 24 been
814 3924 166 32 industriously
990 3925 120 32 employed
1128 3926 26 24 in
1169 3926 97 32 proving

676 3958 41 24 the
732 3958 68 28 vajue
818 3958 26 24 of
860 3965 42 17 our
922 3958 89 30 forests,
1024 3958 32 32 by
1067 3958 108 32 working
1190 3960 76 25 native

585 44 99 48 Efyt
707 44 118 46 $*to
851 43 208 44 Ztalann
1082 45 104 46 <ffi&t
1188 45 86 40 tttt
1294 45 96 40 attU
1414 44 298 47 imcUinQton
1735 42 257 49 Ssptctatot.

75 134 97 31 teeritig,
181 134 43 24 and
231 134 23 24 i
261 134 40 24 the
312 134 97 24 Settlers
419 134 99 24 services
524 133 29 25 be
563 134 95 29 needed,

65 167 66 31 they
144 171 67 20 must
228 167 29 24 be
269 167 104 24 obtained
384 166 32 31 by
427 175 15 16 a
453 166 144 32 compulsory
605 167 53 24 law.

74 200 25 24 It
110 200 42 24 has
163 200 56 31 long
230 200 59 24 been
299 208 15 15 a
323 199 103 25 Colonial
433 207 67 24 game
510 200 55 23 with
576 207 15 16 a
600 200 58 23 view

65 238 31 18 no
108 232 59 32 keep
177 239 84 25 power,
268 233 35 23 for
311 232 94 24 officials
414 236 23 21 to
445 233 82 24 render
534 233 39 23 the
582 233 76 23 duties

72 266 26 23 of
106 273 15 16 a
130 273 51 16 new
191 265 121 24 Governor
329 273 26 16 as
364 266 120 24 vexatious
504 265 44 24 and
559 265 99 24 difficult

71 306 27 16 as
116 297 108 33 possible.
270 298 50 24 The
338 298 85 31 feeling
440 301 21 21 is
477 299 56 28 that,
545 297 113 30 however,

71 330 72 25 much
159 331 101 24 inclined
278 336 24 19 to
314 331 28 24 do
355 339 33 21 so,
400 331 29 23 he
440 332 46 23 will
505 336 38 19 not
563 331 55 24 then
630 331 29 23 be

73 363 51 25 able
136 368 24 20 to
170 369 40 26 get
219 364 38 24 rid
268 364 26 24 of
303 364 38 24 old
350 368 110 21 servants.
496 363 107 32 Possibly
612 364 46 24 this

73 400 54 28 may
138 397 72 24 afford
220 405 15 16 a
247 398 50 23 clue
316 402 24 19 to
351 397 38 24 the
400 397 98 24 conduct
508 397 26 23 of
548 404 43 16 our
605 397 53 24 offi-

71 430 65 29 cials,
149 430 20 23 if
177 438 25 16 so
212 430 26 24 in
250 430 65 24 their'
320 438 51 16 case
379 431 20 22 it
409 430 42 24 has
462 430 84 31 proved
558 430 100 30 danger-

70 470 43 17 ous
130 463 76 31 policy
223 467 24 20 to
264 471 85 24 pursue
359 471 6 21 ;
388 463 45 23 and
451 464 55 30 they
517 470 52 24 may
579 463 49 23 find
639 464 24 24 it,

68 496 94 31 leading
177 500 23 20 to
211 496 36 24 far
257 496 104 24 different
378 496 83 24 results
481 501 24 19 to
517 496 63 23 those
598 495 56 32 they

69 528 91 24 desired
170 529 44 23 and
226 529 84 23 looked
321 529 44 23 for*

295 594 131 23 TUTU.

1300 132 74 24 woods
1385 134 26 22 in
1423 133 31 23 all
1471 133 149 31 descriptions
1639 133 24 23 of
1677 133 123 25 furniture.
1836 134 48 23 His

1300 165 63 24 work
1381 167 21 22 is
1418 165 136 31 beautifully
1564 165 117 30 executed,
1694 166 44 23 and
1755 165 37 24 his
1809 167 75 31 prices

1456 195 52 27 The
1526 199 79 31 sitting
1617 207 76 16 rooms
1705 199 26 23 of
1740 207 42 16 one
1794 200 89 30 gentle-

1299 239 53 16 man
1374 232 26 23 in
1421 231 38 25 the
1481 231 88 32 Colony
1588 232 60 23 have
1668 232 60 23 been
1750 232 134 32 completely

1300 264 118 24 furnished
1439 265 31 31 by
1492 264 49 24 Mr.
1562 264 83 30 Levin,
1667 264 55 24 with
1745 265 91 24 articles
1853 266 31 23 all

1300 297 170 24 manufactured
1481 297 30 31 by
1522 297 48 24 him
1578 297 61 24 from
1649 298 76 23 native
1734 297 76 24 woods
1819 306 7 21 ;
1839 298 45 24 and

1300 330 97 32 nothing
1410 338 41 17 can
1461 330 30 24 be
1508 337 63 17 more
1588 330 112 25 beautiful
1719 338 26 16 or
1757 331 125 24 attractive.

1300 363 48 24 Mr.
1362 362 73 25 Levin
1454 363 67 24 takes
1540 363 54 24 with
1614 364 47 23 him
1673 372 13 14 a
1705 363 64 31 large
1781 365 104 30 quantity

1300 396 24 23 of
1347 395 77 25 choice
1446 397 127 31 specimens
1600 397 37 24 of-
1649 403 42 17 our
1712 396 84 30 woods,
1820 404 63 16 care-

1299 429 58 31 fully
1373 430 98 23 selected
1487 430 31 31 by
1529 430 99 29 himself,
1648 430 44 22 and
1703 429 52 24 well
1775 430 110 23 seasoned

1300 462 75 23 before
1397 463 130 23 embarked.
1563 463 45 23 We
1629 462 45 24 feel
1694 462 114 25 confident
1834 462 50 25 that

1300 495 29 23 all
1351 503 95 23 persons
1474 496 123 24 interested
1630 496 24 23 in
1689 495 59 24 New
1781 496 103 24 Zealand

1298 529 74 30 living
1394 529 24 23 in
1437 529 108 31 England
1567 529 46 24 will
1635 529 51 31 give
1710 529 49 24 Mr.
1780 529 75 23 Levin
1867 537 14 15 a

1298 561 95 32 helping
1402 562 59 23 hand
1472 563 25 22 in
1508 562 37 23 his
1555 562 77 24 useful
1640 562 135 31 enterprise.
1810 562 71 24 From

1298 594 54 32 long
1363 596 162 30 acquaintance
1534 602 34 16 we
1588 600 94 19 venture
1701 600 24 18 to
1744 598 66 26 state,
1833 595 51 23 that

1299 627 65 24 those
1374 628 50 24 who
1435 628 52 31 give
1498 628 49 24 Mr.
1560 628 75 24 Levin
1646 636 42 16 one
1697 628 53 23 trial
1762 628 46 24 will
1825 628 57 24 both

1299 661 105 24 continue
1416 666 22 19 to
1456 662 29 23 be
1505 661 36 24 his
1562 666 134 24 customers,
1714 661 46 24 and
1780 661 67 24 make
1865 661 19 24 it

1299 694 58 23 their
1378 694 105 24 business
1506 699 22 19 to
1552 694 144 25 recommend
1717 694 49 24 him
1785 699 23 19 to
1821 694 61 24 their

1298 727 93 24 friends.
1427 727 48 24 Mr.
1489 727 75 24 Levin
1574 728 47 23 will
1632 728 27 23 be
1670 729 24 21 in
1707 735 13 15 a
1731 727 115 24 condition
1860 731 23 20 to

1298 759 125 25 undertake
1432 761 77 23 orders
1522 761 37 23 the
1567 765 101 19 moment
1674 760 30 23 he
1711 761 86 23 arrives
1804 760 77 24 home.

1298 793 42 23 We
1360 793 66 31 hope,
1444 793 120 30 therefore,
1587 793 29 24 he
1628 794 46 23 will
1684 793 89 24 receive
1785 793 38 24 the
1834 801 43 16 en-

1298 831 157 27 couragement
1478 827 26 23 of
1524 827 85 31 having
1628 826 37 25 the
1684 827 92 24 various
1788 826 92 25 articles

1298 859 26 23 he
1335 866 53 23 may
1399 860 56 24 have
1467 859 73 30 made,
1554 860 119 24 examined
1684 868 26 15 so
1729 868 57 16 soon
1806 868 26 16 as
1853 859 29 25 he

1298 900 146 22 commences,
1456 893 46 24 and
1512 893 29 24 be
1552 893 28 24 be
1587 893 104 31 liberally
1700 894 132 30 supported.
1856 893 28 24 If

1297 925 54 24 each
1362 933 82 24 person
1454 931 24 19 at
1488 926 75 28 homq,
1573 925 123 25 interested
1708 927 24 22 in
1745 927 57 23 New
1821 927 61 23 Zea-

1296 959 61 28 land,
1370 959 46 24 will
1425 960 53 31 give
1489 959 48 24 Mr.
1552 958 75 25 Levin
1635 967 42 16 one
1696 959 74 29 order,
1790 967 33 16 we
1842 967 40 16 are

1296 992 99 24 satisfied
1414 992 28 24 he
1460 993 46 23 will
1525 993 55 23 have
1602 993 39 23 the
1660 992 133 24 foundation
1812 993 25 23 of
1853 1001 29 15 an

1296 1025 112 24 excellent
1426 1026 114 23 business.
1586 1026 46 23 We
1649 1030 82 27 expect
1754 1030 23 20 to
1792 1026 56 23 hear
1859 1026 26 24 of

1295 1058 112 24 furniture
1418 1059 64 23 made
1493 1059 60 23 from
1564 1059 59 24 New
1633 1059 101 23 Zealand
1745 1059 71 29 wood,
1837 1059 45 24 and

1296 1092 47 23 Mr.
1357 1091 94 25 Levin's
1461 1092 148 24 wharehouse
1621 1092 69 31 being
1702 1092 30 23 all
1745 1092 38 24 the
1791 1092 91 24 fashion

1295 1126 22 22 in
1329 1125 105 24 London.

1328 1158 48 24 Mr.
1391 1159 81 29 Levin,
1485 1167 29 16 on
1522 1158 82 25 arrival
1616 1159 24 23 in
1649 1158 107 30 London,
1764 1160 45 23 will
1818 1160 62 23 leave

1294 1192 35 22 his
1359 1192 92 24 address
1472 1197 23 19 at
1515 1192 39 24 the
1576 1192 59 24 New
1658 1192 103 24 Zealand
1790 1193 90 30 House,

1294 1225 166 30 Broad-street,
1484 1226 44 23 and
1551 1226 46 23 will
1616 1226 32 23 be
1663 1226 72 23 found
1755 1226 83 32 always
1856 1230 24 20 to

1294 1258 78 23 attend
1390 1259 153 31 immediately
1566 1263 22 19 to
1611 1266 44 24 any
1675 1259 150 24 instructions
1848 1259 29 24 he

1294 1299 53 23 may
1356 1293 95 23 receive.

687 134 38 24 the
736 134 62 22 writs
818 134 28 28 in.
860 134 113 31 question,
993 133 43 23 and
1054 132 83 24 should
1157 132 54 32 they
1231 136 39 20 not

687 166 85 29 attend,
784 167 44 23 and
840 174 30 16 no
887 166 135 31 bystanders
1042 165 28 24 be
1091 167 26 22 in
1136 165 39 24 the
1199 166 71 23 Court

685 199 59 25 from
755 199 73 24 whom
838 200 37 23 his
885 199 84 24 Honor
979 207 42 16 can
1032 198 71 25 select
1115 206 15 17 a
1145 198 67 32 Jury,
1232 198 38 25 the

685 232 106 24 business
802 232 26 24 of
842 232 38 24 the
892 232 90 24 session
992 231 46 24 will
1047 231 61 25 have
1118 236 24 19 to
1158 231 29 24 be
1206 236 64 27 post-

686 264 74 33 poned
771 265 23 22 in
807 273 155 23 consequence
978 264 24 24 of
1017 264 39 25 the
1076 264 90 24 Sheriff
1182 264 86 32 having

687 297 132 25 abandoned
830 298 38 24 the
880 298 75 24 duties
967 297 25 25 of
1005 297 37 24 his
1054 297 75 24 office.

1001 333 63 13 '

720 358 65 25 Firb
804 358 100 25 Relief
923 358 83 25 Fund.
1008 358 79 23 We
1101 365 40 16 are
1151 358 119 32 requested

686 396 23 20 to
721 396 57 19 state
789 391 50 25 that
850 392 38 24 the
906 393 99 30 meeting
1023 391 26 24 of
1063 391 39 23 the
1120 391 150 23 Subscribers

685 429 24 19 to
720 424 38 24 the
770 424 53 25 Fire
842 424 80 25 Relief
936 424 68 24 Fund
1020 424 46 24 will
1084 424 29 23 be
1124 423 54 24 held
1188 425 26 23 in
1231 424 39 23 the

685 453 134 36 Exchange,
832 462 24 20 at
873 460 16 22 9
907 457 95 30 o'clock,
1014 465 30 17 on
1055 457 105 30 Monday
1169 461 66 24 next,
1249 461 21 19 to

685 490 124 24 determine
837 499 61 23 upon
927 490 39 24 the
987 490 169 32 appropriation
1181 490 26 23 of
1233 489 37 24 the

685 523 93 25 balance
789 524 128 31 remaining
927 524 26 23 in
963 523 37 25 the
1011 523 148 24 Treasurer's
1169 522 84 25 hands.

925 587 100 25 FLAX.

717 638 43 25 We
771 638 57 25 have
846 639 58 24 little
922 642 24 21 to
967 638 42 24 add
1026 643 25 19 at
1065 642 95 28 present
1176 646 29 16 on
1224 637 46 24 this

684 672 95 31 subject.
816 672 25 24 It
852 672 119 24 continues
982 676 22 19 to
1021 671 29 25 be
1068 671 103 24 received
1183 672 26 23 in
1220 679 50 15 mo-

683 705 77 24 derate
778 706 130 30 quantities,
921 704 48 25 and
985 704 101 32 packing
1106 704 44 23 and
1163 704 108 32 shipping

683 739 18 23 it
712 739 20 23 is
743 738 120 32 becoming
875 746 13 16 a
899 738 91 31 regular
999 737 71 25 trade.
1106 737 52 24 The
1165 737 105 24 machine

682 771 106 24 invented
808 772 30 31 by
856 772 48 23 Mr.
923 771 131 24 Mathieson
1073 771 30 28 is,
1122 778 34 16 we
1174 771 95 29 believe,

682 804 149 31 successfully
842 805 25 23 in
879 805 123 30 operation.
1038 804 96 29 Harvey
1145 804 21 22 is
1181 803 88 32 shortly

682 837 68 24 about
762 842 22 19 to
796 837 57 24 have
865 837 38 24 the
923 837 103 23 machine
1038 835 28 24 he
1079 836 42 23 has
1133 836 67 24 made
1211 837 58 31 fully

682 870 73 24 tested
765 871 35 23 for
812 871 38 23 the
861 870 141 24 satisfaction
1014 869 25 24 of
1055 869 39 23 the
1112 869 157 31 publicand

682 912 13 15 a
705 903 104 24 machine
826 903 65 24 made
912 903 30 31 by
957 903 66 24 Pratt
1041 910 47 15 was
1108 903 97 31 shipped
1224 903 45 24 last

682 936 62 24 week
763 941 23 19 to
806 936 98 24 Palliser
925 937 58 30 Bay.
1018 936 51 24 The
1089 936 83 23 second
1192 936 33 24 lot
1246 936 26 24 of

681 970 60 24 Flax
751 969 97 32 shipped
868 974 22 19 to
912 969 90 24 Hobart
1014 969 73 24 Town
1100 969 49 23 sold
1166 969 34 24 for
1213 971 55 22 26

680 1011 41 24 per
732 1007 46 19 ton.
812 1002 81 32 Every
899 1003 76 23 vessel
984 1002 136 32 proceeding
1128 1006 23 19 to
1159 1002 109 31 England

680 1037 59 23 from
757 1035 46 24 this
819 1036 46 24 will
886 1044 65 23 carry
962 1044 14 15 a
993 1035 114 24 moderate
1126 1037 105 31 quantity
1246 1037 25 22 of

681 1070 38 23 the
739 1069 87 30 article,
846 1069 45 23 and
908 1077 33 15 we
961 1070 56 22 have
1035 1069 54 30 only
1101 1076 51 16 now
1170 1073 23 19 to
1209 1077 59 22 urge

680 1110 61 24 upon
762 1110 42 16 our
826 1103 101 31 English
936 1127 5 6 v
946 1102 84 23 friends
1051 1102 38 23 the
1112 1103 114 31 necessity
1246 1103 24 23 of

680 1135 112 31 affording
803 1143 27 16 us
843 1136 38 23 the
892 1135 79 23 fullest
979 1135 147 24 information
1139 1136 129 30 respecting

680 1169 39 24 the
729 1169 62 31 price
803 1173 22 20 to
837 1169 28 24 be
882 1169 109 31 expected
1009 1169 35 23 for
1060 1168 41 24 the
1119 1169 88 24 article.
1244 1169 23 23 It

680 1202 82 24 should
781 1202 30 23 be
828 1202 162 29 remembered,
1002 1202 49 23 that
1062 1202 39 23 the
1119 1202 147 31 importation

680 1236 26 23 of
715 1235 56 24 wool
787 1239 22 19 to
821 1235 117 31 England,
951 1235 56 24 from
1020 1235 38 23 the
1070 1235 90 24 United
1179 1235 86 30 States,

680 1277 46 15 was
738 1269 144 23 commenced
893 1268 55 24 with
960 1270 37 21 six
1006 1268 71 30 bales,
1090 1268 46 24 and
1146 1268 51 24 that
1204 1270 63 22 since

682 1303 73 25 1790.
802 1302 44 23 We
869 1302 75 24 would
966 1306 93 26 suggest
1081 1301 58 30 that,
1162 1302 21 23 if
1203 1310 64 15 some

680 1336 127 31 intelligent
828 1335 92 24 Broker
943 1336 26 23 iii
990 1336 36 23 the
1050 1335 55 31 City
1121 1334 26 24 of
1166 1334 100 25 London

680 1369 75 24 would
772 1377 44 23 pay
827 1369 112 24 attention
951 1374 22 18 to
985 1368 44 24 this
1041 1368 98 32 subject,
1152 1367 28 25 he
1192 1369 75 31 might

681 1410 37 16 ere
728 1402 55 31 long
795 1402 47 24 find
853 1402 36 24 his
903 1406 96 19 account
1008 1402 25 23 in
1047 1409 26 16 so
1086 1402 77 31 doing.

941 1461 68 23 OIL.

103 651 52 25 The
165 651 46 24 loss
223 652 27 24 of
264 652 67 24 stock
341 652 59 24 from
414 654 76 30 eating
502 652 45 24 this
557 652 96 31 poison-

69 692 42 17 ous
122 685 70 23 shrub
204 684 41 24 has
256 685 57 24 been
324 693 54 23 very
389 689 72 27 great.
499 685 24 24 It
533 686 20 22 is
565 685 88 32 impor-

68 722 50 20 tant
129 722 22 19 to
164 718 66 23 know
254 718 100 24 whether
371 719 19 22 it
409 726 42 16 can
471 719 30 23 be
519 718 135 30 eradicated,

64 751 49 23 and
124 751 39 23 the
175 751 50 23 best
236 751 45 24 and
302 751 107 32 cheapest
428 751 64 24 mode
514 752 25 23 of
563 752 92 31 getting

62 784 40 24 >rid
113 784 26 23 of
154 784 26 24 it.
215 784 53 29 We,
282 784 118 28 therefore,
414 785 70 23 invite
497 784 155 24 communica-

66 817 62 23 tions
139 824 30 16 on
181 816 37 24 the
230 817 97 31 subject.
362 816 45 24 We
419 817 86 24 believe
514 817 18 24 it
541 817 75 24 would
625 818 28 23 be

66 850 45 24 idle
123 854 23 19 to
158 849 68 24 make
237 850 125 24 individual
373 850 86 29 efforts,
478 851 20 23 it
507 851 22 22 is
540 850 114 24 therefore

64 884 125 30 important
200 887 23 19 to
235 887 95 27 suggest
341 890 63 16 some
416 884 54 31 plan
480 883 75 24 which
576 884 77 31 might

66 916 59 23 form
147 917 39 22 the
207 916 63 23 basis
291 916 25 23 of
342 924 15 15 a
372 916 44 23 law
438 924 30 16 on
492 917 39 23 the
553 916 99 32 subject.

65 949 110 31 Possibly
186 950 89 30 cutting
285 950 19 22 it
315 949 65 24 down
391 953 24 19 at
426 957 42 16 one
480 957 27 16 or
518 957 62 16 more
599 958 53 16 sea-

64 990 55 15 sons
132 982 26 24 of
172 982 37 23 the
221 990 63 23 year,
296 991 26 15 or
334 983 99 30 burning
444 983 27 29 it,
491 983 72 24 either
574 983 78 24 before

57 1016 98 31 'cutting
176 1023 25 16 or
223 1016 59 23 after
303 1017 19 23 it
342 1016 20 23 is
383 1021 46 23 cut,
448 1016 74 31 might
533 1016 28 23 be
581 1016 71 24 found

66 1048 84 25 useful.
191 1048 26 25 If
233 1057 45 22 any
296 1049 79 24 settler
395 1049 43 24 has
458 1049 105 24 obtained
581 1056 71 25 expe-

65 1082 75 23 rience
153 1081 106 25 on4hese
270 1083 85 30 points,
367 1082 29 24 he
407 1082 75 24 would
492 1083 30 23 be
529 1082 123 32 rendering

65 1115 39 23 the
116 1115 89 30 Colony
216 1122 15 16 a
242 1117 89 22 service
349 1115 30 31 by
399 1116 79 30 giving
501 1115 109 32 publicity
629 1121 23 18 to

64 1147 37 24 his
113 1148 143 31 knowledge.
291 1148 30 24 In
334 1149 108 23 America
452 1149 56 23 laws
520 1148 57 24 have
593 1149 59 24 baeii

63 1181 83 31 passed
158 1181 96 31 making
264 1182 20 23 it
294 1182 143 31 compulsory
448 1186 22 19 to
480 1182 87 23 subdue
575 1181 76 31 plants

63 1214 73 31 likely
147 1218 23 21 to
177 1214 28 25 be
212 1215 152 24 mischievous
378 1219 21 19 to
412 1215 147 31 neighbours.
585 1215 66 24 Thus

61 1247 35 32 'by
108 1256 29 15 an
148 1252 44 25 act,
200 1249 89 30 .pasties
308 1248 49 24 who
378 1249 90 23 abstain
487 1249 58 23 from
564 1249 89 31 cutting

64 1280 66 25 down
148 1289 49 16 -sow
214 1280 87 30 thistle,
322 1290 31 15 en
374 1281 59 24 their
450 1282 63 29 land,
532 1282 79 24 before
633 1283 19 23 it

64 1315 75 29 seeds,
151 1322 38 18 are
200 1314 91 32 subject
300 1319 24 19 to
336 1323 14 15 a
361 1314 72 32 heavy
451 1315 102 32 penalty.
595 1315 56 26 And

64 1346 68 25 could
143 1355 34 16 we
186 1348 27 23 be
224 1349 122 30 possessed
357 1348 26 24 of
397 1357 14 15 a
422 1348 65 24 mode
499 1349 35 23 for
545 1348 106 32 destroy-

63 1381 41 31 ing
116 1389 25 15 or
153 1381 113 31 checking
282 1386 59 24 tutu,
354 1381 18 23 it
391 1382 74 30 might
484 1382 29 23 be
532 1390 54 16 seen
598 1382 51 24 that

63 1414 19 23 it
94 1414 66 23 could
171 1414 36 23 be.
207 1414 111 24 rendered
329 1414 80 32 highly
418 1415 100 24 efficient
529 1415 29 31 by
578 1416 73 31 being

64 1447 119 24 embodied
205 1447 30 23 in
257 1454 35 17 -an
320 1452 37 19 act
385 1447 27 24 of
442 1447 39 25 the
510 1448 141 31 Legislative

66 1480 106 25 Council.

97 1537 90 24 Fatat.
209 1536 137 26 Accident
371 1545 33 16 at
428 1537 143 25 Wyderop.
607 1538 43 24 In-

60 1570 125 24 formation
194 1578 46 16 was
247 1571 103 24 received
358 1571 119 31 yesterday
485 1571 59 24 from
552 1571 100 24 Palliser

64 1603 60 31 Bay,
137 1608 23 19 to
179 1604 37 23 the
236 1605 67 23 effect
321 1604 49 24 that
381 1612 14 15 a
412 1604 54 24 boat
484 1604 124 31 belonging
629 1609 22 19 to

63 1637 51 24 Mr.
127 1637 92 24 Wade's
231 1637 100 32 whaling
348 1637 83 24 station
441 1645 48 16 was
507 1642 66 27 upset
585 1637 67 24 while

60 1671 110 31 entering
180 1670 38 24 the
230 1670 117 33 Wyderop
358 1670 80 30 River,
454 1671 31 32 by
497 1670 73 24 which
582 1679 69 16 seven

64 1704 69 23 white
143 1712 52 15 men
207 1704 45 24 and
262 1708 42 19 two
317 1705 83 24 Native
410 1704 80 24 Chiefs
502 1712 58 16 were
571 1704 80 24 unfor-

64 1736 103 32 tunately
177 1737 114 24 drowned.
328 1738 63 30 Only
402 1745 42 16 one
457 1738 25 23 of
498 1738 37 24 the
551 1742 75 27 party,
638 1747 14 15 a

65 1770 78 29 sailor,
161 1770 57 24 lives
237 1775 22 19 to
277 1771 52 31 give
350 1779 29 15 an
397 1775 96 20 account
512 1771 25 24 of
555 1771 37 24 the
611 1772 41 23 sad

64 1807 75 21 event.
176 1803 39 24 He
227 1809 71 19 states
310 1804 40 24 the
360 1804 102 24 accident
480 1809 23 19 to
523 1805 57 23 have
592 1804 59 24 been

64 1837 133 24 occasioned
207 1837 32 30 by
248 1837 38 24 the
298 1837 151 24 carelessness
459 1838 26 23 of
494 1846 13 16 a
518 1846 53 15 man
580 1837 72 25 called

64 1870 68 30 Tom,
144 1870 39 24 the
198 1877 83 26 copper
298 1872 26 22 of
341 1870 38 24 the
397 1872 92 24 station.
525 1871 127 31 Subjoined

63 1903 21 24 is
96 1903 38 24 the
144 1903 40 24 list
195 1903 26 24 of
239 1904 38 24 the
296 1911 78 17 names
393 1905 26 23 of
435 1905 40 23 the
495 1912 95 24 persons
600 1905 51 24 fur-

63 1936 82 24 nished
162 1941 23 19 to
203 1945 28 15 us
247 1945 26 16 as
292 1938 105 23 drowned
409 1946 5 15 :
451 1938 49 24 Mr.
512 1938 75 29 Pratt,
594 1937 55 32 $fijc.

63 1969 97 32 Harvey
168 1970 43 24 and
220 1978 51 22 son,
282 1973 47 22 Mr.
341 1971 32 24 R.
383 1970 99 31 Wilson,
492 1971 48 24 Mr.
547 1969 102 33 Sawyer,

63 2003 45 23 and
119 2002 60 25 Tom
191 2003 39 24 the
242 2011 88 24 cooper,
343 2004 38 23 the
391 2011 67 17 name
470 2005 27 23 of
506 2004 37 23 the
554 2006 95 22 seventh

61 2043 35 17 we
107 2035 58 25 have
176 2041 40 19 not
228 2036 105 24 obtained
344 2046 6 19 ;
364 2036 38 24 the
411 2044 66 17 name
488 2038 25 23 of
522 2037 38 23 the
570 2037 81 24 Chiefs

63 2077 39 16 are
124 2069 47 32 Epi
193 2069 45 24 and
268 2070 71 23 Ekai.
386 2069 99 25 Messrs.
511 2070 67 24 Pratt
605 2070 46 23 and

63 2102 96 31 Harvey
169 2110 58 16 were
239 2107 52 19 sent
301 2102 64 24 down
376 2102 31 31 by
419 2102 48 25 Mr.
481 2103 80 28 Wade,
574 2103 24 23 in
611 2103 38 24 the

61 2134 118 33 Industry,
191 2140 22 19 to
226 2141 61 19 erect
299 2144 14 16 a
333 2136 60 24 Flax
412 2135 117 31 Machine,
542 2136 39 24 the
595 2144 54 24 pro-

63 2169 93 28 duction
174 2169 26 23 of
217 2169 61 24 their
294 2169 61 32 joint
376 2169 127 32 ingenuity,
524 2170 45 24 and
591 2178 59 16 were

63 2202 97 31 seeking
170 2209 14 16 a
190 2209 83 25 proper
278 2203 65 31 place
350 2202 55 25 with
412 2202 49 25 that
470 2211 106 24 purpose,
585 2202 66 25 when

63 2235 54 32 they
128 2235 171 32 unfortunately
310 2237 44 23 lost
366 2236 60 24 their
436 2236 67 25 lives.

95 2297 45 24 We
151 2296 44 25 call
212 2298 113 24 attention
344 2302 21 19 to
386 2306 14 15 a
404 2297 83 25 /letter
505 2298 24 23 in
548 2298 101 32 to-day's

61 2338 71 25 paper
141 2331 67 24 from,
222 2331 39 24 the
281 2332 59 23 Rev.
353 2331 49 24 Mr.
421 2331 125 30 Ironsides,
560 2331 45 24 and
616 2340 33 15 we

62 2364 55 24 take
136 2364 39 24 the
195 2366 148 30 opportunity
355 2364 24 24 of
397 2365 95 32 stating,
513 2364 88 31 though
616 2373 33 16 we

61 2397 59 25 have
130 2402 42 20 not
183 2397 40 24 the
233 2398 107 32 pleasure
352 2398 25 24 of
388 2397 70 32 being
468 2398 130 32 personally
609 2406 40 16 ac-

61 2430 109 33 quainted
180 2430 55 25 with
247 2432 48 24 Mr.
310 2431 124 31 Ironsides,
447 2432 51 23 that
507 2432 20 23 if
541 2432 38 23 the
590 2440 59 23 gen-

61 2465 85 24 tlemen
158 2464 108 32 devoting
278 2465 58 24 their
347 2465 57 23 lives
416 2469 22 20 to
451 2465 41 24 tha
498 2473 62 16 same
570 2473 77 22 cause,

58 2498 75 24 would
143 2498 48 24 like
198 2498 47 24 this
254 2498 139 32 gentleman,
404 2503 38 19 act
455 2507 26 15 as
494 2498 86 31 though
594 2498 55 33 they

60 2531 43 24 felt
112 2533 20 22 it
142 2536 41 19 not
193 2539 122 24 necessary
327 2536 23 20 to
360 2532 90 24 discard
461 2533 31 23 all
510 2532 139 33 symphathy

59 2565 45 30 for,
117 2565 45 24 and
173 2564 55 25 with,
239 2565 67 25 those
313 2566 77 24 whose
397 2566 74 32 origin
478 2566 21 24 is
511 2566 24 23 in
542 2574 107 16 common

59 2599 57 24 with
127 2598 60 25 their
204 2606 62 23 own,
278 2599 54 32 they
344 2603 37 20 too
392 2599 76 24 would
478 2599 117 32 generally
607 2608 42 15 ex-

58 2632 107 31 perience
185 2632 51 24 that
246 2637 98 28 respect,
356 2632 75 24 which
450 2632 40 25 the
501 2633 91 23 settlers
603 2633 46 24 feel

60 2674 26 15 so
96 2665 139 32 universally
244 2666 35 25 for
289 2667 50 24 Mr.
349 2666 124 30 Ironsides,
486 2666 45 24 and
539 2667 40 23 the
588 2667 62 24 word

59 2700 137 31 missionary
207 2700 75 24 would
301 2700 30 24 be
351 2700 88 24 uttered
459 2700 57 24 with
526 2700 36 23 far
582 2700 67 24 other

59 2731 99 35 feelings
169 2733 55 24 than
237 2733 65 25 those
313 2734 27 23 of
348 2741 71 23 anger
433 2734 45 23 and
490 2733 157 32 opprobrium.

715 1514 50 24 The
785 1514 126 32 shipments
923 1514 47 24 will
986 1515 27 23 be
1025 1514 66 32 equal
1112 1519 22 19 to
1146 1522 42 16 our
1207 1519 60 20 most

680 1548 109 31 sanguine
802 1549 164 30 expectations.
1000 1548 163 31 Preparations
1181 1555 39 17 are
1233 1549 34 23 al-

681 1581 67 31 ready
760 1580 96 33 making
877 1586 22 19 to
918 1586 117 27 prosecute
1054 1581 39 23 the
1112 1581 45 31 bay
1167 1580 100 33 whaling

680 1614 54 25 with
745 1615 80 31 vigour
837 1619 56 19 next
913 1623 62 22 year.
1010 1614 51 24 The
1073 1620 65 24 great
1149 1620 61 18 want
1221 1616 46 23 will

680 1648 28 24 be
720 1647 30 25 oil
766 1647 69 25 casks
852 1648 25 23 in
887 1648 76 24 which
980 1653 21 18 to
1019 1653 82 26 export
1120 1647 46 24 this
1178 1649 88 24 article.

680 1681 44 24 We
736 1680 81 24 should
834 1686 41 19 not
886 1682 27 23 be
931 1681 115 32 surprised
1065 1686 22 19 to
1100 1689 38 16 see
1151 1681 116 24 Gordon's

680 1715 51 23 best
750 1714 99 24 London
863 1715 32 23 oil
913 1715 71 28 butts,
997 1714 83 32 selling
1091 1714 87 31 readily
1190 1720 23 18 at
1222 1716 45 23 five

680 1756 26 15 or
717 1748 36 23 six
765 1748 89 31 pound's
877 1748 37 23 the
927 1748 108 31 Imperial
1053 1753 42 18 tun
1108 1753 55 18 next
1175 1757 90 16 season.

679 1781 35 24 At
724 1787 93 26 present
827 1789 34 15 we
871 1789 38 16 see
917 1789 31 15 no
956 1781 82 23 chance
1048 1781 26 23 of
1084 1781 36 23 the
1129 1781 91 25 articles
1226 1783 41 23 be-

680 1816 40 30 ing
731 1814 54 32 duly
796 1814 105 32 supplied
912 1814 36 24 for
957 1819 54 20 next
1018 1823 90 16 season.
1138 1814 46 25 We
1191 1815 76 24 there-

680 1848 47 24 fore
745 1848 107 24 continue
873 1853 22 19 to
917 1856 56 23 urge
991 1848 37 23 the
1047 1848 90 32 subject
1157 1856 60 23 upon
1229 1849 38 24 the

680 1882 109 23 attention
802 1881 23 24 of
840 1881 105 31 shippers
957 1881 43 24 and
1011 1882 129 30 importers.

729 1938 259 27 AGRICULTURE
1004 1940 73 23 AND
1097 1940 121 26 STOCK.

1296 1352 28 19 To
1333 1350 38 21 the
1382 1351 76 21 Editor
1468 1352 28 25 of
1505 1352 35 20 the
1569 1353 53 19 New
1631 1352 95 20 Zealand
1736 1352 87 20 Gazette
1837 1353 47 19 and

1447 1379 126 26 Wellington

1464 1412 145 28 Wellington,
1621 1412 127 22 December
1758 1412 20 27 7,
1790 1414 60 20 1843.

1323 1440 48 27 Sir,
1404 1440 26 22 In
1447 1440 37 21 the
1500 1440 42 21 last
1557 1440 94 21 number
1668 1439 26 21 of
1705 1446 58 19 your
1777 1446 74 20 paper,
1862 1439 20 22 is

1296 1466 91 22 another
1398 1466 111 23 leference
1519 1471 22 16 to
1552 1465 48 22 that
1608 1465 146 28 gunpowder-
1757 1466 71 21 which
1838 1466 39 21 the

1296 1494 56 21 Rev.
1363 1494 45 21 Mr.
1420 1493 73 22 Smale
1508 1492 125 28 purchased
1648 1496 22 18 at
1686 1492 40 21 the
1742 1493 46 21 sale
1806 1493 26 21 of
1843 1492 38 23 the

1296 1520 132 28 Company's
1434 1522 68 19 stores
1511 1520 25 21 in
1547 1520 55 26 May
1611 1519 49 22 last.
1680 1519 58 22 Now
1749 1519 12 21 I
1772 1519 109 28 certainly

1294 1554 46 15 was
1349 1551 41 18 not
1399 1554 70 15 aware
1480 1546 25 22 of
1517 1547 38 20 the
1564 1546 113 22 existence
1687 1546 27 21 of
1724 1553 44 20 any
1777 1546 102 23 absolute

1295 1574 111 28 necessity
1414 1574 34 22 for
1456 1573 108 27 recalling
1574 1573 38 22 the
1623 1573 106 22 attention
1739 1573 27 21 of
1777 1573 36 22 the
1823 1574 58 27 pub-

1295 1601 28 22 lic
1338 1604 22 18 to
1383 1604 47 19 that
1444 1600 144 22 unfortunate
1604 1600 176 27 circumstance;
1801 1607 80 15 never-

1295 1627 88 26 theless,
1395 1636 24 13 as
1435 1626 108 29 publicity
1558 1627 19 22 is
1592 1628 66 26 again
1674 1627 67 26 given
1759 1630 22 18 to
1797 1627 24 27 it,
1836 1634 46 20 you

1295 1654 44 22 will
1349 1654 72 28 oblige
1431 1661 36 15 me
1483 1654 30 27 by
1524 1654 104 27 allowing
1644 1653 44 22 this
1697 1653 145 28 explanation
1858 1655 27 20 of

1296 1681 36 22 the
1343 1682 70 26 affair,
1422 1680 72 23 which
1512 1680 69 28 ought
1596 1680 94 28 perhaps
1707 1684 23 18 to
1745 1680 57 23 have
1820 1680 60 23 been

1295 1708 66 28 given
1372 1713 23 18 at
1406 1709 34 22 the
1450 1708 60 26 time,
1523 1712 22 17 to
1555 1715 83 21 appear
1651 1708 21 21 in
1684 1714 59 20 your
1752 1708 108 21 columns.

1322 1735 82 22 Before
1414 1736 42 21 this
1466 1735 128 22 settlement
1603 1741 45 15 was
1663 1733 94 28 formed,
1769 1734 37 22 the
1816 1734 65 23 Wes-

1295 1762 66 28 leyan
1371 1762 152 23 Missionaries
1531 1762 24 21 in
1564 1762 56 22 New
1630 1761 101 22 Zealand
1740 1768 58 15 were
1807 1761 24 22 in
1841 1761 39 22 the

1295 1789 63 22 habit
1368 1790 26 21 of
1405 1789 118 28 procuring
1541 1789 58 21 their
1615 1788 96 28 supplies
1720 1788 60 22 from
1790 1788 91 28 Sydney

1295 1816 46 22 and
1360 1816 87 23 Plobart
1461 1816 78 26 Town,
1559 1816 40 21 but
1615 1823 57 19 now,
1691 1814 96 28 wishing
1801 1819 24 18 to
1841 1823 40 14 en-

1296 1850 92 20 courage
1399 1851 39 15 our
1446 1843 75 22 infant
1535 1842 88 28 colony,
1634 1849 32 15 we
1682 1841 58 23 have
1754 1846 49 19 sent
1811 1849 69 21 many

1294 1870 26 22 of
1331 1877 40 14 our
1381 1870 74 23 orders
1465 1870 53 22 here
1528 1873 22 18 to
1562 1870 26 21 be
1599 1868 116 23 executed.
1744 1869 48 22 The
1801 1869 80 22 minis-

1295 1900 34 19 ter
1338 1897 111 22 stationed
1457 1897 53 22 here
1525 1897 19 21 is
1558 1896 114 27 generally
1681 1895 85 27 willing
1781 1899 23 19 to
1813 1896 68 23 sacri-

1295 1923 42 22 fice
1347 1924 35 21 his
1396 1925 51 22 time
1458 1924 24 21 in
1496 1924 87 26 getting
1599 1923 61 22 these
1675 1923 76 22 orders
1761 1922 116 28 executed,

1294 1950 70 27 V-be,
1380 1951 100 28 perhaps,
1489 1950 78 22 knows
1582 1950 72 21 better
1662 1949 61 22 what
1738 1949 46 22 will
1792 1950 45 22 suit
1845 1949 36 22 his

1292 1974 115 31 brethren,
1426 1978 55 21 than
1501 1976 94 23 another
1613 1983 79 19 person
1712 1976 82 22 would.
1830 1976 49 22 The

1295 2006 71 19 belter
1381 2007 49 24 part
1444 2004 26 21 of
1480 2010 14 15 a
1511 2002 111 22 thousand
1635 2002 89 26 pounds
1740 2008 45 15 was
1800 2002 25 21 in
1836 2002 44 21 this

1294 2035 49 21 way
1352 2029 95 27 brought
1461 2029 48 22 into
1526 2029 52 21 Port
1593 2028 122 23 Nicholson
1732 2028 44 21 last
1784 2035 60 21 year,
1856 2035 24 15 as

1295 2054 37 22 the
1342 2056 125 21 merchants
1477 2056 45 21 and
1535 2055 151 27 storekeepers
1702 2054 50 22 who
1763 2054 80 28 supply
1853 2062 26 14 us

1295 2088 41 15 can
1347 2083 81 27 testify.

1321 2109 46 22 Mr.
1384 2108 91 28 Smales,
1492 2108 84 27 having
1590 2108 101 22 received
1713 2115 28 14 an
1762 2108 66 22 order
1845 2108 36 22 for

1294 2143 60 14 some
1364 2136 72 27 shirts,
1446 2137 50 25 &c,
1505 2140 60 18 went
1574 2139 22 18 to
1608 2136 38 21 the
1661 2135 72 22 above
1742 2136 46 21 sale
1797 2135 35 22 for
1841 2134 39 23 the

1294 2169 94 21 purpose
1405 2163 25 22 of
1439 2163 134 27 purchasing
1590 2162 68 23 them.
1693 2162 37 21 On
1747 2162 36 22 his
1798 2162 82 22 arrival

1294 2189 69 27 there,
1374 2190 30 22 he
1412 2190 70 22 found
1491 2190 49 22 that
1548 2189 137 30 gunpowder
1700 2196 47 15 was
1755 2189 39 22 the
1803 2190 77 21 article

1295 2223 27 15 on
1340 2216 54 23 sale.
1422 2217 23 22 It
1460 2224 45 15 was
1519 2211 87 34 packed
1620 2216 24 23 in
1661 2216 33 22 tin
1710 2216 111 28 canisters,
1834 2216 47 22 and

1294 2243 63 22 these
1366 2251 61 16 seem
1435 2247 24 19 to
1468 2244 59 22 have
1537 2244 109 23 attracted
1654 2243 36 22 his
1701 2244 108 21 attention
1818 2251 63 14 more

1295 2270 53 23 than
1360 2271 37 22 the
1409 2274 106 21 contents,
1526 2272 56 21 from
1592 2271 57 22 their
1658 2270 75 25 utility
1743 2274 23 17 to
1775 2278 14 15 a
1798 2277 79 21 person

1294 2298 118 28 travelling
1419 2298 23 23 in
1453 2298 38 22 the
1501 2298 65 23 bush.
1587 2298 22 22 It
1615 2305 44 15 was
1663 2297 69 27 going
1736 2298 145 27 remarkably

1294 2324 77 28 cheap,
1382 2326 25 21 in
1416 2326 46 21 fact
1471 2326 45 21 Mr.
1527 2325 107 22 Smales's
1639 2324 132 28 impression
1778 2332 45 15 was
1832 2324 50 22 that

1294 2350 37 23 the
1342 2352 107 23 canisters
1458 2359 45 16 was
1511 2352 70 22 worth
1592 2352 38 22 the
1639 2359 90 20 money,
1738 2352 44 22 and
1787 2352 48 21 that
1842 2351 39 22 the

1294 2378 89 28 powder
1394 2387 43 14 was
1446 2379 68 28 given
1523 2380 48 21 into
1580 2379 38 22 the
1627 2378 94 28 bargain
1728 2386 6 20 ;
1746 2385 31 21 so,
1788 2378 93 22 without

1294 2405 123 29 bestowing
1430 2413 14 15 a
1458 2407 120 21 moment's
1594 2406 97 27 thought
1705 2413 25 14 as
1746 2408 23 19 to
1784 2405 37 22 the
1830 2413 51 20 pro-

1294 2433 73 27 priety
1377 2440 25 15 or
1415 2434 143 30 impropriety
1567 2434 27 22 of
1605 2434 38 22 the
1652 2431 141 29 proceeding,
1804 2432 29 22 he
1842 2432 40 22 bid

1294 2460 35 21 for
1338 2460 38 21 the
1392 2460 38 28 lot,
1440 2460 47 22 and
1503 2460 37 22 the
1554 2461 130 27 gentleman
1694 2459 134 27 conducting
1842 2458 39 23 the

1294 2486 54 27 sale,
1364 2487 85 27 willing
1463 2491 22 18 to
1500 2488 47 22 Mr.
1561 2488 85 22 Smales
1661 2495 14 14 a
1689 2487 86 27 favour,
1786 2489 23 19 at
1827 2493 54 14 once

1294 2513 103 22 knocked
1411 2514 17 21 it
1437 2514 65 22 down
1519 2518 22 18 to
1556 2514 55 22 him.
1640 2514 53 22 This
1711 2513 54 22 then
1780 2521 45 14 was
1842 2512 40 23 the

1293 2547 49 21 way
1355 2540 24 22 in
1388 2540 72 22 which
1473 2541 39 21 the
1546 2542 116 22 Reverend
1674 2540 137 22 Gentleman
1842 2540 40 22 be-

1294 2575 63 14 came
1374 2567 113 28 possessed
1503 2568 26 22 of
1542 2575 24 14 so
1834 2567 48 22 The

1295 2594 64 22 other
1367 2597 59 25 parts
1435 2595 26 21 of
1474 2594 43 22 this
1527 2595 63 22 affair
1604 2602 38 14 are
1656 2594 93 26 already
1758 2594 76 22 before
1844 2594 39 22 the

1294 2622 82 27 public,
1387 2621 44 22 and
1439 2622 87 27 require
1536 2629 30 15 no
1576 2622 143 22 observation
1728 2622 57 21 from
1795 2629 45 15 me.

1321 2648 60 22 That
1420 2649 76 27 amity,
1510 2656 77 21 peace,
1605 2649 44 23 and
1790 2648 94 28 mayin-

1296 2682 73 16 crease
1379 2676 44 22 and
1432 2676 81 27 spread
1527 2680 105 23 amongst
1641 2684 26 14 us
1676 2684 25 14 as
1711 2684 15 14 a
1735 2676 147 27 community,

1294 2702 19 22 is
1322 2702 87 23 desired
1417 2703 30 27 by
1455 2710 60 15 none
1524 2710 63 16 more
1596 2703 55 23 than
1661 2703 30 28 by

1459 2730 42 27 Sir,

1535 2757 64 23 Your
1608 2757 106 23 obedient
1725 2759 101 26 Servant,

1627 2786 95 22 Samuel
1734 2785 122 24 Ironside.

1286 2847 2 25 i
1326 2846 28 25 A
1370 2845 86 24 similar
1473 2846 76 24 notice
1566 2851 23 19 to
1602 2846 39 24 the
1651 2847 73 23 above
1735 2847 114 32 appeared
1859 2848 25 22 in

1294 2888 14 15 a
1320 2879 94 33 Sydney
1424 2887 78 23 paper,
1511 2879 90 26 headed
1638 2880 119 25 Creditors
1769 2881 89 24 beware

1294 2918 24 20 to
1328 2913 74 25 which
1413 2921 14 16 a
1433 2921 50 24 wag
1490 2914 123 31 published
1621 2922 14 15 a
1644 2914 70 32 reply,
1724 2915 160 30 commencing

1355 2947 115 24 Creditors
1479 2947 28 24 be
1519 2948 75 24 where
1602 2949 11 23 ?

1327 2980 25 26 A
1363 2988 48 16 new
1429 2982 140 31 microscope
1588 2982 44 24 has
1649 2981 59 24 been
1729 2980 117 24 exhibited
1858 2984 25 20 at

1295 3014 39 25 the
1356 3014 147 32 Polytechnic
1522 3015 142 29 Institution,
1688 3013 40 25 the
1747 3022 88 23 powers
1859 3018 25 19 to

1294 3048 75 24 which
1379 3056 38 16 are
1428 3048 49 24 said
1489 3053 23 19 to
1524 3056 96 24 surpass
1632 3048 30 24 all
1672 3047 108 32 previous
1790 3047 93 23 instru-

1294 3086 84 20 ments.
1422 3082 24 24 It
1464 3083 98 22 consists
1582 3082 26 23 of
1632 3081 36 23 six
1689 3087 97 24 powers.
1829 3079 53 25 The

1294 3115 85 25 second
1389 3116 118 31 magnifies
1522 3115 39 24 the
1578 3116 73 29 wings
1664 3114 24 23 of
1703 3113 40 24 the
1762 3113 78 25 locust
1859 3117 24 20 to

1294 3153 165 27 twenty-seven
1476 3149 47 24 feet
1545 3149 23 23 in
1587 3147 88 32 length.
1722 3146 53 25 The
1795 3147 87 28 fourth,

1294 3182 39 24 the
1351 3182 63 31 sting
1433 3182 25 24 of
1473 3183 39 23 the
1533 3182 41 23 bee
1593 3185 24 20 to
1638 3185 169 26 twenty-seven
1828 3180 54 24 feet.

1293 3217 39 31 By
1344 3215 38 24 the
1395 3215 70 30 sixth,
1477 3216 56 24 each
1551 3215 51 24 lens
1620 3215 25 23 in
1653 3214 42 24 the
1707 3222 42 24 eye
1761 3214 25 24 of
1801 3213 40 24 the
1851 3214 34 31 fly

1293 3251 29 23 is,
1330 3257 27 16 so
1367 3250 129 30 magnified,
1507 3250 50 24 that
1564 3249 21 23 it
1596 3255 97 26 appears
1703 3252 25 19 to
1738 3248 147 24 be-fourteen

1292 3283 79 28 inches
1381 3283 26 22 in
1416 3282 108 25 diameter
1536 3291 7 21 ;
1562 3282 45 24 and
1625 3290 14 15 a
1647 3282 88 23 human
1746 3280 51 25 hair
1808 3279 76 33 eight-

1294 3321 52 21 teen
1360 3315 79 25 inches
1450 3317 27 23 in
1496 3316 118 29 diameter,
1627 3323 24 16 or
1668 3315 53 23 four
1740 3314 47 25 feet
1801 3315 25 23 in
1838 3307 46 31 cir-

1293 3350 153 25 cumference.

713 1988 51 24 The
774 1988 108 32 unhappy
893 1993 59 18 state
964 1989 24 22 of
1003 1989 37 23 the
1059 1990 67 23 Land
1150 1992 116 24 Question

679 2021 20 23 is
706 2021 47 24 still
762 2029 14 15 a
783 2021 39 23 sad
829 2022 60 22 draw
896 2021 61 23 back
966 2026 20 18 to
995 2021 36 23 the
1041 2022 106 24 Settlers.
1176 2024 90 23 Never-

680 2054 38 23 the
729 2054 45 23 less
786 2054 133 23 cultivation
931 2054 21 22 is
962 2061 28 15 on
1001 2054 38 23 the
1051 2055 109 29 increase,
1172 2056 45 23 and
1227 2057 38 23 the

679 2094 65 24 crops
756 2086 55 24 look
822 2086 59 24 well.
918 2086 142 31 Harvesting
1072 2087 45 24 will
1137 2095 129 18 commence

678 2126 55 17 next
743 2120 87 29 month,
841 2120 45 23 and
898 2119 38 24 the
948 2120 70 23 result
1026 2121 45 22 will
1084 2121 27 23 be
1120 2121 141 26 favourable.

678 2153 51 24 The
740 2157 60 19 want
812 2154 25 23 of
854 2154 59 22 flour
932 2153 60 23 mills
1011 2154 44 23 will
1077 2162 56 16 soon
1152 2155 28 23 be
1196 2156 70 24 much

678 2187 48 24 felt.
762 2187 43 23 We
817 2195 38 16 are
862 2187 77 31 happy
951 2191 22 19 to
986 2192 55 19 state
1053 2187 50 24 that
1115 2188 47 25 Mr.
1176 2189 89 24 Moles-

678 2220 72 24 worth
761 2221 21 22 is
795 2221 101 30 erecting
908 2228 13 16 a
931 2220 59 24 flour
1004 2221 50 23 mill
1073 2229 60 24 upon
1146 2221 36 25 his
1195 2227 71 20 estate

679 2261 29 16 on
720 2253 37 24 the
770 2253 71 25 Hutt.
877 2253 44 24 We
932 2254 58 23 have
1004 2262 28 16 no
1046 2255 70 23 doubt
1127 2256 19 23 it
1158 2255 46 24 will
1216 2264 49 16 am-

678 2287 39 32 ply
728 2291 142 20 remunerate
889 2288 57 28 him,
960 2287 42 24 and
1014 2296 33 16 we
1065 2296 38 15 are
1115 2296 54 16 sure
1190 2290 19 23 it
1220 2290 46 24 will

678 2321 27 23 be
719 2329 14 15 a
743 2324 64 28 great
819 2321 169 24 accomodation
999 2326 23 19 to
1032 2322 36 23 his
1080 2322 149 30 neighbours.

713 2354 163 31 Importations
888 2354 25 23 of
932 2354 65 24 stock
1009 2354 57 24 have
1079 2356 128 29 continued,
1221 2357 42 23 but

678 2388 74 30 owing
764 2392 23 19 to
799 2388 38 23 the
845 2387 122 32 depressed
979 2393 57 19 state
1047 2389 25 22 of
1082 2388 38 24 the
1134 2390 74 29 times,
1222 2390 44 24 and

678 2420 39 24 the
734 2421 67 24 Land
816 2422 124 29 Question,
952 2421 53 31 they
1018 2422 57 24 have
1087 2423 58 23 been
1157 2422 106 33 disposed

678 2455 27 23 of
714 2459 23 18 at
748 2455 98 23 ruinous
869 2455 83 31 prices.
989 2455 50 24 The
1062 2456 102 23 increase
1183 2457 26 23 of
1228 2457 38 24 the

678 2488 65 23 stock
754 2488 45 24 has
811 2488 57 24 been
885 2488 101 24 checked
996 2488 44 24 this
1053 2496 54 23 year
1119 2489 31 32 by
1158 2489 38 25 the
1207 2493 58 27 tutu,

678 2529 13 16 a
708 2522 122 30 poisonous
850 2521 70 24 shrub
940 2522 26 23 of
983 2522 72 23 which
1075 2523 54 30 they
1142 2527 37 19 eat
1200 2524 66 23 when

677 2554 82 24 unable
778 2559 23 19 to
813 2555 76 24 obtain
909 2555 65 24 other
993 2555 58 30 food,
1065 2556 45 24 and
1129 2555 75 25 which
1221 2557 44 24 has

677 2589 58 23 been
755 2588 123 32 unusually
887 2589 58 23 fatal
963 2589 44 23 this
1028 2597 89 16 season.
1155 2590 52 25 The
1218 2590 48 25 loss

678 2622 26 23 of
718 2629 68 24 many
804 2623 141 30 proprietors
965 2622 40 24 has
1024 2623 58 23 been
1105 2631 54 24 very
1176 2632 87 21 severe,

677 2655 42 24 but
739 2655 78 24 before
828 2661 57 18 next
901 2664 89 21 season,
1009 2664 31 15 we
1061 2656 59 32 hope
1140 2657 38 24 the
1197 2658 68 24 Land

678 2689 114 26 Question
804 2689 47 24 will
858 2689 29 24 be
899 2689 82 25 settled
992 2690 43 23 and
1048 2689 38 25 the
1100 2695 95 26 country
1207 2699 59 25 open

677 2727 22 19 to
712 2724 142 31 occupation,
866 2724 24 23 in
902 2723 75 24 which
988 2731 50 16 case
1051 2731 26 16 as
1088 2724 53 24 food
1152 2724 45 24 will
1209 2725 55 24 then

677 2756 28 24 be
717 2756 115 24 abundant
842 2757 47 23 the'
903 2757 49 23 loss
964 2756 96 32 through
1079 2757 47 24 this
1138 2765 69 17 cause
1218 2758 47 25 will

677 2789 72 24 much
761 2789 118 24 diminish.

224 2793 73 24 THE
317 2792 162 25 SHERIFF.

802 2847 336 25 CORRESPONDENCE.

2293 139 19 15 a.
2326 132 23 23 d.
2443 138 19 17 a.
2479 133 24 23 d.

1912 158 104 23 Cheese:
2030 157 108 23 Cheshire
2255 162 15 20 0
2297 160 12 20 1
2335 160 87 21 4..0
2448 160 12 21 1
2488 162 16 19 6

2030 184 57 23 Pine
2095 184 74 29 Apple
2189 200 47 7 ....
2255 189 15 20 0
2297 187 13 20 1
2335 187 16 20 2
2369 200 20 7 ..
2406 188 15 20 0
2447 188 15 20 0
2487 189 16 19 0

2030 210 86 24 Dutch.
2255 216 15 19 0
2296 215 14 20 0
2336 214 15 20 8
2368 226 21 7 ..
2406 214 14 20 0
2446 215 15 19 0
2475 214 28 21 10

2022 238 32 22 N.
2065 237 116 34 Z.per^
2191 252 7 7 .
2205 253 6 6 .
2219 253 6 6 .
2232 254 6 5 .
2255 242 14 20 o
2296 242 11 20 1
2335 240 86 21 6..0
2446 241 16 20 0
2486 242 16 19 0

1913 265 106 22 Candles
2026 272 6 15 :
2039 264 96 27 English
2140 271 59 21 wax,
2204 272 41 20 per

2020 287 7 12 *
2049 289 39 24 lb.
2255 294 14 19 0
2295 294 14 20 2
2335 294 14 21 3
2368 306 20 8 ..
2405 294 15 20 0
2446 293 14 20 3
2486 293 17 21 9

2021 318 79 30 Sperm
2256 320 15 19 0
2298 320 11 20 1
2324 316 65 27 10;*.
2406 321 15 20 0
2446 320 16 20 3
2486 321 18 20 t>

2020 344 82 22 Mould
2135 358 102 11 ..,...
2255 346 15 21 0
2296 347 14 18 0
2335 348 15 19 6
2367 360 20 7 ..
2404 348 15 19 0
2447 347 14 20 0
2487 347 16 20 8

2022 371 59 27 Dips
2255 372 15 21 0
2296 372 14 20 0
2336 373 82 22 5..0
2446 374 14 19 0
2488 374 15 19 0

1913 398 93 22 Flour:
2016 399 35 20 Ist
2055 397 93 28 quality,
2159 405 40 21 per
2202 401 41 18 ton

2034 424 28 22 of
2070 426 56 20 2000
2134 424 34 22 lbs
2238 425 28 20 20
2293 426 15 19 0
2334 426 15 19 0
2368 426 50 21 ..22
2446 428 15 20 0
2486 428 16 19 0

2010 451 48 22 2nd
2067 451 56 22 ditto
2255 452 14 20 0
2296 452 15 19 0
2338 452 16 20 0
2370 456 6 16 ;
2383 464 6 7 .
2406 454 14 19 0
2446 454 14 20 0
2486 456 16 19 0

1913 478 63 23 Flax
1982 486 6 14 :
2003 478 31 22 N.
2044 478 26 21 Z.
2082 485 38 20 per
2129 480 38 20 ton
2190 478 79 21 ....15
2296 479 15 20 0
2337 479 16 20 0
2370 492 20 7 ..
2406 479 14 20 0
2446 481 14 18 0
2486 482 16 19 0

1940 504 43 23 Do.
2013 512 29 14 on
2049 504 96 23 board
2146 504 119 28 pressedl7
2293 506 15 19 0
2334 505 15 20 0
2368 518 19 7 ..
2404 505 14 20 0
2444 506 14 19 0
2484 508 15 19 0

1915 532 60 21 Gin:
1994 532 55 22 Pale
2065 532 26 21 in
2100 531 111 22 bond....
2219 545 19 8 ~
2256 532 15 20 0
2296 532 15 20 3
2338 533 15 20 6
2370 544 19 8 ..
2406 532 14 20 0
2447 530 13 21 5
2488 534 15 19 6

1962 559 62 27 Case,
2032 560 16 20 4
2053 558 38 26 gal
2098 559 38 21 4-5
2143 558 26 23 in
2177 558 63 22 bond
2255 559 12 20 1
2295 559 15 20 0
2336 559 14 20 0
2368 572 20 7 ..
2406 558 11 20 1
2446 557 14 21 5
2488 560 15 19 0

1913 584 81 23 Hams:
2011 584 127 28 Yorkshire,
2153 585 86 27 perlb.
2254 587 15 19 0
2296 586 15 20 0
2336 584 15 21 5
2405 587 15 19 0
2446 586 15 19 0
2486 584 16 22 7

1996 612 68 23 N.Z.
2075 611 81 28 perlb.
2191 625 48 8 ....
2256 613 15 20 0
2298 612 14 20 0
2338 613 52 20 0..
2406 613 16 20 0
2447 613 15 19 0
2488 611 15 21 5

1912 638 115 23 Mustard
2034 647 5 14 :
2055 638 43 23 Per
2107 638 71 23 dozen
2191 652 47 7 ....
2255 640 15 20 0
2285 638 27 21 16
2336 640 17 19 0
2370 652 6 7 .
2383 652 6 7 .
2407 638 55 21 018
2488 640 16 19 0

1912 665 102 23 Mutton
2021 674 5 14 :
2048 666 93 21 Carcase
2151 672 41 21 per
2201 664 24 23 lb
2235 680 6 7 .
2256 667 14 20 0
2297 666 14 20 0
2338 664 14 23 7
2369 679 7 7 .
2382 679 7 6 .
2406 666 15 20 0
2447 666 15 19 0
2488 666 15 20 9

1912 692 123 23 Muskets:
2050 692 93 22 Walnut
2150 692 93 23 stocked
2256 694 14 19 0
2285 692 25 21 15
2337 693 15 24 Q
2369 705 20 8 ..
2408 692 11 21 1
2448 693 15 20 0
2490 693 15 20 0

1912 718 78 23 Milk:
2006 719 100 28 Perpint
2255 721 15 20 0
2296 720 14 19 0
2337 720 15 19 2
2369 732 20 7 ..
2406 720 15 20 0
2447 720 15 19 0
2488 719 15 20 3

1913 745 92 23 Maize:
2020 753 41 21 per
2070 745 80 23 bushel
2255 748 15 19 0
2297 746 13 21 3
2338 746 15 20 0
2370 759 20 8 ..
2407 746 15 20 0
2448 745 14 20 3
2489 746 15 19 6

1914 772 43 22 Oil
1964 778 9 17 :
1986 772 104 26 Linseed,
2100 779 39 21 per
2148 772 77 28 gallon
2234 774 36 20 .0
2296 773 14 20 6
2336 773 17 20 6
2370 786 6 7 .
2383 786 6 7 .
2407 773 15 20 0
2446 771 16 22 7
2488 773 15 20 6

1985 799 285 29 Black,incask,pertonl
2298 800 14 20 0
2338 800 16 20 0
2370 800 52 20 ..20
2448 800 14 19 0
2488 800 15 19 0

2020 827 79 27 Sperm
2236 826 29 22 50
2293 826 12 19 0
2333 826 14 19 0
2366 825 51 23 ..75
2445 826 13 19 0
2487 826 14 19 0

1912 852 77 23 Pork:
2004 853 78 27 Fresh,
2099 860 89 15 carcase
2202 860 42 20 per

2028 880 23 21 ]b
2253 882 15 19 0
2295 881 14 19 0
2335 880 15 21 0
2368 893 19 7 ..
2405 881 15 20 0
2446 881 14 20 0
2487 880 15 21 4

1912 906 64 23 Pork
1983 914 6 15 :
2004 906 68 28 Irish,
2082 913 40 21 per
2130 906 75 23 barrel
2218 921 5 6 .
2230 920 7 7 .
2255 908 15 19 0
2296 908 15 19 0
2336 908 17 19 O
2370 920 6 7 .
2382 920 7 7 .
2406 907 56 20 410
2488 908 15 19 0

1992 934 61 21 N.Z
2251 934 15 21 2
2281 934 26 21 10
2333 934 16 21 0
2365 947 20 6 ..
2403 934 14 21 3
2444 934 20 24 0.
2484 934 16 20 0

1912 960 131 23 Potatoes:
2063 960 58 22 New
2133 960 109 27 Zealand,

2088 995 40 19 per
2135 990 41 19 ton
2188 1002 47 7 ....
2253 987 16 22 4
2295 988 14 21 0
2336 989 15 20 0
2368 1001 6 7 .
2382 1000 5 7 .
2405 988 15 20 6
2446 988 14 19 0
2488 989 14 19 0

1911 1014 95 23 Porter
2015 1021 5 15 :
2049 1014 105 28 Dunbar,
2163 1015 25 22 in
2195 1014 47 22 bot.

2079 1041 90 27 perdoz
2253 1042 15 20 0
2295 1042 14 21 9
2335 1043 15 20 0
2367 1055 20 6 ..
2404 1043 14 20 0
2432 1041 27 21 12
2486 1042 16 20 6

2018 1068 88 28 Bryant
2114 1068 46 22 and
2168 1068 71 22 Davis
2253 1070 15 19 0
2295 1069 14 20 9
2335 1070 15 20 0
2368 1082 5 7 .
2381 1082 6 6 .
2405 1068 56 21 012
2488 1070 15 19 0

1912 1095 97 22 Pickles
2020 1103 7 14 :
2058 1095 117 27 Assorted,
2203 1102 42 21 per

2084 1121 69 29 doz.,]
2164 1125 78 25 quarts
2255 1124 15 20 0
2284 1122 26 21 15
2338 1124 14 19 0
2369 1136 20 7 ..
2408 1124 14 19 0
2436 1121 26 23 17
2490 1123 12 18 0

1912 1149 73 22 Pitch
1997 1156 6 14 :
2035 1148 140 28 Stockholm,
2204 1157 42 20 per

2059 1176 82 22 barrel.
2254 1177 15 20 2
2296 1178 14 19 0
2337 1178 15 20 0
2368 1190 19 7 ..
2405 1178 14 19 0
2446 1177 14 20 0
2488 1178 14 19 0

1912 1202 79 23 Plank
1999 1211 7 14 :
2034 1203 55 22 Port
2110 1202 133 28 Nicholson,

2060 1231 144 26 perlOOfeet
2216 1245 20 6 ..
2253 1233 15 19 0
2295 1232 14 19 6
2336 1232 15 19 0
2368 1243 20 6 ..
2405 1231 15 19 0
2434 1229 26 20 10
2487 1230 15 20 0

1911 1256 69 23 Rice:
1993 1257 109 22 Common
2111 1264 41 20 per
2157 1260 49 19 cwt.
2218 1272 18 6 ..
2255 1259 14 19 0
2284 1258 26 19 10
2338 1258 14 19 0
2370 1269 19 6 ..
2407 1257 14 20 0
2447 1257 14 20 0
2488 1258 14 19 0

1993 1284 67 21 Good
2254 1285 15 19 0
2284 1282 25 21 15
2338 1284 15 19 0
2370 1296 19 7 ..
2406 1284 15 20 0
2447 1284 13 19 0
2487 1285 15 19 0

1911 1311 53 21 Rum
1972 1319 6 13 :
1994 1311 25 21 P.
2030 1312 27 20 B.
2069 1311 33 25 P.,
2117 1317 40 19 per
2166 1310 78 26 gallon

2031 1338 25 20 in
2070 1337 61 21 bond
2255 1338 14 19 0
2296 1338 14 19 4
2338 1338 14 19 3
2369 1350 20 7 ..
2406 1338 14 19 0
2446 1338 15 20 0
2487 1338 15 20 0

1910 1364 88 22 Sugar:
2016 1362 120 23 Mauritius
2146 1370 40 21 per
2194 1367 49 18 cwt.
2257 1365 14 20 0
2299 1365 14 20 0
2340 1365 51 20 0..
2423 1369 58 16 none

2018 1390 83 22 Brown
2114 1390 56 21 ditto
2187 1392 79 20 ....0
2294 1392 14 20 0
2334 1392 84 20 0..0
2444 1392 14 19 0
2486 1392 15 20 0

2018 1417 99 22 Refined
2131 1417 54 28 loaf,
2203 1425 43 21 per

2044 1444 25 21 lb
2254 1447 15 19 0
2296 1446 14 20 0
2336 1444 14 22 5
2368 1459 20 6 ..
2405 1446 14 19 0
2446 1446 13 20 0
2486 1447 16 19 6

2020 1471 97 22 Manilla
2135 1479 40 20 per
2189 1475 48 19 cwt.
2254 1473 11 20 1
2294 1474 14 19 0
2335 1473 15 20 0
2380 1485 7 8 .
2405 1472 10 21 1
2448 1473 10 20 1
2487 1474 15 19 6

1912 1498 73 22 Salt:
2000 1498 128 28 Liverpool,
2136 1506 42 16 per
2187 1502 40 18 t0n
2234 1499 35 21 .15
2296 1501 14 19 0
2336 1501 15 19 0
2369 1499 51 21 ..18
2446 1501 14 19 0
2488 1501 15 19 0

1912 1525 59 22 Soap
1978 1533 7 14 :
2011 1525 104 22 Hawes's
2136 1520 106 33 London,

2237 1553 30 21 40
2294 1555 13 19 0
2335 1555 14 19 0
2366 1567 19 6 ..
2404 1554 14 20 0
2444 1554 15 19 0
2488 1553 14 21 0

2049 1579 100 28 iverpool
2239 1579 27 23 35
2295 1582 13 19 0
2336 1582 14 18 0
2368 1593 19 7 ..
2404 1581 14 19 0
2444 1581 15 19 0
2485 1581 17 20 0

1911 1606 103 22 Starch:
2030 1606 75 22 Perlb
2254 1609 15 19 0
2296 1609 13 19 0
2336 1607 14 20 5
2368 1620 19 7 ..
2405 1608 14 20 0
2446 1608 14 20 0
2488 1608 14 20 0

1911 1633 142 22 Scantling:
2070 1633 166 23 PerlOOfeet..
2255 1636 14 18 0
2296 1635 14 19 6
2338 1636 14 19 0
2370 1647 18 7 ..
2406 1635 15 20 0
2447 1635 13 20 8
2488 1636 15 19 0

1911 1660 114 22 Shingles
2033 1668 6 14 :
2055 1660 43 22 Per
2105 1662 61 27 1000,
2175 1661 29 22 N.
2213 1661 26 22 Z.
2254 1663 15 19 0
2296 1662 14 20 6
2337 1662 15 20 0
2369 1675 6 5 .
2382 1675 6 5 .
2406 1663 13 19 0
2434 1661 26 21 10
2488 1662 15 21 0

2040 1687 70 28 Ditto,
2132 1687 29 23 V.
2172 1689 29 21 D.
2213 1689 26 21 L.
2254 1690 14 18 0
2296 1689 14 19 0
2338 1689 14 19 0
2368 1701 7 7 .
2382 1701 6 6 .
2406 1689 54 19 012
2487 1689 15 20 0

1910 1714 62 22 Tar:
1988 1715 98 22 Coal.-.:
2255 1716 12 19 1
2296 1717 13 19 0
2337 1717 15 18 0
2369 1728 19 6 ..
2408 1716 10 19 1
2446 1715 14 21 5
2488 1716 14 20 0

1990 1741 131 23 Stockholm
2255 1743 15 21 2
2297 1743 13 20 0
2338 1743 14 20 0
2369 1755 20 7 ..
2406 1743 14 20 0
2446 1743 14 19 0
2488 1743 14 19 0

1910 1768 61 22 Tea:
1981 1769 81 28 Hyson
2067 1768 57 27 skin,
2129 1776 40 21 per
2178 1769 65 22 chest
2256 1770 14 20 4
2297 1771 13 19 0
2338 1771 14 19 0
2369 1782 19 7 ..
2405 1770 15 20 6
2446 1770 14 20 6
2488 1771 14 19 0

1984 1796 95 27 Congou
2255 1797 14 21 8
2296 1798 14 19 0
2336 1797 83 21 0..13
2446 1797 14 20 0
2487 1798 15 19 0

1910 1822 104 23 Tobacco
2022 1831 7 14 :
2042 1823 143 27 Negrohead,
2202 1830 42 21 per

2068 1850 31 22 lb.
2112 1851 23 21 in
2152 1850 61 22 bond
2254 1852 15 20 0
2297 1851 10 20 1
2338 1853 50 19 6..
2406 1853 13 19 0
2448 1851 9 20 1
2486 1852 16 20 9

1910 1876 164 23 Turpentine:
2090 1877 43 22 Per
2136 1877 100 27 gallon..
2255 1879 14 20 0
2297 1877 13 23 7
2338 1879 14 20 6
2370 1892 19 6 ..
2406 1879 14 20 0
2447 1879 14 19 8
2487 1879 15 20 0

1910 1903 162 23 Whalebone:
2089 1905 42 21 Per
2139 1908 41 18 ton
2243 1906 41 20 100
2298 1907 13 19 0
2338 1907 15 19 0
2370 1906 64 20 ..120
2448 1907 14 19 0
2488 1907 15 19 0

1911 1929 68 23 Wine
1987 1938 5 14 :
2008 1931 90 27 Sherry,
2108 1934 39 24 pe*
2156 1932 51 27 pipe
2218 1947 18 5 ..
2242 1933 28 21 20
2297 1934 13 20 0
2338 1934 17 19 0
2369 1933 51 20 ..40
2446 1933 15 19 0
2487 1933 15 19 0

2018 1958 73 27 Ditto,
2106 1965 41 20 per
2160 1957 81 23 dozen.
2258 1960 9 19 1
2297 1960 14 20 0
2338 1961 15 19 0
2370 1973 19 6 ..
2406 1960 16 21 2.
2447 1960 15 20 0
2488 1960 15 18 0

2018 1985 63 24 Port,
2090 1992 40 19 per
2139 1985 51 27 pipe
2216 1987 51 20 ..25
2295 1988 14 19 0
2335 1987 15 20 0
2367 1986 51 20 ..40
2445 1987 13 19 0
2485 1987 15 19 0

2086 2013 109 24 perdoz.'
2254 2014 11 18 1
2295 2014 14 18 0
2328 2012 22 19 *>
2366 2024 19 6 ..
2403 2014 14 18 2
2443 2013 14 17 0
2484 2013 15 17 O

2018 2036 152 27 Champagne,
2184 2037 57 21 ditto
2254 2039 15 19 0
2296 2039 13 19 0
2336 2037 15 20 0
2367 2050 19 6 ..
2403 2039 14 19 0
2444 2038 13 19 C
2485 2038 14 19 0

2019 2063 76 21 Claret
2255 2065 14 19 0
2284 2064 26 20 10
2338 2065 51 19 0..
2406 2065 14 19 0
2446 2065 14 18 0
2488 2065 13 19 0

1912 2089 120 23 Poultry:
2048 2089 80 27 Fowls,
2133 2096 42 21 per
2180 2090 62 27 pair.
2256 2091 16 20 0
2298 2091 14 20 3
2339 2091 14 19 6
2370 2103 19 7 ..
2408 2091 13 19 0
2447 2089 13 21 5
2489 2091 14 19 0

2046 2116 84 27 Ducks,
2141 2116 56 22 ditto
2218 2118 52 20 ..0
2296 2117 14 20 5
2338 2118 14 20 0
2369 2131 19 5 ..
2406 2118 14 19 0
2446 2117 14 20 8
2475 2118 27 20 -0

2047 2143 80 27 Geese,
2137 2143 57 23 each
2216 2159 6 5 .
2230 2159 5 5 .
2254 2145 55 20 010
2336 2145 15 20 0
2368 2157 6 7 .
2381 2157 6 7 .
2404 2144 54 20 012

2045 2170 109 28 Turkeys,
2164 2171 57 21 each
2257 2172 10 20 1
2297 2172 13 20 0
2338 2173 14 19 0
2370 2184 19 7 ..
2408 2172 12 20 1
2447 2171 13 20 5
2489 2173 14 19 0

2046 2197 104 27 Pigeons,
2161 2197 80 28 (wild,)

2072 2232 41 19 per
2121 2225 50 27 pair
2255 2226 15 20 0
2296 2226 14 19 0
2337 2227 83 24 0...0
2446 2227 14 19 0
2488 2227 14 19 0

2046 2251 84 27 Ducks,
2138 2251 37 23 do.
2185 2251 53 22 do..
2256 2253 14 20 0
2297 2252 13 20 5
2338 2253 14 20 0
2370 2266 19 7 ..
2407 2254 14 20 0
2448 2254 14 20 0
2489 2254 15 19 0

1912 2279 71 22 Eogs:
2002 2279 44 21 Per
2054 2279 72 21 dozen
2256 2281 15 19 0
2300 2280 9 20 1
2338 2280 15 20 6
2370 2293 19 7 ..
2407 2281 15 19 0
2448 2281 15 19 0
2490 2281 14 19 0

1911 2307 76 21 Cows:
2002 2305 73 23 Milch
2244 2307 26 21 12
2297 2308 14 20 0
2337 2308 15 19 0
2369 2308 52 20 ..20
2447 2308 15 20 0
2490 2308 13 19 0

1910 2333 97 22 Mares:
2022 2333 77 22 Brood
2242 2335 28 19 20
2296 2335 14 19 0
2337 2335 15 20 0
2368 2333 53 22 ..70
2447 2335 15 20 0
2489 2335 14 20 0

1910 2359 117 23 Working
2044 2359 120 23 Bullocks
2172 2368 5 14 :
2200 2361 44 21 Per

1937 2387 48 27 pair
2243 2388 29 21 30
2298 2388 14 20 0
2339 2388 14 21 0
2370 2387 52 22 ..35
2448 2389 15 20 0
2490 2388 13 20 0

1912 2413 63 23 Hire
1985 2422 27 13 of
2023 2421 68 14 ditto
2098 2421 5 14 :
2119 2414 43 22 Per
2170 2414 52 27 day,
2230 2422 14 14 a

1938 2444 60 18 team
2007 2441 47 21 and
2061 2441 73 21 driver
2257 2443 15 20 0
2286 2441 26 21 15
2340 2443 14 19 0
2371 2455 19 7 ..
2408 2444 15 19 0
2448 2444 15 19 0
2490 2443 14 19 0

1912 2467 87 22 Sheep:
2015 2467 63 22 Each
2256 2470 14 20 0
2285 2469 25 20 15
2339 2470 15 20 0
2370 2482 20 7 ..
2409 2470 10 20 1
2447 2469 14 20 5
2489 2470 14 19 0

1911 2495 64 22 Boat
1985 2494 75 22 Hire:
2075 2495 44 21 Per
2123 2495 51 27 day,
2180 2495 64 22 with-

2102 2525 41 18 out
2152 2522 88 22 hands.
2256 2525 14 19 0
2285 2524 27 20 10
2338 2524 16 21 0
2370 2536 19 7 ..
2408 2524 10 20 1
2448 2525 15 19 0
2489 2524 14 20 0

1911 2548 98 23 Wages:
2039 2549 140 28 Mechanics,
2205 2557 40 20 per

2072 2576 45 27 day
2257 2578 15 20 0
2298 2578 14 20 6
2339 2579 15 20 0
2370 2590 20 7 ..
2408 2578 14 21 0
2448 2579 15 20 8
2490 2578 15 20 0

2048 2602 126 23 Labourers
2191 2606 79 19 ....0
2296 2605 14 20 3
2337 2606 83 19 0..0
2446 2604 15 21 5
2488 2606 15 20 0

1912 2629 68 23 Bark
1988 2637 5 14 :
2009 2629 30 22 N.
2050 2630 27 21 Z.
2135 2633 39 19 ton
2251 2632 14 20 3
2293 2632 14 20 0
2334 2632 82 20 0..4
2443 2633 13 20 0
2483 2633 14 20 0

1913 2657 77 22 Black
2001 2657 53 22 Dye
2062 2657 47 22 :N;
2117 2657 25 22 Z.
2152 2665 39 20 per
2198 2661 39 18 ton
2251 2658 14 21 5
2293 2660 13 18 0
2334 2659 14 20 0
2365 2672 19 6 ..
2402 2659 14 20 6
2443 2660 14 20 0
2488 2660 14 20 0

1913 2683 86 23 Wool:
2013 2684 31 22 N.
2055 2684 27 22 Z.
2091 2685 71 27 peHb
2251 2687 15 19 0
2293 2687 14 19 0
2334 2686 15 20 9
2366 2699 19 6 ..
2402 2686 15 21 0
2446 2687 11 20 1
2486 2688 17 19 0

1912 2710 93 23 TufcE
2013 2717 5 16 :
2043 2712 31 22 N.
2094 2712 26 22 Z.
2129 2711 113 24 furniture

1939 2738 145 26 perlOOfeet
2254 2740 15 21 2
2296 2740 14 21 0
2338 2741 14 20 0
2370 2753 19 6 ..
2406 2741 14 20 2
2434 2740 27 21 10
2488 2742 14 19 0

1913 2765 124 22 Cordage:
2046 2765 92 27 English
2145 2773 39 21 per
2190 2770 49 18 cwt.
2255 2767 14 21 3
2295 2766 14 21 5
2337 2768 14 19 0
2370 2780 18 6 ..
2408 2768 13 20 0
2446 2768 15 19 0
2488 2768 15 20 0

2040 2792 62 23 N.Z.
2107 2792 95 23 without
2208 2796 35 19 tar
2256 2794 16 21 3
2296 2794 18 20 0
2339 2794 15 21 0
2372 2807 19 7 ..
2408 2795 14 20 0
2446 2794 17 21 0
2488 2796 16 19 0

1914 2818 119 23 Cakvass:
2048 2826 40 20 per
2101 2819 48 23 bolt
2258 2821 11 20 1
2286 2820 26 22 15
2339 2822 15 19 0
2371 2833 21 8 ..
2409 2822 14 20 2
2448 2820 14 21 5
2490 2822 15 20 0

1916 2846 105 22 Copper:
2037 2844 103 31 sheeting
2157 2855 42 20 per
2211 2847 32 22 lb.
2258 2849 15 21 0
2300 2848 11 20 1
2340 2848 15 20 6
2372 2860 19 7 ..
2409 2849 14 20 0
2448 2848 15 21 0
2490 2850 15 19 0

2032 2874 64 21 Bolts
2258 2876 16 20 0
2300 2875 10 20 1
2340 2876 15 19 9
2372 2888 18 5 ..
2409 2876 14 19 0
2449 2876 15 19 0
2492 2876 15 20 0

2032 2900 64 23 Nails
2257 2903 15 20 0
2298 2901 14 21 5
2340 2902 14 20 0
2371 2914 19 7 ..
2408 2903 15 20 0
2450 2902 15 20 6
2491 2902 16 21 0

1914 2926 79 23 Lkad:
2009 2927 65 22 sheet
2082 2935 40 18 per
2133 2931 40 19 ton
2192 2930 80 20 ....30
2297 2930 15 19 0
2339 2930 15 19 0
2373 2928 49 21 ..35
2450 2929 14 20 0
2491 2930 15 19 0

1913 2953 60 22 Iron
1982 2961 5 14 :
1998 2954 95 27 English
2103 2954 40 21 bar
2152 2962 42 20 per
2202 2956 70 21 tonl4
2298 2956 15 19 0
2340 2956 15 19 0
2373 2969 6 6 .
2386 2968 6 7 .
2409 2956 14 20 0
2448 2956 17 20 0
2491 2956 16 19 0

1992 2980 71 28 Hoop
2071 2987 40 20 per
2117 2984 117 19 t0n......
2238 2980 28 23 25
2293 2982 15 20 0
2340 2982 15 20 0
2373 2995 19 7 ..
2409 2983 14 20 0
2449 2982 15 20 0
2490 2982 15 19 0

1914 3007 43 22 Oil
1970 3006 78 23 Butts
2057 3014 6 15 :
2086 3007 113 22 Gordon's
2218 3015 26 14 or

2057 3032 70 23 Mills'
2133 3041 41 21 per
2183 3034 59 28 imp.

2056 3063 41 19 tun
2215 3063 19 18 :.
2253 3062 14 20 3
2295 3062 13 19 0
2335 3062 15 21 0
2367 3074 20 7 ..
2404 3062 14 20 3
2433 3060 26 21 15
2490 3061 15 21 0

2101 3105 4 3 .
2122 3106 4 6 ,
2148 3088 123 22 DUTIES.

1912 3116 99 21 British
2022 3115 92 22 Spirits
2329 3116 34 21 4s.
2372 3121 41 21 per
2421 3114 84 28 gallon.

1914 3142 104 22 Foreign
2029 3142 57 22 ditto
2329 3142 34 22 ss.
2372 3149 44 20 per-
2420 3140 84 28 gallon.

1912 3169 105 23 Tobacco
2027 3169 178 28 manufactured,
2333 3170 31 21 Is.
2372 3175 40 21 per
2420 3168 31 23 lb.

2026 3196 208 23 Unmanufactured
2329 3196 38 22 9d.
2378 3203 40 21 per
2425 3195 36 25 lb..

1914 3224 73 22 Snuff
2331 3224 32 22 2s.
2373 3229 40 21 per
2420 3222 31 22 lb.

1915 3251 86 22 Cigars
2331 3251 35 21 2s.
2375 3250 79 27 perlb.

1913 3277 82 23 Wines
2322 3277 27 21 15
2363 3284 40 20 per
2411 3279 57 20 cent.

1914 3305 55 27 Tea,
1983 3305 87 27 Sugar,
2086 3305 87 26 Flour,
2190 3304 117 34 Wheat,]

1932 3331 45 23 and
1985 3332 66 22 other
2062 3331 87 28 Grain,
2158 3333 14 21 5
2181 3338 41 21 per
2230 3333 59 20 cent
2302 3328 5 24 I
2388 3330 47 26 xi._
2436 3351 10 8 n
2448 3351 21 8 _.

1914 3358 40 22 All
1962 3358 64 23 other
2035 3359 106 22 Foreign
2146 3358 144 28 productions
2300 3349 14 42 f
2333 3349 30 17 aa
2372 3349 98 18 T<tlorem
2472 3361 7 5 -

1928 3385 43 23 and
1976 3385 167 23 manufactures
2151 3386 26 20 10
2182 3391 41 22 per
2230 3387 58 19 cent.
2295 3381 12 30 J

2116 3410 187 26 EXCHANGE.

1915 3493 36 23 On
1959 3493 99 28 Sydney.
2065 3507 7 7 .
2080 3507 6 7 .
2092 3498 12 16 .'
2336 3494 74 23 Ditto.

1915 3520 88 24 Private
2012 3520 53 23 bills
2312 3521 116 24 Nominal.

1293 3408 219 28 WHOLESALE
1541 3409 126 24 PRICES
1701 3408 181 27 CURRENT.

1392 3448 132 15 CORRECTED
1539 3448 29 15 UP
1582 3448 30 15 TO
1625 3447 57 16 LAST
1698 3447 83 15 NIGHT.

1632 3467 16 18 J6
1670 3471 16 12 S.
1710 3467 19 17 d.
1869 3474 13 12 q

1294 3499 64 22 Ale:
1372 3496 97 30 perhhd
1635 3498 14 20 0
1676 3498 15 20 0
1718 3499 14 20 0
1750 3512 19 7 ..
1787 3501 15 20 0
1828 3502 16 20 0
1871 3504 15 19 0

1467 3530 41 21 per
1512 3523 102 23 barrel..
1633 3525 13 20 0
1674 3526 14 19 0
1717 3526 14 20 0
1749 3538 19 9 ..
1787 3528 15 20 0
1829 3529 15 20 0
1871 3530 15 20 0

1467 3550 150 27 perdoz.....
1635 3552 14 20 0
1664 3552 26 21 11
1719 3553 15 20 0
1750 3566 20 7 ..
1788 3555 14 20 0
1816 3555 28 21 13
1872 3558 15 19 0

1378 3578 30 23 N.
1417 3577 25 24 Z.
1454 3585 40 21 per
1502 3577 77 28 gallon
1599 3592 5 7 .
1611 3592 7 7 .
1636 3579 14 22 0
1677 3579 14 20 2
1719 3580 14 21 0
1752 3593 6 8 .
1765 3594 6 8 .
1788 3582 14 21 0
1829 3583 15 22 0
1871 3584 15 21 0

1292 3607 102 24 Arrack
1402 3613 5 14 :
1421 3605 44 22 Per
1473 3605 45 27 gal.
1527 3605 26 22 in
1561 3605 64 22 bond
1637 3606 14 21 0
1679 3606 12 20 1
1721 3607 14 20 6
1752 3620 6 7 .
1764 3621 7 7 .
1788 3610 14 19 0
1829 3610 16 20 2
1872 3614 15 20 o

1292 3627 82 37 O^tEAD
1382 3640 6 15 :
1402 3632 43 22 Per
1453 3631 45 23 21b.
1508 3631 53 24 loaf
1573 3646 47 7 ....
1638 3634 15 20 0
1679 3634 14 20 0
1720 3633 51 23 s\.
1789 3636 15 20 0
1830 3638 15 19 0
1872 3638 16 20 6

1291 3660 76 24 <Beef:
1382 3658 78 28 Fresh,
1478 3665 90 16 carcase
1583 3665 42 22 per

1286 3681 2 28 !
1302 3685 9 20 '
1410 3685 24 23 lb
1633 3688 14 20 0
1675 3686 13 21 0
1717 3688 14 21 8
1750 3701 19 8 ..
1787 3690 15 20 0
1829 3691 15 20 0
1859 3690 26 22 11

1402 3712 53 28 Salt,
1465 3719 40 19 per
1517 3712 70 23 tierce
1600 3726 20 8 ..
1638 3714 10 21 1
1665 3714 28 21 10
1719 3716 16 19 0
1750 3728 21 8 ..
1788 3717 14 20 3
1829 3718 15 20 0
1870 3719 16 20 0

1294 3742 108 23 Butter:
1417 3739 67 28 Irish,
1493 3739 80 28 perlb.
1597 3754 21 7 ..
1636 3742 14 20 0
1677 3742 14 20 0
1720 3742 15 20 9
1752 3755 19 8 ..
1788 3744 15 20 0
1832 3744 12 21 1
1873 3745 15 21 0

1414 3766 70 24 Fresh
1639 3768 14 21 0
1681 3768 11 21 1
1721 3768 15 21 6
1753 3782 20 8 ..
1790 3770 14 21 0
1832 3772 14 20 0
1874 3772 15 20 0

1294 3793 112 27 Brandy:
1420 3794 60 23 First
1485 3792 93 30 quality,
1586 3800 41 21 per

1442 3820 77 29 gallon
1526 3820 27 23 in
1561 3820 64 22 bond
1636 3821 14 21 0
1678 3820 14 22 5
1721 3823 14 20 0
1752 3836 7 7 .
1765 3837 6 7 .
1789 3825 14 20 0
1805 3824 4 12 :
1831 3824 15 22 7
1874 3825 14 21 6

1293 3850 90 22 Bsown
1400 3849 88 22 Stout:
1510 3846 109 30 perhhd.
1633 3847 14 21 5
1674 3850 15 20 0
1715 3850 16 21 0
1747 3863 20 8 ..
1787 3851 15 21 6
1816 3852 30 21 10
1872 3853 16 20 0

1294 3878 89 23 Cioars
1389 3883 7 16 :
1407 3875 103 28 Manilla,
1517 3881 40 19 per
1562 3874 63 28 1000,

1440 3902 27 23 in
1475 3902 62 23 bond
1637 3902 14 21 2
1678 3903 15 20 0
1720 3904 14 21 0
1751 3916 20 9 ..
1788 3905 15 22 3
1830 3906 16 20 0
1873 3902 15 26 6

1405 3928 172 28 Chinsurahper
1581 3929 72 22 10001
1682 3930 16 21 0
1724 3931 16 20 0
1755 3944 20 8 ..
1792 3932 14 21 0
1833 3933 15 21 0
1874 3935 16 19 0

1295 3958 102 23 Ooffeb:
1407 3957 65 27 Java,
1481 3956 73 29 perlb
1638 3958 15 21 0
1679 3957 16 20 0
1722 3958 14 21 3
1753 3971 20 9 ..
1790 3959 14 21 0
1831 3960 16 20 0
1874 3960 15 22 7

1935 3569 39 18 The
1985 3570 49 17 New
2044 3569 98 16 Zealand
2152 3569 94 17 Gazettx
2252 3570 39 17 and
2301 3569 137 18 Wellikoxow
2449 3572 60 17 Srsc-

1915 3594 63 14 tatos
1983 3591 16 16 la
2004 3589 99 23 published
2108 3592 56 20 every
2169 3589 116 23 Wednesday
2295 3591 37 17 and
2342 3592 95 21 Saturday.
2460 3592 47 17 Sub-

1912 3611 62 21 joined
1980 3615 31 13 are
2018 3611 32 17 the
2056 3612 89 15 terms:

1936 3632 63 17 Pkicz
2005 3636 25 14 or
2036 3635 42 14 xaz
2084 3632 97 16 Paj>jbr.
2180 3631 57 22 Forty
2242 3632 86 21 shillings
2333 3636 34 17 per
2376 3636 77 18 annum,
2463 3638 44 17 pay-

1914 3653 40 18 able
1959 3653 21 18 In
1986 3653 91 19 advance;
2086 3651 150 23 oMixpenctnfor
2241 3653 60 21 single
2312 3654 96 17 numbers.

1936 3674 155 20 Advertisements
2098 3672 38 18 will
2141 3674 33 18 not
2180 3678 68 21 appear
2256 3674 22 17 in
2288 3674 32 18 the
2329 3675 82 21 ensuing
2420 3676 80 16 number

1915 3695 18 16 if
1939 3695 83 17 received
2027 3694 48 17 later
2081 3694 45 17 than
2136 3694 21 18 10
2164 3693 75 21 o'clock,
2246 3697 50 18 a;m:,
2302 3699 24 13 on
2333 3695 133 23 thVmoijnings
2474 3697 33 15 be-

1914 3716 39 17 fore
1964 3715 120 23 publication,
2104 3714 161 19 Advertisements
2277 3716 39 17 will
2326 3716 24 18 be
2359 3716 101 18 continued
2466 3716 40 17 and

1915 3735 77 23 charged
2002 3733 56 22 until'
2060 3737 169 20 counter-ordered;
2239 3737 47 17 such
2293 3737 54 17 order
2352 3739 52 17 must
2408 3738 23 16 be
2437 3738 70 23 senttp

1915 3758 32 17 the
1954 3758 57 17 Ofci
2021 3757 44 24 tijo-
2067 3756 61 23 "days'
2139 3755 62 20 before
2211 3756 120 23 publication,
2341 3758 39 17 and
2388 3758 53 17 must
2450 3761 56 14 oenm

1915 3778 79 21 writing.
2015 3777 159 19 Advertisements
2187 3779 85 17 received
2288 3778 55 22 afttr,
2358 3779 24 17 10
2395 3778 69 18 o'clock
2475 3782 31 15 .on

1915 3799 83 21 Tuesday
2002 3798 45 22 .and
2057 3798 73 22 Friday,
2133 3799 97 21 mornings
2240 3798 39 19 will
2288 3799 23 17 be
2321 3797 81 23 ctttYged
2411 3799 54 17 twioa
2473 3799 34 18 the

1915 3820 114 23 moalrafw.
2089 3827 5 5 -
2190 3822 3 3 '
2209 3827 9 9 ;,
2337 3822 10 13 s

1935 3841 32 17 All
1971 3839 69 21 orders,
2049 3839 160 21 advertiiements,
2220 3840 37 19 and
2267 3838 166 20 communications
2443 3842 20 17 to
2474 3841 33 18 the

1915 3859 70 22 Editor,
1989 3861 161 20 areteqnestedto
2155 3860 129 19 bc^ddressed
2289 3862 20 16 to
2314 3859 109 19 this'Ofice.

1915 3883 75 17 PrlnUd
2002 3882 38 17 and
2053 3881 98 23 publkhed
2167 3886 56 18 eve.ry
2240 3881 114 22 Wednesday
2369 3883 39 18 and.
2418 3881 90 22 Saturday

1936 3903 91 21 morning,
2039 3903 24 20 by
2081 3903 85 18 Samuxi
2180 3903 90 19 Rxvavs,
2287 3904 20 15 at
2320 3902 35 18 the
2366 3904 59 19 'Office
2432 3916 3 5 ,
2441 3903 22 17 of
2473 3904 34 17 the

1936 3925 52 17 NJSW:
1997 3924 101 17 ZKAKJiNS
2108 3924 94 17 OASETtk
2213 3928 42 13 A*
2268 3923 139 18 WIHtKOTO)/
2422 3920 77 21 SCTA

1910 3952 3 4 '
1936 3949 43 16 t<>.
1989 3944 159 22 MannerMtreet,
2156 3944 118 22 WeUington,
2287 3944 44 18 Fort
2463 3944 45 19 Na

1937 3966 88 24 9MB;d.
