4240 5920
1849 638 163 68 Mount
2045 638 195 68 Benger
2273 638 130 68 Mail

1945 759 97 22 JUST
2066 759 72 22 AND
2162 759 96 22 FEAR

1948 831 117 26 FRIDAY,
2080 830 128 22 OCTOBER
2221 829 19 26 9,
2257 829 55 21 1896.

1879 907 48 22 The
1941 908 74 21 Fusion
2034 909 16 20 is
2067 907 97 27 expected
2179 908 22 19 to
2217 906 53 20 close
2288 905 56 26 early
2358 907 51 19 next

1850 941 62 21 we<k.

1885 980 48 20 The
1943 981 33 18 rot
1980 988 9 12 e
1996 981 21 19 of
2024 980 57 21 £2.of
2083 981 13 19 0
2103 980 31 20 for
2140 979 35 20 the
2181 979 27 20 La
2212 985 14 12 v.
2230 977 180 26 rence-Roxhurgh

1854 1012 41 20 line
1908 1012 36 20 lins
1960 1012 22 20 If
1985 1019 25 14 en
2029 1013 67 20 tiiuck
2111 1014 37 18 out
2163 1011 21 20 of
2202 1010 36 21 the
2252 1010 72 21 Public
2339 1009 73 22 Works

1854 1043 116 24 Estimates.

1878 1085 52 21 The
1940 1087 89 19 contract
2041 1086 30 21 for
2092 1085 36 21 tire
2144 1084 85 25 -cartage
2238 1083 23 21 of
2274 1083 91 21 material
2381 1083 28 21 for

1854 1118 37 21 the
1902 1118 79 21 Millers
1990 1118 47 21 Flat
2053 1118 68 25 bridge
2192 1116 49 21 been
2252 1116 36 26 let,
2306 1116 41 21 and
2365 1115 18 22 it
2396 1116 17 21 is

1854 1152 97 26 expected
1965 1153 47 21 that
2022 1153 35 21 the
2073 1153 55 20 work
2147 1151 41 22 will
2242 1157 52 19 gone
2311 1158 26 14 on
2363 1151 49 22 with

1852 1188 116 21 forthwith.

1877 1226 46 21 'We
1932 1233 34 14 are
1976 1226 46 26 glad
2033 1229 21 19 to
2064 1227 55 21 ham
2130 1226 47 21 that
2186 1226 35 22 Mr
2230 1226 140 26 James'Craig
2377 1225 37 21 has

1856 1259 109 22 succeeded
1977 1260 20 21 in
2012 1261 82 26 putting
2104 1262 37 18 rut.
2149 1260 17 20 tl
2174 1268 11 12 e
2194 1261 36 20 fire
2239 1261 21 20 in
2274 1259 31 21 bis
2315 1259 38 26 pit,
2381 1259 33 21 He

1857 1292 85 21 blocked
1953 1292 35 21 the
2001 1294 32 24 pit
2047 1293 38 20 aid
2095 1292 78 21 flrodfd
2189 1292 23 24 it,
2226 1292 40 19 and
2274 1292 16 20 it
2299 1292 17 19 is
2325 1291 80 20 satisfac-

1855 1328 49 27 tory
1914 1329 22 20 to
1947 1327 42 22 find
2000 1327 47 21 that
2058 1326 31 23 his
2104 1327 71 22 {ffoits
2184 1332 54 16 were
2247 1325 118 23 successful.

1886 1370 82 23 MrW.
1988 1370 59 23 B/W
2148 1370 35 21 the
2204 1370 45 21 fiist
2266 1369 56 21 lamb
2340 1369 22 20 of
2379 1368 36 21 the

1856 1412 69 13 Beason
1942 1405 20 21 in
1984 1404 41 21 this
2041 1405 81 20 district
2141 1404 39 20 last
2191 1402 64 22 week.
2288 1402 44 22 The
2351 1401 65 22 lambs

1855 1438 130 26 slaughtered
2007 1445 50 15 were
2071 1440 41 19 two
2132 1437 82 22 months
2236 1437 42 26 old,
2299 1436 41 21 and
2363 1442 52 14 were

1855 1473 117 27 splendidly
1981 1482 75 19 grown,
2067 1474 86 27 turning
2162 1473 36 23 the
2207 1473 63 23 scales
2283 1474 22 21 at
2315 1471 47 24 251b
2371 1470 42 24 and

1854 1508 46 18 2filb
1909 1508 82 24 weight.

1886 1543 40 22 Wi
1937 1546 67 24 regret
2022 1546 22 20 to
2061 1544 54 22 ham
2133 1543 45 23 that
2195 1543 33 23 Mr
2247 1543 77 27 Heron,
2344 1543 21 21 of
2379 1541 36 23 the

1859 1579 137 23 Commercial
2009 1581 70 27 Hotel,
2095 1581 16 21 is
2127 1581 99 26 serious'y
2235 1580 31 27 ill,
2279 1579 40 22 and
2328 1579 32 21 his
2369 1585 34 15 con-

1859 1615 65 21 dition
1943 1616 17 20 is
1978 1616 49 21 such
2047 1624 21 13 as
2091 1618 22 19 to
2135 1622 60 15 cause
2213 1615 31 21 his
2262 1614 77 21 fiiends
2355 1620 60 19 grave

1856 1650 91 27 anxiety.
1976 1650 33 21 He
2019 1652 16 20 is
2049 1651 60 26 being
2117 1651 80 21 treated
2207 1650 26 27 by
2240 1649 31 22 Dr
2280 1649 82 26 Mullin,
2369 1647 46 22 who

1857 1684 17 21 is
1884 1685 19 20 in
1914 1687 95 19 constant
2017 1686 128 22 attendance.

1888 1724 37 21 MR
1935 1724 58 22 Ross
2000 1725 40 22 and
2050 1725 36 22 the
2094 1732 72 19 survey
2173 1725 67 26 party,
2251 1723 46 21 who
2303 1722 50 22 hare
2364 1721 51 22 been

1859 1758 71 28 laying
1939 1762 38 19 out
1989 1760 36 21 the
2034 1761 28 21 Hf
2068 1760 107 21 riot-Roxl
2182 1758 53 27 urgh
2245 1759 49 26 line,
2301 1757 114 27 completed

1859 1794 36 22 the
1913 1802 75 21 survey
2007 1804 25 14 on
2050 1797 106 26 Thursday
2175 1795 46 21 last.
2258 1795 34 20 Mr
2309 1794 52 20 Ross
2379 1792 37 21 has

1864 1828 97 22 returned
1970 1831 22 18 to
2002 1830 36 20 the
2047 1830 50 21 h«ad
2108 1837 6 12 <
2121 1830 44 20 ffice
2174 1830 20 19 in
2211 1828 104 25 DuneJin,
2330 1826 40 21 and
2385 1825 32 20 his

1857 1865 77 25 report
1946 1863 40 22 will
1998 1863 76 28 shortly
2087 1863 24 22 be
2121 1863 69 22 before
2200 1862 132 22 Parliament.

1890 1903 48 21 The
1949 1910 37 20 ope
1989 1903 47 26 ring
2046 1905 80 20 concert
2143 1903 22 21 of
2182 1902 36 21 the
2235 1899 113 28 Roxburgh
2367 1899 50 22 Glee

1865 1935 62 27 Club,
1939 1936 65 21 which
2015 1937 56 20 takes
2081 1936 56 26 place
2148 1937 50 19 next
2207 1934 108 26 Thursday
2323 1933 94 25 eveniDg,

1866 1970 97 27 promi«es
1973 1971 52 21 toVe
2035 1978 12 14 a
2057 1972 56 25 great
2124 1977 86 15 success.
2236 1969 44 21 The
2289 1973 128 22 programme

1864 2005 16 21 is
1894 2012 12 14 a
1917 2005 100 28 carefully
2028 2005 85 23 selected
2123 2012 40 14 one
2176 2005 22 21 of
2208 2004 86 28 popular
2303 2003 68 25 items,
2378 2002 39 21 and

1862 2038 36 20 the
1916 2038 65 21 whole
1991 2040 150 23 arrangements
2150 2045 34 13 are
2195 2040 53 18 most
2257 2036 108 26 complete.

1888 2076 38 20 Mb
1947 2077 144 21 Scfimgeotr
2109 2076 36 20 has
2163 2075 91 26 rfccnlly
2269 2075 45 19 sent
2332 2079 58 20 awsy
2407 2079 10 14 a

1865 2110 51 21 flock
1927 2110 22 21 of
1957 2118 12 13 a
1978 2111 100 21 thousand
2093 2111 30 20 fat
2133 2110 100 21 weathers
2250 2109 54 21 from
2323 2108 35 21 the
2371 2107 46 21 Moa

1865 2146 47 20 Flat
1923 2147 83 24 station,
2017 2147 48 26 tiny
2076 2146 75 25 having
2161 2145 49 21 been
2222 2143 111 28 purchased
2349 2143 26 26 by
2385 2143 32 20 Mr

1863 2181 108 20 M'Bichie
1984 2181 21 20 of
2010 2181 101 26 Tapanui.
2206 2186 53 14 were
2274 2177 98 22 intended
2386 2177 31 21 for

1864 2216 35 21 the
1918 2215 90 28 freezing
2025 2216 66 21 works
2106 2216 22 20 at
2141 2214 109 27 Bumside,
2274 2213 40 22 and
2330 2219 52 15 were
2397 2212 20 22 in

1859 2251 39 21 fine
1907 2251 110 23 condition.

1887 2290 37 22 Mr
1948 2291 93 21 Bvbton
2062 2291 78 26 rrports
2163 2289 75 26 having
2257 2288 49 22 held
2333 2293 11 15 a
2364 2286 53 22 most

1865 2325 110 22 successful
1986 2325 41 22 sale
2036 2326 21 20 of
2067 2326 31 21 Mr
2109 2325 55 21 Wm.
2177 2323 83 22 Smith's
2273 2322 92 22 freehold
2378 2321 39 21 and

1864 2359 60 21 other
1935 2361 98 24 property
2041 2366 24 14 en
2076 2359 101 26 Tuesday.
2204 2358 43 21 The
2253 2358 63 20 house
2323 2357 41 20 and
2369 2355 48 21 land

1862 2401 39 14 was
1919 2394 43 21 sold
1973 2395 22 20 to
2010 2394 41 21 Mrs
2062 2394 65 21 Lucas
2144 2395 22 20 at
2181 2400 10 14 a
2206 2392 129 26 satisfactory
2345 2392 71 26 figure,

1859 2428 41 22 and
1922 2428 36 22 the
1973 2429 92 27 personal
2084 2430 97 26 property
2196 2427 43 22 also
2255 2427 90 27 brought
2364 2425 51 28 good

1860 2463 71 27 price?.

1892 2503 48 21 The
1952 2504 89 25 meeting
2053 2503 47 21 held
2109 2503 40 21 last
2162 2502 86 26 evening
2257 2502 32 21 for
2298 2502 35 21 the
2343 2501 71 21 forma,

1862 2538 42 21 tion
1916 2537 22 21 of
1946 2545 11 14 %
1974 2538 57 21 Good
2050 2538 112 27 Templars'
2180 2537 68 27 Lodge
2264 2538 22 20 at
2304 2535 113 27 Roxburgh

1864 2581 40 14 was
1914 2573 61 26 fairly
1991 2574 45 21 well
2056 2573 104 28 attended,
2178 2573 41 22 and
2238 2573 32 21 Mr
2288 2573 23 21 T.
2327 2572 90 22 Andrew

1861 2609 101 27 presided.
1994 2609 153 27 Twenty-three
2165 2616 68 14 n«mes
2247 2615 53 14 were
2309 2607 107 27 appended

1859 2642 24 20 to
1897 2641 36 21 the
1951 2641 124 27 application
2090 2643 21 19 to
2129 2642 37 20 the
2184 2641 69 21 Grand
2272 2640 69 26 Lodge
2358 2640 33 20 for
2405 2646 12 14 a

1862 2674 82 22 charter
1954 2674 31 24 |<o
2003 2681 51 20 optn
2072 2681 12 14 a
2097 2674 50 22 local
2157 2673 66 27 lodge.
2249 2674 44 21 The
2302 2680 45 15 new
2358 2673 59 26 lodge

1858 2708 37 21 has
1917 2715 51 20 very
2006 2707 83 28 hopeful
2115 2708 112 27 prosptcts,
2252 2714 22 14 as
2296 2713 48 15 over
2370 2706 47 27 fifty

1862 2743 108 27 intending
1979 2742 100 23 members
2088 2742 54 22 have
2150 2742 82 22 handed
2240 2742 21 23 in
2271 2742 55 22 their
2339 2749 76 15 names.

1889 2783 48 21 Ode
1960 2782 108 21 Cromwell
2087 2782 159 26 correspondent
2262 2781 70 21 writes
2343 2781 74 21 :—The

1860 2817 61 22 value
1936 2816 22 23 of
1970 2818 97 26 property
2076 2816 17 21 is
2103 2816 62 25 rising
2182 2816 67 27 owing
2262 2816 22 21 to
2293 2815 35 22 the
2338 2815 78 26 mining

1860 2851 85 23 revival.
1985 2853 46 20 One
2061 2851 91 22 resident
2173 2851 77 21 affirms
2274 2850 47 22 that
2342 2850 17 21 it
2381 2849 36 21 has

1862 2886 107 23 increased
1978 2886 26 21 25
2014 2893 36 19 per
2059 2888 54 19 cent,
2119 2886 74 26 during
2199 2885 37 22 the
2242 2885 41 21 last
2288 2885 31 20 six
2326 2884 89 21 months.

1860 2920 59 22 —On
1944 2919 78 27 Friday
2042 2919 36 22 the
2095 2919 70 27 spring
2187 2926 46 14 race
2250 2918 90 26 meeting
2358 2917 59 21 takes

1862 2954 70 26 place;
1956 2953 99 22 Proba&o
2072 2953 41 20 and
2136 2952 74 25 Finlay
2231 2952 106 23 following
2354 2958 28 17 up
2396 2952 21 19 at

1864 2987 60 25 night
1940 2986 51 21 with
2001 2985 51 21 flieir
2065 2985 141 21 circus.—The
2220 2984 54 20 band
2283 2984 49 20 here
2339 2983 18 21 is
2365 2983 52 26 busy

1864 3019 111 27 practising
2090 3018 81 22 contest
2179 3017 66 22 under
2254 3016 36 23 the
2299 3015 107 24 conductor-

1861 3053 47 27 ship
1917 3053 22 22 of
1951 3053 34 21 Mr
1995 3053 137 26 M'vaughlin.

1890 3093 48 23 Thi
1947 3092 142 27 tailingsfrom
2098 3093 37 22 the
2152 3092 80 23 Golden
2248 3091 49 23 Run
2313 3090 104 27 Dredging

1865 3130 54 20 Co.'B
1944 3127 161 25 sluicinaJrmim
2126 3127 105 27 (formerly
2248 3127 75 21 known
2342 3133 22 14 as
2381 3125 36 22 the

1863 3164 18 21 I.
1888 3163 66 26 8.X.)
1963 3170 34 14 are
2007 3163 63 25 filling
2079 3169 29 19 up
2118 3161 36 22 the
2162 3161 35 21 old
2214 3161 39 21 bed
2271 3161 22 21 of
2309 3161 36 21 the
2354 3160 61 26 river,

1861 3199 84 25 causing
1959 3205 26 13 an
1998 3197 107 21 alteration
2115 3197 20 21 in
2146 3196 36 21 the
2196 3197 90 24 current,
2302 3195 67 21 which
2379 3194 37 21 has

1862 3232 38 21 the
1911 3233 61 20 effect
1981 3232 22 21 of
2011 3231 89 26 washing
2113 3237 58 16 away
2188 3230 36 21 the
2241 3229 93 28 opposite
2352 3229 62 21 bank.

1862 3265 82 22 Several
1963 3265 101 21 members
2073 3265 22 20 of
2104 3265 36 20 the
2149 3264 83 26 County
2245 3263 84 22 Council
2342 3263 74 21 visited

1863 3299 36 22 the
1914 3298 57 29 place
1983 3298 93 26 together
2086 3298 40 21 and
2142 3297 102 27 inspected
2254 3297 17 22 it
2279 3304 26 15 on
2314 3296 101 27 Tuesday,

1861 3342 23 13 so
1904 3335 47 21 that
1970 3334 97 27 probably
2085 3334 36 20 the
2134 3335 76 19 matter
2228 3333 41 21 will
2283 3332 26 22 be
2326 3332 90 27 brought

1862 3368 69 20 hefore
1951 3368 36 20 the
2008 3368 82 25 County
2114 3366 85 22 Cour.cil
2215 3368 22 19 at
2250 3366 54 21 their
2325 3366 91 26 meeting

1858 3401 78 21 to-dav.

1884 3441 48 21 The
1968 3441 90 25 Tapanui
2067 3439 85 22 Courier
2182 3439 36 21 has
2229 3439 36 21 the
2276 3438 136 27 following:—

1857 3474 71 20 James
1938 3473 76 25 Biding
2029 3473 15 20 is
2053 3472 106 26 definitely
2164 3472 84 20 severed
2263 3471 53 21 from
2325 3471 87 26 Clutha,

1857 3506 39 21 and
1907 3505 72 21 tacked
1990 3513 25 13 on
2025 3507 21 19 to
2063 3505 104 27 Tuapeka,
2177 3505 80 26 despite
2274 3504 37 21 the
2321 3505 91 25 protests

1855 3538 22 20 of
1887 3538 36 21 the
1933 3538 50 20 bulk
1993 3538 22 20 of
2025 3538 35 20 the
2071 3538 105 20 residents.
2215 3537 85 21 Herriot
2314 3537 43 21 will
2365 3544 46 13 now

1855 3570 24 22 he
1894 3571 20 20 in
1924 3570 99 26 Tuapeka
2040 3570 88 24 district,
2145 3570 40 20 and
2206 3569 33 21 Mr
2258 3569 24 22 T.
2293 3568 22 22 J.
2334 3568 78 22 Collins

1855 3605 42 22 will
1905 3605 52 21 have
1966 3612 12 14 a
1999 3603 75 23 chance
2091 3603 32 22 for
2131 3611 12 14 a
2164 3603 75 22 licence
2257 3603 67 27 again.
2358 3602 54 23 Tua«

1854 3638 68 25 peka's
1935 3644 50 18 very
1998 3638 67 19 astute
2080 3636 91 21 member
2194 3636 82 21 worked
2290 3636 42 20 this
2352 3636 56 20 little

1853 3676 106 16 severance
1975 3669 97 22 business.
2101 3668 21 22 It
2135 3669 17 21 is
2165 3675 12 15 a
2198 3669 76 21 matter
2292 3667 33 23 for
2342 3669 68 26 regret

1852 3705 48 21 that
1908 3704 114 23 Crookston
2032 3704 72 22 should
2113 3704 25 22 be
2151 3705 36 20 cut
2196 3705 44 26 out,
2254 3704 41 21 and
2309 3704 39 21 left
2358 3710 22 15 as
2394 3710 12 15 a

1852 3747 71 15 corner
1931 3740 22 21 of
1961 3740 103 27 Tuapeka,
2081 3747 21 14 as
2112 3740 18 21 it
2147 3739 98 27 virtually
2264 3739 144 22 disfranchises

1852 3775 36 20 the
1897 3774 72 26 people
1978 3775 64 21 there.

1877 3813 37 21 Mb
1925 3813 34 21 W.
1970 3812 67 27 Paul,
2051 3812 36 22 the
2096 3812 51 22 local
2153 3812 81 27 carrier,
2240 3812 41 22 lost
2290 3819 12 15 a
2311 3811 95 23 valuable

1853 3847 59 22 horse
1920 3855 27 14 on
1957 3848 35 21 the
2001 3847 48 22 road
2063 3848 92 21 between
2173 3848 49 21 here
2241 3847 40 22 and
2299 3847 109 22 Lawrence

1851 3881 40 22 last
1901 3882 63 22 week.
1990 3883 44 21 The
2043 3882 58 22 horse
2110 3890 41 14 was
2166 3882 66 27 yoked
2243 3882 21 21 in
2273 3882 37 21 the
2323 3888 83 20 waggon

1850 3919 23 20 at
1882 3917 36 22 the
1927 3918 57 25 time,
1997 3918 40 22 and
2053 3918 59 22 when
2126 3925 48 14 near
2189 3918 34 21 Mr
2238 3918 24 22 P.
2280 3918 95 26 Carsons,
2386 3918 22 20 at

1851 3953 37 21 the
1900 3953 60 21 other
1968 3953 43 22 side
2019 3953 22 22 of
2050 3954 35 21 the
2093 3954 38 26 Big
2137 3954 53 26 Hill,
2201 3954 18 21 it
2228 3953 83 22 became
2318 3952 89 22 affected

1850 3986 41 20 and
1900 3986 40 20 had
1955 3987 22 19 to
1990 3986 25 20 be
2029 3987 61 20 taken
2106 3988 38 19 out
2160 3986 23 21 of
2198 3986 36 21 the
2253 3993 91 19 waggon.
2370 3985 36 21 All

1850 4020 73 21 efforts
1931 4020 23 21 to
1962 4020 65 22 afford
2036 4027 40 21 any
2084 4020 60 22 relief
2155 4027 52 15 were
2225 4019 127 27 unavailing,
2362 4019 40 22 and

1851 4055 36 22 the
1893 4055 59 21 horse
1957 4055 46 22 died
2009 4062 26 15 an
2040 4056 52 22 hour
2098 4055 129 23 afterwards.
2251 4055 154 21 Inflammation

1853 4097 39 13 was
1906 4090 101 26 supposed
2016 4092 21 19 to
2045 4090 52 21 have
2106 4091 50 20 been
2167 4090 36 21 the
2208 4097 67 14 cause.
2311 4090 33 21 Mr
2352 4089 52 21 Paul

1853 4124 37 22 has
1910 4124 52 22 been
1980 4132 49 20 very
2057 4125 134 22 unfortunate
2220 4125 49 21 with
2288 4125 33 21 his
2339 4125 70 21 horses

1851 4163 71 27 lately,
1932 4163 42 22 this
1982 4163 61 28 being
2055 4164 36 22 the
2108 4163 75 23 second
2201 4164 47 22 that
2266 4163 27 22 he
2312 4163 37 22 has
2367 4163 41 21 lost

1851 4198 73 21 within
1933 4205 12 14 a
1954 4199 79 22 month.

1877 4238 38 21 Mr
1923 4238 67 26 Toms,
2001 4238 45 22 who
2056 4240 16 20 is
2081 4246 39 14 one
2131 4239 21 21 of
2163 4239 35 21 the
2204 4238 67 21 oldest
2280 4237 128 22 commercial

1852 4273 104 21 travellers
1968 4281 26 14 on
2003 4274 36 21 the
2049 4274 49 21 road
2107 4274 91 26 through
2217 4274 37 21 the
2269 4274 66 25 Otago
2349 4273 44 27 gold-

1851 4308 65 26 fields,
1926 4309 40 19 and
1976 4309 45 20 who
2038 4310 17 20 is
2072 4312 22 18 at
2107 4311 82 24 present
2202 4310 22 20 in
2237 4309 36 21 the
2284 4308 82 26 employ
2382 4308 23 20 of

1853 4340 74 22 Messrs
1940 4341 52 22 Ross
2004 4342 40 22 and
2055 4342 144 26 Glendinning,
2210 4342 37 21 has
2255 4341 76 22 retired
2345 4340 53 22 from

1851 4377 108 24 travelling
1969 4378 40 20 and
2019 4378 60 21 taken
2089 4386 28 18 up
2127 4386 11 12 a
2154 4378 87 26 position
2255 4378 21 20 in
2295 4377 36 21 the
2342 4384 50 13 ware-

1851 4410 70 21 house.
1950 4412 32 19 He
1992 4413 36 19 has
2037 4412 89 26 recently
2145 4412 63 21 taken
2220 4417 11 13 b
2250 4414 47 18 tour
2314 4411 91 25 through

1851 4445 42 21 this
1902 4446 80 21 district
1990 4448 22 19 to
2027 4444 104 25 introduce
2151 4447 32 20 his
2196 4454 108 17 successor,
2325 4447 40 20 and
2378 4447 27 20 be

1851 4480 96 21 obtained
1956 4488 12 14 a
1977 4488 48 20 very
2034 4482 72 26 hearty
2116 4482 103 26 reception
2227 4481 52 21 from
2290 4481 27 21 all
2327 4481 32 21 his
2368 4481 34 21 old

1852 4516 85 21 friends.
1963 4516 80 27 DuriDg
2051 4517 30 20 iiis
2091 4517 47 25 long
2145 4523 68 14 career
2222 4523 21 14 as
2252 4523 12 13 a
2274 4515 129 22 commercial

1853 4557 47 14 man
1910 4551 21 20 in
1938 4551 42 21 this
1988 4550 46 27 dift•
2042 4553 31 24 u.-fc,
2089 4552 33 20 Mr
2140 4552 61 20 Toms
2219 4551 36 19 lias
2271 4550 59 20 made
2340 4557 61 18 many

1853 4586 83 25 friends,
1947 4586 32 20 his
1989 4587 66 25 genial
2060 4587 39 20 and
2108 4586 116 25 altogether
2236 4585 174 21 unostentatious

1852 4627 85 14 manner
1949 4620 60 27 being
2018 4622 59 27 n;*.jh
2087 4619 137 28 appreciated.

1878 4658 20 20 A
1905 4663 46 15 SAD
1964 4659 91 20 accident
2066 4659 95 21 occurred
2175 4659 22 19 at
2208 4658 37 20 the
2255 4657 52 21 Blue
2318 4657 54 26 Spur
2385 4663 25 13 on

1854 4692 88 26 Monday
1964 4693 115 27 afternoon,
2103 4693 60 20 when
2170 4692 28 26 by
2208 4692 33 21 Mr
2253 4692 70 20 James
2333 4690 66 21 M'Far-

1852 4727 53 26 lane,
1914 4734 12 14 a
1937 4727 44 20 well
1993 4728 72 20 knew;.'
2079 4728 73 25 miner,
2175 4729 43 18 met
2234 4727 32 19 his
2283 4725 70 21 death.
2380 4725 33 21 He

1853 4768 40 15 was
1914 4762 22 22 at
1952 4762 54 22 work
2030 4763 22 22 in
2071 4762 36 23 the
2128 4762 89 26 Fidelity
2238 4760 53 23 Co.'s
2309 4760 67 27 claim,
2393 4760 20 22 in

1853 4798 65 20 which
1937 4798 26 20 he
1981 4798 47 21 held
2046 4807 25 13 a>i
2093 4799 93 24 interest,
2206 4797 59 20 when
2285 4803 12 13 a
2316 4796 56 26 piece
2393 4795 21 21 of

1853 4834 80 18 cement
1945 4833 35 19 fell
1998 4832 170 26 fremihetopof
2185 4831 35 20 Ihe
2236 4831 44 20 face
2295 4830 40 20 and
2344 4830 70 20 stmck

1853 4865 41 20 him
1920 4872 25 14 on
1973 4866 36 21 the
2029 4866 61 28 botjy,
2116 4864 101 25 knocking
2239 4863 42 20 him
2305 4869 48 13 over
2374 4862 39 20 and

1852 4898 100 26 breaking
1974 4899 76 21 several
2072 4899 21 22 of
2112 4898 34 21 his
2165 4897 48 21 lils.
2241 4896 44 21 The
2298 4895 116 20 immediate

1856 4939 59 13 cause
1926 4933 21 19 of
1959 4933 63 20 death
2034 4924 37 29 we*
2083 4930 115 23 attributed
2218 4930 26 25 by
2262 4930 30 20 Dr
2310 4929 68 20 Kicoll
2393 4930 21 18 to

1855 4966 89 21 internal
1959 4966 140 27 hcmonbtge,
2111 4965 101 25 suiting
2220 4964 52 19 from
2288 4963 35 19 Ihe
2338 4962 75 19 broken

1852 5000 47 21 ribs.
1929 5001 34 21 An
1984 5001 82 27 irquest
2085 5007 38 14 was
2140 4998 46 21 held
2198 5004 24 13 on
2234 4996 35 21 the
2280 4995 53 24 body
2345 4995 69 21 before

1857 5035 32 19 Mr
1907 5035 44 21 Jas.
1975 5032 113 29 Campbell,
2109 5034 57 25 J.P.,
2185 5032 58 20 *hen
2263 5038 11 12 a
2297 5030 78 19 verdict
2393 5030 19 19 in

1854 5068 123 20 accordance
1999 5068 51 20 with
2070 5068 40 23 .the
2134 5064 85 23 medical
2242 5063 111 25 testimony
2372 5068 41 14 was

1852 5099 320 28 relurned.—'Correspondent.)

1880 5138 132 21 Something
2034 5145 42 14 new
2095 5139 20 19 in
2132 5137 35 20 the
2186 5134 53 27 style
2266 5133 21 20 of
2304 5132 105 21 American

1851 5179 72 19 organs
1936 5180 46 18 may
1996 5172 26 21 be
2034 5180 45 14 seen
2090 5174 21 19 at
2123 5172 75 21 Messrs
2213 5169 60 21 Chas.
2294 5167 56 25 Begg
2368 5166 40 21 and

1852 5206 53 22 Co.'s
1914 5207 97 26 premises
2020 5207 20 19 in
2060 5207 35 19 the
2105 5205 62 25 shape
2176 5203 21 20 of
2211 5209 11 13 a
2239 5200 91 21 vocalion
2340 5206 61 18 organ

1852 5239 157 20 manufactured
2024 5238 29 27 by
2070 5240 72 19 Messrs
2153 5237 69 19 Mason
2245 5233 40 21 and
2302 5231 71 27 ftisch,
2387 5231 22 21 of

1851 5273 51 19 New
1918 5273 64 24 York,
1998 5271 120 25 (writes.the
2229 5266 61 25 Daily

1851 5306 43 21 The
1916 5312 60 20 organ
2005 5312 40 14 was
2074 5303 101 27 imported
2208 5299 96 27 specially
2322 5298 32 20 for
2372 5298 35 20 the

1853 5339 106 26 Anglician
1973 5339 86 21 Church
2072 5339 21 20 at
2114 5334 120 26 Roxburgh,
2253 5332 39 21 and
2314 5331 91 20 contains

1852 5374 22 20 11
1897 5376 40 17 se»6
1954 5373 22 20 of
1997 5373 57 20 reeds
2079 5373 6 25 (
2096 5372 57 20 three
2180 5369 51 24 16ft,
2251 5367 30 19 six
2301 5365 38 23 Bft,
2365 5365 39 20 and

1850 5409 42 21 two
1905 5408 46 26 4ft)
1961 5407 40 23 and
2016 5407 24 21 16
2057 5408 62 26 stops,
2139 5403 104 25 including
2254 5407 39 16 vo*
2307 5405 96 20 rjjmana,

1850 5443 51 24 bass,
1912 5442 40 20 and
1961 5441 65 20 treble
2038 5441 91 25 couplers
2140 5445 6 20 ;
2156 5438 42 20 also
2213 5435 39 21 full
2273 5440 62 19 organ
2352 5433 51 20 knee

1848 5478 54 25 stop,
1912 5477 41 20 and
1966 5477 53 19 knee
2037 5476 63 25 swell,
2121 5472 106 26 operating
2241 5468 56 22 swell
2314 5468 87 20 shutter-,
2413 5463 1 46 j

1848 5510 85 26 Though
1945 5517 11 13 a
1970 5510 47 20 reed
2028 5516 68 19 organ,
2107 5508 37 20 the
2157 5508 48 18 tone
2220 5505 16 19 is
2245 5501 96 22 identical
2352 5500 49 20 with

1847 5546 46 19 that
1902 5545 23 20 of
1941 5544 100 26 powerful
2063 5545 63 24 pipes.
2153 5541 44 20 The
2214 5545 45 14 case
2277 5537 16 20 is
2311 5536 20 20 of
2349 5534 52 21 solid

1847 5578 109 26 quartered
1968 5577 45 24 oak,
2026 5576 66 25 richly
2111 5572 87 23 finished
2210 5567 4 37 ;
2231 5571 35 20 the
2280 5567 122 23 dimensions

1847 5612 60 26 being
1916 5611 71 22 6ft2in
1994 5611 65 26 front,
2071 5610 30 22 9ft
2109 5609 32 21 Bin
2149 5607 57 26 high,
2215 5605 40 22 and
2266 5604 29 21 2ft
2302 5603 33 21 6iu
2342 5602 58 26 deep.

1846 5648 44 20 The
1903 5647 124 20 instrument
2036 5646 36 20 has
2085 5645 48 21 been
2148 5642 53 22 tried
2211 5640 39 22 and
2260 5637 103 28 approved
2377 5636 21 22 of

1846 5681 28 26 by
1890 5680 76 21 several
1989 5680 82 26 leading
2090 5678 98 27 organists
2217 5675 56 23 here,
2299 5672 46 20 who
2366 5678 34 13 are

1845 5714 105 26 delighted
1968 5713 49 21 with
2026 5714 36 20 the
2076 5711 99 29 powerful
2189 5710 44 23 .and
2250 5706 59 23 novel
2326 5706 72 21 effects

1845 5750 47 22 that
1899 5755 36 14 can
1943 5748 27 24 ,bs
1984 5748 94 21 obtained
2088 5747 49 22 with
2147 5746 22 23 it,

2500 229 182 41 Lawrence
2701 231 97 40 News
2819 231 114 40 Notes.

2572 313 63 25 (Own
2648 312 198 27 Cobkespoxdent)

2469 348 58 29 The
2541 351 101 33 county
2656 347 130 29 elections
2800 360 46 17 are
2857 349 86 37 likely
2958 353 28 24 to

2432 397 81 18 cause
2522 397 74 19 some
2610 387 50 28 stir
2668 387 28 28 in
2705 397 16 18 a
2730 387 52 28 few
2795 388 103 28 week's
2911 389 75 28 time.

2432 427 47 28 Mr
2492 427 58 29 Jas.
2565 427 117 35 Bennet,
2698 427 48 28 the
2767 427 109 39 County
2891 428 80 29 Chair-

2432 477 74 25 man,
2518 467 23 28 is
2555 469 29 26 to
2597 467 34 28 be
2641 467 122 37 opposed
2777 468 44 27 for
2834 468 154 29 Beaumont

2433 507 186 37 ridingbyMr
2629 506 32 29 C.
2670 506 29 29 C.
2712 506 277 36 Rawlins,whoisnot

2436 546 141 29 unknown
2595 546 28 28 in
2640 557 69 28 your
2727 550 75 36 parts
2815 546 4 40 :
2841 551 29 24 at
2883 548 68 29 least
2969 548 23 28 if

2435 587 36 28 he
2481 587 23 28 is
2523 590 50 25 not
2593 587 101 28 known
2716 590 28 25 to
2765 589 158 37 everybody
2943 589 47 28 the

2436 626 71 28 fault
2519 626 25 28 is
2557 629 50 26 not
2621 626 31 28 C.
2669 626 63 35 C's;
2755 627 43 27 for
2810 627 35 28 he
2868 628 122 38 delights

2436 669 29 26 to
2487 666 60 29 talk
2569 667 54 28 and
2656 665 80 30 make
2759 666 112 31 himself
2896 667 94 29 heard.

2436 706 58 28 The
2504 708 185 27 constituents
2698 707 29 28 of
2735 707 150 28 Beaumont
2897 708 94 36 riding

2436 746 136 37 however,
2592 746 82 30 know
2695 746 79 29 when
2796 747 66 37 they
2884 746 70 29 have
2976 758 16 17 a

2438 787 74 38 good
2525 798 74 24 man,
2612 788 54 27 and
2680 798 52 26 you
2748 797 48 18 can
2812 787 58 34 rely
2883 796 74 28 upon
2970 787 23 27 it

2439 826 61 29 that
2513 826 46 30 Mr
2569 827 109 29 Bennet
2697 826 55 28 will
2772 826 82 36 again
2877 826 35 28 be
2934 825 60 29 that

2440 867 118 39 riding's
2599 867 226 39 representative.
2874 866 46 28 Mr
2964 865 28 29 S.

2441 908 98 36 Henry
2551 908 25 29 is
2587 910 29 26 to
2631 908 33 28 be
2678 906 122 38 opposed
2814 906 43 28 for
2880 906 115 28 Browns

2441 947 95 37 riding
2557 947 38 39 by
2616 946 46 30 Mr
2689 946 87 38 Hugh
2812 944 143 37 Cameron,
2980 955 16 18 a

2442 998 95 27 young
2549 997 64 19 man
2635 986 29 30 of
2686 986 188 29 considerable
2899 984 95 30 talent.

2443 1026 58 30 The
2524 1029 113 37 present
2657 1025 132 35 member,
2816 1024 135 35 however,
2972 1023 23 29 is

2442 1071 94 35 pretty
2549 1067 89 37 heavy
2652 1065 81 30 metal
2747 1065 54 29 and
2815 1064 23 30 is
2849 1069 48 24 not
2910 1064 84 37 likely

2442 1111 29 25 to
2485 1107 65 38 give
2563 1116 38 29 up
2621 1107 43 28 his
2685 1109 58 25 seat
2763 1108 29 26 at
2814 1104 48 30 the
2883 1104 112 30 Council

2443 1144 74 32 table
2529 1147 118 29 without
2660 1156 16 19 a
2685 1146 71 28 hard
2767 1145 134 38 struggle.
2942 1143 55 29 For

2444 1186 125 30 Gabriels
2582 1187 93 36 riding
2689 1186 47 28 the
2755 1185 99 38 sitting
2874 1184 124 28 member

2447 1226 57 30 (Mr
2516 1225 75 29 John
2609 1225 133 36 Michael)
2757 1224 55 28 will
2824 1224 72 28 Lave
2910 1223 46 29 Mr
2965 1223 31 28 J.

2445 1264 36 30 K.
2494 1264 138 37 Simpson,
2639 1264 234 29 the-well-known
2880 1263 117 33 'brewer,

2444 1313 30 19 as
2487 1313 35 19 an
2536 1306 149 35 opponent
2726 1303 73 27 John
2824 1302 68 27 feels
2915 1302 70 27 confi-

2444 1343 67 28 dent
2525 1343 62 27 that
2597 1343 47 26 the
2655 1346 81 30 great
2748 1342 66 26 bulk
2827 1341 29 27 of
2867 1341 46 27 the
2923 1345 60 22 rate-

2443 1391 101 30 payers
2558 1381 54 29 will
2626 1379 69 40 rally
2718 1380 87 29 round
2829 1379 42 29 his
2892 1379 106 29 colours

2443 1432 35 18 on
2492 1423 115 27 election
2619 1422 57 34 -day
2699 1421 54 26 and
2773 1419 138 38 probably
2931 1419 66 36 they

2444 1461 53 31 will
2507 1461 65 41 give
2582 1460 46 31 Mr
2636 1460 131 39 Simpson
2781 1459 108 30 further
2898 1468 83 30 oppor-

2443 1504 93 33 tunity
2562 1503 29 26 of
2610 1502 145 35 acquiring
2780 1500 165 35 knowledge
2969 1499 28 26 of

2443 1539 48 30 the
2501 1539 155 30 intricacies
2676 1538 29 29 of
2725 1537 68 30 local
2813 1538 184 38 government

2443 1580 96 30 before
2551 1579 120 38 electing
2681 1578 56 29 him
2758 1590 30 17 as
2810 1577 72 29 their
2905 1587 76 28 repre-

2445 1620 145 29 sentative.
2629 1620 41 27 At
2693 1618 123 38 Waipori
2837 1617 47 28 Mr
2903 1617 31 28 F.
2949 1616 47 28 W.

2445 1659 120 37 Knight,
2578 1659 48 28 the
2643 1662 113 35 present
2776 1657 132 32 member,
2930 1657 23 27 is
2969 1660 28 24 to

2443 1699 82 38 again
2555 1702 73 25 meet
2666 1698 47 28 Mr
2747 1696 105 29 Robert
2886 1696 111 28 Cotton.

2444 1739 116 39 Victory
2574 1738 98 30 should
2690 1740 57 27 rest
2759 1736 67 29 with
2837 1736 47 29 the
2897 1737 103 28 former

2444 1779 169 37 gentleman.
2652 1778 47 29 Mr
2707 1776 127 30 Oudaille
2842 1776 55 28 will
2906 1776 69 28 have
2984 1786 16 18 a

2445 1819 68 28 hard
2527 1818 73 38 fight
2614 1821 28 25 to
2655 1818 66 28 hold
2735 1817 42 28 his
2792 1819 58 26 seat
2870 1826 31 18 as
2926 1815 55 29 Wai-

2446 1858 127 31 tahuna's
2607 1856 226 41 representative,
2871 1855 51 29 but
2954 1855 48 29 the

2447 1899 130 39 majority
2591 1899 29 29 of
2642 1899 47 28 the
2711 1901 158 35 ratepayers
2887 1907 46 18 are
2954 1901 49 23 not

2447 1939 87 37 likely
2556 1942 30 25 to
2598 1939 96 37 forget
2718 1938 43 27 his
2787 1943 62 32 past
2874 1936 128 28 services.

2449 1979 47 30 Mr
2508 1978 161 30 Alexander
2690 1977 99 29 Fraser
2810 1976 75 29 talks
2903 1976 29 29 of
2954 1985 32 29 op-

2449 2019 102 39 posing
2583 2019 46 28 Mr
2659 2018 47 29 W.
2743 2017 184 37 Livingstone
2960 2016 43 28 for

2450 2059 101 29 Clarks
2560 2059 112 37 riding;
2694 2058 51 28 but
2753 2058 23 27 if
2794 2067 39 24 so,
2860 2056 14 28 I
2894 2066 45 18 am
2962 2055 28 28 in-

2449 2099 92 30 clined
2555 2102 28 26 to
2597 2098 82 29 think
2694 2098 42 29 his
2749 2098 118 28 chances
2890 2096 30 29 of
2932 2095 57 29 elec-

2447 2140 58 29 tion
2528 2149 50 19 -are
2604 2139 154 37 exceeding
2792 2140 114 26 remote.
2958 2136 45 29 Mr

2446 2179 87 30 Cbas.
2555 2179 91 28 Kerse
2667 2179 35 28 -of
2726 2178 156 34 Dunrdbin.,
2905 2187 26 17 is
2951 2186 34 18 an-

2447 2218 126 31 nounced
2588 2228 29 19 as
2638 2229 16 18 a
2674 2218 147 29 candidate
2845 2217 45 29 for
2904 2216 98 29 James

2447 2260 94 38 riding
2553 2259 111 38 against
2677 2258 46 29 Mr
2742 2258 75 29 John
2845 2257 69 29 Edie
2922 2268 10 23 *,
2955 2256 48 29 the

2446 2300 83 30 letter
2541 2299 24 30 is
2577 2310 18 18 a
2616 2299 68 30 hard
2709 2310 63 18 man
2800 2302 29 25 to
2851 2298 74 36 beat,
2948 2296 54 30 and

2447 2341 48 28 the
2518 2340 89 29 sound
2632 2339 132 39 practical
2791 2339 77 28 work
2892 2338 37 28 he
2953 2338 49 27 has

2447 2379 71 30 done
2531 2379 29 29 in
2576 2379 43 28 his
2633 2379 94 39 riding
2748 2378 102 38 during
2867 2378 43 28 his
2930 2380 70 25 term

2445 2421 30 28 of
2487 2421 78 28 office
2577 2419 100 30 should
2690 2419 49 30 tell
2762 2419 28 29 in
2803 2419 42 28 his
2857 2418 106 29 favour.

2482 2461 55 28 We
2546 2470 47 19 are
2615 2463 29 26 to
2666 2460 70 29 have
2758 2470 16 18 a
2794 2458 101 29 second
2916 2467 86 29 paper

2445 2502 66 27 here
2519 2500 115 38 shortly.
2674 2500 47 28 Mr
2730 2499 75 29 John
2821 2496 180 35 Weatherall,

2445 2541 55 29 late
2513 2540 30 30 of
2555 2541 48 29 the
2617 2540 102 29 Mount
2746 2540 114 28 Benger
2883 2538 85 35 Mail,
2979 2536 23 29 is

2445 2582 117 39 making
2573 2584 211 35 arrangements
2804 2580 44 29 for
2868 2578 134 38 bringing

2445 2626 49 25 out
2519 2632 16 18 a
2568 2622 107 35 weekly
2700 2632 86 27 paper
2817 2621 29 26 in
2872 2620 48 28 the
2942 2623 60 24 true

2445 2661 97 30 liberal
2554 2662 139 28 interests.
2733 2661 30 28 If
2787 2660 36 29 all
2845 2669 53 19 one
2923 2658 79 30 hears

2446 2712 51 19 can
2521 2702 37 29 be
2582 2701 87 30 relied
2695 2711 47 25 on,
2770 2700 48 29 the

2445 2742 140 31 Recorder
2632 2741 87 30 which
2734 2741 24 30 is
2770 2743 30 28 to
2813 2740 35 30 be
2862 2740 47 29 the
2922 2749 80 20 name

2446 2783 30 29 of
2487 2783 48 28 the
2548 2792 61 19 new
2623 2782 124 38 aspirant
2760 2782 45 28 for
2820 2781 96 36 public
2938 2790 48 28 sup-

2447 2825 72 37 port,
2535 2822 54 29 will
2603 2822 35 29 be
2660 2832 18 18 a
2700 2831 86 30 paper
2805 2821 29 28 in
2855 2830 84 29 eveiy
2960 2830 28 19 re-

2448 2865 78 33 spect
2539 2862 109 38 worthy
2661 2862 31 29 of
2703 2862 48 29 the
2773 2861 110 29 district
2944 2861 29 28 in
2986 2871 16 18 a

2446 2902 87 36 word,
2575 2912 17 19 a
2605 2902 55 29 real
2674 2902 54 30 live

2483 2943 15 28 I
2511 2943 66 28 hear
2589 2943 62 28 that
2663 2943 43 28 Dr
2725 2942 125 29 Withers
2870 2943 23 27 is
2916 2942 84 36 likely

2446 2983 30 27 to
2489 2984 96 26 return
2598 2983 30 27 to
2641 2980 149 30 Lawrence
2803 2980 28 28 in
2844 2980 48 29 the
2905 2990 95 19 course

2445 3021 30 29 of
2492 3031 17 18 a
2530 3020 54 30 few
2606 3020 122 29 months.
2775 3021 27 27 A
2827 3023 94 35 report
2945 3030 55 18 was

2445 3060 149 30 circulated
2619 3060 66 29 here
2709 3070 17 18 a
2751 3059 54 29 few
2829 3058 92 31 weeks
2946 3069 54 29 ago

2445 3101 62 29 that
2519 3101 48 29 the
2580 3100 92 40 genial
2685 3100 96 30 docter
2793 3100 55 29 had
2869 3100 80 29 made
2962 3110 37 28 up

2446 3142 42 27 his
2508 3141 78 28 mind
2607 3144 30 25 to
2660 3144 61 34 stay
2740 3140 30 28 in
2794 3140 133 34 London;
2947 3139 53 28 but

2444 3181 56 29 this
2521 3190 56 19 was
2602 3190 17 18 a
2644 3180 127 29 mistake.
2811 3179 58 29 The
2894 3178 105 36 doctor,

2445 3219 196 39 accompanied
2655 3219 38 38 by
2707 3219 59 28 Mrs
2790 3218 131 35 Withers,
2943 3228 56 18 was

2445 3270 36 18 on
2507 3259 48 29 the
2577 3259 80 38 point
2681 3258 29 29 of
2732 3258 147 37 returning
2900 3261 30 26 to
2951 3258 48 28 the

2443 3299 109 40 colony,
2586 3298 80 30 when
2691 3309 75 19 news
2799 3298 115 30 reached
2940 3298 56 28 him

2443 3340 62 29 that
2540 3350 52 19 one
2626 3339 30 30 of
2690 3340 129 29 relatives
2841 3349 56 19 was
2919 3339 79 38 lying

2443 3378 186 41 dangerously
2642 3379 46 29 ill:
2704 3380 86 28 hence
2812 3379 48 29 the
2878 3378 118 30 doctor's

2443 3420 170 30 non-arrival
2624 3420 66 28 here
2700 3419 53 29 last
2763 3419 106 29 month.
2910 3418 86 29 Word

2441 3460 24 28 is
2479 3459 136 38 expected
2627 3460 72 28 from
2713 3459 57 28 him
2793 3469 54 27 any
2861 3459 54 38 day
2937 3458 60 30 that

2442 3499 36 28 he
2485 3499 50 28 has
2546 3499 51 28 left
2606 3498 44 29 for
2659 3498 69 29 New
2740 3498 144 29 Zealand's
2893 3498 103 29 shores.

2479 3540 27 27 A
2519 3542 81 33 great
2613 3539 61 27 deal
2695 3539 31 27 of
2746 3539 48 27 the
2815 3539 182 37 profoundest

2443 3578 148 41 sympathy
2605 3577 24 29 is
2641 3577 52 30 felt
2702 3578 173 41 throughout
2884 3578 48 30 the
2942 3577 42 30 dis-

2441 3620 65 28 trict
2518 3620 45 28 for
2575 3620 48 27 Mr
2635 3619 82 28 Alex.
2732 3619 100 29 Fraser
2851 3620 146 36 (Bogroy),

2441 3658 61 30 who
2514 3668 56 20 was
2584 3668 17 19 a
2613 3657 146 30 candidate
2772 3658 45 29 for
2828 3657 133 40 Tuapeka
2968 3661 29 25 at

2439 3699 49 29 the
2509 3699 55 29 last
2588 3699 112 40 general
2714 3697 126 38 election,
2854 3699 93 38 owing
2968 3702 29 26 to

2439 3740 48 30 the
2495 3743 166 33 outrageous
2667 3742 149 26 treatment
2825 3740 34 28 he
2871 3739 123 29 received

2438 3782 29 26 at
2480 3780 48 28 the
2536 3779 89 28 hands
2636 3779 30 27 of
2674 3779 48 27 the
2732 3779 87 28 Stock
2831 3779 165 28 Committee

2438 3819 149 39 appointed
2603 3819 38 38 by
2654 3818 48 29 the
2721 3818 96 30 House
2836 3819 30 29 of
2891 3818 87 39 Repre-

2438 3860 151 29 sentatives
2608 3864 30 24 to
2657 3859 84 38 bring
2755 3869 36 28 up
2812 3869 17 18 a
2851 3863 95 34 report
2958 3869 35 18 on

2438 3899 48 30 the
2504 3899 94 30 rabbit
2619 3899 131 29 nuisance
2772 3898 137 39 question.
2949 3899 46 29 Mr

2441 3940 108 35 Fraser,
2562 3940 62 29 who
2638 3940 23 28 is
2674 3949 16 19 a
2711 3939 90 29 model
2815 3939 111 36 farmer,
2941 3949 54 19 was

2439 3980 87 28 called
2540 3980 96 28 before
2648 3979 48 27 the
2710 3978 165 29 Committee
2888 3982 29 25 to
2931 3979 64 38 give

2439 4019 42 29 his
2494 4019 85 29 views
2591 4029 35 19 on
2641 4018 47 28 the
2699 4017 62 29 best
2772 4018 111 29 method
2897 4018 30 29 of
2939 4018 42 29 rid-

2438 4060 69 38 ding
2521 4060 47 28 the
2582 4059 97 36 colony
2692 4058 118 38 entirely
2829 4059 30 28 of
2871 4059 47 28 the
2931 4060 47 27 rab-

2438 4100 64 28 bits.
2571 4099 15 28 I
2599 4098 91 29 would
2704 4098 67 28 send
2780 4098 37 28 all
2831 4099 48 28 the
2886 4099 93 37 inspec-

2438 4142 57 26 tors
2516 4139 56 28 ai:d
2592 4139 74 28 their
2688 4142 101 34 agents
2815 4139 85 28 abont
2923 4139 72 28 their

2606 4179 46 28 Mr
2662 4179 99 28 Fraser
2769 4178 69 35 said,
2876 4179 118 28 because

2438 4219 66 38 they
2517 4229 70 18 area
2600 4219 102 38 bigger
2714 4221 63 35 pest
2790 4218 67 28 than
2871 4219 47 28 the
2930 4219 48 28 rab-

2438 4259 56 29 bits
2514 4259 175 29 themselves.
2730 4257 14 29 I
2758 4258 90 29 would
2862 4259 64 38 give
2947 4259 47 29 the

2438 4309 100 28 money
2561 4299 77 28 these
2664 4309 63 18 men
2759 4298 106 29 receive
2890 4302 30 25 to
2947 4299 47 28 the

2439 4339 110 30 settlers
2561 4339 38 38 by
2619 4349 60 28 way
2700 4338 30 30 of
2756 4338 176 40 bonus—say
2958 4339 36 29 3d

2438 4381 44 27 for
2494 4380 50 37 big
2557 4380 77 28 skins
2648 4380 54 27 and
2717 4380 35 27 2d
2766 4379 44 28 for
2833 4379 72 28 little
2929 4390 65 18 ones

2438 4419 36 28 all
2485 4419 48 29 the
2544 4428 66 29 year
2619 4419 87 29 round
2719 4430 6 23 ;
2737 4418 54 28 and
2803 4418 14 27 I
2951 4419 45 28 Mr

2439 4459 100 28 Fraser
2551 4469 55 18 was
2620 4463 49 25 not
2681 4458 115 29 allowed
2822 4461 28 25 to
2878 4459 116 36 proceed

2439 4499 117 29 further.
2598 4499 59 28 One
2671 4499 29 28 of
2713 4498 46 28 the
2773 4498 220 29 committeemen

2439 4538 87 28 asked
2540 4538 90 27 where
2643 4538 46 27 Mr
2702 4537 98 27 Fraser
2826 4547 76 17 came
2924 4538 71 27 from

2439 4577 54 27 and
2507 4578 62 27 who
2584 4588 54 17 was
2653 4576 171 38 responsible
2838 4576 43 27 for
2893 4576 42 28 his
2946 4586 32 28 ap-

2439 4626 136 28 pearance
2606 4616 95 28 before
2734 4615 46 28 the
2807 4615 164 29 Committee
2984 4615 10 29 ?

2441 4656 57 27 The
2521 4656 41 27 fat
2587 4666 56 17 was
2664 4659 29 24 at
2718 4664 67 19 once
2811 4655 28 27 in
2865 4655 47 28 the
2938 4656 57 27 lire.

2445 4694 83 29 Some
2542 4705 53 19 one
2608 4695 99 28 moved
2731 4694 60 28 that
2812 4704 72 18 none
2906 4695 28 28 of
2955 4695 42 27 his

2445 4735 131 28 evidence
2598 4735 35 27 be
2661 4734 111 37 printed
2798 4734 54 27 and
2953 4734 44 27 Mr

2445 4775 98 28 Fraser
2557 4774 107 29 walked
2678 4779 49 24 out
2744 4773 30 29 of
2793 4774 46 28 the
2853 4784 74 18 room
2942 4774 54 28 and

2445 4815 64 27 took
2525 4815 48 27 the
2586 4818 67 23 next
2674 4815 65 26 boat
2762 4813 43 27 for
2830 4814 46 26 the
2899 4813 95 28 South.

2445 4854 28 26 If
2485 4853 47 27 Mr
2545 4853 124 27 Larnach
2684 4854 22 26 is
2721 4852 169 37 responsible
2904 4852 44 27 for
2960 4852 36 26 all

2443 4893 55 29 this
2499 4893 59 28 —if
2572 4893 33 29 he
2620 4892 87 29 called
2733 4892 45 28 Mr
2791 4891 98 29 Fraser
2902 4891 94 28 before

2443 4933 48 27 the
2523 4933 164 28 Committee
2713 4932 53 28 and
2799 4931 197 37 subsequently

2443 4971 114 29 allowed
2570 4972 55 28 him
2637 4975 28 24 to
2674 4972 35 27 be
2718 4981 29 17 so
2762 4970 118 37 scurvily
2891 4970 105 28 treated

2441 5011 114 35 —then,
2568 5011 106 30 believe
2688 5022 52 23 me,
2754 5010 86 30 we've
2863 5021 15 18 a
2898 5010 49 29 rod
2968 5010 27 29 in

2441 5051 92 40 pickle
2542 5052 43 28 for
2598 5052 55 28 him
2667 5052 77 28 when
2755 5052 34 27 he
2799 5061 89 18 comes
2902 5051 94 27 before

2443 5091 47 28 the
2504 5092 124 29 electors.
2668 5092 46 27 Mr
2737 5091 99 28 Fraser
2849 5090 49 28 has
2911 5090 82 28 taken

2439 5141 16 17 a
2468 5131 49 38 big
2530 5132 65 27 oath
2608 5132 61 27 that
2690 5132 35 27 he
2750 5131 53 27 will
2817 5131 69 27 have
2906 5140 88 18 seme-

2427 5165 1 44 I
2439 5170 100 39 body's
2554 5172 83 37 scalp,
2652 5171 54 29 and
2719 5181 40 19 we
2784 5170 35 28 all
2839 5170 81 28 know
2935 5169 58 29 he's

2437 5220 16 17 a
2464 5211 113 28 terrible
2591 5221 62 19 man
2666 5212 78 27 when
2756 5221 35 17 on
2801 5210 47 28 the
2859 5210 131 37 warpath.

2436 5249 132 38 Revenge
2591 5250 67 28 he'll
2681 5251 78 33 have,
2774 5250 54 28 and
2843 5249 14 29 I
2871 5249 120 27 shudder

2434 5292 30 24 at
2477 5289 47 27 the
2535 5289 120 36 thought
2668 5289 29 27 of
2710 5289 47 27 the
2770 5297 201 28 consequences
2982 5287 5 28 !

2471 5327 103 29 Messrs
2599 5329 117 27 Browne
2742 5328 54 28 and
2830 5327 156 36 Thompson

2432 5367 70 27 have
2515 5367 69 29 been
2598 5367 121 36 deputed
2733 5368 37 35 by
2793 5367 47 27 the
2857 5366 128 36 Borough

2436 5404 113 32 Council
2562 5409 29 26 to
2601 5406 65 29 visit
2688 5406 145 28 Balclutha
2846 5405 54 29 and
2915 5405 71 28 Gore

2431 5445 55 29 and
2504 5449 94 35 report
2608 5456 37 18 on
2660 5447 47 27 the
2721 5446 104 27 Watt's
2839 5454 84 19 water
2935 5455 49 28 gas

2431 5485 55 28 and
2495 5485 108 28 electric
2613 5485 35 37 lig
2655 5485 231 39 Irrespectively.
2926 5484 59 28 The

2431 5524 113 29 citizens
2554 5524 69 28 have
2636 5524 54 28 had
2699 5535 15 17 a
2725 5524 130 40 practical
2864 5524 105 29 illustra-

2429 5564 59 27 tion
2502 5563 30 28 of
2544 5564 47 27 Mr
2603 5564 103 28 Watt's
2719 5575 50 27 gas
2782 5574 30 17 as
2825 5574 35 17 an
2882 5563 86 28 iliumi-

2429 5605 76 33 nant,
2531 5602 55 28 and
2611 5602 57 30 also
2699 5604 36 27 its
2761 5603 154 28 usefulness
2939 5602 44 29 for

2429 5642 179 38 cookingand
2615 5643 216 29 otherdomestic
2839 5653 140 28 purposes.

2464 5682 41 28 As
2515 5682 47 28 Mr
2576 5682 30 29 F.
2622 5682 99 29 Vivian
2734 5693 56 18 was
2803 5684 111 36 leaving
2933 5682 47 29 the

2428 5722 195 36 Presbyterian
2650 5722 109 31 Church
2787 5723 53 28 last
2866 5722 113 36 Sunday

3015 233 86 35 week,
3112 233 156 28 he-noticed
3278 231 96 28 smoke
3384 228 108 36 issuing
3500 227 70 27 from

3015 274 124 29 Herbert
3163 273 56 29 and
3247 270 75 31 Co.'s
3352 268 69 40 yard
3447 267 25 28 in
3502 266 70 29 Eoss

3015 315 90 28 Place.
3146 313 44 29 He
3216 311 88 30 called
3332 309 160 34 assistance,
3518 306 54 29 and

3015 354 160 29 discovered
3196 354 61 27 that
3280 360 74 19 some
3368 352 82 26 straw
3467 358 36 18 on
3525 346 48 28 the

3015 403 114 19 manure
3144 393 80 38 heap,
3239 401 67 19 near
3330 390 48 29 the
3392 388 112 35 stables,
3517 395 55 19 was

3015 434 103 29 ablaze.
3158 433 59 29 The
3236 433 48 28 fire
3297 440 56 19 was
3367 426 205 40 extinguished,

3019 474 48 28 but
3080 474 54 29 had
3148 473 22 29 it
3182 476 50 29 not
3246 473 70 28 been
3327 480 64 19 seen
3402 472 29 26 at
3444 468 48 30 the
3504 467 68 30 time

3015 514 22 28 it
3050 515 91 28 would
3149 515 70 27 have
3230 511 99 30 caused
3341 510 104 29 serious
3454 509 116 36 damage

3017 565 30 18 as
3061 554 47 29 the
3121 555 94 28 flames
3226 562 69 19 were
3309 550 123 38 burning
3445 547 126 39 strongly

3017 595 55 27 and
3086 595 77 27 there
3186 604 55 17 was
3268 604 15 17 a
3308 593 71 35 heap
3405 590 30 28 of
3456 589 116 29 rubbish

3018 633 124 28 between
3167 633 47 28 the
3238 633 50 28 fire
3313 631 54 28 and
3399 629 48 29 the
3472 629 102 28 stables

3021 673 98 34 which,
3132 674 21 28 if
3163 673 115 39 ignited,
3287 670 92 30 would
3389 670 70 30 have
3473 668 103 40 caught

3020 713 47 28 the
3081 713 111 35 stables,
3207 713 54 28 and
3282 713 66 27 then
3375 711 134 37 probably
3529 709 47 28 the

3021 753 87 29 whole
3123 753 28 29 of
3165 755 47 28 tlie
3226 752 144 38 buildings
3396 750 90 31 would
3508 750 69 28 have

3020 793 69 28 been
3104 793 157 38 destroyed.

3061 832 58 30 The
3134 834 118 38 Cycling
3268 832 71 29 Club
3353 832 71 30 have
3450 832 73 29 fixed
3544 842 33 18 on

3024 873 47 28 tlie
3087 874 64 28 14th
3167 874 106 29 instant
3298 873 44 28 for
3367 873 72 29 their
3459 872 122 39 opening

3025 922 60 19 run.
3126 913 58 29 The
3199 914 63 27 club
3276 922 61 18 new
3351 913 132 28 numbers
3497 913 84 28 about

3022 953 76 39 forty
3108 952 199 36 members,the
3316 952 127 39 majority
3453 953 29 28 of
3492 953 88 28 whom

3024 1002 46 18 are
3084 993 89 39 going
3187 993 44 28 for
3284 993 69 28 New
3374 992 105 39 Rapids
3527 992 54 28 this

3025 1041 105 21 season.
3170 1033 26 28 A
3210 1032 118 29 number
3341 1032 30 30 of
3388 1043 96 30 young
3497 1032 84 29 ladies

3019 1082 50 19 are
3081 1073 126 38 learning
3221 1077 29 25 to
3263 1072 86 39 cycle.

3065 1113 57 29 The
3131 1113 216 39 improvements
3360 1113 89 29 which
3460 1113 48 30 the
3521 1123 60 19 new

3022 1153 174 39 proprietary
3210 1152 70 30 have
3295 1152 110 40 already
3415 1152 115 31 effected
3551 1153 28 29 in

3027 1193 47 29 the
3091 1193 70 38 style
3184 1193 53 28 and
3252 1196 49 34 get
3323 1203 38 29 up
3384 1193 29 30 of
3435 1193 47 30 the
3503 1193 78 30 Mail

3027 1233 69 28 have
3106 1233 70 28 been
3191 1232 47 29 the
3258 1233 92 29 theme
3370 1233 30 30 of
3421 1232 160 31 favourable

3029 1276 138 24 comment
3189 1273 26 27 in
3243 1272 157 29 Lawrence.
3450 1273 57 28 The
3524 1273 56 27 lost

3028 1312 73 27 fpsue
3114 1310 30 29 of
3156 1320 69 28 your
3236 1310 108 37 journal
3367 1322 57 18 was
3447 1311 132 34 certainly

3030 1361 15 16 a
3059 1350 411 37 very'ciTditnbleproduction,
3480 1350 87 28 afford-

3029 1389 49 38 ing
3091 1388 74 30 etear
3180 1388 135 30 -evidence
3339 1388 61 30 that
3424 1389 23 29 it
3471 1389 23 29 is
3520 1399 61 19 now

3029 1428 153 29 controlled
3192 1428 37 37 by
3239 1428 114 38 capable
3360 1428 97 29 hands.
3503 1428 78 29 Your

3029 1480 82 27 many
3137 1468 104 30 friends
3273 1468 28 29 in
3325 1468 77 30 these
3426 1472 76 35 parts
3533 1479 47 19 are

3029 1509 164 25 unanimous
3205 1508 30 26 in
3257 1508 148 35 tendeiing
3427 1509 72 25 their
3518 1509 63 27 best

3029 1546 97 29 wishes
3141 1546 43 28 for
3198 1545 47 28 the
3260 1544 100 30 Mail's
3380 1556 116 19 success.

3171 1640 126 50 Mining
3330 1640 112 42 Notes.

3206 1730 170 22 ROXBURGH.

3064 1766 22 27 A
3102 1767 111 34 meeting
3227 1766 27 26 of
3263 1765 120 28 directors
3394 1767 24 25 of
3432 1765 42 27 the
3486 1764 97 27 Ettrick

3031 1803 65 27 Gold
3117 1803 84 26 Steam
3381 1803 129 34 Company
3535 1811 50 17 was

3032 1839 57 27 held
3103 1840 25 26 in
3143 1840 42 26 the
3204 1839 68 27 office
3294 1840 28 26 of
3340 1840 41 27 the
3406 1840 130 35 Company
3561 1844 26 21 at

3032 1876 142 35 Roiburgh
3188 1876 47 28 last
3249 1876 124 37 Saturday
3385 1877 116 34 evening,
3515 1875 71 28 when

3033 1924 13 17 a
3061 1914 28 27 2s
3103 1914 116 27 dividend
3234 1924 50 17 was
3297 1914 121 32 declared,
3439 1913 103 35 payable
3555 1922 32 17 on

3035 1952 39 25 the
3090 1951 59 27 10th
3165 1951 102 26 instant.
3304 1952 22 26 A
3343 1960 54 18 sum
3421 1952 27 25 of
3463 1950 56 28 LSO
3538 1959 49 17 was

3033 1994 37 21 set
3095 1988 68 28 aside
3188 1997 26 18 as
3237 1997 13 17 a
3274 1988 102 28 nucleus
3398 1988 37 28 for
3456 1997 13 18 a
3491 1996 96 18 reserve

3034 2025 70 27 fund.
3140 2025 53 27 The
3214 2025 146 27 fluctuation
3383 2026 29 26 of
3430 2025 41 27 the
3489 2031 98 21 returns

3033 2064 24 26 in
3074 2062 48 27 this
3136 2061 93 37 dredge
3244 2062 43 27 has
3305 2062 60 27 been
3388 2061 136 32 remarked,
3539 2060 48 28 and

3034 2110 36 17 we
3083 2109 57 27 may
3163 2109 43 27 say
3232 2099 42 28 the
3296 2110 86 17 reason
3405 2101 20 26 is
3448 2099 53 28 that
3526 2098 61 28 after

3034 2137 114 36 working
3161 2148 14 17 a
3197 2138 51 26 rich
3269 2138 53 27 vein
3347 2139 38 26 for
3405 2148 13 17 a
3441 2136 82 37 period
3547 2136 40 27 the

3031 2174 94 36 dredge
3148 2174 47 27 has
3213 2181 24 19 to
3251 2181 43 29 put
3317 2181 42 21 out
3373 2176 53 26 into
3445 2175 141 26 midstream

3032 2212 49 28 ami
3094 2212 96 37 deposit
3206 2212 41 27 the
3266 2212 114 36 tailing*.
3415 2212 40 27 On
3476 2211 49 27 this
3546 2219 27 18 ac-

3032 2256 77 21 count
3121 2250 65 35 good
3214 2256 98 21 returns
3330 2256 95 21 cannot
3447 2249 29 26 be
3498 2247 87 28 looted

3033 2288 35 27 for
3082 2292 25 23 at
3121 2295 66 19 more
3201 2286 100 37 regular
3319 2286 119 29 intervals
3451 2286 69 27 than.
3533 2294 52 25 6ay,

3032 2334 73 27 every
3118 2325 122 27 alternate
3254 2324 75 33 week,
3343 2334 61 18 even
3428 2323 96 33 though
3544 2322 42 27 the

3032 2362 93 33 dredge
3139 2362 82 35 might
3234 2360 29 28 be
3277 2371 30 17 on
3319 2360 104 38 payable
3441 2359 99 37 ground
3554 2359 30 27 all

3032 2399 40 27 the
3086 2400 66 26 time.

3066 2437 54 27 The
3133 2437 97 35 ground
3246 2447 30 17 on
3294 2437 80 28 which
3389 2437 41 28 the
3442 2433 141 36 Roxburgh

3031 2474 94 37 dredge
3147 2475 43 26 has
3211 2475 60 27 been
3291 2474 117 36 working
3431 2474 93 34 during
3544 2472 41 27 the

3031 2517 56 31 past
3108 2512 70 26 week
3199 2512 76 34 being
3294 2521 59 27 very
3378 2512 69 36 deep,
3469 2512 48 26 and
3543 2510 42 26 the

3030 2548 94 38 dredge
3137 2555 44 21 not
3194 2548 76 37 being
3283 2548 54 28 able
3351 2555 25 21 to
3388 2548 72 28 reach
3475 2548 42 27 the
3529 2546 42 28 bot

3032 2594 59 27 torn,
3105 2588 99 27 wasbei
3225 2597 33 27 up
3271 2588 93 37 during
3387 2588 41 26 the
3450 2585 67 28 week
3537 2583 48 29 and

3031 2625 117 26 obtained
3171 2626 58 25 4ozs
3252 2625 105 26 IGdwts.
3393 2625 50 25 She
3467 2625 45 25 has
3531 2631 55 17 now

3032 2661 61 28 been
3119 2661 116 28 removed
3255 2661 76 27 about
3355 2661 56 28 80ft
3432 2661 90 33 higher
3546 2667 40 26 up,

3032 2699 60 27 with
3107 2708 14 19 a
3134 2700 63 27 view
3207 2700 25 27 of
3244 2699 77 37 being
3334 2698 54 29 able
3408 2704 25 22 to
3454 2697 73 30 reach
3546 2695 40 28 the

3032 2736 103 29 bottom.

3067 2774 54 27 The
3134 2776 64 26 river
3211 2775 132 27 continues
3368 2774 48 27 low
3430 2775 158 35 considering

3032 2811 42 28 the
3087 2821 87 18 season
3187 2812 26 27 of
3227 2811 41 28 the
3281 2821 67 27 year,
3362 2821 27 18 as
3399 2812 20 27 it
3428 2812 21 27 is
3459 2811 129 36 generally

3031 2849 93 35 during
3136 2849 44 28 the
3190 2849 87 28 month
3292 2849 29 27 of
3326 2849 144 37 September
3482 2849 54 28 that
3547 2849 41 27 the

3030 2887 87 35 spring
3130 2886 79 28 floods
3221 2896 81 18 occur.

3065 2924 49 26 We
3127 2923 68 28 learn
3218 2923 56 28 that
3296 2924 44 26 Mr
3361 2922 29 28 E.
3414 2924 105 26 Lawson
3546 2923 42 28 has

3030 2960 116 34 resigned
3160 2960 38 26 bis
3206 2961 108 34 position
3329 2969 27 17 as
3367 2960 185 35 dredgemaster
3564 2960 24 25 of

3031 2997 42 26 the
3092 2995 99 28 Golden
3213 2995 67 28 Gate
3306 2995 135 37 Dredging
3465 2996 43 27 Co.
3546 2997 42 25 Mr

3030 3034 31 25 D.
3077 3032 160 35 Ballantyne,
3261 3032 116 35 formerly
3402 3032 186 35 dredgemaster

3028 3069 30 27 of
3076 3069 42 27 the
3140 3069 99 27 Golden
3267 3068 60 28 Run
3350 3068 103 38 dredge,
3468 3069 44 27 has
3525 3068 59 28 been

3029 3108 133 35 appointed
3176 3107 38 27 his
3228 3116 133 17 successor.

3063 3144 43 26 Mr
3127 3143 54 27 Ivie
3202 3143 157 35 Templeton,
3382 3143 56 26 who
3459 3143 44 26 has
3522 3143 60 26 been

3028 3180 130 37 employed
3171 3189 32 19 on
3218 3180 43 27 the
3274 3180 85 34 Otago
3368 3180 93 36 dredge
3470 3180 38 28 for
3515 3189 68 18 some

3028 3219 60 25 time
3100 3221 65 33 past,
3180 3217 44 26 has
3237 3216 63 27 been
3321 3216 134 36 appointed
3476 3216 90 37 dredge-

3029 3260 92 22 master
3133 3253 26 28 of
3171 3253 43 27 the
3228 3253 82 28 Edina
3324 3253 99 36 dredge.

3063 3291 24 28 It
3100 3292 20 27 is
3133 3290 115 38 reported
3261 3291 54 27 that
3335 3290 42 28 the
3399 3296 97 22 returns
3518 3290 61 28 from

3028 3329 42 28 the
3083 3328 98 28 Golden
3196 3328 65 28 Gate
3274 3329 118 26 continue
3401 3328 161 36 satisfactory.

3219 3403 170 22 CROMWELL.

3163 3438 61 26 (Own
3238 3438 205 23 Corresponded.)

3061 3472 104 35 Mining
3177 3471 51 26 still
3242 3471 131 26 continues
3392 3480 25 17 to
3440 3480 33 24 go
3494 3471 86 31 ahead,

3026 3509 163 35 applications
3219 3508 38 26 for
3279 3508 90 34 special
3397 3508 86 26 claims
3508 3508 73 34 being

3026 3546 68 35 quite
3108 3545 42 25 the
3164 3545 81 33 thing.
3284 3544 47 26 Let
3354 3554 28 15 us
3409 3548 62 29 hope
3494 3544 54 26 that
3569 3553 12 16 a

3026 3581 104 38 payable
3149 3581 117 39 quantity
3281 3581 25 27 of
3330 3579 42 30 the
3383 3589 112 30 precious
3509 3579 72 29 metal

3027 3621 50 25 will
3091 3620 29 26 be
3134 3620 175 33 forthcoming.

3063 3656 10 27 I
3088 3657 59 26 bear
3167 3656 54 26 that
3242 3664 46 18 one
3313 3656 29 26 of
3360 3663 64 28 your
3447 3655 102 27 citizens
3562 3656 19 26 is

3026 3694 122 36 applying
3173 3693 37 27 for
3231 3692 56 36 fifty
3314 3692 62 28 head
3398 3693 23 27 of
3448 3699 76 21 water
3545 3692 36 28 for

3025 3731 109 36 sluicing
3144 3741 28 17 or
3182 3730 146 35 something
3337 3730 26 28 in
3375 3730 53 28 that
3438 3730 55 28 line.

3059 3769 54 26 The
3125 3774 126 30 pontoons
3265 3768 29 25 of
3302 3769 42 24 the
3360 3767 106 27 Electric
3479 3767 101 34 dredge,

3026 3805 45 28 No.
3089 3803 45 36 If.,
3148 3813 65 19 were
3224 3803 122 28 launched
3358 3803 47 29 last
3415 3804 75 27 week.
3528 3803 53 28 The

3022 3852 98 19 owners
3133 3842 63 36 hope
3210 3849 25 19 to
3247 3841 30 27 be
3290 3842 75 36 ready
3383 3845 27 24 to
3431 3847 63 23 start
3512 3841 67 28 work

3023 3880 96 37 shortly
3139 3879 63 27 after
3214 3878 145 28 Christmas.

3061 3917 87 37 Hotop
3160 3917 48 27 and
3222 3922 72 31 party
3309 3916 63 28 have
3383 3915 78 29 called
3475 3915 36 29 for
3525 3921 39 22 ten-

3024 3955 56 27 ders
3093 3955 38 26 for
3145 3953 116 36 building
3275 3953 41 28 the
3329 3960 123 30 pontoons
3466 3954 36 27 for
3515 3953 64 28 their

3022 3991 104 35 dredge,
3139 3990 97 36 shortly
3250 3997 25 20 to
3298 3990 29 26 be
3339 3991 96 26 erected
3457 3996 26 21 at
3502 3990 56 27 Bow-

3022 4029 78 27 man's
3114 4028 61 28 Flat.

3057 4065 93 36 M'Lay
3165 4065 48 27 and
3228 4071 70 29 party
3313 4066 62 34 hope
3395 4071 25 20 to
3438 4065 63 27 have
3514 4064 63 27 their

3022 4109 123 29 pontoons
3158 4102 75 35 ready
3245 4106 24 22 to
3284 4101 89 28 launch
3387 4103 25 25 in
3426 4110 14 19 a
3451 4102 45 26 few
3506 4101 70 36 dap.

3232 4176 137 21 WAIPORL

3161 4214 62 27 (Own
3236 4214 207 26 Correspondent.)

3057 4254 53 27 The
3130 4259 98 30 present
3250 4262 96 18 owners
3369 4253 28 27 of
3415 4253 42 27 the
3480 4252 96 28 Canton

3024 4291 48 27 and
3095 4291 113 34 adjacent
3229 4292 61 24 reefs
3314 4291 61 26 have
3396 4290 109 28 received
3521 4298 56 26 very

3025 4329 172 35 encouraging
3210 4335 68 18 news
3300 4327 62 27 from
3386 4328 41 25 the
3451 4326 126 36 syndicate

3026 4367 55 26 who
3101 4365 86 28 intend
3210 4364 153 37 purchasing
3385 4365 69 26 those
3478 4374 83 26 proper-

3025 4404 53 31 ties,
3106 4402 49 26 and
3181 4401 67 25 there
3270 4402 20 25 is
3318 4411 75 26 every
3417 4408 113 29 prospect
3555 4401 22 25 of

3026 4440 64 26 their
3116 4439 88 35 taking
3230 4439 68 26 these
3320 4449 59 17 over
3402 4439 25 26 iu
3454 4438 41 28 ihe
3520 4448 57 18 near

3026 4477 89 26 future.

3059 4513 156 26 Knewstubb
3229 4515 19 25 is
3271 4513 110 35 pushing
3402 4522 30 16 on
3456 4513 58 25 with
3536 4512 40 25 the

3025 4550 115 35 building
3153 4552 24 23 of
3191 4552 40 25 the
3254 4555 120 30 pontoons
3393 4550 36 24 for
3454 4548 121 26 McNeil's

3024 4586 101 34 dredge.
3163 4588 43 26 Mr
3224 4588 137 25 Stevenson
3374 4587 21 25 is
3414 4586 115 35 expected
3543 4595 33 25 up

3026 4623 94 36 shortly
3135 4629 25 21 to
3182 4623 160 37 superintend
3366 4623 40 26 the
3431 4623 108 28 motion
3553 4626 23 23 ot

3028 4661 40 25 the
3090 4661 152 35 machinery,
3264 4661 46 26 and
3334 4661 75 35 hopes
3431 4670 40 17 are
3496 4667 65 20 enter-

3029 4698 82 25 tained
3126 4697 53 27 that
3194 4698 80 26 before
3297 4697 138 26 Christmas
3461 4697 40 26 the
3521 4697 54 29 fhst

3028 4733 99 27 electric
3149 4734 91 35 dredge
3261 4743 31 16 on
3316 4733 40 26 the
3374 4733 43 27 flat
3440 4734 49 26 will
3510 4734 28 26 he
3563 4743 12 17 a

3026 4771 79 33 going
3118 4781 113 18 concern.

3059 4807 13 25 'J
3081 4807 29 25 he
3124 4808 105 25 Jutland
3244 4808 57 25 Flat
3320 4807 91 33 dredge
3431 4808 20 25 is
3472 4808 50 26 still
3545 4818 29 15 on

3025 4843 63 33 pood
3103 4843 66 33 gold,
3185 4843 47 25 ar;d
3248 4844 39 24 the
3302 4852 43 15 run
3361 4852 91 24 augurs
3467 4843 53 27 wtll
3541 4845 33 25 for

3028 4878 40 26 the
3082 4878 99 35 Bbkery
3202 4879 74 25 Point
3291 4879 80 28 claim,
3396 4880 40 24 the
3458 4888 116 26 manager

3025 4915 23 26 of
3063 4914 79 28 which
3157 4915 54 35 (Sir
3234 4914 137 33 Johnston)
3392 4914 43 27 has
3460 4917 113 25 returned

3025 4953 59 24 from
3098 4958 64 19 town
3187 4952 47 25 and
3256 4953 19 24 is
3290 4951 106 35 pushing
3396 4951 3 35 1
3420 4958 102 20 matters
3543 4962 30 17 on

3026 4988 105 27 towards
3145 4998 30 17 an
3190 4988 66 36 early
3270 4994 68 20 start.

3058 5027 105 26 O'Brien
3178 5026 47 26 and
3249 5032 79 29 party,
3349 5026 27 25 of
3394 5025 73 36 Long
3489 5028 84 36 Gully,

3024 5064 62 25 have
3100 5064 46 25 had
3161 5063 102 25 another
3282 5062 120 26 excellent
3416 5064 115 37 wash-up

3057 5100 52 26 The
3135 5106 89 28 wintry
3244 5099 108 26 weather
3371 5101 55 34 just
3454 5108 51 28 past
3530 5103 43 26 has

3023 5137 103 35 slightly
3142 5137 114 25 favoured
3272 5136 40 25 the
3326 5137 68 35 Deep
3409 5137 74 28 Lead.
3522 5141 50 26 The

3023 5184 118 24 manager
3153 5174 20 26 is
3197 5174 112 34 erecting
3331 5175 103 26 another
3453 5175 45 35 lift,
3524 5179 47 25 and

3021 5210 116 35 provided
3151 5220 13 16 a
3176 5211 63 33 good
3255 5219 15 16 w
3271 5210 3 37 r
3278 5217 51 19 ater
3343 5212 89 35 supply
3454 5214 19 26 is
3496 5215 62 27 avail-

3020 5247 52 26 able
3087 5248 40 25 the
3142 5248 69 26 ciaim
3224 5247 78 35 ought
3314 5253 24 20 to
3358 5248 29 27 be
3408 5259 68 17 more
3496 5251 74 28 herrd

3018 5285 26 23 of
3055 5285 25 23 in
3095 5285 40 23 the
3146 5284 70 24 share
3230 5283 101 25 market.

3051 5320 43 26 Mr
3107 5320 115 35 Sharpe's
3234 5330 52 17 race
3301 5321 20 26 is
3335 5321 83 36 nearly
3432 5324 135 36 completed

3016 5357 47 25 and
3095 5357 30 25 he
3155 5362 100 30 expects
3276 5357 40 26 the
3347 5359 70 34 plant
3448 5370 32 26 up
3512 5372 55 24 very

3014 5393 102 26 shortly.

3048 5431 52 26 The
3114 5436 75 21 water
3201 5431 119 37 difficulty
3338 5434 21 26 is
3381 5435 128 36 retarding
3523 5447 26 25 op-

3013 5468 107 25 erations
3134 5474 23 20 at
3173 5468 60 26 Poet
3247 5469 74 27 Office
3336 5470 86 34 Creek,
3437 5473 41 26 the
3492 5475 70 25 claim

3014 5504 74 35 being
3098 5504 102 36 payable
3215 5508 23 24 in
3253 5515 71 26 every
3345 5516 113 28 prospect
3472 5511 21 25 if
3505 5511 57 37 only

3013 5548 75 19 water
3110 5542 73 26 conld
3205 5542 29 27 be
3258 5544 122 27 obtained.
3420 5546 101 35 Indeed,
3546 5549 16 27 if

3012 5578 48 25 this
3077 5586 76 19 water
3173 5580 90 25 famine
3288 5581 71 26 could
3382 5582 44 26 but
3458 5584 28 25 be
3508 5595 39 25 pre-

3011 5616 97 33 vented,
3132 5616 110 37 Waipori
3275 5617 80 28 would
3381 5629 60 18 soon
3466 5631 95 19 assume

3009 5662 66 17 some
3089 5659 25 20 ot
3128 5654 31 25 its
3172 5655 123 25 erstwhile
3315 5656 41 26 life
3377 5657 48 26 and
3447 5658 111 28 bustle—

3009 5690 37 26 for
3059 5699 74 26 many
3147 5699 40 17 are
3201 5690 41 27 the
3262 5690 56 28 flats
3341 5694 48 26 and
3403 5694 89 35 gullies
3507 5696 52 29 that

3008 5727 71 27 could
3094 5729 56 25 then
3164 5727 27 27 be
3203 5729 99 27 worked
3317 5731 113 35 payably,

3797 226 166 22 LAWRENCE.

3739 262 62 27 (Own
3814 263 191 26 Correspondent.
4009 266 7 27 )

3635 302 95 35 Things
3744 312 40 17 are
3798 305 101 34 moving
3912 304 93 37 briskly
4015 308 23 24 in
4054 308 98 33 mining

3603 346 109 25 matters,
3724 340 47 26 and
3787 341 67 26 there
3865 351 40 17 are
3916 344 68 33 signs
3996 344 54 25 that
4059 353 14 17 a
4084 353 69 26 great

3602 376 54 26 deal
3670 378 24 24 of
3708 378 123 25 attention
3858 379 20 25 is
3901 384 24 20 to
3948 381 28 25 he
3999 380 55 35 paid
4077 388 23 18 to
4114 385 41 22 the

3605 413 114 37 industry
3733 414 92 37 during
3840 416 40 26 the
3899 417 129 34 incoming
4041 428 116 18 summer.

3638 452 53 26 The
3724 452 63 26 Blue
3818 452 64 37 Spur
3913 455 174 28 Consolidated
4113 456 45 28 Co.

3604 490 21 26 is
3639 499 56 17 now
3710 491 104 35 turning
3828 497 42 21 out
3883 501 13 17 a
3908 492 61 34 heap
3979 493 24 27 of
4014 494 57 35 gold
4082 503 75 24 every

3607 534 108 29 quarter,
3729 537 27 16 so
3776 529 51 25 also
3852 538 40 17 are
3920 529 69 27 Kitto
4014 531 46 26 and
4084 537 73 30 party

3600 565 118 35 (Muutos
3741 565 98 38 Gully),
3855 567 171 28 theTuaneka
4040 560 113 44 Sluicing

3602 604 43 24 Co.
3661 604 82 33 (Mills
3757 606 47 24 and
3820 604 93 34 party),
3928 605 48 25 and
3990 607 41 25 the
4056 607 97 26 Golden

3602 640 62 26 Rise
3696 641 41 25 Co.
3771 641 106 34 (Adams
3903 641 47 26 and
3976 642 91 35 party).
4103 643 52 26 The

3603 677 117 36 Tnapeka
3735 679 135 34 Dredging
3890 679 43 27 Co.
3949 679 60 27 have
4018 680 53 35 just
4085 680 72 26 made

3605 724 12 17 a
3629 721 71 25 start,
3711 716 49 26 and
3774 715 9 27 I
3798 716 58 27 hear
3867 715 53 28 that.
3930 715 86 36 Laffey
4027 717 47 26 and
4086 722 71 30 party

3605 753 85 27 intend
3706 755 103 33 putting
3823 764 12 17 a
3848 753 93 37 dredge
3963 764 30 17 on
4010 754 62 27 their
4084 754 71 28 claim

3605 797 26 20 at
3643 800 30 17 an
3687 792 67 34 early
3767 792 63 26 date.

3643 830 34 25 At
3708 829 116 36 Tuapeka
3866 828 99 31 Mouth,
3998 839 12 15 a
4042 829 116 36 powerful

3609 866 93 37 dredge
3711 868 24 26 is
3754 868 24 26 in
3793 876 86 18 course
3892 867 26 26 of
3929 868 106 25 erection
4050 876 28 17 on
4094 867 64 27 Reid

3609 905 47 26 and
3680 905 96 35 party's
3802 905 80 32 claim,
3905 904 49 27 and
3979 914 30 17 an
4035 905 124 33 elevating

3609 941 69 37 plant
3692 943 20 26 is
3725 952 56 17 now
3795 941 75 36 being
3889 941 85 37 placed
3998 951 30 17 on
4052 941 105 28 M'Leod

3609 979 47 27 and
3680 981 90 34 party's
3785 980 85 31 -clarm,
3891 979 78 28 which
3984 980 96 34 adjoins
4094 979 64 27 Reid

3609 1017 47 27 and
3670 1019 100 34 party's.

3643 1058 16 24 A
3669 1060 8 21 t
3865 1054 43 28 the
3922 1054 149 35 Norwegian
4085 1059 73 30 partv

3609 1092 47 27 and
3671 1093 42 26 the
3835 1092 81 36 'Gully
3942 1093 42 26 Co.
4005 1101 40 18 are
4070 1093 24 26 in
4115 1091 43 27 full

3608 1130 88 34 swing,
3711 1140 26 17 as
3751 1140 40 17 are
3805 1129 51 28 also
3869 1130 31 27 all
3921 1129 41 27 the
3981 1129 70 27 other
4072 1129 86 28 churns

3605 1173 26 20 at
3642 1167 239 35 "Waitabuna'Gully
3892 1167 47 27 and
3951 1166 129 28 Havelock
4090 1166 66 27 Flat.

3642 1204 74 28 Some
3734 1206 122 26 attention
3887 1206 21 26 is
3932 1204 77 36 being
4032 1205 74 34 given
4133 1210 25 20 to

3602 1241 200 38 •quartz-reefing
3822 1243 23 26 in
3861 1242 127 27 tneTable
4006 1241 53 27 Hill
4078 1241 66 27 direc-

3608 1280 60 28 tion,
3696 1279 47 25 s»nd
3771 1280 9 23 I
3803 1279 62 24 War
3890 1279 54 24 that
3969 1285 49 18 two
4040 1287 26 16 or
4091 1281 68 22 threw

3607 1314 86 27 flanns
3707 1314 61 26 have
3788 1314 97 30 already
3909 1314 58 27 been
3995 1313 96 37 pegged
4117 1313 41 28 off.

3609 1350 114 35 Simpson
3743 1351 47 25 and
3813 1355 70 30 party
3904 1359 40 17 are
3965 1352 101 33 petting
4084 1357 45 19 out
4147 1360 12 16 a

3609 1387 116 36 quantity
3739 1387 28 27 of
3775 1391 70 23 stone
3859 1387 60 28 from
3944 1387 63 27 their
4028 1387 57 33 reef,
4099 1387 60 26 with

3609 1432 12 17 a
3636 1425 61 24 view
3711 1429 26 20 to
3749 1424 95 32 having
3861 1425 19 24 it
3902 1425 103 25 crushed
4026 1429 25 20 at
4072 1424 70 25 Auck-

3609 1459 57 30 land
3678 1460 48 29 and
3741 1460 93 29 treated
3846 1459 32 38 by
3889 1460 41 29 the
3941 1460 104 37 cyanide
4054 1470 104 27 process,

3627 1550 120 43 Teviot
3784 1550 259 54 Fruitgrowers'
4083 1551 62 44 and

3647 1609 238 42 Horticultural
3905 1610 228 42 Association.

3648 1715 58 29 The
3719 1715 125 38 monthly
3862 1717 123 39 meeting
4004 1717 29 29 of
4052 1717 48 29 the
4118 1727 29 19 re-

3612 1755 91 38 cently
3729 1756 106 28 formed
3868 1756 207 39 Fruitgrowers'

3615 1795 199 29 Horticultural
3828 1796 171 30 Association
4021 1807 56 19 was
4098 1798 66 28 held

3615 1838 29 25 at
3656 1835 47 29 the
3717 1835 165 29 Athenaeum
3895 1846 33 20 on
3947 1835 122 40 Monday
4082 1847 68 19 event-

3615 1875 58 38 ing.
3712 1875 87 31 There
3813 1886 54 19 was
3887 1887 14 18 a
3928 1876 52 29 fair
4001 1877 162 29 attendance

3615 1915 30 28 of
3657 1915 145 35 members,
3816 1916 53 28 and
3883 1917 46 27 the
3955 1916 138 29 chairman
4109 1918 55 35 (Mr

3615 1953 153 40 Campbell)
3783 1955 136 38 presided,

3829 2010 125 21 MINUTES.

3653 2040 58 29 The
3743 2040 118 30 minutes
3893 2042 29 28 of
3961 2042 47 29 the
4039 2042 126 38 previous

3616 2080 122 36 meeting
3756 2091 71 19 were
3844 2081 65 30 read
3931 2082 54 28 and
4004 2083 157 29 confirmed.

3653 2120 47 29 Mr
3712 2120 147 31 Cockburri
3874 2122 90 30 stated
3978 2122 60 30 that
4056 2123 35 29 he
4109 2124 55 31 had

3615 2171 64 18 seen
3692 2172 17 17 a
3721 2161 78 39 large
3820 2162 115 29 number
3956 2162 29 29 of
4006 2164 156 36 gentlemen

3615 2200 74 28 since
3702 2200 54 29 last
3768 2202 132 38 meeting,
3910 2202 56 28 And
3977 2203 63 37 they
4048 2202 55 29 had
4116 2214 32 18 ex-

3613 2240 115 39 pressed
3741 2241 71 29 their
3823 2242 136 28 intention
3973 2243 29 28 of
4018 2244 146 37 becoming

3615 2281 145 30 members.
3809 2281 93 31 Seven
3936 2292 60 20 new
4028 2284 136 30 members

3615 2331 71 20 were
3700 2321 104 30 elected
3817 2325 28 27 to
3858 2322 48 29 the
3919 2323 182 30 Association.

3816 2378 145 21 ACCOUNTS.

3655 2408 43 31 An
3713 2412 116 27 account
3842 2409 29 30 of
3882 2410 39 36 ss,
3932 2409 69 30 from
4096 2409 69 30 Tua.-

3614 2450 72 34 peka
3709 2451 118 29 Times''
3850 2450 59 37 Co.,
3928 2459 55 20 was
4004 2451 98 38 passed
4122 2452 44 30 foir

3612 2495 140 34 payment.

3847 2540 91 21 PAPE«.

3655 2574 54 29 The
3722 2573 138 30 chairman
3880 2573 65 29 read
3966 2583 16 18 a
4003 2583 66 28 very
4088 2572 77 30 valu*-

3617 2615 62 28 able
3693 2615 54 27 and
3761 2614 97 37 highly
3871 2613 129 38 practical
4013 2625 86 26 paper
4114 2614 52 33 (re*

3616 2653 99 40 ported
3740 2653 156 36 elsewhere)
3927 2663 35 18 on

3618 2694 97 35 stalks,
3756 2693 125 39 grafting
3920 2693 55 28 and

3618 2735 84 29 After
3714 2734 115 37 reading
3841 2733 43 29 his
3896 2743 94 29 paper,
4003 2733 35 29 he
4060 2742 71 29 gave
4154 2743 15 18 a

3618 2774 132 39 practical
3762 2773 166 29 illustration
3937 2774 31 28 of
3975 2773 126 38 grafting
4113 2773 56 28 and

3615 2814 138 38 budding.
3792 2813 58 29 The
3871 2822 86 29 paper
3977 2823 55 19 was
4051 2812 117 28 listened

3616 2858 30 25 to
3672 2854 67 28 with
3765 2853 73 29 close
3863 2852 145 35 attention,
4039 2851 55 29 and
4118 2851 49 29 the

3616 2894 112 38 opinion
3761 2903 55 19 was
3846 2891 142 40 generally
4018 2891 149 40 expressed

3617 2934 62 29 that
3691 2934 47 28 the
3750 2932 130 40 practical
3902 2932 92 38 object
4006 2932 91 30 lesson
4109 2942 57 20 was

3616 2973 98 37 highly
3726 2972 145 37 profitable
3883 2974 29 25 to
3924 2971 37 28 all
3970 2974 120 35 present.

3653 3011 46 29 Mr
3719 3010 147 31 Cockburn
3889 3010 136 37 proposed
4046 3009 56 30 and
4124 3009 41 30 Dr

3615 3051 100 28 Mullin
3736 3049 136 30 seconded
3892 3059 17 17 a
3929 3049 98 37 hearty
4049 3052 63 26 vote
4135 3049 29 29 of

3612 3090 101 29 thanks
3726 3093 29 26 to
3769 3090 45 29 Mr
3827 3088 142 38 Campbell
3982 3089 43 28 for
4032 3089 43 28 his
4084 3089 62 29 valu-

3613 3130 61 29 able
3692 3140 93 28 paper.
3825 3129 71 28 Both
3917 3128 157 38 gentlemen
4096 3139 48 18 con-

3612 3169 159 39 gratulated
3793 3168 48 29 the
3862 3168 172 29 Association
4056 3178 35 19 on
4112 3169 47 28 the

3611 3210 155 36 possession
3778 3208 30 29 of
3820 3208 67 27 such
3900 3218 16 17 a
3928 3208 129 36 practical
4074 3218 63 18 mem-

3610 3249 51 28 ber
3682 3258 30 19 as
3733 3258 53 19 one
3806 3247 29 29 of
3856 3246 46 29 Mr
3923 3246 165 38 Campbell's
4110 3258 32 19 ex-

3607 3289 136 38 perience,
3756 3288 53 29 and
3823 3286 211 39 complimented
4048 3286 56 29 him
4122 3297 32 18 on

3609 3329 42 28 his
3665 3328 127 30 valuable
3805 3338 93 29 paper,
3912 3327 89 28 which
4022 3326 66 38 they
4108 3326 50 29 felt

3609 3373 74 24 must
3696 3369 70 28 have
3785 3369 70 27 been
3878 3367 29 28 of
3925 3367 83 28 much
4029 3366 130 38 practical

3608 3409 81 39 profit
3703 3413 28 24 to
3754 3408 144 29 members.
3935 3406 61 34 The
4017 3409 63 29 vote
4102 3416 55 21 was

3608 3448 105 29 carried
3726 3449 38 37 by
3776 3448 188 28 acclamation.

3683 3505 217 20 FRUIT-GROWING
3923 3505 161 19 PAMPHLETS.

3647 3537 28 28 It
3687 3548 56 17 was
3756 3537 134 33 resolved,
3903 3546 29 17 as
3945 3546 34 17 an
3995 3536 162 27 instruction

3610 3579 29 26 to
3661 3576 47 29 the
3731 3583 147 32 secretary,
3891 3574 61 29 that
3975 3574 35 29 he
4033 3574 76 29 write
4129 3577 28 26 to

3610 3618 47 27 the
3671 3617 181 37 Department
3877 3616 29 28 of
3930 3616 177 36 Agriculture
4129 3621 28 22 to

3610 3656 51 29 ask
3695 3656 61 29 that
3781 3656 104 28 leaflets
3918 3655 55 27 and
4005 3654 152 39 pamphlets

3609 3696 90 29 issued
3714 3696 38 39 by
3772 3696 46 29 the
3840 3696 182 38 Department
4040 3694 35 29 be
4096 3697 61 26 sent

3609 3741 28 24 to
3650 3737 48 28 the
3710 3736 181 29 Association.

3644 3777 83 28 After
3738 3786 76 18 some
3830 3775 112 39 general
3960 3774 160 33 discussion,
4139 3784 15 18 a

3607 3819 64 26 vote
3684 3816 30 29 of
3726 3816 101 29 thanks
3843 3819 33 25 to
3889 3815 46 28 the
3948 3815 75 28 chair
4036 3813 118 39 brought

3605 3856 47 29 the
3666 3856 122 36 meeting
3797 3859 31 25 to
3840 3866 17 17 a
3870 3855 80 28 close.

3660 3947 187 43 Southland
3873 3947 102 41 Brass
3994 3946 106 48 Bands

3796 4004 150 40 Contest.

3647 4107 57 29 The
3717 4107 78 28 brass
3815 4107 88 29 bands
3915 4106 176 38 competition
4110 4106 43 28 for

3609 4146 183 30 second-class
3820 4147 86 28 bands
3940 4147 62 28 held
4028 4150 29 24 at
4079 4145 74 29 Croro

3607 4186 122 38 recently
3750 4186 99 28 turned
3870 4190 48 25 out
3929 4198 16 16 a
3958 4186 121 28 brilliant
4091 4196 45 18 suc-

3609 4237 68 24 cess,
3702 4226 53 28 and
3770 4236 35 19 no
3831 4226 87 29 doubt
3937 4226 54 29 will
4014 4226 35 28 do
4071 4226 80 28 much

3607 4266 116 28 towards
3758 4265 103 39 raising
3887 4266 47 29 the
3964 4265 129 29 standard
4122 4266 29 28 of

3609 4306 73 28 band
3704 4306 86 28 music
3822 4306 28 27 in
3885 4306 161 28 Southland.
4094 4306 56 26 The

3610 4345 88 30 bands
3713 4346 160 39 competing
3885 4346 108 29 showed
4005 4345 148 39 uniformly

3607 4386 71 36 good
3708 4386 81 34 form,
3817 4387 55 27 and
3899 4387 59 27 that
3977 4386 47 28 the
4043 4386 60 27 idea
4122 4386 28 27 of

3606 4425 114 38 holding
3732 4435 16 18 a
3761 4428 106 26 contest
3887 4428 27 26 at
3936 4425 69 29 Core
4026 4434 54 20 was
4101 4434 47 29 ap.-

3605 4465 146 38 preciated,
3763 4475 54 18 was
3831 4466 146 28 evidenced
3986 4466 39 37 by
4035 4465 45 28 the
4094 4465 56 27 fact

3604 4505 60 27 that
3687 4505 45 28 the
3768 4505 163 27 attendance
3959 4505 114 27 reached
4101 4505 47 27 the

3603 4544 75 37 large
3691 4545 116 29 number
3814 4544 31 28 of
3861 4545 77 34 1,000
3950 4545 102 38 people.
4091 4545 58 27 The

3603 4583 118 29 winners
3744 4583 28 29 in
3798 4583 47 31 the
3868 4585 189 38 competitions
4080 4595 70 17 were

3600 4633 31 20 as
3643 4623 154 29 follows:

3649 4663 167 38 •Quick-step
3839 4664 184 37 Competition
4056 4665 80 36 (maxi-

3604 4713 74 18 mum
3694 4703 116 28 number
3820 4704 29 27 of
3861 4704 100 37 points,
3978 4704 60 35 160)
4044 4704 109 28 —Gore

3607 4741 77 30 Band
3700 4743 47 28 129
3757 4743 100 38 points,
3873 4746 5 25 1
3898 4755 5 7 •
3915 4741 92 31 Bluff]
4015 4743 34 29 27
4061 4745 90 36 points

3607 4783 36 33 2;
3668 4782 115 30 Winton
3807 4785 50 27 117
3880 4785 100 38 points,
3991 4785 15 28 3
4019 4797 7 22 ;
4051 4785 100 29 Milton

3607 4823 49 27 108
3669 4823 101 36 points,
3783 4823 17 27 4

3634 4861 135 28 Selection
3780 4861 114 29 Contest
3903 4863 158 34 (maximum
4071 4873 59 18 num-

3603 4899 47 28 ber
3664 4900 28 27 of
3704 4900 100 37 points,
3821 4902 84 36 80)-
3917 4901 73 29 Bluff
4002 4903 33 28 07
4051 4903 99 37 points,

3607 4940 5 25 1
3631 4950 7 22 ;
3665 4939 112 27 Winton
3802 4941 35 26 06
3857 4941 101 35 points,
3973 4943 15 25 2
4004 4953 6 22 ;
4029 4942 70 29 Gore
4115 4944 34 26 60

3602 4978 101 35 points,
3730 4978 33 35 3;
3803 4978 100 30 Milton
3929 4980 34 29 56
3988 4981 101 36 points,
4117 4983 32 34 0;

3605 5017 127 31 Mataur-a
3745 5020 34 28 53
3793 5020 101 38 points,
3913 5021 16 28 0
3941 5033 5 25 ;
3968 5021 80 31 West
4059 5021 92 31 Plains

3601 5060 35 27 40
3650 5060 99 37 points,
3765 5061 24 27 0.

3648 5100 199 29 Band-Master
3873 5101 104 30 Siddall
4005 5104 28 28 of
4054 5104 80 30 Inver-

3603 5140 106 38 cargill,
3736 5150 55 19 was
3816 5142 46 28 the
3894 5142 96 38 judge,
4018 5144 55 28 and
4106 5145 42 28 his

3600 5179 135 30 decisions
3755 5193 69 26 gave
3844 5183 112 37 general
3969 5185 178 28 satisfaction.

3602 5219 27 27 It
3640 5230 62 27 may
3715 5221 35 28 be
3764 5223 157 28 mentioned
3936 5224 59 29 that
4009 5224 45 29 Mr
4066 5227 34 26 A.
4115 5225 31 28 B.

3600 5259 145 39 Aldridge,
3760 5262 29 27 of
3803 5261 70 29 Gore
3886 5264 123 32 (brother
4021 5265 29 27 of
4063 5265 44 27 Mr
4119 5265 27 27 J.

3600 5296 38 30 H.
3653 5298 137 40 Aldridge
3811 5301 29 28 of
3860 5301 55 29 this
3940 5305 84 35 town)
4052 5303 22 28 is
4101 5304 46 27 the

3599 5338 91 29 leader
3703 5340 29 28 of
3742 5341 46 28 the
3802 5342 71 27 Gore
3896 5343 83 34 band,
4001 5345 53 26 and
4078 5344 70 28 their

3602 5387 108 20 success
3718 5389 56 19 was
3783 5380 96 38 highly
3888 5382 149 29 creditable
4051 5388 27 23 to
4092 5383 56 28 him

3599 5427 29 19 as
3642 5418 61 29 well
3716 5430 28 17 as
3756 5423 28 26 to
3797 5421 173 28 themselves.

1720 120 207 43 •MOUFT
2014 127 224 43 BEHGEB.
2320 128 157 42 MAIL.

3497 117 175 49 Triday,
3699 117 165 39 October
3883 117 182 44 9,1693.

139 238 141 29 EVIOT
339 238 311 28 DISPENSARY-

188 332 47 39 F.
283 332 263 42 JEFFFRY,

92 391 131 26 CHEMIST,
238 391 190 21 BOOKSELLER.
442 388 204 29 TOBACCONIST,

155 425 81 21 NEWS
250 425 103 26 AGENT,
368 423 164 25 STATIONER,
547 423 37 21 &c.

94 506 132 29 FANCY
254 504 125 31 GOODS
410 504 56 28 and
497 501 151 30 PATENT

155 550 216 32 MEDICINES
391 551 29 29 of
442 550 36 29 all
497 549 94 30 kinds.

273 643 98 22 AGENT
390 643 81 20 FOR—

93 685 126 28 Dresden
232 684 86 27 Piano
333 682 48 29 Co,

95 725 88 27 North
193 722 175 38 Queensland
368 722 70 38 Fire
442 720 151 29 Insurance
600 718 47 30 Co.

92 765 106 30 Rao-lan
214 764 135 31 Bicycles.

154 828 19 23 0
190 827 19 21 P
229 826 25 23 K

445 822 172 25 THIS!

153 904 103 24 BOOTS
273 908 37 19 tor
324 903 140 24 the'Gr*at,

180 948 74 25 Boo»s
275 949 37 23 for
334 948 42 23 <he
390 946 90 29 Small;

152 992 71 23 Eont-
238 990 37 24 for
295 990 41 23 the
355 989 4 27 '
370 989 63 27 hort,

184 1033 126 26 Boots.for
327 1033 40 24 the
386 1032 54 26 Tall
456 1040 7 21 ;

156 1083 70 22 Bcots
239 1080 37 23 for
295 1080 41 23 'he
353 1079 99 29 Young,

183 1121 73 23 Boots
272 1119 39 26 for
325 1119 40 26 the
385 1118 65 28 Old;

208 1184 32 23 nd
257 1182 103 24 BOOTS
442 1178 104 26 SHOES

296 1240 46 23 •for
358 1238 29 23 all
412 1242 24 19 at

200 1303 41 26 H.
288 1300 121 25 BAIL
424 1296 137 29 LIB'S,

104 1347 117 29 Opion'e
235 1341 160 26 CcTvrverria)
416 1340 82 29 Hotel,
518 1336 133 31 Roxburgh

125 1409 131 25 gSfrCrrae
273 1408 45 22 anrl
339 1407 52 23 in»D
407 1404 76 24 «~t-the
501 1403 80 24 Stock.

98 1472 288 57 HAMILTON
449 1469 37 39 &
553 1465 98 45 CO.,

167 1541 174 38 TAYLORS,
353 1536 235 38 .CLOTBIEBS,

348 1604 56 20 AND

112 1646 271 35 GENTLEMEN'S
402 1641 240 34 OUTFITTERS

94 1705 3 45 .
229 1714 101 31 Mount
338 1712 111 38 Benger
551 1705 99 38 'Office)

189 1780 204 31 SCOTLAND-ST.,
405 1774 162 30 BOXBTJBGH.

141 1880 88 38 Style,
323 1875 55 30 and
400 1871 218 39 Workmanship

286 1926 185 31 Guaranteed.

206 1981 149 30 Overcoats
371 1982 29 26 to
413 1977 137 29 Measure.

139 2071 268 32 MODERATE
439 2065 185 32 PRICES.

100 2165 25 27 A
146 2163 94 30 choice
256 2161 41 29 lot
315 2160 30 29 of
360 2158 129 38 Samples
497 2156 33 29 of
542 2154 114 31 Tweeds

245 2213 103 37 always
359 2211 29 28 in
409 2208 97 29 Mock,

170 2285 213 33 ERBERT
430 2282 100 32 AND
579 2280 76 37 CO.,

291 2352 169 22 LAWRENCE.

257 2445 153 27 Importers
429 2450 70 20 oe—

99 2494 201 36 Ironmongery

188 2535 189 42 Agricultural
400 2533 182 39 Implements

360 2578 190 42 Agricultural
569 2576 87 31 Seeds

271 2637 218 32 GROCERIES

120 2700 97 30 TEAS
329 2697 97 29 TEAS
539 2690 98 31 TEAS

106 2747 127 38 (Ceylon)
323 2743 120 39 (Indian)
532 2738 120 39 (China.)

155 2822 139 39 OHKS
335 2820 33 38 &
403 2814 253 43 M'COMBE,

106 2905 130 23 GROCERS
249 2904 62 22 AND
328 2901 136 23 GENERAL
477 2895 180 26 MERCHANTS,

244 2954 159 28 MILLERS
422 2950 100 28 FLAT.

137 3032 65 26 The
240 3031 104 36 largest
375 3027 55 28 and
461 3022 200 31 best-assorted

109 3070 87 30 Stock
209 3070 29 29 of
252 3067 116 31 General
381 3065 94 31 Goods
493 3064 29 29 in
544 3073 54 29 any
610 3071 34 30 up-

109 3115 116 34 eountry
239 3115 74 24 store
324 3109 29 28 in
366 3108 100 36 Otago.

146 3151 142 29 Groceries
313 3149 55 28 and
389 3145 157 30 Provisions
565 3144 30 29 of
615 3144 47 27 the

111 3192 59 26 best
182 3190 83 30 kinds
278 3192 28 25 at
316 3191 73 26 most
397 3184 159 31 reasonable
564 3184 97 36 prices.

146 3229 149 36 Crockery,
320 3226 169 33 .Glassware,
516 3223 126 28 Ironmon-

104 3280 79 27 gery,
198 3269 94 33 Boots,
306 3263 160 37 hhoes,,&c.

143 3310 159 29 Customers
310 3306 104 32 .waited
428 3316 35 18 on
477 3304 28 30 in
524 3302 36 30 all
583 3305 76 37 parts

103 3351 28 29 of
143 3351 47 27 the
205 3349 118 29 district.

298 3424 156 22 AGENCIES:

103 3467 177 28 Manchester
291 3464 64 29 Fire
368 3463 150 30 Insurance
531 3461 50 30 Co,

103 3506 158 29 Australian
270 3503 108 32 Mutual
386 3502 150 29 Provident
543 3500 113 36 Society

175 3634 25 27 J,
258 3627 393 35 FINLAYSON,

182 3682 159 23 barrister
355 3681 63 22 and
430 3678 156 26 solicitor,

288 3723 166 34 Lawrence,

96 3778 68 27 Will
187 3775 97 30 attend
308 3775 48 28 the
381 3771 153 39 Roxburgh
562 3770 87 29 Court

241 3816 79 28 when
342 3811 156 42 requested.

94 3885 103 39 Money
205 3886 28 26 to
242 3882 78 30 Lend
329 3892 36 19 on
373 3879 137 30 Freehold
521 3877 126 39 Security

95 4025 217 56 HUGH
385 4018 263 44 BRUCE,

186 4090 202 33 BOARDING
414 4088 143 35 HOUSE,

125 4147 320 30 Whitehaven-street,
466 4141 155 29 Lawrence

157 4198 148 38 {Opposite
318 4194 120 39 English
452 4192 131 37 Church.)

106 4278 82 22 FIRST
206 4276 85 22 CLASS
314 4271 248 25 ACCOMMODATION
583 4271 56 22 FOR

184 4304 58 20 THE
256 4300 186 23 TRAVELLING
456 4299 111 21 PUBLIC.

140 4385 83 29 £!ood
247 4384 131 36 Stabling
403 4382 55 28 and
477 4379 131 29 Paddock

248 4420 255 33 Accommodation.

183 4505 167 29 —Charges
369 4502 162 28 Moderate.
534 4516 37 5 —

94 4654 285 34 WATCfIMAKFE
397 4652 23 28 &
434 4648 217 40 JEWELLER,

188 4707 72 29 Boss
280 4706 99 32 Place,
398 4702 164 29 Lawrence.

98 4790 144 33 Watches,
263 4786 100 29 Clocks
383 4783 55 28 and
459 4780 146 36 Jewellery
625 4779 28 29 of

143 4830 35 27 all
192 4826 183 37 descriptions
387 4823 70 36 kept
469 4822 29 26 in
513 4820 94 28 Stock.

115 4880 71 29 Nice
200 4876 139 30 Selection
353 4873 28 29 of
400 4872 78 34 Gem,
491 4870 144 37 Wedding

228 4922 54 24 and
298 4915 110 37 Keeper
420 4912 99 37 Rings.

99 5001 19 20 A
132 4997 107 22 CHOICE
259 4992 183 25 ASSORTMENT
462 4991 36 21 OF
516 4989 137 23 ARTICLES

128 5032 140 22 {■CITABLE
278 5030 53 22 FOB
343 5027 142 22 WEDDING
495 5024 148 23 PRESENTS.

154 5099 157 39 Spectacles
324 5101 29 24 to
367 5095 62 29 Suit
442 5094 35 29 all
492 5094 105 38 Sights.

254 5187 56 21 and
343 5175 90 30 Clock
468 5174 119 29 Repairs
618 5182 17 21 a

299 5219 159 27 bPECIALTY.

98 5299 118 40 Repairs
228 5308 31 18 or
271 5296 103 29 Orders
390 5295 71 28 from
475 5294 47 28 the
536 5296 115 36 country

145 5341 39 36 by
207 5341 62 35 post
291 5336 55 28 will
367 5335 106 29 receive
494 5338 111 35 prompt

298 5375 146 29 attention.

139 5436 4 30 ,
173 5444 20 22 O
219 5442 20 23 B
266 5441 21 23 E
314 5441 23 22 R
365 5440 19 22 T
449 5438 34 24 IT
513 5438 23 24 K
568 5440 22 22 A
618 5436 29 25 Y.

139 5483 9 17 i'

139 5508 124 25 Gesebal
289 5506 106 23 Pbapjeb
411 5511 51 17 akd
474 5503 130 24 Clothieb

213 5550 62 24 Ross
296 5548 71 24 Place
389 5547 134 24 Lawrence.

154 5617 59 24 New
231 5615 47 25 and
296 5610 160 26 Fashionable
478 5609 107 30 Drapery

125 5650 79 30 Large
214 5648 65 25 stock
295 5644 79 29 Men's
385 5645 48 23 and
445 5643 63 30 Boys
518 5642 112 29 Clothing

153 5682 87 23 Ladies
254 5679 49 24 and
314 5677 126 24 Lhildrens
451 5676 132 30 requisites.

121 5725 77 24 Visits
226 5722 134 29 Roxburgh
403 5720 48 24 and
485 5717 160 31 svjrouuding

87 5758 107 28 iiistricta
207 5756 108 30 monthly

679 237 215 29 ROXBURGH
924 233 168 32 CYCLING
1121 229 111 30 CLUB.

677 315 99 54 THE
801 314 126 28 Members
951 313 27 26 of
1000 312 42 27 the
1067 311 77 26 above
1169 306 63 28 Club

758 362 40 17 are
828 350 130 38 requested
985 357 24 19 to
1039 352 66 22 meet
1134 347 26 25 in
1191 345 41 25 the

685 390 151 26 Athenaeum
862 398 30 18 on
918 383 208 32 SATURDAY,
1158 382 72 28 17th

677 426 163 33 INSTANT,
855 432 25 21 at
903 426 15 27 8
940 433 60 28 p.m.
1037 421 137 28 Business,:
1195 419 37 26 To

677 464 62 27 elect
752 464 111 33 Officers,
875 463 45 28 &c.
957 460 140 35 Intending
1105 456 126 29 Members

677 502 123 27 welcome.

763 564 84 29 MOA
866 562 99 30 FLAT
987 558 158 33 SCHOOL.

697 658 9 17 ■
717 649 61 28 <HE
805 647 102 28 Annual
936 643 141 30 BASKET
1106 640 127 30 SOCIAL

687 673 30 32 A
760 686 50 27 and
824 684 122 27 DANCE
966 685 24 25 in
1005 682 39 28 aid
1058 681 27 27 of
1095 681 41 26 the
1147 678 86 28 Funds

678 723 28 27 of
716 724 41 26 the
771 723 77 27 above
870 720 89 28 School
979 720 51 26 will
1044 718 57 27 take
1114 717 69 36 place
1202 724 31 17 on

679 761 147 32 FRIDAY,
839 760 69 26 I6th
918 756 169 32 OCTOBER,
1099 762 25 20 at
1136 755 16 26 8
1166 763 15 25 p
1192 762 40 21 m.,

678 799 26 25 in
736 798 41 26 the
803 797 176 27 Commodious
1004 795 114 30 Granary
1143 792 28 25 of
1191 790 42 25 fbe

679 835 98 27 Ettrick
791 834 79 32 Mills,
881 832 86 35 kindly
981 832 52 27 lent
1043 830 32 36 by
1088 830 43 25 Mr
1142 825 90 29 M*GiH

678 872 39 27 for
729 872 42 27 the
784 872 120 27 occasion.

713 922 23 25 A
748 920 69 34 large
827 919 131 36 gathering
971 919 20 26 is
1002 917 62 36 fully
1074 912 158 37 anticipated,

680 957 49 28 and
744 957 68 27 there
825 966 45 18 can
884 955 30 28 be
927 965 32 18 no
969 952 143 30 reasonable
1122 949 111 37 grounds

680 1002 25 19 to
718 993 125 36 grumble,
856 994 36 26 for
904 992 81 35 ample
998 1000 72 27 space
1082 990 20 26 is
1115 986 116 36 provided

680 1031 38 27 for
731 1040 123 27 everyone
867 1030 57 26 who
936 1039 45 17 can
1001 1027 58 27 with
1078 1024 153 29 satisfaction

678 1070 74 36 enjoy
767 1068 42 27 the
821 1068 169 34 exhilarating
1002 1065 140 28 evolutions
1154 1060 29 29 of
1192 1060 41 28 the

678 1105 128 34 Quadrille
819 1105 49 27 and
880 1105 92 26 Waltz.

717 1153 83 29 Prices
821 1153 28 28 of
870 1153 144 28 Admission
1036 1155 26 22 to
1083 1147 81 29 Social
1186 1146 48 28 and

680 1193 94 32 Dance,
789 1192 28 26 3s
830 1191 48 28 and
894 1192 27 26 Is
933 1190 50 33 6d;
1003 1186 126 33 Children,
1144 1185 35 28 Is.

681 1265 178 29 TENDERS
880 1263 75 30 FOR
971 1258 266 33 WATER-RACE.

770 1382 168 36 undersigned
964 1381 36 28 for
1023 1381 175 33 constructing
1226 1388 13 18 a

684 1426 145 20 water-race
842 1420 28 24 of
879 1420 32 24 25
925 1420 87 24 chains
1030 1420 80 32 (more
1122 1426 28 16 or
1171 1416 68 31 less).

683 1455 187 39 Specifications
892 1463 57 30 may
971 1454 30 29 be
1021 1463 58 19 seen
1104 1457 26 24 at
1150 1453 43 27 Mr
1212 1450 17 30 J

683 1494 150 26 M'lntosh's
843 1493 133 29 residence,
989 1492 166 26 Dumbarton.
1178 1491 46 24 Ten-

683 1530 56 27 ders
758 1529 65 27 close
848 1537 31 18 on
904 1526 244 33 WEDNESDAY,
1169 1526 68 26 14t«

685 1566 173 30 OCTOBER.
894 1565 54 29 The
960 1565 125 29 lowestw
1094 1574 49 26 any
1153 1562 87 30 tender

682 1612 45 21 not
739 1604 147 36 necessarily
906 1604 124 35 accepted.

906 1653 25 28 J.
951 1650 183 34 M'INTOSH,

1037 1688 167 29 Dumbarton.

684 1754 200 28 M'KENZIR'S
900 1752 123 29 BEACH
1043 1751 195 29 DREDGING

778 1790 184 35 COMPANY,
988 1788 157 29 LIMITED

822 1837 44 35 (In
887 1835 218 35 Liquidation),

870 1911 72 29 FOR
960 1912 98 28 SALE.

688 1990 49 54 A
744 1988 120 28 STEAM
878 1988 167 33 Goldrcining
1056 1985 108 36 Dredge,
1176 1985 66 35 price

783 2026 92 33 £CSO;
906 2026 79 26 worth
1155 2021 71 35 Fully-

686 2063 123 37 equipped
819 2063 48 27 and
878 2063 25 26 in
915 2062 115 34 working
1042 2058 200 36 order.—Apply

848 2110 114 30 JABEZ
981 2108 157 34 BURTON,

887 2148 155 37 Liquidator,
1057 2145 149 36 Roxburgh.

840 2215 245 32 NOTICE.

939 2305 31 16 on
994 2293 41 28 the
1056 2291 47 28 sth
1127 2291 114 30 October,

705 2347 6 3 -
749 2335 74 29 1896,
838 2339 25 20 at
878 2333 40 26 the
930 2331 117 33 Borough
1060 2329 98 29 Pound.
1169 2329 53 26 Rox-

686 2369 90 34 burgh,
790 2378 47 18 one
851 2369 124 27 Chestnut
997 2368 80 31 Mare,
1092 2366 77 26 brand
1186 2365 54 25 HH

684 2407 156 38 (conjoined)
851 2415 60 19 near
923 2404 123 28 shoulder.
1086 2402 153 37 Impounded

687 2447 31 35 by
732 2445 108 27 Thomas
853 2444 109 26 Whelan
986 2443 37 26 for
1035 2441 156 35 trespassing
1209 2449 30 17 on

685 2484 75 26 Cairn
776 2482 52 27 Hill
843 2482 70 27 Run.
950 2480 26 27 If
984 2486 42 21 not
1035 2478 103 29 claimed
1150 2477 47 27 and
1209 2476 30 27 all

686 2529 119 27 expenses
819 2519 65 35 paid,
898 2518 51 26 will
963 2518 29 25 be
1011 2517 52 26 sold
1087 2516 32 32 by
1141 2516 98 26 auction

685 2564 26 21 at
729 2557 43 28 the
791 2556 138 33 Roxburgh
954 2554 120 35 Borough
1099 2552 86 28 Pound
1209 2560 30 18 on

685 2594 164 33 MONDAY,
871 2594 73 28 19th
967 2591 174 35 OCTOBER,
1165 2590 74 33 1896,

685 2639 24 21 at
724 2634 31 26 12
769 2632 92 26 o'clock
875 2639 73 19 noon.

878 2672 17 30 J
899 2673 49 27 AS.
967 2671 27 28 J.
1012 2670 124 35 SMITH,

1018 2708 187 33 Poundkeeper.

721 2775 189 29 DISPOSAL
929 2773 49 29 OF
1004 2769 200 31 BUSINESS.

676 2848 120 54 WM.
814 2845 118 29 M'KAY
950 2844 89 28 wishes
1058 2848 26 22 to
1101 2841 81 36 notify
1201 2840 42 28 the

793 2884 121 28 residents
932 2882 30 27 of
976 2880 141 36 Roxburgh
1131 2878 48 27 and
1192 2886 39 19 sur-

689 2923 127 35 rounding
829 2922 118 27 Districts
961 2919 55 28 that
1028 2919 31 27 he
1071 2917 46 28 has
1129 2914 114 39 disposed

690 2962 28 25 of
727 2961 38 24 his
777 2959 130 33 Tailoring
920 2958 120 26 Business
1059 2964 32 17 on
1113 2954 49 26 and
1181 2952 63 28 after

690 2997 42 27 the
746 2996 40 26 Ist
797 2994 121 37 proximo,
932 3000 25 19 to
971 2994 94 24 Messrs
1087 2989 157 28 Hamilton

690 3041 59 19 and
762 3031 55 34 Co.,
835 3031 57 26 who
913 3030 51 27 will
986 3031 27 24 in
1030 3029 86 26 future
1136 3025 108 28 conduct

691 3071 43 27 the
746 3069 122 28 business.
905 3066 32 29 In
950 3066 80 36 doing
1051 3074 36 24 so,
1099 3063 32 27 he
1152 3062 45 27 has
1219 3067 25 22 to

692 3108 77 28 thank
783 3107 40 28 his
843 3114 136 19 numerous
1000 3109 103 31 patrons
1124 3100 38 27 for
1180 3100 64 27 their

691 3151 111 33 support,
816 3144 48 28 and
878 3142 82 28 would
979 3142 44 27 ask
1045 3150 14 18 a
1080 3138 164 29 continuance

692 3184 28 27 of
746 3184 42 27 the
817 3189 68 19 same
911 3185 26 21 to
964 3179 38 27 his
1029 3184 147 21 successors.
1221 3175 23 26 A

690 3224 98 32 prompt
801 3217 142 27 settlement
964 3216 26 25 of
1009 3214 32 27 all
1054 3215 129 24 Accounts
1196 3210 47 26 due

689 3265 26 20 to
727 3257 52 28 bim
793 3253 49 29 will
855 3252 91 34 oblige.

722 3323 95 28 Messrs
831 3321 157 28 Hamilton
1005 3327 60 19 and
1078 3318 56 33 Co.,
1146 3326 32 18 on
1193 3316 37 28 tak-

686 3362 46 33 ing
745 3369 58 17 over
816 3359 41 27 the
869 3358 114 26 business
1002 3356 74 36 lately
1095 3353 95 29 carried
1211 3363 31 17 on

687 3397 30 36 by
732 3398 43 26 Mr
787 3396 68 27 Wm.
875 3395 106 34 M'Kay,
995 3393 49 36 beg
1057 3401 25 20 to
1101 3400 84 19 assure
1204 3390 38 27 bis

687 3435 50 26 late
754 3434 144 27 Customers
911 3433 47 26 and
974 3431 42 27 the
1029 3429 121 28 residents
1163 3429 25 26 of
1200 3428 42 27 the

686 3472 97 26 district
796 3469 128 37 generally
938 3469 54 27 tbat
1005 3478 33 17 no
1051 3468 72 26 effort
1142 3466 50 26 will
1212 3465 29 27 be

686 3509 114 34 wanting
812 3517 32 17 on
858 3508 64 26 their
934 3512 54 29 part
1008 3511 26 21 to
1047 3506 58 34 give
1118 3504 42 27 the
1172 3513 68 17 same

684 3545 154 26 satisfaction
853 3544 54 25 that
920 3543 44 26 has
977 3541 93 35 always
1088 3541 61 26 been
1163 3541 75 33 given

683 3582 26 27 in
735 3581 42 28 the
806 3586 63 31 past.
906 3578 70 39 They
1001 3577 72 39 hope,
1105 3576 32 38 by
1167 3576 72 28 strict

682 3621 125 25 attention
838 3626 25 19 to
892 3617 122 32 business,
1037 3624 26 19 to
1092 3616 73 26 merit
1196 3614 42 26 the

680 3661 104 30 support
795 3655 30 27 of
835 3654 41 27 the
885 3653 89 36 public.

680 3716 261 34 APPLICATION
954 3715 76 31 FOR
1042 3712 195 32 LICENSED

863 3756 187 30 HOLDING.

849 3830 124 27 District:
991 3828 84 36 Otago
1088 3827 112 32 Mining.

790 3868 65 28 Da'e
866 3877 7 17 :
885 3866 63 28 28th
957 3865 155 33 September,
1124 3864 74 27 1896.

711 3906 37 28 To
761 3905 42 29 the
818 3903 109 29 Warden
940 3908 26 22 at
979 3901 149 37 Roxburgh.

766 3985 118 34 Holding
894 3984 37 26 for
940 3983 168 34 Goldmining
1117 3991 118 27 purposes

679 4023 79 28 under
771 4023 42 27 the
826 4021 139 38 provisions
986 4020 28 27 of
1058 4019 54 28 The
1131 4019 104 36 Mining

680 4064 59 29 Act,
878 4059 29 26 of
925 4057 42 28 the
991 4057 72 28 lands
1087 4057 149 28 hereinafter

679 4097 137 32 described,
825 4096 81 27 which
917 4096 62 26 have
993 4095 59 27 been
1063 4094 59 37 duly
1134 4094 101 27 marked

680 4137 25 26 in
719 4135 149 28 accordance
882 4134 61 26 with
957 4133 41 27 the
1020 4132 99 36 mining
1139 4131 84 37 regula-

681 4175 73 27 tions.

755 4209 74 28 THE
847 4209 131 28 TEVIOT
996 4206 237 30 GOLDMINING

913 4247 51 27 CO.
985 4245 102 37 (Ltd.),

726 4285 53 37 (By
793 4285 65 28 their
870 4285 95 35 Agent,
980 4283 77 28 Jabez
1070 4282 120 36 Burton.)

717 4355 80 29 Name
811 4355 47 29 and
873 4354 98 29 address
980 4355 27 27 in
1018 4353 43 29 full
1076 4353 29 28 of
1111 4352 126 37 applicant

681 4409 32 6 —
715 4394 53 26 The
781 4395 88 24 Teviot
882 4392 167 33 Goldmining
1061 4391 48 27 and
1124 4391 114 33 Sluicing

683 4431 129 36 Company
823 4428 141 37 (Limited),
978 4428 107 28 Andrew
1098 4426 139 32 Hamilton,

682 4466 395 36 Secretary,Dunedin—Miners
1091 4465 80 36 right:
1190 4464 45 26 No.

683 4506 93 30 17609,
790 4505 72 27 dated
877 4503 114 36 23/9/96.

717 4542 69 36 Style
799 4542 79 26 under
892 4541 80 26 which
987 4541 20 25 it
1028 4541 21 25 is
1073 4538 117 27 intended
1214 4543 23 20 to

682 4581 106 25 conduct
803 4579 41 26 the
858 4578 236 26 business—Teviot
1105 4576 115 27 Goldmin-

682 4618 44 34 ing
739 4616 48 28 and
802 4616 114 35 Sluicing
935 4615 43 26 Co.
993 4614 141 35 (Limited).

717 4654 111 34 Locality
844 4652 80 26 where
936 4652 41 25 the
987 4651 59 26 land
1057 4651 96 34 applied
1169 4651 36 24 for
1218 4651 19 25 is

680 4689 245 28 situated—Section
941 4689 22 32 1,
977 4688 72 25 block
1063 4695 61 25 xn.,
1138 4687 83 26 White-

680 4726 86 27 combe
779 4726 114 26 District.

717 4763 95 28 Extent
826 4762 23 27 ol
863 4762 59 27 land
942 4760 97 39 applied
1054 4760 100 28 for—2l
1171 4769 68 19 acres

684 4802 9 24 1
712 4800 58 26 rood
784 4800 33 26 20
830 4800 75 35 poles.

718 4839 113 24 Amount
845 4836 28 25 of
882 4835 90 35 capital
986 4834 120 36 proposed
1120 4838 27 22 to
1158 4833 28 27 be
1200 4835 25 24 in-

684 4872 225 32 vested—£s,ooo.

718 4909 126 36 Proposed
858 4908 72 28 mode
952 4908 26 27 of
998 4907 115 35 working
1127 4907 40 27 the
1181 4906 56 28 land

720 4947 139 36 Hydraulic
872 4946 109 34 sluicing
991 4945 51 26 and
1053 4945 97 34 ground
1165 4944 60 27 sluic-

681 4985 52 36 ing.

717 5023 73 26 Term
815 5021 37 27 for
873 5020 81 28 which
974 5020 91 27 license
1085 5019 21 26 is
1125 5018 113 36 required

680 5061 66 25 —2l
767 5069 80 27 years.

717 5097 107 29 General
853 5094 212 35 remarks—Pegs
1090 5093 100 27 marked
1223 5094 15 28 t

682 5134 108 39 (arrow).

717 5172 84 28 Dated
816 5177 24 23 at
855 5170 138 37 Roxburgh
1009 5169 49 28 this
1078 5169 60 28 28th
1153 5169 47 37 day
1214 5169 23 26 of

682 5210 151 37 September,
851 5209 74 28 1896.

715 5281 52 25 The
781 5280 77 26 above
871 5279 149 34 application
1035 5277 48 26 and
1098 5286 47 24 any
1160 5277 65 35 objec-

682 5319 64 26 tions
760 5317 51 27 will
831 5316 32 27 be
888 5314 74 28 heard
988 5320 24 21 at
1038 5314 40 26 the
1104 5312 131 28 Warden's

680 5355 75 26 Office
769 5360 25 21 at
816 5352 141 35 Roxburgh
978 5360 32 17 on
1035 5351 62 26 23rd
1122 5350 113 31 October,

680 5392 75 27 1896.

715 5431 59 33 Any
788 5437 89 27 person
892 5427 112 32 desiring
1023 5431 25 20 to
1061 5423 81 36 object
1155 5428 26 22 to
1194 5423 42 26 the

680 5467 66 26 issue
760 5467 28 24 of
797 5475 14 16 a
824 5464 90 27 license
923 5463 38 26 for
972 5463 40 26 the
1023 5461 57 26 land
1091 5461 97 34 applied
1198 5462 37 24 for

681 5509 74 25 must,
769 5501 89 27 within
882 5501 32 27 16
936 5500 65 26 clear
1025 5498 61 35 days
1108 5500 62 24 from
1193 5497 42 26 the

678 5541 58 26 date
766 5543 25 22 ot
816 5538 59 27 such
907 5537 158 36 application,
1096 5541 70 21 enter
1197 5534 37 27 his

678 5578 136 33 oljections
840 5582 25 19 at
891 5575 40 26 tLe
957 5573 132 26 Warden's
1115 5573 74 26 Office
1209 5578 24 20 at

677 5612 146 37 Roxburgh.

727 5661 212 28 FREDERICK
957 5660 170 33 JEFFERY,

875 5698 75 27 Clerk
965 5696 129 28 Warden's
1109 5696 86 28 Courf.

710 5743 122 28 Received
846 5743 114 34 30/9/96,
975 5748 25 21 at
1016 5743 73 26 10.30
1102 5750 57 20 a.m.

1298 251 91 31 NEW
1422 251 180 33 SEASON'S
1635 253 142 31 GOODS!

1261 409 92 51 W.
1396 407 72 54 X.
1512 407 305 65 Tmlfa^ym*

1428 496 224 31 ROXBUEGH.

1262 628 70 29 Now
1359 628 133 37 Showing
1510 637 17 18 a
1550 626 134 39 Splendid
1704 625 96 28 Assort-

1478 682 76 26 ment
1574 679 30 28 of

1308 748 100 37 New
1441 746 141 38 Goods
1601 748 8 35 I

1475 828 100 35 New
1608 826 142 37 Goods
1767 826 7 35 I

1440 897 161 37 Consisting
1621 896 30 29 of

1265 962 103 35 Prints,
1400 962 28 28 in
1461 960 113 30 Newest
1606 960 129 29 Patterns
1766 959 54 29 and

1341 1013 165 38 Colourings
1508 1014 66 27 —at
1587 1012 36 28 5d
1636 1021 50 30 per
1697 1011 69 39 yard

1267 1077 54 29 Lot
1330 1077 29 29 of
1366 1076 134 39 Zephyrs,
1511 1076 163 38 Ginghams,
1682 1075 141 31 Satteensj

1343 1128 167 38 Corduroys,
1541 1127 55 29 and
1639 1127 123 38 Crepons
1794 1126 28 28 in

1342 1181 114 28 Newest
1470 1180 113 29 Colours
1596 1179 55 28 and
1664 1178 121 38 Designs

1269 1243 139 30 Beautiful
1441 1242 40 30 lot
1510 1242 31 29 of
1573 1242 102 38 Fancy,
1702 1240 121 40 Striped,

1343 1294 54 29 and
1405 1294 119 39 Figured
1531 1293 118 29 Muslins
1658 1293 43 28 for
1710 1293 114 28 Blouses

1341 1347 110 29 —from
1465 1346 55 36 s|d
1533 1356 50 29 per
1592 1346 69 38 yard

1272 1409 134 37 Splendid
1419 1409 39 28 lot
1472 1410 29 27 of
1515 1409 104 37 Spring
1627 1407 56 28 and
1698 1408 127 28 Summer

1343 1459 72 32 Hats

1307 1575 90 32 NEW
1432 1577 158 38 GLOVES,
1620 1573 168 33 RIBBONS

1453 1703 193 30 VEILINGS.

1273 1833 200 29 TRIMMING
1487 1832 112 30 SILKS
1612 1831 83 29 AND
1708 1830 119 30 GIMPS

1413 1891 34 29 In
1468 1891 70 29 New
1557 1891 138 28 Patterns.

1394 2000 69 29 Nice
1483 2000 178 29 Assortment
1679 1997 30 30 of

1321 2063 110 29 NEW
1478 2060 316 36 UMBRELLAS,

1377 2114 71 31 from
1462 2115 32 29 4s
1508 2114 55 30 lid
1576 2117 30 28 to
1620 2114 49 29 10s
1683 2112 46 31 6d.

1272 2244 120 30 MEN'S
1432 2243 208 36 CLOTHING,
1682 2241 148 37 SHIRTS,

1377 2295 132 36 PANTS,
1538 2294 184 37 SCARVES,

1430 2348 158 35 BRACES,
1608 2348 61 35 &c,

1302 2411 39 28 At
1363 2410 92 30 Prices
1478 2414 29 26 to
1527 2410 65 40 defy
1612 2410 188 40 competition.

1270 2537 84 57 W.
1376 2540 59 54 T.
1468 2538 359 70 TALBOYS,

1407 2632 288 30 ROXBURGH.

1271 2734 155 53 Q.RAND
1453 2734 169 29 POPULAR
1655 2733 173 36 CONCERT,

1395 2783 90 28 Under
1497 2784 43 27 the
1553 2784 112 35 auspices
1679 2783 28 27 of

1331 2831 205 30 ROXBURGH
1555 2832 96 28 GLEE
1670 2831 104 29 CLUB.

1376 2909 37 29 At
1431 2909 41 29 the
1491 2911 183 33 Athenaeum,
1694 2919 32 18 on

1301 2952 211 35 THURSDAY,
1532 2954 74 26 15th
1629 2952 173 28 OCTOBER.

1273 3028 49 37 (To
1341 3028 56 28 thee
1418 3028 50 27 and
1489 3029 45 35 thy
1554 3038 123 26 company
1698 3038 37 17 we
1756 3028 43 27 bid
1818 3037 12 18 a

1430 3065 88 39 hearty
1537 3065 138 37 welcome.)

1404 3144 306 28 PROGRAMME.

1491 3187 80 27 Part
1590 3188 21 26 I.

1399 3230 103 36 Village
1766 3228 65 28 Club

1274 3268 120 27 Duet—«
1596 3268 54 26 Mrs
1686 3266 66 28 Hart
1782 3267 48 27 and

1455 3306 43 28 Mr
1512 3306 26 27 F.
1554 3304 22 28 J.
1586 3304 70 29 fferv.

1511 3344 29 26 of
1570 3345 41 24 the
1648 3342 79 27 Earth

1502 3381 101 26 Dunne.

1399 3418 179 28 Ironfounders
1720 3416 74 27 Club.

1393 3455 88 35 Flight
1492 3455 28 26 of
1528 3457 68 32 Aprs
1721 3453 105 27 Waters.

1404 3492 68 28 Loch
1483 3491 113 27 Lomond
1622 3490 130 27 —Messrs
1764 3490 47 27 Ben-

1385 3537 66 19 netts
1465 3530 47 26 and
1528 3531 31 24 A.
1577 3527 146 26 Robertson.

1491 3565 48 26 Old
1565 3563 84 27 Maids
1671 3563 28 25 of

1338 3604 55 27 Mrs
1406 3604 69 27 Hart
1493 3602 49 29 and
1564 3602 91 27 Misses
1679 3600 75 28 Birch
1777 3600 47 28 and

1335 3641 90 27 Smith.

1644 3673 122 28 Bennetts
1775 3673 49 28 and

1495 3713 102 36 Jeffery.

1389 3754 54 26 The
1457 3753 108 34 Anglers
1707 3749 71 27 Club.

1358 3823 83 26 Here
1463 3829 52 20 let
1535 3828 33 20 us
1588 3819 145 28 Breathe.

1481 3895 78 28 Part
1578 3893 37 29 11.

1264 3942 51 37 (Sit
1327 3942 74 28 down
1414 3941 89 29 awhile
1516 3939 50 29 and
1580 3939 35 28 let
1630 3948 30 18 us
1673 3948 61 18 once
1747 3938 73 36 again

1430 3977 73 29 assail
1516 3986 63 27 your
1591 3976 74 34 ears.)

1392 4023 48 29 Let
1448 4022 41 28 the
1502 4021 66 28 Hills
1580 4019 120 29 Resound

1506 4060 74 28 Club.

1629 4095 75 27 Birch
1718 4095 49 27 and
1780 4095 43 27 Mr

1444 4137 31 25 A.
1488 4134 150 27 Robertson.

1387 4172 80 35 Alice,
1479 4172 82 27 where
1571 4177 39 21 art

1498 4209 92 27 Smith.

1459 4247 88 35 Jingle
1556 4245 67 27 Bells
1747 4246 75 31 Hart,

1336 4287 65 26 Miss
1415 4285 106 32 Burton,
1535 4285 92 26 Messrs
1642 4282 122 28 Bennetts
1775 4283 47 27 and

1335 4322 103 35 Jeffery.

1488 4358 98 34 Beauty
1603 4358 25 27 in
1643 4357 42 28 the

1474 4397 62 26 Glee
1549 4390 71 31 Club.

1270 4433 181 30 Instrumental
1488 4432 122 27 Selection
1648 4431 129 36 (selected)

1336 4472 127 27 Members
1474 4471 26 26 of
1509 4471 41 26 the
1561 4469 141 27 Orchestral
1716 4470 106 34 Society.

1463 4508 80 26 Three
1566 4506 103 28 Chafers
1695 4507 129 25 —Messrs

1338 4546 101 33 Dunne,
1453 4546 31 26 R.
1500 4544 141 33 Cockburn,
1664 4543 31 28 D.
1719 4544 50 27 and
1791 4545 30 26 A.

1336 4585 150 26 Robertson.

1394 4621 52 27 The
1460 4621 92 26 Dream
1576 4619 28 27 of

1509 4657 72 27 Club.

1269 4701 71 35 (And
1354 4701 71 26 home
1440 4699 54 28 well
1509 4698 97 35 pleased
1621 4708 35 17 we
1676 4703 82 28 went;
1778 4707 46 17 nor

1295 4738 72 26 knew
1380 4747 36 17 we
1426 4737 53 27 well
1490 4738 66 25 what
1568 4735 96 37 pleased
1676 4745 27 17 us
1714 4735 85 36 most.)

1269 4808 143 26 Conductor
1451 4808 4 27 .

1269 4845 186 34 Accompanist.

1585 4809 43 24 Mr
1637 4807 25 26 J.
1678 4806 145 26 Dennetts

1586 4845 63 25 Miss
1663 4843 123 25 Ormond

1285 4922 159 26 Admission
1539 4921 72 26 ONE
1630 4919 174 27 SHILLING

1381 4958 35 25 To
1430 4957 32 25 all
1476 4963 69 28 parts
1558 4958 27 24 of
1596 4958 40 25 the
1651 4956 67 27 Hall.

1321 5026 148 28 DANCE
1502 5028 48 25 TO
1588 5026 183 35 FOLLOW,

1448 5065 145 26 Admission
1610 5066 34 25 Is.

1500 5138 26 28 F.
1547 5138 172 34 JEFFERY,

1566 5183 63 26 Hon.
1651 5183 134 33 Secretary.

1429 5243 243 30 NOTICE.

1267 5322 101 26 'i<HF-
1414 5319 209 28 ROXBURGH
1667 5320 154 27 ORCHES-

1278 5358 29 18 J-
1347 5358 97 27 TRAL
1455 5357 151 26 SOCIETY
1617 5359 92 24 intend
1719 5362 87 30 repeat-

1267 5399 44 32 ing
1321 5397 71 26 their
1402 5395 52 26 late
1463 5394 142 27 successful
1620 5394 165 27 CONCERT
1794 5396 27 26 in

1285 5446 46 26 Mr
1350 5444 129 27 EADY'S
1494 5444 107 31 HALL,
1616 5444 104 27 Millers
1735 5446 66 31 Flat,

1265 5494 38 27 On
1319 5493 143 28 FRIDAY
1476 5493 174 32 EVENING,
1664 5493 67 29 23rd
1745 5493 73 27 OCT.

1262 5569 147 26 Admission
1449 5590 25 6 ...
1514 5568 82 26 TWO
1615 5568 200 27 SHILLINGS.

1288 5617 88 27 Dance
1387 5620 27 24 to
1423 5617 216 33 follow—Gents,
1652 5618 38 32 Is;
1705 5617 95 27 Ladies

1502 5656 69 26 Free.

1335 5705 24 26 J.
1376 5705 23 30 S,
1414 5704 215 27 MORRISON)
1648 5723 17 13 0
1697 5704 1 32 .
1730 5704 3 32 .
1773 5721 5 6 .

1336 5742 35 27 M.
1387 5743 27 26 L.
1430 5742 159 29 ORMOND
1618 5735 12 39 j

1649 5722 164 28 Secretaries.

1995 236 253 29 NOTICE.

1918 320 26 17 iii
1963 311 80 30 Debts
2062 315 46 26 due
2130 319 25 22 to
2178 314 41 27 tie
2233 309 168 33 underpinned

1935 355 66 20 must
2012 350 29 27 be
2051 351 54 34 paid
2118 361 31 16 on
2160 360 27 16 or
2201 350 83 26 before
2297 346 84 28 TUES-

1848 384 84 30 DAY,
1955 386 72 28 20th
2044 388 163 31 INSTANT,
2222 391 25 21 to
2260 394 42 26 my
2316 383 74 27 Solici-

1848 427 44 27 tor,
1908 423 42 26 Mr
1964 422 27 28 P.
2007 425 31 27 G.
2052 426 153 31 Dalziell,
2221 422 140 33 Lawrence,
2376 431 26 17 or

1848 464 24 21 to
1886 469 35 27 m}
1921 469 6 9 r
1930 460 44 27 self
1987 462 148 35 personally.

2083 511 72 26 WM.
2175 508 124 34 M'KAY,

2217 547 151 30 Roxburgh.

3622 5506 19 19 A
3651 5511 73 17 drajt
3733 5508 21 19 of
3763 5515 12 13 a
3792 5508 93 22 hundred
3904 5511 64 26 prime
3976 5510 91 21 bullocks
4076 5510 69 27 parsed

3597 5537 91 29 through
3711 5540 109 22 Lawrence
3838 5543 89 26 recently
3945 5551 25 12 on
3994 5544 52 19 their
4067 5551 44 18 way
4126 5545 19 24 {o

3595 5570 60 25 Gore,
3665 5572 74 26 having
3747 5573 50 21 been
3811 5576 112 24 purchased
3931 5578 22 18 at
3963 5577 146 19 Aliddlemnich
4119 5576 26 26 by

3594 5605 32 21 Mr
3639 5605 34 23 W.
3685 5607 104 23 Fletcher.
3817 5609 53 22 Such
3881 5618 12 13 a
3902 5611 54 26 large
3971 5612 44 20 mob
4025 5611 21 20 of
4054 5610 91 28 splendid

3592 5640 64 20 cattle
3671 5648 39 13 was
3718 5649 13 13 a
3743 5644 78 24 pretty,
3834 5652 21 11 as
3865 5645 44 19 well
3919 5653 21 11 as
3953 5653 25 12 an
3989 5645 85 21 unusual
4084 5645 60 26 s-is-lit,

3590 5679 21 13 as
3623 5679 40 13 one
3678 5674 78 21 seldtrn
3767 5683 43 13 sees
3819 5677 49 20 such
3879 5678 118 25 uuifoimity
4008 5678 19 19 in
4037 5678 78 26 quality
4124 5684 21 13 as

3592 5714 42 13 was
3648 5708 102 22 coticable
3761 5710 20 20 in
3792 5711 41 20 this
3851 5712 37 26 lot,
3898 5720 60 18 every
3968 5713 73 20 animal
4057 5712 57 27 luiny
4124 5713 21 22 in

3590 5741 93 25 splendid
3692 5744 111 22 condition.
