4240 5920
180 207 76 27 THE
279 206 251 28 VOLUNTEERS.

118 288 152 24 ANOTHER
292 288 157 24 SCATHING
465 285 128 25 REPORT.

75 346 75 30 [Fbom
159 353 45 18 the
213 348 78 23 Stabs
301 349 192 22 Parliamentary
501 346 119 21 Reporter

232 406 216 27 WELLINGTON,
465 406 108 24 October
588 405 18 22 1.

105 438 92 24 Colonel
214 438 56 28 Fox,
287 439 39 22 the
342 437 100 29 military
460 436 89 23 adviser
563 437 25 21 to
598 433 39 24 the

77 468 163 28 Government,
260 469 24 22 in
303 468 35 23 bis
357 466 83 23 annual
457 469 84 27 report,
562 464 75 22 which

77 506 49 16 was
134 498 47 23 laid
191 499 76 23 before
278 498 138 23 Parliament
425 496 129 30 yesterday,
566 497 71 20 states

77 529 54 23 that
146 528 155 24 considerable
318 529 175 28 improvements
510 526 56 22 have
581 524 56 23 been

77 558 67 24 made
153 558 84 31 dnring
247 559 40 23 the
303 565 54 23 year
367 557 120 31 regarding
498 556 39 24 the
547 554 90 32 general

77 588 134 30 knowledge
230 588 115 29 possessed
365 588 30 29 by
414 588 94 26 officers,
525 593 98 16 non-com-

77 619 122 23 missioned
209 619 94 25 officers,
315 618 43 22 and
370 625 50 15 men
431 617 24 23 of
472 617 38 23 the
521 616 118 23 volunteer

77 650 75 29 force;
174 649 43 25 but
233 649 53 24 that
304 649 164 31 improvement
487 647 75 24 would
581 646 58 24 have

77 681 57 24 been
145 689 61 16 more
223 680 93 25 marked
327 680 44 23 had
388 680 40 23 the
438 680 135 23 instructors
583 679 56 22 been

77 712 25 22 of
120 712 76 22 better
212 712 97 29 quality,
327 710 45 23 and
392 711 27 22 he
438 710 103 29 strongly
556 716 69 15 recom-

78 741 79 23 mends
181 741 52 23 that
252 741 87 22 several
358 740 23 22 of
406 740 39 22 the
474 742 92 26 present
585 738 54 22 drill

77 774 116 26 sergeants
212 770 45 24 and
275 771 134 22 instructors
425 769 27 23 be
472 767 102 31 replaced
594 767 45 23 and

77 800 40 23 the
127 800 56 24 staff
190 800 135 30 augmented
335 800 30 30 by
375 802 130 28 competent
515 806 56 15 men.
603 797 36 24 He

77 830 46 25 had
151 831 115 32 generally
294 831 70 24 found
400 830 51 24 that
486 830 40 23 the
554 829 85 24 officers

78 862 58 23 have
164 862 58 23 done
253 870 24 15 as
308 862 66 23 much
406 869 24 15 as
461 861 66 23 could
552 867 75 16 reason-

78 892 54 30 ably
151 892 28 23 be
194 892 107 29 expected
319 892 24 22 of
360 892 70 26 them,
447 891 43 22 but
507 891 19 22 it
541 891 19 22 is
576 891 63 29 quite

77 922 129 30 impossible
222 922 36 23 for
274 922 62 23 them
354 924 24 20 to
395 921 61 22 learn
472 921 39 22 the
526 924 59 19 most
599 921 26 22 im-

77 955 94 27 portant
186 955 53 27 part
255 952 24 22 of
294 952 61 22 their
373 951 62 23 work
450 951 76 23 unless
536 951 55 29 they
601 958 38 15 are

77 982 127 23 instructed
228 983 24 21 in
272 982 50 23 that
343 981 63 23 work
427 983 29 28 by
476 981 82 23 skilled
579 988 56 15 men.

78 1012 71 29 Many
164 1012 24 23 of
205 1012 39 23 the
261 1012 92 27 officers,
366 1011 51 23 who
432 1018 38 16 are
484 1019 50 15 now
550 1011 49 22 able
614 1013 25 20 to

77 1043 99 24 instruct
199 1042 60 24 their
282 1049 51 16 men
352 1044 23 21 in
397 1045 94 27 outpost
510 1041 70 28 work,
601 1048 38 16 are

79 1073 133 24 themselves
223 1072 81 24 unable
322 1077 24 19 to
355 1073 64 30 place
430 1073 59 23 their
505 1080 49 16 men
566 1073 22 22 in
599 1072 39 22 the

77 1103 60 23 field.
174 1103 63 27 This,
254 1103 112 28 however,
385 1104 18 21 is
420 1106 42 19 not
478 1107 25 18 to
520 1103 60 21 their
593 1101 33 22 dis-

77 1133 80 28 credit,
169 1140 24 16 as
209 1133 54 31 they
275 1133 58 23 have
348 1135 40 20 not
403 1133 100 22 received
515 1132 39 23 the
564 1137 60 17 neces-

77 1171 52 21 sary
139 1164 106 30 training.
286 1164 48 23 The
351 1163 63 24 work
431 1164 74 23 learnt
519 1163 22 22 in
557 1169 13 15 a
584 1161 52 22 drill

77 1194 47 22 ball
134 1194 19 22 is
168 1194 24 22 of
207 1194 65 22 small
290 1194 65 22 value
366 1194 74 22 unless
450 1194 39 21 the
500 1192 84 23 officers
599 1197 37 15 are

77 1227 129 26 competent
224 1227 25 19 to
268 1227 53 20 turn
341 1223 52 23 that
412 1223 62 23 work
499 1225 23 19 to
541 1223 96 21 account

77 1255 66 22 when
166 1255 23 22 in
214 1254 40 23 the
277 1262 57 22 open
359 1253 44 23 and
427 1252 97 28 exposed
549 1255 24 19 to
597 1251 38 22 the

76 1285 41 22 fire
136 1284 24 24 of
183 1292 28 15 an
233 1291 87 23 enemy.
360 1283 24 23 It
403 1286 18 20 is
440 1281 134 31 practically
595 1281 26 22 im-

76 1314 97 28 possible
207 1315 35 22 for
279 1314 40 22 the
356 1314 91 22 district
479 1310 156 30 commanding

77 1345 84 22 officers
172 1348 24 20 to
206 1344 82 30 impart
306 1343 39 23 the
360 1349 117 22 necessary
490 1341 142 23 instruction.

76 1375 63 29 They
150 1375 54 22 visit
213 1375 60 22 their
282 1374 127 28 companies
424 1371 154 30 periodically,
593 1371 42 21 but

75 1405 74 29 rarely
166 1411 36 15 see
217 1404 62 23 them
294 1406 82 26 except
392 1404 24 20 at
429 1401 74 30 night,
515 1401 44 22 and
575 1401 59 22 their

75 1434 63 23 work
155 1435 19 21 is
190 1441 25 15 so
230 1434 133 22 continuous
381 1432 51 22 that
447 1432 19 22 it
477 1432 18 21 is
505 1430 129 30 impossible

75 1465 36 23 for
129 1464 62 24 them
211 1467 24 21 to
253 1463 83 24 remain
353 1469 61 16 more
432 1462 54 22 than
505 1469 12 15 a
533 1460 66 31 night
609 1464 25 18 at

75 1504 14 15 a
99 1496 54 23 time
163 1500 25 19 at
197 1495 54 23 each
262 1495 69 29 place.
363 1493 88 30 During
468 1493 39 23 the
519 1496 51 26 past
580 1499 54 22 year

76 1526 28 23 he
114 1526 100 28 (Colonel
225 1525 55 28 Fox)
291 1525 40 22 has
346 1525 58 22 done
415 1526 62 20 what
487 1524 28 21 he
526 1522 66 23 could
602 1522 30 29 by

75 1556 84 31 having
174 1556 40 23 the
229 1555 126 30 companies
372 1557 41 20 out
429 1557 25 19 at
468 1552 125 30 daybreak,
609 1560 25 15 as

75 1586 51 24 well
136 1594 24 15 as
170 1587 23 22 in
204 1586 38 23 the
252 1586 102 30 evening,
364 1587 24 21 to
400 1585 84 30 impart
499 1583 135 24 instruction

75 1622 25 19 to
110 1617 92 24 officers.
233 1616 63 29 This,
314 1616 28 23 he
359 1616 39 23 has
415 1615 67 23 much
498 1615 102 30 pleasure
611 1614 23 23 in

75 1648 88 30 saying,
181 1655 45 15 was
242 1646 127 31 originated
388 1646 30 29 by
443 1646 39 23 the
507 1645 128 23 volunteers

76 1679 142 27 themselves,
239 1677 74 23 which
333 1676 85 31 proved
442 1676 52 22 that
519 1676 54 28 they
597 1683 38 14 are

77 1710 93 21 anxious
188 1711 24 20 to
229 1710 66 21 make
310 1707 135 23 themselves
461 1714 25 15 as
503 1706 98 22 efficient
611 1713 24 15 as

76 1739 103 29 possible.
211 1738 28 23 In
258 1738 65 30 again
346 1738 81 29 urging
446 1737 52 22 that
519 1736 37 23 the
576 1736 59 22 force

76 1768 81 24 should
161 1769 30 23 be
195 1768 65 23 made
267 1775 60 16 more
331 1768 97 22 efficient
436 1769 29 28 by
469 1766 121 30 supplying
597 1766 38 23 the

75 1806 118 23 necessary
204 1799 143 27 instruction,
359 1797 91 25 Colonel
460 1796 47 24 Fox
522 1804 52 22 says
584 1797 52 23 that

76 1830 20 23 it
112 1834 62 18 must
192 1829 26 23 be
233 1828 152 24 remembered
396 1829 51 22 that
458 1828 38 22 the
507 1827 129 23 volunteers

76 1867 38 16 are
125 1860 39 23 the
174 1860 45 23 sole
230 1859 92 23 defence
331 1859 60 22 force
406 1858 23 23 of
444 1858 39 23 the
498 1857 87 29 colony,
597 1856 39 23 the

75 1893 134 28 permanent
228 1890 60 23 force
306 1889 68 30 being
388 1888 23 24 of
427 1895 29 16 no
472 1888 73 28 value,
562 1887 74 23 unless

76 1921 124 31 supported
211 1921 30 30 by
251 1928 61 15 some
322 1921 65 23 other
397 1919 97 23 efficient
505 1919 66 23 force.
599 1918 35 23 He

76 1952 82 28 hardly
175 1952 67 22 knew
256 1952 24 21 of
296 1958 45 22 any
352 1952 116 21 volunteer
485 1950 86 21 officers
586 1950 50 21 who

76 1982 64 21 could
152 1988 51 22 pass
219 1989 28 14 an
259 1981 151 22 examination
421 1980 22 21 in
454 1980 87 25 tactics,
559 1982 64 26 topog-

75 2011 81 30 raphy,
176 2010 45 23 and
246 2010 53 24 field
323 2009 147 24 fortification
493 2010 54 21 such
566 2016 24 15 as
618 2016 17 15 is

76 2042 80 28 passed
167 2041 30 29 by
207 2041 138 23 lieutenants
355 2041 23 23 in
390 2041 38 22 the
438 2039 107 30 Imperial
553 2039 79 29 Army,

75 2070 45 23 and
130 2072 23 21 in
169 2078 68 22 many
247 2079 61 14 cases
322 2071 30 28 by
368 2070 39 23 the
417 2070 117 22 volunteer
549 2069 86 22 officers

74 2100 24 23 of
122 2100 39 24 the
187 2100 86 24 United
293 2100 121 30 Kingdom.
455 2099 24 23 It
503 2098 66 24 could
593 2102 42 19 not

74 2130 29 24 be
126 2131 118 30 expected,
270 2131 92 23 Colonel
390 2130 47 23 Fox
466 2137 60 22 says,
552 2130 35 22 for
611 2129 23 23 in

75 2161 104 31 England
199 2169 68 22 every
287 2162 88 29 facility
395 2162 19 22 is
433 2161 67 29 given
517 2160 34 23 for
571 2160 64 22 those

74 2192 52 22 who
145 2191 73 24 desire
237 2195 25 20 to
282 2191 69 28 learn,
373 2191 67 22 while
460 2191 52 22 here
533 2191 62 22 there
616 2191 19 21 is

74 2222 133 30 practically
218 2229 28 15 no
256 2222 136 23 instruction
403 2221 88 29 beyond
501 2221 52 22 that
563 2221 23 22 of
597 2220 38 23 the

73 2252 54 23 drill
142 2255 112 26 sergeant,
273 2252 73 23 which
362 2251 136 23 instruction
515 2253 19 20 is
552 2251 72 22 insuffi-

74 2283 67 24 cient.
172 2282 23 25 If
206 2283 19 23 it
235 2283 18 24 is
263 2282 70 25 found
345 2283 52 23 that
407 2282 39 24 the
456 2284 91 28 present
558 2281 64 24 volun-

73 2318 49 19 teer
131 2314 61 23 force
206 2314 66 23 could
290 2317 41 19 not
346 2314 27 21 be
384 2314 105 28 properly
500 2312 133 28 instructed,

73 2344 56 22 then
146 2344 18 23 it
181 2343 75 23 would
272 2343 27 23 be
315 2350 118 21 necessary
449 2346 24 19 to
489 2343 86 29 change
595 2343 39 21 the

73 2374 153 29 organisation
251 2374 48 22 into
318 2381 42 15 one
385 2373 52 23 that
460 2373 66 23 could
552 2374 26 21 be
602 2373 20 22 in-

72 2404 104 23 structed
186 2406 41 19 out
236 2404 23 22 of
268 2403 67 22 doors
345 2403 44 22 and
404 2403 22 22 in
437 2403 111 28 daylight.

101 2433 27 24 In
149 2434 38 23 the
210 2433 137 31 Wellington
367 2433 45 23 and
429 2433 144 29 Canterbury
590 2433 33 22 dis-

72 2465 68 22 tricts
154 2464 45 23 and
214 2467 25 20 at
258 2464 84 23 Nelson
361 2465 39 22 the
417 2463 60 23 force
497 2464 40 21 has
556 2464 78 21 shown

72 2495 53 22 that
135 2495 39 22 the
184 2494 86 22 officers
280 2493 45 23 and
340 2500 50 15 men
406 2493 57 22 have
473 2493 59 22 done
541 2493 31 22 all
582 2493 52 22 that

71 2525 20 22 is
109 2524 132 30 practically
258 2523 103 30 possible.
399 2523 27 23 In
445 2523 39 23 the
500 2523 72 30 Otago
589 2523 33 23 dis-

72 2555 55 23 trict
146 2554 39 24 the
204 2554 91 24 Colonel
312 2554 86 23 notices
415 2554 56 22 with
492 2557 75 26 regret
582 2554 52 21 that

72 2585 66 23 much
163 2586 162 29 improvement
346 2584 40 23 has
406 2587 40 20 not
467 2584 69 22 taken
561 2584 70 29 place,

72 2615 66 24 while
158 2616 22 22 in
197 2615 38 23 the
248 2614 120 24 Auckland
385 2614 98 28 district,
496 2615 23 21 in
529 2621 25 15 so
565 2614 34 22 far
608 2621 25 15 as

72 2647 40 22 the
123 2646 58 22 rifles
191 2645 45 24 and
250 2645 107 23 mounted
376 2645 58 22 rifles
450 2652 38 15 are
499 2644 132 28 concerned,

75 2677 40 23 the
125 2677 59 23 force
194 2677 19 22 is
224 2676 126 30 absolutely
368 2676 89 22 useless.
494 2675 27 23 In
540 2675 54 22 each
610 2676 23 21 of

72 2707 64 22 these
154 2707 103 21 districts
276 2707 64 21 there
366 2706 19 22 is
404 2706 51 28 only
476 2713 43 14 one
540 2705 93 29 capable

72 2737 102 30 infantry
186 2736 53 24 drill
256 2737 129 23 instructor.
417 2734 28 25 In
455 2735 40 24 the
504 2735 74 30 Otago
588 2734 33 24 dis-

74 2769 55 22 trict
148 2769 63 22 there
230 2775 37 15 are
287 2768 79 28 plenty
388 2767 24 22 of
431 2766 136 29 companies,
589 2766 43 22 but

73 2805 67 23 many
151 2798 22 23 of
184 2798 61 23 them
255 2804 38 17 are
303 2797 88 23 useless.
423 2796 27 24 In
462 2799 39 20 tbe
511 2795 120 24 Auckland

74 2829 91 23 district
182 2828 63 24 there
259 2836 38 15 are
311 2829 35 22 ix
363 2828 135 29 companies,
515 2827 24 23 of
558 2827 73 23 which

73 2859 54 29 only
137 2862 45 19 two
192 2866 38 15 are
246 2859 24 22 of
283 2865 44 23 any
342 2857 72 23 value.
448 2857 77 23 Under
540 2860 93 27 present

74 2889 125 24 conditions
210 2889 19 24 it
239 2888 74 24 would
329 2888 27 24 be
372 2887 128 32 impossible
515 2890 24 21 to
549 2887 83 24 defend

73 2920 121 23 Auckland
204 2920 56 23 with
271 2920 38 23 the
319 2920 60 23 force
389 2919 117 23 available.

102 2951 47 22 The
163 2955 132 24 permanent
305 2950 60 22 force
376 2951 93 19 consists
480 2950 23 21 of
513 2949 50 22 four
573 2956 44 15 com-

73 2980 85 29 panies,
170 2979 137 23 distributed
317 2982 25 19 at
358 2979 38 22 the
406 2979 51 22 four
466 2979 60 21 chief
535 2982 96 23 centres,

74 3009 45 23 and
135 3010 19 22 is
171 3009 117 28 composed
305 3009 23 22 of
343 3017 13 14 a
372 3008 57 23 total
449 3010 23 21 of
489 3008 37 23 191
547 3008 86 22 officers

74 3039 45 23 and
130 3047 57 19 men,
200 3040 39 22 123
249 3039 23 23 of
282 3038 73 23 whom
365 3046 38 15 are
412 3038 114 23 stationed
537 3041 25 20 at
575 3037 44 23 Wel-

74 3069 96 30 lington,
181 3070 28 22 29
219 3073 25 19 at
254 3069 127 28 Auckland,
393 3070 27 22 25
431 3073 24 18 at
464 3069 111 24 Dunedin,
589 3068 44 23 and

77 3101 26 20 14
112 3102 25 18 at
147 3099 125 28 Lyttelton.
303 3099 55 22 This
368 3099 84 21 branch
463 3099 22 21 of
501 3099 38 20 the
551 3099 83 19 service

76 3129 40 24 has
126 3128 56 25 been
192 3128 86 30 largely
288 3127 121 24 increased.

236 3177 239 16 RECOMMENDATION'S.

102 3205 91 24 Colonel
203 3205 47 23 Fox
260 3213 51 22 says
322 3206 51 22 that
381 3206 27 22 he
417 3205 39 23 has
465 3204 168 23 recommended

73 3235 53 25 that
135 3235 40 25 the
189 3235 171 25 establishment
376 3235 24 24 of
416 3235 86 24 officers
518 3235 45 23 and
580 3242 40 16 non-

73 3267 169 24 commissioned
252 3268 86 23 officers
348 3266 80 24 should
439 3267 27 23 be
476 3266 122 28 increased,
610 3273 24 16 as

73 3299 24 22 in
107 3306 46 15 war
163 3299 62 26 time,
238 3299 17 22 if
264 3306 44 22 any
319 3298 98 22 efficient
426 3297 92 23 defence
533 3298 19 22 is
568 3301 24 18 to
608 3297 26 22 be

73 3329 72 27 made,
165 3329 19 22 it
198 3329 47 22 will
262 3329 26 22 be
305 3336 117 20 necessary
433 3332 24 18 to
472 3328 58 21 have
549 3327 85 22 officers

72 3358 46 23 and
141 3358 224 23 non-commissioned
384 3358 86 22 officers
495 3357 93 29 capable
612 3357 23 22 of

73 3388 72 31 filling
155 3388 39 24 the
205 3391 58 21 most
273 3388 137 30 responsible
421 3388 116 29 positions,
556 3386 44 24 and
616 3388 19 22 it

72 3419 20 23 is
107 3426 116 22 necessary
233 3422 25 20 to
274 3419 58 23 have
349 3419 62 22 them
427 3418 88 23 trained
532 3421 24 19 to
575 3417 60 23 their

73 3449 186 30 responsibilities
269 3449 82 29 during
365 3456 67 22 peace
450 3449 61 22 time.
543 3447 36 24 He
588 3448 47 22 also

74 3479 153 23 recommends
246 3479 52 23 that
318 3479 38 22 the
375 3478 115 29 efficiency
507 3478 23 23 of
546 3478 31 23 all
596 3478 39 23 the

73 3509 225 23 non-commissioned
309 3509 85 23 officers
406 3508 44 23 and
462 3516 49 15 men
522 3508 27 22 be
561 3508 73 23 tested

74 3541 30 29 by
114 3539 83 24 annual
207 3540 169 23 examinations.

103 3570 48 24 Tho
162 3570 123 24 Estimates
300 3574 42 27 put
351 3569 98 24 forward
459 3569 94 31 provide
564 3569 34 24 for
606 3577 28 15 an

74 3602 99 22 increase
193 3602 24 21 in
236 3602 39 21 the
295 3601 68 22 ranks
379 3602 22 21 of
421 3602 39 21 the
479 3601 141 21 non-commis-

74 3631 78 22 sioned
171 3631 93 22 officers.
296 3630 54 23 Two
369 3630 103 29 artillery
492 3630 85 22 officers
595 3637 38 15 are

74 3668 118 22 necessary
202 3664 25 19 at
237 3660 128 28 Auckland,
382 3660 148 30 Wellington,
549 3659 73 31 Lyttel-

76 3696 47 22 ton,
135 3691 44 22 and
191 3690 112 23 Dunedin.

103 3720 24 24 It
137 3721 19 23 is
166 3720 91 29 useless,
268 3720 91 24 Colonel
370 3720 47 23 Fox
434 3727 52 23 goes
505 3727 28 16 on
551 3722 24 21 to
585 3727 48 22 say,

76 3755 24 20 to
117 3755 81 26 expect
208 3751 52 23 that
277 3751 117 23 volunteer
404 3751 86 23 officers
500 3758 40 16 can
551 3750 83 23 devote

75 3783 40 22 the
131 3783 54 22 time
202 3788 117 23 necessary
337 3784 24 20 to
377 3781 60 23 learn
457 3781 37 23 the
512 3781 61 23 work
585 3781 23 23 of
622 3788 13 15 a

75 3812 102 28 garrison
187 3812 103 30 artillery
299 3812 76 23 officer
389 3812 23 22 in
422 3812 31 22 all
469 3812 30 22 its
518 3811 114 23 branches.

76 3843 59 21 Such
146 3842 62 21 work
219 3849 42 14 can
279 3843 54 27 only
344 3842 26 21 be
381 3841 90 22 learned
486 3842 32 28 by
532 3849 64 21 years
612 3842 22 21 of

75 3871 77 31 study.
175 3871 63 30 They
246 3879 48 20 can,
305 3871 110 28 however,
428 3870 64 24 make
501 3871 134 23 themselves

75 3903 51 23 able
133 3903 127 26 assistants,
269 3902 44 23 and
319 3910 25 15 so
355 3902 38 23 the
401 3903 85 22 officers
494 3902 23 23 of
527 3902 39 23 the
575 3901 45 23 Wel-

76 3934 89 29 lington
180 3932 74 25 Naval
265 3933 110 29 Artillery
391 3933 56 23 have
463 3932 83 30 proved
564 3932 56 23 them-

76 3964 72 23 selves
173 3967 24 19 to
225 3962 34 24 be.
305 3963 70 21 These
399 3964 86 21 officers
509 3970 37 14 are
568 3964 67 28 going

76 3993 99 30 through
192 4000 14 14 a
225 3993 121 29 voluntary
363 4000 78 14 course
457 3993 22 21 of
499 3993 135 21 instruction

76 4023 72 24 under
158 4023 182 31 Master-gunner
349 4021 146 24 Richardson.
527 4022 48 23 The
582 4029 39 16 non-

76 4054 170 24 commissioned
256 4054 86 23 officers
352 4053 45 24 and
407 4054 73 23 senior
490 4061 97 22 gunners
597 4061 38 15 are

75 4084 160 27 well-trained,
247 4084 92 22 reliable
350 4091 56 15 men.

103 4114 93 25 Colonel
206 4114 47 24 Fox
261 4113 152 25 recommends
422 4113 50 25 that
481 4113 39 24 the
526 4113 109 25 artificers

75 4145 81 23 should
177 4145 86 22 receive
283 4145 126 29 promotion
429 4148 24 19 to
473 4144 39 23 the
532 4144 57 23 rank
613 4144 23 22 of

76 4178 105 28 sergeant
196 4183 28 15 on
245 4174 39 24 the
299 4183 61 15 sime
378 4174 56 24 lines
450 4182 24 15 as
493 4182 84 22 govern
598 4174 38 23 the

75 4207 128 30 promotion
217 4205 24 24 of
255 4205 111 23 ordnance
381 4205 109 23 artificers
505 4205 23 23 in
540 4205 37 23 ihe
592 4204 29 23 Im-

76 4237 73 30 perial
158 4237 92 22 service.

145 4284 49 17 THE
208 4284 139 17 SUBMARINE
364 4283 86 17 MINING
467 4282 101 18 BRANCH.

104 4314 55 24 This
170 4314 83 23 branch
264 4314 23 22 of
303 4313 39 24 the
358 4314 59 22 force
427 4313 19 23 is
457 4320 50 16 now
517 4312 118 31 composed

76 4345 23 24 of
114 4346 27 24 79
151 4345 86 23 officers
247 4344 44 23 and
302 4352 58 20 men,
372 4346 27 21 44
416 4345 23 22 of
453 4345 73 22 whom
537 4351 38 16 are
591 4346 33 21 sta-

76 4375 78 24 tioned
164 4379 25 19 at
201 4375 144 30 Wellington.
378 4374 23 24 It
417 4375 40 23 has
474 4374 56 23 been
540 4374 94 23 decided

76 4406 52 23 that
138 4406 40 23 the
187 4405 104 31 Torpedo
300 4405 72 30 Corps
387 4405 58 23 shall
462 4405 35 23 for
507 4406 40 22 the
557 4405 77 22 future

76 4436 28 23 be
114 4436 39 23 the
163 4435 128 24 submarine
301 4436 86 29 raining
403 4435 83 23 branch
497 4435 23 23 of
537 4435 39 23 the
586 4442 36 23 per-

75 4469 93 20 manent
178 4466 66 23 force.
276 4465 23 23 It
309 4466 80 23 should
405 4465 120 28 therefore,
537 4465 27 22 he
573 4472 60 22 says,

75 4497 28 23 he
127 4496 93 24 divided
244 4497 49 23 into
318 4499 45 20 two
387 4496 198 29 companiesone
609 4499 25 19 at

74 4527 129 28 Auckland,
224 4527 40 23 the
282 4527 67 23 other
365 4529 24 21 at
408 4526 146 27 Wellington.
586 4525 48 24 The

74 4558 71 23 latter
161 4565 110 23 company
281 4557 80 23 should
377 4557 83 29 supply
477 4556 157 24 detachments

74 4588 35 23 for
119 4588 103 28 working
241 4588 40 22 the
297 4591 71 18 steam
387 4587 107 22 launches
511 4590 25 19 at
546 4586 75 30 Lyttel-

75 4621 41 19 ton
130 4617 44 22 and
194 4617 113 27 Dunedin,
325 4616 44 23 and
387 4616 35 23 for
438 4616 38 22 the
492 4623 50 15 care
557 4616 23 22 of
596 4616 38 22 the

74 4647 128 22 submarine
220 4647 85 28 mining
321 4650 72 17 stores
410 4649 24 18 at
445 4645 111 22 Dunedin.
587 4645 48 21 The

76 4675 224 24 non-commissioned
324 4675 86 23 officers
434 4674 44 24 and
502 4682 51 16 men
573 4674 61 23 work

76 4707 57 22 well.
165 4706 48 23 The
222 4713 50 15 new
282 4706 151 28 organisation
444 4706 46 21 will
501 4705 93 29 provide
601 4705 35 22 for

76 4736 137 31 responsible
224 4743 50 16 men
285 4735 66 31 being
361 4734 117 30 employed
493 4735 23 22 in
527 4735 109 29 positions

76 4767 98 25 suitable
190 4770 24 21 to
232 4767 60 23 their
307 4765 175 31 responsibility.
520 4764 24 24 It
563 4766 19 22 is
596 4769 40 19 not

76 4798 116 23 advisable
216 4801 25 19 to
271 4797 106 22 continue
408 4797 100 28 training
539 4803 50 15 men
613 4797 23 21 in

76 4827 95 30 torpedo
187 4826 78 27 work;
289 4826 60 23 their
364 4826 96 22 services
476 4832 38 15 are
533 4825 105 29 required

77 4857 126 24 elsewhere.

243 4893 48 18 THE
308 4893 158 19 VOLUNTEERS.

104 4924 114 31 Speaking
234 4924 24 24 of
271 4924 40 23 the
328 4924 136 27 volunteers,
481 4923 92 24 Colonel
589 4922 47 23 Fox

76 4962 66 23 says:
163 4955 48 23 The
228 4955 102 29 artillery
345 4954 44 22 and
406 4953 129 23 submarine
551 4953 85 28 mining

76 4986 90 29 portion
183 4985 23 22 of
220 4985 40 22 the
276 4984 66 23 naval
359 4984 102 29 artillery
474 4983 129 23 volunteers
618 4983 19 21 is

76 5016 41 21 the
133 5018 59 19 most
203 5014 102 23 valuable
323 5014 83 23 branch
423 5014 24 23 of
462 5014 40 22 the
519 5013 118 22 volunteer

76 5046 61 22 force
153 5046 24 22 in
195 5045 46 22 this
250 5044 86 30 colony.
366 5044 67 24 From
451 5044 39 23 the
504 5047 77 27 report
598 5042 39 23 the

77 5075 162 30 requirements
255 5074 43 24 and
316 5078 91 27 present
422 5074 116 24 condition
555 5074 23 22 of
598 5073 39 23 the

78 5106 118 22 volunteer
205 5105 59 23 force
274 5113 38 15 are
322 5105 53 23 thus
384 5106 78 22 shown
472 5114 35 14 :

101 5141 24 19 In
133 5140 37 20 the
178 5140 106 20 Auckland
292 5140 81 20 district
381 5141 36 19 the
424 5141 83 23 present
518 5140 55 19 force
587 5138 16 21 is
615 5139 23 20 27

78 5165 76 20 officers
163 5164 40 21 and
210 5164 35 21 553
252 5170 53 18 men,
311 5164 61 21 while
380 5165 35 20 the
424 5164 86 21 numl>er
518 5162 93 26 required
620 5163 18 20 is

77 5189 68 22 stated
153 5190 22 20 to
183 5189 25 20 he
215 5190 23 21 54
246 5190 76 20 officers
330 5190 40 20 and
379 5190 50 24 1,315
438 5196 53 15 men.

100 5214 25 20 In
139 5214 36 20 the
183 5213 125 24 Wellington
320 5214 81 20 district
414 5214 35 20 tbe
463 5214 81 24 present
558 5213 54 20 force
621 5213 17 19 is

78 5239 22 19 70
112 5238 76 19 officers
201 5237 41 19 and
258 5235 50 25 1,161
325 5244 52 17 men,
393 5237 36 21 the
442 5237 87 21 number
544 5236 93 24 required

77 5261 61 24 being
145 5262 22 19 51
175 5261 77 20 officers
259 5261 40 20 and
311 5262 52 23 1,315
371 5267 53 14 men.

102 5286 24 19 In
138 5285 37 20 the
183 5285 127 23 Canterbury
318 5285 80 21 district
411 5286 36 19 the
459 5287 83 22 present
554 5285 54 19 force
620 5284 18 19 is

78 5310 22 20 54
113 5309 77 20 officers
203 5308 40 21 and
262 5309 50 25 1,004
326 5315 53 19 men,
396 5309 35 22 the
445 5309 87 21 number
545 5307 92 26 required

79 5334 60 25 being
145 5334 25 21 52
176 5334 76 20 officers
260 5334 40 21 and
308 5334 51 25 1,315
367 5341 53 14 nieu.

102 5359 24 19 In
140 5359 67 20 North
220 5359 40 20 and
274 5354 66 26 South
347 5361 65 22 Otago
419 5359 41 21 and
474 5358 115 22 Southland
601 5357 37 21 tbe

78 5385 81 23 present
175 5383 54 21 force
244 5383 16 21 is
275 5384 22 20 67
312 5384 77 20 officers
403 5383 42 21 and
460 5384 52 23 1,388
528 5389 54 18 men,
602 5382 36 20 the

79 5407 87 21 number
173 5408 91 24 required
274 5408 59 24 being
340 5409 23 19 52
371 5409 76 19 officers
455 5408 41 20 and
505 5408 51 23 1,315
565 5413 52 14 men.

101 5432 25 19 In
135 5431 81 24 Nelson,
226 5432 149 24 Marlborough,
384 5432 40 20 and
433 5432 105 19 Westland
552 5431 35 20 the
594 5437 33 17 pre-

78 5457 47 19 sent
144 5456 54 19 force
217 5456 17 19 is
253 5456 23 20 4S
290 5456 77 20 officers
390 5456 41 20 and
460 5456 34 21 67N
518 5461 61 18 men;
601 5455 37 20 the

80 5480 87 20 number
175 5480 92 23 required
276 5481 17 19 is
302 5482 36 18 not
345 5481 75 20 stated

107 5509 24 24 It
142 5510 46 23 will
205 5509 27 23 be
243 5516 50 16 seen
310 5510 56 23 from
384 5510 40 24 tbe
433 5510 71 23 above
514 5510 52 23 that
578 5509 45 23 Wel-

79 5540 88 28 lington
184 5540 20 24 is
220 5540 40 24 the
269 5540 54 31 only
333 5540 91 25 district
439 5538 74 26 where
531 5540 39 24 the
580 5539 57 25 rank

79 5570 45 25 and
134 5571 37 23 file
181 5570 82 24 exceed
274 5571 39 23 the
323 5571 94 24 number
427 5571 111 30 required.

274 5618 72 16 DRILL
361 5618 80 17 HALLS.

108 5648 79 24 Under
203 5648 46 23 this
265 5647 96 31 heading
379 5648 90 24 Colonel
486 5648 47 22 Fox
544 5646 66 32 says:
627 5646 11 24 I

77 5678 142 26 recommend
244 5678 52 24 that
318 5685 61 17 some
398 5682 62 26 steps
478 5678 29 24 be
526 5678 68 23 taken
615 5681 24 19 to

78 5717 80 17 ensure
169 5710 51 23 that
232 5709 39 23 the
280 5709 109 22 Garrison
399 5702 54 29 Hall
464 5711 24 19 at
498 5708 105 23 Dunedin
612 5708 27 22 be

78 5740 111 25 available
208 5739 36 24 for
262 5738 54 24 drill
335 5738 66 23 when
418 5737 111 31 required.
563 5737 76 24 Under

78 5773 93 30 present
180 5771 170 28 arrangements
365 5768 39 24 the
414 5768 128 23 volunteers
557 5775 37 15 are
605 5768 34 22 for

79 5802 74 23 weeks
173 5799 110 26 debarred
303 5799 58 25 from
380 5799 40 24 the
436 5806 38 16 use
492 5798 22 25 of
530 5797 39 25 the
584 5797 52 25 ball.

665 203 33 24 At
708 202 54 24 each
772 202 23 23 of
811 202 40 23 the
866 202 66 23 other
947 203 88 22 centres
1044 200 64 25 there
1118 200 19 23 is
1152 207 13 16 a
1179 199 47 24 hall

666 233 73 23 which
750 233 19 22 is
778 232 132 31 practically
921 232 85 30 always
1023 230 117 29 available,
1152 230 44 22 and
1207 231 19 22 is

665 264 54 31 only
728 263 56 24 used
794 264 34 23 for
838 263 66 24 other
921 270 107 24 purposes
1043 263 64 23 when
1118 262 20 23 it
1147 268 41 17 can
1199 261 27 23 be

665 295 88 29 spared.
794 294 47 22 The
859 295 56 21 East
930 294 82 26 Taieri,
1025 294 78 25 Bruce,
1115 292 45 22 and
1172 292 39 21 Kai-

666 326 93 26 tangata
769 323 54 22 drill
837 323 58 22 halls
909 330 39 16 are
958 323 30 22 all
997 322 85 23 clasaed
1093 329 24 15 as
1128 321 65 29 being
1203 320 23 23 of

665 353 137 24 insufficient
811 353 50 24 size.

812 404 48 16 THE
875 404 74 16 OTAGO
965 402 112 18 DISTRICT.

697 433 99 30 Writing
806 433 23 23 of
840 433 38 23 the
893 433 73 30 Otago
983 432 44 23 and
1045 430 126 24 Southland
1182 430 33 23 dis-

667 465 62 26 trict,
750 464 92 22 Colonel
866 463 48 23 Fox
933 470 65 22 says:
1023 462 47 22 The
1095 462 72 29 Otago
1182 460 33 22 dis-

667 494 61 28 trict,
750 493 73 23 which
843 501 46 14 was
908 491 139 24 constituted
1063 499 28 15 on
1110 491 78 22 March
1206 491 18 25 1,

668 525 60 27 1895,
740 524 35 22 for
785 524 39 22 the
839 531 97 22 purpose
947 522 22 23 of
979 522 128 30 organising
1117 521 39 22 the
1166 520 59 23 force

667 555 34 23 for
716 554 39 23 the
769 553 93 24 defence
876 553 24 23 of
910 553 112 27 Dunedin,
1035 552 39 22 has
1089 550 70 30 lately
1169 550 56 22 been

666 585 92 22 divided
778 585 49 22 into
844 585 30 22 its
888 584 37 23 old
941 583 114 24 divisions
1086 581 48 23 The
1151 579 74 24 North

667 615 73 30 Otago
756 614 92 23 district
867 613 100 24 includes
987 616 45 19 two
1048 611 100 28 infantry
1168 616 42 16 com-

668 646 84 31 panies,
763 653 41 16 one
816 644 106 25 mounted
939 643 48 25 rifle
997 649 117 24 company,
1125 639 43 25 and
1184 646 41 17 one

667 677 106 24 so-called
795 677 52 23 field
872 677 98 29 battery.
1001 675 73 23 There
1098 673 18 22 is
1140 679 29 15 no
1193 671 21 23 in-

668 712 105 19 structor.
805 708 47 21 The
870 705 125 24 Southland
1013 704 90 22 district
1121 703 39 21 has
1175 701 50 22 four

668 738 101 29 infantry
779 738 134 28 companies,
925 743 41 14 one
981 735 64 21 horse
1055 732 102 27 artillery
1167 738 43 14 com-

668 775 68 22 pany,
756 774 42 16 one
817 765 107 24 mounted
944 764 48 23 rifle
1010 768 118 22 company,
1148 759 44 23 and
1212 766 13 15 a

668 797 52 24 field
745 797 97 28 battery.
883 790 244 28 Lieutenant-colonel
1152 788 73 23 Webb

668 827 128 26 commands
813 827 39 23 the
870 825 96 24 district.
997 823 36 24 He
1052 821 53 24 does
1121 820 62 23 what
1197 819 27 23 he

668 867 40 15 can
720 863 23 19 to
757 858 64 23 make
832 858 35 23 his
877 856 91 23 district
983 854 103 23 efficient.
1118 851 72 23 There
1205 851 18 21 is

668 893 47 24 not,
741 889 110 25 however,
877 887 38 23 the
939 885 96 22 uniform
1061 882 164 30 improvement

668 920 52 22 here
731 919 51 22 that
792 919 39 21 has
846 917 55 23 been
917 915 63 23 made
990 915 23 21 in
1029 914 38 22 the
1082 910 141 28 Canterbury

667 950 44 23 and
737 948 137 30 Wellington
900 945 108 23 districts.
1046 943 47 23 The
1115 940 109 24 available

668 981 59 21 force
738 980 18 21 is
774 978 133 28 inadequate
922 976 35 21 for
974 974 39 23 the
1030 973 91 22 defence
1131 971 23 23 of
1169 970 55 23 Port

667 1010 115 22 Chalmers
801 1008 44 21 and
865 1004 104 24 Dunedin
989 1011 28 14 on
1037 1010 28 15 an
1082 1007 139 23 emergency.

667 1039 47 24 The
731 1046 49 15 men
798 1037 22 24 of
840 1035 74 25 North
938 1034 72 30 Otago
1034 1032 44 24 and
1098 1029 125 26 Southland

667 1072 60 21 must
737 1069 26 22 be
774 1068 76 23 dn.wn
862 1074 66 22 upon.
960 1065 23 23 It
994 1063 73 24 would
1083 1063 27 22 be
1121 1062 74 23 better
1206 1061 17 23 if

667 1101 38 21 the
722 1100 59 22 force
801 1096 102 24 destined
924 1100 23 18 to
967 1096 27 21 be
1011 1095 22 21 in
1049 1100 46 15 war
1110 1093 54 22 time
1179 1099 30 15 em-

666 1128 81 31 ployed
764 1128 71 22 under
852 1133 13 16 a
882 1126 86 22 certain
982 1122 157 29 commanding
1148 1121 76 22 officer

666 1166 57 16 were
734 1157 77 31 placed
822 1157 71 23 under
903 1156 35 22 his
948 1154 76 23 orders
1035 1154 22 22 in
1068 1161 67 21 peace
1146 1152 61 23 time.

693 1188 102 29 Apropos
812 1191 23 18 to
853 1187 38 22 the
905 1185 56 23 local
976 1185 79 26 forces,
1067 1183 91 23 Colonel
1176 1181 47 23 Fox

665 1218 75 23 makes
751 1218 39 23 the
805 1216 114 29 following
938 1214 99 23 remarks
1048 1213 82 23 :The
1149 1213 73 29 Otago

665 1249 104 27 Hussars,
785 1246 125 28 excellent;
932 1244 75 24 Noith
1024 1244 73 29 Otago
1113 1242 110 25 Mounted

665 1279 76 27 Rifles,
747 1286 54 21 very
804 1277 64 31 good.
886 1275 104 25 Dunedin
995 1274 93 29 Navals,
1094 1282 22 15 vt
1122 1281 26 24 ry
1157 1273 63 32 gocd.

665 1309 54 22 Port
733 1308 116 24 Chalmers
862 1307 93 27 Navals,
971 1306 67 23 much
1049 1304 123 31 improved.
1204 1304 19 23 B

664 1339 103 29 Battery,
778 1337 114 31 ptrtonntl
904 1337 72 31 good;
992 1336 106 23 material
1115 1335 106 22 obsolete.

665 1369 103 23 Dunedin
788 1369 131 29 Engineers,
941 1375 54 22 very
1015 1366 65 31 good.
1118 1365 105 24 Dunedin

663 1399 106 23 Garrison
786 1398 72 28 Band,
877 1404 56 24 very
951 1397 65 30 good.
1048 1396 105 23 Dunedin
1171 1395 53 30 City

663 1429 96 28 Guards,
771 1429 64 29 good.
867 1428 74 23 North
954 1427 105 23 Dunedin
1074 1425 77 28 Rifles,
1168 1433 54 22 very

663 1459 64 28 good.
759 1458 72 24 Bruce
852 1458 77 29 Rifles,
951 1458 50 23 fair.
1038 1456 48 25 The
1106 1456 116 31 Highland

664 1490 70 24 Rifles
742 1491 57 23 have
807 1489 159 25 deteriorated.
999 1489 140 30 Kaitangata
1147 1486 76 30 Rifles,

664 1529 55 22 very
729 1521 63 30 good.
824 1521 97 23 Oamaru
931 1519 77 29 Rifles,
1017 1519 57 30 good
1086 1528 5 18 ;
1107 1519 66 23 much
1183 1519 27 22 im-

664 1552 91 29 prove.!.
787 1551 97 24 Oamaru
896 1550 72 28 Band,
981 1557 54 22 very
1045 1549 65 31 good.

770 1630 74 25 THE
866 1629 140 26 MINING
1029 1628 89 27 BILL.

665 1721 72 28 [From
747 1727 45 17 the
801 1722 77 22 Star's
888 1722 192 22 Parliamentary
1089 1719 136 27 Retorter.]

773 1775 216 29 WELLINGTON,
1006 1775 141 24 September
1162 1775 33 23 30.

693 1813 127 28 Question?,
847 1813 23 22 of
899 1813 72 22 which
1002 1813 63 21 there
1090 1818 57 15 were
1172 1811 53 28 only

666 1845 112 26 nineteen,
790 1850 58 15 were
864 1843 100 28 speedily
982 1841 104 30 disposed
1106 1840 23 23 of
1147 1841 23 22 in
1186 1841 39 21 the

666 1874 76 22 House
760 1873 121 29 yesterday
900 1872 125 25 afternoon,
1044 1871 44 22 and
1109 1871 38 22 the
1167 1878 43 15 com-

666 1904 75 23 mittal
752 1904 23 23 of
791 1904 38 22 the
847 1903 89 30 Mining
953 1902 45 24 Act
1008 1901 152 24 Amendment
1173 1900 50 29 Bill,

665 1944 28 14 on
706 1935 72 23 which
796 1935 84 22 motion
892 1933 38 23 the
940 1933 81 23 second
1040 1932 92 29 reading
1143 1932 81 23 debate

666 1973 45 14 was
721 1968 23 19 to
762 1965 27 22 be
806 1964 77 27 taken,
895 1971 46 14 was
957 1964 54 21 then
1022 1963 71 22 called
1109 1961 115 24 on.The

666 1994 57 23 Hon.
738 1994 36 23 Mr
791 1993 99 24 Cadman
907 1992 49 23 said
974 1993 52 22 that
1041 1992 39 23 the
1090 1992 77 22 House
1179 1991 43 22 had

665 2028 25 19 at
700 2025 44 23 last
761 2024 94 23 reached
873 2026 39 20 the
928 2022 189 31 much-maligned
1135 2022 89 30 Mining

667 2055 49 23 Bill.
775 2055 60 22 That
845 2055 19 21 it
874 2062 46 14 was
935 2062 28 14 an
982 2054 125 28 important
1123 2060 101 15 measure

665 2092 44 15 was
719 2085 93 21 evident
821 2085 57 21 from
895 2084 38 22 tho
943 2084 61 28 large
1015 2086 91 19 amount
1117 2083 24 21 of
1157 2090 53 21 oppo-

664 2115 67 23 sition
753 2114 71 23 which
841 2114 19 23 it
877 2113 44 23 had
941 2112 122 31 provoked.
1095 2112 47 23 The
1159 2119 52 23 argu-

665 2149 61 19 ment
742 2145 98 30 brought
854 2145 89 29 against
954 2144 38 23 the
1003 2151 108 20 measure,
1127 2143 52 23 that
1194 2144 30 22 its

664 2175 115 30 proposals
811 2175 126 30 respecting
968 2175 39 22 the
1038 2173 139 30 resumption
1201 2173 23 23 of

664 2206 52 23 land
737 2205 73 24 would
831 2206 57 22 have
904 2205 38 23 the
962 2205 66 22 effect
1045 2204 22 23 of
1082 2204 140 30 frightening

664 2244 63 22 away
739 2236 90 30 capital,
843 2235 43 23 had
903 2238 41 19 not
961 2235 98 22 alarmed
1076 2235 38 22 the
1125 2234 84 23 Govern-

664 2272 69 23 ment,
746 2269 57 26 who,
820 2267 28 22 he
867 2265 115 24 reminded
1004 2266 38 22 the
1063 2265 84 28 House,
1166 2272 57 15 were

665 2302 39 19 not
733 2306 49 15 new
816 2298 22 22 in
872 2297 70 28 office,
977 2296 42 24 but
1053 2296 57 29 fully
1143 2295 66 24 under-

664 2328 65 22 stood
749 2328 51 22 how
819 2329 39 20 the
878 2328 83 28 strings
983 2334 58 15 were
1057 2327 66 28 being
1139 2326 83 28 pulled,

664 2358 45 22 and
728 2358 66 22 could
814 2358 128 29 appreciate
961 2357 56 22 such
1036 2359 130 27 arguments
1189 2363 23 15 ac-

664 2389 123 28 cordingly.
827 2388 48 22 The
895 2388 59 21 main
974 2387 76 28 points
1069 2387 23 21 of
1116 2387 39 21 the
1179 2386 45 22 Bill

664 2425 58 16 were
739 2418 39 22 the
794 2417 125 30 provisions
934 2417 127 29 respecting
1078 2416 37 23 the
1125 2423 84 22 resump-

664 2449 48 23 tion
723 2448 22 23 of
760 2448 64 23 lands
835 2448 22 23 in
868 2447 118 31 goldfields
996 2447 102 23 districts
1113 2446 43 23 and
1174 2453 36 23 pro-

664 2480 102 28 specting
784 2479 64 27 (with
859 2479 85 21 certain
960 2478 149 26 restrictions)
1126 2484 53 15 over
1194 2476 30 23 all

664 2509 64 22 lands
738 2509 22 22 in
772 2509 39 22 the
820 2508 86 29 colony.
939 2507 26 23 In
976 2507 131 23 connection
1118 2507 56 22 with
1186 2506 38 23 the

663 2539 70 22 latter
749 2539 96 28 subject,
864 2539 20 22 it
900 2538 75 22 would
993 2537 115 23 doubtless
1125 2537 99 30 surprise

664 2569 108 23 members
787 2574 24 17 to
829 2569 60 22 learn
908 2569 52 22 that
977 2568 45 22 this
1040 2568 79 29 colony
1130 2575 45 14 was
1189 2568 35 21 six

662 2607 66 20 years
738 2599 82 23 behind
832 2598 101 23 Victoria
944 2598 44 22 and
1004 2601 45 19 two
1066 2605 65 22 years
1141 2597 83 23 behind

663 2629 56 23 New
730 2629 71 24 South
813 2629 83 23 Wales.
928 2628 23 23 It
966 2627 44 24 had
1021 2627 55 23 been
1087 2628 39 22 the
1136 2627 88 30 subject

662 2661 23 22 of
706 2659 66 24 much
789 2660 111 30 agitation
916 2659 23 23 in
955 2659 46 23 this
1018 2659 80 29 colony
1115 2658 34 23 for
1164 2666 60 15 some

662 2691 56 22 time
728 2694 56 24 past.
817 2690 32 22 As
859 2697 28 15 an
904 2692 120 26 argument
1040 2690 22 21 in
1074 2689 63 22 favor
1147 2689 23 22 of
1185 2689 39 22 the

662 2720 123 31 proposals,
798 2720 27 22 he
835 2719 85 30 quoted
930 2721 39 21 the
980 2726 49 15 case
1043 2718 24 23 of
1081 2726 13 15 a
1111 2725 51 16 man
1173 2718 51 23 who

662 2751 52 30 paid
725 2759 12 15 a
749 2751 89 30 royalty
849 2750 24 24 of
888 2754 37 20 ten
943 2749 104 30 shillings
1063 2757 29 15 an
1109 2757 70 15 ounce
1194 2757 28 15 on

661 2782 31 21 all
709 2782 39 21 the
765 2781 53 29 gold
836 2782 27 20 he
880 2788 50 14 won
948 2781 22 21 in
988 2781 66 21 order
1069 2782 25 20 to
1110 2780 57 21 have
1184 2780 38 21 the

661 2812 63 30 right
734 2814 24 20 to
768 2811 59 23 mine
837 2818 28 16 on
876 2811 89 30 private
975 2813 114 28 property.
1131 2809 23 24 It
1169 2817 53 21 was,

662 2843 23 21 in
696 2843 34 21 his
740 2843 100 28 opinion,
859 2842 38 22 the
914 2841 59 29 duty
982 2841 23 22 of
1020 2841 39 22 the
1069 2841 153 22 Government

662 2875 24 20 to
705 2874 90 28 protect
813 2874 141 27 prospectors
973 2871 45 23 and
1042 2874 25 20 to
1085 2871 51 30 give
1155 2877 69 23 every

661 2903 97 30 possible
778 2904 121 22 assistance
924 2906 23 19 to
968 2902 39 23 the
1024 2901 158 31 development
1200 2901 24 23 of

662 2934 91 29 mining.
795 2933 36 23 He
851 2932 109 24 ridiculed
981 2933 39 22 the
1039 2932 51 23 idea
1109 2933 52 22 that
1184 2932 39 23 the

662 2964 153 22 Government
825 2963 115 26 intended,
953 2963 17 21 if
986 2963 38 21 the
1035 2963 43 21 Bill
1097 2962 87 29 passed,
1199 2965 23 19 to

662 3000 87 16 resume
758 2993 61 29 large
830 3000 62 14 areas
902 2993 35 21 for
947 2992 86 29 mining
1052 2998 115 23 purposes,
1179 2991 43 23 and

662 3022 76 23 stated
749 3022 52 23 that
818 3022 86 29 though
923 3022 38 22 the
979 3021 81 23 Crown
1078 3022 40 21 has
1128 3021 44 22 had
1184 3021 40 22 the

663 3053 62 30 right
735 3055 24 20 to
770 3059 86 16 resume
864 3052 64 23 lands
939 3050 102 25 thetitle?
1053 3051 35 23 for
1097 3050 71 24 which
1179 3050 44 24 had

664 3084 54 20 been
726 3083 94 28 granted
831 3083 137 27 subsequent
979 3086 24 17 to
1015 3083 54 21 1873
1079 3085 40 17 not
1128 3089 14 13 a
1152 3082 71 27 siogle

664 3119 50 15 acre
730 3112 39 21 has
786 3114 40 27 yet
841 3111 55 22 been
913 3110 109 22 resumed.
1064 3110 102 22 Another
1184 3111 26 21 im-

664 3145 92 27 portant
767 3145 84 20 matter
866 3141 62 24 dealt
944 3141 56 24 with
1019 3141 29 29 by
1066 3141 39 23 the
1123 3140 44 24 Bill
1178 3148 45 15 was

666 3174 38 21 the
719 3174 63 26 right
792 3173 29 26 by
829 3173 38 21 the
881 3172 80 22 Crown
980 3174 22 21 bo
1020 3172 30 21 all
1061 3172 62 27 royal
1134 3172 87 21 metals.

664 3202 35 22 Ho
714 3202 98 22 referred
833 3203 24 20 to
876 3202 39 20 the
930 3207 49 15 case
994 3201 23 21 of
1031 3201 39 21 the
1087 3200 98 28 disposal
1200 3200 24 22 of

665 3231 147 31 Wangapoua
821 3238 24 16 as
855 3238 29 16 an
895 3231 101 23 instance
1011 3229 74 24 where
1096 3229 39 24 the
1144 3229 46 24 sale
1201 3229 23 24 of

664 3263 62 30 royal
737 3262 80 23 metals
828 3262 44 23 had
882 3262 56 23 been
949 3264 52 28 part
1018 3261 23 23 of
1058 3261 39 24 the
1111 3261 99 24 consider-

663 3295 69 21 ation.
764 3293 27 23 In
811 3293 105 29 allowing
936 3293 39 22 the
994 3292 80 23 Crown
1095 3295 25 20 to
1140 3292 26 22 be
1186 3292 24 23 de-

664 3323 78 30 prived
758 3324 22 22 of
796 3324 38 21 the
854 3323 62 30 right
935 3327 24 18 to
979 3323 62 28 royal
1066 3322 80 23 metals
1168 3323 55 28 they

664 3353 75 23 would
749 3353 27 22 be
787 3353 80 29 taking
878 3360 63 22 away
952 3353 59 22 their
1021 3352 121 23 children's
1152 3351 59 23 birth-

664 3384 68 30 right.
763 3383 48 24 The
832 3383 104 23 Minister
951 3382 84 30 quoted
1060 3382 86 23 several
1165 3382 57 30 legal

664 3414 110 23 decisions
784 3421 24 15 as
823 3416 23 20 to
863 3414 39 21 the
917 3413 99 23 Crown's
1031 3413 73 30 rights
1119 3417 24 18 to
1161 3412 63 30 royal

664 3445 88 26 metals,
764 3444 39 23 the
814 3446 59 20 most
888 3446 77 20 recent
979 3450 42 16 one
1036 3443 67 30 being
1114 3451 12 14 a
1137 3443 85 23 British

664 3475 132 22 Columbian
806 3481 50 15 case
867 3474 73 22 which
957 3473 43 23 had
1018 3473 55 23 been
1090 3473 75 23 before
1185 3473 39 23 the

664 3505 69 29 Privy
744 3504 101 28 Council,
856 3504 44 22 and
916 3504 51 23 that
977 3504 99 22 tribunal
1088 3503 43 23 had
1141 3503 83 30 upheld

665 3536 39 22 the
720 3535 97 22 decision
834 3534 23 22 of
879 3534 39 23 the
933 3534 68 22 lower
1017 3538 66 18 court
1097 3534 128 29 respecting

665 3566 38 23 the
720 3565 81 24 Crown
817 3566 78 29 rights.
928 3565 35 23 He
981 3565 46 28 (Mr
1043 3564 109 28 Cadman)
1163 3564 62 24 dealt

664 3600 25 18 at
699 3596 153 22 considerable
869 3596 77 28 length
965 3596 55 21 with
1038 3596 39 21 the
1093 3595 97 28 position
1201 3595 23 22 of

665 3626 38 23 the
721 3625 72 23 Kauri
812 3625 91 23 Timber
921 3625 116 29 Company
1057 3624 44 23 and
1121 3624 39 23 the
1175 3632 37 22 pro-

664 3656 74 29 posals
748 3656 23 22 of
787 3656 39 22 the
836 3655 51 23 Bill.
919 3655 35 22 He
970 3663 45 14 saw
1031 3662 29 15 no
1077 3662 77 15 reason
1173 3654 51 30 why

664 3687 55 21 both
731 3686 39 22 the
777 3686 87 28 mining
870 3685 43 22 and
925 3685 82 22 timber
1014 3685 123 22 industries
1142 3685 82 21 should

664 3718 41 20 not
714 3716 28 22 be
752 3715 86 23 carried
849 3723 28 14 on
887 3715 48 22 side
950 3715 29 29 by
990 3715 54 22 side.
1076 3715 47 22 The
1134 3717 91 27 present

664 3746 169 30 complications
843 3746 127 30 respecting
987 3745 52 23 that
1055 3751 110 23 company
1181 3744 43 23 bad

664 3777 81 27 arisen,
785 3776 28 22 he
851 3776 60 28 held,
948 3776 57 22 from
1039 3776 39 22 the
1110 3778 62 20 want
1202 3775 24 23 of

664 3815 82 22 proper
784 3809 157 24 management
979 3806 22 22 of
1034 3805 38 23 the
1106 3812 117 23 company,

664 3838 43 21 and
726 3837 45 22 had
791 3837 35 21 Mr
843 3835 68 22 Trott
927 3835 48 27 (the
1001 3838 91 26 present
1111 3837 113 27 manager)

665 3866 44 23 had
721 3866 39 23 the
770 3868 155 27 management
937 3865 23 22 of
977 3865 39 23 the
1027 3872 110 22 company
1147 3865 23 22 in
1186 3864 39 23 the

666 3901 51 26 past
736 3897 62 23 these
815 3896 170 29 complications
996 3895 73 23 would
1085 3903 68 16 never
1168 3896 57 22 have

664 3929 80 22 arisen.
786 3927 27 23 In
834 3927 135 28 conclusion,
987 3927 28 22 he
1039 3927 48 23 said
1113 3927 52 23 that
1190 3926 34 24 bis

664 3958 73 23 desire
755 3965 45 15 was
812 3960 38 19 not
862 3961 23 19 to
902 3957 30 22 do
949 3957 111 29 anything
1071 3961 23 18 to
1105 3957 80 22 hinder
1200 3964 25 15 or

666 3989 51 21 hurt
730 3988 38 21 the
785 3988 85 28 mining
881 3986 112 28 industry,
1005 3986 45 22 and
1066 3986 28 22 he
1109 3986 72 22 called
1196 3994 28 14 on

666 4018 38 22 the
722 4017 77 23 House
815 4020 25 20 to
856 4024 51 23 pass
925 4016 46 22 this
988 4023 108 21 measure,
1108 4016 73 23 which
1197 4016 27 22 he

664 4048 130 24 considered
806 4056 45 14 was
861 4047 85 24 framed
965 4048 23 22 in
1005 4047 38 23 the
1059 4047 49 23 best
1118 4048 106 22 interests

664 4079 24 23 of
704 4080 50 21 that
772 4078 191 29 industry.The
984 4077 139 23 moderation
1141 4078 22 21 of
1186 4078 38 22 the

665 4111 124 22 statement
805 4108 65 24 made
891 4110 29 28 by
938 4108 39 23 the
998 4108 106 23 Minister
1124 4115 44 15 was
1184 4108 39 23 the

665 4139 89 29 subject
763 4139 23 23 of
805 4139 181 29 congratulation
998 4139 22 21 in
1038 4139 39 21 the
1094 4139 90 28 opinion
1201 4140 23 20 of

666 4169 35 24 Sir
713 4169 26 24 R.
753 4169 74 28 Stout,
840 4169 57 28 who,
909 4168 111 27 however,
1033 4167 134 31 deprecated
1186 4168 38 23 the

666 4200 112 23 reference
798 4199 64 23 made
886 4202 24 20 to
934 4198 138 30 syndidate*.
1104 4198 36 23 He
1165 4202 60 19 went

666 4231 57 29 fully
733 4231 49 21 into
793 4230 38 22 the
841 4230 104 29 question
955 4230 24 22 of
989 4229 38 23 the
1037 4229 99 23 Crown's
1153 4229 72 29 rights

666 4263 23 20 to
699 4268 87 14 resume
797 4260 53 22 land
867 4260 35 21 for
918 4259 85 30 mining
1018 4266 107 22 purposes
1135 4259 44 22 and
1194 4259 30 21 its

665 4291 73 29 rights
753 4292 24 21 to
794 4289 63 29 royal
878 4289 86 23 metals.
1005 4288 36 23 He
1065 4288 93 30 pointed
1183 4292 41 19 out

666 4320 51 24 that
733 4320 39 23 the
785 4320 45 23 Bill
841 4327 52 20 was,
906 4320 22 23 in
939 4322 88 27 respect
1042 4322 24 20 to
1077 4319 145 30 resumption,

664 4352 64 29 quite
738 4350 106 24 different
851 4350 56 24 from
919 4350 73 23 either
1003 4352 38 20 the
1052 4350 94 29 English
1154 4357 25 15 or
1186 4350 38 22 the

664 4381 96 24 colonial
779 4381 43 23 law
839 4388 28 16 on
886 4381 39 23 the
940 4380 96 29 subject.
1067 4380 48 23 The
1131 4380 92 30 English

665 4412 42 23 law
727 4411 109 31 provided
860 4411 35 23 for
916 4414 109 26 payment
1049 4411 24 22 of
1097 4418 112 22 compensa-

665 4443 47 22 tion
737 4445 24 20 to
786 4442 38 23 the
848 4441 54 23 land
927 4448 82 21 owner,
1036 4440 44 24 and
1107 4441 40 23 the
1172 4440 38 24 Vic-

664 4473 73 23 torian
758 4472 42 23 law
817 4471 110 31 provided
948 4472 52 22 that
1022 4471 39 23 the
1083 4479 75 15 owner
1179 4471 44 23 had

664 4503 38 24 the
737 4502 50 23 first
830 4503 63 29 right
927 4505 24 20 to
987 4501 39 23 the
1064 4502 66 23 mine.
1175 4501 48 24 The

663 4541 76 23 power
753 4534 66 30 given
835 4532 71 24 under
921 4532 46 23 this
975 4532 45 23 Bill
1031 4534 24 21 to
1066 4532 39 23 the
1117 4532 106 23 Minister

663 4569 24 18 to
697 4572 86 14 resume
794 4564 52 22 land
857 4564 36 22 for
909 4564 86 28 mining
1011 4570 107 22 purposes
1130 4570 52 20 was,
1195 4564 27 21 he

663 4593 138 27 considered,
822 4600 28 15 an
869 4593 84 21 unwise
970 4600 49 18 one,
1041 4592 44 22 and
1100 4592 81 23 should
1196 4592 27 22 be

665 4623 77 22 vested
753 4623 52 28 only
816 4623 22 21 in
849 4630 13 14 a
873 4622 92 28 judicial
975 4622 68 28 body,
1060 4623 74 21 which
1149 4623 73 21 would

664 4652 125 23 determine
799 4651 101 22 whether
910 4658 25 15 or
946 4657 40 16 not
1000 4651 39 22 the
1050 4651 52 22 land
1113 4651 110 30 proposed

665 4686 23 19 to
699 4682 27 23 be
737 4682 68 23 taken
815 4680 81 25 should
906 4680 27 24 be
944 4680 110 28 resumed,
1066 4680 44 25 and
1121 4682 46 23 also
1183 4682 38 23 the

665 4715 93 19 amount
773 4712 23 22 of
812 4712 166 28 compensation
998 4714 24 20 to
1041 4712 28 22 be
1088 4712 59 29 paid.
1187 4712 37 23 He

666 4741 125 24 contended
802 4741 50 23 that
863 4741 16 23 if
900 4741 39 23 the
957 4741 106 25 Minister
1080 4742 54 23 took
1149 4750 75 21 power

666 4773 72 22 under
749 4773 38 22 the
797 4772 45 23 Bill
852 4776 25 19 to
887 4779 86 16 resume
983 4772 53 23 land
1048 4773 23 22 in
1083 4773 38 22 the
1132 4781 78 23 occupa-

667 4804 47 21 tion
725 4803 23 22 of
764 4809 14 14 a
788 4802 85 28 mining
890 4809 109 21 company
1010 4802 38 22 the
1067 4802 67 23 effect
1149 4804 74 22 would

666 4832 27 22 be
705 4835 23 19 to
738 4832 92 28 destroy
840 4831 31 22 all
887 4831 127 22 confidence
1029 4832 22 22 in
1066 4832 90 30 mining.
1188 4833 36 23 He

666 4861 99 31 thought
784 4861 52 24 that
855 4861 39 22 the
918 4861 125 29 provisions
1066 4861 24 24 of
1114 4863 39 23 the
1177 4862 45 24 Bill

666 4893 81 24 should
758 4893 57 22 have
824 4892 55 23 been
897 4891 64 23 made
977 4899 25 15 so
1019 4892 59 23 clear
1094 4893 51 22 that
1161 4893 63 24 there

666 4924 73 22 would
760 4923 57 22 have
840 4922 54 21 been
914 4929 29 14 no
967 4921 127 30 possibility
1118 4923 24 22 of
1165 4924 60 21 their

666 4953 67 30 being
742 4951 194 30 misrepresented.
968 4950 36 23 He
1021 4959 45 15 was
1083 4952 73 22 afraid
1173 4953 52 22 that

666 4983 39 23 the
715 4989 76 23 power
808 4985 24 19 to
849 4981 27 23 be
893 4981 66 30 given
976 4985 24 18 to
1015 4981 39 23 the
1074 4981 105 23 Minister
1200 4985 24 19 to

666 5020 87 16 resume
777 5011 53 23 land
855 5011 34 22 for
911 5011 85 29 mining
1020 5018 107 22 purposes
1151 5012 74 22 would

667 5043 71 24 result
778 5042 23 23 in
841 5041 80 30 people
958 5041 80 29 saying
1077 5041 51 24 that
1167 5042 59 23 their

666 5074 64 23 titles
749 5079 59 16 were
831 5072 109 27 insecure,
960 5071 45 23 and
1024 5072 111 22 investors
1151 5072 74 22 would

667 5103 87 24 decline
773 5105 25 21 to
817 5103 74 23 invest
913 5108 80 22 money
1015 5101 23 23 in
1064 5101 87 30 mining
1174 5110 39 15 ven-

667 5137 62 19 tures
753 5133 23 22 in
800 5133 40 22 the
861 5132 86 28 colony.
988 5131 48 23 The
1050 5131 85 23 clauses
1149 5132 24 22 of
1187 5133 39 21 the

666 5163 45 25 Bill
730 5162 90 32 dealing
840 5162 55 23 with
920 5161 60 23 mine
999 5161 123 31 managers'
1141 5161 71 24 certifi-

666 5199 62 19 cates
751 5197 45 19 met
820 5193 56 23 with
900 5192 35 23 his
959 5192 152 29 disapproval,
1131 5192 44 23 and
1199 5193 27 23 be

666 5223 127 24 contended
820 5223 53 22 that
897 5223 38 21 the
964 5226 91 25 present
1078 5222 44 22 law
1145 5223 79 21 should

667 5254 27 23 be
723 5252 145 24 maintained.
914 5251 37 23 Mr
979 5251 22 22 M
1008 5251 92 23 'Gowan
1123 5251 103 30 strongly

666 5282 125 32 supported
825 5282 39 23 the
898 5281 53 27 Bill,
981 5281 45 22 ani
1055 5281 48 22 said
1132 5282 20 21 it
1181 5288 45 15 was

667 5313 119 30 decidedly
796 5319 117 23 necessary
925 5312 22 22 in
963 5310 40 24 the
1018 5314 90 27 present
1128 5311 98 30 position

666 5345 24 24 of
704 5345 76 23 affairs
791 5344 51 24 that
852 5344 39 23 the
901 5343 81 23 Crown
992 5341 81 25 should
1090 5350 87 16 resume
1187 5343 39 23 the

668 5376 63 30 right
741 5378 24 21 to
775 5375 60 23 mine
845 5382 28 15 on
884 5374 88 30 private
990 5373 140 24 lands.Mr
1140 5374 86 29 George

667 5406 128 24 Hutchison
806 5405 99 29 thought
915 5404 52 23 that
981 5403 39 22 the
1036 5403 45 23 Bill
1097 5411 46 15 was
1153 5404 60 23 calcu-

667 5436 62 24 lated
739 5439 24 19 to
773 5435 70 23 alarm
853 5434 202 30 capitalists.Mr
1067 5434 25 22 R.
1106 5434 120 22 M'Kenzie

666 5466 116 31 generally
800 5463 125 32 supported
949 5463 40 23 the
1013 5463 121 24 Bill.Mr
1157 5464 66 22 Allen

667 5504 56 23 gave
742 5504 14 14 a
774 5495 107 30 qualified
900 5496 96 28 support
1015 5497 24 18 to
1059 5494 38 22 the
1117 5501 107 20 measure,

668 5526 86 31 though
775 5525 28 23 he
819 5524 102 32 strongly
932 5523 104 31 objected
1055 5526 25 21 to
1097 5524 39 23 the
1153 5524 60 30 provi-

667 5559 61 22 sions
747 5557 98 30 relating
861 5560 24 20 to
906 5556 38 24 tbe
963 5555 139 30 resumption
1121 5555 24 23 of
1164 5555 59 23 land.

669 5588 129 29 Regarding
817 5587 39 22 the
875 5585 116 30 proposals
1016 5586 128 28 respecting
1167 5586 59 22 mine

668 5623 124 23 managers,
813 5616 28 23 he
855 5616 49 23 said
922 5616 51 22 that
989 5615 19 22 it
1023 5622 46 15 was
1080 5615 146 22 unfortunate

668 5648 52 23 that
730 5653 45 22 any
785 5646 121 23 alteration
923 5645 23 23 of
963 5644 40 23 the
1019 5648 92 27 present
1127 5644 43 23 law
1181 5651 45 16 was

667 5684 127 22 necessary,
809 5677 43 23 but
866 5676 115 29 owing'to
996 5675 40 23 the
1052 5675 85 30 mining
1161 5675 65 23 boom

668 5709 23 22 in
706 5707 120 23 Auckland
836 5707 30 29 {it
876 5714 45 15 was
939 5706 134 29 imperative
1088 5706 53 22 that
1156 5712 56 16 some-

668 5738 66 29 thing
749 5736 80 23 should
849 5736 27 23 be
895 5736 65 23 done.
998 5735 36 23 He
1050 5735 63 24 dealt
1132 5738 25 20 at
1175 5743 38 16 con-

668 5767 111 24 siderable
789 5766 79 32 length
879 5766 56 23 with
953 5765 40 24 the
1009 5765 100 24 Crown's
1126 5766 62 29 right
1202 5768 24 22 to

668 5797 64 30 royal
742 5798 155 24 metals.Mr
907 5796 117 25 Crowther
1034 5795 131 27 considered
1175 5796 51 26 that

1255 199 38 24 the
1300 199 44 23 Bill
1355 197 104 31 required
1469 195 153 25 considerable
1631 192 182 26 amendment.

1256 230 36 22 Mr
1303 229 26 23 R.
1342 228 128 30 Thompson
1481 226 69 31 urged
1561 226 52 23 that
1619 225 18 22 if
1647 225 20 22 it
1673 231 58 15 were
1739 228 62 17 neces-

1255 267 51 24 sary
1326 263 24 20 to
1369 266 87 16 resume
1476 256 64 25 lands
1560 258 19 22 it
1598 254 81 25 should
1703 254 28 23 be
1755 251 58 25 done

1255 291 29 28 by
1295 299 13 13 a
1322 290 93 29 judicial
1434 288 106 27 tribunal,
1552 287 73 23 which
1637 286 74 22 would
1726 284 28 22 be
1773 291 27 14 un-

1255 319 123 24 influenced
1390 319 30 28 by
1426 317 101 30 political
1537 315 183 24 considerations.
1738 313 22 23 If
1775 312 39 22 the

1256 350 63 23 kauri
1328 349 69 24 leases
1406 355 57 16 were
1472 351 24 20 to
1503 347 26 23 be
1540 345 101 25 resumed
1650 345 27 22 he
1685 341 126 26 contended

1255 381 52 24 that
1322 380 39 24 the
1378 379 73 25 Kauri
1467 378 90 25 Timber
1571 377 115 30 Company
1696 373 81 26 should
1787 373 27 24 be

1255 411 164 30 compensated,
1431 417 25 16 as
1466 410 39 22 the
1515 409 81 23 forests
1605 407 75 23 would
1691 406 27 23 be
1728 403 86 25 burned

1255 442 65 23 down
1331 440 98 30 through
1440 440 38 23 the
1488 439 145 23 carelessness
1641 437 22 22 of
1674 437 38 22 the
1723 435 88 22 miners.

1255 471 65 23 Mr
1339 471 94 22 Duncan
1453 468 118 30 expressed
1596 468 34 21 his
1655 465 112 24 intention
1791 463 24 22 of

1255 502 67 29 doing
1333 501 61 21 what
1404 500 28 22 he
1441 499 66 23 could
1518 502 24 19 to
1552 498 57 22 have
1619 497 39 22 the
1675 494 139 30 resumption

1255 532 85 21 clauses
1349 529 88 23 excised
1448 529 57 23 from
1516 529 39 22 the
1569 526 131 24 Bill.The
1715 524 100 22 Premier

1255 560 120 24 intimated
1395 559 51 24 that
1469 559 40 22 the
1532 557 44 24 Bill
1601 563 50 17 now
1676 554 75 24 before
1775 553 40 23 the

1256 591 75 22 House
1350 588 117 24 embodied
1492 589 39 22 the
1555 588 69 21 views
1648 585 52 23 held
1725 584 30 29 by
1775 583 39 23 the

1254 621 161 26 Government,
1426 618 44 24 and
1481 618 28 23 he
1519 614 164 27 characterised
1694 614 39 23 the
1743 614 59 30 agita-

1255 651 47 24 tion
1319 650 74 24 which
1409 649 44 24 had
1471 649 55 24 been
1543 651 40 29 got
1598 654 31 24 up
1644 647 23 23 in
1682 644 131 25 connection

1255 682 55 23 with
1330 682 19 23 it
1368 689 24 15 as
1411 681 66 23 much
1496 680 44 23 ado
1559 680 69 22 about
1645 677 102 30 nothing.
1778 676 37 23 He

1254 712 126 22 contended
1397 712 52 21 that
1465 711 38 22 the
1519 710 80 23 Crown
1615 708 44 23 had
1670 715 67 14 never
1747 707 53 22 aban-

1253 741 73 23 doned
1337 741 30 21 its
1378 741 61 28 right
1449 743 23 19 to
1482 740 63 27 royal
1556 738 86 23 metals.
1674 737 47 22 The
1728 736 75 29 legisla-

1254 771 46 22 tion
1305 770 115 27 declaring
1425 769 84 23 thatall
1517 768 52 23 land
1578 767 105 30 acquired
1691 767 61 22 since
1762 767 53 23 1873

1255 808 44 15 was
1310 799 105 31 acquired
1427 799 89 30 subject
1524 802 23 19 to
1557 798 40 23 the
1607 797 99 24 Crown's
1720 796 62 31 right
1792 796 23 23 of

1254 832 138 29 resumption
1400 830 34 24 for
1442 830 86 30 mining
1535 836 108 24 purposes
1650 835 46 16 was
1706 827 109 24 intended

1253 870 23 14 as
1287 870 13 14 a
1311 861 100 30 warning
1429 863 24 21 to
1469 861 139 29 purchasers.
1640 859 59 23 Such
1715 867 14 15 a
1743 866 57 15 warn-

1253 893 38 28 ing
1310 891 39 23 did
1369 896 40 18 not
1428 891 60 23 exist
1506 891 62 29 prior
1584 893 24 21 to
1627 891 61 26 1873,
1706 889 43 24 but
1763 889 52 23 that

1253 921 65 24 could
1329 924 40 20 not
1380 921 26 23 be
1417 921 51 23 held
1479 924 24 20 to
1519 921 27 22 be
1563 927 28 16 an
1607 920 168 23 abandonment
1785 919 30 30 by

1253 953 39 22 the
1309 952 81 23 Crown
1407 952 23 22 of
1447 952 30 22 its
1488 952 73 29 rights
1570 951 24 23 of
1604 951 146 30 resumption.
1782 950 33 23 As

1253 986 23 19 to
1287 982 39 22 the
1336 982 73 29 rights
1420 982 22 22 of
1453 981 96 23 Natives
1560 985 23 19 to
1594 981 52 30 gold
1663 988 26 15 or
1706 981 69 22 silver
1792 981 23 22 in

1253 1012 84 23 Native
1347 1012 72 27 lands,
1437 1013 27 21 he
1479 1011 49 23 said
1545 1011 52 23 that
1613 1012 18 22 it
1648 1018 45 16 was
1709 1019 12 15 a
1741 1010 74 30 flimsy

1252 1043 137 23 contention.
1422 1042 36 24 He
1475 1042 61 24 cited
1552 1050 62 16 cases
1631 1042 23 24 of
1671 1043 39 22 the
1726 1041 45 24 sale
1792 1041 23 23 of

1253 1073 84 24 Native
1361 1073 65 23 lands
1449 1077 25 19 to
1503 1074 131 29 Europeans
1658 1072 74 24 which
1757 1079 58 17 were

1252 1104 133 22 afterwards
1401 1104 70 22 found
1489 1107 25 19 to
1531 1104 27 22 be
1574 1103 132 27 auriferous,
1727 1103 43 22 and
1787 1103 28 21 he

1252 1133 84 31 argued
1357 1134 51 23 that
1427 1133 18 24 if
1465 1133 40 24 the
1524 1133 96 24 Natives
1639 1132 116 32 possessed
1775 1132 40 24 the

1253 1166 61 29 right
1322 1168 25 19 to
1354 1165 79 22 metals
1439 1166 53 21 then
1500 1165 39 23 the
1547 1165 132 29 purchasers
1687 1164 23 23 of
1719 1163 95 24 theland

1253 1195 44 23 had
1317 1202 28 15 no
1366 1195 61 30 right
1451 1197 24 21 to
1495 1195 121 23 them.A
1637 1194 101 23 Member
1763 1194 52 22 here

1253 1225 134 30 interjected
1398 1225 52 23 that
1464 1225 40 23 the
1515 1225 95 24 Natives
1626 1224 44 24 had
1687 1224 48 24 sold
1753 1225 63 22 what

1253 1263 45 16 was
1317 1256 119 23 contained
1460 1256 23 23 in
1502 1256 38 23 the
1556 1255 139 24 land.The
1717 1256 40 21 Pre
1761 1256 33 21 mi
1804 1262 11 15 t

1253 1287 80 22 denied
1352 1287 57 27 that,
1422 1287 45 22 and
1477 1293 61 16 went
1548 1295 28 14 on
1587 1291 24 17 to
1621 1287 45 22 cite
1677 1286 39 22 the
1726 1286 77 29 legisla-

1253 1317 47 23 tion
1320 1317 92 29 already
1430 1316 79 31 passed
1529 1317 23 23 in
1572 1317 46 23 this
1635 1316 80 29 colony
1725 1315 90 30 dealing

1253 1347 56 24 with
1320 1347 39 24 the
1369 1347 86 31 leasing
1463 1347 24 24 of
1502 1346 84 25 Native
1602 1346 65 24 lands
1684 1347 35 23 for
1729 1346 86 30 mining

1253 1385 114 23 purposes.
1399 1378 35 23 He
1445 1378 100 23 asserted
1557 1378 51 22 that
1618 1377 44 22 had
1679 1377 38 22 the
1728 1376 76 30 legisla-

1253 1409 49 22 tion
1318 1408 111 30 proposed
1446 1408 30 29 by
1487 1408 45 22 him
1549 1408 21 22 in
1593 1408 51 22 1891
1662 1407 55 22 been
1735 1406 79 30 passed

1254 1439 38 22 the
1312 1441 91 28 present
1418 1438 170 29 complications
1604 1437 74 23 would
1698 1439 41 20 not
1758 1437 57 21 have

1253 1469 80 24 arisen.
1364 1468 37 25 He
1411 1467 88 25 blamed
1510 1468 39 24 the
1559 1467 134 31 Opposition
1704 1466 110 24 members

1253 1501 44 23 and
1318 1500 39 23 the
1377 1500 136 27 Legislative
1532 1499 93 24 Council
1651 1499 34 22 for
1705 1498 110 29 rejecting

1254 1531 51 22 that
1315 1531 51 22 Bill.
1408 1530 137 30 Respecting
1564 1530 39 22 the
1620 1529 113 23 reference
1750 1528 65 22 made

1255 1562 28 28 by
1295 1561 36 23 Mr
1342 1561 85 22 Duthie
1437 1564 24 19 to
1472 1561 38 22 the
1520 1560 97 30 position
1629 1560 27 22 he
1674 1559 52 22 held
1736 1566 28 14 on
1776 1558 39 23 the

1254 1591 114 31 Advisory
1386 1590 74 25 Board
1479 1591 23 23 of
1527 1590 38 23 the
1585 1588 230 32 Anglo-Continental

1254 1622 124 31 syndicate,
1390 1622 28 23 he
1436 1622 48 27 (the
1500 1621 108 28 Premier)
1625 1620 49 23 said
1691 1620 23 23 in
1725 1627 29 16 no
1764 1626 49 23 way

1255 1653 43 23 had
1319 1653 35 23 his
1373 1653 75 23 duties
1469 1653 23 22 in
1510 1652 52 23 that
1576 1651 98 30 position
1691 1649 123 24 interfered

1254 1683 56 24 with
1328 1683 34 23 his
1380 1683 75 23 duties
1472 1686 24 19 to
1514 1683 38 22 the
1569 1681 151 24 State.The
1732 1679 81 24 dcbite

1255 1721 45 15 was
1310 1713 121 24 continued
1450 1713 30 28 by
1492 1713 83 22 Messrs
1586 1712 72 28 Heke,
1670 1713 87 26 Eraser,
1770 1710 43 23 and

1254 1745 84 26 others,
1349 1743 45 23 and
1411 1746 25 20 at
1454 1744 63 22 10.30
1528 1750 52 22 p.m.
1594 1750 12 14 a
1622 1743 85 21 motion
1725 1742 35 22 for
1775 1741 38 22 the

1254 1773 126 24 committal
1390 1781 46 15 was
1445 1773 81 31 agreed
1538 1776 23 20 to
1571 1780 28 15 on
1610 1773 39 22 the
1656 1772 79 22 voices.
1766 1771 48 23 The

1255 1804 44 23 Bill
1315 1812 45 15 was
1376 1803 140 29 committed,
1534 1803 44 23 and
1596 1810 102 23 progress
1716 1806 24 19 at
1759 1809 54 15 once

1254 1834 112 28 reported.

1300 1882 75 26 THE
1394 1882 115 26 EIGHT
1531 1881 124 27 HOURS
1675 1880 83 27 BILL.

1262 1957 63 21 From
1335 1961 44 16 the
1389 1958 77 19 Stars
1474 1957 190 20 Parliamentary
1676 1954 136 27 Reporter.]

1360 2010 215 26 WELLINGTON,
1592 2010 142 23 September
1748 2008 34 24 30.

1281 2041 103 23 Another
1394 2041 153 23 Government
1564 2041 52 27 Bill,
1629 2041 72 23 which
1712 2041 19 22 is
1748 2046 52 23 gene-

1255 2072 58 28 rally
1333 2071 108 30 regarded
1459 2079 24 14 as
1502 2079 28 14 an
1551 2070 173 29 electioneering
1739 2077 71 19 move,

1254 2104 46 20 met
1319 2101 56 23 with
1395 2101 40 23 the
1476 2101 76 29 happy
1725 2100 23 22 in
1774 2099 38 23 the

1254 2132 136 30 Legislative
1418 2131 93 23 Council
1540 2130 121 31 yesterday
1685 2130 124 23 afternoon.

1253 2163 55 22 This
1319 2170 44 14 was
1381 2162 39 22 the
1431 2162 70 29 Eight
1518 2161 76 23 Hours
1610 2161 52 28 Bill,
1675 2161 38 22 the
1732 2159 77 28 Lords,

1254 2193 28 29 by
1292 2201 13 14 a
1315 2193 64 22 small
1390 2193 114 28 majority,
1516 2192 126 30 preferring
1652 2196 23 17 to
1687 2191 72 22 refuse
1770 2191 19 22 it
1798 2198 14 14 a

1252 2222 80 23 second
1344 2222 93 30 reading
1447 2224 76 21 rather
1532 2222 54 22 than
1598 2222 87 29 mangle
1696 2222 19 21 it
1723 2221 88 23 further

1253 2253 22 22 in
1283 2252 193 23 committee.ln
1486 2252 90 29 moving
1583 2252 30 22 its
1621 2251 80 23 second
1709 2250 100 28 reading,

1253 2284 39 23 the
1312 2283 105 24 Minister
1436 2283 23 23 of
1480 2282 125 24 Education
1625 2282 48 24 Baid
1694 2281 52 25 that
1765 2282 46 23 this

1253 2315 44 22 Bill
1317 2314 74 23 would
1411 2314 84 28 merely
1519 2314 63 28 place
1605 2321 29 14 on
1659 2313 39 22 the
1718 2313 92 22 Statute

1254 2344 60 24 Book
1354 2344 61 22 what
1457 2342 44 24 had
1544 2343 56 23 been
1642 2343 40 22 tho
1724 2346 86 19 custom

1252 2375 23 23 of
1299 2375 39 23 the
1360 2377 95 26 country
1477 2374 35 23 for
1535 2380 71 23 years.
1638 2373 47 23 The
1709 2373 89 22 shorten-

1252 2405 38 29 ing
1319 2404 23 23 of
1379 2405 39 21 the
1447 2404 68 22 hours
1543 2403 24 23 of
1600 2403 71 27 labor,
1701 2403 28 21 he
1758 2410 39 15 con-

1254 2434 90 28 tended,
1377 2434 39 23 did
1447 2437 41 20 not
1522 2433 135 30 necessarily
1690 2433 72 29 imply
1798 2440 14 15 a

1253 2466 107 29 lowering
1376 2466 24 21 of
1415 2464 159 29 wages.The
1589 2464 59 23 Hon.
1668 2464 26 23 G.
1715 2464 96 22 M'Lean

1252 2495 48 23 said
1313 2495 50 22 that
1374 2502 27 15 no
1412 2495 57 21 class
1486 2501 60 15 more
1562 2493 114 30 generally
1694 2493 117 29 disagreed

1254 2533 57 19 upon
1323 2525 46 23 this
1386 2532 100 15 measure
1504 2524 54 23 than
1577 2524 38 23 the
1633 2519 102 34 laboring
1752 2531 57 15 men.

1253 2556 47 23 The
1320 2555 44 23 Bill
1380 2555 74 23 would
1471 2554 106 23 interfere
1594 2554 88 30 greatly
1700 2554 56 23 with
1774 2554 38 22 the

1254 2586 104 22 workers.
1396 2585 101 30 Holding
1520 2584 52 24 that
1587 2586 39 22 the
1643 2584 45 23 Bill
1708 2591 45 16 was
1772 2591 26 16 un-

1253 2616 121 27 workable,
1386 2615 28 23 he
1424 2615 79 23 moved
1515 2615 51 23 that
1576 2615 19 23 it
1605 2615 27 23 be
1643 2614 52 24 read
1706 2622 13 14 a
1729 2614 82 23 second

1253 2647 55 22 time
1327 2647 52 22 that
1397 2646 44 30 day
1461 2647 34 22 six
1516 2645 175 24 months.The
1710 2645 60 23 Hon.
1787 2644 22 25 J.

1254 2678 58 29 Rigg
1327 2685 46 15 was
1392 2677 23 23 of
1434 2677 90 29 opinion
1545 2676 51 23 that
1616 2676 39 23 the
1680 2676 44 23 Bill
1749 2679 61 20 went

1253 2708 61 29 right
1330 2711 23 18 to
1373 2707 39 21 the
1431 2710 50 19 root
1505 2707 23 21 of
1552 2706 63 22 labor
1639 2709 102 24 matters,
1767 2706 45 21 and

1253 2737 74 23 would
1338 2736 61 24 solve
1409 2740 59 20 most
1478 2736 23 24 of
1517 2736 39 24 the
1572 2735 63 25 labor
1645 2735 136 25 difficulties.

1252 2768 48 23 The
1311 2768 59 22 Hon.
1386 2768 36 22 Mr
1431 2768 119 28 Jennings,
1562 2767 86 29 though
1659 2768 104 28 favoring
1772 2767 40 22 the

1252 2798 111 30 principle
1384 2798 23 23 of
1427 2798 39 23 ths
1481 2797 51 29 Bill,
1545 2805 46 16 was
1607 2796 92 24 assured
1710 2797 53 23 that
1773 2796 39 23 the

1252 2829 132 30 shortening
1407 2829 23 23 of
1454 2828 39 23 tho
1518 2828 106 23 workers'
1649 2828 67 23 hours
1737 2827 74 23 would

1252 2859 125 29 inevitably
1395 2859 71 23 result
1482 2859 24 22 in
1521 2859 76 28 injury
1615 2861 24 20 to
1656 2858 39 23 the
1714 2857 98 23 workers

1252 2889 135 24 themselves
1406 2888 44 25 and
1469 2889 21 24 in
1509 2897 13 15 a
1539 2888 118 25 reduction
1667 2888 24 25 of
1701 2895 111 23 wages.

1252 2921 47 23 The
1324 2920 60 23 Hon.
1418 2920 37 23 Mr
1485 2920 137 30 MacGregor
1652 2920 84 30 argued
1761 2920 51 22 that

1252 2951 17 21 if
1280 2951 19 21 it
1314 2951 85 28 merely
1415 2950 101 22 affirmed
1534 2958 13 13 a
1566 2950 110 29 principle
1695 2950 53 22 that
1767 2956 45 14 was

1252 2980 92 28 already
1354 2979 113 22 universal
1477 2980 23 21 in
1511 2979 39 22 the
1560 2979 78 28 colony
1655 2982 39 18 the
1711 2986 102 14 measure

1253 3017 45 14 was
1308 3010 90 21 useless.
1429 3008 46 23 But
1486 3009 39 21 the
1535 3008 44 22 Bill
1595 3011 61 19 went
1666 3015 12 14 a
1689 3012 64 25 great
1762 3008 51 21 deal

1252 3039 89 23 further
1361 3039 55 22 than
1436 3038 39 23 the
1500 3038 106 23 Minister
1628 3038 119 30 imagined,
1769 3037 43 22 and

1252 3069 118 23 embraced
1381 3076 67 23 every
1458 3068 142 24 class.The
1614 3068 59 24 Hon.
1693 3068 36 23 Mr
1739 3068 75 23 Bonar

1253 3099 140 28 complained
1414 3099 51 21 that
1485 3099 38 21 the
1541 3105 100 15 measure
1661 3105 45 14 was
1725 3104 25 15 so
1770 3098 32 21 far-

1253 3128 106 31 reaching
1369 3130 52 22 that
1431 3135 28 16 no
1469 3135 42 16 one
1527 3127 65 24 knew
1608 3127 62 24 what
1687 3127 38 24 the
1742 3127 72 24 result

1252 3160 24 22 of
1295 3160 30 22 its
1350 3160 127 28 operations
1501 3159 75 22 would
1600 3159 34 22 be.
1685 3158 47 23 The
1752 3158 58 23 Hon.

1254 3189 92 21 Downie
1364 3189 99 21 Stewart
1480 3188 113 29 approved
1611 3188 24 22 of
1648 3189 39 21 the
1704 3188 110 29 principle

1252 3218 23 22 of
1286 3218 39 23 the
1334 3217 53 28 Bill,
1398 3217 45 23 and
1454 3224 45 16 was
1509 3217 122 23 convinced
1643 3217 52 23 that
1708 3217 56 23 with
1774 3217 40 23 the

1252 3249 155 24 introduction
1417 3248 23 24 of
1453 3249 175 29 improvements
1645 3249 23 23 in
1684 3247 129 31 machinery

1253 3280 63 23 there
1337 3287 45 15 was
1401 3283 41 20 not
1465 3280 113 22 sufficient
1600 3283 24 19 to
1645 3279 94 30 provide
1758 3287 55 15 even

1252 3311 64 29 eight
1335 3310 75 23 hours'
1430 3309 63 24 labor
1512 3310 35 23 for
1567 3309 39 24 the
1625 3309 106 24 workers.
1781 3309 33 23 Dr

1252 3341 80 27 Grace,
1348 3348 28 15 on
1388 3340 38 23 the
1436 3341 65 22 other
1512 3339 68 28 hand,
1599 3340 98 29 thought
1708 3340 52 22 that
1775 3339 39 23 the

1253 3370 44 23 Bill
1317 3377 46 16 was
1382 3377 14 16 a
1415 3370 44 23 bad
1476 3377 42 16 one
1535 3370 35 23 for
1589 3370 38 23 the
1646 3369 123 29 mechanic,
1789 3376 25 16 as

1253 3402 20 21 it
1289 3400 146 30 discouraged
1457 3400 217 29 enterprise.The
1694 3400 59 23 Hon.
1776 3400 38 22 Mr

1253 3431 67 27 Kerr,
1336 3438 24 16 as
1375 3439 13 13 a
1403 3438 131 22 newspaper
1556 3431 134 29 proprietor,
1715 3429 98 23 referred

1254 3464 23 20 to
1292 3461 39 23 the
1346 3468 131 22 newspaper
1491 3461 74 22 offices
1579 3468 24 15 as
1614 3460 113 30 examples
1737 3460 23 23 of
1776 3460 38 23 the

1254 3492 172 22 inconvenience
1436 3491 52 22 that
1504 3490 74 23 would
1594 3490 72 23 result
1683 3490 74 23 unless
1775 3490 39 23 the

1254 3522 44 22 Bill
1309 3529 58 15 were
1377 3521 110 23 amended
1505 3522 22 22 in
1543 3521 137 28 committee,
1692 3520 66 23 while
1775 3521 39 23 the

1254 3552 58 24 Hon.
1336 3551 37 25 Mr
1392 3551 111 25 Shrimski
1528 3551 115 31 protested
1666 3551 90 31 against
1775 3551 39 23 the

1254 3586 52 19 tone
1316 3583 23 22 of
1349 3582 155 24 intimidation
1515 3583 68 22 taken
1595 3583 29 29 by
1634 3590 60 15 some
1705 3582 109 23 members

1254 3614 22 21 of
1287 3614 39 21 the
1335 3612 94 24 Council
1446 3612 50 23 who
1511 3612 124 30 supported
1654 3612 38 23 the
1703 3619 107 16 measure.

1254 3643 74 22 The
1340 3643 58 22 Hon.
1412 3643 36 22 Mr
1466 3642 53 23 Bolt
1532 3642 48 23 said
1598 3643 38 21 the
1652 3642 92 24 Council
1762 3643 38 21 mis-

1255 3673 53 23 took
1325 3673 29 23 its
1374 3673 102 23 function
1498 3680 25 15 as
1542 3680 13 15 a
1576 3673 98 28 revising
1691 3671 67 31 body.
1790 3672 24 23 It

1254 3702 87 23 seemed
1360 3706 23 19 to
1403 3703 46 21 him
1469 3703 52 22 that
1541 3703 29 22 its
1585 3702 53 29 only
1654 3702 59 29 duty
1728 3710 46 14 was
1789 3705 24 20 to

1255 3732 72 23 throw
1342 3736 41 20 out
1397 3732 63 23 Bills.
1492 3732 35 30 By
1544 3732 39 23 the
1603 3732 105 30 carrying
1725 3732 23 23 of
1767 3732 47 23 this

1255 3763 44 23 Bill
1309 3770 73 23 wages
1393 3763 74 22 would
1482 3767 41 18 not
1537 3763 46 22 fall.
1615 3763 157 23 Combination
1783 3763 30 29 by

1255 3798 6 8 f
1267 3795 25 21 he
1314 3794 98 22 workers
1431 3793 44 23 and
1496 3793 39 23 the
1555 3793 120 23 formation
1695 3793 23 23 of
1738 3793 75 30 public

1255 3824 91 27 opinion
1370 3823 74 23 would
1469 3831 80 14 ensure
1568 3824 89 28 against
1676 3823 137 23 that.The

1255 3853 58 22 Hon.
1326 3853 87 30 George
1429 3852 70 24 Jones
1516 3853 47 22 also
1581 3853 92 28 warmly
1690 3852 122 30 supported

1254 3884 39 23 the
1304 3883 51 29 Bill,
1365 3883 44 23 and
1420 3883 91 23 warned
1521 3883 39 23 the
1570 3883 94 24 Council
1674 3884 52 22 that
1735 3890 79 17 sooner

1254 3922 24 15 or
1289 3915 57 22 later
1361 3915 20 22 it
1391 3914 75 23 would
1478 3915 56 22 have
1544 3918 24 19 to
1583 3922 51 22 pass
1645 3915 89 23 itOn
1746 3915 67 31 going

1255 3948 23 19 to
1288 3953 13 14 a
1311 3945 97 22 division
1419 3946 39 21 the
1476 3945 144 22 amendment
1630 3953 46 14 was
1686 3946 85 21 carried
1782 3945 31 29 by

1292 3978 23 19 to
1323 3976 33 25 13,
1365 3974 43 23 and
1417 3975 39 22 the
1463 3974 45 23 Bill
1515 3975 105 28 rejected.
1652 3975 47 22 The
1707 3975 94 22 division-

1254 4004 37 21 list
1303 4011 46 14 was
1358 4012 24 13 as
1398 4004 86 21 follows
1494 4013 35 12 :

1276 4040 57 21 Ayes
1348 4040 40 24 (for
1401 4040 36 21 the
1454 4039 54 24 Bill).
1546 4040 73 21 Messrs
1635 4041 94 25 Stewart,
1744 4041 57 21 Barni-

1253 4068 52 20 coat,
1316 4066 56 22 Kerr,
1388 4066 65 23 Kelly,
1468 4065 57 23 Rigg,
1538 4065 67 24 Jones,
1621 4066 121 23 Jenkinson,
1756 4066 45 20 Feld-

1254 4089 58 21 wick.
1327 4089 106 24 Jennings
1447 4089 78 24 Morris,
1539 4089 54 24 Bolt,
1610 4089 146 24 Montgomery,
1772 4090 40 20 and

1254 4112 31 22 W.
1297 4115 20 19 ('.
1328 4113 89 21 Walker.

1278 4138 57 20 Noes
1343 4139 40 19 (for
1396 4138 35 20 the
1445 4138 244 22 amendment).Messrs
1704 4139 108 24 Reynolds,

1255 4162 20 21 L.
1299 4161 90 25 Walker,
1407 4162 132 23 Richardson,
1658 4164 15 18 A
1676 4164 65 22 eland,
1759 4164 43 20 Scot-

1254 4186 54 24 land,
1339 4186 108 25 Shrimski,
1471 4187 127 24 MacGregor,
1628 4186 78 25 Kenny,
1740 4188 72 24 Bonar,

1254 4211 92 23 Stevens,
1356 4211 108 23 Johnston,
1473 4212 69 22 Grace,
1553 4211 91 23 M'Lean,
1652 4212 40 20 and
1701 4212 88 21 Holmes.

1306 4270 267 25 EXPLANATION
1602 4270 150 25 NEEDED.

1276 4331 18 20 A
1307 4331 39 20 few
1354 4331 83 21 months
1446 4331 51 21 back
1506 4339 11 13 a
1525 4332 125 24 c>hiparisjn
1657 4338 41 14 was
1703 4332 110 21 instituted

1254 4355 26 23 by
1288 4355 35 21 the
1337 4356 5 8 '
1349 4356 80 24 Sydney
1440 4356 94 24 Morning
1542 4356 85 20 Herald'
1640 4357 22 19 of
1670 4357 36 20 the
1714 4357 73 21 results
1793 4357 21 20 of

1253 4379 35 21 life
1298 4381 107 20 insurance
1413 4380 91 21 business
1513 4381 89 20 conduct
1614 4381 12 20 d
1636 4381 20 20 in
1666 4381 50 21 New
1725 4381 89 21 Zealand

1253 4404 27 24 by
1292 4404 36 21 the
1344 4405 139 20 Government
1500 4405 109 20 Insurance
1622 4405 136 24 Department
1773 4405 40 21 and

1253 4429 35 20 the
1301 4429 119 20 Australian
1435 4429 80 20 Mutual
1529 4429 110 20 Provident
1655 4430 80 23 Society
1744 4430 21 19 in
1778 4430 36 20 the

1252 4459 49 18 year
1316 4454 50 19 1894.
1391 4454 42 19 The
1452 4452 94 21 'Mutual
1562 4453 111 20 Provident
1689 4452 124 25 Messenger'

1252 4477 73 21 carries
1337 4477 37 21 the
1384 4478 127 23 comparison
1524 4484 11 14 a
1549 4484 48 17 year
1610 4478 86 24 further,
1706 4477 40 21 and
1759 4479 55 22 gives

1252 4502 36 20 tbe
1300 4502 73 23 figures
1386 4508 21 14 as
1421 4502 116 25 furnishing
1550 4502 113 20 additional
1676 4503 59 24 proof
1746 4503 21 19 of
1779 4502 35 21 the

1252 4526 96 24 inability
1356 4527 23 19 of
1392 4534 11 12 a
1412 4526 245 25 Government-managed
1666 4527 119 20 institution
1792 4529 22 18 to

1252 4553 91 21 compete
1351 4551 51 20 with
1412 4558 11 13 a
1432 4552 79 22 private
1520 4552 91 20 officer-

1278 5167 80 22 Several
1367 5169 67 25 points
1442 5169 22 21 of
1475 5171 57 24 great
1545 5169 125 27 importance
1678 5171 39 23 'are
1726 5171 87 25 brought

1254 5195 37 18 out
1311 5194 21 19 in
1351 5191 57 23 these
1432 5195 78 24 figures.
1541 5195 42 21 The
1609 5196 99 22 'Hrald'
1728 5197 85 21 adds:

1372 5218 35 19 the
1421 5224 44 13 new
1480 5225 115 14 assurances
1608 5221 100 20 exceeded
1720 5221 59 20 those
1792 5222 21 19 of

1255 5241 35 19 the
1310 5241 118 20 Australian
1453 5242 80 21 Mutual
1558 5243 110 21 Provident
1686 5245 81 23 Society
1787 5245 26 24 by

1256 5265 85 23 30,000,
1350 5265 49 23 they
1407 5267 106 26 presented
1526 5274 11 13 a
1546 5267 92 22 decrease
1645 5268 22 21 of
1679 5269 92 24 120,965
1782 5267 31 22 for

1254 5288 36 20 the
1304 5294 53 18 year,
1372 5289 60 19 whde
1446 5290 35 20 the
1494 5296 45 14 new
1552 5298 116 14 assurances
1679 5293 23 19 of
1715 5293 35 19 the
1763 5294 38 19 Aus-

1255 5312 73 21 tralian
1349 5312 81 22 Mutual
1454 5314 110 23 Provident
1586 5317 81 24 Society
1685 5317 82 21 showed
1786 5324 26 15 an

1255 5338 87 21 increase
1351 5338 21 21 of
1380 5339 85 24 11,405.
1490 5340 41 21 But
1539 5341 47 21 that
1593 5341 48 25 only
1649 5345 113 22 represents
1769 5342 44 22 half

1255 5362 35 20 tbe
1298 5368 51 17 case,
1358 5363 31 20 for
1397 5364 36 20 the
1442 5364 46 21 void
1497 5365 90 21 business
1595 5367 22 20 of
1630 5367 36 20 the
1673 5368 140 21 Government

1255 5387 67 24 Office,
1332 5387 104 26 including
1447 5389 104 25 transfers,
1562 5397 40 14 was
1611 5392 79 22 62,01)0
1698 5398 55 14 more
1761 5392 51 21 than

1255 5411 47 20 that
1316 5411 22 20 of
1353 5412 35 20 the
1404 5412 77 21 A.M.P.
1506 5414 64 20 There
1586 5421 41 14 was
1642 5416 48 19 thus
1702 5422 27 14 an
1743 5417 69 20 actual

1254 5435 66 23 larger
1332 5436 88 20 increase
1433 5437 26 23 by
1469 5438 79 24 31,919
1560 5439 22 20 in
1594 5439 37 20 the
1643 5440 92 20 business
1743 5441 22 19 of
1776 5441 36 20 the

1255 5458 78 21 A.M.P.
1348 5460 50 21 than
1412 5461 21 20 in
1447 5461 47 21 that
1506 5462 22 20 of
1542 5463 37 20 the
1592 5464 138 20 Government
1743 5465 68 20 Office.

1254 5483 42 20 The
1304 5489 70 15 reason
1382 5485 32 20 for
1421 5485 42 20 this
1472 5486 17 19 is
1501 5487 123 24 sufficiently
1633 5489 98 22 apparent
1743 5489 21 19 in
1777 5489 35 19 the

1254 5513 86 19 expense
1349 5508 58 25 ratio,
1416 5508 67 22 which
1490 5510 16 20 is
1515 5511 21 20 16
1544 5517 35 19 per
1589 5513 53 20 cent,
1652 5513 79 23 greater
1742 5512 21 21 in
1777 5512 35 21 the

1254 5538 45 14 case
1307 5533 22 19 of
1336 5533 36 20 the
1379 5534 137 22 Government
1524 5536 62 21 Office
1594 5536 51 21 than
1653 5537 22 20 of
1687 5536 35 21 the
1734 5537 78 25 private

1255 5557 124 21 institution.
1408 5558 42 21 The
1466 5561 72 22 figures
1553 5561 92 25 showing
1659 5562 36 20 the
1710 5563 61 22 profit
1786 5568 26 14 on

1255 5582 133 21 investments
1401 5589 34 14 are
1449 5585 36 19 not
1496 5585 66 24 given,
1577 5585 38 21 but
1629 5586 21 20 in
1664 5585 36 21 the
1713 5587 40 19 last
1761 5592 39 14 com-

1254 5610 80 18 parison
1343 5611 29 14 we
1381 5607 58 20 made
1447 5608 48 23 they
1504 5615 52 13 were
1569 5609 70 19 shown
1651 5611 22 18 to
1681 5609 25 20 be
1714 5609 65 23 larger
1791 5609 21 20 in

1255 5628 35 20 the
1309 5635 44 14 case
1372 5630 21 19 of
1412 5630 35 20 the
1466 5631 78 20 A.M.P.
1565 5633 81 23 Society
1665 5632 51 21 than
1735 5633 22 19 of
1776 5633 36 20 the

1255 5652 137 22 Government
1517 5656 59 21 Sjme
1591 5656 132 25 explanation
1739 5657 23 20 of
1776 5656 36 22 the

1255 5683 68 14 causes
1332 5677 21 21 of
1360 5677 36 22 the
1403 5679 76 25 alleged
1488 5680 98 25 disparity
1595 5681 17 21 is
1620 5681 67 24 surely
1695 5681 82 21 needed.

1282 5735 48 24 The
1346 5736 49 24 first
1405 5738 86 29 journal
1501 5740 36 22 for
1546 5747 86 18 women
1642 5747 53 18 ever
1705 5740 73 24 issued
1789 5740 23 25 in

1256 5766 102 31 England
1369 5775 45 15 was
1425 5769 69 24 called
1507 5770 61 25 The
1586 5770 87 26 Ladies'
1690 5771 79 31 Diary,
1788 5778 24 18 or

1257 5796 113 26 Woman's
1381 5798 140 24 Almanack.'

1930 189 241 31 AUSTRALIAN
2191 188 120 30 NOTES.

2031 259 133 30 SYDNEY,
2180 259 142 24 September
2336 256 33 23 28.

1870 287 49 23 The
1933 288 99 23 decision
2042 292 23 20 of
2075 292 37 22 the
2122 292 154 22 Government
2291 292 24 17 to
2331 293 69 21 usurp

1844 316 39 23 the
1893 317 120 30 privileges
2023 319 24 22 of
2057 321 87 28 private
2159 318 109 24 members
2279 316 30 28 by
2319 315 81 28 taking

1843 346 120 31 Thursday
1980 348 77 31 nights
2072 350 34 24 for
2124 350 154 24 Government
2297 345 102 24 business

1843 378 116 30 naturally
1970 380 72 23 raised
2053 389 58 16 some
2128 380 143 27 commotion,
2288 377 42 24 but
2340 376 59 23 after

1844 408 39 23 the
1902 412 71 20 waste
1987 410 23 23 of
2029 411 55 23 time
2107 413 52 22 that
2182 409 128 31 frequently
2335 407 65 24 takes

1843 438 63 29 place
1928 446 28 16 on
1975 439 104 32 Tuesday
2100 449 54 22 very
2176 441 61 23 little
2260 438 126 24 commisera-

1844 469 47 21 tion
1903 475 44 16 was
1957 469 77 24 shewn
2046 474 23 19 to
2079 473 38 22 the
2126 472 110 23 sufferers.
2269 469 54 23 Last
2332 467 54 23 Tues-

1844 497 44 30 day
1898 506 46 15 was
1954 507 13 14 a
1978 507 49 16 case
2037 501 23 22 in
2071 503 70 28 point,
2153 502 64 22 when
2234 500 38 23 the
2288 499 50 22 best
2348 499 52 27 part

1844 528 23 22 of
1877 528 52 23 that
1945 531 96 29 evening
2058 539 43 15 was
2117 532 70 23 taken
2204 538 30 21 up
2250 529 55 22 with
2320 535 14 15 a
2353 527 33 22 dis-

1844 558 87 24 cussion
1947 567 28 15 on
1992 568 28 15 an
2038 561 99 25 abstract
2159 561 84 23 motion
2259 559 29 29 by
2305 566 13 15 a
2337 556 63 24 labor

1844 589 106 28 member,
1971 591 50 22 who
2045 592 68 23 asked
2139 592 38 23 the
2197 591 154 22 Government
2375 590 24 20 to

1843 619 71 29 spend
1938 620 96 29 IO,OOO
2058 622 22 23 in
2110 621 122 32 equipping
2256 618 144 31 prospecting

1843 650 86 31 parties
1940 653 23 22 to
1977 652 77 24 search
2069 653 33 25 for
2124 652 104 25 minerals
2243 659 28 15 on
2287 649 75 25 behalf
2377 648 22 24 of

1844 682 39 23 the
1894 682 71 24 State.
1997 683 47 24 The
2055 684 75 24 House
2140 685 39 22 did
2189 686 41 20 not
2245 682 53 24 take
2316 681 54 23 such
2385 688 13 15 a

1844 711 126 24 Socialistic
1989 716 104 27 propo?al
2107 714 117 29 seriously,
2241 713 45 22 and
2300 710 99 30 rejected

1844 742 26 22 it.
1907 742 100 23 Motions
2022 744 34 22 for
2079 745 159 29 adjournment
2257 749 57 15 were
2334 741 65 30 again

1844 771 23 22 in
1905 772 113 24 evidence.
2064 774 46 23 One
2152 781 46 15 was
2236 771 101 23 directed
2377 774 23 20 to

1845 801 39 23 the
1918 801 85 32 danger
2044 811 41 16 run
2120 805 31 30 by
2187 804 63 23 those
2286 802 50 22 who
2372 808 28 24 go

1844 832 66 24 down
1931 836 24 20 to
1975 834 38 23 the
2032 843 37 16 sea
2085 837 21 22 in
2124 836 60 30 ferry
2201 834 63 23 boats
2275 834 22 23 in
2309 833 91 30 Sydney

1845 863 88 24 harbor.
1971 864 108 25 Realistic
2096 867 97 30 pictures
2209 873 57 15 were
2284 864 77 23 drawn
2378 864 22 22 of

1844 894 63 22 what
1917 894 18 23 is
1946 895 70 30 likely
2027 900 23 19 to
2060 904 64 16 occur
2138 904 44 22 any
2193 895 45 30 day
2248 894 98 30 through
2357 894 32 23 col-

1844 923 83 24 lisions.
1968 925 47 24 One
2040 927 102 28 member,
2163 926 51 23 who
2234 928 60 20 went
2313 932 28 15 on
2361 925 39 22 the

1844 955 103 29 warpath
1971 956 150 31 figuratively,
2147 956 118 31 explained
2291 956 51 23 that
2361 956 39 22 the

1845 984 88 24 Marine
1950 986 73 23 Board
2043 988 90 22 accused
2149 987 40 23 the
2203 987 61 28 ferry
2274 986 126 30 companies

1844 1015 23 23 of
1891 1015 65 30 being
1981 1017 127 24 indifferent
2132 1021 24 20 to
2180 1017 38 23 the
2243 1017 92 30 danger,
2356 1016 44 23 and

1844 1045 97 31 charged
1952 1047 38 22 the
2001 1048 150 24 Government
2158 1048 55 23 with
2225 1048 120 30 inactivity
2356 1047 43 23 and

1844 1076 67 30 being
1928 1076 36 23 lax
1983 1078 21 22 in
2027 1080 145 29 supervision,
2194 1079 59 23 after
2268 1078 72 23 which
2362 1079 38 22 the

1844 1107 119 28 Assembly
1980 1108 98 28 rejected
2090 1110 36 22 the
2144 1110 83 21 motion
2238 1109 44 22 and
2297 1112 61 18 went
2373 1116 27 14 on

1844 1136 57 24 with
1921 1137 39 23 the
1979 1137 71 24 Order
2075 1138 76 32 Paper.
2191 1138 47 24 The
2258 1138 106 24 Minister
2378 1138 22 23 of

1847 1168 72 22 Linda
1937 1168 53 23 took
2010 1170 38 21 the
2066 1169 74 24 House
2157 1170 48 22 into
2220 1170 35 22 his
2265 1169 134 27 confidence,

1844 1198 44 23 and
1899 1198 49 23 told
1959 1198 19 23 it
1988 1198 51 23 that
2050 1199 26 23 ho
2086 1208 41 14 was
2138 1200 69 22 about
2218 1203 23 19 to
2252 1199 126 22 undertake
2388 1206 12 15 a

1844 1228 162 23 much-needed
2017 1229 61 23 work
2095 1231 22 22 in
2128 1230 38 23 the
2177 1230 68 29 shape
2255 1229 23 23 of
2293 1229 38 23 the
2342 1228 47 23 codi-

1844 1258 91 24 fication
1945 1259 23 23 of
1979 1259 38 23 the
2027 1259 52 24 land
2090 1261 58 22 laws.

1872 1288 27 23 In
1910 1290 39 22 the
1960 1290 104 28 previous
2079 1291 59 22 week
2154 1290 93 29 religion
2264 1289 44 22 and
2325 1290 75 28 racing

1844 1327 59 15 were
1913 1320 71 29 prime
1995 1320 79 29 topics,
2091 1320 40 22 but
2142 1320 45 24 this
2198 1320 61 22 week
2278 1319 121 23 concluded

1845 1350 56 23 with
1916 1350 39 23 the
1973 1349 103 25 Solomon
2095 1350 87 24 Islands
2198 1358 109 14 massacre
2325 1349 43 22 and
2389 1356 11 15 a

1844 1380 91 30 dispute
1952 1381 101 22 between
2071 1381 38 22 the
2126 1384 101 19 amateur
2244 1380 81 29 cyclist
2341 1378 59 30 body

1844 1410 44 23 and
1904 1411 39 22 the
1959 1410 88 30 League
2057 1411 22 22 of
2091 1410 137 28 Wheelmen,
2247 1409 73 24 which
2337 1409 63 23 looks

1844 1444 40 18 not
1894 1440 77 22 unlike
1989 1448 28 14 an
2033 1443 97 28 attempt
2147 1449 28 14 on
2193 1441 38 22 the
2251 1443 53 26 part
2322 1440 23 22 of
2359 1447 41 14 one

1844 1471 131 23 institution
2000 1475 24 19 to
2048 1478 107 17 massacre
2180 1471 38 23 the
2241 1471 71 23 other.
2353 1469 47 25 The

1844 1505 113 19 amateurs
1967 1502 57 22 have
2035 1501 54 24 been
2099 1502 101 30 working
2210 1509 31 22 up
2251 1502 60 22 their
2318 1501 81 23 annual

1844 1532 87 22 feature
1942 1532 34 22 for
1984 1540 12 13 a
2004 1532 52 30 long
2065 1534 51 21 time
2124 1532 64 27 back,
2198 1532 44 22 and
2251 1532 64 21 when
2323 1539 64 21 every-

1844 1562 66 29 thing
1921 1569 45 15 was
1976 1563 67 29 going
2053 1570 23 14 as
2087 1563 88 28 merrily
2187 1570 24 14 as
2225 1562 38 22 the
2274 1561 125 29 proverbial

1844 1593 109 29 marriage
1971 1592 44 24 bell
2031 1593 38 23 the
2086 1593 85 29 League
2186 1591 130 23 announced
2335 1598 12 14 a
2364 1591 36 29 big

1844 1623 98 29 meeting
1957 1631 28 14 on
2003 1623 40 23 the
2058 1631 58 15 same
2131 1622 53 23 date
2196 1622 35 23 for
2249 1622 38 22 the
2298 1621 89 29 Agricul-

1844 1653 61 23 tural
1924 1653 102 27 Ground,
2052 1654 114 28 adjoining
2191 1652 38 23 the
2258 1652 141 21 Association

1843 1683 102 28 Ground,
1957 1683 74 23 where
2050 1683 39 23 the
2107 1687 112 19 amateurs
2239 1686 35 18 set
2291 1689 30 22 up
2341 1681 59 22 their

1843 1713 91 24 bmner.
1966 1713 150 30 Competition
2133 1712 77 24 waxed
2228 1712 64 27 keen,
2311 1711 44 22 and
2371 1718 28 14 an

1843 1748 65 19 extra
1926 1743 143 23 inducement
2088 1745 21 21 in
2130 1744 38 22 the
2187 1743 70 28 shape
2276 1742 23 21 of
2323 1741 77 29 giving

1843 1774 54 23 each
1909 1774 79 22 visitor
1999 1781 12 15 a
2022 1774 82 22 chance
2121 1774 22 22 in
2155 1773 37 23 the
2204 1771 98 31 disposal
2312 1771 23 22 of
2349 1770 51 23 four

1843 1805 73 29 cycles
1933 1804 30 30 by
1974 1805 84 28 lottery
2070 1804 42 23 and
2130 1803 109 29 donating
2258 1804 14 21 5
2289 1809 39 22 per
2338 1808 25 16 ce
2373 1804 23 19 it.

1843 1835 23 22 of
1876 1835 39 22 the
1925 1835 106 29 proceeds
2042 1838 23 19 to
2076 1835 37 22 the
2124 1833 108 28 hospitals
2244 1839 45 15 was
2300 1831 51 22 held
2359 1834 41 18 out

1843 1864 30 28 by
1884 1865 39 22 the
1933 1867 114 20 amateurs
2058 1868 23 19 to
2095 1864 75 23 charm
2182 1863 38 23 the
2230 1861 82 31 public.

1870 1895 48 24 The
1928 1895 66 24 novel
2004 1895 62 30 relay
2082 1902 48 16 race
2148 1892 100 25 arrested
2265 1899 61 16 more
2344 1892 55 23 than

1843 1927 89 30 passing
1947 1926 120 24 attention.
2098 1925 46 24 The
2154 1924 92 31 cyclists
2265 1923 135 24 themselves

1843 1964 37 15 are
1895 1958 64 28 quite
1976 1957 147 22 enthusiastic
2140 1955 70 22 about
2225 1955 39 22 the
2281 1954 80 28 utility
2377 1953 23 22 of

1841 1986 54 23 such
1913 1994 13 15 a
1942 1986 91 23 method
2051 1986 23 22 of
2090 1986 123 29 conveying
2229 1983 132 30 despatches
2377 1983 21 21 in

1842 2017 66 23 times
1927 2017 23 22 of
1970 2016 100 23 national
2089 2016 89 29 danger.
2210 2014 47 23 The
2275 2018 58 18 most
2350 2019 36 23 pro-

1842 2047 64 23 bable
1914 2051 103 19 outcome
2032 2047 23 22 of
2065 2047 37 22 the
2113 2046 93 30 project,
2225 2045 110 26 however,
2354 2043 45 23 will

1842 2077 27 22 be
1886 2080 24 19 to
1929 2080 35 19 set
1984 2084 31 20 up
2035 2077 38 21 the
2093 2077 76 21 merits
2189 2075 44 22 and
2253 2075 107 21 demerits
2377 2073 23 22 of

1841 2107 85 21 certain
1937 2106 83 22 brands
2031 2106 22 22 of
2064 2106 117 22 machines.

1868 2137 47 23 The
1936 2136 58 24 Hon.
2016 2136 96 24 Thomas
2131 2136 101 29 Brassey,
2250 2133 147 25 interviewed

1840 2175 28 15 on
1879 2168 38 22 the
1927 2168 94 22 Eastern
2028 2168 110 29 question,
2148 2166 47 24 said
2204 2166 26 22 he
2240 2166 97 29 thought
2348 2164 51 23 that

1839 2198 88 23 Britain
1938 2198 66 23 could
2014 2197 54 24 hold
2079 2197 38 24 her
2132 2204 49 16 own
2199 2197 88 29 ogainst
2305 2195 92 26 France,

1840 2229 17 22 tl
1866 2235 13 16 o
1886 2228 40 30 agh
1933 2228 81 23 Russia
2021 2236 12 14 n
2044 2228 49 29 i;ht
2101 2235 66 23 prove
2176 2235 12 14 a
2197 2227 61 29 tight
2266 2226 63 30 fight.
2353 2225 47 23 But

1841 2259 38 22 the
1898 2259 105 30 strength
2021 2260 22 22 of
2060 2266 40 15 our
2119 2265 59 23 navy
2199 2265 45 14 was
2268 2257 53 22 such
2348 2256 50 23 that

1840 2289 89 29 Russia,
1942 2290 72 23 which
2025 2297 109 23 possesses
2145 2297 28 15 no
2183 2289 70 23 faster
2270 2288 95 22 cruisers
2376 2291 24 19 to

1839 2324 38 18 act
1896 2328 24 14 as
1938 2321 59 28 spies
2007 2321 34 21 for
2053 2321 38 21 her
2100 2319 71 28 fleets,
2183 2322 61 19 must
2253 2319 27 21 be
2288 2318 99 22 consider-

1839 2350 54 30 ably
1910 2350 132 23 discounted
2060 2357 28 16 on
2106 2349 46 24 this
2168 2350 101 22 account.
2301 2347 48 24 Nor
2360 2347 40 23 has

1840 2381 39 21 she
1889 2388 44 21 any
1945 2380 50 23 first
2005 2381 56 22 class
2072 2380 134 28 battleships
2217 2383 23 18 at
2253 2379 38 22 the
2309 2381 91 27 present

1840 2411 61 22 time.
1947 2409 24 24 It
1994 2411 19 22 is
2037 2410 143 29 satisfactory
2209 2412 24 20 to
2258 2408 66 23 know
2349 2408 51 22 that

1840 2440 108 24 Britain's
1967 2441 137 30 superiority
2124 2441 18 22 is
2159 2440 24 23 of
2199 2439 44 23 five
2265 2439 62 30 ships
2347 2445 52 16 over

1840 2471 85 23 France
1940 2471 45 23 and
2001 2471 81 22 Russia
2096 2470 124 26 combined,
2232 2470 44 22 and
2287 2470 39 21 she
2336 2469 40 22 has
2387 2476 13 15 a

1840 2502 137 29 superiority
1988 2501 23 22 of
2025 2509 41 14 one
2075 2501 49 30 ship
2131 2507 55 15 even
2194 2501 17 21 if
2220 2501 113 28 Germany
2342 2506 58 15 were

1840 2531 112 23 included.
1993 2531 27 23 In
2043 2531 38 23 the
2096 2533 58 21 most
2175 2530 92 23 modern
2282 2528 44 24 and
2342 2531 58 21 most

1840 2561 110 30 powerful
1964 2562 62 28 ships
2047 2561 87 23 Britain
2150 2561 43 22 had
2209 2568 28 15 an
2256 2560 129 22 overwhelm-

1840 2593 39 29 ing
1900 2592 146 30 superiority,
2068 2592 44 22 and
2134 2591 63 23 there
2218 2598 45 15 was
2282 2598 28 15 no
2332 2590 56 30 possi-

1840 2622 68 29 bility
1922 2622 24 22 of
1968 2622 40 23 her
2022 2622 71 29 losing
2108 2622 136 29 superiority
2259 2621 23 22 in
2301 2621 52 22 that
2367 2627 22 16 re-

1840 2656 63 27 spect
1919 2652 75 24 before
2015 2653 39 23 the
2069 2653 57 23 close
2148 2652 23 24 of
2192 2651 38 24 the
2245 2655 91 27 present
2351 2658 36 16 cen-

1841 2687 60 25 tury.
1933 2684 32 22 At
1976 2683 38 22 the
2025 2683 43 22 end
2078 2684 22 21 of
2112 2684 52 22 1898
2174 2683 39 22 she
2225 2682 73 23 would
2314 2689 86 22 possess

1840 2714 105 29 eighteen
1969 2713 23 23 of
2016 2713 39 22 the
2075 2713 89 29 highest
2186 2716 54 26 type
2255 2712 23 23 of
2300 2712 62 29 ships
2376 2714 24 19 to

1840 2743 82 25 twelve
1946 2743 116 32 possessed
2086 2743 28 31 by
2137 2743 81 23 Russia
2242 2742 44 24 and
2315 2742 85 24 France

1840 2775 127 28 combined,
1983 2775 44 21 and
2044 2782 44 14 was
2103 2775 49 21 able
2174 2777 25 19 to
2214 2773 63 23 build
2298 2774 62 28 ships
2376 2774 23 21 in

1841 2809 45 19 two
1896 2812 24 16 or
1932 2804 63 24 three
2006 2811 64 23 years
2080 2804 72 23 which
2164 2804 19 23 it
2193 2803 64 24 takes
2267 2803 39 24 the
2314 2803 86 31 foreign

1840 2836 128 29 dockyards
1990 2835 43 22 five
2054 2843 65 21 years
2140 2839 23 18 to
2180 2838 53 19 turn
2256 2838 47 18 out.
2344 2834 42 29 Sup-

1841 2873 53 20 pose
1919 2872 45 16 war
1989 2872 58 16 were
2075 2864 103 24 declared
2203 2867 137 25 to-morrow,
2362 2864 38 23 the

1841 2897 50 23 four
1910 2896 50 24 first
1982 2896 57 23 clats
2058 2895 61 28 ships
2138 2904 49 15 now
2207 2895 103 30 building
2334 2895 65 23 could

1841 2928 27 22 be
1904 2931 39 25 got
1979 2927 69 29 ready
2083 2926 34 23 for
2146 2927 75 23 action
2256 2926 76 23 before
2361 2926 39 22 the

1840 2957 44 22 end
1894 2957 24 21 of
1933 2957 45 22 this
1988 2964 60 21 year.
2080 2956 165 29 Subsequently
2257 2956 37 21 Mr
2304 2956 96 27 Brasey

1842 2986 44 22 had
1924 2994 13 14 a
1974 2986 129 22 conference
2138 2985 57 22 with
2238 2985 39 21 the
2315 2984 71 22 Steam-

1841 3016 51 29 ship
1902 3015 99 22 Owners'
2011 3015 152 22 Asssociation
2174 3022 28 14 on
2213 3014 39 22 the
2262 3014 104 29 question
2377 3013 23 22 of

1842 3046 107 30 manning
1966 3045 40 23 the
2021 3044 130 23 mercantile
2169 3051 88 16 reserve
2277 3044 23 22 in
2317 3043 55 23 such
2388 3050 12 15 a

1844 3084 47 20 way
1902 3084 24 14 as
1937 3080 23 18 to
1971 3076 130 28 strengthen
2120 3076 39 21 the
2169 3075 67 22 naval
2246 3081 95 16 reserve.
2372 3073 27 22 In

1843 3105 39 23 the
1899 3112 77 15 course
1992 3104 23 22 of
2035 3104 34 22 his
2085 3104 102 22 remarks
2207 3104 28 22 he
2252 3102 93 31 pointed
2360 3106 40 18 out

1842 3135 52 24 that
1913 3135 124 31 foreigners
2061 3142 57 17 were
2141 3134 119 31 gradually
2286 3133 114 31 replacing

1843 3166 144 29 Englishmen
1999 3167 22 21 in
2033 3166 39 22 the
2081 3166 130 22 mercantile
2221 3166 93 26 service,
2326 3165 73 22 which

1842 3203 45 14 was
1898 3203 13 14 a
1921 3198 84 20 matter
2020 3196 23 21 of
2062 3198 63 26 great
2135 3194 101 23 national
2251 3195 146 28 importance.

1843 3225 35 23 He
1889 3225 64 23 made
1971 3225 39 23 the
2025 3224 115 31 following
2154 3224 140 31 suggestions
2312 3224 35 22 for
2361 3223 39 23 the

1842 3257 165 23 consideration
2026 3256 23 23 of
2073 3256 39 23 the
2135 3256 141 23 Association
2287 3264 5 14 :
2340 3254 60 24 That

1842 3288 59 22 their
1912 3287 109 23 members
2038 3287 80 22 should
2135 3290 92 19 consent
2238 3290 23 19 to
2276 3293 13 15 a
2306 3285 94 23 number

1842 3318 23 22 of
1884 3318 49 22 lads
1953 3317 66 30 being
2043 3317 67 23 taken
2134 3316 84 24 aboard
2238 3316 60 23 their
2319 3316 81 22 vessels

1843 3347 91 29 trading
1943 3347 67 30 along
2029 3347 39 23 the
2082 3351 68 24 coast,
2171 3350 23 20 to
2209 3347 27 22 be
2251 3345 89 24 trained
2356 3346 42 27 for,

1842 3384 48 23 say,
1911 3378 64 23 three
1990 3385 73 23 years,
2082 3377 132 24 afterwards
2233 3376 140 30 undergoing
2387 3384 13 15 a

1842 3408 89 23 shorter
1941 3411 58 20 term
2009 3408 23 23 of
2042 3408 99 30 training
2151 3408 22 23 in
2185 3408 80 29 sailing
2275 3408 70 28 ships,
2355 3406 44 23 and

1842 3438 118 30 returning
1970 3441 24 20 at
2005 3439 38 22 the
2058 3438 125 23 conclusion
2201 3438 24 23 of
2244 3438 39 22 the
2301 3438 99 29 training

1842 3469 35 22 for
1908 3469 112 22 technical
2050 3469 160 29 employment,
2237 3469 54 29 they
2317 3468 83 29 having

1842 3499 23 22 in
1895 3499 39 22 the
1969 3499 120 22 meantime
2124 3499 89 22 become
2242 3498 101 23 enrolled
2374 3505 25 15 as

1842 3529 110 23 members
1980 3530 23 22 of
2039 3530 38 22 the
2106 3529 74 23 Naval
2213 3529 103 23 Reserve.
2362 3528 37 23 He

1842 3560 89 24 further
1940 3560 119 31 suggested
2071 3561 57 26 that,
2140 3568 48 23 say,
2200 3561 45 23 '2o
2261 3568 40 23 per
2316 3567 83 15 annum

1842 3591 27 22 be
1880 3591 51 29 paid
1948 3591 30 29 by
1988 3592 39 21 the
2042 3591 105 29 Imperial
2158 3592 154 21 Government
2321 3593 24 20 to
2362 3591 38 21 the

1842 3622 122 28 steamship
1974 3629 75 14 owner
2060 3622 22 21 in
2092 3624 88 26 respect
2190 3624 24 19 to
2230 3621 55 22 each
2296 3620 45 28 lad,
2354 3620 46 23 half

1843 3651 38 22 the
1891 3658 80 21 money
1982 3655 23 19 to
2016 3650 26 24 be
2053 3651 52 30 paid
2115 3655 25 18 to
2151 3652 38 22 the
2199 3650 43 31 boy
2254 3655 23 18 at
2293 3650 39 24 the
2342 3658 43 14 com-

1841 3681 86 29 pletion
1943 3682 23 22 of
1976 3681 34 22 his
2026 3686 63 18 term.
2120 3681 44 23 His
2174 3681 51 23 idea
2234 3681 23 22 of
2267 3681 110 28 enrolling
2388 3688 12 15 a

1842 3711 66 22 naval
1919 3718 87 15 reserve
2016 3718 45 15 was
2072 3712 50 22 that
2133 3712 19 22 it
2162 3711 75 22 would
2252 3711 27 22 be
2289 3710 111 23 available

1842 3744 24 20 to
1876 3741 36 24 aid
1924 3742 38 23 the
1973 3741 73 30 Royal
2057 3741 65 31 Navy
2133 3742 22 23 in
2167 3742 54 23 time
2239 3742 23 23 of
2279 3749 52 15 war.
2364 3740 36 24 He

1842 3772 75 22 stated
1934 3772 51 22 that
2001 3773 58 22 Lord
2077 3773 94 34 Brassey
2188 3780 45 15 was
2250 3772 150 29 endeavoring

1842 3806 24 19 to
1885 3802 65 23 make
1969 3806 167 26 arrangements
2156 3803 30 29 by
2206 3803 73 23 which
2304 3803 96 22 colonial

1840 3832 92 29 youths,
1949 3833 74 21 whose
2040 3838 91 21 parents
2147 3840 57 15 were
2222 3833 50 22 able
2290 3835 24 19 to
2332 3839 43 21 pay
2387 3840 12 13 a

1841 3862 109 28 premium
1971 3862 22 23 of
2017 3862 56 23 from
2093 3863 45 24 7O
2158 3866 23 19 to
2200 3863 53 28 BO,
2280 3862 74 30 might
2373 3861 27 24 be

1842 3892 88 24 trained
1947 3901 24 15 as
1988 3893 85 24 officers
2089 3894 23 23 of
2130 3893 39 24 the
2183 3901 66 22 navy.
2282 3893 47 23 The
2340 3893 48 30 ship-

1841 3931 86 16 owners
1944 3925 112 29 promised
2072 3928 22 20 to
2110 3925 50 30 give
2176 3924 85 24 careful
2276 3924 111 23 considera-

1842 3954 47 23 tion
1909 3958 24 19 to
1953 3955 39 22 the
2011 3956 119 29 proposals.
2173 3955 36 22 Mr
2235 3955 96 29 Brassey
2360 3954 40 23 has

1841 3984 92 29 already
1948 3985 124 21 submitted
2088 3985 85 22 similar
2189 3985 116 29 proposals
2322 3987 25 19 to
2362 3984 38 22 the

1842 4013 131 24 Melbourne
1983 4015 143 29 shipowners.

1967 4051 200 27 MELBOURNE,
2184 4051 142 26 September
2336 4052 34 23 28.

1870 4081 21 23 A
1899 4082 124 30 wrangling
2030 4082 79 24 debate
2115 4090 54 15 over
2180 4082 38 23 the
2230 4082 102 30 Railway
2342 4082 47 23 Esti-

1842 4115 72 20 mates
1921 4111 55 31 kept
1984 4112 39 24 the
2030 4113 141 30 atmosphere
2181 4113 23 23 of
2215 4113 38 23 the
2265 4113 135 30 Legislative

1842 4142 119 30 Assembly
1972 4143 23 22 in
2006 4151 12 14 a
2029 4144 99 23 volcanic
2138 4146 60 20 state
2205 4144 44 22 last
2260 4144 69 21 week.
2352 4143 48 22 The

1843 4172 88 24 trouble
1941 4181 62 16 arose
2013 4181 53 16 over
2077 4175 37 23 the
2128 4174 146 23 amendment
2290 4174 110 30 proposed

1842 4202 30 31 by
1884 4203 36 23 Mr
1930 4203 104 31 Bromley
2045 4207 23 21 to
2086 4212 43 23 pay
2139 4205 30 23 all
2187 4205 113 30 employes
2318 4204 70 23 receiv-

1842 4234 39 29 ing
1888 4235 59 22 l3O
1962 4242 25 16 or
2003 4235 71 23 under
2090 4235 82 23 annual
2180 4236 141 22 increments.
2353 4234 47 24 The

1843 4264 104 28 proposal
1971 4271 45 16 was
2035 4266 101 29 strongly
2160 4265 124 29 supported
2310 4265 31 28 by
2361 4265 39 22 the

1844 4293 72 24 Labor
1926 4294 109 23 members
2045 4295 43 23 and
2098 4303 13 15 a
2127 4296 84 22 section
2223 4295 23 23 of
2263 4295 39 23 the
2320 4294 65 23 Minis-

1844 4324 66 23 terial
1943 4328 125 26 supporter.
2108 4325 37 25 Mr
2170 4325 109 24 Hancock
2305 4325 94 23 accused

1842 4354 100 24 Premier
1966 4355 86 24 Turner
2074 4357 22 22 of
2119 4356 99 30 denying
2238 4356 39 23 the
2296 4357 91 29 appoint-

1843 4388 61 20 ment
1915 4386 23 21 of
1948 4385 37 23 Mr
1996 4386 116 24 Matheson
2121 4395 24 14 as
2153 4387 65 23 Chief
2226 4386 102 30 Railway
2336 4386 48 23 Com-

1843 4416 116 22 missioner
1966 4416 59 23 after
2035 4417 39 22 the
2081 4418 158 29 appointment
2246 4425 46 14 was
2300 4417 99 28 actually

1842 4445 72 23 made.
1945 4445 48 23 The
2003 4445 104 30 Premier,
2119 4448 23 22 in
2153 4447 39 23 the
2202 4454 78 16 course
2289 4447 24 22 of
2329 4454 14 15 a
2360 4447 40 22 hot

1844 4476 70 30 reply,
1926 4476 49 23 said
1986 4476 51 24 that
2053 4477 79 29 hardly
2142 4485 13 15 a
2166 4477 66 30 night
2242 4476 80 30 passed
2333 4477 53 22 with-

1842 4509 41 20 out
1897 4513 103 16 someone
2009 4514 29 16 on
2049 4508 38 22 the
2102 4507 136 24 Ministerial
2253 4507 48 22 side
2318 4506 23 23 of
2361 4507 38 22 the

1842 4536 77 24 House
1936 4538 104 30 accusing
2056 4538 116 24 Ministers
2187 4537 23 23 of
2226 4538 113 28 improper
2349 4543 37 16 con-

1842 4567 61 23 duct.
1935 4567 71 23 These
2016 4569 91 30 charges
2118 4575 58 15 were
2186 4567 117 26 becoming
2312 4574 25 14 so
2347 4573 39 15 con-

1843 4598 92 22 tinuous
1951 4597 53 23 that
2022 4597 28 24 he
2074 4606 44 15 was
2137 4599 46 22 fast
2202 4597 73 30 losing
2295 4598 33 21 his
2349 4597 39 21 self-

1843 4631 93 25 respect.
1977 4628 22 22 If
2009 4628 40 22 the
2058 4628 154 23 Government
2223 4635 58 14 were
2291 4629 24 20 to
2326 4626 73 23 retain

1842 4657 63 23 office
1924 4657 64 23 these
2007 4658 91 30 charges
2117 4661 61 20 must
2197 4664 70 16 cease.
2298 4656 37 24 He
2354 4655 44 24 had

1842 4688 45 24 lost
1915 4687 55 25 both
1999 4689 23 23 in
2051 4689 76 24 health
2166 4689 43 23 and
2248 4687 83 32 pocket
2369 4686 29 31 by

1843 4719 39 23 the
1919 4719 97 30 position
2056 4720 28 23 he
2119 4727 52 15 now
2199 4718 115 30 occupied,
2354 4717 44 23 and

1842 4750 18 24 if
1883 4749 29 25 he
1935 4757 59 17 were
2017 4752 25 22 to
2065 4751 71 24 retain
2164 4750 63 23 office
2251 4749 64 25 there
2338 4750 61 22 must

1842 4781 28 24 bo
1879 4789 28 15 an
1918 4781 43 23 end
1972 4785 43 27 put
2030 4784 25 21 to
2071 4782 62 23 these
2143 4781 156 23 insinuations.
2331 4779 68 23 Later

1843 4812 37 23 Mr
1898 4812 86 22 Graves
2008 4815 40 26 got
2062 4812 58 23 loose
2138 4818 29 15 on
2188 4811 39 22 the
2246 4810 106 22 Minister
2376 4809 23 22 of

1842 4842 123 28 Railways,
1977 4841 98 22 referred
2090 4845 24 19 to
2129 4841 46 23 him
2190 4848 25 15 as
2234 4840 40 23 the
2293 4839 106 22 Minister

1842 4871 23 22 of
1884 4871 113 30 negation,
2018 4870 44 24 and
2082 4871 96 32 charged
2197 4871 46 23 him
2267 4870 55 23 with
2347 4869 38 24 mis-

1843 4905 156 26 management
2015 4902 44 23 and
2074 4903 124 30 deception.
2230 4901 47 23 The
2294 4901 105 23 Minister

1843 4931 97 23 relieved
1952 4931 33 23 his
1995 4933 108 29 outraged
2118 4933 94 28 feelings
2222 4932 30 28 by
2269 4931 82 28 calling
2362 4930 37 22 Mr

1842 4960 86 24 Graves
2117 4963 36 23 for
2173 4962 73 22 which
2267 4961 27 22 he
2309 4960 45 22 had
2375 4964 24 19 to

1842 4991 119 30 apologise.
1993 4992 36 23 He
2044 4993 52 23 then
2114 4991 123 32 proceeded
2248 4994 24 19 to
2289 4990 53 23 take
2359 4990 40 22 the

1843 5021 60 23 force
1912 5024 42 20 out
1963 5021 24 24 of
1996 5022 35 23 his
2041 5023 94 31 apology
2150 5023 30 29 by
2195 5021 96 30 alleging
2300 5020 52 23 that
2362 5020 37 22 Mr

1843 5052 85 22 Graves
1938 5059 46 16 was
1994 5053 22 22 in
2032 5054 39 23 the
2081 5054 63 23 habit
2154 5053 23 22 of
2188 5052 99 28 sticking
2298 5051 34 21 his
2345 5057 54 15 nose

1842 5082 49 22 into
1901 5089 68 23 every
1985 5083 51 23 hole
2051 5085 44 22 and
2111 5090 79 17 corner
2206 5082 23 22 in
2244 5082 40 21 the
2302 5080 57 29 hope
2375 5080 23 21 of

1842 5112 104 29 smelling
1964 5115 130 28 corruption
2113 5114 46 22 and
2177 5111 142 29 discovering
2338 5117 60 14 some

1842 5141 162 30 contemptible
2023 5144 143 23 transaction.
2199 5141 35 23 He
2251 5140 94 28 warmly
2361 5138 24 23 de-

1842 5171 101 24 nounced
1968 5171 137 35 backbiting,
2126 5172 115 30 crawling,
2257 5169 45 25 and
2319 5168 65 25 sneak-

1843 5203 46 30 ing,
1919 5202 44 23 and
1995 5204 49 23 said
2073 5206 48 22 that
2152 5204 29 23 he
2214 5201 74 24 would
2321 5200 78 23 rather

1842 5232 40 23 fall
1892 5232 30 29 by
1933 5232 67 30 doing
2011 5234 61 23 what
2088 5242 45 15 was
2149 5233 63 28 right
2227 5232 54 22 than
2298 5229 100 29 triumph

1842 5261 30 28 by
1882 5262 69 30 doing
1962 5270 82 23 wrong,
2061 5272 54 16 even
2126 5267 24 19 to
2160 5263 74 30 please
2253 5260 36 23 Mr
2303 5260 93 22 Graves.

1842 5292 37 23 He
1889 5291 87 24 refused
1988 5295 24 20 to
2022 5293 27 22 be
2066 5294 100 23 dictated
2184 5296 24 19 to
2223 5291 30 28 by
2271 5290 39 22 the
2326 5288 73 23 Labor

1842 5322 91 25 Corner.
1971 5322 73 25 When
2064 5324 27 24 he
2110 5323 44 25 had
2173 5321 76 26 cooled
2269 5320 74 28 down,
2360 5319 39 23 the

1842 5354 106 23 Minister
1964 5354 119 31 explained
2098 5357 52 23 that
2166 5354 37 23 Mr
2219 5352 118 24 Matheson
2354 5349 44 24 had

1842 5385 108 29 prepared
1975 5392 14 16 a
2005 5385 88 24 scheme
2107 5387 23 22 of
2149 5385 135 23 increments
2304 5381 35 23 for
2359 5380 39 23 the

1841 5415 132 26 lower-paid
1987 5416 119 30 employes,
2118 5416 41 23 but
2169 5416 20 21 it
2204 5412 74 24 would
2295 5418 63 16 mean
2369 5417 28 15 an

1841 5447 66 20 extra
1939 5445 83 23 annual
2060 5446 147 31 expenditure
2235 5442 24 24 of
2294 5441 102 27 20,000.

1841 5474 48 24 The
1914 5475 144 24 amendment
2087 5479 75 21 meant
2193 5482 29 14 an
2253 5474 98 21 increase
2375 5469 23 24 of

1842 5505 96 28 56,000
1948 5512 40 23 per
1998 5512 89 17 annum.
2118 5506 47 23 The
2176 5503 99 25 Premier
2285 5500 112 31 promised

1842 5538 24 21 to
1884 5535 86 24 submit
1990 5535 37 25 Mr
2047 5536 137 25 Matheson'a
2202 5534 89 23 scheme
2315 5534 24 21 to
2359 5529 38 25 the

1842 5566 84 28 House,
1945 5566 44 23 and
2006 5568 123 30 thereupon
2140 5567 38 23 the
2192 5564 144 24 amendment
2353 5568 45 16 was

1841 5596 142 21 withdrawn.

1869 5624 21 22 A
1900 5631 49 16 case
1967 5624 83 32 arising
2067 5628 40 21 out
2123 5624 23 23 of
2163 5624 39 23 the
2219 5620 113 25 Matabele
2351 5626 47 16 war

1841 5661 62 16 came
1921 5654 76 24 before
2014 5656 39 22 the
2071 5656 108 30 Supreme
2193 5654 78 23 Court.
2301 5649 97 25 Probate

1841 5691 46 17 was
1897 5685 89 29 applied
2003 5685 35 25 for
2056 5686 31 30 by
2097 5689 38 21 the
2150 5684 81 24 widow
2248 5682 23 24 of
2286 5689 13 15 a
2316 5681 82 23 farmer

1841 5715 80 22 named
1937 5715 87 27 Jevers,
2043 5716 46 23 late
2104 5716 23 23 of
2144 5715 132 28 Buluwayo,
2291 5710 107 29 formerly

1841 5744 23 24 of
1874 5744 109 25 Victoria.
2014 5745 48 25 The
2078 5746 103 24 affidavit
2194 5743 74 24 which
2284 5748 46 17 was
2345 5739 53 26 read

1840 5775 92 24 showed
1970 5776 52 24 that
2059 5776 29 24 he
2124 5774 93 26 entered
2246 5773 39 24 the
2313 5771 85 25 service

1840 5805 24 26 of
1888 5805 39 26 the
1958 5805 87 28 British
2078 5806 71 25 South
2178 5805 78 25 Africa
2288 5807 110 27 company

2429 192 25 17 as
2480 192 13 16 a
2519 187 98 28 trooper,
2641 184 54 24 took
2719 189 52 26 part
2800 186 22 21 in
2852 185 40 23 the
2917 185 57 22 Mata-

2431 217 47 21 bele
2503 223 46 16 war
2572 215 24 23 of
2622 215 60 28 1592,
2706 215 44 23 and
2775 216 35 22 for
2834 216 35 22 his
2893 215 95 23 services

2430 245 102 25 received
2547 254 13 15 a
2577 246 62 30 large
2655 248 61 21 tract
2733 245 23 24 of
2770 248 96 28 country
2877 245 23 24 in
2917 245 71 25 South

2429 278 93 22 Central
2532 277 85 27 Africa,
2630 277 74 22 where
2714 277 28 22 he
2754 280 60 20 went
2824 281 24 19 to
2858 277 81 27 reside,
2948 276 40 23 but

2430 307 19 22 it
2459 308 18 20 is
2488 307 101 22 believed
2606 307 51 21 that
2674 306 28 22 he
2718 313 46 15 was
2780 306 120 22 murdered
2911 306 29 29 by
2952 306 36 22 the

2431 337 124 22 Matabeles
2580 336 77 23 whilst
2672 335 103 31 working
2798 342 28 16 on
2851 336 34 23 his
2907 339 79 20 estate.

2429 367 78 24 About
2521 366 78 25 March
2624 375 14 16 a
2661 366 69 25 letter
2745 373 46 18 was
2810 366 102 25 received
2932 366 56 25 from

2429 399 96 29 Captain
2557 398 129 29 Spreckley,
2718 398 23 22 in
2777 398 81 29 charge
2892 398 23 22 of
2951 398 37 22 the

2429 429 72 23 South
2523 428 94 23 African
2636 427 107 23 mounted
2759 430 84 27 troops,
2865 428 77 29 giving
2961 435 27 15 an

2429 461 96 20 account
2554 459 23 21 of
2615 459 39 21 the
2688 457 87 29 finding
2804 458 23 21 of
2857 459 38 21 the
2920 457 66 29 body.

2429 488 38 23 Mr
2495 488 89 23 Justice
2615 487 67 24 Hood
2711 487 131 24 considered
2872 488 52 22 that
2950 490 38 20 the

2429 519 71 23 Court
2524 518 81 22 should
2634 518 57 22 have
2721 518 89 22 further
2834 518 107 22 evidence
2966 520 22 20 to

2429 551 95 21 connect
2546 548 80 24 Jevers
2646 548 56 23 with
2723 547 39 24 the
2786 555 51 15 man
2857 547 70 24 killed
2945 547 43 23 and

2429 580 39 22 the
2483 579 65 30 proof
2563 579 52 22 that
2631 578 97 30 Captain
2746 578 123 30 Spreckley
2889 586 46 15 was
2951 579 37 22 the

2429 610 78 22 writer
2530 609 24 23 of
2577 609 39 23 the
2640 609 76 22 letter.
2757 607 36 24 He
2808 608 118 23 dismissed
2951 609 37 22 the

2429 640 137 32 application
2590 640 98 24 without
2712 639 115 32 prejudice
2852 643 23 21 to
2895 640 93 24 another

2429 672 137 31 application
2575 672 78 31 giving
2663 672 89 23 further
2763 672 88 24 details.

2584 714 167 28 ADELAIDE,
2768 714 143 24 September
2925 714 33 23 28.

2457 744 48 23 The
2530 745 7 11 *
2546 744 118 30 Register'
2689 745 19 22 is
2732 744 137 30 responsible
2893 745 35 22 for
2951 744 37 23 the

2429 778 123 19 statement
2563 775 50 22 that
2624 775 60 23 since
2695 775 38 23 the
2744 775 50 23 four
2805 775 68 22 house
2883 782 105 22 surgeons

2429 805 42 23 left
2482 805 39 24 the
2532 805 114 24 condition
2664 805 22 24 of
2704 805 39 24 the
2753 805 111 24 Adelaide
2884 805 104 30 Hospital

2429 836 40 24 has
2479 836 55 24 been
2545 840 59 20 most
2614 837 183 30 unsatisfactory,
2809 836 44 24 and
2870 836 51 23 that
2938 837 18 22 it
2971 836 17 23 is

2429 867 64 30 sadly
2514 868 174 23 undermanned.
2720 867 24 24 It
2759 868 84 29 alleges
2859 868 52 22 that
2926 867 62 23 there

2429 899 19 21 is
2458 901 64 27 great
2532 898 176 23 dissatisfaction
2719 902 25 19 at
2754 898 39 23 the
2810 906 78 15 nurses
2906 898 82 29 having

2430 932 23 20 to
2474 928 96 27 perform
2588 934 65 19 extra
2671 928 78 28 work;
2765 929 52 23 that
2834 936 13 15 a
2857 928 95 23 number
2966 927 22 24 of

2431 960 38 26 the
2485 967 61 15 cases
2563 960 112 23 admitted
2686 967 37 15 are
2739 960 158 29 inadequately
2909 958 79 24 looked

2430 989 74 28 after;
2521 990 51 23 that
2586 991 39 22 the
2641 990 95 23 medical
2753 991 104 21 students
2876 989 73 23 refuse
2965 992 23 20 to

2430 1020 97 31 perform
2538 1021 86 23 certain
2634 1021 75 22 duties
2726 1020 103 31 required
2846 1020 24 23 of
2880 1020 62 23 them
2959 1019 29 31 by

2431 1051 43 23 Drs
2495 1051 75 23 Smith
2593 1052 44 22 and
2661 1051 99 31 Napier;
2786 1051 46 23 also
2862 1055 23 19 to
2909 1052 79 22 attend

2431 1082 38 23 the
2486 1083 97 23 lectures
2600 1083 66 28 given
2683 1083 28 29 by
2723 1083 38 22 the
2776 1090 50 15 new
2845 1081 143 30 professional

2430 1113 96 20 doctors.

2589 1141 164 29 BRISBANE,
2770 1142 141 25 September
2925 1142 34 23 28.

2458 1172 179 30 Parliamentary
2648 1174 145 29 proceedings
2808 1181 56 14 were
2874 1173 82 22 devoid
2966 1173 22 22 of

2430 1203 96 22 interest
2532 1203 59 23 until
2596 1204 38 21 the
2641 1203 111 23 Council's
2757 1203 155 23 amendments
2918 1208 23 18 to
2949 1203 39 22 the

2431 1232 92 23 Federal
2532 1232 111 31 Enabling
2653 1233 45 23 Bill
2707 1241 62 15 came
2780 1241 30 22 up
2820 1233 35 23 for
2864 1233 111 23 considera-

2431 1263 54 22 tion.
2523 1262 99 24 Premier
2639 1263 83 24 Nelson
2741 1264 108 30 proposed
2868 1268 24 19 to
2911 1268 77 25 accept

2431 1293 38 22 the
2479 1293 155 22 amendments
2645 1294 121 29 extending
2778 1295 38 21 the
2826 1294 77 29 period
2915 1295 72 21 which

2429 1322 57 22 shall
2503 1323 74 28 elapse
2595 1323 100 22 between
2713 1324 107 29 approval
2836 1324 22 22 of
2873 1324 38 22 the
2926 1323 62 23 draft

2430 1352 88 23 scheme
2538 1353 29 28 by
2579 1353 38 22 the
2631 1353 140 22 Convention
2782 1353 45 22 and
2844 1353 38 21 the
2900 1354 54 20 time
2965 1356 23 18 at

2431 1382 71 22 which
2522 1382 39 23 the
2574 1382 141 23 Convention
2733 1382 80 23 should
2831 1382 104 29 adjourn,
2947 1382 41 22 but

2430 1412 79 23 moved
2537 1415 24 20 to
2581 1412 102 30 disagree
2703 1412 55 23 with
2787 1413 38 22 the
2844 1412 144 23 amendment

2429 1443 78 30 giving
2523 1443 39 22 the
2577 1442 93 24 Council
2686 1450 13 15 a
2711 1443 61 23 voice
2786 1443 22 23 in
2826 1443 38 22 the
2881 1443 106 22 selection

2429 1473 24 24 of
2468 1473 120 31 delegates.
2620 1473 47 24 The
2678 1482 77 15 reason
2772 1474 34 23 for
2824 1473 164 31 disagreement

2430 1505 56 22 with
2504 1505 39 22 the
2563 1505 109 22 inclusion
2692 1505 24 22 of
2735 1505 38 22 the
2793 1504 93 23 Council
2906 1505 22 22 in
2949 1504 39 23 the

2429 1535 89 21 scheme
2528 1534 35 22 for
2573 1534 97 29 electing
2686 1534 113 29 delegates
2817 1535 19 21 is
2854 1536 52 20 that
2921 1536 19 20 it
2956 1535 21 21 in-

2431 1564 74 22 volves
2523 1571 28 14 an
2570 1564 73 22 entire
2659 1564 121 29 departure
2798 1565 57 21 from
2874 1565 39 21 the
2928 1565 59 21 main

2429 1593 110 30 principle
2546 1594 22 22 of
2576 1594 38 22 the
2621 1593 52 29 Bill,
2683 1594 71 22 which
2765 1594 104 29 provides
2876 1594 52 23 that
2935 1594 53 29 only

2430 1625 63 22 those
2518 1624 49 22 who
2583 1624 97 28 directly
2696 1627 115 25 represent
2832 1624 38 23 the
2895 1624 93 23 electors

2429 1654 81 22 should
2521 1654 79 22 choose
2611 1654 39 22 the
2665 1653 120 30 delegates.
2818 1654 36 22 Mr
2866 1654 75 28 Leahy
2952 1654 24 22 de-

2429 1683 74 23 clared
2516 1684 50 22 that
2577 1683 86 23 several
2680 1683 109 23 members
2800 1684 22 22 of
2839 1683 40 23 the
2895 1683 93 24 Council

2430 1713 43 23 had
2484 1714 81 29 openly
2576 1713 75 23 stated
2669 1713 61 23 their
2740 1714 113 22 intention
2870 1714 23 22 of
2911 1713 65 30 adopt-

2429 1744 39 28 ing
2484 1744 38 21 the
2540 1743 145 22 amendment
2701 1745 23 20 in
2740 1743 66 22 order
2823 1746 23 19 to
2859 1743 73 23 wreck
2951 1744 37 21 the

2429 1772 51 24 Bill.
2512 1772 36 23 He
2558 1773 48 22 said
2619 1773 50 22 that
2679 1773 125 23 federation
2815 1780 45 15 was
2871 1773 65 29 dead,
2945 1774 43 21 and

2431 1804 26 22 he
2478 1803 72 29 hoped
2568 1803 52 23 that
2637 1804 39 22 the
2694 1803 77 23 House
2786 1803 75 23 wauld
2878 1803 57 30 drop
2951 1804 37 22 the

2429 1840 101 15 measure
2540 1833 44 22 and
2603 1833 53 22 take
2673 1841 31 22 up
2714 1841 61 15 more
2789 1834 126 28 important
2925 1834 53 28 legis-

2430 1863 77 23 lation.
2531 1863 67 23 After
2609 1871 13 14 a
2632 1863 94 29 lengthy
2737 1863 82 22 debate
2829 1863 39 22 the
2878 1863 110 23 Council's

2429 1893 144 24 amendment
2598 1901 45 16 was
2667 1893 118 31 disagreed
2810 1893 56 24 with
2895 1901 28 16 on
2952 1893 36 24 the

2431 1925 80 23 voices.

2456 1955 37 22 Mr
2503 1955 101 27 Gilruth,
2616 1955 39 23 the
2667 1955 55 23 New
2738 1955 97 22 Zealand
2852 1955 137 29 veterinary,

2428 1985 40 22 has
2479 1985 106 22 returned
2597 1985 56 22 from
2672 1992 27 15 an
2716 1985 112 22 extended
2847 1985 46 29 trip
2910 1988 23 18 to
2950 1985 39 22 the

2428 2014 116 24 Northern
2559 2014 109 23 districts.
2701 2014 35 23 He
2752 2014 64 23 made
2831 2015 109 30 practical
2954 2022 24 15 ac-

2427 2046 136 29 quaintance
2574 2046 55 22 with
2641 2047 38 21 the
2691 2046 47 22 tick
2754 2049 50 26 pest
2814 2046 44 21 and
2874 2046 115 29 inspected

2428 2084 13 14 a
2460 2075 95 23 number
2573 2076 24 22 of
2616 2079 60 19 meat
2696 2075 80 23 works.
2816 2075 48 22 The
2879 2075 111 29 principal

2428 2105 76 30 object
2511 2105 23 23 of
2545 2105 33 23 his
2590 2105 54 23 visit
2654 2112 46 16 was
2710 2108 24 20 to
2744 2106 111 22 ascertain
2866 2105 17 23 if
2893 2105 83 28 Queens-

2429 2136 52 23 laud
2493 2135 63 24 hides
2566 2136 45 23 and
2628 2136 67 23 bones
2711 2136 65 23 could
2795 2136 27 23 be
2839 2135 71 31 safely
2921 2136 57 23 intro-

2428 2166 72 23 duced
2511 2167 49 22 into
2571 2166 56 23 New
2634 2166 97 23 Zealand
2740 2167 97 22 without
2846 2166 144 30 introducing

2429 2197 65 23 ticks.
2528 2197 36 23 Mr
2578 2197 92 23 Gilruth
2689 2204 61 16 came
2766 2201 24 19 to
2809 2197 38 23 the
2862 2197 128 23 conclusion

2428 2228 52 22 that
2504 2227 18 22 if
2551 2228 39 23 the
2614 2228 64 22 hides
2702 2235 58 15 were
2785 2227 105 31 properly
2915 2227 72 23 salted

2428 2258 65 23 there
2514 2258 73 23 would
2608 2257 27 24 be
2655 2265 29 16 no
2703 2258 85 31 danger
2811 2259 23 22 of
2858 2258 129 30 importing.

2429 2290 32 22 As
2481 2289 92 30 regards
2593 2289 75 30 bones,
2695 2290 55 29 they
2769 2297 38 15 are
2828 2289 117 30 subjected
2966 2293 24 19 to

2429 2320 60 27 heat,
2507 2321 45 21 and
2563 2321 38 21 the
2612 2321 52 27 only
2676 2321 83 21 chance
2769 2321 23 21 of
2802 2321 155 21 transmission
2968 2320 23 22 of

2429 2350 60 23 ticks
2500 2350 98 30 through
2609 2350 60 23 their
2679 2357 85 23 agency
2776 2350 73 23 would
2860 2350 28 23 be
2905 2357 28 16 on
2952 2350 38 22 the

2429 2380 53 28 bags
2493 2380 23 22 in
2528 2381 73 22 which
2613 2380 38 23 the
2661 2380 114 23 bonedust
2784 2381 18 22 is
2813 2380 94 29 packed.
2936 2380 54 22 This

2429 2418 53 20 wa?,
2496 2410 110 29 however,
2621 2418 13 15 a
2644 2413 85 20 matter
2738 2411 23 23 of
2771 2410 71 23 detail
2858 2411 52 23 that
2924 2409 66 24 could

2429 2440 27 24 be
2464 2441 70 30 easily
2543 2448 121 16 overcome.
2688 2441 119 30 Referring
2815 2444 24 20 to
2848 2441 38 23 the
2895 2441 95 30 dipping

2429 2472 100 28 remedy,
2548 2472 37 22 Mr
2595 2472 93 23 Gilruth
2699 2479 46 16 was
2755 2472 23 22 of
2788 2472 91 29 opinion
2895 2472 52 22 that
2962 2479 28 14 no

2429 2509 76 15 means
2516 2509 58 15 were
2592 2502 69 22 taken
2677 2505 24 19 to
2719 2505 75 26 stamp
2813 2505 40 19 out
2873 2502 39 22 the
2931 2505 58 26 pest.

2430 2532 35 22 He
2477 2532 78 22 thinks
2566 2532 51 23 that
2628 2533 39 22 the
2679 2532 65 23 stock
2761 2540 38 15 are
2816 2531 108 24 attacked
2940 2535 24 20 to
2978 2540 13 14 a

2429 2562 71 30 slight
2509 2565 80 20 extent
2599 2562 53 29 only
2663 2562 18 23 if
2690 2562 92 30 dipped,
2794 2562 45 23 and
2856 2563 65 22 when
2936 2562 55 29 they

2430 2600 91 15 recover
2531 2592 46 24 will
2587 2596 41 20 not
2638 2592 27 24 be
2675 2592 90 30 subject
2773 2596 24 20 to
2804 2592 89 24 further
2901 2592 90 24 attacks

2429 2623 60 23 after
2498 2623 70 23 about
2579 2627 46 19 two
2634 2624 125 22 successive
2769 2623 113 28 dippings.

2525 2677 72 26 OLD
2615 2678 76 25 AGE
2710 2677 179 26 PENSIONS.

2550 2744 42 25 AN
2610 2745 114 24 OBJECT
2740 2744 123 26 LESSON.

2457 2781 48 22 One
2522 2781 23 22 of
2559 2782 38 22 the
2613 2784 59 20 most
2689 2782 141 22 remarkable
2851 2782 100 22 features
2968 2781 23 23 of

2430 2811 91 23 modern
2532 2811 69 24 social
2611 2812 39 23 life
2661 2812 19 23 is
2689 2820 14 15 a
2714 2812 111 30 tendency
2837 2815 24 20 to
2872 2812 57 24 form
2940 2819 50 16 new

2430 2843 43 21 ties
2482 2843 23 21 of
2516 2843 68 21 union
2594 2843 24 21 in
2625 2843 104 22 addition
2738 2846 24 19 to
2771 2843 38 22 the
2820 2843 90 22 natural
2919 2843 72 22 bonds

2430 2872 23 23 of
2470 2879 50 16 race
2530 2872 44 23 and
2591 2872 116 31 language.
2739 2872 48 24 The
2802 2880 152 23 consequence
2972 2872 19 24 is

2430 2903 52 23 that
2505 2903 107 23 mankind
2637 2905 19 21 is
2682 2904 115 29 becoming
2822 2911 60 15 more
2906 2911 70 15 cosmo-

2429 2934 86 28 politan
2533 2941 68 21 every
2618 2934 52 28 day,
2682 2934 45 22 and
2743 2935 52 21 that
2811 2935 139 27 community
2968 2934 23 22 of

2429 2963 153 28 employment
2592 2963 19 22 is
2618 2963 136 28 apparently
2764 2963 155 28 outweighing
2929 2970 45 15 com-

2430 2992 88 28 munity
2527 2992 23 22 of
2560 2995 101 25 country.
2696 2992 41 22 We
2747 2993 17 26 (*
2773 2992 111 29 Shipping
2895 2992 94 27 World')

2429 3028 39 22 say
2485 3021 142 30 apparently,
2639 3022 101 26 because,
2752 3022 87 29 though
2856 3028 33 16 we
2907 3025 82 19 cannot

2430 3051 40 23 but
2481 3051 139 30 sympathise
2630 3051 56 23 with
2695 3051 40 23 the
2741 3051 61 31 large
2809 3051 44 23 and
2864 3051 124 23 somewhat

2430 3082 115 21 indefinite
2561 3083 55 20 aims
2631 3083 23 20 of
2672 3083 63 20 those
2746 3083 50 20 who
2813 3082 85 21 believe
2909 3083 22 20 in
2950 3082 39 21 the

2430 3110 134 31 parliament
2574 3110 23 23 of
2611 3117 50 16 man
2672 3110 43 23 and
2727 3110 39 23 the
2776 3110 124 23 federation
2912 3110 22 23 of
2950 3110 39 23 the

2429 3142 79 28 world,
2519 3150 33 15 we
2563 3145 83 20 cannot
2656 3142 54 22 bind
2721 3142 113 23 ourselves
2845 3147 23 18 to
2880 3142 39 23 the
2928 3142 58 22 faith

2430 3173 58 26 that,
2514 3173 59 21 after
2596 3172 38 26 all,
2681 3172 66 22 blood
2776 3173 19 21 is
2820 3172 89 22 thicker
2933 3172 54 21 than

2552 3201 23 22 It
2585 3201 26 27 is,
2623 3201 112 27 however,
2747 3208 54 22 very
2811 3208 53 22 easy
2882 3204 24 20 to
2924 3200 65 23 make

2428 3239 14 16 a
2453 3231 95 24 mistake
2559 3231 22 24 in
2592 3231 54 24 such
2662 3234 102 26 matters,
2782 3230 45 25 and
2847 3234 23 21 to
2889 3233 43 29 put
2952 3233 37 22 too

2429 3262 54 31 high
2501 3271 13 15 a
2531 3263 64 23 value
2614 3270 28 16 on
2658 3263 39 23 the
2717 3262 101 31 glorified
2837 3269 152 24 programmes

2429 3294 73 22 which
2513 3301 37 15 are
2560 3296 35 20 set
2603 3293 61 23 forth
2674 3294 28 29 by
2710 3293 149 23 enthusiastic
2869 3293 120 23 advocates

2428 3324 24 22 of
2461 3331 110 22 progress.
2602 3323 47 22 But
2659 3331 67 21 many
2739 3324 23 21 of
2779 3331 27 14 us
2822 3323 75 22 would
2912 3323 77 29 gladly

2428 3354 114 28 exchange
2552 3361 42 15 our
2604 3354 102 22 cautious
2717 3352 91 23 wisdom
2820 3353 35 23 for
2865 3353 46 23 this
2919 3353 59 30 large-

2428 3392 51 15 ness
2498 3384 23 23 of
2541 3385 65 22 heart
2624 3384 44 22 and
2693 3384 102 22 loftiness
2815 3384 23 22 of
2860 3384 50 22 aim.
2951 3384 37 27 So,

2428 3415 110 30 although
2561 3422 33 15 we
2613 3415 64 22 smile
2696 3420 25 17 at
2740 3414 39 23 the
2799 3414 90 23 humors
2909 3414 22 23 of
2951 3414 39 23 the

2429 3445 109 29 Congress
2557 3445 24 23 of
2601 3444 115 29 Workers,
2742 3451 41 16 our
2802 3445 64 22 smile
2885 3445 19 22 is
2922 3444 54 30 good-

2429 3475 104 27 natured,
2550 3475 44 23 and
2606 3482 32 16 we
2648 3483 38 15 are
2696 3475 63 30 quite
2770 3475 68 30 ready
2849 3478 24 20 to
2891 3476 65 22 make
2971 3476 19 22 it

2428 3514 42 14 one
2481 3506 22 23 of
2518 3505 116 31 approval,
2653 3513 24 15 as
2696 3512 33 16 we
2748 3505 117 23 doubtless
2884 3505 58 23 shall
2961 3505 29 23 do

2429 3537 65 22 when
2512 3537 39 22 the
2571 3536 87 23 leaders
2677 3537 23 22 in
2721 3536 45 23 this
2786 3540 128 19 movement
2933 3536 57 23 have

2428 3568 140 23 ascertained
2576 3568 98 23 whither
2684 3568 60 23 their
2753 3572 62 26 steps
2825 3575 38 16 are
2873 3567 100 31 tending.

2457 3599 48 21 The
2525 3599 63 21 sober
2604 3599 82 28 reality
2703 3598 40 22 has
2760 3599 30 21 its
2805 3599 136 21 attractions
2956 3599 34 21 for

2430 3628 153 29 Englishmen,
2596 3636 24 14 as
2637 3636 45 14 was
2696 3627 141 30 exemplified
2849 3636 28 14 on
2888 3628 56 29 July
2954 3629 35 26 31,

2429 3662 25 19 at
2474 3659 39 22 the
2532 3658 136 24 Conference
2688 3658 23 23 of
2738 3658 92 23 Miners'
2855 3658 136 23 Permanent

2430 3689 115 27 Societies,
2572 3688 52 23 held
2649 3692 25 19 at
2703 3688 40 23 the
2768 3688 93 23 London
2886 3688 104 23 Mansion

2430 3718 84 24 House.
2545 3718 48 23 The
2610 3718 137 24 Conference
2765 3718 18 23 is
2794 3725 28 16 an
2833 3718 83 23 annual
2927 3718 50 24 func-

2430 3750 56 27 tion,
2505 3749 43 23 and
2568 3751 29 21 its
2613 3749 139 30 importance
2769 3756 51 23 may
2832 3749 26 23 be
2868 3749 121 23 estimated

2430 3780 56 23 from
2498 3780 38 23 the
2547 3780 47 23 fact
2604 3779 52 24 that
2666 3780 19 23 it
2695 3780 19 23 is
2724 3779 110 24 attended
2844 3779 30 31 by
2886 3779 103 31 working

2430 3818 49 14 men
2516 3811 58 22 from
2608 3810 30 22 all
2668 3814 64 25 parts
2759 3811 24 21 of
2814 3810 103 29 England
2946 3811 45 22 and

2432 3840 82 27 Wales,
2540 3841 50 21 who
2617 3845 115 24 represent
2758 3848 13 14 a
2797 3840 70 29 grand
2891 3840 58 22 total
2969 3840 22 22 of

2430 3870 104 30 upwards
2566 3871 23 22 of
2618 3871 92 28 300,000
2734 3871 82 22 mineis
2841 3869 99 24 enrolled
2965 3871 22 22 in

2429 3902 92 23 district
2554 3902 110 28 societies,
2698 3902 75 22 whose
2802 3902 44 22 aim
2877 3901 44 23 and
2946 3901 44 23 end

2429 3940 38 15 are
2489 3935 23 20 to
2527 3932 93 29 provide
2640 3932 65 22 relief
2723 3932 34 23 for
2771 3932 63 22 those
2853 3932 51 22 who
2923 3932 68 23 suffer

2430 3962 29 29 by
2470 3963 115 22 accidents
2595 3963 117 28 occurring
2722 3963 23 21 in
2757 3963 38 22 the
2805 3970 77 15 course
2893 3962 22 22 of
2931 3963 59 22 their

2430 3993 124 22 hazardous
2578 3992 159 29 employment.
2783 3992 160 29 Employment
2967 3993 22 21 in

2430 4023 70 23 mines
2510 4021 83 25 affords
2604 4022 38 24 the
2653 4029 101 16 common
2764 4021 60 25 basis
2834 4022 24 24 of
2868 4022 76 29 union,
2955 4022 35 24 for

2430 4055 21 21 in
2463 4061 60 15 some
2533 4054 23 22 of
2568 4054 62 22 these
2641 4053 102 23 societies
2752 4053 38 23 the
2801 4053 125 30 employers
2940 4061 37 15 con-

2430 4084 85 22 tribute
2529 4091 13 15 a
2559 4084 89 29 portion
2664 4083 24 23 of
2704 4083 39 23 the
2761 4090 104 21 revenue,
2884 4083 67 23 while
2967 4084 22 22 in

2429 4114 77 23 others
2516 4114 39 23 the
2566 4114 113 23 workmen
2690 4114 65 23 alone
2763 4114 93 30 provide
2867 4114 40 23 the
2916 4122 61 15 neces-

2429 4153 52 22 sary
2491 4144 75 23 funds.
2598 4143 27 24 In
2635 4152 61 15 some
2707 4145 102 22 societies
2825 4145 38 22 the
2881 4145 109 22 members

2429 4175 76 23 insure
2515 4175 89 30 against
2621 4175 30 23 all
2668 4175 123 28 accidents,
2803 4175 67 23 while
2881 4175 22 23 in
2914 4175 76 23 others

2430 4206 54 28 they
2494 4213 38 16 are
2548 4205 53 29 only
2611 4205 118 30 protected
2747 4206 90 29 against
2851 4205 40 23 the
2905 4205 47 23 risk
2968 4205 23 23 of

2428 4236 77 23 death.
2536 4235 27 24 In
2574 4243 61 16 some
2651 4243 61 16 cases
2730 4236 55 28 they
2795 4238 103 21 contract
2912 4239 41 20 out
2968 4236 22 22 of

2429 4266 39 22 the
2479 4266 139 29 Employers'
2633 4265 108 30 Liability
2752 4266 52 26 Act,
2817 4265 44 23 and
2872 4273 33 15 we
2915 4268 75 27 regret

2429 4297 25 27 it,
2472 4296 34 22 for
2524 4296 45 23 this
2586 4299 128 19 movement
2731 4295 74 23 would
2825 4295 106 23 continue
2950 4303 26 15 un-

2428 4326 119 23 disturbed
2576 4334 59 15 were
2674 4326 38 23 the
2741 4325 98 24 sounder
2867 4326 122 30 principles

2429 4357 101 23 realised.
2562 4357 47 23 The
2627 4360 157 27 management
2800 4357 23 22 of
2843 4356 39 23 the
2900 4357 89 22 various

2428 4391 133 26 permanent
2571 4387 75 28 funds,
2656 4388 22 22 of
2689 4394 84 21 course,
2785 4387 73 22 varies
2865 4387 56 22 with
2931 4387 58 21 their

2428 4418 157 27 constitution,
2602 4425 32 20 as,
2654 4418 74 22 unless
2745 4417 39 23 the
2799 4419 125 27 employers
2938 4424 37 14 con-

2428 4448 94 28 tribute,
2533 4448 55 29 they
2598 4448 29 22 do
2644 4450 41 20 not
2700 4448 57 21 have
2773 4454 44 22 any
2832 4447 63 22 voice
2911 4447 23 22 in
2950 4447 39 22 the

2428 4478 98 23 conduct
2535 4478 24 23 of
2571 4478 82 23 affairs.
2671 4478 46 22 But
2728 4477 73 22 where
2813 4477 38 22 the
2861 4476 125 30 employers

2428 4507 43 23 and
2489 4507 113 30 employes
2620 4507 57 22 form
2693 4514 13 15 a
2721 4507 60 28 joint
2795 4507 123 28 governing
2928 4506 59 29 body

2428 4537 39 23 the
2477 4537 86 23 control
2574 4537 19 22 is
2610 4537 48 22 still
2675 4536 133 29 practically
2820 4536 22 22 in
2859 4536 39 22 the
2915 4535 72 23 hands

2427 4568 23 21 of
2465 4567 39 22 the
2515 4567 102 29 working
2635 4574 57 19 men,
2711 4573 24 15 as
2750 4566 20 22 it
2785 4567 19 21 is
2820 4565 69 23 found
2905 4565 82 23 almost

2428 4596 127 31 impossible
2573 4600 24 19 to
2614 4604 76 15 secure
2707 4596 38 23 the
2761 4596 135 22 attendance
2910 4595 25 23 of
2949 4595 38 23 the

2427 4628 92 27 colliery
2530 4627 138 28 proprietors
2685 4630 25 18 at
2726 4626 109 28 meetings
2846 4626 73 21 which
2929 4626 58 21 have

2427 4657 53 30 only
2490 4656 35 24 for
2541 4656 60 24 their
2620 4662 96 25 purpose
2733 4655 40 23 the
2790 4654 103 31 working
2909 4658 41 19 out
2964 4655 24 22 of

2427 4687 176 31 comparatively
2621 4686 65 23 small
2703 4685 87 24 details.
2831 4685 48 24 Our
2898 4685 89 23 readers

2427 4726 51 22 may
2488 4718 69 30 judge
2568 4718 34 23 for
2613 4717 134 23 themselves
2757 4717 23 22 of
2790 4716 38 23 the
2839 4716 66 23 value
2914 4716 24 23 of
2949 4716 38 23 the

2427 4748 62 25 work
2510 4748 55 31 they
2580 4748 30 24 do
2627 4748 97 24 without
2743 4754 44 23 any
2803 4753 44 24 piy
2857 4753 25 17 or
2899 4746 86 24 reward

2427 4781 66 22 other
2516 4780 53 23 than
2593 4779 39 23 the
2651 4779 165 23 consciousness
2840 4777 23 23 of
2886 4777 31 23 all
2935 4784 38 16 con-

2427 4810 80 23 cerned
2519 4810 51 21 that
2588 4809 54 28 they
2653 4815 37 16 are
2708 4808 108 28 relieving
2833 4807 93 22 distress
2941 4807 44 22 and

2427 4840 92 29 making
2536 4839 38 22 life
2591 4846 13 15 a
2623 4838 61 23 little
2699 4838 93 29 happier
2807 4837 54 22 than
2876 4836 20 23 it
2911 4836 74 22 would

2427 4871 58 23 have
2504 4869 55 25 been
2579 4869 98 23 without
2696 4868 60 23 their
2775 4866 44 24 aid.
2855 4866 68 24 Facts
2941 4866 45 24 and

2427 4902 81 29 figures
2519 4909 37 14 are
2573 4900 108 23 stubborn
2700 4899 83 29 thing',
2795 4897 44 24 and
2853 4898 38 22 the
2902 4897 72 23 follow-

2427 4932 38 28 ing
2475 4931 82 29 figures
2568 4930 53 29 defy
2630 4930 31 22 all
2672 4929 81 23 hostile
2762 4929 108 22 criticism
2880 4936 35 15 :

2428 4965 101 21 Members
2548 4965 22 20 of
2595 4965 91 20 societies
2706 4963 128 25 represented
2853 4964 22 19 at

2450 4990 124 20 Conference
2586 5005 19 5 ...
2675 5005 20 5 ...
2765 5004 19 5 ...
2854 5003 19 5 ...
2911 4986 75 23 317,004

2428 5020 95 20 Revenue
2894 5015 92 26 294,333

2427 5043 147 21 Accumulated
2584 5043 61 20 funds
2676 5059 19 4 ...
2765 5059 19 3 ...
2854 5058 19 4 ...
2911 5041 74 23 636,464

2426 5069 53 22 3,10*
2488 5068 82 19 widows
2578 5067 109 24 supported
2764 5083 20 4 ...
2856 5066 14 25 \
2922 5076 64 21 g}o4o

2426 5092 52 23 4,332
2486 5092 90 19 children
2586 5090 109 25 supported
2764 5106 19 4 ...
2856 5092 8 21 J
2946 5090 4 25 '

2426 5116 64 22 49.00S
2497 5115 92 19 disabled
2598 5114 100 21 members
2706 5114 110 23 supported
2853 5130 19 3 ...
2911 5113 75 23 107,596

2428 5139 38 20 Old
2487 5145 35 15 age
2541 5138 126 24 allowances,
2685 5137 189 21 Northumberland

2448 5162 40 22 and
2498 5162 91 21 Durham
2922 5160 64 25 30,000

2454 5193 61 23 That
2529 5193 125 28 employers
2669 5193 46 22 and
2730 5193 154 23 Government
2893 5191 91 23 officials

2426 5223 136 28 sufficiently
2587 5223 65 20 value
2676 5223 39 20 the
2738 5223 114 22 existence
2875 5222 24 21 of
2922 5222 62 21 these

2426 5255 64 27 great
2507 5252 164 28 organisations
2688 5258 46 15 was
2751 5252 65 21 made
2835 5251 106 22 manifest
2955 5250 29 30 by

2428 5283 38 21 the
2492 5281 158 29 appointment
2675 5280 24 23 of
2722 5280 38 23 Mr
2779 5281 80 22 Alfred
2883 5280 101 23 Hewlett

2427 5312 122 29 (chairman
2559 5310 23 24 of
2593 5311 39 23 the
2643 5310 82 31 Wigan
2735 5310 53 25 Coal
2798 5310 44 24 and
2858 5310 52 24 Iron
2921 5310 48 24 Com-

2426 5344 69 30 pany)
2506 5345 24 21 to
2541 5342 38 23 the
2589 5341 133 31 presidency
2731 5342 24 23 of
2765 5342 38 23 the
2814 5341 134 24 Conference
2956 5348 28 15 on

2427 5374 46 23 this
2483 5373 109 27 occasion,
2603 5372 45 23 and
2659 5372 46 23 also
2715 5372 30 29 by
2753 5372 40 23 the
2803 5379 105 23 presence
2914 5371 23 22 of
2948 5371 36 23 Mr

2427 5404 25 22 E.
2467 5403 35 23 W.
2522 5402 132 23 Bradbrook
2673 5402 49 27 (the
2741 5402 65 22 Chief
2825 5402 118 29 Registrar
2960 5401 23 22 of

2427 5433 107 29 Friendly
2544 5432 117 26 Societies)
2677 5431 45 23 and
2740 5431 37 23 Mr
2789 5431 35 23 W.
2845 5431 24 23 F.
2883 5430 101 23 Wardell

2427 5464 48 27 (the
2485 5463 78 23 Senior
2574 5462 64 23 Chief
2648 5461 118 30 Inspector
2776 5461 23 23 of
2812 5461 91 28 Mines).

2455 5527 70 24 Little
2541 5527 101 23 Annette
2659 5525 44 24 had
2721 5527 55 22 been
2792 5525 67 24 taken
2877 5527 24 21 to
2911 5532 12 16 a
2933 5532 38 16 con-

2426 5562 49 21 cert
2484 5558 35 23 for
2529 5558 39 22 the
2578 5557 50 22 first
2638 5557 54 22 time
2703 5557 22 22 in
2736 5557 40 22 her
2786 5557 46 27 life,
2845 5556 44 23 and
2899 5563 28 14 on
2944 5556 39 21 her

2426 5592 78 19 return
2522 5588 64 21 home
2601 5593 46 15 was
2663 5586 69 22 asked
2748 5589 25 19 to
2782 5586 51 28 give
2843 5586 40 21 her
2892 5584 91 29 impres*

2426 5619 55 22 sion.
2537 5616 42 27 Oh,
2596 5616 84 26 auntie,
2697 5615 65 23 there
2779 5622 45 15 was
2834 5622 15 15 a
2864 5614 53 28 lady
2933 5614 50 23 who

2425 5646 114 25 screamed
2562 5645 94 23 because
2679 5645 40 23 she
2742 5644 45 24 had
2810 5644 114 29 forgotten
2944 5643 39 23 her

2426 5678 92 28 sleeves,
2539 5676 44 23 and
2602 5682 14 16 a
2631 5675 79 23 waiter
2727 5682 46 15 was
2789 5674 93 30 playing
2898 5680 29 16 on
2944 5673 39 23 the

2426 5710 66 29 piano
2502 5707 33 23 alt
2542 5707 40 22 the

2454 5738 71 29 Many
2544 5743 85 17 women
2649 5734 51 24 who
2716 5734 57 23 have
2790 5732 107 32 accepted
2914 5732 56 24 demi-

2426 5769 56 31 gods
2489 5769 102 23 discover
2602 5766 51 25 that
2662 5765 55 32 they
2731 5765 57 25 have
2802 5762 97 28 married
2914 5762 55 26 demi-

3079 184 204 28 INFANTILE
3303 185 203 29 THEOLOGY.

3047 246 37 24 Mr
3095 246 79 31 Henry
3184 246 63 32 King
3257 247 72 23 Lewis
3341 247 39 24 has
3396 248 49 31 just
3458 247 120 33 published

3018 286 14 14 a
3042 277 67 28 book,
3128 279 6 12 *
3141 278 48 23 The
3200 278 80 23 Child:
3296 278 34 23 Its
3348 279 110 29 Spiritual
3475 279 103 28 Nature,'

3019 307 73 22 which
3114 308 39 21 has
3173 315 29 14 no
3221 307 73 22 doubt
3313 315 13 14 a
3344 309 58 27 good
3426 308 51 23 deal
3497 310 22 21 of
3539 316 26 14 un-

3020 337 113 24 conscious
3144 337 79 23 humor
3233 337 23 23 in
3267 338 27 28 it,
3305 336 42 25 but
3358 338 72 23 which
3441 338 19 24 is
3470 338 108 24 intended

3019 371 24 21 to
3059 375 64 17 serve
3142 376 25 16 as
3183 376 12 16 a
3212 368 85 24 solemn
3311 368 180 26 demonstration
3506 370 23 24 of
3540 370 38 23 the

3242 400 22 23 of
3299 401 38 22 the
3371 401 105 23 infantile
3506 401 69 22 mind.

3210 430 37 23 Mr
3264 430 72 23 Lewis
3353 432 92 29 gravely
3460 429 47 32 warn
3519 429 12 32 3
3543 429 35 32 all

3019 467 85 20 nurses,
3126 460 178 28 schoolmasters,
3322 461 45 21 and
3384 462 107 27 mothers,
3538 461 40 22 has

3019 488 54 23 been
3104 489 181 24 misunderstood
3310 491 84 28 mainly
3425 491 94 23 because
3548 491 30 23 its

3019 519 141 29 spirituality
3169 520 40 22 has
3219 520 55 22 been
3434 521 65 28 Now,
3511 521 67 22 much

3019 549 23 23 of
3066 549 39 23 the
3129 549 106 31 theology
3260 550 23 23 of
3302 550 100 24 children
3424 551 18 23 is
3461 559 28 15 no
3507 551 71 23 doubt

3019 580 129 29 delightful,
3174 580 94 23 because
3293 582 20 22 it
3336 582 19 22 is
3379 588 25 16 so
3428 583 106 26 realistic,
3553 589 25 15 so

3019 610 88 27 honest,
3132 617 24 16 so
3180 611 46 22 free
3250 611 57 23 from
3332 611 84 23 dialect
3435 612 44 23 and
3504 611 59 24 make-

3019 641 92 24 believe.
3162 641 47 24 The
3245 642 105 32 theology
3386 642 73 25 which
3496 646 83 21 cannot

3019 673 27 23 be
3075 673 125 23 translated
3230 674 48 23 into
3307 675 39 22 the
3370 677 70 21 terms
3463 675 24 23 of
3508 675 58 23 child-

3019 704 66 29 hood,
3111 705 19 22 it
3154 711 51 22 may
3230 705 27 22 be
3281 705 91 29 frankly
3396 706 120 27 admitted,
3541 705 24 23 de-

3019 742 74 14 serves
3109 738 23 18 to
3150 734 27 22 be
3195 735 142 29 vehemently
3348 736 125 28 suspected.
3508 735 71 22 What

3019 764 65 23 could
3096 764 26 23 be
3133 764 81 26 better,
3226 764 35 23 for
3274 765 109 29 example,
3395 773 24 14 as
3435 773 28 15 an
3480 765 88 23 illustra-

3019 795 48 23 tion
3086 794 24 24 of
3129 794 39 24 the
3187 795 135 30 philosophy
3339 796 23 23 of
3379 803 81 23 prayer
3473 796 56 23 than
3539 796 39 23 the

3019 829 62 27 story
3092 826 23 23 of
3126 826 38 23 the
3175 826 183 25 tender-hearted
3376 827 61 24 little
3451 827 43 31 girl
3504 827 74 24 whose

3019 857 114 31 unfeeling
3150 857 104 23 brothers
3270 857 42 24 had
3330 862 33 19 set
3382 861 63 27 traps
3462 859 34 23 for
3507 858 68 23 birds.

3019 888 47 23 The
3076 888 122 22 distressed
3210 888 61 23 little
3281 888 89 23 maiden
3381 896 45 16 was
3437 889 68 23 asked
3517 889 61 23 what

3018 919 39 23 she
3068 917 46 24 did.
3155 918 44 24 She
3209 918 85 31 replied
3304 917 4 33 :
3377 919 84 31 prayed
3473 919 51 24 that
3539 919 39 24 the

3020 953 62 26 traps
3099 949 73 30 might
3189 952 41 20 not
3244 950 66 23 catch
3328 950 38 23 the-

3020 980 64 29 thing
3336 981 39 22 she
3394 981 57 28 said,
3523 981 54 23 then

3018 1009 85 31 prayed
3122 1010 51 22 that
3190 1009 49 24 God
3259 1011 75 23 would
3351 1015 95 26 prevent
3461 1011 39 23 the
3515 1011 62 23 birds

3017 1041 91 30 getting
3118 1041 48 22 into
3176 1041 40 23 the
3368 1043 119 31 Anything
3496 1042 45 23 else
3548 1044 8 21 ?

3123 1072 40 23 she
3179 1072 123 26 answered,
3361 1076 60 20 went
3437 1072 47 24 and
3494 1072 82 24 kicked

3019 1102 38 22 the
3068 1105 63 26 traps
3141 1102 30 22 all
3182 1105 23 19 to
3341 1103 60 23 Here
3411 1103 19 23 is
3440 1111 27 15 an
3478 1103 87 23 illustra-

3019 1132 47 23 tion
3076 1131 23 24 of
3110 1133 38 22 the
3158 1131 95 25 relation
3265 1132 100 24 between
3380 1133 57 24 faith
3448 1133 44 24 and
3503 1133 73 24 works

3018 1170 60 15 more
3088 1163 95 23 sensible
3195 1163 54 23 than
3267 1164 18 23 is
3301 1166 24 21 to
3342 1164 27 23 be
3384 1164 70 23 found
3471 1165 23 22 in
3509 1172 67 22 many

3018 1193 90 23 learned
3120 1193 133 30 theological
3264 1197 5 18 1
3275 1194 99 23 reatises.

3046 1223 36 23 He
3099 1227 61 19 rnurt
3177 1224 26 22 be
3221 1231 12 15 a
3252 1231 52 22 very
3315 1224 49 23 dull
3381 1224 43 31 dog
3435 1224 79 24 indeed
3525 1225 51 22 who

3017 1257 83 20 cannot
3110 1255 67 29 enjoy
3192 1262 67 22 many
3270 1256 22 21 of
3303 1255 38 23 the
3351 1255 68 23 forms
3430 1256 72 22 which
3514 1256 48 21 theo-

3018 1285 51 29 logy
3080 1285 64 22 takes
3155 1286 22 21 in
3189 1286 38 21 the
3237 1286 106 28 youthful
3354 1286 68 22 mind.
3454 1286 37 22 Mr
3502 1286 28 22 H.
3544 1286 28 21 K.

3019 1314 70 23 Lewis
3115 1314 88 23 himself
3218 1316 62 28 gives
3304 1322 61 14 some
3384 1316 58 27 good
3462 1316 112 26 examples

3019 1345 97 20 without
3135 1344 134 28 apparently
3294 1345 63 28 quite
3376 1344 76 29 seeing
3472 1344 38 22 the
3530 1344 45 22 real

3018 1373 65 29 point
3092 1373 23 22 of
3126 1372 60 23 their
3203 1374 73 21 merit.
3315 1374 35 22 An
3362 1374 78 22 article
3451 1381 29 15 on
3515 1373 48 24 Chil-

3018 1403 73 22 dren's
3107 1403 114 29 Theology
3256 1404 23 22 in
3294 1403 38 23 the
3348 1406 91 21 current
3449 1404 94 23 number
3552 1404 24 23 of

3018 1433 39 23 the
3104 1433 58 23 Corn
3165 1433 54 23 hill'
3249 1434 99 29 supplies
3379 1441 60 15 some
3463 1434 111 29 exquisite

3017 1464 86 23 stories.
3149 1464 61 23 Thus
3235 1471 33 15 we
3293 1465 56 21 have
3374 1464 38 22 the
3432 1464 50 23 well
3493 1464 81 23 known

3017 1500 63 24 story
3095 1495 23 22 of
3132 1503 13 14 a
3161 1495 60 22 little
3239 1495 42 28 girl
3299 1495 50 22 who
3364 1495 19 22 is
3393 1495 47 22 told
3452 1498 23 19 to
3490 1502 27 22 go
3528 1499 24 18 to
3562 1503 12 14 a

3017 1533 61 14 room
3099 1525 43 21 and
3162 1524 40 23 ask
3223 1525 50 22 God
3291 1528 24 19 to
3329 1524 86 30 forgive
3433 1524 39 23 her
3486 1526 35 21 for
3536 1525 39 22 her

3018 1555 154 29 naughtiness.
3203 1554 44 23 She
3265 1554 115 29 presently
3396 1562 61 15 came
3477 1555 97 29 jauntily

3018 1585 135 22 downstairs
3170 1585 58 21 after
3245 1584 40 22 her
3300 1591 92 22 prayers
3410 1588 24 18 to
3444 1585 80 23 inform
3536 1585 39 23 her

3018 1615 85 23 friends
3115 1614 50 23 that
3175 1614 49 24 God
3236 1614 43 23 had
3297 1615 85 29 leplied
3393 1624 5 14 :
3439 1615 59 29 Pray
3513 1615 63 23 don't

3018 1645 100 22 mention
3138 1644 27 27 it,
3188 1644 54 22 Miss
3263 1644 108 27 Perkins;
3392 1646 19 21 it
3430 1646 70 28 really
3520 1646 19 22 is
3563 1653 13 14 a

3018 1678 83 19 matter
3118 1674 24 23 of
3158 1681 29 15 no
3414 1674 47 24 The
3477 1679 62 25 story
3557 1676 19 22 is

3018 1705 45 27 old,
3075 1712 28 14 no
3114 1704 86 27 doubt;
3216 1705 19 21 it
3252 1712 45 15 was
3315 1705 116 30 probably,
3444 1705 88 28 indeed,
3544 1706 21 22 in-

3019 1735 82 21 vented
3122 1742 23 14 as
3165 1742 12 14 a
3197 1735 120 28 delightlnl
3337 1735 118 29 burlesque
3478 1736 23 22 of
3525 1736 52 22 that

3018 1771 53 15 over
3079 1777 6 4 -
3097 1764 132 29 familiarity
3258 1765 56 21 with
3339 1765 38 22 the
3402 1765 81 22 Divine
3506 1765 71 30 Being

3018 1794 23 23 of
3070 1794 74 23 which
3169 1801 66 22 many
3259 1794 63 23 older
3350 1794 139 30 theologians
3522 1795 54 22 than

3045 1824 56 22 Miss
3283 1832 39 14 are
3357 1825 80 28 guilty.
3489 1825 89 22 Almost

3019 1862 24 14 as
3068 1853 122 30 delightful
3215 1854 18 22 is
3259 1854 38 22 the
3326 1857 62 26 story
3413 1855 23 22 of
3461 1854 38 23 the
3524 1862 54 22 very

3020 1885 102 29 naughty
3153 1884 61 23 little
3240 1884 45 30 boy
3313 1885 75 23 whose
3417 1885 88 23 mother
3529 1885 48 23 told

3021 1916 45 23 him
3092 1916 52 23 that
3168 1915 27 24 he
3219 1922 47 17 was
3290 1918 38 21 too
3348 1915 43 24 bad
3412 1916 34 23 for
3466 1916 40 23 her
3525 1915 53 24 skill

3020 1949 24 19 to
3063 1953 52 15 cure
3126 1954 6 18 ;
3157 1946 27 22 he
3205 1949 60 19 must
3283 1953 57 22 pray
3360 1949 24 19 to
3403 1947 49 21 God
3470 1949 24 19 to
3514 1947 65 21 make

3020 1976 46 21 him
3084 1983 12 14 a
3114 1975 75 22 better
3203 1975 50 30 boy.
3292 1976 151 29 Accordingly
3461 1976 28 22 he
3508 1976 70 29 began

3021 2005 54 23 with
3088 2005 38 23 the
3136 2005 63 23 usual
3210 2005 96 23 formula
3316 2014 5 14 :
3362 2005 66 29 Pray,
3440 2005 57 29 God,
3515 2005 64 23 make

3021 2044 34 15 me
3071 2044 12 15 a
3103 2036 57 30 good
3279 2036 91 30 adding,
3392 2037 59 22 after
3470 2045 13 14 a
3502 2044 76 22 pause,

3045 2067 44 21 and
3101 2067 17 21 if
3128 2069 25 19 at
3162 2066 50 22 first
3221 2074 44 21 you
3277 2066 62 22 don't
3349 2066 100 27 succeed,
3469 2069 45 26 try,
3533 2070 45 25 try,

3021 2100 37 26 try
3186 2095 24 23 It
3220 2103 44 15 was
3280 2096 96 23 another
3392 2103 55 23 very
3463 2096 117 30 desperate

3020 2127 44 22 and
3074 2126 100 30 juvenile
3184 2126 136 30 theologian,
3339 2127 22 22 in
3373 2127 38 22 the
3423 2134 66 23 pages
3503 2126 24 23 of
3541 2126 39 23 the

3022 2157 131 27 Cornhill,'
3166 2157 58 28 who,
3235 2165 28 14 on
3275 2157 66 30 being
3351 2158 47 22 told
3409 2157 109 30 solemnly
3529 2158 52 22 that

3020 2188 28 22 he
3059 2188 44 22 had
3114 2187 84 23 broken
3209 2195 41 15 one
3261 2188 22 22 of
3301 2188 38 22 the
3355 2187 224 24 Commandments

3021 2219 38 22 the
3079 2218 51 23 fifth
3137 2218 59 28 by
3212 2226 28 15 an
3260 2220 37 21 act
3316 2219 23 22 of
3358 2218 124 30 disrespect
3502 2221 23 20 to
3546 2219 34 21 his

3022 2256 101 20 mamma,
3143 2248 85 30 replied
3249 2249 54 22 with
3325 2248 66 23 much
3411 2248 150 23 cheerfulness
3574 2257 5 14 :

3022 2281 15 11 14
3045 2279 44 28 Ah,
3104 2279 57 29 well,
3179 2279 46 24 I've
3235 2279 53 31 only
3298 2283 40 26 got
3348 2280 52 23 nine
3410 2287 60 16 more
3480 2283 23 21 to
3511 2279 68 24 break

3021 2318 50 15 now
3122 2311 47 22 The
3179 2318 60 15 same
3249 2311 139 28 petticoated
3399 2311 137 29 theologian,
3548 2318 33 14 we

3021 2348 37 15 are
3076 2340 56 27 told,
3179 2340 79 30 longed
3278 2340 71 23 above
3368 2340 30 23 all
3419 2340 76 31 things
3513 2341 36 22 for
3567 2347 14 16 a

3021 2371 195 30 bicyclelonged
3227 2371 43 22 and
3279 2371 85 29 prayed
3373 2374 37 20 too
3419 2371 51 23 that
3478 2379 103 15 someone

3023 2401 42 28 )his
3075 2401 133 30 godmother
3222 2401 34 23 for
3271 2401 85 28 choice)
3375 2401 72 23 would
3464 2401 51 30 give
3535 2401 46 22 him

3021 2439 48 16 one.
3102 2431 74 31 Every
3186 2431 45 31 day
3242 2431 27 23 he
3279 2439 62 15 came
3351 2431 134 24 downstairs
3498 2431 83 31 hoping

3022 2466 23 19 to
3056 2462 47 23 find
3118 2463 39 22 the
3174 2463 102 22 machine
3291 2463 24 22 of
3334 2463 35 22 his
3387 2469 93 23 prayers
3499 2463 23 22 in
3543 2463 38 22 the

3022 2493 52 21 hall.
3106 2493 33 21 At
3148 2492 45 22 last
3202 2493 128 28 something
3339 2500 70 19 came,
3423 2492 41 22 but
3475 2493 19 21 it
3508 2499 46 15 was
3568 2499 13 15 a

3022 2523 93 29 tricycle
3125 2531 5 17 ;
3146 2522 44 24 and
3207 2523 149 30 godmamma,
3375 2523 63 29 lying
3448 2523 22 22 in
3487 2522 94 23 ambush

3022 2556 24 21 to
3056 2553 27 22 be
3094 2561 12 14 a
3116 2553 93 22 witness
3218 2553 23 22 of
3252 2553 38 22 the
3301 2553 80 22 child's
3391 2557 110 25 raptures,
3513 2553 68 22 heard

3021 2583 89 24 instead
3125 2591 14 15 a
3155 2583 73 30 heavy
3245 2584 57 29 sigh,
3321 2583 44 23 and
3389 2584 6 11 '
3404 2583 18 24 0
3437 2583 58 28 God,
3516 2582 11 24 I
3542 2583 39 23 did

3022 2614 66 24 think
3099 2621 43 22 you
3152 2614 74 23 would
3237 2614 57 22 have
3308 2614 82 22 known
3407 2614 39 22 the
3463 2614 118 22 difference

3022 2645 101 23 between
3134 2652 12 15 a
3156 2644 86 30 bicycle
3256 2644 44 23 and
3311 2652 13 15 a
3334 2644 93 30 tricycle
3438 2643 33 25 !'"

3049 2675 109 24 Infantile
3169 2676 106 29 theology
3284 2683 29 15 on
3324 2676 39 22 the
3372 2676 89 28 subject
3471 2675 23 23 of
3502 2682 79 23 prayer

3021 2706 129 22 sometimes
3169 2706 101 22 becomes
3289 2709 145 26 peremptory
3452 2705 89 30 enough
3558 2706 23 21 in

3023 2739 52 21 tone
3089 2736 35 24 for
3141 2735 97 25 General
3253 2735 73 25 Booth
3350 2735 95 24 himself.
3477 2735 61 25 Thus
3549 2743 32 16 we

3023 2768 56 21 have
3099 2768 38 21 the
3157 2771 64 25 story
3240 2768 24 21 of
3284 2767 38 22 the
3341 2770 123 26 youngster
3481 2767 50 22 who
3549 2774 22 15 re-

3023 2796 90 25 minded
3129 2796 39 24 the
3179 2796 69 31 Deity
3264 2804 29 16 on
3310 2804 41 16 one
3367 2797 101 23 occasion
3484 2796 53 24 that
3547 2796 34 24 his

3022 2829 96 29 petition
3160 2828 45 22 had
3220 2831 41 19 not
3277 2828 55 22 been
3350 2828 109 22 attended
3537 2828 44 22 and

3023 2857 118 31 requested
3153 2858 51 22 that
3219 2858 19 22 it
3249 2858 73 30 might
3332 2861 40 19 not
3389 2857 26 23 be
3433 2857 114 30 forgotten
3558 2857 22 23 in

3022 2889 82 23 future.
3137 2888 113 23 Youthful
3261 2888 113 30 theology,
3386 2888 111 28 however,
3510 2896 56 16 some-

3022 2920 65 22 times
3111 2919 66 23 takes
3200 2927 56 15 even
3281 2927 60 15 more
3370 2919 140 29 unexpected
3535 2919 43 22 and

3020 2950 107 27 startling
3151 2950 86 27 shapes.
3279 2949 47 21 The
3342 2949 136 21 diminutive
3494 2949 84 21 heretic

3020 2979 23 21 of
3055 2979 39 21 the
3106 2980 6 10 '
3121 2978 115 22 Cornhill'
3252 2978 50 22 who
3320 2981 75 19 meant
3406 2981 24 19 to
3440 2979 98 21 fracture
3548 2978 31 22 all

3020 3008 39 21 the
3090 3007 46 22 Ten
3168 3007 198 22 Commandments
3395 3008 22 21 in
3453 3008 124 21 succession

3019 3036 82 24 turned
3122 3037 34 22 his
3170 3036 119 23 devotions
3308 3044 54 15 once
3383 3037 22 22 in
3420 3044 13 15 a
3444 3044 54 22 very
3510 3044 53 15 unex-

3019 3067 79 29 pected
3118 3067 117 23 direction.
3277 3067 34 22 He
3338 3067 44 22 had
3407 3066 55 23 been
3487 3068 42 21 left
3553 3068 22 21 in

3019 3100 128 25 temporary
3158 3096 80 29 charge
3249 3096 22 22 of
3279 3104 27 14 an
3317 3099 55 19 aunt
3383 3096 22 22 of
3412 3102 76 16 severe
3499 3097 75 26 views,

3019 3127 51 24 who
3077 3126 70 25 found
3158 3126 19 25 it
3187 3133 116 25 necessary
3314 3128 23 22 to
3348 3125 82 32 punish
3440 3133 54 24 poor
3501 3125 57 26 Jack
3570 3125 4 33 :

3134 3158 39 22 the
3193 3158 117 29 operation
3330 3165 47 14 was
3399 3165 53 15 over
3477 3158 27 21 he
3529 3165 45 14 was

3019 3195 51 14 aeon
3090 3191 24 18 to
3133 3190 39 26 get
3186 3195 12 14 a
3217 3187 81 28 pencil,
3315 3187 51 26 and,
3388 3187 94 28 retiring
3501 3187 48 22 into
3563 3194 13 14 a

3019 3224 77 16 corner
3104 3217 23 23 of
3135 3217 39 23 the
3182 3224 101 23 nursery,
3291 3215 135 32 laboriously
3435 3217 64 22 write
3507 3223 55 16 some-

3019 3248 65 30 thing
3092 3255 59 23 upon
3158 3256 14 15 a
3180 3249 63 21 small
3255 3248 61 30 piece
3326 3247 22 24 of
3359 3255 75 23 paper.
3459 3247 47 24 The
3516 3255 59 15 same

3019 3287 40 21 spy
3076 3279 50 22 who
3136 3279 107 22 observed
3255 3280 45 21 him
3315 3278 29 23 do
3360 3279 45 22 this
3416 3278 101 23 watched
3531 3278 44 23 him

3019 3309 133 23 afterwards
3163 3309 56 23 from
3231 3309 38 23 the
3280 3308 95 23 window
3390 3309 67 22 while
3470 3308 27 23 he
3508 3308 45 30 dug
3563 3316 13 14 a

3020 3339 50 23 hole
3080 3339 56 23 with
3146 3339 35 23 his
3196 3339 60 23 little
3266 3339 68 30 spade
3345 3339 43 23 and
3404 3339 78 23 buried
3493 3339 39 22 the
3543 3339 34 22 bit

3019 3370 23 23 of
3052 3377 69 23 paper
3131 3370 22 23 in
3165 3377 12 15 a
3188 3377 77 15 corner
3284 3369 22 23 of
3324 3369 39 24 the
3381 3369 89 30 garden.
3502 3368 74 23 When

3019 3400 74 30 Jacky
3104 3407 45 16 was
3159 3400 71 29 safely
3240 3403 40 19 out
3290 3400 23 22 of
3329 3400 38 22 the
3378 3407 49 22 way
3438 3400 39 22 the
3487 3407 41 22 spy
3538 3407 24 14 ex-

3020 3430 80 23 humed
3113 3431 34 21 his
3157 3431 145 29 manuscript.
3334 3429 23 23 It
3363 3438 39 14 ran
3413 3438 24 14 as
3447 3430 85 22 follows
3543 3438 33 14 :

3021 3462 6 11 '
3036 3460 63 24 Dear
3109 3460 73 24 Dzvill
3183 3478 5 12 t
3191 3460 94 25 Pkan
3293 3468 57 15 come,
3361 3461 46 22 and
3417 3461 47 22 takt
3475 3460 82 23 Antie.'

3047 3491 45 23 For
3111 3492 120 28 ourselves,
3257 3499 33 15 we
3315 3494 61 20 must
3400 3491 52 22 hold
3468 3492 51 21 that
3539 3490 38 23 the

3019 3524 99 28 attempt
3133 3524 24 21 to
3176 3525 88 20 extract
3284 3522 66 22 much
3370 3522 105 29 theology
3496 3523 40 21 out
3555 3520 23 24 of

3020 3552 109 30 children,
3150 3561 25 15 or
3190 3558 24 18 to
3238 3553 60 23 force
3317 3553 66 23 much
3404 3553 106 30 theology
3529 3553 48 22 into

3021 3584 69 26 them,
3103 3585 24 26 in,
3141 3584 16 23 if
3168 3584 38 23 the
3224 3591 88 21 process
3329 3584 40 22 has
3385 3586 24 21 to
3427 3584 26 22 be
3464 3583 113 22 discussed

3021 3614 99 29 gravely,
3142 3621 54 22 very
3212 3614 170 29 objectionable.
3414 3614 21 22 A
3451 3613 78 23 child's
3546 3621 20 15 re-

3021 3645 68 29 ligion
3100 3645 18 21 is
3129 3644 86 29 simple,
3228 3643 149 28 untcchnical,
3390 3643 47 23 free
3454 3643 56 23 from
3525 3645 52 21 cant

3021 3682 24 15 or
3219 3674 44 22 and
3280 3682 118 22 grown-up
3415 3673 79 30 people
3504 3673 74 30 might

3023 3704 48 23 well
3091 3711 59 23 envy
3165 3704 30 23 its
3219 3704 76 30 loving
3314 3704 122 30 optimism,
3455 3705 30 20 its
3502 3711 76 15 serene

3021 3735 58 23 faith
3099 3734 103 24 uuvexed
3217 3734 30 31 by
3266 3734 78 24 doubt.
3383 3734 46 24 But
3445 3734 40 23 the
3504 3735 74 22 actual

3021 3766 61 22 chill
3106 3766 23 22 of
3153 3766 39 22 the
3209 3772 94 23 nursery
3319 3766 19 22 is
3362 3772 55 22 very
3442 3767 84 21 remote
3546 3765 22 22 in-

3021 3796 56 23 deed
3101 3797 58 22 from
3189 3797 73 22 either
3292 3796 39 23 the
3362 3795 128 30 impossible
3518 3795 61 23 little

3022 3828 60 27 prigs
3108 3826 23 22 of
3158 3828 5 10 '
3170 3826 112 23 Sandford
3301 3826 44 22 and
3366 3826 104 22 Merton'
3491 3833 26 14 or
3540 3826 39 21 the

3021 3856 90 30 equally
3131 3855 128 30 impossible
3278 3856 72 22 saints
3369 3856 22 22 in
3412 3856 63 22 short
3494 3855 85 23 clothes

3021 3887 22 24 of
3068 3887 37 23 Mr
3129 3886 78 31 Henry
3233 3886 61 31 King
3318 3886 78 24 Lewis.
3428 3885 72 25 Those
3524 3886 55 24 twin

3021 3925 94 23 scamp?,
3141 3918 68 23 Huck
3233 3918 58 23 Finn
3321 3918 44 23 and
3394 3917 55 24 Tom
3480 3917 98 30 Sawyer,

3021 3949 109 28 certainly
3141 3949 134 28 correspond
3287 3956 59 15 more
3357 3948 82 29 closely
3451 3951 23 19 to
3485 3948 38 22 the
3534 3948 43 28 boy

3021 3979 22 21 of
3053 3979 75 21 actual
3144 3978 46 27 life,
3208 3979 49 21 who
3273 3979 19 21 is
3308 3982 24 18 at
3349 3985 54 15 once
3423 3978 38 22 the
3481 3980 98 20 torment

3021 4008 43 22 and
3087 4009 39 21 the
3145 4008 107 22 sunshine
3273 4008 23 22 of
3322 4007 38 23 the
3381 4007 103 30 paternal
3506 4007 70 23 home.

3021 4039 45 24 But
3078 4039 38 23 the
3127 4039 81 29 pulpit,
3221 4040 19 21 it
3250 4047 51 21 may
3312 4038 27 23 be
3350 4039 80 27 added,
3442 4038 73 23 would
3527 4039 51 29 gain

3020 4070 142 29 enormously
3172 4070 30 29 by
3218 4077 13 14 a
3246 4070 152 28 sympathetic
3415 4069 69 29 study
3502 4069 23 22 of
3540 4070 38 21 the

3021 4100 105 30 theology
3144 4099 23 24 of
3183 4099 108 24 children.
3324 4099 42 23 We
3386 4099 56 23 have
3458 4099 20 23 it
3494 4106 28 16 on
3540 4099 38 23 the

3021 4131 85 22 loftiest
3249 4130 52 22 that
3311 4130 63 23 there
3384 4137 37 15 are
3431 4137 60 14 some
3502 4129 76 29 things

3147 4160 56 23 from
3224 4160 39 23 the
3282 4160 53 23 wise
3355 4158 43 24 and
3419 4158 98 31 prudent
3533 4158 43 23 and

3021 4191 101 23 revealed
3134 4195 55 19 unto
3318 4190 47 22 The
3376 4190 70 22 vision
3457 4190 23 22 of
3494 4197 12 15 a
3516 4190 60 22 child

3020 4223 22 22 in
3061 4222 38 22 the
3115 4221 106 30 kingdom
3234 4221 23 22 of
3273 4221 75 29 things
3364 4220 70 22 moral
3451 4220 126 22 sometimes

3020 4253 84 28 pierces
3118 4251 82 29 deeper
3217 4251 54 22 than
3289 4251 28 21 do
3335 4251 39 21 the
3390 4249 186 28 spectacle-aided

3020 4282 72 29 optics
3102 4281 23 22 of
3141 4289 14 14 a
3165 4281 148 29 philosopher.
3346 4280 105 29 Leaving,
3464 4280 110 26 however,

3020 4313 53 22 such
3094 4312 52 29 high
3163 4312 93 27 themes,
3275 4310 39 24 the
3330 4310 85 30 prattle
3434 4310 23 22 of
3475 4309 100 23 children

3019 4350 28 15 on
3059 4343 104 29 religious
3177 4342 100 29 subjects
3287 4348 50 23 may
3349 4341 51 23 well
3410 4348 61 15 warn
3489 4340 87 23 divines

3019 4374 23 22 of
3063 4373 37 23 the
3116 4372 87 23 fashion
3221 4373 22 22 in
3261 4372 72 23 which
3352 4375 69 19 terms
3438 4371 97 22 familiar
3552 4373 23 20 to

3019 4404 62 22 them
3098 4410 38 16 are
3153 4402 111 23 distorted
3284 4402 23 23 in
3323 4402 38 23 the
3381 4400 73 24 minds
3473 4401 23 22 of
3516 4400 60 23 their

3019 4433 95 23 hearers.
3146 4433 61 22 Thus
3225 4433 38 22 the
3282 4433 48 27 tiny
3341 4431 143 30 philosopher
3498 4430 24 22 of
3537 4431 38 22 the

3021 4464 5 11 1
3035 4463 100 23 Cornhill
3146 4463 5 10 '
3162 4463 40 21 has
3212 4462 90 22 learned
3313 4463 38 21 the
3363 4468 61 16 verse
3435 4461 82 28 ending
3527 4470 5 14 :

3106 4499 63 18 Satan
3178 4497 96 20 trembles
3284 4497 57 19 when
3351 4497 25 19 he
3385 4503 41 13 sees

3106 4522 41 19 The
3157 4522 87 19 weakest
3252 4522 55 19 saint
3315 4527 52 18 upou
3378 4521 31 20 his
3417 4521 67 20 knees.

3018 4552 36 23 He
3073 4559 45 15 was
3138 4551 84 23 asked:
3263 4551 66 27 Now,
3349 4551 82 29 Jacky,
3450 4551 52 28 why
3521 4550 52 23 does

3018 4581 69 25 Satan
3098 4581 200 28 trembleshake,
3319 4588 44 22 you

3018 4612 92 23 because
3120 4612 12 23 I
3146 4619 96 22 suppose
3252 4611 39 23 the
3301 4612 61 22 saint
3371 4612 19 22 is
3407 4619 24 14 so
3446 4610 127 29 dreadfully

3133 4648 45 16 was
3198 4642 39 22 the
3256 4640 141 31 unexpected
3416 4641 70 29 reply.
3527 4640 46 23 The

3016 4679 95 24 average
3121 4671 83 30 divine,
3217 4678 33 17 we
3259 4675 98 27 suspect,
3369 4671 18 24 if
3397 4671 28 23 he
3435 4671 138 24 ascertained

3018 4703 38 22 the
3066 4706 64 19 exact
3141 4710 63 15 sense
3219 4703 73 22 which
3303 4710 67 20 many
3379 4703 24 22 of
3418 4703 39 22 the
3467 4704 69 21 terms
3546 4703 27 21 he

3016 4733 100 30 employs
3133 4739 96 23 conveys
3247 4735 23 20 to
3291 4732 38 23 the
3348 4732 143 31 intelligence
3501 4732 23 23 of
3539 4732 34 23 his

3017 4765 95 27 hearers,
3122 4763 73 24 would
3205 4763 46 23 find
3258 4763 38 23 the
3303 4763 117 30 discovery
3430 4771 24 15 as
3462 4763 98 24 astonish-

3016 4795 38 28 ing
3063 4802 24 14 as
3098 4802 54 14 even
3162 4794 78 22 Jack's
3250 4801 96 14 mamma
3356 4794 22 21 in
3390 4794 45 20 this
3444 4794 123 27 particular

3016 4824 109 27 story.'
3136 4823 90 28 Argus.'

3073 4882 75 27 THE
3165 4882 88 27 JAPS
3272 4882 40 27 IN
3332 4880 176 28 FORMOSA.

3045 4950 61 23 'The
3125 4948 105 24 Times's'
3250 4947 128 29 Hongkong
3397 4944 173 31 correspondent

3016 4979 142 32 telegraphs:
3212 4978 21 22 A
3249 4978 132 27 missionary
3401 4976 75 22 writes
3493 4977 23 21 to
3536 4982 34 15 me

3015 5010 119 31 regarding
3143 5009 111 29 Japanese
3264 5007 114 23 atrocities
3393 5006 23 22 in
3431 5005 71 23 South
3517 5004 39 23 For-

3016 5049 59 15 mosa
3095 5041 93 28 saying:
3208 5040 6 11 '
3223 5038 10 23 I
3252 5038 56 22 have
3325 5036 64 23 made
3404 5044 28 14 no
3447 5038 123 20 statement

3016 5072 50 22 that
3074 5071 11 23 I
3096 5073 82 19 cannot
3193 5069 52 22 bear
3261 5071 40 19 out
3318 5066 55 23 with
3391 5066 63 23 facts.
3486 5064 27 24 In
3531 5065 38 22 the

3014 5109 64 16 name
3088 5101 23 23 of
3120 5106 101 17 common
3235 5097 125 28 humanity,
3378 5095 11 23 I
3406 5103 55 22 pray
3477 5102 45 23 you
3538 5094 32 23 let

3015 5132 38 21 the
3070 5130 69 23 world
3157 5129 65 22 know
3236 5128 38 22 the
3292 5130 49 19 true
3358 5129 60 19 state
3437 5125 22 23 of
3479 5125 90 22 affairs.'

3014 5161 36 24 He
3059 5163 70 22 states
3141 5159 51 24 that
3201 5158 38 24 the
3256 5157 110 31 Japanese
3381 5162 38 16 are
3435 5155 45 23 fast
3497 5157 60 21 exter-

3014 5192 110 29 minating
3139 5191 38 22 the
3192 5190 100 22 Chinese.
3324 5187 59 23 Over
3399 5186 61 29 sixty
3477 5186 92 29 villages

3014 5223 57 21 have
3081 5221 54 22 been
3146 5219 134 28 completely
3290 5217 85 22 burned
3386 5216 44 22 and
3446 5216 122 22 thousands

3014 5251 76 23 killed.
3121 5251 47 22 One
3185 5249 44 27 day
3247 5251 137 24 twenty-one
3400 5245 94 23 Chinese
3511 5252 58 14 were

3014 5282 84 28 caught
3116 5282 25 19 at
3160 5278 99 23 random.
3290 5275 102 30 Nothing
3416 5282 45 15 was
3484 5274 83 30 proved

3014 5312 88 30 against
3125 5309 68 24 them.
3225 5306 76 25 While
3324 5305 60 24 their
3407 5312 79 24 graves
3511 5312 58 16 were

3014 5343 66 29 being
3103 5341 46 30 dug
3172 5339 75 23 before
3269 5337 59 24 their
3357 5344 51 22 eyes
3432 5336 55 30 they
3511 5343 58 16 were

3013 5371 100 30 brutally
3124 5369 132 25 maltreated
3272 5369 29 29 by
3318 5367 118 30 Japanese,
3452 5366 44 24 and
3515 5367 52 23 then

3014 5402 94 24 stabbed
3119 5404 24 20 to
3153 5400 68 24 death
3238 5399 56 23 with
3312 5398 113 29 bayonets.
3457 5397 23 22 It
3494 5404 45 15 was
3556 5404 13 15 a

3013 5432 112 29 revolting
3148 5430 66 31 sight.
3252 5429 33 23 At
3308 5428 94 22 another
3426 5427 80 30 village
3531 5428 38 21 the

3013 5463 95 23 Chinese
3122 5459 108 32 prepared
3245 5458 53 24 food
3312 5458 35 22 for
3362 5458 39 22 the
3417 5458 152 29 approaching

3012 5493 119 29 Japanese,
3157 5490 44 22 and
3232 5487 118 25 welcomed
3381 5487 75 28 them;
3485 5487 41 22 but
3555 5495 14 14 a

3013 5522 86 24 sudden
3123 5519 121 31 onslaught
3272 5526 45 15 was
3348 5517 71 29 made,
3448 5517 44 23 and
3517 5516 51 30 fifty

3013 5553 95 23 Chinese
3118 5558 58 16 were
3192 5550 70 23 killed
3278 5557 27 15 on
3322 5548 38 24 the
3376 5551 57 28 spot.
3464 5548 34 24 On
3508 5548 60 24 June

3012 5584 29 21 22
3051 5583 38 22 the
3099 5582 131 28 magistrate
3240 5581 23 21 of
3273 5579 92 23 Hunnin
3377 5579 74 23 issued
3461 5586 13 15 a
3484 5579 72 29 procla-

3013 5612 85 23 mation
3107 5611 104 28 advising
3228 5609 38 23 the
3281 5608 78 23 scared
3374 5609 105 29 villagers
3496 5612 24 19 to
3535 5615 22 16 re-

3013 5644 53 21 turn
3090 5640 57 23 from
3171 5640 39 22 the
3233 5639 134 22 mountains.
3399 5638 63 30 They
3481 5638 30 23 all
3536 5645 21 16 re-

3012 5670 90 28 turned,
3114 5670 44 23 and
3169 5676 57 16 were
3235 5668 129 23 butchered.
3395 5669 173 30 Eye-witnesses

3012 5702 41 22 tell
3063 5700 111 29 revolting
3187 5699 81 23 stories
3277 5699 24 22 of
3310 5699 168 23 maltreatment
3492 5699 23 23 of
3529 5699 39 22 the

3012 5730 102 27 Chinese,
3125 5729 23 23 of
3157 5736 80 23 graves
3246 5729 49 22 dear
3299 5729 84 27 crated,
3396 5729 43 23 and
3450 5729 23 24 of
3483 5736 84 16 women

3013 5759 105 29 violated,
3138 5757 38 26 the
3193 5759 72 26 result
3281 5759 67 31 being
3364 5759 51 26 that
3435 5759 38 25 the
3489 5760 78 32 people

3012 5798 37 17 are
3059 5790 79 26 driven
3149 5792 23 24 to

3642 187 152 29 FUTURE
3812 188 45 28 OF
3878 190 251 29 MARVELLOUS

3764 226 237 29 MELBOURNE.

3635 294 47 21 One
3701 293 24 22 of
3749 294 39 21 the
3807 296 59 19 most
3884 295 133 29 interesting
4041 295 45 22 and
4109 296 57 23 vital

3606 322 116 29 questions
3741 322 24 23 of
3788 322 39 23 the
3846 322 45 31 day
3910 323 18 23 is
3952 324 39 23 the
4010 324 114 24 condition
4143 326 23 22 of

3608 352 133 24 Melbourne
3756 361 24 15 as
3797 353 92 32 regards
3908 354 131 31 population
4056 354 44 25 and
4120 356 46 24 real

3606 387 114 28 property.
3752 384 24 24 Is
3791 384 132 24 Melbourne
3941 385 48 24 still
4008 386 118 30 shrinking
4141 394 25 16 or

3606 416 135 28 stationary,
3758 423 25 14 or
3800 415 116 30 enlarging
3932 416 31 23 its
3982 416 108 24 borders?
4118 417 47 22 The

3606 445 139 29 importance
3755 445 23 23 of
3793 446 39 22 the
3849 446 103 29 question
3968 446 18 22 is
4001 446 91 23 derived
4108 446 57 23 from

3608 475 38 23 the
3656 475 48 23 fact
3721 474 51 24 that
3788 475 40 23 the
3845 475 132 30 population
3994 476 23 24 of
4034 475 132 25 Melbourne

3606 505 93 23 exceeds
3716 506 99 27 400,000,
3827 506 45 22 and
3889 506 51 23 that
3957 506 52 23 that
4025 507 139 29 population,

3608 535 164 30 impoverished
3789 542 25 16 as
3829 536 19 22 it
3865 543 51 22 may
3934 536 57 23 have
4006 536 55 24 been
4079 538 29 29 by
4126 537 39 23 the

3607 565 60 23 cruel
3684 565 96 29 strokes,
3799 566 107 30 repeated
3922 567 54 22 time
3993 568 58 22 after
4068 568 62 28 time,
4141 568 25 22 of

3606 604 13 14 a
3639 595 104 23 financial
3763 596 150 30 catastrophe,
3935 597 68 23 forms
4021 600 40 27 yet
4080 605 28 15 on
4126 598 39 23 the

3606 634 95 24 average
3711 634 13 15 a
3734 626 124 24 well-to-do
3875 627 144 31 community.
4050 628 67 24 From
4132 628 22 24 in-

3606 658 84 31 quiries
3700 665 34 16 we
3752 658 57 24 have
3827 659 64 23 made
3907 666 32 16 we
3957 667 36 15 are
4004 660 98 23 satisfied
4114 660 52 24 that

3607 690 38 22 the
3661 689 132 30 population
3812 690 23 22 of
3855 689 131 23 Melbourne
4004 691 19 22 is
4040 698 30 16 no
4089 691 77 30 longer

3607 719 119 30 declining,
3734 719 109 30 although
3851 719 29 23 its
3888 719 147 24 distribution
4045 721 23 22 in
4077 721 89 22 various

3606 750 102 22 districts
3724 750 24 22 in
3766 749 102 30 unequal.
3899 749 24 23 It
3939 750 20 23 is
3976 752 50 21 true
4040 750 52 23 that
4101 750 65 24 ther*

3607 787 38 15 are
3664 779 47 23 still
3732 780 101 22 between
3853 780 65 28 5,000
3937 780 44 23 and
4003 781 64 27 6,000
4086 781 80 23 houses

3607 815 89 25 vacant,
3708 809 42 25 but
3765 810 39 24 the
3818 810 94 24 number
3927 811 19 23 is
3957 812 65 23 much
4033 811 42 25 less
4087 811 53 25 than
4152 819 13 17 a

3606 849 55 23 year
3670 849 49 23 ago,
3729 842 67 23 while
3804 842 18 23 it
3831 849 51 23 may
3891 842 132 31 reasonably
4032 843 26 23 be
4064 842 101 25 doubted

3607 873 101 22 whether
3725 872 40 24 the
3780 873 126 30 insanitary
3915 874 90 29 portion
4021 874 23 22 of
4058 874 46 23 this
4115 881 37 23 pro-

3607 907 66 26 perty
3690 903 72 30 ought
3781 906 23 20 to
3823 903 60 23 exist
3901 907 25 19 at
3941 904 37 23 all.
4009 903 116 32 Certainly
4139 905 24 23 in

3607 934 92 23 London
3710 935 19 22 it
3745 933 81 24 would'
3837 936 40 21 not
3894 935 66 27 exist,
3979 934 36 24 for
4031 935 30 23 its
4072 935 78 23 demoli-

3606 965 48 23 tion
3663 964 74 23 would
3748 964 27 23 be
3783 964 93 30 quickly
3882 964 101 24 ordered.
4014 965 29 24 Of
4053 966 38 23 the
4099 966 65 28 5,000

3605 1003 25 15 or
3646 996 65 27 6,000
3727 999 82 19 vacant
3825 995 80 23 houses
3920 995 70 23 about
4006 996 100 23 one-half
4124 1003 39 16 are

3605 1026 84 24 situate
3699 1025 23 24 in
3737 1025 53 31 only
3798 1025 63 25 three
3872 1025 181 31 districtsviz.,
4065 1026 88 32 Colling

3605 1056 72 29 wood,
3698 1056 71 25 South
3795 1056 137 30 Melbourne,
3955 1056 45 25 and
4020 1056 139 27 Brunswick,

3606 1088 41 22 We
3665 1088 99 22 mention
3781 1088 47 22 this
3847 1088 47 22 fact
3910 1091 40 19 not
3969 1089 23 21 in
4009 1088 152 29 depreciation

3604 1117 24 23 of
3638 1117 38 23 the
3686 1117 102 23 districts
3798 1124 33 16 we
3842 1117 56 23 have
3911 1117 88 29 named,
4012 1117 41 24 but
4063 1118 21 23 in
4095 1118 66 23 order

3605 1150 23 21 to
3639 1149 60 22 show
3711 1148 51 23 that
3772 1148 18 23 it
3801 1149 18 22 is
3830 1150 39 21 not
3877 1156 116 22 necessary
4002 1148 50 23 that
4062 1149 65 28 5,000
4136 1156 26 16 or

3604 1180 64 26 6,000
3679 1179 79 22 houses
3769 1178 56 23 have
3836 1182 23 19 to
3875 1178 26 23 be
3912 1179 105 29 occupied
4028 1179 76 22 before
4114 1179 46 23 real

3604 1211 107 28 property
3722 1209 23 22 iu
3763 1208 131 23 Melbourne
3908 1216 41 15 can
3964 1210 130 29 experience
4104 1217 12 14 a
4127 1217 22 15 re-

3603 1246 88 23 covery.
3722 1238 33 24 To
3765 1238 65 31 bring
3840 1239 38 23 the
3894 1239 45 23 real
3954 1242 108 27 property
4072 1238 89 24 market

3603 1270 23 23 of
3642 1269 132 23 Melbourne
3792 1274 23 18 to
3834 1269 126 29 something
3979 1269 46 23 like
4044 1277 14 14 a
4074 1269 87 23 normal

3604 1300 59 22 basis
3673 1307 33 14 we
3717 1299 81 22 reckon
3806 1299 51 23 that
3867 1300 64 27 3,000
3938 1300 87 27 houses,
4037 1306 10 15 r
4061 1303 86 25 present-

3605 1331 44 26 ing,
3661 1335 47 22 say,
3722 1330 76 26 15,000
3816 1335 97 22 persous,
3930 1328 57 23 have
4002 1332 23 20 to
4035 1328 27 23 be
4072 1328 87 24 rented.

3604 1358 46 23 BHt
3678 1359 129 29 comparing
3842 1359 76 26 15,000
3945 1359 55 23 with
4026 1360 92 26 400,000
4141 1359 20 23 it

3604 1388 101 23 becomes
3724 1390 109 28 apparent
3856 1389 52 22 that
3930 1389 39 22 the
3987 1389 132 30 population
4138 1389 24 22 of

3604 1418 132 23 Melbourne
3751 1420 39 21 has
3810 1422 24 19 to
3853 1419 99 22 increase
3971 1419 29 30 by
4019 1420 54 29 only
4092 1419 70 23 about

3603 1449 13 22 4
3626 1455 39 23 per
3680 1452 58 19 cent,
3758 1449 22 21 in
3798 1448 66 24 order
3879 1451 24 21 to
3918 1451 85 21 restore
4019 1450 39 22 the
4075 1449 87 23 normal

3604 1479 64 23 basis.
3706 1478 29 29 If,
3747 1486 121 21 moreover,
3881 1478 39 24 the
3929 1480 132 29 population
4072 1480 22 24 of
4105 1480 42 24 Mel-

3603 1510 83 22 bourne
3697 1510 18 21 is
3725 1517 28 14 no
3764 1509 76 29 longer
3854 1509 137 30 decreasing,
4002 1510 40 22 the
4058 1511 103 23 addition

3602 1540 23 23 of
3642 1540 76 27 15,000
3732 1546 91 22 persons
3838 1540 18 22 is
3871 1546 13 16 a
3903 1540 176 29 comparatively
4096 1540 64 23 small

3604 1573 90 25 matter,
3706 1570 44 22 and
3765 1577 33 15 we
3816 1570 93 28 believe,
3921 1570 119 28 therefore,
4052 1571 53 22 that
4120 1570 40 24 the

3604 1600 54 23 time
3677 1600 19 22 is
3715 1603 40 19 not
3774 1599 35 23 far
3828 1599 31 23 off
3883 1604 25 19 at
3932 1600 73 24 which
4025 1608 13 15 a
4058 1600 101 31 healthy,

3604 1630 107 29 although
3732 1631 97 28 perhaps
3847 1634 41 19 not
3906 1638 28 15 an
3954 1631 132 27 exuberant,
4108 1634 52 19 tone

3605 1660 46 23 will
3662 1660 27 22 be
3699 1664 110 25 apparent
3817 1660 22 22 in
3849 1660 38 23 the
3893 1660 46 23 real
3947 1664 107 26 property
4063 1660 96 23 market.

3604 1690 72 22 There
3685 1690 20 22 is
3715 1697 28 15 no
3753 1697 78 15 reason
3842 1690 51 29 why
3903 1690 38 23 the
3950 1691 55 29 folly
4016 1690 23 24 rf
4049 1691 38 23 the
4098 1690 52 24 infla-

3606 1721 47 21 tion
3663 1720 22 22 of
3707 1721 53 21 1888
3778 1720 76 21 should
3877 1721 26 21 be
3920 1721 169 30 counterpoised
4107 1721 30 30 by
4146 1729 14 15 a

3605 1750 54 28 folly
3670 1749 23 22 of
3703 1750 89 29 despair
3802 1750 23 22 in
3838 1751 58 21 1896.

3633 1779 112 31 Anybody
3757 1779 121 31 producing
3889 1787 64 23 crops
3965 1780 51 24 who
4026 1781 18 23 is
4053 1780 108 25 endowed

3605 1810 56 22 with
3672 1810 39 22 the
3721 1810 85 29 faculty
3817 1810 23 22 of
3857 1810 114 23 reflection
3988 1811 77 23 knows
4082 1812 51 22 that
4147 1819 14 15 a

3606 1840 64 21 small
3689 1840 105 29 shortage
3816 1847 75 15 means
3910 1848 12 14 a
3942 1840 60 30 large
4021 1841 98 23 advance
4138 1841 24 23 in

3607 1869 67 29 price,
3685 1869 45 22 and
3740 1869 51 23 that
3802 1877 12 15 a
3824 1870 64 22 small
3898 1878 33 14 siu
3938 1871 48 28 plus
3995 1878 74 15 means
4079 1878 13 15 a
4101 1871 61 31 large

3606 1899 47 24 fall.
3684 1899 48 23 The
3748 1899 43 23 law
3809 1900 18 23 is
3844 1900 81 23 known
3943 1902 22 21 in
3983 1902 135 30 agriculture
4137 1910 24 15 aa

3607 1931 38 22 the
3656 1930 100 29 Gregory
3767 1930 61 29 King
3838 1930 51 28 law,
3900 1939 24 14 so
3934 1932 70 22 called
4014 1932 57 23 from
4082 1933 37 22 the
4130 1933 21 22 in-

3608 1961 147 28 vestigations
3765 1960 47 22 into
3824 1961 110 22 mundane
3948 1961 74 23 affairs
4036 1963 23 21 of
4073 1970 13 14 a
4096 1963 55 22 ratio-

3607 1990 98 23 cinative
3715 1989 93 30 English
3819 1990 127 30 clergyman
3956 1991 76 30 nearly
4043 1994 44 20 two
4105 1992 41 23 hun-

3607 2020 56 23 dred
3673 2027 64 23 years
3746 2027 47 23 ago.
3824 2019 22 24 If
3854 2022 38 21 the
3899 2020 68 24 house
3974 2021 189 24 accommodation

3609 2051 22 22 of
3642 2050 132 22 Melbourne
3785 2051 19 21 is
3819 2052 14 20 4
3844 2058 39 21 per
3899 2055 58 19 cent,
3978 2059 59 15 more
4052 2053 55 21 than
4125 2052 39 23 the

3609 2081 157 28 requirement,
3778 2081 54 21 then
3849 2081 38 21 the
3903 2081 65 22 value
3985 2081 22 23 of
4024 2085 106 26 property
4145 2082 19 23 is

3608 2110 133 30 necessarily
3751 2111 86 22 several
3847 2111 65 22 times
3922 2112 13 21 4
3945 2116 102 24 percent,
4058 2111 43 24 less
4110 2112 54 23 than

3609 2141 62 22 what
3682 2142 18 21 it
3710 2140 71 30 ought
3791 2143 24 21 to
3825 2140 33 24 be.
3890 2140 46 25 But
3946 2142 17 23 if
3978 2142 38 23 the
4033 2143 131 29 population

3607 2171 81 23 should
3698 2172 98 22 increase
3806 2171 29 28 by
3846 2173 13 21 4
3868 2179 37 22 per
3915 2176 68 24 cent.,
3992 2173 53 22 then
4054 2173 38 22 the
4100 2172 65 24 value

3608 2201 23 23 of
3654 2204 107 27 property
3785 2201 47 24 will
3852 2201 87 25 become
3958 2202 79 29 sound,
4057 2202 44 24 and
4121 2210 44 23 any

3608 2233 88 22 further
3706 2233 111 26 addition,
3829 2233 74 22 unless
3913 2233 155 30 accompanied
4079 2233 29 30 by
4119 2233 34 23 fur-

3609 2262 51 24 ther
3668 2262 109 31 building,
3790 2262 46 24 will
3847 2270 63 16 mean
3921 2271 13 15 a
3948 2270 132 24 prosperous
4090 2264 62 24 condi-

3609 2295 47 22 tion
3666 2295 24 22 of
3699 2294 82 23 affairs.
3813 2293 76 24 Hence
3901 2302 31 16 we
3943 2302 37 16 ate
3991 2299 39 19 not
4046 2298 25 20 at
4086 2295 30 23 all
4132 2295 21 23 in-

3609 2325 71 21 clined
3691 2326 22 20 to
3725 2324 66 22 think
3802 2325 124 29 hopelessly
3936 2325 23 22 of
3970 2325 37 22 the
4018 2328 114 26 prospects
4141 2324 24 24 of

3609 2355 39 23 the
3668 2354 131 23 Melbourne
3816 2354 46 23 real
3885 2358 108 27 property
4008 2355 94 24 market.
4141 2354 25 25 It

3609 2393 51 20 may
3671 2387 40 19 not
3722 2385 96 28 respond
3829 2389 23 18 to
3863 2386 38 20 the
3912 2386 136 22 discredited
4064 2386 62 22 ideas
4141 2386 23 22 of

3609 2414 104 24 financial
3723 2415 44 22 and
3779 2414 126 31 borrowing
3914 2415 91 30 quacks,
4023 2415 40 23 but
4080 2415 19 24 it
4117 2415 47 24 will

3609 2445 81 30 satisfy
3706 2445 39 24 the
3762 2447 57 21 bona
3835 2445 44 24 fide
3899 2447 100 22 investor
4017 2446 23 23 of
4059 2446 35 23 his
4112 2453 50 16 own

3609 2476 92 23 capital.

3637 2502 24 26 It
3680 2513 52 22 may
3749 2509 26 20 be
3791 2505 70 23 asked
3878 2505 50 24 how
3945 2513 36 16 are
3999 2506 126 30 operations
4141 2506 23 24 in

3611 2536 131 23 Melbourne
3752 2537 46 22 real
3809 2540 107 27 property
3927 2540 23 20 to
3960 2536 26 24 be
3997 2536 99 24 fiuanced
4106 2537 58 24 after

3611 2567 39 22 the
3666 2567 98 29 collapse
3778 2567 24 22 of
3822 2567 38 22 the
3880 2567 102 30 building
4000 2568 102 22 societies
4120 2568 44 23 and

3611 2596 95 24 kindred
3725 2598 133 29 companies.
3898 2597 47 23 The
3964 2605 85 15 answer
4070 2598 19 22 is
4105 2598 59 22 clear

3610 2627 43 23 and
3664 2627 86 30 simple.
3777 2627 91 23 Owners
3878 2627 23 23 of
3911 2627 82 31 capital
4003 2635 37 16 are
4051 2631 40 20 not
4098 2628 66 31 going

3611 2660 23 21 to
3645 2658 26 23 be
3682 2659 90 22 starved
3788 2658 30 30 by
3829 2666 12 15 a
3851 2659 14 22 3
3880 2666 39 22 per
3929 2662 57 20 cent,
3999 2658 60 24 bank
4075 2658 89 31 deposit

3611 2693 55 22 rate,
3678 2690 56 21 with
3752 2697 13 14 a
3781 2696 53 15 near
3849 2688 127 30 possibility
3986 2689 23 22 of
4025 2697 14 14 a
4048 2689 116 22 reduction

3611 2721 24 21 to
3682 2725 39 24 per
3731 2721 68 26 cent.,
3811 2718 64 24 when
3887 2719 54 30 they
3950 2725 40 17 can
4000 2718 77 24 obtain
4088 2718 57 24 from
4152 2719 12 24 5

3611 2753 24 21 to
3654 2752 13 21 6
3687 2757 39 22 per
3743 2754 57 19 cent,
3823 2757 40 22 per
3878 2757 82 16 annum
3979 2749 31 30 by
4026 2749 91 32 lending
4136 2758 28 15 on

3611 2782 114 28 mortgage
3741 2787 28 15 on
3786 2780 69 23 house
3875 2782 107 28 property
4000 2780 80 23 valued
4099 2779 65 24 down

3671 2811 38 23 the
3846 2810 62 31 They
3919 2818 77 16 reason
4013 2810 57 24 from
4080 2811 72 30 experi-

3609 2848 61 20 ence,
3683 2841 81 27 which,
3776 2841 85 29 rightly
3872 2841 146 29 interpreted,
4031 2841 18 22 is
4059 2848 13 15 a
4088 2844 76 27 pretty

3608 2871 58 31 good
3676 2870 74 31 guide,
3762 2872 43 22 and
3816 2874 41 20 not
3866 2870 57 24 from
3934 2871 80 23 dismal
4025 2871 139 23 dubitations

3608 2902 134 29 concerning
3761 2902 38 22 the
3819 2909 145 23 permanence
3983 2902 24 23 of
4029 2902 30 23 all
4080 2902 82 31 things.

3609 2932 75 23 Hence
3713 2933 64 21 there
3805 2940 38 14 are
3872 2933 79 28 plenty
3974 2933 23 22 of
4026 2932 87 23 lenders
4141 2932 23 24 of

3607 2961 65 23 small
3696 2968 60 15 sums
3780 2968 28 15 on
3833 2961 127 23 valuations
3985 2962 78 21 within
4088 2968 76 16 secure

3607 2991 105 29 margins,
3743 2991 45 22 and
3818 2991 52 22 thus
3901 2991 38 22 the
3969 2998 50 16 now
4048 2992 116 29 quiescent

3605 3021 113 21 functions
3738 3021 23 21 of
3785 3020 102 29 building
3906 3021 103 22 societies
4028 3028 37 15 are
4085 3021 64 23 merci-

3605 3050 57 30 fully
3680 3049 68 24 taken
3766 3057 30 23 up
3813 3050 28 30 by
3859 3050 134 30 capitalists,
4010 3050 51 24 who
4080 3050 46 25 find
4142 3051 20 24 ib

3604 3087 60 14 more
3674 3080 118 28 profitable
3808 3083 24 18 to
3849 3083 78 25 accept
3943 3088 14 13 a
3972 3081 58 28 good
4047 3085 115 25 mortgage

3604 3109 55 23 than
3677 3111 24 21 to
3717 3108 126 31 indolently
3858 3109 92 32 indulge
3960 3110 23 22 in
3993 3109 39 24 the
4047 3109 82 33 luxury
4138 3110 24 24 of

3604 3140 89 30 placing
3703 3148 80 20 money
3793 3148 28 15 on
3832 3139 59 24 fixed
3902 3140 95 30 deposit.
4029 3141 46 24 Yet
4089 3150 28 15 no
4128 3142 22 23 in-

3604 3170 52 28 jury
3673 3170 43 22 but
3725 3170 77 21 rather
3819 3170 58 28 good
3892 3171 82 22 results
3990 3174 24 19 to
4031 3172 39 21 the
4080 3171 80 28 banks,

3604 3200 34 21 for
3649 3206 24 15 as
3684 3199 38 22 the
3732 3199 95 29 custody
3844 3199 23 23 of
3884 3207 81 22 money
3981 3200 85 29 always
4076 3204 87 20 reverta

3605 3231 23 22 to
3640 3229 61 24 them
3712 3228 54 32 they
3777 3236 38 16 are
3825 3229 89 31 getting
3924 3237 14 16 a
3947 3230 74 31 larger
4030 3231 132 31 proportion

3604 3261 99 23 without
3718 3263 56 26 cost,
3787 3260 44 23 and
3847 3261 39 23 the
3902 3261 91 24 balance
4007 3264 26 21 at
4043 3269 13 16 a
4066 3262 96 25 reduced

3604 3294 55 20 cost.
3691 3291 65 23 With
3774 3292 27 22 40
3818 3299 40 22 per
3874 3297 58 18 cent,
3950 3292 24 23 of
3990 3292 60 23 their
4062 3292 100 31 deposits

3604 3322 87 29 costing
3701 3322 62 22 them
3775 3322 102 29 nothing,
3889 3322 44 22 and
3947 3323 27 22 60
3984 3330 40 22 per
4033 3327 58 19 cent,
4104 3327 45 19 cost-

3604 3352 38 29 ing
3652 3353 13 21 3
3675 3358 39 23 per
3724 3354 67 25 cent.,
3805 3351 53 30 they
3869 3359 37 15 are
3917 3353 22 21 in
3949 3360 13 14 a
3972 3353 35 22 far
4017 3353 75 23 better
4105 3355 45 28 posi-

3604 3382 48 23 tion
3661 3381 38 28 (all
3710 3382 65 22 other
3785 3381 76 30 things
3870 3381 66 31 being
3946 3383 74 29 equal)
4032 3383 54 23 than
4097 3384 64 23 when

3604 3412 54 30 they
3676 3412 52 23 held
3745 3412 27 23 25
3789 3419 39 22 per
3844 3415 58 20 cent,
3915 3413 35 22 for
3966 3414 102 29 nothing,
4080 3414 44 23 and
4135 3414 27 24 75

3604 3450 40 23 per
3662 3445 58 21 cent,
3739 3445 25 20 at
3779 3443 14 23 5
3809 3449 40 22 per
3860 3445 58 21 cent.
3950 3443 130 24 Australian
4091 3443 56 25 bank-

3604 3474 38 29 ing
3662 3473 18 23 is
3699 3473 181 30 approximating
3899 3476 24 20 to
3939 3473 94 31 English
4051 3473 108 31 banking,

3604 3504 44 22 and
3659 3504 33 27 (to
3701 3508 43 25 put
3754 3503 19 23 it
3783 3502 151 31 colloquially)
3967 3511 14 16 a
3988 3504 56 30 good
4052 3504 39 30 job

3605 3534 27 23 In
3649 3534 38 23 the
3705 3534 119 23 meantime
3835 3535 63 22 there
3908 3535 17 22 is
3936 3534 152 24 considerable
4103 3536 57 31 hope

3605 3566 14 22 b
3629 3572 8 16 r
3652 3565 131 23 Me'bourne
3793 3565 46 23 real
3849 3569 144 26 property.
3996 3566 6 12 *
4011 3567 90 29 Argue.'

3640 3618 169 27 MEDICAL
3829 3618 86 27 USES
3934 3618 45 27 OF
3998 3619 125 27 OPIUM.

3635 3680 26 22 In
3680 3680 52 24 1857
3758 3680 19 23 it
3800 3680 106 23 occurred
3925 3683 24 20 to
3974 3680 33 23 Dr
4031 3681 88 24 Palmer
4137 3684 24 21 at

3607 3710 113 29 Ghazipur
3730 3713 24 20 to
3764 3712 60 21 treat
3840 3710 101 23 malarial
3956 3710 62 24 fever
4029 3711 55 23 with
4099 3719 61 15 anar*

3607 3741 73 22 cotine
3690 3740 92 24 derived
3795 3740 57 24 from
3862 3740 68 24 crude
3946 3741 84 30 opium,
4041 3742 88 24 instead
4139 3743 22 24 of

3607 3771 55 22 with
3677 3771 98 30 quinine.
3806 3771 36 23 He
3856 3778 46 16 was
3916 3772 141 30 remarkably
4068 3780 81 16 Buccesf

3608 3802 39 27 ful,
3659 3802 44 22 and
3715 3802 38 23 the
3763 3801 57 30 drug
3830 3803 19 21 is
3858 3809 50 16 now
3916 3803 22 22 in
3947 3810 99 15 common
4054 3811 38 15 use
4102 3811 24 15 as
4133 3811 28 15 an

3607 3832 83 28 antipei
3696 3832 65 21 iodic.
3805 3832 53 27 But,
3892 3839 24 15 as
3949 3839 33 15 we
4012 3833 57 21 have
4102 3840 59 21 seen,

3608 3862 39 22 the
3661 3861 167 24 characteristic
3845 3861 23 23 of
3891 3861 79 23 Indian
3994 3862 76 31 opium
4089 3863 19 23 is
4123 3863 38 24 the

3607 3892 179 30 preponderance
3796 3893 23 22 in
3829 3893 18 23 it
3855 3892 23 23 of
3887 3893 108 30 precisely
4003 3894 47 23 this
4056 3894 104 25 element.

3607 3923 47 24 Can
3667 3931 40 21 we,
3719 3924 62 28 then,
3793 3923 57 23 infer
3860 3924 51 22 that
3920 3924 76 29 opium
4007 3924 19 22 is
4035 3932 14 15 a
4064 3925 83 30 prophy-

3607 3953 67 23 lactic
3690 3954 88 29 against
3789 3953 100 23 malarial
3899 3954 61 23 fever
3968 3956 8 21 ?
4004 3954 33 23 To
4052 3962 13 16 a
4075 3957 85 21 certain

3607 3987 80 19 extent
3696 3990 34 16 we
3740 3991 48 19 can,
3805 3984 34 22 for
3849 3985 109 21 statistics
3968 3985 61 21 show
4036 3985 51 22 that
4099 3985 62 22 those

3608 4013 49 23 who
3678 4013 52 24 take
3749 4013 63 31 daily
3826 4013 114 31 forty-five
3958 4014 75 31 grains
4057 4014 42 24 and
4122 4021 38 25 up*

3607 4044 61 23 ward
3692 4045 24 22 of
3745 4046 76 29 opium
3843 4045 53 23 take
3919 4046 86 29 enough
4033 4046 128 23 anarcotine

3608 4074 94 29 thereby
3720 4077 22 21 to
3760 4079 88 25 protect
3865 4075 62 23 them
3937 4075 126 30 absolutely
4072 4076 88 29 against

3607 4105 99 23 malarial
3724 4105 85 29 poison,
3828 4105 65 23 while
3911 4114 42 20 any
3963 4114 42 15 one
4020 4107 79 29 taking
4108 4114 52 15 over

3606 4136 86 21 sixteen
3702 4136 75 28 grains
3788 4136 45 21 will
3850 4136 26 22 be
3892 4143 59 16 more
3966 4144 25 15 or
4000 4136 43 23 less
4053 4136 104 23 fortified.

3606 4164 23 24 It
3649 4173 50 22 may
3716 4166 26 22 be
3760 4165 135 29 mentioned,
3913 4166 54 28 also,
3985 4166 51 23 that
4050 4166 39 24 the
4103 4174 42 16 mor-

3605 4195 68 30 phine
3683 4195 96 24 element
3789 4196 138 24 contributes
3937 4197 30 23 its
3977 4197 64 23 share
4054 4204 24 16 as
4088 4204 13 16 a
4110 4204 36 23 pro-

3605 4226 120 29 phylactic*
3756 4226 26 22 In
3799 4227 37 22 the
3854 4227 59 29 light
3929 4227 23 22 of
3969 4227 62 22 these
4041 4227 56 23 facts
4108 4228 19 21 it
4141 4228 19 22 is

3605 4256 133 28 interesting
3757 4258 24 19 to
3798 4259 52 18 note
3868 4258 51 21 that
3933 4258 22 21 in
3976 4263 66 23 many
4059 4256 101 24 districts

3604 4286 76 28 opium
3700 4286 156 29 consumption
3876 4286 64 22 bears
3958 4294 14 15 a
3987 4286 58 23 close
4064 4287 94 23 relation

3605 4319 23 19 to
3639 4315 37 23 the
3687 4319 88 26 greater
3784 4323 26 15 or
3820 4315 42 23 less
3872 4317 131 28 prevalence
4011 4317 23 23 of
4044 4317 97 23 malaria.

3631 4345 26 23 In
3669 4347 86 26 Assam,
3768 4346 34 22 for
3819 4347 108 29 example,
3940 4347 22 22 in
3979 4347 38 23 the
4032 4347 68 30 damp
4114 4347 44 24 and

3603 4375 117 30 low-lyiug
3737 4380 96 26 country
3853 4385 28 14 on
3903 4376 55 24 both
3983 4377 71 24 banks
4077 4378 23 23 of
4119 4378 38 23 the

3603 4406 173 29 Brahmaputra,
3788 4406 39 23 the
3843 4414 95 23 average
3948 4408 82 22 annual
4041 4415 100 22 consump-

3604 4436 46 22 tion
3661 4443 40 22 per
3711 4435 56 23 bead
3783 4436 19 22 is
3819 4437 40 23 357
3869 4437 82 29 grains,
3964 4437 39 23 the
4013 4445 95 22 average
4123 4437 34 23 for

3603 4466 39 22 the
3659 4465 71 23 whole
3749 4467 105 28 province
3871 4467 66 30 being
3953 4468 53 27 141;
4021 4467 43 23 and
4080 4468 23 23 in
4118 4467 38 24 the

3603 4496 128 29 Bhagalpur
3741 4496 90 23 district
3842 4496 22 23 of
3881 4497 39 22 the
3930 4498 72 22 Pitna
4011 4497 97 24 division
4118 4497 38 23 the

3603 4529 58 19 most
3671 4526 118 22 malarious
3799 4530 52 27 part
3861 4527 40 23 has
3917 4528 27 21 42
3962 4535 38 22 per
4010 4530 58 20 cent,
4080 4527 23 23 of
4117 4527 39 23 the

3602 4556 76 29 opium
3688 4555 67 31 shops
3765 4557 23 22 of
3808 4557 39 22 the
3863 4557 90 23 district
3969 4557 34 23 for
4017 4557 53 30 only
4080 4557 27 25 27
4116 4565 41 22 per

3602 4590 58 19 cent,
3673 4586 22 23 of
3706 4586 38 23 the
3755 4587 138 29 population.
3923 4587 48 24 One
3981 4587 22 24 of
4013 4587 39 24 the
4063 4587 94 24 medical

3603 4618 114 20 witnesses
3732 4624 56 22 gave
3799 4617 38 22 the
3852 4617 114 29 following
3983 4618 67 29 lively
4061 4618 83 28 descrip-

3603 4648 46 20 tion
3661 4646 22 22 of
3694 4646 38 22 the
3742 4646 127 24 conditions
3879 4647 23 23 of
3912 4647 38 23 life
3960 4648 24 22 in
3995 4647 95 24 Eastern
4099 4647 42 23 Ben-

3602 4677 36 30 gal
3709 4676 73 24 When
3793 4685 14 16 a
3817 4685 50 17 man
3876 4681 71 21 wants
3958 4681 25 21 to
3993 4679 62 23 build
4066 4686 13 16 a
4089 4678 68 24 house

3602 4709 27 21 he
3649 4707 50 23 first
3714 4708 23 22 of
3751 4708 31 23 all
3798 4708 51 30 digs
3863 4716 13 15 a
3895 4708 65 27 tank,
3977 4709 43 21 and
4040 4708 56 22 with
4115 4707 40 23 the

3602 4738 64 23 earth
3692 4738 59 24 from
3770 4739 73 23 which
3868 4739 28 20 he
3920 4738 40 21 has
3976 4737 47 31 dug
4042 4738 38 23 the
4101 4737 55 24 tank

3602 4769 27 21 he
3657 4776 69 13 raises
3749 4775 14 14 a
3788 4768 88 26 mound,
3908 4768 44 22 and
3981 4776 29 15 on
4043 4769 40 22 the
4116 4771 40 28 top

3601 4797 23 21 of
3657 4797 51 21 that
3741 4797 81 22 mound
3854 4797 28 22 he
3913 4797 73 28 places
4016 4798 34 22 his
4078 4799 75 22 house.

3690 4826 111 22 elevation
3826 4826 23 22 of
3875 4826 51 23 that
3949 4827 82 22 mound
4057 4827 99 30 depends

3599 4855 96 27 entirely
3720 4862 58 21 upon
3804 4855 38 23 the
3866 4855 78 31 height
3968 4860 23 19 to
4015 4856 73 25 which
4116 4858 40 23 the

3599 4884 81 24 annual
3695 4883 70 24 floods
3776 4886 48 21 rise.
3856 4885 47 24 The
3913 4886 69 23 floods
3993 4888 43 22 rise
4046 4889 55 23 with
4112 4889 43 23 fair

3599 4914 130 29 regularity,
3746 4914 42 22 but
3802 4916 127 21 sometimes
3946 4917 54 27 they
4019 4924 28 22 go
4065 4921 45 19 two
4129 4926 26 15 cr

3599 4944 63 22 three
3692 4943 76 23 inches
3799 4944 79 29 higher
3904 4945 56 23 than
3986 4946 39 22 the
4051 4954 102 24 average,

3598 4973 44 22 and
3662 4973 53 23 then
3736 4974 38 22 the
3793 4974 141 23 inhabitants
3948 4975 24 24 of
3991 4975 64 24 those
4075 4982 80 19 houses

3598 5004 56 21 have
3674 5006 23 19 to
3720 5003 43 22 live
3782 5011 28 14 on
3826 5004 57 23 rafts
3900 5005 72 24 inside
3991 5007 60 23 their
4066 5008 88 29 houses,

3597 5033 44 22 and
3667 5033 58 23 their
3743 5033 70 23 cattle
3829 5042 39 14 are
3887 5036 103 23 tethered
4007 5045 30 22 up
4054 5041 24 20 to
4096 5039 60 24 their

3598 5063 75 23 bellies
3689 5063 22 23 in
3727 5067 75 19 water.
3834 5063 71 24 These
3922 5067 79 29 people
4018 5067 57 24 have
4092 5077 64 23 gene*

3597 5093 57 29 rally
3664 5101 30 16 no
3703 5093 71 24 boats.
3805 5093 61 31 They
3877 5095 83 29 paddle
3970 5096 70 25 about
4056 5106 29 16 on
4099 5100 58 24 rafts

3597 5124 64 21 made
3671 5124 23 22 of
3704 5124 38 22 the
3753 5124 109 30 plaintain
3880 5128 55 24 tree,
3953 5126 45 23 and
4009 5128 38 22 the
4058 5128 55 30 boys
4127 5137 30 22 go

3598 5155 23 21 to
3639 5153 75 23 school
3731 5154 22 22 in
3765 5154 61 24 what
3843 5154 12 23 I
3872 5154 43 24 call
3932 5156 122 25 washhand
4070 5158 83 26 basins.

3596 5183 63 30 They
3669 5192 37 15 are
3714 5187 93 21 earthen
3817 5186 268 29 gumlasearthenware
4094 5194 60 26 pots.

3596 5214 48 22 The
3654 5215 43 28 boy
3708 5219 77 25 squats
3795 5219 25 18 at
3830 5216 38 21 the
3883 5216 87 23 bottom
3986 5218 23 21 of
4025 5218 39 23 the
4080 5222 75 26 gum'a

3596 5243 44 22 and
3651 5243 93 29 paddles
3755 5248 22 19 to
3915 5245 72 24 These
4003 5254 56 23 poor
4075 5251 80 29 people

3596 5281 38 14 are
3657 5273 62 23 often
3742 5274 44 23 five
3814 5275 63 22 miles
3906 5276 57 22 from
3995 5276 39 24 the
4065 5284 90 19 nearest

3597 5303 114 31 neighbor,
3727 5304 45 24 and
3786 5312 61 16 some
3862 5305 116 29 2,000,000
3994 5307 23 24 of
4035 5308 61 25 them
4115 5319 40 16 are

3596 5334 129 30 dependent
3748 5336 34 23 for
3800 5336 106 30 qualified
3926 5337 95 25 medical
4035 5340 38 24 aid
4092 5349 28 16 on
4140 5350 14 16 a

3597 5366 69 29 single
3689 5366 118 31 European
3824 5367 78 23 doctor
3919 5368 44 23 and
3980 5376 42 16 one
4037 5371 109 25 assistant

3598 5395 70 23 What
3678 5397 90 23 wonder
3782 5397 51 23 that
3849 5397 74 30 opium
3934 5398 19 24 is
3963 5399 60 24 their
4033 5400 124 27 household

3597 5425 99 30 remedy,
3708 5427 43 22 and
3770 5427 51 23 that
3831 5427 64 23 when
3906 5435 12 15 a
3929 5436 59 21 man,
4006 5430 102 25 disabled
4123 5433 32 30 by

3596 5456 101 23 malarial
3707 5457 68 27 fever,
3787 5457 58 23 finds
3855 5458 52 23 that
3916 5466 13 15 a
3939 5458 52 25 dose
4002 5461 23 22 of
4035 5469 12 15 a
4060 5467 94 24 quarter

3596 5493 25 15 or
3631 5486 48 22 half
3689 5493 12 15 a
3716 5487 63 29 grain
3795 5488 23 21 of
3833 5495 55 21 pure
3903 5489 76 29 opium
3996 5491 77 23 makes
4083 5493 46 23 him
4139 5500 14 16 a

3596 5523 49 15 new
3655 5523 58 21 man,
3725 5516 45 24 and
3780 5517 89 24 enables
3886 5517 46 25 him
3949 5522 25 21 to
3989 5519 29 25 do
4035 5521 40 24 the
4089 5522 64 32 day's

3596 5546 61 24 work
3669 5547 98 24 without
3777 5549 72 22 which
3857 5549 35 23 his
3899 5551 79 30 family
3986 5552 74 24 would
4068 5556 85 28 starve,

3596 5578 28 22 he
3634 5577 65 23 takes
3708 5578 211 25 it.'Chambers's
3934 5581 111 22 Journal.'

1724 90 232 52 MOUNT
2001 90 266 52 BENGER
2313 85 167 53 MAIL

3612 107 128 30 FRIDAY,
3757 108 139 26 OCTOBER
3909 112 21 26 9,
3948 112 51 23 1896

3596 5640 93 25 Printed
3700 5642 44 23 and
3752 5642 118 30 published
3879 5642 29 33 by
3916 5644 114 27 Wiluam
4040 5646 112 27 Pannkll

3651 5672 137 25 Matthews
3804 5673 35 25 for
3855 5674 40 24 the
3909 5677 146 30 proprietors,
4067 5678 87 27 Dunne

3651 5703 44 22 and
3719 5703 144 30 Matthews,
3889 5708 25 21 at
3942 5707 60 24 their
4031 5710 123 29 registered

3650 5733 102 32 printing
3774 5735 70 29 office,
3868 5736 106 24 Scotland
3994 5740 79 27 street,
4093 5739 46 26 Box-

3651 5761 80 34 burgh,
3752 5765 80 30 Otago,
3855 5766 56 26 New
3934 5768 220 32 ZealandFriday,

3651 5794 96 27 October
3757 5797 21 23 9.
3792 5797 59 25 1890.
4129 5789 25 18 n

1534 4592 80 20 A.M.P.

1496 4616 59 19 (New
1563 4616 87 19 Zealand

1668 4604 139 21 Government

1530 4640 91 19 business

1544 4664 63 25 only.)

1681 4635 110 13 Insurance

1665 4652 141 24 Department.

1254 4742 50 22 New
1323 4750 117 16 assurances
1458 4745 31 21 for

1276 4774 47 18 year

1532 4770 75 23 578,430

1694 4770 75 23 608,018

1253 4793 52 20 Void
1310 4793 91 21 business
1406 4795 31 19 for
1442 4800 47 18 year

1274 4819 113 22 (including
1425 4819 62 19 trans-

1275 4841 48 21 fers)

1298 4888 42 20 Net
1347 4889 47 24 gain

1532 4842 75 23 400.833

1694 4843 75 23 46J.370

1533 4891 73 21 177..W

1694 4891 75 22 145,678

1254 4935 113 21 Difference
1376 4936 21 19 in
1407 4936 57 20 favor
1469 4937 20 19 of

1533 4924 74 13 HO,0/o

1277 4959 78 21 A.M.P.
1365 4960 80 22 Society
1470 4977 17 3 ...

1544 4962 63 20 31,91!)

1253 4982 58 20 Total
1318 4984 84 23 receipts
1407 4984 31 20 for
1444 4990 47 17 year

1533 4984 74 23 311,615

1695 4985 75 23 386,012

1254 5008 58 18 Total
1320 5013 96 15 expenses

1544 5009 64 21 34,968

1706 5010 63 20 50,462

1256 5030 60 21 Ratio
1324 5032 21 19 of
1359 5037 96 19 expenses
1469 5033 21 19 to

1277 5056 85 23 receipts

1545 5057 52 20 11.22
1606 5063 38 17 p.c.

1707 5058 51 21 13.07
1768 5065 37 15 p.c.

1255 5080 113 19 Difference
1377 5080 20 19 in
1404 5086 87 17 expense

1277 5103 53 20 ratio
1349 5103 20 20 in
1390 5103 57 21 favor
1470 5104 21 20 of

1278 5127 77 20 A.M.P.
1366 5127 80 23 Society
1471 5143 18 4 ...

1557 5129 40 20 1.85
1606 5135 37 17 p.c.
