2529 4060
57 117 463 150 NEW
624 97 899 167 ZEALAND
1607 122 861 145 GAZETTE

988 283 10 5 '
1129 286 3 7 '
1174 274 12 16 s
1240 281 121 38 AND.
1393 299 4 3 •
1431 279 6 4 '
1678 283 3 3 '
1743 305 3 4 -
2065 283 4 3 .
2192 283 3 3 .
2256 284 6 2 -

577 619 129 42 feORT
728 629 287 38 NICHOLSON,
1037 617 520 51 SATURDA#MORNING,
1579 631 190 34 AUGUST
1791 636 54 36 27,
1868 637 89 30 1842.

589 513 220 39 PUBLISHED
854 513 134 38 EVERY
1033 513 257 38 WEDNESDAY
1334 507 89 43 AND
1467 513 231 38 SATURDAY
1742 515 206 38 MORNING.

2260 639 100 39 [Vol.
2381 639 70 32 111.

78 636 64 31 No.
159 627 86 46 in.]

662 723 68 20 Port
749 721 154 22 Nicholson
920 721 161 23 Mechanics
1080 722 7 10 1
1108 723 142 23 Institute.

664 755 73 50 ON
751 755 145 22 TUESDAY
910 754 154 28 EVENING,
1080 754 36 23 the
1128 756 53 22 30th
1189 757 60 27 inst.,

741 782 45 23 Mr.
801 782 113 22 William
927 782 76 27 Lyon,
1024 789 41 15 one
1083 782 27 22 of
1125 782 37 23 the
1183 783 67 22 Vice-

662 809 129 22 Presidents
807 810 27 21 of
851 809 37 22 the
895 811 3 3 '
909 808 137 28 Institution,
1072 808 44 23 will
1134 809 85 23 deliver
1238 818 13 15 a

662 836 96 23 Lecture
782 843 27 15 on
833 836 39 21 the
1052 835 152 24 Application
1224 845 26 15 of

663 863 119 27 Geology,
793 863 68 27 being
876 862 155 28 introductory
1045 866 23 19 to
1082 862 38 23 the
1136 863 115 23 establish-

661 894 64 18 ment
735 890 25 21 of
767 897 15 15 a
792 889 131 28 Geological
933 889 70 22 Class.

709 928 49 21 4to
775 930 123 16 commence
918 931 28 15 at
961 930 128 16 half-past
1103 931 80 15 seven.
1210 942 4 5 ,

718 972 4 5 >
880 957 63 22 John
958 956 124 29 Kkowles,
1099 958 124 28 Secretary.

690 990 90 27 August
788 992 33 25 26,
833 992 62 21 1842.
920 1000 3 4 -
1050 995 4 3 '
1250 988 2 24 !

857 1036 61 21 20s.
929 1036 125 21 Re-ward.

664 1071 29 21 X
713 1070 62 27 OST,
786 1070 21 22 A
813 1069 110 23 J3LACK
936 1069 75 26 SOW,
1022 1070 53 22 with
1084 1077 15 15 a
1107 1070 67 22 white
1188 1071 64 21 mark

672 1092 10 26 I
695 1098 14 20 A
739 1104 71 14 across
821 1097 38 21 the
870 1096 123 28 shoulders,
1005 1097 100 23 branded
1113 1097 40 23 JS.
1183 1097 69 22 Who-

663 1131 53 15 ever
724 1123 45 23 will
783 1123 50 28 give
849 1123 147 23 information
1007 1123 47 23 that
1063 1124 45 22 will
1116 1124 53 22 lead
1178 1128 22 18 to
1205 1125 5 8 4
1213 1125 39 21 the

662 1158 108 20 recoveiy
785 1151 25 21 of
825 1151 45 21 this
887 1158 49 20 sow,
953 1151 47 21 will
1017 1151 28 21 be
1056 1151 56 28 paid
1126 1151 39 22 the
1181 1152 70 22 above

662 1177 87 23 reward
757 1185 29 15 on
796 1177 37 23 the
844 1177 83 23 animal
936 1178 69 27 being
1012 1178 106 22 restored.

1033 1212 76 23 James
1122 1212 101 22 Symons.

692 1238 77 28 Ohiro,
781 1238 90 27 August
879 1240 35 26 26,
925 1240 61 21 1842.

704 1285 65 20 Just
791 1285 126 21 received
939 1285 44 20 Ex

774 1318 50 21 And
831 1325 27 14 on
868 1319 43 20 sale
922 1318 25 26 by
956 1318 37 20 the
1001 1318 142 26 Undersigned

665 1352 156 49 PORTER,
836 1353 26 21 in
876 1351 73 28 hhds.,

724 1379 66 22 Wine
802 1379 106 27 (sherry,)
920 1379 23 21 in
954 1381 96 24 octaves,

719 1406 51 28 Ale,
781 1406 23 22 in
814 1405 146 23 three-dozen
971 1412 64 15 cases
1045 1405 128 28 (Taylor's,)

720 1433 67 22 Flour
795 1433 48 22 first
853 1433 85 28 quality
949 1432 65 27 (very
1023 1432 69 27 new,)

719 1461 44 21 Ale
773 1461 23 21 in
804 1459 93 28 barrels,
1080 1464 16 25 f

719 1487 60 22 Beef
788 1487 23 22 in
819 1487 93 27 barrels,

719 1514 109 27 Herrings
836 1513 91 28 pickled
935 1513 25 22 in
969 1513 92 27 barrels,

697 1551 7 7 *
719 1541 90 28 Brandy
817 1541 25 22 in
852 1541 73 26 hhds.,
1077 1547 17 13 *

720 1568 107 22 Blankets
836 1571 41 18 ten
887 1568 45 21 and
941 1567 81 22 eleven
1031 1569 105 26 quarters,

720 1595 84 22 Biscuit
811 1595 25 22 in
845 1595 92 26 barrels,

720 1622 85 21 Biscuit
816 1622 86 27 (sweet)
915 1622 22 21 in
948 1621 131 27 kilderkins,

720 1649 47 22 Tea
775 1656 54 19 very
839 1649 99 27 superior
946 1648 24 21 in
981 1648 138 27 half-chests,

720 1676 71 27 Sugar
801 1676 54 26 (fine
865 1675 115 27 Manilla,)
991 1697 5 5 „

720 1703 59 22 Deal
787 1702 82 23 boards
875 1702 90 28 planed,
1155 1709 26 18 £.'

719 1730 80 27 Doors,
809 1730 196 27 window-frames,
1017 1729 44 21 and
1069 1728 82 28 sashes,

670 1770 24 17 ;^v
720 1757 122 22 Bedsteads
853 1757 44 22 and
906 1756 78 23 tables.

694 1784 48 21 One
761 1784 91 22 wooden
871 1783 69 23 house
959 1783 116 28 complete,
1096 1783 24 22 of
1140 1790 51 14 new
1209 1782 44 23 and

666 1811 100 27 superior
785 1811 157 27 construction,
1055 1817 54 20 may
1124 1809 29 22 be
1172 1813 35 18 set
1223 1817 30 19 up

665 1838 92 22 without
765 1838 56 27 'the/
832 1845 97 21 expense
948 1836 105 28 offnails;
1074 1837 37 22 the
1127 1836 63 23 walls
1209 1836 50 22 and.

664 1865 118 27 partitions
800 1861 68 31 Being
890 1865 28 22 of
936 1864 110 23 two-inch
1068 1863 75 29 plank,
1165 1863 87 22 match-

664 1892 84 26 planed
756 1892 25 21 in
782 1895 27 19 to.
812 1892 39 21 the
861 1891 108 29 uprights,
986 1891 48 22 and
1043 1891 47 22 into
1110 1890 57 23 each
1182 1890 70 22 other.

665 1918 69 23 Plans
742 1926 52 20 may
807 1919 29 22 be
849 1926 52 15 seen
914 1922 23 18 at
950 1919 46 29 the.
1006 1918 63 22 office
1084 1918 26 22 of
1119 1918 39 22 the
1172 1917 81 22 under-

664 1945 141 28 signed/and
815 1946 39 22 the
861 1945 70 23 house
941 1945 88 29 maybe
1038 1952 54 15 seen
1101 1953 29 14 on
1139 1944 71 23 board
1216 1944 36 22 the

665 1974 116 22 Catherine.
958 1976 4 3 '
1007 1977 3 3 '
1219 1970 16 13 c

723 2005 18 18 ti,
793 2017 13 8 
880 2000 3 5 '
934 2014 7 6 -.
952 2020 4 3 .
1021 2012 17 12 .'.
1066 1999 62 22 John
1143 1999 83 22 Wade.

690 2026 33 23 Te
732 2024 56 29 Aro;
798 2027 94 26 August
897 2026 121 27 25,1842.-
1053 2028 3 9 '
1115 2028 20 5 ''
1161 2040 4 7 ,
1200 2036 30 5 -•
1253 2022 11 13 '"

903 2072 108 21 Notice.

901 2105 137 28 Wellington
1047 2105 61 22 June
1116 2106 36 26 27,
1163 2107 62 20 1842.

664 2139 92 34 rpHE
771 2139 148 23 BUSINESS
933 2139 98 22 hitherto
1038 2153 2 5 ,
1047 2139 124 22 conducted
1180 2139 73 23 under

671 2160 30 28 JL
739 2167 38 21 the
793 2166 50 22 firm
852 2166 27 22 of
892 2166 61 22 John
963 2165 46 23 and
1019 2165 86 27 George
1118 2166 72 22 Wade
1200 2166 50 28 will,

663 2193 59 22 after
732 2193 37 22 the
785 2195 33 20 Ist
828 2193 44 27 day
889 2193 26 21 of
928 2192 61 27 July,
1004 2194 60 25 1842,
1079 2193 29 21 be
1122 2193 87 22 carried
1224 2201 28 14 on

663 2220 74 22 under
746 2220 37 22 the
789 2228 66 14 name
866 2220 25 21 of
898 2219 61 23 John
965 2215 72 26 Wade
1048 2220 44 21 and
1103 2220 38 22 Co.
1150 2228 5 19 ;
1223 2220 29 22 all

662 2254 92 20 persons
762 2247 106 22 indebted
876 2249 22 19 to
909 2246 36 22 the
953 2247 52 21 firm
1012 2247 26 21 of
1045 2246 61 22 John
1113 2249 45 19 and
1163 2248 89 27 George

663 2273 79 28 Wade,
754 2281 36 15 are
804 2273 119 28 requested
936 2273 114 22 forthwith
1060 2277 22 18 to
1092 2281 44 20 pay
1147 2274 59 22 their
1217 2282 35 14 re-

664 2301 98 27 spective
772 2304 107 19 accounts
889 2304 22 18 to
923 2300 37 22 the
969 2300 155 27 undersigned,
1136 2301 116 23 otherwise

664 2328 53 27 they
727 2328 45 22 will
781 2328 26 22 be
821 2327 92 23 handed
922 2331 22 18 to
955 2334 14 15 a
984 2327 101 23 Solicitor
1094 2328 34 22 for
1137 2335 114 21 recovery.

1063 2361 64 22 John
1141 2362 83 22 Wade.

835 2407 78 20 Land
927 2406 29 21 in
970 2407 108 21 Karori.

663 2440 177 50 WANTED
874 2440 41 23 TO
942 2440 174 27 PURCHASE,
1144 2440 57 23 land
1228 2441 23 22 in

760 2467 81 22 Karori
851 2467 92 22 district.
973 2467 77 28 Apply
1059 2471 23 18 to
1097 2480 5 5 -

1062 2494 63 23 John
1140 2494 84 23 Wade.

691 2520 33 23 Te
734 2522 54 26 Aro,
800 2521 60 22 June
872 2522 19 26 1,
903 2522 60 21 1842.

885 2567 54 21 For
953 2567 73 26 Sale,

663 2601 52 50 A
729 2600 59 28 good
806 2600 135 23 substantial
959 2600 53 23 well
1033 2600 59 23 built
1113 2601 70 22 house
1207 2601 45 22 and

741 2628 114 28 premises,
882 2628 53 22 with
958 2635 14 15 a
996 2628 127 22 Publican's
1153 2628 99 23 General

662 2655 94 22 License
774 2655 109 27 attached,
903 2655 24 22 in
947 2662 13 15 a
981 2655 159 28 commanding
1156 2655 45 22 and
1218 2656 34 21 in-

662 2683 101 27 creasing
786 2682 186 28 neighbourhood
993 2682 26 22 in
1041 2682 146 28 Wellington,
1208 2682 45 23 and

662 2710 52 22 well
723 2709 84 28 worthy
821 2710 40 21 the
879 2710 109 22 attention
1003 2709 27 22 of
1044 2710 66 21 small
1122 2710 130 27 capitalists.

662 2736 47 23 The
725 2739 69 20 terms
807 2737 123 27 moderate,
949 2736 48 23 and
1016 2744 52 20 may
1082 2737 28 22 be
1123 2737 85 22 known
1223 2737 30 27 by

661 2764 108 28 applying
778 2767 23 19 to
909 2776 3 7 «
984 2766 19 22 U
1076 2780 2 5 ,
1113 2782 21 5 ..

823 2791 23 21 J.
861 2790 132 28 Zillwood,
1003 2790 222 23 Wiltshire-Tavern.

688 2825 224 27 Hawkstone-street,
924 2825 92 27 August
1024 2826 32 26 19,
1069 2826 60 21 1842.

742 2870 174 21 Dissolution
930 2870 32 21 of
970 2887 4 4 .
983 2870 186 26 Partnership.

661 2903 92 21 mHE
766 2903 149 23 BUSINESS
925 2903 100 23 hitherto
1040 2903 84 23 carried
1142 2912 30 14 on
1181 2905 72 22 under

666 2925 31 27 JL
721 2929 38 23 the
777 2929 50 22 firm
847 2930 28 22 of
894 2930 78 22 Millar
984 2931 53 26 .and
1055 2931 100 28 Hodges,
1174 2932 78 22 black-

659 2956 80 22 smiths
755 2956 45 22 and
814 2964 104 20 sawyers,
934 2957 19 22 is
967 2957 46 22 this
1033 2958 51 27 day-
1092 2957 114 24 dissolved
1221 2959 31 27 by

659 2983 89 23 mutual
756 2986 95 21 consent
920 2992 3 20 ;
1054 2982 11 11 '"

686 3011 40 22 All
734 3018 90 20 persons
832 3009 109 23 indebted
954 3013 23 20 to
995 3011 80 22 Millar
1086 3011 43 23 and
1141 3012 109 28 Hodge's,

659 3045 37 14 are
711 3037 129 28 requested,
844 3040 36 19 to.
885 3045 49 20 pay.
944 3038 39 22 the
998 3045 63 16 same
1075 3042 23 18 to
1113 3039 44 22 Mr.
1173 3039 78 23 James

659 3065 90 26 Millar;
770 3064 44 22 and
830 3065 31 22 all
878 3065 75 22 claims
968 3066 90 27 against
1071 3065 39 23 the
1127 3070 69 19 estate
1213 3075 37 15 are

659 3091 118 29 requested
787 3094 21 19 to
822 3091 30 22 be
867 3091 91 24 handed
972 3095 24 19 to
1012 3093 45 22 Mr.
1075 3093 77 22 James
1164 3093 85 29 Millar,
1260 3097 2 8 '

659 3118 35 22 for
702 3118 141 28 liquidation.
1106 3122 5 4 '
1260 3115 2 12 '

958 3146 115 23 William
1083 3147 107 29 Hodges,

658 3191 6 2 -
694 3189 5 4 •
958 3178 78 23 James
1046 3180 105 27 Millar,

675 3232 3 2 .
695 3222 4 3 ■
959 3211 109 23 Charles
1079 3212 105 23 Hodges.

660 3241 104 29 Witness,
775 3242 86 23 Joshua
868 3242 103 23 'Scholes.

659 3273 104 22 ...Dated
772 3276 24 19 at
809 3273 147 29 Wellington,
966 3275 58 23 23rd
1033 3275 45 29 day
1087 3278 26 21 of
1123 3277 98 28 August,

757 3305 3 5 '
823 3308 50 19 ■'.»■
923 3303 61 21 1842.
1000 3318 5 8 ,
1173 3314 3 5 .
1213 3317 11 9 
1242 3315 5 5 ■

749 3348 174 21 Dissolution
937 3349 32 22 of
979 3339 204 39 Partoiersyip?'
1195 3353 3 6 '

661 3381 184 49 NOTICE.—
844 3382 161 24 The'business
1013 3380 235 29 hitherto'caVried'on

742 3407 73 23 under
823 3409 38 21 the
877 3409 50 22 firm
942 3410 26 22 of
984 3409 54 29 Hay
1054 3411 46 23 and
1113 3413 134 28 Machattie;

660 3434 130 23 Merchants
800 3435 42 23 and
853 3436 147 23 Commission
1009 3438 95 28 Agents,
1119 3439 21 22 is
1148 3439 46 23 this
1204 3440 43 28 day

661 3461 111 23 dissolved
781 3461 31 29 by
827 3463 88 23 mutual
929 3468 101 24 consent,
1049 3465 47 22 and
1110 3467 31 21 all
1151 3474 97 20 persons

659 3488 108 22 indebted
775 3491 23 20 to
807 3489 55 28 Hay
873 3489 46 23 and
928 3489 132 30 Macfiattie,
1077 3500 37 15 are
1128 3494 120 27 requested

660 3519 22 18 to
690 3522 46 20 pay
743 3515 38 23 the
790 3524 61 15 same
861 3520 24 18 to
896 3517 45 22 Mr!
951 3518 26 22 T.
996 3519 34 21 M.
1048 3519 131 29 Machattie,
1196 3521 51 23 who

659 3542 45 23 will
715 3542 114 29 discharge
840 3543 33 23 all
882 3544 77 23 claims
968 3546 196 27 against-thesaid
1173 3548 59 23 firm.

984 3578 129 25 W.Hay.'

684 3630 29 4 __
881 3625 6 9 t
984 3606 28 22 T.
1021 3606 36 23 M.
1068 3608 150 24 Machattie.

684 3631 202 24 Witness-rrJames
895 3631 79 25 Smith.

683 3657 76 22 Dated
768 3660 24 19 at
800 3658 145 29 Wellington,
956 3661 91 27 August
1055 3663 20 25 9,
1087 3659 69 32 1842/

657 3701 204 25 BOROUGH
890 3704 68 25 OF;
965 3705 279 26 WELLINGTON.

792 3737 156 28 Municipal
971 3740 137 22 Election.

657 3769 187 52 BROTHER*
870 3771 168 30 ELECTORS,
1069 3774 86 23 refrain
1188 3776 59 22 from

732 3797 77 28 giving
831 3798 115 27 promises.
979 3800 99 23 Reserve
1101 3809 56 19 your
1176 3801 70 24 Votes

656 3824 34 23 till
704 3824 39 22 the
758 3824 44 27 day
810 3825 26 21 of
849 3825 111 29 Election,
975 3827 66 23 when
1055 3835 46 20 you
1116 3829 130 26 yourselves
1245 3832 4 9 7

710 3850 46 24 will
765 3851 28 22 be
803 3852 96 22 enabled
907 3856 23 18 to
936 3853 73 27 judge
1019 3854 27 23 of.
1050 3854 39 22 the
1098 3862 93 20 persons

760 3884 101 24 BEST
890 3886 249 25 QUALIFIED

845 3916 25 19 to
878 3916 118 25 represent
1003 3920 52 22 you.

1045 3940 40 23 An
1100 3941 116 25 Elector.

683 3966 90 28 August
782 3967 32 27 19,
825 3967 62 22 1842.

1898 725 141 24 QUALIFY
2049 727 5 22 !
2091 727 138 24 QUALIFY
2239 729 5 22 !
2254 729 5 22 !
2294 730 157 25 QUALIFY!
2460 733 5 22 !
2473 734 6 22 !

2005 760 154 27 Municipal
2183 763 188 26 Corporation.

1896 793 180 48 BROTHER
2094 794 164 28 ELECTORS,
2275 796 38 22 the
2330 797 43 22 last
2392 798 43 28 day
2447 800 35 22 for

1974 820 122 28 qualifying
2113 821 37 22 for
2165 822 103 22 Electors
2285 826 23 19 at
2324 824 39 22 the
2386 826 96 28 ensuing

2098 847 95 23 election
2203 849 26 22 of
2240 850 38 21 the
2425 866 4 4 .
2451 860 3 4 •
2479 868 7 3 .

2011 880 87 22 FIRST
2117 881 92 23 TOWN
2230 883 137 23 COUNCIL

1896 906 20 22 is
1925 906 38 22 the
1972 906 52 22 30th
2035 907 25 21 of
2066 907 43 22 this
2123 909 86 22 month.
2237 910 57 22 Now
2308 911 19 21 is
2341 911 38 22 the
2395 912 52 22 time
2458 915 23 20 to

1964 940 68 21 prove
2042 934 37 22 the
2091 934 103 29 sincerity
2203 936 25 22 of
2234 944 56 19 your
2298 937 71 23 desire
2379 939 35 21 for

2030 967 315 31 SELF-GOVERNMENT,

1896 993 32 28 by
1943 1000 67 21 every
2023 1001 54 14 man
2095 994 26 22 of
2136 1000 127 23 competent
2280 1004 40 20 age
2339 1005 142 17 qualifying

2075 1029 99 15 HIMSELF
2193 1030 27 15 TO
2239 1031 65 15 VOTE.

1925 1047 89 27 August
2023 1049 33 25 19,
2068 1049 59 21 1842.
2143 1059 4 4 •
2167 1060 3 4 -

2055 1093 89 27 Maps,
2155 1094 104 26 Charts,
2270 1095 53 26 &c,

1901 1125 93 35 npHE
2008 1125 150 28 undersigned
2171 1127 40 22 has
2223 1128 49 26 just
2286 1129 102 22 received
2404 1137 14 14 a
2426 1137 54 15 con-

1908 1151 30 22 X
1977 1153 110 26 signment
2103 1154 28 20 of
2145 1161 63 20 maps
2226 1154 45 22 and
2289 1155 73 22 charts
2380 1156 58 22 from
2458 1158 22 21 J.

1901 1177 93 29 Wyld's,
2019 1179 93 28 Charing
2135 1180 71 28 Cross,
2231 1181 143 28 Geographer
2397 1186 23 19 to
2442 1183 38 22 the

1902 1205 86 28 Queen,
1999 1206 34 21 viz
2040 1214 5 14 :
2047 1217 29 4 —

1929 1231 73 28 Large
2011 1235 43 19 two
2063 1233 62 22 sheet
2134 1240 51 22 map
2195 1233 26 22 of
2226 1233 57 23 New
2291 1235 107 28 Zealand,

1929 1258 51 22 One
1990 1258 62 23 sheet
2059 1267 52 20 map
2121 1260 25 21 of
2153 1259 56 23 New
2218 1261 104 27 Zealand,
2343 1264 2 5 '

1929 1285 105 22 Chaffers'
2052 1287 61 21 chart
2129 1287 26 21 of
2169 1287 79 22 Cook's
2268 1288 84 27 Straits,
2442 1288 38 23 the

1898 1311 71 22 latest
1978 1312 116 27 additions,

1930 1338 105 22 Chaffers'
2045 1340 61 21 chart
2116 1339 26 22 of
2148 1339 53 23 Port
2209 1340 130 28 Nicholson,

1929 1365 132 23 Mercator's
2070 1367 62 21 chart
2141 1367 26 21 of
2176 1367 38 22 the
2225 1368 75 27 world,
2312 1368 40 22 &c.
2362 1368 40 23 &c.
2413 1370 45 21 &c.'

2254 1395 111 22 William
2380 1396 80 22 Lyon.'

1899 1418 87 24 Corner
1994 1419 27 23 of
2026 1419 150 23 Willis-street
2185 1421 44 21 and
2239 1421 187 28 Lambton-quay.

2073 1447 57 22 June
2139 1448 34 27 21,
2184 1449 61 20 1842.

2048 1492 169 28 Wellington
2230 1494 101 21 House.

1995 1525 136 15 WHOLESALE
2146 1527 45 14 AND
2209 1527 84 15 RETAIL
2308 1528 78 14 STORE.

1902 1544 150 50 SAMUEL
2066 1545 44 22 and
2124 1546 116 23 JOSEPH
2254 1547 44 27 beg
2308 1551 21 18 to
2346 1548 80 22 inform
2443 1548 39 22 the

1965 1572 136 21 inhabitants
2117 1572 26 22 of
2155 1572 52 23 Port
2221 1574 129 27 Nicholson,
2367 1575 49 21 that
2429 1575 54 28 they

1899 1598 58 21 have
1968 1598 84 22 arrived
2061 1598 58 23 from
2129 1599 96 29 Sydney,
2234 1608 27 14 ex
2270 1602 113 26 Exporter,
2393 1602 53 22 with
2453 1609 29 15 an

1899 1626 113 21 extensive
2023 1626 67 21 Stock
2098 1626 26 21 of
2136 1626 82 28 Goods,
2233 1627 71 22 which
2320 1628 53 28 they
2383 1629 54 21 offer
2453 1636 29 14 on

1899 1652 47 21 sale
1964 1654 24 19 at
2002 1659 14 14 a
2031 1652 113 23 moderate
2162 1654 68 27 price,
2249 1657 23 19 at
2290 1654 63 22 those
2368 1656 114 21 extensive

1899 1679 107 26 premises
2028 1679 68 27 lately
2115 1680 105 28 occupied
2237 1681 31 27 by
2286 1681 128 23 WATERS
2437 1682 45 22 and

1901 1705 108 27 SMITH,
2025 1706 37 21 the
2071 1706 113 28 following
2193 1708 75 27 goods,
2279 1708 41 22 viz.
2322 1720 30 4 —

1928 1732 156 23 Gentlemen'
2083 1732 16 23 3
2094 1734 107 27 superfine
2211 1734 59 22 cloth
2280 1739 66 24 coats,

1928 1760 62 21 Pilot
1998 1760 45 21 and
2054 1760 87 28 Witney
2152 1765 64 23 coats,

1928 1786 63 22 Drab
2001 1786 44 22 and
2053 1786 67 23 black
2129 1787 59 22 cloth
2197 1791 106 25 trowsers,

1928 1813 88 22 Marble
2026 1814 44 21 and
2081 1814 95 22 Grecian
2187 1815 90 22 doeskin
2287 1816 45 22 and
2340 1816 81 23 Tweed
2431 1816 37 22 do.

1928 1840 112 22 Moleskin
2051 1841 43 22 and
2104 1841 54 22 cord
2166 1845 107 25 trowsers,

1927 1867 72 22 Black
2009 1868 56 21 satin
2076 1868 128 28 waistcoats,

1928 1893 97 27 Figured
2034 1894 130 28 woistcoats,
2175 1896 109 22 Valencia
2292 1897 44 21 and
2345 1896 52 23 buff
2402 1897 35 22 do.
2453 1909 3 3 •

1927 1920 58 22 Blue
1995 1921 45 22 and
2049 1921 65 22 black
2126 1922 59 22 cloth
2195 1922 43 28 do.,
2255 1923 147 27 gentlemen's
2416 1924 67 22 white

1901 1947 44 21 and
1953 1950 86 25 regatta
2048 1948 71 27 shirts,

1927 1974 58 22 Blue
1995 1974 44 22 and
2047 1974 66 23 black
2123 1975 58 22 cloth
2189 1976 93 28 jackets,

1927 2001 113 22 Moleskin
2050 2002 45 21 and
2100 2002 55 26 jean
2162 2003 94 28 jackets,

1926 2028 48 21 Pea
1983 2028 45 21 and
2037 2028 97 28 monkey
2139 2030 94 27 jackets,
2238 2033 3 3 '

1928 2054 60 22 Pilot
1997 2054 45 22 and
2051 2054 97 28 flushing
2158 2059 106 25 trowsers,

1929 2081 153 22 Gentlemen's
2092 2083 93 21 worsted
2194 2084 45 22 and
2247 2084 80 22 lamb's
2336 2085 57 21 wool
2408 2085 74 22 stock-

1899 2108 58 27 ings,
1969 2108 35 21 do.
2016 2108 68 26 socks,

1929 2135 89 22 Ladies'
2026 2135 67 22 black
2100 2136 96 22 worsted
2204 2137 45 22 and
2258 2137 66 23 white
2334 2138 120 29 stockings,

1929 2162 153 22 Gentlemen's
2091 2162 62 22 boots
2164 2164 43 21 and
2216 2164 71 28 shoes,

1928 2188 87 22 Ladies'
2025 2188 46 22 and
2080 2189 119 23 children's
2209 2191 70 27 shoes,
2380 2198 3 6 '
2406 2192 3 8 '

1927 2215 75 22 Prints
2011 2216 43 21 and
2064 2216 99 28 calicoes,
2173 2217 56 28 lace,
2238 2218 88 28 edging,
2336 2219 45 22 and
2388 2219 96 28 quilling

1898 2245 55 24 nett,

1927 2269 72 22 Black
2007 2268 46 23 and
2063 2270 103 22 coloured
2175 2271 41 22 silk
2225 2271 179 30 handkerchiefs,

1927 2296 80 22 Cotton
2017 2296 176 29 handkerchiefs,

1927 2323 63 21 Drab
1999 2324 45 21 and
2052 2324 65 21 black
2126 2325 130 28 cashmeres,
2269 2326 73 22 tailors
2351 2327 131 28 trimmings,

1927 2350 96 22 Youth's
2032 2351 108 27 superfine
2151 2351 105 28 clothing,

1927 2377 49 21 Bed
1985 2377 46 21 tick
2040 2378 46 20 and
2095 2378 76 27 check,
2181 2379 103 22 blankets
2293 2380 43 22 and
2346 2387 59 22 rugs,

1927 2404 76 21 White
2012 2407 165 25 counterpanes,
2191 2406 79 22 camlet
2280 2407 80 28 clocks,

1927 2430 102 28 Manilla,
2039 2431 59 27 palm
2105 2431 54 28 leaf,
2170 2432 44 22 and
2222 2433 55 23 brab
2289 2433 56 28 hats,

1927 2458 53 27 Tea,
1992 2465 71 19 sugar,
2075 2458 44 22 and
2129 2459 73 28 coffee,

1927 2484 59 22 Beef
1993 2485 44 21 and
2045 2485 61 28 flour,
2118 2486 99 22 mustard
2227 2486 45 22 and
2280 2487 91 28 pickles,

1927 2511 54 22 And
1988 2511 63 22 other
2058 2512 86 22 articles
2155 2515 36 19 too
2200 2520 120 16 numerous
2330 2518 22 18 to
2362 2515 106 22 mention.

1901 2555 70 49 ON
1988 2556 84 27 SALE,
2126 2557 37 22 the
2172 2558 148 28 undersigned
2321 2571 29 4 —

1979 2583 60 22 Mess
2048 2584 54 27 pork
2112 2584 24 22 in
2148 2585 91 22 barrels.

2249 2612 24 23 J.
2284 2613 33 22 M.
2327 2614 103 23 Taylor.

1927 2636 55 28 July
1993 2638 30 26 19,
2037 2638 57 21 1842.

2126 2684 42 19 On
2188 2684 69 26 Sale,

1901 2715 93 49 THE
2008 2715 76 23 BEST
2096 2716 77 23 CASE
2188 2717 64 28 GIN,
2268 2717 24 23 in
2301 2725 61 16 casea
2375 2720 47 21 and
2437 2720 52 23 half

1977 2750 68 14 cases.

2214 2771 82 23 Waitt
2312 2772 46 23 and
2371 2773 85 24 Tyser.

1929 2795 61 23 June
1999 2797 33 26 24,
2045 2797 58 22 1842.
2293 2807 1 7 >

2084 2843 67 20 Seed
2159 2843 140 22 Potatoes.

1903 2875 93 35 fVNE
2005 2875 63 23 TON
2077 2876 24 22 of
2105 2876 40 22 the
2153 2877 50 22 best
2209 2877 105 22 Derwent
2321 2881 105 25 potatoes,
2436 2880 49 27 just

1903 2898 47 26 V-/
1979 2903 104 22 received
2093 2903 30 28 by
2131 2903 38 23 the
2182 2905 122 27 Exporter,-
2313 2905 57 22 from
2385 2906 97 28 Sydney,

1929 2929 45 22 For
1983 2929 45 22 sale
2039 2930 30 27 by

2222 2957 84 24 Waitt
2316 2959 44 22 and
2370 2959 85 24 Tstser.

1927 2981 145 29 Wellington,
2084 2983 54 27 July
2146 2985 34 26 22,
2193 2986 58 20 1842.

1889 3026 101 23 ..T7OR
2002 3026 84 28 SALE,
2100 3034 30 15 ex
2143 3029 61 26 Lady
2216 3030 67 26 Leigh
2299 3030 45 23 and
2360 3031 64 22 other
2438 3032 45 22 late

1899 3051 35 24 JU
1972 3053 90 22 arrivals
2070 3061 5 14 :
2077 3065 28 5 —

1925 3080 98 21 Seconds
2031 3080 63 28 flour,

1925 3106 73 22 Patna
2006 3106 52 28 rice,

1890 3142 2 6 '
1925 3133 60 22 Java
1993 3134 76 27 coffee,

1914 3180 3 6 ,
1925 3160 97 22 Manilla
2030 3167 71 22 sugar,

1922 3186 68 23 Pitch,
1999 3187 46 22 and
2053 3191 41 25 tar,

1925 3213 51 23 Coir
1984 3221 61 20 rope,

1925 3240 91 28 Brandy
2025 3240 24 23 in
2058 3241 64 22 wood
2129 3242 43 23 and
2183 3250 67 22 cases,
2261 3252 56 21 very
2325 3247 65 27 good,

1896 3284 2 3 .
1924 3268 55 21 Best
1987 3267 104 23 hollands
2098 3269 24 22 in
2131 3269 41 22 red
2183 3277 67 22 cases,

1923 3294 62 22 Rum
1994 3294 48 28 and,
2045 3295 77 22 arrack
2131 3296 24 23 in
2163 3296 66 24 hhds.

1925 3321 45 22 Gin
1978 3321 24 22 in
2011 3321 65 24 hhds.
2087 3323 45 22 and
2139 3324 70 28 pipes,

1924 3348 55 22 Port
1985 3348 45 22 and
2039 3348 76 29 sherry
2123 3350 25 22 in
2157 3351 62 23 hhds.
2231 3352 44 22 and
2284 3355 89 25 quarter
2382 3354 71 27 casks,

1924 3374 59 23 Port,
2000 3375 84 29 sherry,
2099 3376 51 24 and'
2159 3378 109 28 Madiera,
2284 3380 135 22 Rutherford
2437 3381 45 21 and

1892 3402 80 27 .Drury
1980 3409 11 14 s
1999 3402 76 28 brand,

1905 3444 3 5 .
1924 3428 142 29 Champagne
2077 3430 28 23 in,
2110 3437 68 21 cases,

1890 3470 3 5 .
1922 3456 94 22 Powder
2023 3458 20 21 m
2043 3458 41 21 25
2091 3457 30 22 lb.
2132 3458 71 28 casks,

1924 3483 92 22 Several
2025 3483 200 25 double-barrelled
2234 3493 63 20 guns,

1920 3510 94 22 Timber
2024 3510 93 24 suitable
2126 3512 36 22 for
2171 3512 29 22 all
2209 3512 100 28 building
2317 3520 111 21 purposes.

1931 3548 15 20 '.
2021 3544 7 7 *
2215 3547 81 22 Waitt
2310 3547 44 22 and
2366 3547 86 24 Tyser.

1906 3587 3 5 .
1924 3571 142 28 Wellington,
2077 3572 54 28 July
2140 3574 33 25 12,
2185 3574 59 21 1842.

1896 3616 184 49 WANTED,
2096 3625 14 15 a
2124 3618 76 27 steady
2213 3618 159 28 middle-aged.
2382 3620 97 23 Woman

1993 3651 24 14 as
2025 3642 93 25 servant'
2123 3644 25 22 of
2155 3644 99 23 all-work
2262 3645 24 22 in
2294 3652 15 15 a
2317 3646 64 22 small
2390 3646 88 29 family.

1895 3669 77 29 Apply
1981 3673 23 20 to
2013 3671 66 27 A.8.,
2091 3674 21 19 at
2120 3671 39 23 the
2170 3672 84 21 Gazette
2261 3672 80 28 pffice.

1924 3703 88 27 August
2019 3704 21 25 4,
2051 3704 59 21 1842.
2425 3720 5 2 -

2046 3748 39 21 To
2098 3748 34 21 be
2145 3748 50 21 Let
2210 3754 30 15 or
2256 3748 72 21 Sold.

1894 3781 53 49 A
1963 3780 105 24 SMALL
2082 3781 90 22 FARM
2185 3780 26 23 of
2217 3781 27 22 25
2253 3788 62 16 acres
2324 3788 29 16 on
2362 3782 39 22 the
2412 3783 65 30 Hutt,

1976 3808 37 22 the
2020 3807 71 23 whole
2099 3807 94 28 cleared,
2201 3808 109 27 stumped,
2315 3809 107 29 inclosed,
2433 3813 47 24 and

1894 3834 26 22 fit
1929 3835 36 21 for
1974 3834 132 28 theplough
2113 3842 7 20 ;
2134 3838 49 24 part
2197 3834 71 22 under
2280 3842 59 21 crop.
2367 3837 113 28 Together

1894 3862 54 22 with
1966 3868 14 15 a
1998 3858 129 25 sUbstantial
2145 3861 44 21 and
2206 3862 146 23 comfortable
2369 3865 110 23 weather-

1894 3888 99 22 boarded
2006 3887 45 22 and
2065 3887 71 22 slated
2151 3888 75 27 house,
2239 3888 122 25 three-stall
2369 3891 110 24 weather-

1893 3914 103 22 boarded
2001 3914 76 28 stable,
2085 3914 44 22 and
2136 3914 63 23 other
2204 3915 167 26 conveniences.
2399 3918 79 24 Terms

1893 3941 86 28 liberal,
1990 3941 66 32 apply
2065 3945 24 18 at
2095 3941 44 23 this
2150 3941 76 24 Office.

1921 3976 57 28 May
1986 3977 34 26 24,
2031 3976 61 23 1842.

201 728 54 21 For
266 727 109 26 Sydney
384 725 95 24 direct;

164 761 30 21 To
208 760 40 20 sail
262 757 150 27 (to-morrow^
425 756 93 26 Sunday,

201 790 91 22 TTKSSt
305 789 86 28 barque
407 789 99 24 Eleanor,
518 788 40 22 153
573 789 57 25 tons,

73 812 92 36 jJafcjjEL
208 810 31 29 JL
276 815 92 28 Captain
386 815 109 23 Johnson.
523 815 46 21 For
582 821 50 21 pas-

60 847 40 17 j>«
106 837 85 32 !fejs&i
202 851 59 20 sage,
285 843 67 28 apply
374 845 24 19 to
422 843 38 21 the
484 841 96 28 Captain
603 848 29 15 on

47 865 125 39 3^NfflP
179 876 17 19 L
201 870 78 27 board,
292 877 26 15 or
330 872 23 19 to
367 869 38 22 the
420 868 157 28 undersigned.

48 893 149 35 rPiir£*iHpffi
309 910 39 22 W.
361 909 28 23 B.
405 909 96 23 Rhodes
511 909 45 22 and
565 909 39 21 Co.

76 946 89 26 August
172 946 35 26 24,
219 946 60 21 1842.
504 947 2 30 [

160 991 54 20 For
227 989 112 27 Freight
355 995 31 15 or
401 989 119 21 Charter.

106 1025 59 20 •»«r
221 1023 45 19 rri
269 1022 44 22 HE
321 1022 108 21 schooner
433 1022 98 25 Look-in',
536 1022 34 20 -80
575 1022 56 25 tons,

80 1043 114 38 jjgwras^
228 1043 30 28 J-
282 1048 79 27 Finlay
371 1050 95 24 master;
479 1055 42 14 can
523 1054 3 3 1
530 1047 28 21 be
564 1047 69 26 ready

76 1069 136 37 fjpgy^tfK
233 1075 35 21 for
291 1081 39 15 sea
353 1076 24 19 at
399 1077 42 18 two
467 1074 63 27 days'
549 1074 82 21 notice.

66 1096 146 36 jlffiffiKjgL
233 1101 74 27 Apply
317 1108 31 15 on
356 1100 71 22 board
435 1103 24 19 to
469 1101 63 27 Capt
544 1099 87 28 Finlay,

357 1163 67 23 John
437 1163 81 28 Wade,
529 1163 78 28 Agent

74 1192 91 26 August
172 1191 35 27 25,
219 1192 59 21 1842.
633 1200 4 5 -

48 1238 40 19 To
107 1237 46 20 the
177 1236 169 26 Consignees
372 1235 32 22 of
428 1236 46 20 the
501 1235 132 22 schooner

82 1294 91 40 S§§£§L
389 1302 22 19 to
426 1299 75 22 whom
513 1299 69 28 goods
596 1306 38 15 are

80 1328 120 31 ■«fc£YS^
216 1329 29 20 jL
287 1327 124 27 consigned
428 1327 24 21 in
473 1326 36 22 the
529 1326 106 22 schooner

76 1366 5 20 1
88 1350 82 36 yOlPj
177 1355 32 31 Si
231 1354 115 26 Gatii&rine,
357 1360 38 15 are
413 1353 117 28 requested
546 1356 22 18 to
584 1361 51 20 pass

53 1374 156 40 g^gjEyjMgr
229 1381 57 21 their
316 1379 86 23 entries'
427 1383 23 19 at
478 1380 37 22 the
544 1380 91 22 Custom

53 1402 159 31 %^fr%tfiffy
228 1407 91 27 House,'
328 1407 47 21 and
389 1407 88 22 receive
492 1406 57 22 their
565 1407 70 27 goods

50 1434 23 21 in
83 1437 68 18 terms
161 1434 26 21 of
196 1433 58 22 their
262 1434 39 21 bill
311 1434 26 21 of
348 1433 85 28 lading,
444 1433 94 22 without
553 1433 67 28 delay
627 1442 6 19 ;

50 1460 114 22 otherwise
173 1460 20 22 it
202 1461 45 21 will
260 1461 27 22 be
302 1461 59 21 done
377 1463 25 19 at
417 1461 58 21 their
490 1467 101 21 expense,
610 1468 26 14 or

51 1487 52 28 they
113 1487 45 22 will
165 1487 29 22 be
203 1487 68 22 liable
280 1487 35 23 for
325 1487 113 28 damages.

348 1521 64 22 John
426 1521 82 28 Wade,
524 1522 83 27 Agent.

78 1548 89 27 August
175 1548 35 27 25,
222 1549 59 21 1842.

221 1595 143 25 Bottomry
377 1594 89 22 Bond.

210 1628 230 34 rpENDERS*wiII
454 1628 30 22 be
495 1628 101 23 received
605 1629 31 28 by

84 1657 96 28 JffPjflL
215 1651 31 27 JL
282 1655 39 22 the
330 1655 151 28 undersigned
494 1656 35 21 for
538 1656 37 21 the
586 1663 49 15 sum

60 1681 141 35 JMMIIP&-
222 1682 26 22 of
248 1682 75 27 sEight
328 1682 113 22 Hundred
447 1682 91 22 Pounds
546 1683 78 28 (£800)
628 1700 6 11 ,

221 1709 104 28 required
334 1716 29 15 on
379 1716 15 14 a
403 1709 118 28 Bottomry
530 1710 66 22 Bond
607 1718 28 14 on

51 1731 153 39 teaafca^p
221 1736 38 22 the
266 1736 93 28 rbarque
376 1737 128 26 Indemnity,
522 1737 51 23 who
590 1737 46 22 will

103 1758 20 18 B™l*^B
123 1768 17 9 ™
140 1759 9 18 I
149 1758 51 19 *^
221 1762 46 22 also
276 1763 85 22 furnish
372 1763 31 22 all
412 1763 136 28 particulars.

364 1795 84 23 Waitt
464 1796 45 22 and
521 1796 86 22 Tyser.

76 1828 145 29 Wellington,
233 1829 88 28 August
330 1831 34 26 26,
376 1831 62 21 1842.

111 1880 152 27 Positively
276 1881 120 21 without
409 1882 118 21 Reserve
538 1881 5 22 !
551 1882 5 21 !
565 1882 5 21 !

50 1914 90 48 MR.
161 1913 86 23 JOHN
267 1914 96 23 WADE
382 1915 47 22 will
446 1906 56 31 self
506 1915 31 28 by
554 1916 80 22 Public

138 1941 107 27 Auction,
257 1949 28 14 on
303 1941 113 28 Tuesday,
431 1942 54 22 30th
501 1943 94 29 August,
612 1946 23 19 at

47 1967 36 22 the
94 1970 69 20 stores
178 1968 27 21 of
215 1969 127 28 Rigdways,
359 1969 100 27 Guyton,
473 1969 44 23 and
534 1969 67 29 Earp,
611 1972 22 19 to

48 1994 57 22 close
116 1993 205 28 consignments:-^-

74 2021 125 27 Carpeting,'
205 2036 8 4 -
238 2032 5 13 <
251 2034 11 5 -
286 2033 32 7 •v-
478 2027 5 10 <
517 2032 6 5 *
546 2021 32 24 ',•
584 2031 8 7 •»

53 2066 7 7 ,f,
57 2047 5 8 f
73 2046 105 28 Hosiery,

74 2073 116 28 Shirtings,

74 2100 120 27 Cambrics,
444 2110 3 3 •
481 2110 5 3 -

74 2127 63 21 India
147 2127 44 22 silk
198 2127 178 29 handkerchiefs,

73 2153 99 23 Trowser
181 2155 70 28 stuffs,

74 2180 74 22 Broad
158 2181 66 28 cloth,

76 2207 150 28 Bombyzetts,

74 2235 88 28 Sewing
175 2235 75 28 twine,

74 2261 94 27 Thread,

74 2287 169 30 Ironmongery,

74 2314 114 29 Cherpots,

73 2341 107 28 Harness,

73 2369 134 28 Medicines,

73 2397 64 27 Soap,

72 2423 180 29 Window-glass,
262 2424 134 30 glass.ware,

72 2451 89 22 Bottled
170 2452 75 26 wines,

71 2477 54 22 And
134 2484 15 15 a
158 2478 85 28 variety
254 2478 25 23 of
285 2478 64 23 other
358 2480 97 23 articles.

45 2511 80 22 Lunch
140 2511 46 22 will
194 2511 29 23 be
231 2512 108 27 provided
353 2513 24 21 in
393 2513 37 23 the
445 2514 132 29 Exchange,
588 2515 45 23 and

101 2538 38 22 the
149 2538 51 22 Sale
210 2537 46 24 will
266 2546 128 16 commence
405 2544 24 18 at
438 2543 26 20 12
475 2541 95 23 o'clock.

71 2571 146 28 Wellington,
229 2572 86 28 August
323 2575 35 26 26,
370 2575 62 22 1842.

46 2616 147 22 Extensive
223 2618 54 20 and
307 2621 169 21 unreserved
508 2621 61 23 Sale
603 2623 32 22 of

233 2645 201 23 Merchandise.

47 2677 89 48 MR.
152 2677 86 23 JOHN
252 2678 96 23 WADE
360 2680 43 22 has
420 2681 103 22 received
537 2682 96 24 instruc-

136 2705 58 21 tions
203 2705 58 22 from
276 2706 91 23 Messrs.
381 2706 126 25 Waitt'and
515 2710 76 27 Tyser,
608 2714 23 19 to
638 2725 2 4 .

47 2730 39 22 sell
94 2731 31 28 by
133 2732 76 27 public
219 2732 96 28 auction,
332 2736 24 19 at
372 2733 58 23 their
440 2736 74 22 Stores
523 2744 29 15 on
561 2737 69 22 Wed-

46 2757 89 27 nesday,
145 2758 39 22 the
193 2760 48 21 31st
250 2760 26 21 of
285 2760 98 28 August,
395 2764 24 19 at
428 2763 27 20 12
464 2763 86 23 o'clock
564 2771 65 21 noon,

46 2784 37 22 the
92 2784 113 27 following
213 2786 79 27 goods:
294 2797 29 5 —

71 2811 49 23 Ten
128 2814 50 19 tons
184 2812 101 25 .Manilla
293 2820 74 21 sugar,
403 2820 24 20 '^

69 2838 81 27 Thirty
158 2838 56 27 bags
222 2838 50 23 best
280 2839 71 23 Patna

71 2864 50 23 Ten
129 2863 56 28 bags
194 2872 61 20 sago,

69 2891 66 26 Fifty,
138 2891 91 22 baskets
239 2892 44 22 and
292 2894 86 27 twenty
388 2901 62 16 cases
457 2894 143 30 Champaign,

69 2918 88 27 Eighty,
164 2918 73 22 dozen
245 2919 85 22 bottled
339 2920 84 28 sherry,
561 2925 16 10 >v
577 2927 10 12 o
598 2930 4 4 •

72 2945 40 22 Six
120 2945 66 22 hhds.
196 2946 99 27 superior
302 2949 58 25 port,

69 2972 40 22 An
127 2971 88 23 invoice
234 2973 27 21 of
276 2973 71 27 single
361 2974 45 23 and
421 2974 81 24 double
515 2976 113 24 barrelled

45 3006 60 20 guns,
116 2999 135 27 percussion'
257 3006 58 22 caps,
338 3004 2 5 '

67 3026 23 21 A
99 3026 101 28 superior
208 3029 136 20 assortment
353 3028 26 21 of
391 3028 99 23 German
499 3030 73 29 silver,

69 3053 55 22 Two
136 3053 278 28 tiercesbestnegrohead
422 3056 93 23 tobacco
523 3058 25 22 in
557 3059 67 27 bond,

70 3080 41 22 Six
120 3086 62 15 cases
190 3080 97 21 Manilla
296 3082 72 27 cigars
375 3082 26 21 in
410 3082 69 28 bond,

70 3107 51 22 One
130 3106 105 23 hundred
244 3106 84 23 barrels
337 3111 78 24 patent
424 3112 40 24 tar.

68 3134 57 22 One,
128 3140 51 15 case
190 3133 72 22 China
269 3134 45 22 silk
320 3134 182 30 handkerchiefs,

71 3160 52 23 And
137 3167 23 15 a,
171 3160 102 28 quantity
289 3161 28 22 of
327 3162 84 28 sundry
428 3164 157 24 merchandize
605 3169 23 20 to

45 3185 54 24 close
109 3186 174 28 consignments.
293 3204 7 4 -

69 3214 107 23 Terms—
177 3214 80 23 Under
270 3214 55 28 £30,
342 3216 66 28 cash;
425 3216 72 23 above
512 3218 54 29 jg3o,
585 3223 43 19 two

44 3246 23 16 or
75 3240 62 24 three
144 3241 99 29 months,
259 3249 28 16 on
302 3243 115 27 approved
430 3244 112 24 endorsed
550 3253 79 21 accep-

47 3268 79 23 tances.
148 3280 20 9 --
189 3270 11 21 \
245 3277 7 12 -.
263 3287 4 4 .
292 3282 2 8 i
358 3277 3 10 i
375 3279 3 5 ■
413 3277 2 6 ■

167 3313 5 5 .
191 3296 83 23 Lunch
287 3303 30 16 at
332 3298 27 21 12
372 3297 104 23 o'clock.
494 3313 3 3 ■

69 3321 89 28 August
165 3324 34 26 25,
213 3324 61 22 1842.
421 3327 4 4 *
485 3338 10 11 (/

45 3364 31 23 In
94 3366 43 22 the
157 3369 83 23 event
259 3367 30 23 of
308 3374 39 16 no
367 3369 62 21 Sale
454 3370 38 27 by
519 3371 109 23 Private

263 3396 141 21 Contract.

46 3425 87 50 MR.
140 3427 94 31 .JOHN
247 3428 97 23 WADE
353 3428 41 23 has
412 3430 104 23 received
530 3431 99 23 instruc-

131 3453 58 22 tions
198 3457 23 19 to
231 3455 40 22 sell
283 3456 31 27 by
327 3453 83 31 public'
419 3458 98 28 auction,
535 3458 94 23 without

44 3485 90 22 reserve,
141 3487 30 15 on
176 3481 118 29 Thursday
298 3487 63 23 next,
370 3484 39 22 the
415 3486 34 21 Ist
454 3485 135 29 September,
598 3494 30 14 an

44 3508 130 21 assortment
183 3508 26 21 of
220 3508 52 23 Van
281 3510 117 23 Diemen's
407 3511 68 23 Land
481 3512 89 28 timber,
581 3513 47 23 also

43 3533 109 27 fihingles,'
231 3539 3 5 '
537 3540 7 10 ■'

68 3560 78 27 Sugar,

68 3587 63 26 Rice,
261 3602 22 18 *^
459 3587 18 27 f
526 3594 11 14 *

67 3613 96 28 Pickles,
169 3639 5 7 <
255 3614 28 18 W
306 3623 3 3 ■
433 3620 37 12 'v

67 3639 126 28 Brandyvin
200 3640 87 29 bottles,
396 3652 3 3 •
434 3639 26 31 J>

67 3667 82 27 Sherry
157 3667 25 22 in
191 3667 87 29 bottles,
400 3666 2 5 '
407 3673 17 25 ;\

66 3693 102 22 Tobacco
175 3693 26 22 in
211 3701 68 21 cases,
377 3691 42 22 '£&'

66 3719 92 28 Biscuit,
363 3717 50 18 -"■'■'

67 3747 83 28 Gunny
158 3747 63 28 bags,

92 3773 47 23 The
151 3774 50 23 Sale
210 3777 23 19 to
241 3775 51 22 take
304 3775 66 28 place
380 3780 24 20 at
413 3778 46 24 Mr.
470 3780 100 30 Penny's
617 3795 7 13 *

227 3811 89 23 Terms'
330 3819 107 18 liberal.

66 3842 88 29 August
162 3844 34 27 25,
207 3846 62 21 1842.

229 3890 27 21 J.
270 3891 38 21 M.
324 3891 110 28 Taylor,
582 3895 9 12 z
596 3892 29 14 '-'"-

54 3919 149 28 LICENSED
227 3924 243 26 CUSTOM-HOUSE
493 3929 124 32 AGENT,.

283 3964 28 16 TE
325 3964 53 17 ARO.
478 3976 2 4 .

1447 722 90 21 Beach
1550 723 146 26 Frontage.

1281 754 69 50 TIO
1358 754 39 23 BE
1412 755 85 27 SOLD,
1505 756 26 21 in
1539 756 42 21 lots
1591 756 26 21 of
1623 760 41 17 not
1672 756 44 23 less
1723 757 54 22 than
1786 759 28 20 20
1821 758 45 22 feet

1368 781 24 22 in
1410 781 101 27 breadth,
1531 782 36 22 the
1587 782 72 23 whole
1678 784 26 21 of
1724 784 37 21 the
1780 785 86 22 section

1281 808 44 21 No.
1332 808 40 21 485
1382 815 30 14 on
1421 808 38 22 the
1465 808 57 23 Plan
1532 810 26 21 of
1562 808 37 23 the
1607 810 71 21 Town
1688 810 26 22 of
1718 810 146 29 Wellington,
1874 812 4 4 '

1268 835 4 13 ;
1279 834 85 27 having
1372 834 112 28 frontages
1492 843 62 20 upon
1564 836 181 28 Lambton-quay
1751 838 46 21 and
1805 845 61 20 upon
1875 840 3 7 '

1280 860 242 28 Wellington-terrace.
1550 862 111 22 One-half
1673 864 25 21 of
1711 863 37 22 the
1757 864 109 27 purchase

1280 895 83 20 money
1369 888 45 22 will
1421 888 29 22 be
1456 888 95 22 allowed
1560 892 21 18 to
1586 890 88 21 remain
1682 897 60 19 upon
1751 894 115 24 mortgage

1281 915 36 21 for
1325 914 43 22 five
1376 922 72 20 years,
1464 918 23 19 at
1503 916 27 21 10
1544 923 39 19 per
1597 918 58 20 cent.
1685 916 77 23 Terms
1771 925 55 19 may
1838 918 28 22 be

1280 941 92 22 learned
1382 948 29 15 on
1420 941 135 28 application
1565 944 23 20 to

1548 976 99 22 Hanson
1663 976 45 22 and
1722 977 118 23 Alzdorf.

1268 1027 12 23 ?
1395 1027 123 27 Country
1532 1028 78 21 Land
1623 1028 44 21 for
1680 1029 69 21 Sale.

1282 1061 75 48 TO,
1365 1061 39 21 BE
1417 1061 79 22 SOLD
1515 1061 35 22 IN
1564 1061 82 28 LOTS,
1663 1064 22 19 to
1703 1062 42 22 suit
1759 1062 39 23 the
1814 1069 54 16 con-

1357 1088 107 21 venience
1475 1088 26 21 of
1506 1088 138 27 purchasers,
1653 1088 45 23 No.
1705 1090 13 21 3
1727 1090 24 21 in
1760 1089 38 22 the
1808 1093 59 18 town

1271 1114 102 27 ..district,
1384 1114 43 22 No.
1437 1116 29 20 44
1473 1114 24 22 in
1506 1114 40 22 the
1559 1114 60 23 Hutt
1629 1115 93 27 district,
1732 1116 46 21 and
1786 1116 45 22 No.
1841 1118 27 21 68

1269 1146 4 5 *
1282 1141 24 22 in
1304 1139 9 8 v
1322 1141 38 21 the
1377 1141 94 22 Porirua
1490 1141 84 22 district
1581 1149 6 14 :
1602 1141 51 22 half
1664 1142 26 21 of
1706 1142 37 22 the
1758 1143 110 27 purchase

1275 1175 90 20 ■money
1373 1168 45 21 will
1431 1168 28 21 be
1470 1167 94 23 allowed
1577 1171 23 18 to
1609 1169 87 21 remain
1706 1176 29 14 on
1744 1173 123 24 mortgage,

1281 1198 26 18 at
1315 1196 75 26 10<per
1398 1198 59 18 cent.
1485 1194 47 23 For
1538 1195 139 27 particulars,
1689 1196 66 27 apply
1763 1200 24 18 to

1553 1229 98 23 Hanson
1665 1230 45 21 and
1724 1231 117 22 Alzdorf.

1304 1281 85 20 Town
1405 1281 53 20 and
1473 1281 123 26 Country
1609 1282 79 20 Land
1702 1284 29 19 to
1745 1283 34 20 be
1795 1284 57 20 Let.

1286 1313 166 50 SECTIONS
1468 1313 46 22 and
1529 1315 100 26 portions
1645 1315 26 22 of
1685 1315 100 22 Sections
1800 1316 25 21 in
1840 1315 29 22 all

1353 1343 61 24 parts
1430 1341 26 21 of
1470 1341 39 21 the
1527 1341 70 22 Town
1615 1341 27 22 of
1656 1341 146 29 Wellington,
1823 1342 45 22 also

1285 1367 98 27 Country
1393 1368 99 21 Sections
1506 1367 26 22 in
1541 1368 38 21 the
1595 1368 97 22 districts
1708 1369 26 21 of
1746 1369 38 22 the
1802 1368 65 28 Hutt,

1272 1393 4 3 '
1285 1394 37 21 the
1336 1394 87 27 Karori,
1435 1394 37 21 the
1482 1394 78 27 Ohiro,
1571 1395 46 22 and
1628 1395 39 22 the
1677 1395 99 22 Porirua.
1804 1396 66 27 Long

1283 1421 71 22 leases
1364 1421 26 21 of
1395 1421 38 21 the
1450 1424 95 24 country
1554 1422 53 21 land
1623 1422 47 21 will
1684 1422 29 22 be
1727 1422 96 27 granted
1840 1430 28 15 on

1284 1447 129 22 reasonable
1423 1450 74 20 terms.
1527 1448 44 22 For
1579 1448 132 28 particulars
1720 1449 67 28 apply
1796 1452 25 19 to

1311 1481 98 22 Hanson
1418 1482 46 20 and
1478 1482 115 26 Alzdorf,
1603 1482 201 29 Thorndon-quay,
1812 1490 26 16 or
1847 1486 22 20 to

1311 1508 94 22 Robert
1414 1508 94 27 Stokes,
1520 1509 64 22 Land
1598 1509 112 28 Surveyor
1725 1510 46 22 and
1784 1510 84 29 Agent,

1271 1542 9 16 l
1465 1535 219 23 Woolcomb-street.

1337 1589 67 20 Port
1416 1589 153 21 Nicholson
1584 1590 55 20 and
1649 1589 166 28 Wanganui.

1285 1621 165 50 SEVERAL
1463 1622 70 22 Town
1549 1622 44 22 and
1609 1622 101 27 Country
1728 1623 100 22 Sections
1845 1622 23 23 in

1350 1649 60 21 these
1419 1649 96 22 districts
1525 1652 23 19 to
1557 1650 28 21 he
1595 1649 50 22 sold
1654 1657 25 14 or
1694 1652 38 20 let
1761 1650 45 23 For
1818 1658 50 21 par-

1283 1675 89 22 ticulars
1382 1675 45 22 and
1437 1678 74 25 terms,
1522 1676 65 28 apply
1597 1680 23 17 to

1587 1708 97 23 Robert
1698 1709 27 22 R.
1741 1709 101 23 Strang.

1310 1734 89 27 August
1407 1735 19 27 4,
1439 1736 61 21 1842.

1285 1785 67 49 TO
1371 1786 41 21 BE
1431 1786 80 23 SOLD
1534 1787 111 26 CHEAP,
1670 1788 54 22 with
1741 1789 128 21 immediate

1357 1814 129 26 possession,
1507 1821 15 14 a
1539 1814 118 22 well-built
1678 1816 93 21 wooden
1791 1816 77 27 house,

1282 1838 54 23 with
1345 1840 55 28 shop
1410 1840 100 28 window,
1522 1848 29 15 on
1559 1841 38 22 the
1606 1842 81 21 beach.
1715 1842 75 28 Apply
1799 1845 25 19 to

1451 1875 50 22 Mr.
1517 1875 74 28 Neal,
1606 1876 83 21 Watch
1699 1876 87 27 Maker,

1303 1920 2 8 t
1309 1916 4 7 >
1331 1908 3 4 '
1623 1918 3 3 -
1627 1926 6 7 t
1648 1903 111 22 Lambton
1769 1904 75 27 Quay.

1277 1953 92 21 .Town
1383 1953 64 27 (and
1471 1955 123 26 Country
1613 1956 78 21 Land
1712 1958 29 19 to
1762 1956 52 21 Let
1834 1962 35 15 on

1297 1984 16 21 >
1471 1982 80 26 Long
1571 1983 109 20 Leases.

1398 2007 80 24 oftthe
1495 2010 190 23 to.wjn.atjres.on
1703 2009 37 22 the
1758 2009 112 28 Surveyor

1283 2031 45 25 J-^i
1463 2050 3 4 -
1472 2035 126 22 .-General's
1609 2035 64 28 Plan,
1696 2055 4 4 ,

1390 2061 41 21 224
1463 2061 23 12 '■
1557 2062 41 22 510
1720 2064 40 21 263

1284 2085 44 23 For
1337 2087 136 28 particulars,
1484 2088 69 28 apply
1562 2092 22 18 to

1445 2121 124 29 Wallace,
1579 2123 96 27 White,
1686 2122 45 23 and
1744 2123 124 23 Wallace.

1312 2146 55 28 May
1374 2148 35 26 31,
1420 2150 61 20 1842.

1285 2200 67 47 TO
1370 2200 39 21 BE
1428 2200 88 26 SOLD,
1531 2201 24 22 in
1569 2200 43 23 lots
1627 2204 22 19 to
1670 2202 44 22 suit
1731 2203 137 27 purchasers,

1350 2226 37 22 the
1402 2227 70 22 whole
1491 2228 26 21 of
1527 2230 59 19 town
1602 2235 49 15 acre
1668 2226 45 25 No.
1724 2231 46 25 134,
1787 2237 30 14 on
1832 2230 37 21 the

1282 2252 53 28 plan
1346 2253 137 23 oftheTown
1491 2254 24 22 of
1519 2254 143 28 Wellington,
1668 2256 83 27 having
1756 2257 114 27 frontages

1282 2284 23 17 to
1315 2280 189 23 Taranaki-street
1514 2281 46 22 and
1568 2281 196 28 Ingestrie-street.
1793 2284 77 22 Terms

1280 2306 86 23 liberal.
1394 2308 76 28 Apply
1479 2311 23 19 to

1619 2335 35 23 W.
1667 2336 28 22 V.
1707 2336 107 28 Brewer,

1677 2363 191 23 Manners-street.

1311 2388 58 22 June
1378 2387 33 27 17,
1422 2390 61 21 1842.

1282 2433 117 49 LAND
1415 2436 22 19 to
1445 2434 30 22 be
1485 2434 54 22 Sold
1550 2441 23 15 or
1583 2435 44 21 Let
1640 2442 30 14 on
1685 2435 102 27 building
1799 2435 70 23 leases

1358 2460 24 22 in
1391 2460 30 22 all
1430 2464 61 24 parts
1500 2461 27 21 of
1534 2461 36 21 the
1579 2462 79 22 Town.
1687 2462 75 27 Apply
1772 2466 24 18 to

1391 2494 90 23 Messrs.
1496 2494 78 23 Evans
1589 2495 45 21 and
1649 2495 122 28 Chetham,

1585 2521 121 28 Solicitors,

1652 2548 190 29 Lambton-quay.

1311 2573 56 28 May
1375 2576 34 25 23,
1419 2576 62 21 1842.

1283 2619 171 28 Wellington
1475 2621 55 21 and
1548 2621 184 27 Wanganui—
1733 2623 93 20 Lands
1840 2623 28 19 to

1522 2649 33 19 be
1570 2649 58 20 Let.

1283 2680 45 23 HP
1332 2679 73 23 OWN
1429 2680 211 23 ALLOTMENTS
1664 2680 25 23 in
1712 2681 30 22 all
1764 2685 61 25 parts
1848 2682 25 21 of

1290 2704 49 28 JLft
1358 2706 136 28 Wellington
1512 2708 46 21 and
1567 2708 132 28 Wanganui,
1712 2708 45 22 and
1772 2710 99 26 Country

1284 2732 97 23 Sections
1395 2734 23 22 in
1434 2734 56 22 both
1504 2734 104 28 districts,
1624 2738 24 19 to
1663 2736 26 21 be
1705 2736 31 21 let
1745 2743 29 14 on
1791 2736 78 23 leases.

1284 2760 44 21 For
1337 2760 61 28 plans
1409 2762 45 21 and
1462 2763 139 27 particutars,
1612 2762 68 28 apply
1690 2765 22 19 to

1614 2796 89 23 Henry
1716 2797 39 22 St.
1771 2797 71 22 Hill.

1312 2820 53 28 July
1374 2822 24 27 1,,
1404 2823 60 21 1842.

1449 2868 90 21 Beach
1556 2869 147 27 Frontage.

1285 2901 66 48 TO
1365 2900 40 24 BE
1418 2901 66 28 LET,
1499 2902 72 22 beach
1579 2902 104 27 frontage
1698 2903 43 21 lots
1750 2903 25 22 in
1785 2906 85 20 section

1356 2929 41 21 490
1407 2936 28 14 on
1452 2929 38 22 the
1499 2929 58 22 Plan
1567 2929 26 22 of
1600 2929 38 22 the
1648 2930 69 22 Town
1731 2930 26 22 of
1763 2930 107 27 Welling-

1282 2957 47 24 ton,
1339 2955 115 29 adjoining
1463 2957 45 21 Mr.
1516 2956 89 22 Taine's
1612 2960 70 24 store;
1698 2957 45 22 and
1751 2957 25 22 in
1785 2958 85 21 section

1277 2983 52 25 •616,
1337 2981 99 23 between
1445 2983 77 28 Major
1529 2983 91 23 Baker's
1631 2983 44 22 and
1684 2984 43 22 Mr.
1736 2985 134 21 Swainson's

1281 3007 88 23 houses.
1699 3013 9 10 ■■•

1309 3035 55 23 Also
1374 3035 37 23 the
1419 3035 116 29 following
1544 3037 96 22 sections
1650 3043 28 16 on
1689 3037 38 22 the
1734 3037 57 23 Plan
1799 3037 27 22 of
1832 3037 37 22 the

1281 3061 77 29 Town,
1368 3063 82 23 viz:—.

1383 3091 27 21 55
1547 3092 41 20 319
1738 3093 41 20 922

1370 3117 42 22 240
1548 3118 39 22 718
1724 3118 54 22 1079

1308 3143 75 28 Apply
1396 3147 23 19 to

1374 3180 4 8 '
1456 3171 27 22 E.
1497 3171 25 22 J.
1536 3171 151 28 Wakefield,
1703 3178 25 15 or

1455 3198 37 22 W.
1506 3197 30 23 V.
1551 3198 108 27 Brewer,
1673 3199 193 21 Manners-street.

1280 3249 122 26 Country
1415 3249 126 22 Sections
1560 3249 42 21 for
1621 3249 62 22 Sale
1704 3255 36 16 on
1758 3250 108 22 Liberal

1392 3283 6 11 i
1421 3280 8 8 '•
1444 3293 3 3 .
1453 3273 29 22 ft*
1514 3284 4 2 ■
1525 3277 101 21 Terms.
1636 3279 4 9 '

1280 3306 165 50 SEVERAL
1480 3307 100 24 Sections
1608 3309 27 22 of
1666 3308 99 28 Country
1793 3308 72 29 Land,

1322 3352 12 9 ..
1344 3334 91 28 already
1445 3337 83 21 chosen
1536 3336 25 21 in
1570 3335 39 22 the
1619 3336 97 21 Porirua
1729 3336 138 28 district/for
1872 3340 4 16 .

1274 3359 64 29 .Salej
1348 3368 73 16 terms
1425 3369 113 21 .liberal.
1566 3362 78 28 Apply
1652 3366 24 18 to

1346 3390 52 35 '-;'jF.
1414 3395 29 23 A.
1457 3395 172 28 Molesworth,
1645 3395 186 29 Murphy-street,
1842 3402 25 19 or

1374 3421 35 23 W.
1423 3422 29 22 V.
1466 3423 108 27 Brewer,
1584 3423 197 23 Manners-street.

1467 3475 95 21 House
1575 3477 30 19 to
1616 3476 57 20 Let.

1278 3509 52 48 A
1352 3508 86 23 GOOD
1457 3509 131 22 substantial
1606 3509 78 27 house,
1704 3508 53 23 with
1774 3508 91 23 kitchen

1340 3541 4 4 '
1357 3535 45 22 and
1412 3536 136 27 out-houses,
1560 3539 28 19 to,
1591 3536 32 22 let
1631 3536 24 22 in
1666 3536 199 23 Manners-street.

1278 3561 45 22 For
1330 3562 136 28 particulars,
1478 3562 68 29 apply
1556 3566 21 18 to
1588 3563 47 22 Mr.
1637 3563 7 16 :
1645 3563 121 22 BREWER's
1786 3563 78 22 Office.

1398 3614 172 27 Wellington
1583 3615 163 21 Almanack.

1275 3646 52 50 IT
1334 3646 41 23 has
1383 3648 58 22 been
1450 3648 112 26 arranged
1570 3650 23 19 to
1602 3648 59 22 issue
1671 3654 14 16 a
1699 3648 86 22 Pocket
1797 3648 46 23 and
1851 3655 15 16 a

1335 3674 67 22 Sheet
1410 3674 128 23 Almanack
1546 3675 33 21 for
1589 3676 61 25 1843,
1661 3674 58 22 from
1729 3675 36 22 the
1779 3677 87 21 Gazette

1278 3700 86 33 Office._
1384 3701 94 23 Persons
1484 3701 78 28 -being
1572 3701 25 22 in
1605 3702 126 27 possession
1740 3703 26 21 of
1778 3710 45 21 any
1831 3704 34 22 in-

1277 3727 119 23 formation
1406 3728 73 23 which
1489 3728 54 27 they
1552 3728 65 22 think
1625 3728 72 28 likely
1706 3732 21 19 to
1738 3729 50 23 add'
1792 3734 24 18 to
1826 3731 39 23 the

1277 3755 116 21 attraction
1402 3755 27 21 of
1434 3755 39 22 the
1482 3754 62 23 work
1553 3756 23 22 in
1591 3755 111 28 question,
1712 3763 37 15 are
1763 3757 101 24 solicited

1277 3784 24 19 to
1310 3781 85 23 furnish
1405 3781 37 23 the
1452 3788 62 16 same
1524 3785 23 19 to
1602 3783 87 21 Gazette
1696 3783 76 28 Office,
1781 3785 35 21 for
1826 3785 38 23 the

1276 3815 41 15 use
1325 3809 26 21 of
1356 3808 38 22 the
1404 3809 78 22 Editor
1491 3809 26 22 of
1524 3816 13 15 a
1546 3809 60 23 work
1615 3808 80 29 which,
1704 3810 21 22 if
1731 3811 49 23 well
1790 3812 80 22 stored,

1275 3834 54 23 with
1337 3835 58 23 local
1410 3838 86 25 matter,
1508 3839 83 19 cannot
1599 3837 41 23 fail
1653 3839 25 20 to
1694 3844 63 16 Berve
1765 3838 40 22 the
1815 3839 50 23 best

1275 3862 103 22 interests
1388 3862 26 22 of
1420 3863 38 22 the
1468 3863 134 23 settlement.

1304 3895 86 21 Gazette
1399 3895 78 27 Office,
1488 3895 56 28 July
1553 3897 33 26 30,
1598 3897 61 22 1842.

1282 3939 86 43 TTJTST
1381 3947 133 27 OPENED,
1522 3947 45 23 and
1575 3954 30 16 on
1615 3947 52 24 Sale
1676 3952 25 19 at
1709 3948 37 23 the
1757 3949 71 27 Qffica
1838 3950 27 23 of

1273 3970 28 26 tl
1320 3970 62 34 jlfels
1391 3975 79 27 Paper,
1479 3974 41 24 ink
1530 3975 75 22 stands
1615 3976 27 22 of
1647 3976 89 23 various
1745 3976 64 23 sixei.
