2529 4060
57 133 84 24 behind
159 133 138 24 Kiteratera.
334 132 52 24 The
403 135 89 27 greater
503 135 53 26 part
567 130 25 24 of
610 130 37 24 the

57 171 64 19 coast
139 167 24 23 in
174 166 47 23 this
238 166 109 23 direction
362 166 20 22 is
400 164 79 30 rocky,
499 163 46 24 and
564 163 83 24 affords

57 208 56 22 very
127 200 43 23 few
188 204 64 27 spots
271 200 26 23 fit
313 199 35 23 for
365 197 120 32 profitable
504 196 141 31 occupation.

57 233 51 23 The
127 232 66 24 shore
210 233 21 24 is
252 231 94 26 covered
355 230 55 24 with
421 234 51 20 vast
490 230 160 30 quantitiesof

57 265 124 30 shell-fish,
192 267 84 30 mostly
289 265 24 23 of
322 264 38 24 the
372 263 87 23 muscle
471 263 58 23 tribe
539 272 5 19 ;
559 267 87 27 oysters

57 307 39 15 are
107 299 48 24 also
166 303 23 20 to
200 300 29 23 be
246 303 47 19 met
302 297 56 24 with
370 297 23 22 in
407 296 155 23 considerable
574 303 71 23 quan-

57 333 63 23 tities
131 340 53 16 near
198 333 37 23 the
247 331 76 24 rocks.

92 366 51 23 The
162 366 90 23 natural
271 363 148 32 productions
431 363 25 22 of
473 362 40 23 the
530 361 116 24 Motuaka

57 399 89 23 district
159 406 83 23 appear
253 402 22 18 to
288 397 27 23 be
323 404 54 23 very
384 396 79 23 varied
473 395 45 23 and
525 395 119 30 beautiful,

56 432 110 30 although
182 439 70 23 many
262 430 24 23 of
303 430 62 23 them
377 437 39 15 are
434 429 86 23 similar
538 432 23 19 to
580 428 65 24 those

56 470 48 18 met
114 465 53 23 with
179 465 23 22 in
213 472 67 23 many
287 468 62 26 parts
359 462 27 24 of
393 462 56 24 New
459 462 103 23 Zealand
574 462 25 23 of
607 461 38 24 the

55 506 63 15 same
135 497 103 24 latitude.
274 497 51 23 The
337 495 75 24 woods
433 495 100 31 produce
551 503 14 15 a
581 499 64 27 great

54 531 87 30 variety
153 531 26 23 of
190 530 104 32 splendid
306 529 84 23 shurbs
402 528 44 23 and
457 532 68 25 trees,
539 528 42 24 but
591 528 55 31 they

53 572 39 15 are
103 568 39 19 not
162 563 116 32 generally
289 561 145 25 remarkable
450 561 35 24 for
504 562 59 23 their
582 561 63 31 large

53 599 56 27 size,
129 598 121 30 excepting
269 604 28 15 on
316 603 63 16 some
396 595 26 23 of
438 594 39 24 the
490 595 67 23 ,hills.
594 594 50 24 The

53 636 60 17 trees
124 632 24 21 in
158 631 40 22 the
205 630 64 30 large
279 630 53 30 pine
340 629 83 22 forests
432 636 38 15 are
476 628 86 30 mostly
570 628 73 29 small,

53 664 46 22 and
119 664 97 23 consists
238 662 138 31 principally
395 662 26 23 of
439 662 37 22 the
499 661 70 23 white
591 662 53 30 pine

54 695 157 33 (kahikatea,)
222 695 39 24 the
273 704 73 21 remu,
365 695 45 23 and
423 695 38 23 the
471 695 79 28 matai,
562 695 57 23 with
631 703 14 15 a

53 730 44 23 few
108 730 26 24 of
148 730 38 23 the
197 733 67 26 tawa,
276 730 25 22 of
317 728 75 25 which
403 727 102 31 shingles
518 735 40 16 are
569 727 74 24 made.

54 763 41 23 On
106 771 63 16 some
181 763 24 23 of
214 763 40 24 the
268 762 60 29 hills,
341 766 23 19 at
375 769 15 15 a
400 760 157 24 considerable
569 761 73 23 eleva-

54 798 55 27 tion,
118 797 64 23 there
189 805 38 15 are
236 805 14 14 a
258 799 64 28 great
329 794 87 31 variety
424 794 26 23 of
459 794 93 23 smaller
561 794 82 24 shrubs

54 829 45 24 and
110 836 104 25 creepers
227 829 25 24 of
259 832 65 28 great
334 829 93 29 beauty,
447 827 45 23 and
510 835 85 24 among
606 827 38 24 the

53 863 85 23 former
148 871 53 22 may
213 863 29 23 be
258 861 90 24 noticed
359 860 39 24 the
410 860 105 32 splendid
525 864 49 21 tree
584 860 58 31 fern,

54 896 75 23 which
147 897 20 22 is
180 895 116 24 abundant
313 895 24 23 in
350 893 31 25 all
400 893 39 24 the
450 894 86 29 woods,
555 894 45 24 and
619 896 24 23 in

54 934 66 25 great
138 929 131 31 perfection.
317 927 52 24 The
388 928 88 31 species
495 928 25 23 of
536 927 52 24 fern
605 937 38 15 are

52 970 56 22 very
120 970 130 21 numerous,
270 961 43 24 and
325 961 65 23 there
407 968 37 16 are
457 968 62 16 some
530 961 113 24 beautiful

54 996 128 30 specimens
202 996 26 23 of
245 999 175 27 cryptogamous
442 994 85 31 plants,
546 1003 96 22 mosses,

54 1029 45 23 and
108 1029 73 31 fungi.

88 1062 51 23 The
149 1061 116 24 feathered
281 1062 58 23 tribe
351 1068 39 17 are
400 1068 56 24 very
464 1068 124 17 numerous
598 1062 44 24 and

52 1095 85 29 varied,
155 1095 46 23 and
217 1102 84 23 among
315 1095 63 23 them
391 1102 38 15 are
440 1102 63 16 some
515 1096 127 30 specimens

53 1132 41 19 not
109 1128 91 24 noticed
218 1128 130 24 elsewhere.
383 1127 134 24 Waterfowl
534 1128 26 23 of
574 1136 69 24 many

53 1161 105 24 different
169 1162 87 30 species
266 1161 89 24 abound
367 1168 56 16 near
434 1161 38 23 the
481 1161 105 25 marshes
598 1163 44 23 and

51 1196 81 23 rivers.
162 1195 61 24 That
229 1195 124 23 handsome
360 1194 61 29 bird,
429 1194 39 23 the
474 1194 103 32 pukeko,
588 1196 54 23 with,

52 1229 30 22 its
94 1228 101 24 brilliant
205 1228 82 31 purple
298 1227 60 24 neck
370 1227 46 24 and
426 1227 78 25 breast
516 1228 44 23 and
573 1229 68 23 crim-

53 1269 42 16 son
106 1262 66 29 beak,
191 1262 21 23 is
224 1262 61 23 often
297 1269 63 16 seen.
396 1260 77 25 There
492 1269 38 16 are
541 1269 70 24 many
619 1263 26 23 of

52 1295 38 23 the
103 1295 60 23 duck
175 1295 66 28 tribe,
254 1295 43 23 and
306 1299 106 27 amongst
420 1294 62 24 them
492 1295 38 23 the
537 1297 105 29 paradise

52 1328 61 24 duck
125 1326 181 34 (putangitangi)
318 1329 21 22 is
352 1328 149 31 particularly
516 1328 123 26 abundant.

52 1361 36 23 Its
105 1362 59 23 flesh
175 1363 20 22 is
214 1370 76 16 coarse
302 1361 46 24 and
365 1366 87 27 strong,
473 1362 45 23 and
530 1362 59 24 unfit
605 1363 36 24 for

52 1395 38 23 the
108 1396 68 29 table,
196 1395 42 24 but
257 1395 37 24 the
315 1394 64 24 other
396 1400 60 18 sorts
473 1403 38 16 are
529 1403 57 24 very
595 1397 45 23 fine

50 1429 124 23 flavoured.
210 1429 24 23 A
246 1429 87 30 species
346 1428 25 23 of
377 1428 85 24 bittern
472 1429 119 31 frequents
603 1430 37 23 the

50 1461 44 24 low
105 1462 55 23 land
179 1469 55 16 near
254 1462 37 23 the
303 1461 112 29 Rewaka,
433 1462 45 23 and
492 1462 21 23 is
532 1471 14 15 a
555 1463 52 24 bird
619 1464 24 23 of

50 1494 124 24 handsome
185 1495 107 32 plumage
299 1495 45 26 and
353 1495 63 31 large
426 1496 54 23 size.
518 1496 51 24 The
578 1499 63 22 other

50 1528 75 31 larger
134 1528 62 24 birds
209 1537 38 15 are
258 1528 88 24 several
356 1530 106 22 varieties
475 1530 26 22 of
515 1530 40 23 the
565 1530 76 24 falcon

50 1562 66 29 tribe,
138 1562 37 24 the
199 1562 159 31 wood-pigeon
381 1560 130 34 (kukupa,)
534 1563 45 24 and
601 1564 39 24 the

49 1594 71 31 kaka,
133 1595 37 24 the
181 1596 68 23 latter
261 1596 24 23 of
299 1595 73 24 which
383 1596 20 22 is
415 1601 48 18 met
473 1596 56 24 with
541 1597 24 23 in
576 1602 64 26 great

49 1629 86 31 plenty.
172 1629 52 24 The
235 1629 92 23 smaller
337 1629 63 23 birds
422 1638 37 15 are
471 1638 64 16 more
546 1638 93 17 numer-

50 1670 42 15 ous
104 1663 54 22 than
170 1662 39 24 the
228 1662 62 32 large
302 1671 62 21 ones,
386 1662 44 24 and
449 1669 63 18 some
529 1664 111 32 probably

48 1696 101 30 peculiar
162 1700 22 19 to
196 1696 46 24 this
254 1696 194 32 neighbourhood.
485 1697 52 23 The
548 1697 90 31 bright-

50 1729 122 31 plumaged
194 1734 109 27 paroquet
323 1728 148 33 (kakariko,)
489 1731 39 23 the
550 1731 89 31 elegant

49 1767 105 26 songster
166 1763 37 23 the
212 1764 41 28 tui,
265 1763 37 23 the
311 1763 74 29 robin,
398 1761 108 34 (pitoiti,)
518 1764 38 23 the
566 1766 72 23 active

47 1796 59 23 little
115 1796 135 30 flycatchers
259 1794 165 34 (tirakaraka,)
432 1798 54 23 with
495 1805 69 23 many
574 1798 64 24 other

48 1833 68 26 sorts,
135 1838 38 15 are
190 1838 55 23 very
257 1830 116 24 abundant
391 1831 25 22 in
433 1830 38 24 the
489 1831 86 30 woods,
593 1833 45 23 and

49 1863 90 24 enliven
157 1864 38 23 the
213 1864 34 23 air
257 1864 54 23 with
330 1864 60 23 their
401 1871 78 24 songs.
523 1864 76 25 There
617 1866 20 24 is

48 1896 48 24 also
114 1905 14 15 a
144 1896 135 32 kingfisher,
297 1897 105 24 different
418 1898 25 22 in
463 1897 116 32 plumage,
596 1900 42 23 but

47 1930 123 31 analagous
182 1931 24 23 in
217 1931 30 23 its
258 1930 76 24 habits
347 1935 22 19 to
381 1930 38 23 the
432 1931 90 24 British,
541 1934 94 29 species,

47 1963 49 23 that
108 1964 19 23 is
135 1963 129 32 frequently
274 1972 53 16 seen
337 1972 55 16 near
400 1964 38 24 the
446 1965 75 24 minor
531 1970 104 21 streams.

45 1996 36 23 As
94 2005 26 16 so
130 1997 58 24 little
200 1998 21 23 is
233 1997 84 24 known
329 1997 25 24 of
363 1998 38 23 the
414 1998 85 24 animal
510 2000 46 22 and
567 2007 69 24 vege-

46 2029 60 24 table
125 2030 110 31 kingdom
253 2031 24 23 in
289 2038 45 24 any
344 2035 53 26 part
409 2031 26 23 of
450 2031 58 24 New
526 2033 109 29 Zealand,

47 2063 45 23 this
104 2064 95 29 district,
212 2071 84 24 among
306 2064 67 23 other
383 2064 85 31 places,
478 2066 76 23 would
566 2066 70 24 afford

46 2105 13 15 a
69 2097 47 24 fine
134 2097 52 23 field
203 2097 37 24 for
257 2097 39 24 the
309 2098 142 23 naturalist's
470 2099 112 26 scientific
599 2101 36 22 in-

47 2131 85 31 quiries
144 2131 44 23 and
200 2131 139 24 researches.

80 2164 51 24 The
147 2165 89 23 natives
247 2165 54 23 here
317 2172 38 16 are
367 2165 85 31 mostly
463 2166 130 25 favourable
613 2172 22 20 to

44 2196 39 25 the
104 2198 131 23 settlement
254 2198 25 24 of
298 2207 15 15 a
334 2198 68 24 white
425 2200 134 31 population
583 2209 52 17 near

45 2231 70 24 them.
151 2231 67 31 They
228 2240 37 15 are
282 2231 89 33 rapidly
380 2233 127 33 beginning
518 2238 24 19 to
553 2243 82 23 appre-

43 2265 58 23 ciate
123 2264 38 25 the
181 2266 103 30 superior
307 2266 109 23 comforts
435 2267 43 23 and
497 2268 138 32 advantages

43 2298 26 23 of
79 2299 103 23 civilised
192 2299 48 29 life,
262 2299 44 24 and
318 2306 38 17 are
367 2307 57 23 very
436 2301 96 24 anxious
546 2306 23 19 to
581 2310 54 23 pro-

45 2339 52 16 cure
109 2341 14 14 a
133 2332 73 24 better
217 2332 57 24 kind
286 2332 25 24 of
326 2332 52 24 food
391 2333 54 23 than
465 2334 49 24 that
525 2339 25 19 to
561 2335 74 25 which

43 2365 55 31 they
109 2365 56 24 have
182 2365 100 25 hitherto
293 2367 57 23 been
372 2368 153 25 accustomed.
563 2369 71 25 Their

42 2398 47 24 diet
109 2399 26 23 of
150 2403 104 28 potatoes
276 2401 20 22 is
317 2400 123 32 becoming
457 2403 177 32 unsatisfactory

42 2436 22 19 to
85 2437 60 19 most
163 2433 25 24 of
203 2433 70 29 them,
292 2434 45 23 and
355 2433 65 24 those
438 2435 50 24 who
504 2436 59 25 have
581 2438 17 22 it
609 2438 25 23 in

44 2465 58 25 their
118 2474 75 23 power
215 2467 112 31 purchase
349 2468 60 23 flour
426 2468 45 24 and
493 2478 71 23 sugar
586 2475 23 19 to
621 2480 13 14 a

43 2500 154 23 considerable
216 2504 85 21 extent.
339 2501 73 24 Their
431 2503 66 23 mode
517 2504 27 23 of
563 2504 70 24 cook-

43 2534 41 30 ing
106 2534 21 22 is
150 2542 25 15 as
203 2538 40 27 yet
264 2543 54 22 very
338 2535 123 31 primitive,
483 2536 90 33 boiling
595 2539 38 23 the

43 2566 85 24 former
155 2567 63 23 loose
242 2568 24 23 in
290 2568 39 23 the
353 2572 42 27 pot
427 2569 45 24 and
501 2570 132 26 afterwards

42 2600 93 31 putting
146 2608 14 15 a
171 2602 104 30 quantity
282 2602 25 22 of
316 2609 70 23 sugar
398 2602 48 24 into
459 2603 24 30 it,
497 2603 54 25 thus
561 2605 72 24 form-

43 2634 41 30 ing
96 2642 13 14 a
120 2642 61 15 mess
198 2634 49 24 like
259 2635 126 24 sweetened
402 2641 73 26 paste,
494 2638 75 25 which
579 2638 54 33 they

43 2667 99 23 transfer
153 2672 22 19 to
188 2668 59 24 their
260 2669 90 23 mouths
362 2670 55 22 with
434 2675 65 26 great
510 2672 121 32 dexterity,

43 2700 32 31 by
85 2709 79 15 means
172 2701 24 24 of
203 2702 39 23 the
254 2701 80 25 knives
343 2703 45 23 and
394 2703 65 24 forks
468 2704 76 25 which
552 2711 81 19 nature

43 2741 58 23 gave
118 2734 69 24 them.
224 2735 67 32 They
307 2744 39 16 are
356 2743 57 24 very
424 2739 115 23 attentive'
552 2744 24 19 to
594 2741 39 23 the

42 2768 149 23 observances
210 2768 25 24 of
251 2769 103 31 religion,
374 2770 26 23 in
416 2770 76 25 which
510 2772 55 32 they
576 2774 57 24 have

42 2800 59 24 been
121 2802 103 23 initiated
245 2802 31 31 by
295 2803 39 23 the
342 2802 6 4 '
355 2804 164 26 missionaries.
568 2807 66 31 They

41 2834 60 24 have
111 2836 106 30 morning
231 2836 45 23 and
287 2837 97 30 evening
396 2845 93 23 prayers
501 2847 69 24 every
582 2841 51 31 day,

42 2868 47 23 and
109 2870 100 22 exercise
228 2869 136 24 themselves
383 2870 32 32 by
425 2872 142 33 catechizing
579 2875 54 24 each

42 2902 73 28 other,
127 2903 95 31 reading
229 2903 45 23 and
285 2904 92 30 singing
388 2904 84 31 hymns
482 2906 83 32 during
573 2913 60 19 most

40 2935 26 23 of
87 2936 58 23 their
163 2936 89 24 leasure
270 2936 79 25 hours.
395 2938 40 24 On
455 2939 107 32 Sundays
581 2941 53 32 they

42 2968 58 24 have
120 2971 85 22 service
217 2971 64 23 twice
301 2979 26 15 or
344 2971 65 24 three
427 2972 67 25 times
513 2974 79 32 a-day,
610 2980 23 19 to

43 3002 74 24 which
129 3003 53 32 they
193 3011 38 16 are
244 3004 71 24 called
323 3005 32 31 by
367 3005 37 23 the
417 3006 101 32 tinkling
527 3008 27 23 of
562 3017 15 15 a
587 3009 46 24 bell

77 3036 37 23 the
123 3038 84 23 service
219 3038 69 30 being
297 3038 55 23 read
363 3038 31 32 by
402 3047 42 16 one
452 3040 25 24 of
485 3040 40 24 the
535 3043 97 29 natives,

40 3069 51 23 who
105 3070 46 25 also
163 3070 130 32 frequently
304 3071 98 25 delivers
414 3081 14 15 a
440 3081 92 17 sermon
544 3080 88 20 extem-

40 3110 64 23 pore.
145 3103 66 32 They
230 3104 92 25 observe
339 3110 66 26 great
424 3106 108 26 decorum
550 3109 83 32 during

42 3136 39 22 the
93 3136 54 23 time
157 3137 27 23 of
193 3139 93 28 service,
302 3139 47 23 and
358 3148 60 16 none
430 3141 26 23 of
471 3141 64 25 them
547 3150 43 17 can
604 3144 29 23 be

42 3169 99 24 induced
158 3174 23 19 to
201 3171 28 23 do
247 3179 45 23 any
308 3172 57 24 kind
377 3173 26 24 of
418 3174 72 30 work,
510 3183 57 17 even
579 3177 26 23 of
619 3185 14 16 a

42 3203 77 23 casual
137 3207 87 26 nature,
240 3212 29 16 on
287 3213 13 15 a
312 3206 102 32 Sunday.
450 3207 52 25 The
519 3211 113 31 principal

38 3236 103 23 resident
152 3236 71 24 chiefs
242 3245 36 16 are
297 3238 85 31 Enaki,
403 3240 67 31 Ayti,
489 3243 46 23 and
547 3244 67 31 Epoa
623 3254 6 20 ;

41 3269 88 32 Epiko,
142 3269 48 25 who
202 3271 20 24 is
234 3278 14 16 a
263 3271 61 25 chief
334 3273 24 23 of
367 3277 96 21 another
473 3275 97 31 district,
583 3278 47 24 also

40 3303 88 24 resides
145 3303 53 24 here
210 3304 59 24 from
285 3305 85 26 choice.
405 3308 77 24 There
499 3317 48 23 are,
568 3311 62 24 how-

40 3345 61 21 ever,
120 3337 88 27 several
226 3338 75 23 others
313 3339 50 23 who
381 3341 60 24 rank
452 3350 25 15 as
488 3348 141 27 rangateras,

38 3378 28 15 ex
78 3371 138 30 gentlemen,
229 3371 49 24 who
289 3379 38 16 are
337 3372 54 25 held
400 3374 28 24 in
438 3376 78 32 nearly
525 3385 26 16 as
560 3379 70 24 much

38 3405 134 23 .estimation
184 3412 25 16 as
222 3404 38 24 the
273 3404 79 26 chiefs,
624 3421 4 7 ,

75 3438 48 23 But
139 3438 58 24 little
215 3445 63 16 more
295 3439 99 24 remains
412 3445 24 19 at
450 3448 95 25 present
560 3449 24 19 to
600 3445 28 25 be

40 3472 50 22 said
103 3472 26 22 of
142 3472 46 23 this
200 3472 96 29 district,
315 3472 39 24 the
365 3472 138 33 description
515 3477 26 24 of
555 3479 73 24 which

39 3512 70 24 many
122 3505 24 24 of
162 3513 58 23 your
231 3505 90 24 readers
333 3506 110 32 probably
456 3509 47 23 will
515 3510 64 24 deem
591 3516 37 20 too

37 3538 78 31 prolix
132 3539 99 31 already.
268 3539 24 24 It
311 3539 30 30 is,
358 3539 112 31 however,
492 3550 43 17 one
553 3545 75 25 which

38 3571 47 24 will
115 3572 129 32 eventually
272 3572 27 24 be
322 3572 27 25 of
374 3573 141 31 importance
537 3581 24 19 to
590 3579 38 23 the

38 3604 91 25 Nelson
156 3606 138 29 settlement,
323 3606 46 24 and
398 3612 63 19 must
488 3612 140 32 necessarily

40 3643 74 20 create
127 3647 61 16 some
200 3640 96 23 interest
306 3640 25 23 in
339 3640 58 23 such
408 3640 26 23 of
447 3641 31 24 its
486 3642 142 27 inhabitants

38 3680 26 14 as
77 3672 78 24 interfd
167 3677 22 19 to
202 3673 80 23 devote
294 3673 59 25 their
364 3674 113 24 attention
489 3676 45 23 and
546 3679 82 29 capital

39 3710 22 17 to
75 3705 38 24 the
127 3706 74 24 useful
219 3706 44 24 and
275 3706 120 32 agreeable
411 3708 104 30 pursuits
526 3710 27 24 of
567 3712 61 30 agri-

39 3738 96 25 culture.

74 3772 103 32 Hoping,
206 3773 120 31 therefore,
351 3774 101 32 speedily
480 3779 24 21 to
528 3784 39 16 see
590 3778 38 24 the

38 3804 88 31 plough
135 3807 25 22 in
172 3807 117 31 operation
305 3807 62 30 here,
381 3816 25 16 as
419 3808 14 24 I
449 3809 59 24 have
520 3809 71 25 heard
608 3812 20 23 is

39 3837 39 24 the
90 3846 51 16 case
151 3840 25 23 in
188 3840 38 23 the
238 3840 89 25 district
339 3842 25 23 of
378 3841 39 24 the
429 3842 114 31 Waimea,
559 3844 14 24 I
585 3844 43 32 beg

40 3877 22 17 to
76 3872 115 24 subscribe
203 3874 91 31 myself,
306 3875 40 29 sir,

232 3906 65 26 Your
309 3908 106 25 obedient
426 3915 99 26 servant,

72 3937 44 25 An
129 3938 116 27 Officer
256 3948 31 17 of
299 3949 52 17 the
364 3942 155 27 Surveying
531 3945 94 26 Sxaef.

39 3970 115 26 Motuaka
165 3973 106 31 District,
283 3974 57 31 July
349 3977 42 23 25.

1895 3914 76 18 Printed
1984 3916 38 17 and
2034 3917 98 20 published
2148 3922 56 18 every
2220 3919 113 22 Wednesday
2346 3919 38 17 and
2395 3917 80 19 Saturday

1915 3936 92 21 morning,
2021 3936 23 23 by
2063 3938 85 17 Samuel
2162 3939 91 20 Revakb,
2268 3941 20 17 at
2300 3940 33 22 pho
2347 3940 55 17 Office
2416 3939 20 17 of
2446 3937 29 17 the

1915 3957 51 17 New
1979 3957 99 19 Zeaiand
2089 3960 94 17 Gazette
2192 3964 43 13 and
2249 3957 134 21 Weilingxon
2397 3960 78 17 Specta*

1915 3982 44 15 toe,
1970 3978 159 24 Manners-strest,
2137 3980 117 23 Wellington,
2265 3981 42 19 Pork
2319 3981 103 20 Nicholson,
2434 3979 41 18 Now

1916 3999 88 17 Zealand.

556 41 98 45 arijc
678 39 119 43 Ttftito
823 39 210 42 Zcatautr
1058 40 191 41 i&aKttt
1273 40 92 40 amtr
1385 39 307 47 WKtttnqton
1715 36 257 50 jK*tatoi\

1907 126 222 26 WHOLESALE
2159 128 127 24 PRICES
2316 128 178 29 CURRENT.

2009 166 132 16 CORRECTED
2157 168 29 14 UP
2201 167 29 15 TO
2244 166 54 16 LAST
2314 167 82 15 NIGHT.

2082 192 7 8 ''
2287 197 15 14 I.
2326 194 19 17 d.
2399 194 17 17 &
2434 198 21 15 ..
2477 197 20 16 d.

1907 218 53 24 Alb
1966 218 52 26 :Jn
2025 219 78 29 bottle,
2110 227 42 21 per
2161 221 72 23 hhd...
2251 222 14 23 7
2291 223 14 21 0
2331 223 15 21 0
2363 236 8 7 .
2376 237 5 7 .
2401 224 13 20 0
2441 225 14 20 0
2481 227 14 19 0

2084 254 40 20 per
2129 248 102 22 barrel..
2249 250 14 20 5
2291 251 13 20 0
2331 250 14 21 0
2362 263 19 7 ..
2400 251 13 19 0
2441 251 14 21 0
2481 253 14 20 0

2082 274 92 28 perdoz
2250 277 53 21 013
2331 277 15 21 0
2362 290 18 8 ..
2397 277 16 23 .0
2441 278 13 20 0
2481 280 15 20 O

1907 299 100 22 Arrack
2015 307 7 14 j
2036 299 43 23 Per
2087 301 46 27 gal.
2142 302 25 21 in
2176 301 71 25 bond,
2251 304 14 20 o
2292 304 10 21 1
2332 303 49 21 9..
2401 304 13 21 0
2441 305 14 20 2
2481 309 14 20 o

1905 326 96 22 Bread:
2015 326 45 22 Per
2067 327 45 23 2lb.
2124 327 51 23 loaf
2187 341 48 9 ....
2252 331 15 20 0
2292 331 13 20 0
2332 330 13 21 7
2363 344 18 6 ..
2400 331 14 20 0
2436 331 19 21 -0
2481 333 14 19 0

1906 352 75 25 Beef;
1997 352 77 29 Fresh,
2093 361 90 17 carcase
2198 361 42 21 per

2025 379 24 22 lb
2183 395 48 11 ....
2249 384 14 19 0
2289 383 12 20 0
2317 384 27 20 10
2361 396 19 8 ..
2398 385 15 19 0
2439 384 16 20 0
2479 386 15 19 0

2015 406 55 28 Salt,
2075 414 46 20 ,per
2133 408 69 22 tierce
2215 422 6 7 .
2228 422 6 7 .
2274 415 58 16 none
2362 411 134 21 ..000

2016 432 44 23 Do.
2069 441 41 19 per
2123 434 74 23 barrel
2214 448 7 7 .
2227 448 7 7 .
2272 442 59 16 none
2362 437 133 21 ..000

1905 458 109 23 Butter:
2029 460 66 27 Irish,
2104 461 79 27 perlb.
2216 475 19 7 ..
2272 469 59 15 none
2362 476 19 12 .
2399 465 14 19 0
2441 464 14 20 0
2482 465 14 20 0

2028 486 70 23 Fresh
2252 490 14 21 0
2291 491 14 20 3
2332 490 14 21 3
2364 502 18 9 ..
2401 492 13 20 0
2442 491 14 20 0
2481 492 15 20 0

1906 512 83 23 Strand
1994 520 11 15 y
2012 521 6 14 j
2032 513 59 22 First
2098 514 92 28 quality,
2198 522 41 20 per

2056 540 77 27 gallon
2141 541 25 22 in
2176 542 63 21 bond
2251 544 14 20 0
2291 542 14 23 7
2331 544 14 20 0
2362 556 7 7 .
2375 557 6 6 .
2400 545 13 19 0
2441 544 14 20 9
2481 545 14 20 0

1901 566 94 22 'Brown
2013 566 87 23 Stout:
2124 575 41 20 per
2178 567 55 22 hhd.
2248 570 13 20 6
2275 570 26 21 10
2328 571 14 20 0
2360 584 19 7 ..
2399 570 14 22 7
2440 571 13 20 0
2480 573 15 19 0

1906 594 101 22 Cigars:
2019 593 103 29 Manilla,
2129 601 41 21 per
2175 596 62 26 1000,
2251 597 14 20 3
2291 598 14 19 0
2331 598 50 20 0..
2399 598 14 20 0
2441 598 14 20 0
2481 599 14 19 0

2016 620 97 23 Inferior
2251 624 11 20 1
2279 624 25 20 18
2331 625 14 19 0
2362 637 18 7 ..
2398 625 15 20 2
2440 624 13 21 0
2481 626 14 19 0

2016 647 136 27 Havannah,
2158 655 41 20 per
2204 648 33 21 lb.
2271 655 58 16 none
2357 651 56 21 .0
2439 651 14 20 0
2479 653 15 19 0

2015 674 170 28 Chinsurahper
2191 676 70 21 10001
2277 678 26 19 10
2330 678 14 20 0
2355 690 25 8 ....
2398 678 14 20 0
2436 678 17 22 .0
2479 679 14 20 0

2014 700 157 23 Alexandrian
2182 715 49 8 ....
2250 703 10 21 1
2276 704 27 20 10
2329 704 14 21 0
2360 717 19 7 ..
2397 705 14 20 0
2438 705 14 20 0
2479 706 14 20 0

1905 728 101 22 Coffee:
2018 728 64 27 Java,
2092 735 41 21 per
2140 728 33 23 lb.
2185 742 47 7 ....
2249 730 14 21 0
2290 730 13 21 0
2317 731 28 20 10
2361 744 19 7 ..
2397 731 15 21 0
2439 731 12 20 1
2479 732 15 20 3

1906 754 104 23 Cheese:
2025 754 107 23 Cheshire
2157 758 107 19 ......0
2291 758 10 19 1
2330 758 83 20 6..0
2440 759 13 19 0
2480 760 15 19 0

2024 782 55 22 Pine
2089 782 75 28 Apple
2184 784 80 21 ....0
2291 784 12 21 0
2330 785 15 20 0
2362 798 18 7 ..
2399 786 13 20 0
2441 785 11 20 1
2479 786 15 20 2

2023 808 77 23 Dutch
2251 811 14 21 0
2291 811 13 21 0
2331 811 50 21 0..
2419 817 60 15 none

1905 834 108 23 Candles
2020 842 5 14 :
2031 835 95 27 English
2133 843 56 21 wax,
2196 844 42 20 per

2050 862 23 21 lb
2212 864 20 20 ;.
2250 865 13 20 0
2290 865 13 20 3
2330 865 14 20 0
2361 878 19 9 .
2399 866 13 20 0
2435 865 19 22 .0
2480 867 14 20 0

2035 888 83 23 Mould
2249 892 13 20 0
2290 892 10 20 1
2315 892 28 21 .3
2361 905 19 7 ..
2398 893 13 20 0
2439 893 14 20 0
2479 894 15 20 0

2037 915 57 28 Dips
2248 919 14 19 0
2289 919 9 19 1
2328 919 14 20 0
2359 932 19 7 ..
2392 920 19 20 ,0
2426 920 27 24 .0
2479 921 14 19 0

1905 941 95 24 Flour:
2009 942 131 28 lstquality,
2151 945 84 25 perton
2388 944 9 28 <|

2028 970 28 21 of
2065 970 54 21 2000
2129 969 42 22 lbs.
2181 966 79 26 ...i'2B
2288 972 12 20 0
2328 972 13 20 0
2359 972 52 22 ..30
2437 973 14 20 0
2478 974 14 20 0

2004 995 47 23 2nd
2061 996 56 22 ditto
2249 998 14 21 0
2289 999 13 20 0
2329 999 14 20 0
2360 999 51 21 ..20
2438 1000 14 20 0
2479 1001 13 19 0

1905 1022 61 23 Gin:
1987 1022 53 23 Pale
2057 1023 24 22 in
2091 1023 61 22 bond
2249 1025 13 20 0
2289 1025 12 21 3
2329 1026 13 20 0
2360 1039 18 7 ..
2397 1027 13 19 0
2428 1026 24 20 -4
2477 1028 16 19 6

1955 1050 63 26 Case,
2026 1051 14 20 4
2047 1050 37 26 gal
2092 1051 37 20 4-5
2138 1050 25 22 in
2172 1050 63 22 bond
2248 1052 15 20 0
2289 1053 12 19 0
2328 1053 14 19 0
2359 1066 6 6 .
2373 1066 5 7 .
2397 1054 11 20 1
2437 1053 14 21 8
2478 1055 13 19 0

1905 1076 83 23 Hams:
2003 1076 130 28 Yorkshire,
2147 1077 87 28 perlb.
2249 1079 14 20 0
2290 1079 13 20 0
2329 1080 14 20 0
2361 1093 17 7 ..
2397 1081 14 20 0
2439 1080 14 20 0
2479 1082 16 19 O

1904 1103 117 23 Mustard
2027 1111 6 14 :
2048 1103 44 22 Per
2100 1104 73 22 dozen
2185 1107 78 19 ....0
2277 1106 25 20 13
2331 1107 81 21 0..0
2439 1107 15 20 0
2480 1109 15 19 0

1904 1130 117 22 Mdtton:
2041 1131 94 22 Carcase
2144 1139 41 20 per
2193 1131 24 21 lb
2228 1147 6 6 .
2249 1133 14 20 0
2290 1133 12 19 0
2329 1133 14 20 9
2361 1147 18 7 ..
2398 1135 13 19 0
2439 1134 14 20 0
2467 1135 24 20 11

1904 1157 124 22 Muskets:
2043 1157 94 22 Walnut
2143 1158 94 22 stocked
2250 1160 13 20 0
2290 1160 13 20 0
2330 1161 13 19 0
2361 1173 19 8 ..
2398 1161 13 21 0
2427 1160 25 21 15
2480 1163 14 19 0

1905 1184 80 22 Milk:
2000 1184 43 22 Per
2049 1184 49 27 pint
2249 1187 13 19 0
2289 1187 12 19 0
2329 1187 13 20 3
2361 1201 18 6 ...
2397 1189 14 19 0
2439 1188 14 19 0
2479 1189 14 19 4

1905 1210 44 23 Oil
1957 1218 5 14 :
1978 1210 104 26 Linseed,
2092 1218 41 20 per
2140 1212 78 26 gallon
2227 1213 35 20 .0
2289 1212 11 21 5
2329 1214 13 20 0
2361 1227 5 6 .
2374 1227 5 7 .
2397 1215 14 20 0
2439 1213 14 22 7
2480 1217 14 19 0

1979 1237 78 27 Black,
2061 1238 25 21 in
2090 1238 173 27 cask,pertonl7
2278 1240 25 20 10
2331 1241 13 19 0
2361 1253 19 8 ..
2398 1242 14 19 0
2439 1242 14 20 0
2479 1243 15 19 0

2016 1264 78 27 Sperm
2233 1266 25 21 75
2287 1266 11 20 0
2326 1266 12 20 0
2357 1280 20 8 ..
2395 1268 13 19 0
2436 1268 13 19 0
2477 1269 14 19 0

1904 1290 77 23 Pork:
1997 1291 77 27 Fresh,
2091 1298 89 16 carcase
2195 1299 42 20 per

2022 1318 23 21 lb
2248 1320 13 20 0
2288 1321 12 20 0
2328 1319 12 21 5
2359 1334 19 7 ..
2396 1323 13 20 0
2437 1323 14 20 0
2477 1324 16 20 0

1903 1344 79 22 Pork:
1999 1344 64 28 Irish,
2074 1352 41 20 per
2123 1345 75 22 barrel
2210 1359 19 7 ..
2248 1347 13 20 0
2288 1348 12 20 0
2328 1349 51 19 0..
2410 1354 62 16 none

1903 1371 132 23 Potatoes:
2056 1372 56 22 New
2126 1372 108 28 Zealand,

2079 1406 42 20 per
2128 1402 39 18 ton
2246 1400 12 20 5
2287 1402 12 20 0
2327 1402 82 22 0..0
2436 1404 14 20 0
2477 1405 13 19 0

1903 1425 96 23 Porter
2006 1433 7 14 :
2040 1425 104 28 Dunbar,
2154 1426 25 22 in
2185 1426 48 22 bot.

2071 1460 40 20 per
2121 1453 43 21 doz
2247 1455 13 20 0
2275 1455 24 21 13
2327 1456 13 20 0
2358 1469 6 7 .
2371 1470 6 6 .
2395 1458 14 20 0
2436 1458 15 20 0
2477 1459 16 19 O

2013 1479 86 28 Bryant
2108 1480 46 21 and
2162 1480 72 22 Davis
2248 1482 13 20 0
2287 1483 14 19 0
2327 1483 14 21 0
2358 1495 20 8 ..
2395 1485 14 20 0
2437 1485 14 20 0
2477 1486 13 20 0

1903 1505 100 23 Pickles
2014 1514 6 14 :
2050 1507 117 27 Assorted,
2195 1514 42 20 per

2076 1530 58 30 doz.,
2159 1537 76 24 quarts
2250 1535 50 21 11
2329 1537 13 20 0
2360 1549 19 8 ..
2398 1539 13 20 0
2438 1538 15 21 0
2479 1539 12 19 0

1903 1560 75 22 Pitch
1990 1567 6 15 j
2028 1560 138 27 Stockholm,
2195 1568 42 20 per

2053 1587 73 22 barrel
2249 1589 14 21 0
2289 1591 13 19 0
2329 1591 14 20 0
2360 1591 19 20 .'.
2398 1592 11 20 1
2426 1592 27 21 10
2480 1594 14 20 0

1903 1614 83 22 Plank
1993 1621 6 15 :
2026 1614 53 22 Port
2101 1614 133 29 Nicholson,

2053 1648 40 21 per
2102 1643 41 20 100
2152 1641 47 23 feet
2211 1657 6 5 .
2223 1656 7 6 .
2246 1644 16 23 .0
2289 1645 12 19 0
2328 1645 13 20 0
2359 1657 6 7 .
2372 1658 6 7 .
2394 1646 13 22 I
2437 1646 12 20 1
2477 1648 13 19 0

1903 1667 59 23 Rice
1967 1676 7 14 ;
1987 1668 109 22 Common
2105 1676 42 20 per
2152 1671 49 19 cwt.
2213 1683 5 7 .
2225 1683 7 7 .
2250 1671 13 20 0
2290 1672 11 20 0
2329 1673 13 19 0
2360 1685 6 7 .
2373 1686 6 6 .
2397 1673 14 21 0
2437 1674 14 20 0
2477 1675 14 19 0

1987 1695 65 23 Good
2249 1698 11 20 1
2287 1699 13 20 6
2328 1699 13 21 0
2358 1712 19 7 ..
2396 1700 11 21 1
2435 1700 15 21 8
2477 1702 13 19 0

1902 1721 57 23 Rum
1966 1729 5 15 :
1988 1722 25 22 P.
2024 1722 26 22 B.
2061 1722 33 27 P.,
2109 1730 41 20 per
2158 1723 77 27 gallon

2023 1750 26 21 in
2063 1749 62 23 bond
2248 1752 13 25 ,0
2287 1752 13 20 4
2328 1752 12 20 0
2359 1765 5 7 .
2372 1767 6 6 .
2396 1754 13 20 0
2435 1753 14 21 5
2477 1756 14 19 0

1903 1776 79 22 Sugar
1987 1784 5 15 i
2009 1776 119 22 Mauritius
2138 1784 41 20 per
2185 1781 50 19 cwt.
2250 1779 13 21 0
2290 1780 13 20 0
2330 1781 50 20 0..
2412 1787 57 14 none

2012 1804 81 22 Brown
2107 1803 56 22 ditto
2247 1806 9 20 1
2274 1807 24 20 14
2325 1808 14 19 0
2357 1821 5 6 .
2369 1821 6 6 .
2394 1808 13 20 2
2435 1809 13 20 0
2475 1809 14 20 0

2012 1831 96 22 Refined
2123 1831 55 28 loaf,
2194 1839 41 20 per

2037 1858 24 22 lb
2248 1861 13 19 0
2289 1861 12 19 0
2329 1861 13 20 9
2360 1874 19 7 ..
2397 1862 13 20 0
2437 1862 14 21 0
2477 1864 16 19 0

2013 1885 95 22 Manilla
2127 1892 41 21 per
2181 1888 49 20 cwt.
2246 1888 12 20 0
2286 1888 12 20 0
2326 1890 50 18 0..
2395 1888 66 21 None

1903 1911 59 23 Salt
1970 1918 6 15 :
1992 1911 127 29 Liverpool,
2128 1920 41 19 per
2179 1915 39 20 ton
2227 1914 33 21 .3
2288 1915 12 20 0
2328 1916 12 19 0
2359 1928 6 7 .
2371 1928 7 7 .
2395 1916 14 21 4
2436 1917 13 20 0
2477 1918 12 19 0

1902 1939 60 22 Soap
1971 1946 6 15 :
2004 1939 102 22 Hawes's
2129 1939 104 28 London,

2029 1969 86 24 perton
2232 1967 27 22 35
2288 1969 12 20 0
2327 1969 13 20 0
2358 1981 20 8 ..
2396 1969 12 20 0
2437 1970 14 21 0
2477 1972 13 19 0

2021 1993 119 28 Liverpool
2232 1995 27 20 26
2287 1996 12 19 0
2326 1996 14 20 0
2357 2008 19 7 ..
2394 1998 14 19 0
2426 1997 22 20 .0
2476 1998 13 19 0

1901 2019 93 22 Starch
2001 2026 5 14 :
2022 2019 43 21 Pet
2072 2020 24 20 lb
2194 2022 7 18 :
2209 2034 6 6 .
2223 2034 5 6 .
2248 2022 52 19 0-0
2326 2023 38 19 9.
2371 2035 6 6 .
2395 2024 54 20 0.0
2477 2026 14 18 O

1901 2045 144 23 Scantling:
2061 2045 43 23 Per
2110 2047 42 21 100
2160 2046 55 22 feet
2223 2060 5 7 ..
2248 2048 13 20 0
2288 2048 12 20 0
2327 2048 14 21 0
2359 2061 18 7 ..
2396 2050 11 20 1
2436 2051 14 25 Q
2477 2052 13 19 a

1890 2070 2 22 i
1901 2072 128 23 Shingles:
2045 2073 44 21 Per
2095 2075 62 26 1000,
2166 2073 64 22 N.Z.
2248 2075 9 20 1
2288 2075 8 20 1
2326 2076 14 19 0
2358 2087 18 8 ..
2396 2077 10 20 1
2435 2076 13 21 5
2476 2078 13 20 0

2031 2099 72 28 Ditto,
2124 2099 28 23 V,
2164 2100 29 22 D.
2204 2100 27 22 L.
2245 2101 13 21 2
2286 2103 12 20 0
2326 2103 13 20 0
2357 2115 6 7 .
2370 2106 6 16 ;
2395 2104 13 20 0
2435 2106 14 19 0
2475 2106 14 19 0

1900 2127 52 22 Tar
1957 2134 7 14 5
1980 2127 54 22 Coal
2248 2128 8 21 1
2286 2129 12 20 5
2327 2130 13 19 0
2358 2142 19 7 ..
2395 2132 14 19 0
2436 2132 14 20 0
2476 2133 12 19 0

1983 2153 131 23 Stockholm
2249 2156 10 20 1
2276 2156 25 21 10
2328 2157 13 20 0
2359 2170 19 6 ..
2396 2158 13 21 0
2436 2159 14 20 0
2476 2160 13 19 0

1901 2181 48 22 Tea
1958 2188 5 15 j
1973 2181 81 27 Hyson
2060 2181 55 27 skin,
2121 2188 41 20 per
2171 2181 64 22 chest
2248 2181 12 22 7
2288 2182 12 23 7
2327 2184 13 20 0
2358 2185 51 20 ..10
2436 2186 13 20 0
2475 2187 13 20 0

1977 2208 94 27 Congou
2235 2210 27 21 12
2288 2211 13 20 0
2328 2212 13 19 0
2359 2223 19 8 .-.
2396 2214 13 19 0
2436 2214 13 19 0
2475 2214 13 20 0

1901 2235 106 22 Tobacco
2015 2243 7 14 ;
2034 2235 144 28 Negrohead,
2194 2243 41 19 per

2060 2262 32 22 lb.
2105 2262 24 22 in
2145 2262 60 23 bond
2248 2264 12 21 0
2288 2264 8 21 1
2327 2265 49 20 0..
2395 2267 13 20 0
2435 2268 14 20 0
2475 2268 13 21 0

1901 2289 165 23 Turpentine:
2080 2290 45 21 Per
2129 2290 100 26 gallon..
2248 2292 13 20 0
2288 2292 12 21 8
2327 2293 14 20 0
2358 2304 20 8 ..
2397 2294 13 20 0
2436 2295 14 20 0
2475 2295 13 20 0

1901 2316 152 23 Whalebone
2059 2324 5 14 :
2080 2317 44 22 Per
2132 2320 40 19 ton
2182 2331 46 7 ....
2234 2318 26 21 85
2288 2320 12 20 0
2327 2320 14 20 0
2358 2332 6 7 .
2372 2333 5 6 .
2383 2321 26 20 90
2435 2322 14 20 0
2475 2323 11 19 0

1901 2342 70 25 Wine
1979 2351 6 15 j
2000 2344 89 27 Sherry,
2099 2351 41 21 per
2147 2344 81 28 pipe..
2233 2346 27 20 28
2288 2346 12 21 0
2327 2347 82 21 0..40
2435 2349 14 20 0
2475 2349 11 20 0

2009 2371 73 27 Ditto,
2096 2378 42 20 per
2149 2371 83 25 .dozen.
2248 2374 10 19 1
2286 2374 19 20 4-
2326 2374 14 21 0
2357 2386 19 8 ..
2394 2375 20 20 2-
2435 2376 14 20 0
2475 2377 11 19 0

2011 2398 61 28 Port,
2080 2405 42 21 per
2131 2398 50 28 pipe
2206 2401 52 20 ..28
2285 2401 13 20 0
2324 2402 14 20 0
2355 2402 53 20 ..60
2434 2403 14 20 0
2473 2403 11 20 0

2078 2433 41 20 per
2129 2426 49 21 doz.
2207 2439 6 7 .
2220 2440 7 7 .
2246 2428 11 20 1
2285 2428 13 21 8
2324 2429 15 20 0
2356 2441 5 7 .
2369 2441 6 7 .
2393 2429 14 21 2
2434 2430 12 20 8
2473 2431 11 19 0

2008 2452 153 28 Champagne,
2176 2452 56 23 ditto
2246 2455 12 20 2
2285 2454 13 21 5
2324 2456 15 20 0
2356 2467 19 8 .
2394 2457 12 19 3
2421 2457 27 21 10
2474 2457 11 21 0

1901 2479 123 23 Poultry:
2038 2480 81 27 Fowls,
2125 2480 97 28 per.pair
2228 2496 6 7 .
2249 2483 12 20 0
2289 2482 12 21 8
2328 2483 13 20 0
2359 2496 19 7 ..
2395 2484 14 20 0
2423 2485 27 19 16
2475 2485 13 19 0

2036 2507 86 27 Ducks,
2133 2507 56 22 ditto
2209 2521 6 8 .
2222 2522 6 7 .
2248 2509 53 21 016
2327 2510 13 20 0
2358 2522 6 7 .
2371 2523 6 7 .
2395 2511 13 20 0
2435 2511 14 21 0
2475 2511 11 21 0

2038 2534 81 28 Geese,
2129 2535 56 21 each
2208 2548 6 8 .
2248 2536 10 20 1
2287 2537 12 20 0
2326 2537 14 20 0
2357 2549 29 7 ...
2394 2538 14 20 0
2434 2539 14 19 0
2474 2539 11 20 0

2035 2561 111 28 Turkeys,
2157 2561 57 23 each
2249 2563 10 21 1
2288 2565 12 20 0
2327 2565 13 20 0
2358 2577 20 7 ..
2395 2565 14 21 0
2436 2566 14 20 0
2475 2566 11 20 0

2037 2588 104 28 Pigeons,
2152 2589 80 28 (wild,)

2063 2623 40 20 per
2111 2616 51 27 pair
2182 2618 79 20 ....0
2288 2619 12 19 0
2327 2619 82 21 0..0
2434 2620 14 20 2
2475 2621 12 19 0

2035 2642 86 27 Ducks,
2129 2643 37 22 do.
2177 2643 52 23 do..
2248 2645 12 20 0
2288 2645 11 20 5
2326 2646 15 20 0
2358 2659 20 7 ..
2395 2648 14 20 0
2435 2648 14 20 0
2475 2647 11 20 0

1899 2670 76 22 Eggs:
1991 2670 43 22 Per
2044 2669 102 23 dozen..
2248 2672 13 20 0
2286 2672 14 20 3
2327 2673 14 20 0
2358 2685 19 8 ..
2395 2675 14 19 0
2436 2675 13 20 0
2475 2675 12 19 0

1900 2723 78 23 Cows:
1992 2723 72 23 Milch
2232 2725 28 21 20
2287 2727 12 19 0
2326 2727 13 20 0
2357 2727 51 21 ..30
2435 2729 13 20 0
2474 2729 12 20 0

1893 2749 104 24 'Mares:
2011 2751 76 22 Brood
2230 2753 28 21 50
2284 2754 14 20 0
2324 2754 14 20 0
2355 2755 53 21 ..90
2434 2756 14 20 0
2474 2757 11 19 0

1900 2777 117 23 Working
2033 2778 133 22 Bullocks:
2188 2778 46 22 Per

1926 2805 50 30 pair
2122 2807 139 24 ...-....40
2288 2807 12 21 0
2326 2809 14 19 0
2358 2809 51 21 ..60
2436 2810 14 20 0
2475 2809 11 21 0

1900 2831 64 23 Hire
1975 2839 27 15 of
2011 2839 69 15 ditto
2087 2840 6 14 :
2105 2831 47 24 Per
2159 2833 52 28 day,
2220 2840 14 15 a

1927 2862 61 19 team
1998 2859 46 22 and
2050 2859 74 23 driver
2193 2861 66 26 .,1
2288 2862 12 20 0
2327 2863 14 20 0
2358 2875 20 8 ..
2395 2863 14 21 2
2435 2864 14 20 0
2474 2864 12 20 0

1900 2886 89 23 Sheep:
2004 2885 63 24 Each
2248 2889 10 21 1
2286 2890 13 20 0
2326 2890 14 20 0
2357 2902 19 8 ..
2395 2890 25 21 1'
2434 2891 14 20 8
2473 2891 11 20 0

1899 2913 64 23 Boat
1974 2913 75 23 Hire:
2063 2913 44 23 Per
2112 2914 51 33 day,
2169 2914 65 23 with-

2091 2945 42 19 out
2140 2941 74 23 hands
2224 2958 6 6 .
2246 2943 53 23 010
2325 2944 15 21 0
2357 2957 20 7 .-
2395 2944 10 21 1
2434 2946 15 20 0
2473 2945 11 20 0

1900 2995 88 23 Wages
1994 3003 6 14 j
2028 2995 141 29 Mechanics,
2193 3004 42 20 per

1919 3033 7 5 -
2054 3023 63 22 week
2247 3024 13 21 2
2288 3025 90 21 00..
2395 3026 13 21 3
2435 3027 14 20 0
2472 3026 12 30 f

2036 3049 128 24 Labourers
2181 3065 47 10 ..,..
2248 3052 10 21 1
2274 3052 26 21 10
2326 3054 14 19 0
2357 3065 20 8 ..
2396 3054 11 20 1
2422 3054 27 20 16
2473 3053 11 20 0

2079 3092 6 6 *
2136 3078 122 26 DUTIES.

1900 3104 101 23 British
2011 3105 91 23 Spirits
2292 3120 6 8 ,
2316 3108 32 21 4s.
2358 3114 41 21 per
2407 3106 76 28 gallon.

1900 3131 107 23 Foreign
2018 3132 56 23 ditto
2315 3135 33 22 ss.
2359 3141 39 21 per
2406 3134 76 28 gallon.

1898 3158 108 28 TosAccp
2014 3160 178 28 manufactured,
2198 3174 102 9 ........
2318 3163 30 20 Is.
2357 3169 41 21 per
2406 3162 31 22 lb.

2013 3186 218 25 Unmanufactured.
2238 3202 7 8 .
2252 3202 6 7 .
2264 3202 7 7 .
2281 3202 5 8 .
2315 3188 36 23 9d.
2362 3196 40 20 per
2409 3188 32 23 lb.

1900 3213 144 23 Snuff.....'
2128 3228 171 11 ,..,.......
2316 3218 30 20 2s.
2356 3216 79 27 perlb.

1900 3240 88 23 Cigars
2317 3245 31 20 2s.
2358 3250 41 20 per
2402 3243 35 22 Jb.

1898 3267 85 24 Wines
2297 3270 36 22 .15
2340 3271 46 26 [per
2395 3273 59 19 cent'

1898 3294 57 29 Tea,
1957 3310 13 15 s
1969 3296 87 28 Sugar,
2072 3297 88 28 Flour,
2178 3297 98 27 Wheat,
2282 3298 21 21 T
2336 3315 5 2 -
2368 3311 1 6 ,
2391 3293 17 19 '

1917 3322 47 22 and
1973 3323 64 23 other
2040 3324 95 28 jtGRAm,
2145 3326 14 20 5
2169 3331 40 21 per
2218 3328 58 18 cent.
2288 3319 6 27 I
2338 3331 27 14 *
2372 3329 5 9 *
2386 3334 10 11 v

1898 3348 42 24 All
1948 3350 64 22 other
2021 3350 108 24 Foreign
2133 3350 143 30 productions
2287 3349 13 24 f
2319 3339 29 21 ad
2357 3339 104 24 valorem.
2471 3359 3 7 ,

1912 3376 46 23 and
1962 3378 169 22 manufactures
2138 3381 10 20 1
2152 3380 12 20 0
2170 3385 41 20 per
2282 3374 18 24 1>
2339 3393 2 6 ,
2381 3391 3 6 .
2411 3378 28 21 ,'

2102 3405 187 24 EXCHANGE.

1899 3444 69 23 Bank
1976 3444 52 24 bills
2037 3452 30 16 on
2075 3446 97 23 London
2204 3433 18 42 j3Oj
2227 3433 29 21 30
2270 3433 28 23 da
2298 3442 15 33 l
2314 3442 10 15 a
2338 3436 19 22 si
2357 3436 47 33 sM>
2421 3438 14 21 2
2448 3444 12 21 P
2461 3442 21 17 er

1904 3484 11 2 _
2210 3468 12 19 L
2260 3466 59 18 cent,
2328 3470 117 19 premium.

1900 3484 36 23 On
1944 3485 99 28 5ydney.
2051 3490 101 20 ;......,
2319 3490 75 23 Ditto.

1898 3512 91 22 Private
1998 3510 50 25 bills
2065 3526 156 10 ............
2296 3516 114 25 Nominal.

1919 3576 39 17 The
1968 3576 50 17 New
2028 3576 99 18 Zealand
2138 3578 94 17 Gazette
2238 3580 36 17 and
2284 3580 135 19 Welmngtok
2430 3581 52 18 Spec-

1893 3600 69 14 tator
1967 3597 17 16 is
1990 3597 97 21 published
2093 3602 56 18 every
2154 3599 115 22 Wednesday
2279 3602 36 17 and
2324 3602 94 19 Saturday.
2439 3602 40 17 Sub-

1895 3618 64 21 joined
1964 3622 32 12 are
2003 3618 30 16 the
2039 3619 65 17 terms:
2277 3631 5 2 -
2289 3632 9 12 rf

1919 3639 63 16 Price
1990 3642 24 13 op
2020 3644 41 12 the
2067 3640 76 18 Paper.
2166 3640 57 22 Forty
2227 3642 83 22 shillings
2315 3648 33 17 per
2359 3648 73 17 annum,
2442 3646 39 19 pay*

1897 3659 40 18 able
1943 3659 20 17 in
1969 3659 91 21 advance;
2071 3665 21 12 or
2097 3665 36 13 one
2139 3662 77 22 shilling
2219 3663 32 17 for
2256 3665 58 21 single
2319 3666 92 16 numbers.

1919 3680 156 18 Advertisements
2080 3682 41 17 will
2126 3684 33 15 not
2165 3688 67 17 appear
2241 3685 20 16 in
2272 3686 31 16 the
2312 3686 80 20 ensuing
2401 3686 79 19 number^

1897 3701 17 17 if
1921 3701 86 18 received
2011 3702 47 17 later
2065 3703 44 17 than
2121 3705 20 16 10
2148 3703 75 23 o'clock,
2231 3710 48 16 a.m.,
2286 3711 22 12 on
2316 3707 31 17 the
2353 3706 90 21 mornings
2450 3706 28 16 be-

1896 3722 38 17 fore
1948 3723 119 20 publication.
2087 3724 162 20 Advertisements
2261 3727 38 17 will
2307 3728 22 17 be
2340 3727 97 18 continued
2443 3726 33 17 and

1896 3743 80 21 charged
1985 3744 49 16 until
2043 3746 168 21 counter-ordered;
2223 3748 45 17 such
2275 3748 51 18 order
2331 3750 52 16 must
2387 3750 22 16 be
2416 3748 39 17 sent
2460 3748 17 14 to

1896 3764 33 17 the
1938 3765 56 16 Office
2006 3766 35 16 two
2060 3766 43 22 days
2122 3767 62 18 before
2194 3769 117 20 publication,
2322 3770 37 16 and
2369 3770 49 16 must
2427 3770 21 16 be
2456 3767 19 17 in

1896 3785 79 21 writing.
1999 3786 158 20 Advertisements
2170 3790 84 17 received
2270 3790 52 21 after
2338 3792 22 15 10
2375 3790 65 17 o'clock
2453 3792 22 13 on

1896 3806 85 21 Tuesday
1993 3807 44 19 and,
2040 3807 67 23 Friday
2115 3810 96 22 mornings
2222 3811 39 17 will
2270 3811 23 17 be
2302 3811 78 21 charged
2388 3811 51 17 twice
2446 3809 29 17 the

1896 3827 54 17 usual
1954 3828 55 16 Tates.

1917 3847 31 18 All
1953 3848 68 21 orders,
2032 3849 158 23 advertisements,
2202 3852 38 16 and
2250 3853 159 17 communications
2420 3853 19 15 to
2449 3850 28 17 the

1896 3868 70 21 Editor,
1970 3873 33 13 are
2009 3872 98 19 requested
2111 3873 20 16 to
2138 3873 22 16 be
2166 3873 100 17 addressed
2271 3875 19 15 to
2296 3873 37 17 this
2339 3873 61 17 Office.

1427 128 88 19 Town
1529 127 77 20 Land
1617 126 43 22 for
1674 127 81 22 Sale.-

1293 159 92 50 THE
1400 159 72 23 whole
1489 160 26 22 of
1528 163 58 19 town
1597 160 97 22 sections
1708 159 55 23 Nos.
1772 161 48 26 285,
1830 160 48 27 106,

1355 186 57 22 *and
1428 187 48 26 878,
1481 186 53 22 -and
1546 189 49 24 part
1604 187 28 21 of
1644 190 61 18 town
1719 187 97 22 sections
1830 187 48 26 204,

1285 214 54 26 .248,
1350 213 45 22 and
1409 214 41 22 528
1466 220 38 15 are
1517 213 83 22 offered
1607 213 37 22 for
1652 213 54 23 sale.
1734 213 60 23 Half
1804 212 26 22 of
1841 213 41 22 the'

1290 240 109 27 purchase
1415 247 88 20 money
1507 243 24 19 to
1536 239 89 24 .remain
1636 247 30 15 on
1682 243 122 24 mortgage,
1814 242 25 20 at
1852 241 30 21 10'

1284 274 47 20 .per
1340 270 59 19 cent.
1426 267 46 23 For
1479 267 137 28 particulars,
1628 267 67 28 apply
1704 270 23 19 to

1563 300 98 22 Hansom
1675 301 45 22 and
1733 300 118 23 AtHDORr.

1465 346 108 22 Heifers
1586 347 30 21 in
1632 347 68 21 Calf.

1292 379 89 48 FOR
1395 379 85 27 SALE,
1492 380 76 22 about'
1574 381 27 22 50
1609 380 103 28 superior
1720 380 57 23 bred
1788 378 88 28 heifers,
1881 388 2 20 ;

1350 410 59 19 most
1425 406 26 22 of
1461 406 70 22 them-
1539 407 71 27 heavy
1623 408 25 21 in
1666 407 51 28 calf,
1734 407 46 22 and
1794 404 88 33 having^

1290 433 58 22 been
1367 441 61 14 some
1443 432 55 23 time
1512 433 25 22 in
1550 431 35 24 the
1606 434 93 28 Colony,
1717 437 40 20 not
1770 432 68 24 liable
1854 431 28 23 to'

1290 460 67 22 suffer
1365 460 58 22 from
1432 460 38 21 the
1480 459 77 23 effects
1567 460 24 22 of
1602 460 39 23 the
1656 461 63 22 Toot.
1747 461 48 22 The
1802 459 75 25 jabove
1881 462 2 21 ]

1291 486 66 23 cattle
1374 494 42 15 can
1430 487 28 22 be
1475 487 101 27 strongly
1587 488 182 27 recommended,

1286 512 62 33 haye
1363 514 57 21 been
1437 512 106 30 selected,
1550 514 56 21 from
1622 515 43 24 the,
1677 521 120 16 numerous
1812 513 66 22 cattle

1290 540 60 28 ships
1359 540 72 23 which
1440 540 58 21 have
1516 540 86 23 arrived
1614 542 63 21 here.
1706 542 76 28 Apply
1796 543 23 19 to
1825 540 52 25 ..Mr.

1290 566 98 28 Revans,'
1400 568 88 21 Gazette
1497 566 71 29 office,
1578 575 25 15 or
1611 571 24 20 to
1646 568 45 23 Mr;
1702 562 85 32 Hufite,
1881 565 2 12 ;

1290 594 56 27 Bay.
1881 592 2 12 :

1318 628 61 27 Also,
1391 628 62 22 three
1459 627 119 24 well-bred
1586 636 75 16 mares
1665 630 26 23 in
1699 630 54 28 foal,
1764 634 22 19 to
1795 629 82 29 impor-

1291 655 37 21 ted
1336 655 83 22 horses.
1485 658 7 11 '

1289 700 65 27 Ship
1365 700 89 22 Hotel
1468 701 22 20 &
1504 701 115 25 Tavern,
1634 703 132 21 Manners
1780 703 96 25 Street,

1438 733 42 23 BY
1496 734 83 22 JOHN
1595 735 132 27 FULLER,

1289 768 82 21 WINES,
1382 768 96 20 SPIRITS,
1489 768 47 15 AND
1546 768 61 16 MALT
1617 770 100 16 LIQUORS
1726 770 28 14 OP
1764 768 113 17 SUPERIOR

1529 796 107 15 QUALITY.

1362 813 157 23 Commodious
1529 822 73 16 rooms
1611 816 54 22 with
1675 815 57 28 good
1741 815 62 23 beds.

1316 843 92 20 Dinners
1425 843 36 25 got
1483 843 65 26 ready
1567 849 25 15 on
1611 843 37 21 the
1660 845 93 20 shortest
1772 843 76 21 notice.

1370 877 32 15 AN
1412 876 120 16 ORDINARY
1543 876 68 16 DAILY
1621 878 30 14 AT
1661 872 15 20 2
1693 869 110 24 O'CLOCK.'

1478 915 95 20 James
1585 915 102 26 Spiers,

1289 947 200 26 PROSPECT.
1504 949 211 23 BOARDING
1739 948 135 29 HOUSE,

1359 990 135 18 .GUILDFORD
1508 991 111 20 TERRACE,
1636 991 57 15 HILL
1706 991 93 19 STREET,

1342 1016 27 20 Ira
1390 1017 34 19 the
1442 1022 52 15 rear
1512 1016 27 25 of
1548 1017 40 20 Dr.
1602 1017 91 20 Evans's
1708 1018 111 23 residence,

1470 1050 76 15 TERMS
1560 1050 131 15 MODERATE.

1343 1087 28 22 R.
1401 1086 176 28 TURNBULL,
1606 1088 156 28 SURGEON,
1785 1087 91 22 intends

1355 1114 122 28 practising
1486 1114 38 21 the
1534 1114 86 22 various
1630 1115 108 22 branches
1748 1116 26 21 of
1783 1114 34 22 his
1826 1121 50 20 pro-

1287 1140 89 28 fession,
1388 1141 45 22 and
1447 1148 53 20 may
1509 1141 36 22 for
1560 1141 36 22 the
1611 1146 91 23 present
1716 1142 29 23 be
1762 1141 114 23 consulted

1287 1170 25 19 at
1320 1168 74 21 Baron
1407 1167 95 22 Alzdorf
1505 1168 24 21 's.

1314 1202 70 22 River
1393 1202 66 26 Hutt,
1470 1201 62 22 June
1543 1201 33 28 17,
1585 1203 62 21 1842.
1672 1208 3 8 '

1430 1246 144 23 CHARLES
1588 1246 142 28 HARVEY,

1496 1274 101 26 Tailor,
1611 1275 56 25 &c,

1415 1301 115 27 Adjoining
1543 1302 70 21 Kumu
1630 1303 51 20 Toto
1695 1302 55 27 Pah,

1503 1336 160 20 WELLINGTON,

1287 1355 108 49 BEGS
1409 1358 23 19 to
1448 1358 79 19 return
1543 1356 80 22 thanks
1641 1360 24 18 to
1680 1356 39 23 the
1734 1357 82 27 gentry
1830 1354 45 21 and

1362 1382 76 28 public
1449 1382 24 21 of
1481 1382 59 23 New
1550 1383 99 22 Zealand
1658 1383 36 22 for
1700 1384 38 21 the
1746 1384 92 26 support
1846 1380 28 23 he

1286 1409 41 22 has
1343 1409 102 22 received
1459 1409 60 22 from
1535 1409 60 22 them
1609 1411 64 21 since
1686 1410 30 22 he
1730 1408 145 25 commenced

1287 1436 108 27 business,
1412 1436 46 22 and
1477 1436 28 22 he
1524 1444 84 15 assures
1624 1437 63 22 them
1703 1437 50 22 that
1767 1436 18 22 it
1803 1435 19 22 is
1840 1434 35 23 his

1285 1463 114 22 intention
1407 1466 24 19 to
1440 1464 108 21 continue
1557 1464 33 21 his
1606 1467 60 19 most
1680 1467 118 18 strenuous
1812 1469 63 14 exer-

1287 1490 59 22 tions
1355 1493 23 18 to
1389 1490 67 22 merit
1463 1497 14 14 a
1487 1491 149 22 continuance
1646 1490 27 23 of
1679 1491 57 22 their
1745 1493 129 24 patronage.

1315 1517 24 22 C.
1349 1517 29 22 H.
1389 1518 63 22 takes
1467 1518 45 21 this
1534 1518 143 27 opportunity
1693 1518 25 21 of
1728 1518 83 25 stating
1828 1516 47 21 that

1285 1543 37 22 his
1331 1544 63 23 stock
1404 1544 94 23 consists
1508 1544 26 22 of
1546 1552 13 14 a
1567 1545 58 26 good
1635 1545 86 27 variety
1731 1545 27 22 of
1764 1542 110 28 superfine

1286 1570 78 29 cloths,
1376 1571 111 27 doeskins,
1503 1572 89 26 tweeds,
1607 1572 130 26 moleskins,
1749 1571 124 24 velveteen,

1285 1598 67 27 pilot,
1357 1598 66 28 cloth,
1435 1599 40 21 &c.
1486 1598 109 28 &c.,,,,and
1608 1599 36 21 his
1655 1598 95 28 charges
1761 1598 46 26 (for
1825 1598 50 19 cash

1282 1626 63 25 pnlyj
1352 1625 125 22 moderate.

1287 1671 46 21 An
1345 1671 143 23 .excellent
1508 1671 181 26 opportunity
1702 1671 43 21 for
1759 1672 46 20 the
1826 1669 48 21 In-

1360 1699 138 20 vestment
1513 1697 32 22 of
1557 1704 16 15 a
1585 1699 82 20 small
1682 1697 116 27 Capital.

1286 1732 93 22 rrtHE
1399 1731 151 27 undersigned
1572 1731 39 22 has
1629 1732 37 22 for
1687 1732 53 27 sale,
1765 1737 28 16 on
1816 1733 59 19 most

1293 1753 31 28 JL
1361 1758 166 27 advantageous
1545 1761 72 25 terms,
1638 1766 13 15 a
1669 1759 83 22 Patent
1770 1757 104 24 Portable

1285 1785 141 28 Progressive
1445 1786 59 21 Burr
1527 1786 66 21 Stone
1617 1786 69 22 Flour
1708 1786 59 27 Mill,
1792 1784 46 23 and
1861 1791 13 15 a

1285 1812 100 22 Circular
1399 1812 89 27 Sawing
1503 1812 113 28 Machine,
1626 1813 56 21 with
1694 1821 14 13 a
1720 1813 65 21 horse
1794 1811 78 27 wheel,

1284 1847 62 20 gear,
1357 1840 48 27 &c.,
1417 1839 118 28 complete.
1548 1838 77 27 '*Also,
1637 1847 13 14 a
1659 1847 51 15 new
1719 1840 87 22 Wince.

1604 1874 85 22 Waitt
1702 1874 46 22 and
1761 1874 85 22 Tvser*

1313 1901 89 27 August
1412 1902 18 26 8,
1442 1902 61 21 1842.

1421 1947 90 20 Town
1528 1946 31 21 of
1571 1947 167 21 Manewatu.

1286 1979 93 49 THE
1401 1979 215 23 PROPRIETORS
1642 1981 26 21 of
1693 1980 37 22 the
1750 1981 61 22 three
1825 1979 49 22 first

1374 2006 89 23 choices
1478 2009 23 19 at
1512 2007 42 27 the,
1567 2007 42 22 last
1623 2008 108 21 selection
1741 2008 26 21 of
1781 2008 92 24 country

1284 2033 71 26 lands,
1369 2033 83 28 having
1472 2033 137 22 determined
1623 2040 63 21 upon
1701 2033 39 22 the
1756 2033 41 22 site
1809 2031 37 23 for
1860 2039 13 15 a

1298 2066 94 22 TOWN
1407 2066 44 22 ON
1465 2066 67 22 THE
1547 2067 189 22 MANEWATU
1750 2065 106 27 RIVER,

1284 2094 57 21 after
1346 2095 78 20 several
1432 2095 60 20 visits
1502 2097 22 18 to
1534 2094 37 22 the
1579 2094 188 27 neighbouroood,
1779 2092 46 24 and
1834 2092 38 22 the

1284 2123 58 19 most
1360 2121 84 21 careful
1462 2120 46 22 and
1527 2121 82 21 minute
1630 2121 151 22 examination
1797 2120 26 22 of
1835 2119 37 22 the

1284 2151 71 18 entire
1372 2149 91 26 district,
1480 2148 67 21 aided
1562 2148 30 27 by
1600 2148 39 21 the
1654 2147 145 28 professional
1813 2146 58 28 skill,

1284 2174 137 28 knowledge,
1440 2174 46 23 and
1501 2175 131 28 experience
1647 2175 26 21 of
1685 2175 37 21 the
1738 2177 60 20 most
1812 2181 61 14 com-

1283 2205 77 24 petent
1367 2202 89 27 judges',
1467 2208 101 21 -propose
1581 2205 23 19 to
1619 2202 56 22 offer
1686 2202 34 21 for
1735 2200 105 30 disposal,
1850 2204 23 18 at

1433 2229 39 22 the
1486 2232 90 25 present
1583 2229 62 27 time,
1657 2229 69 21 about

1283 2262 222 23 TWENTY-FIVE
1540 2262 106 27 ACRES,
1686 2262 36 23 IN
1759 2261 114 24 ALLOT-

1284 2289 114 28 MENTS,
1414 2289 87 23 EACH
1523 2289 39 26 QF
1585 2289 65 22 ONE
1670 2289 150 25 QUARTER
1834 2289 39 22 OF

1502 2316 46 22 AN
1563 2316 90 22 ACRE.

1310 2343 47 22 The
1366 2346 50 26 spot
1425 2343 52 22 thus
1486 2339 219 33 selectecT'pbssesses
1715 2342 37 24 the
1762 2347 58 20 most
1834 2351 39 14 ex-

1282 2371 86 22 tensive
1381 2371 103 27 frontage
1498 2373 24 19 to
1540 2370 54 28 deep
1606 2374 70 19 water
1691 2371 26 22 of
1727 2378 45 26 any
1786 2378 29 15 on
1835 2371 37 22 the

1282 2398 66 21 river.
1355 2408 10 10 *
1376 2398 23 21 It
1416 2398 19 21 is
1454 2397 99 22 situated
1567 2398 46 26 just
1626 2400 23 19 at
1665 2398 49 23 that
1732 2399 64 27 point
1814 2398 58 23 from

1346 2424 72 23 which
1427 2432 14 15 a
1449 2424 56 22 road
1517 2425 71 22 would
1597 2425 87 22 branch
1694 2425 34 22 off
1733 2429 24 18 to
1766 2426 38 22 the

1282 2459 96 15 WOODED
1384 2457 5 6 s
1401 2459 46 15 AND
1468 2458 101 15 FERTILE
1586 2459 120 16 DISTRICTS
1727 2460 77 15 ALONO
1826 2459 46 16 THE

1526 2486 27 15 OF
1567 2486 44 15 THE
1626 2486 76 20 HILLS,

1282 2504 45 23 and
1339 2506 71 21 above
1420 2504 74 24 which
1504 2505 37 22 the
1556 2506 128 26 navigation
1698 2506 35 22 for
1742 2506 82 23 vessels
1832 2506 40 22 be-

1284 2540 74 15 comes
1368 2534 86 25 tedious,
1463 2533 26 25 if
1494 2535 37 18 not
1540 2534 95 26 difficult.
1664 2533 23 22 It
1693 2534 19 21 is
1718 2534 108 22 therefore
1832 2533 38 22 the

1435 2570 14 11 ..
1481 2560 64 27 point
1553 2560 72 22 where
1637 2560 36 22 the

1283 2593 89 23 LAND
1386 2593 70 23 AND
1470 2594 114 22 WATER
1599 2594 164 23 CARRIAGE
1776 2593 102 24 MEET.,

1283 2621 44 21 and
1337 2621 74 22 where
1420 2628 13 15 a
1442 2621 71 22 Town
1531 2629 58 14 must
1604 2628 135 15 be>formed
1757 2623 64 21 when
1832 2622 39 21 the

1282 2648 86 22 district
1381 2648 21 22 is
1412 2647 87 23 settled.
1529 2648 23 22 It
1560 2656 44 14 was
1613 2648 99 22 selected
1726 2649 32 27 by
1767 2649 38 22 the
1818 2649 53 22 Sur-

1281 2675 82 27 veying
1373 2675 59 22 Staff
1442 2682 25 15 as
1478 2675 38 22 the
1525 2675 137 22 rendezvous
1670 2675 38 22 for
1722 2676 58 22 their
1792 2675 62 27 body
1863 2683 5 20 ;

1282 2702 43 21 and
1335 2702 41 21 has
1385 2702 57 22 been
1452 2710 51 14 now
1516 2702 76 28 found,
1604 2703 58 21 after
1672 2703 87 22 several
1774 2703 96 22 months'

1280 2728 105 29 location,
1397 2732 22 19 to
1432 2730 29 21 be
1469 2729 39 22 the
1519 2732 57 19 most
1588 2729 169 28 advantageous
1766 2729 103 29 position,

1281 2755 59 22 from
1355 2757 28 20 its
1398 2756 99 28 peculiar
1517 2756 85 28 facility
1615 2757 29 22 of
1654 2757 114 27 approach
1776 2756 55 23 both
1840 2757 30 27 by

1274 2783 62 22 .land
1345 2783 45 22 and
1399 2787 75 18 water.

1310 2810 29 21 In
1350 2810 154 22 confirmation
1514 2809 27 22 of
1546 2809 36 23 the
1592 2810 133 28 superiority
1734 2811 28 22 of
1769 2811 43 22 this
1822 2813 50 25 spot

1281 2844 54 15 over
1345 2844 44 20 any
1399 2837 62 23 other
1468 2840 40 24 yet
1516 2837 90 27 known,
1617 2837 39 22 the
1666 2838 93 23 Messrs.
1767 2837 103 28 Kebbell,

1281 2864 58 22 after
1356 2864 39 22 the
1414 2864 153 23 examination
1581 2865 27 21 of
1623 2864 38 23 the
1680 2866 60 21 river
1755 2866 59 21 from
1832 2864 38 23 the

1282 2891 90 22 Paneiri
1381 2891 47 24 Pah
1438 2895 23 19 to
1470 2892 30 21 its
1509 2891 85 28 mouth,
1606 2891 141 24 determined
1760 2899 30 16 on
1800 2895 71 19 erect-

1521 2918 40 28 ing
1573 2919 59 22 their

1282 2951 68 23 SAW
1363 2952 81 23 MILL
1465 2952 233 24 IMMEDIATELY
1713 2953 157 23 OPPOSITE.

1280 2979 49 23 The
1348 2980 71 22 works
1437 2979 26 23 of
1477 2979 51 23 that
1537 2981 178 23 -establishment
1733 2988 38 16 are
1789 2984 24 19 at
1828 2981 44 22 this

1280 3011 102 18 moment
1400 3008 23 22 in
1438 3007 65 28 rapid
1518 3014 107 21 progress,
1644 3008 44 22 and
1706 3008 39 23 the
1762 3008 110 29 proposed

1280 3034 70 22 Town
1360 3035 45 22 will
1414 3033 265 29 necessaruypartake'of
1684 3035 45 22 this
1737 3035 133 27 advantage.

1308 3061 49 23 The
1375 3061 93 23 nucleus
1484 3061 26 22 of
1526 3069 14 14 &
1555 3062 71 22 Town
1641 3060 61 29 is/in
1716 3063 53 28 fact,
1780 3062 92 28 already

1281 3087 97 27 created^
1386 3089 33 27 by
1427 3089 38 22 the
1476 3087 176 24 concentration*'
1652 3086 4 10 i
1658 3089 27 22 of
1747 3089 125 28 Surveying

1281 3115 59 21 Staff
1346 3122 36 15 on,
1386 3115 47 23 that
1443 3118 56 25 spot,
1511 3122 25 15 as
1542 3116 40 22 the
1592 3118 76 20 centre
1684 3117 26 21 of
1720 3116 152 23 communica-

1280 3142 47 22 tion
1337 3144 23 20 to
1371 3143 38 21 the
1418 3142 151 27 surrounding
1578 3142 97 29 district;
1692 3143 38 22 the
1740 3143 99 23 erection
1849 3143 26 22 of

1280 3169 92 22 Messrs.
1383 3169 118 22 Kebbell's
1515 3170 52 21 Saw
1581 3169 64 22 Mills
1661 3170 112 28 opposite;
1788 3171 32 27 by
1833 3170 38 23 the

1280 3200 165 23 arrangements
1459 3197 37 21 for
1510 3203 30 15 an
1557 3197 113 22 extensive
1682 3198 99 22 General
1792 3198 62 21 Store
1862 3205 7 20 ;

1280 3223 47 22 and
1336 3223 75 28 byithe
1420 3224 45 21 late
1475 3223 133 28 application
1613 3224 36 21 for
1657 3231 15 14 a
1677 3224 111 23 Licensed
1793 3225 77 22 House

1278 3257 30 14 on
1317 3249 37 22 the
1364 3254 51 23 part
1424 3251 25 21 of
1461 3258 30 13 an
1500 3250 124 22 individual
1637 3251 51 22 who
1702 3251 48 29 has,
1761 3252 61 23 since
1832 3251 38 22 the

1278 3277 121 22 formation
1416 3277 79 22 of'the
1511 3277 91 28 Colony,
1614 3278 103 27 pursued
1732 3286 14 15 a
1764 3279 106 23 lucrative

1278 3304 66 22 trade
1353 3305 101 31 withthe
1463 3304 96 28 natives,
1570 3305 44 22 and
1617 3305 86 24 'whose,
1708 3305 133 29 knowledge
1848 3306 25 22 of

1278 3331 39 22 the
1327 3331 136 27 advantages
1474 3331 26 22 of
1504 3353 2 5 ,
1506 3331 41 22 the'
1555 3332 101 28 position,
1663 3334 119 28 prompted
1790 3333 48 22 him
1847 3336 25 19 at

1278 3365 58 15 once
1346 3362 23 18 to
1375 3359 76 26 prefer
1460 3358 50 22 that
1522 3358 143 28 application.

1272 3389 10 18 \
1288 3386 5 7 '
1305 3385 48 22 The
1364 3385 139 33 Natives^by
1513 3386 72 22 whom
1600 3385 46 23 this
1655 3386 56 23 land
1721 3394 45 17 was
1776 3386 96 25 claimed

1278 3419 38 15 are
1327 3412 62 28 quite
1398 3412 110 28 prepared
1517 3415 23 20 to
1549 3413 50 27 give
1605 3420 31 21 up
1643 3414 131 29 possession,
1783 3414 44 23 and
1833 3422 38 15 are

1278 3440 147 28 exceedingly
1434 3440 96 21 anxious
1543 3443 24 18 to
1581 3440 58 22 have
1649 3448 13 15 a
1672 3441 120 30 European
1800 3449 72 21 popu-

1282 3466 64 22 lation
1357 3474 82 20 among
1448 3466 69 28 them,
1527 3466 92 28 having?
1629 3467 59 23 been
1689 3477 2 6 1
1696 3476 61 21 upon
1767 3470 37 21 the
1812 3472 60 19 most

1276 3492 99 30 friendly
1381 3494 87 26 footing
1479 3493 54 22 with
1542 3493 37 22 the
1590 3494 127 29 Surveying
1727 3496 59 23 Staff
1790 3496 82 26 during

1265 3538 2 4 ,
1275 3517 40 26 ttie
1324 3520 50 23 four
1382 3527 26 16 or
1416 3520 44 23 five
1469 3520 91 23 months
1569 3520 53 28 they
1642 3521 59 23 have
1715 3523 58 22 been
1783 3522 89 23 located

1275 3547 71 23 there.
1618 3565 4 7 ,
1879 3563 1 9 ,

1304 3574 34 23 As
1349 3574 37 23 the
1394 3574 144 28 Proprietors'
1543 3581 94 21 purpose
1645 3578 23 19 to
1679 3575 87 29 dispose
1775 3576 27 23 of
1806 3576 42 23 but
1856 3583 14 16 a

1275 3601 88 24 limited
1378 3601 88 29 portion
1484 3601 26 22 of
1521 3601 39 22 the
1574 3602 70 22 Town
1659 3606 24 18 at
1699 3607 106 26 present,,
1816 3603 54 27 they

1275 3628 80 29 pledge
1365 3628 134 23 themselves
1507 3628 56 28 that,
1574 3632 23 19 at
1605 3635 30 16 no
1637 3652 3 9 s
1654 3629 75 23 future
1737 3632 64 26 sales,
1812 3630 58 23 shall

1276 3656 39 22 the
1327 3656 127 23 allotments
1463 3655 29 22 be
1501 3658 42 25 put
1548 3663 30 20 up
1586 3658 24 20 at
1619 3663 15 15 a
1643 3653 46 26 Jess
1698 3665 50 15 sum
1757 3658 55 22 than
1820 3665 50 15 now

1278 3683 90 23 offered.

1305 3712 22 22 A
1346 3711 134 27 Prospectus
1499 3708 51 23 and'
1564 3708 54 23 Plan
1640 3710 27 22 of
1680 3710 39 23 the
1736 3712 70 22 Town
1824 3711 46 22 will

1277 3737 85 29 shortly
1371 3737 29 22 be
1409 3736 70 28 ready
1486 3736 36 21 for
1530 3736 125 27 inspection
1670 3739 24 20 at
1705 3738 38 22 the
1755 3738 82 23 Offices
1846 3738 27 24 of

1277 3766 92 22 Messrs.
1380 3764 70 21 Waitt
1459 3762 46 23 and
1514 3763 74 28 Tyser,
1600 3764 33 22 T
1642 3764 56 23 Aro.

1305 3797 147 28 Wellington.
1463 3797 67 24 April
1538 3798 36 25 22,
1583 3798 62 21 1842.

1433 3842 80 22 Land
1528 3847 37 16 on
1579 3842 44 21 the
1639 3842 78 22 Kutt.

1278 3877 69 50 TO
1362 3876 41 24 BE
1416 3875 89 28 BOLD,
1517 3883 13 15 a
1539 3875 58 23 lease
1607 3876 27 22 of
1640 3875 39 23 the
1689 3877 89 23 Section
1788 3877 45 23 No.
1840 3877 28 22 24

1354 3912 29 14 on
1393 3905 36 21 the
1437 3903 66 27 Hutt,
1511 3903 56 23 with
1575 3909 12 17 a
1596 3903 75 28 newly
1678 3904 89 22 erected
1774 3903 93 24 wooden

1277 3934 97 25 cottage,
1392 3931 36 22 the
1445 3934 91 25 potatoe
1553 3938 51 21 crop
1619 3938 31 15 on
1665 3930 38 23 the
1717 3931 94 28 ground,
1822 3931 46 21 and

1277 3958 64 24 other
1346 3959 183 28 improvements.
1559 3957 42 23 For
1609 3960 68 20 terms
1684 3958 26 22 of
1712 3959 54 27 sale,
1773 3957 66 30 apply
1845 3961 23 19 to

1448 3993 34 25 ,';"
1508 3991 77 27 Hort,
1583 3994 3 8 1
1600 3992 126 28 Mocatta,
1740 3992 46 24 and
1800 3992 39 22 Co.

916 127 75 22 Police
1002 128 77 26 Office,
1090 127 142 27 Wellington,

960 172 2 5 ,
989 154 90 27 August
1088 155 21 25 4,
1120 156 59 20 1842.
1204 156 10 15 --

784 188 131 27 Borough
931 187 31 21 of
972 188 181 26 Wellington.

676 221 93 22 nnHE
784 220 115 26 following
913 220 172 26 Proclamation,
1096 220 113 28 declaring
1224 220 38 22 the

683 242 30 28 _L
750 248 68 22 Town
838 247 26 22 of
881 247 136 27 Wellington
1035 251 22 18 to
1075 247 30 22 be
1121 254 13 15 a
1150 247 111 27 Borough,

675 274 101 28 defining
782 274 48 21 'the
849 274 68 22 limits
941 274 93 26 thereof,
1058 273 46 22 and
1125 273 38 22 the
1186 273 77 29 period

675 301 77 22 within
763 300 72 23 which
845 300 77 22 claims
932 303 23 19 to
965 300 38 22 the
1012 300 61 28 right
1079 300 27 22 of
1112 300 81 28 voting,
1205 300 57 23 shall
1267 308 2 4 '

673 328 30 21 be
711 327 129 28 registered,
852 327 19 22 is
880 326 119 28 published
1008 328 36 21 for
1056 327 92 27 general
1157 327 111 22 informa--

674 355 55 26 tion,
758 354 30 27 by
816 354 111 22 direction
955 354 25 21 of
1004 354 36 22 his
1063 353 138 29 Excellency
1223 354 38 22 the

675 382 122 21 Governor.

847 418 5 3 -
885 407 113 22 Michael
1014 407 112 27 Murphy,
1138 430 2 4 ,

917 443 3 4 '
934 441 68 23 Chief
1013 441 74 23 Police
1098 441 136 28 Magistrate.

858 495 215 22 Proclamation.

675 530 71 27 (L.S.)
776 531 34 26 By
825 531 45 20 His
882 530 126 26 Excellency
1025 528 112 28 William
1156 528 104 26 Hobson,

810 559 99 25 Esquirfi,
937 558 88 25 Captain
1043 563 23 14 t
1084 557 48 20 Her
1150 556 112 26 Majesty's

810 586 70 25 Royal
887 586 78 24 Navy,,
967 585 44 19 and
1027 584 105 20 Governor
1145 584 43 20 and
1203 585 58 19 Com-

811 613 88 21 mander
922 613 23 20 in
965 611 65 27 Chief
1047 613 30 21 in,
1089 611 43 20 and
1148 617 48 14 over
1213 611 49 21 Her

810 641 113 24 Majesty's
934 640 75 25 Colony
1020 639 23 20 in
1051 639 54 20 New
1110 639 99 25 Zealand,
1219 638 44 20 and

802 669 37 19 .its
846 667 162 26 Dependencies,
1019 667 42 21 and
1073 667 49 20 Vice
1128 666 100 22 Admiral
1230 665 36 26 iqf

814 695 36 21 the
857 700 62 21 same,
932 694 44 28 Sfc,
988 694 38 28 Sfc.

671 728 205 50 WHEREAS,
891 728 31 27 by
937 735 30 15 an
982 727 128 23 Ordinance
1124 727 95 22 enacted
1230 726 31 28 by

768 755 37 22 the
817 755 118 22 Governor
944 755 25 21 of
980 754 58 23 New
1044 754 106 26 Zealand,
1161 754 100 22 withthe

672 782 79 21 advice
761 781 44 22 and
820 784 94 19 consent
927 782 24 21 of
964 781 38 22 the
1016 780 135 28 Legislative
1170 780 91 23 Council

672 808 93 27 thereof,
777 808 89 23 Session
877 810 19 26 2,
908 808 45 22 No.
962 810 20 25 6,
995 808 93 22 entitled
1098 809 34 19 An
1144 808 117 21 Ordinance

672 837 22 18 to
700 836 88 26 provide
795 836 43 25 for
849 837 36 20 the
898 837 155 20 establishment
1063 836 43 20 and
1114 836 115 26 regulation
1237 836 28 25 of

670 864 120 26 Municipal
802 864 153 26 Corporations,
969 864 18 21 it
995 863 20 22 is
1025 862 101 28 enacted,
1138 862 47 23 that
1195 870 68 22 every;

671 890 129 22 settlement
805 890 79 22 within
892 890 39 22 the
941 890 92 27 Colony,
1047 889 84 27 having
1146 897 15 14 a
1168 890 93 28 popula-

670 917 50 21 tion
729 917 26 21 of
766 920 43 18 two
817 917 112 22 thousand
938 917 67 26 souls,
1016 916 57 22 shall
1082 916 29 22 be
1120 923 14 15 a
1146 916 112 28 Borough,

671 944 48 21 and
727 944 49 22 that
786 944 44 22 His
840 944 139 26 Excellency
988 944 38 21 the
1038 944 117 22 Governor
1162 943 57 22 shall
1230 944 30 26 by

671 971 172 27 Proclamation,
856 971 87 21 declare
952 970 39 22 the
1002 978 60 14 same
1071 973 24 19 to
1101 970 28 22 be
1136 977 12 14 a
1156 970 104 27 Borough

673 997 77 22 within
756 998 37 21 the
803 998 107 27 meaning
920 998 27 21 of
958 997 37 22 the
1005 998 48 21 said
1063 996 135 28 Ordinance,
1216 996 52 23 and/

670 1024 59 22 shall
738 1027 24 19 at
769 1024 38 22 the
817 1031 61 15 same
889 1025 61 27 time,
967 1024 56 22 with
1037 1024 38 22 the
1091 1024 77 21 advice
1185 1024 26 22 of
1221 1024 47 21 the'

670 1051 124 22 Executive
826 1051 101 28 Council,
958 1050 73 23 define
1059 1050 40 22 the
1125 1050 134 23 boundaries

670 1078 94 22 thereof.

699 1104 60 28 And,
777 1104 108 28 whereas,
900 1104 24 22 it
937 1104 20 22 is
972 1104 48 22 also
1036 1103 101 29 enacted,
1153 1104 49 22 that
1218 1104 41 22 His

670 1131 138 28 Excellency
817 1132 39 21 the
866 1133 123 25 Governor,
1000 1132 56 21 shall
1064 1132 32 27 by
1106 1132 54 22 such
1169 1131 90 22 Procla-

670 1158 84 22 mation
764 1166 24 14 as
803 1158 118 28 aforesaid,
936 1159 112 27 prescribe
1064 1166 14 14 a
1089 1158 78 28 period
1180 1158 79 22 within

670 1185 74 22 which
753 1185 30 22 all
799 1186 78 21 claims
892 1189 25 18 to
932 1186 37 21 the
981 1186 61 27 right
1056 1186 27 21 of
1092 1186 77 26 voting
1183 1188 23 19 at
1221 1185 37 21 the

670 1212 95 22 election
774 1212 26 22 of
809 1212 38 22 the
857 1212 48 22 first
916 1213 99 27 Council,
1026 1212 57 22 shall
1093 1212 28 22 be
1131 1212 73 27 made,
1215 1212 44 21 and

670 1238 58 23 shall
736 1239 91 28 appoint
837 1246 14 15 a
858 1239 28 22 fit
889 1246 83 21 person
981 1242 24 18 to
1015 1239 87 21 receive
1113 1239 53 21 such
1174 1239 83 27 claims,

670 1266 46 21 and
725 1268 23 19 to
757 1269 37 19 act
802 1274 24 14 as
835 1266 118 27 returning
966 1266 75 22 officer
1050 1269 24 18 at
1088 1266 54 21 such
1157 1266 101 22 election.

670 1292 54 22 And
733 1292 105 28 whereas,
849 1293 39 22 the
896 1293 69 22 Town
973 1293 27 21 of
1005 1293 143 26 Wellington,
1160 1292 99 22 contains

669 1326 14 15 a
691 1319 128 28 population
830 1320 27 22 of
866 1320 103 28 upwards
978 1319 26 22 of
1014 1322 44 19 two
1066 1319 112 22 thousand
1190 1319 68 22 souls.

697 1346 65 28 Now,
783 1347 117 27 therefore,
921 1347 20 27 I,
961 1347 37 21 the
1019 1347 125 26 Governor,
1163 1346 25 22 in
1206 1354 53 19 pur-

670 1380 82 15 suance
767 1374 26 21 of
809 1373 38 22 the
861 1374 126 27 provisions
1006 1373 25 22 of
1050 1373 39 23 the
1109 1373 48 21 said
1174 1373 85 23 recited

670 1400 134 27 Ordinance,
822 1400 30 22 do
868 1401 85 27 liereby
967 1401 108 28 proclaim
1084 1400 37 22 the
1131 1400 48 22 said
1188 1401 70 22 Town

669 1427 28 21 of
720 1427 134 28 Wellington
873 1430 23 19 to
914 1427 29 22 be
960 1435 13 14 a
992 1427 114 28 Borough,
1126 1427 75 22 within
1219 1427 38 22 the

668 1453 109 28 meaning
795 1454 26 21 of
838 1454 39 22 the
892 1455 48 21 said
955 1455 134 21 Ordinance.
1126 1454 55 22 And
1199 1454 13 22 I
1230 1454 28 22 do

669 1481 93 27 hereby,
787 1481 53 22 with
865 1481 38 22 the
927 1481 79 22 advice
1030 1481 26 22 of
1080 1481 37 21 the
1136 1481 122 22 Executive

670 1508 100 27 Council,
782 1507 74 23 define
866 1508 47 22 and
929 1508 88 22 declare
1033 1508 38 22 the
1084 1507 135 23 boundaries
1235 1508 27 22 of

668 1535 40 21 the
715 1535 49 21 said
773 1535 107 27 Borough
889 1535 27 21 of
926 1535 147 28 Wellington,
1080 1538 23 19 to
1114 1535 106 28 comprise
1228 1535 30 22 all

668 1561 64 23 lands
742 1562 77 22 within
828 1562 39 22 the
875 1562 47 22 line
932 1565 35 19 set
973 1562 69 27 forth,
1052 1563 25 21 in
1086 1562 38 22 the
1131 1562 127 27 Surveyor's

668 1588 65 27 Plan,
750 1593 23 17 at
788 1589 36 21 the
841 1589 87 22 outside
941 1589 133 22 boundaries
1089 1589 25 21 of
1132 1589 37 21 the
1183 1589 75 27 public

668 1623 95 20 reserve,
770 1616 24 21 in
804 1615 38 23 the
852 1616 53 27 plan
916 1616 25 22 of
951 1615 39 23 the
1000 1615 93 23 town'of
1104 1615 53 22 Port
1164 1615 94 23 Nichol-

667 1650 48 19 son,
728 1643 111 28 approved
846 1643 32 27 by
888 1643 43 22 His
941 1643 137 28 Excellency
1086 1642 39 22 the
1133 1643 123 26 Governor,

668 1669 45 22 and
731 1677 24 14 so
769 1670 68 22 much
854 1670 26 22 of
891 1670 37 22 the
945 1669 98 23 harbour
1060 1677 25 15 as
1101 1670 18 21 is
1135 1670 123 26 comprised

666 1696 78 22 within
753 1704 14 14 a
775 1697 76 21 radius
861 1697 27 21 of
898 1704 67 15 seven
974 1697 65 22 miles
1048 1696 103 23 fronxthe
1166 1696 92 23 Market

667 1723 68 22 Place
744 1727 24 18 at
777 1723 47 22 Pah
831 1723 94 28 Pipitea,
937 1724 115 22 described
1060 1725 25 21 in
1094 1724 37 21 the
1137 1723 48 23 said
1193 1723 63 23 Plan.

695 1750 58 23 And
759 1751 11 21 I
782 1751 27 21 do
816 1751 85 26 hereby
910 1751 47 21 also
967 1751 94 27 declare,
1074 1751 48 21 that
1137 1751 30 21 all
1181 1750 77 22 claims

667 1780 23 18 to
701 1777 36 22 the
746 1777 60 28 right
816 1777 26 22 of
853 1778 79 27 voting
941 1781 23 19 at
970 1778 41 22 the
1021 1777 95 23 election
1126 1778 25 22 of
1162 1777 38 23 the
1210 1777 46 22 first

667 1805 93 21 Council
777 1805 27 21 of
819 1805 38 21 the
878 1805 106 26 Borough
998 1805 26 22 of
1037 1805 145 28 Wellington,
1200 1805 57 22 shall

665 1831 30 22 be
709 1831 66 22 made
793 1831 78 23 before
890 1832 39 21 the
950 1832 102 22 thirtieth
1076 1832 70 27 (30tn)
1171 1831 90 28 day_,,of

666 1859 97 27 August,
776 1860 60 20 1842.
866 1858 53 22 And
929 1859 45 21 Ido
985 1860 93 27 appoint
1082 1859 102 22 Michael
1193 1859 65 22 Mur-

666 1885 54 28 phy,
731 1885 100 29 Esquire,
842 1888 24 19 to
875 1885 88 23 receive
973 1886 56 22 such
1038 1887 84 26 claims,
1134 1885 45 23 and
1188 1888 23 19 to
1221 1888 37 19 act

666 1920 24 14 as
699 1913 116 27 returning
824 1913 77 21 officer
911 1916 23 18 at
944 1913 54 22 such
1009 1913 103 22 election.

694 1939 73 22 Given
776 1939 75 22 under
858 1947 39 20 my
906 1939 63 22 hand
982 1940 46 22 and
1042 1940 47 23 seal
1105 1940 43 21 this
1165 1939 92 28 twenty-

664 1966 49 22 first
724 1965 41 29 day
776 1967 25 21 of
813 1966 60 28 July,
887 1968 60 21 1842.

1059 2011 7 5 ,
1085 1994 36 21 W.
1132 1994 97 22 Hobson

774 2027 36 27 By
819 2026 35 22 his
863 2026 159 28 Excellency's
1032 2028 125 27 command,

870 2054 43 22 For
922 2054 38 22 the
971 2054 97 22 Colonial
1080 2055 120 27 Secretary,

946 2081 50 22 Jas.
1007 2083 92 23 Stuart
1108 2081 129 23 Freeman.'

815 2108 53 21 God
885 2116 55 14 save
956 2116 46 14 the
1016 2109 91 24 Queen.

903 2155 40 19 To
958 2155 58 25 Let,

667 2187 88 50 FOR
769 2187 54 22 such
834 2195 13 14 a
858 2191 57 19 term
925 2188 26 22 of
957 2195 63 20 years
1031 2196 23 14 as
1071 2196 53 19 may
1132 2188 28 22 be
1174 2189 82 27 agreed

740 2222 36 20 on,
788 2215 34 21 six
832 2222 62 14 acres
911 2215 65 27 along
993 2215 38 22 the
1041 2215 46 23 Kai
1102 2215 151 28 Warra-road,

665 2249 29 14 on
704 2242 88 22 Section
802 2242 44 22 No.
856 2243 21 25 4,
893 2242 25 22 in
933 2249 42 15 one
993 2250 25 14 or
1035 2250 61 14 more
1111 2242 50 22 lots.
1190 2243 64 27 Also,

663 2269 90 21 wanted
771 2276 14 14 a
804 2271 125 20 contractor
946 2269 35 22 for
1000 2269 103 28 building
1120 2277 14 15 a
1148 2270 107 22 weather-

664 2295 100 23 boarded
777 2295 78 28 house,
872 2296 54 22 with
944 2296 63 23 brick
1026 2296 116 28 chimnies,
1157 2304 30 15 on
1205 2297 51 22 said

664 2323 93 22 section.
786 2323 76 28 Apply
872 2326 23 18 to

855 2357 50 22 Mr.
919 2357 156 28 Macdonald,
1086 2358 46 23 Kai
1141 2358 86 23 Warra.

692 2383 45 23 Kai
746 2383 87 27 Warra,
845 2384 55 27 July
911 2386 20 26 8,
943 2386 61 21 1842.

813 2429 41 21 To
868 2429 33 21 be
917 2430 66 20 Sold
1004 2436 29 14 or
1047 2431 58 20 Let.

662 2461 10 14 rTWOr
675 2461 81 22 TWO
769 2461 102 22 Wooden
882 2461 96 27 Houses,
990 2469 29 14 on
1026 2462 38 21 the
1070 2462 182 28 Tinakore-road,

672 2483 25 26 JL
740 2488 37 21 the
796 2488 84 22 second
898 2496 51 15 acre
967 2489 59 22 from
1045 2490 94 27 Captain

708 2515 131 28 containing
851 2516 52 21 four
911 2523 75 19 rpoms
996 2516 46 22 and
1056 2523 14 15 a
1083 2523 98 21 passage,
1198 2517 56 22 each

663 2542 54 22 with
734 2542 52 22 zinc
802 2543 69 24 roofs,
897 2543 47 21 and
967 2543 23 22 in
1014 2551 68 19 every
1100 2548 87 23 respect
1204 2544 50 25 well

661 2569 104 22 finished.
793 2569 79 22 Terms
901 2570 24 21 If
933 2570 55 27 sold,
999 2570 60 22 150
1070 2570 36 22 for
1112 2571 54 22 each
1172 2571 68 22 house
1247 2579 5 19 ;

661 2596 21 21 if
693 2596 39 27 let,
743 2596 31 23 1
786 2603 39 21 per
835 2596 64 23 week
908 2597 35 22 for
952 2597 56 22 each
1016 2597 80 22 house.
1123 2598 75 28 Apply
1209 2601 23 22 to

1057 2632 76 22 James
1146 2632 82 22 Watt^

674 2657 145 28 Wellington,
827 2657 61 23 Nov.
897 2657 39 28 27,.
941 2659 62 21 1841.

890 2710 54 20 For
959 2710 71 24 Sale,

662 2742 94 50 THE
771 2743 146 22 COTTAGE
933 2744 98 22 situated
1038 2744 25 22 in
1080 2744 101 22 Oriental
1197 2744 55 28 Bay,

738 2769 45 22 and
797 2770 73 28 lately
876 2771 108 27 occupied
998 2771 31 27 by
1039 2771 39 22 the
1094 2771 168 28 undersigned..

662 2798 23 21 A
699 2797 54 27 long
771 2797 60 22 lease
850 2797 26 22 of
893 2798 38 21 the
946 2798 85 22 section
1046 2805 60 21 upon
1124 2798 73 23 wliicH
1216 2799 37 22 the

661 2824 71 22 house
742 2824 75 21 stands
826 2824 47 22 will
882 2824 28 22 be
920 2825 103 27 granted.

666 2858 3 4 -
690 2851 69 22 Town
768 2851 55 22 land
831 2851 47 22 will
886 2852 28 21 be
924 2852 68 22 taken
1002 2853 24 21 in
1036 2852 122 28 exchange.

690 2878 44 22 For
742 2878 84 22 further
835 2878 137 28 particulars,
984 2879 68 28 apply
1061 2883 23 18 to

986 2911 98 23 George
1098 2911 89 28 Duppa,
1202 2919 25 15 or

984 2938 38 22 W.
1038 2938 29 23 V.
1082 2938 109 23 Brewer.

691 2963 55 27 July
755 2964 20 24 7,
787 2965 60 21 1842.

717 3016 53 21 For
790 3017 61 20 Sale
871 3018 29 20 at
922 3017 45 21 the
987 3017 111 27 {Nelson
1117 3018 81 27 Dairy
1236 3021 3 7 '

944 3046 29 20 at

842 3071 108 21 Nelson
964 3071 104 22 Haven.

649 3092 2 27 !
665 3101 66 26 Q/k
748 3097 84 22 COWS
848 3098 36 22 IN
899 3098 89 22 CALK

650 3120 44 30 !O
699 3127 32 24 \J
761 3126 28 20 30
798 3124 83 22 heifers
890 3124 23 22 in
924 3125 61 28 calf/

649 3153 2 31 |
761 3152 28 21 50
797 3159 78 20 young
884 3152 89 27 heifers,

649 3181 2 18 I
691 3179 15 21 4
714 3178 117 23 half-bred
840 3179 104 22 Durham
955 3179 67 28 bulls,

689 3207 24 20 11
725 3209 74 24 steers,

715 3234 14 20 6
739 3233 100 27 working
847 3233 111 28 bullocks^
971 3242 8 15 ,

713 3260 16 20 4
738 3259 63 23 stock
809 3260 84 27 horses,
965 3269 11 9 i-
998 3272 6 3 -

715 3288 40 20 100
765 3294 63 20 ewes,
1015 3303 18 5 -
1053 3291 2 5 '

714 3314 28 21 50
750 3314 104 27 wethers,
987 3309 43 25 .-'^
1034 3322 3 5 i
1037 3331 6 6 .
1086 3313 3 5 '
1166 3324 7 4 -
1229 3334 5 4 ,

685 3340 49 23 The
750 3341 70 22 above
834 3348 39 14 are
887 3341 58 23 from
960 3342 41 22 Dr.
1012 3342 95 28 Imlay's
1124 3343 127 22 celebrated

659 3367 63 22 stock
731 3371 24 17 at
764 3367 100 23 Twofold
877 3368 57 27 Bay.
962 3369 49 23 The
1022 3370 67 22 cattle
1105 3377 36 15 are
1151 3370 107 23 theibes't.

658 3394 63 27 bred,
732 3393 58 23 have
800 3395 59 22 been
867 3395 86 23 landed
962 3396 22 22 in
998 3396 39 22 the
1047 3397 68 22 finest
1124 3397 69 27 order,
1198 3397 51 23 -and

657 3421 61 22 form
727 3421 38 22 the
778 3421 50 23 best
838 3421 107 24 selection
953 3423 25 21 of
984 3430 45 21 any
1034 3423 33 22 lot
1075 3426 40 25 yet
1122 3424 96 28 brought
1226 3428 23 19 to

659 3449 57 22 New
726 3448 107 23 Zealand.
863 3449 45 23 For
914 3450 138 27 particulars,
1063 3451 67 28 apply
1138 3454 24 19 to

849 3476 22 22 S.
868 3476 6 6 s
887 3476 102 29 Revans,
1005 3477 144 28 Wellington,
1162 3484 24 16 or

848 3502 30 23 D.
889 3503 148 26 Drummonp,
1048 3504 86 23 Nelson
1145 3505 88 24 Haven.

844 3548 116 22 Gazette
974 3550 90 21 Office.

657 3580 202 25 STATIONERY
873 3582 198 24 WHOLESALE
1085 3582 22 24 &
1122 3583 123 31 RETA.IL.

656 3616 90 49 WE
768 3616 44 28 beg
833 3619 24 20 to
881 3624 116 16 announce
1016 3618 38 22 the
1077 3618 88 28 arrival,
1188 3620 59 22 from

752 3643 112 33 England^
872 3644 29 22 .of
909 3645 39 21 the
964 3645 47 22 first
1019 3649 51 24 part
1078 3645 27 22 of
1115 3652 39 16 our
1169 3650 78 19 exten-

656 3668 47 23 sive
713 3669 75 23 orders
795 3671 26 21 in
830 3670 46 23 this
885 3671 144 28 department
1038 3673 25 21 of
1070 3672 109 24 business,
1200 3674 47 31 pur

656 3696 64 21 stock
730 3696 91 28 already
830 3698 94 23 consists
939 3699 27 21 of
976 3706 68 20 every
1053 3699 77 23 article
1145 3696 103 33 required

656 3722 36 21 for
706 3722 97 29 Schools,
820 3724 83 28 Banks,
920 3726 86 27 Courts,
1024 3727 56 22 Law
1096 3727 88 26 Offices,
1202 3728 46 23 and

656 3748 91 28 Artists,
758 3750 40 22 &c.
806 3757 6 21 ;
827 3751 76 23 whilst
911 3752 44 26 the.
966 3753 140 23 ornamental
1117 3754 44 22 and
1177 3753 70 28 draw-

656 3776 40 26 ing
708 3782 62 16 room
786 3778 123 28 stationery
924 3779 41 23 ha
963 3779 22 23 3
977 3783 42 19 not
1031 3781 60 22 been
1106 3781 140 25 overlooked.

656 3802 49 21 The
715 3802 127 24 difficulties
852 3806 164 28 attending-the
1024 3807 50 22 first
1082 3807 167 25 establishment

656 3830 83 26 having
748 3830 58 21 been
821 3838 124 22 overcome,
957 3833 45 23 and
1013 3842 67 20 every
1096 3834 80 23 arrival
1190 3836 57 22 from

656 3855 107 27 England
780 3856 84 29 adding
880 3858 61 23 fresh
957 3860 110 24 additions
1083 3863 23 20 to
1121 3868 39 16 our
1176 3856 69 35 stoick,

656 3883 46 21 will
718 3883 79 22 enable
810 3891 28 15 us
847 3888 24 18 to
887 3886 82 23 reduce
985 3894 41 16 our
1041 3889 93 26 charges
1144 3896 29 15 on
1190 3893 58 19 most

655 3909 89 22 articles
753 3913 24 20 at
784 3910 59 23 least
851 3912 28 22 50
887 3919 40 21 per
936 3917 59 19 cent.
1207 3914 10 27 ',

655 3953 90 51 FOR
758 3955 79 22 SALE
851 3959 24 19 at
891 3956 44 23 this
950 3958 71 29 office,
1040 3960 80 28 Hymn
1134 3952 79 38 Books)
1223 3961 24 22 in

728 3981 38 22 the
775 3982 76 24 native
860 3983 119 29 language.
