2510 4020
780 476 220 38 PUBLISHED
1043 478 133 37 EVERY
1220 478 256 39 WEDNESDAY
1521 482 206 37 MORNING.

662 591 110 32 PORT
794 593 257 38 NICHOLSON,
1067 595 262 33 WEDNESDAY
1353 597 210 37 MORNING,
1584 600 106 30 JULY
1714 603 50 35 24,
1794 606 87 28 1844.

2256 605 5 40 |
2270 606 78 32 Vol.
2369 608 38 30 V.

1210 32 96 31 THE

53 79 457 132 NEW
614 84 872 137 ZEALAND
1592 92 856 137 GAZETTE

1223 250 99 32 AND

50 282 1144 166 WELLINGTON
1308 282 1143 166 SPECTATOR.

87 590 63 30 No.
173 590 89 38 354.]

120 681 54 20 The
185 681 59 21 first
252 683 88 21 vessel
350 683 43 21 for
401 684 123 21 London.

72 712 77 35 VSoL
198 723 8 14 r
214 723 10 24 I
302 719 45 22 fine
356 719 44 22 fast
410 719 81 26 sailing
506 719 107 23 schooner

63 739 110 32 «aX»^
203 739 30 27 JL
302 747 104 19 LADY
423 747 130 25 LEIGH,

60 767 128 36 fjo^g*
208 771 45 21 will
276 772 38 22 sail
338 773 116 26 positively
473 773 23 22 in
517 773 95 27 August.

41 795 151 37 jaPJnnrl
210 798 43 20 For
267 798 80 27 freight
364 799 25 21 of
406 799 56 27 light
474 799 77 28 goods,
570 799 43 22 and

41 829 152 22 diiiiL?Mitnr
207 831 91 21 passage
307 825 67 27 apply
384 828 23 18 to

343 852 82 22 Waitt
440 860 47 14 and
500 853 86 22 Tyber.

39 893 3 5 ,
60 877 143 27 Wellington,
215 877 53 28 July
278 879 19 25 2,
309 879 61 21 1844.

108 925 150 26 Positively
286 926 43 21 the
354 926 59 21 first
441 928 88 21 vessel

146 956 62 22 FOR
222 957 131 23 LONDON
368 959 124 23 DIRECT.

46 992 32 20 y/
69 984 77 47 sjibL
183 994 91 28 'THE
285 994 26 22 A.
323 996 27 26 1.,
361 996 35 21 for
407 997 25 20 12
447 1003 71 20 years,
534 997 78 27 frigate

41 1031 139 51 /MsN^j^
241 1048 129 21 BELLA
390 1050 163 27 MARINA,

40 1069 140 38 ■jiSfTjfl^p
198 1073 95 23 Thomas
304 1075 132 27 Ashbridge,
454 1076 156 28 Commander,

39 1097 139 29 It^FM?t
196 1100 93 22 burthen
299 1109 24 14 as
337 1109 39 19 per
390 1103 93 26 register
497 1104 42 21 564
554 1107 55 24 tons,

39 1133 70 20 copper
123 1124 101 24 fastened
240 1128 43 21 and
300 1128 74 27 newly
392 1130 115 26 coppered,
518 1130 54 27 only
582 1137 28 16 on

41 1154 32 21 her
81 1153 56 21 third
149 1161 91 19 voyage,
252 1154 43 21 and
306 1156 19 21 is
335 1162 42 15 one
387 1156 27 21 of
427 1156 37 21 the
474 1156 77 23 fastest
561 1158 49 21 sail-

39 1181 30 25 ing
83 1179 57 27 ships
156 1180 72 22 afloat.
264 1182 51 21 Two
330 1182 71 21 thirds
410 1182 26 21 of
445 1182 41 22 her
496 1190 67 20 cargo
574 1191 36 15 are

41 1206 86 27 actually
138 1207 100 27 engaged
247 1208 43 21 and
300 1215 49 15 now
358 1209 68 27 going
436 1216 29 15 on
474 1210 77 28 hoard,
566 1211 44 22 and

39 1233 30 21 she
80 1233 42 20 will
132 1237 59 18 meet
199 1234 53 22 with
262 1235 65 27 quick
337 1236 113 26 despatch.
490 1237 45 22 She
551 1238 39 21 has
597 1245 12 14 a

39 1259 33 22 full
81 1267 63 19 poop,
156 1260 52 22 with
217 1266 59 17 most
285 1262 111 22 excellent
405 1264 205 22 accommodations

39 1287 27 20 for
74 1293 12 14 a
94 1286 86 22 limited
194 1288 94 21 number
303 1289 25 21 of
347 1296 138 20 passengers.
524 1291 86 22 Carries

39 1320 20 15 an
68 1314 143 26 experienced
221 1314 103 26 Surgeon.

58 1339 39 22 For
111 1339 82 28 freight
210 1347 25 14 or
252 1348 90 20 passage
363 1342 63 28 early
441 1343 136 28 application
591 1344 18 22 is

38 1367 105 26 requested
158 1370 21 18 to
195 1367 27 22 be
238 1368 65 21 made
318 1373 22 17 to
360 1370 92 26 Captain
472 1370 134 28 Aslibridge,

38 1400 18 14 or
65 1396 20 17 to

340 1422 125 23 Ridgways
481 1431 46 14 and
542 1424 40 21 Co.

60 1445 135 29 Wellington,
207 1447 55 28 July
273 1450 30 25 16,
315 1450 62 21 1844.

147 1497 40 20 On
201 1497 71 26 Sale,
287 1504 34 15 ex
337 1500 15 12 •«

39 1534 49 17 s\A
110 1529 88 23 WELL
210 1531 81 22 BRED
307 1532 134 23 HEIFERS
458 1540 48 15 and
524 1534 83 22 COWS

37 1548 58 32 O^t
124 1563 24 15 in
163 1557 87 27 CALF,

310 1593 60 20 ALSO,

55 1612 12 20 4
81 1613 74 24 strong
163 1610 75 22 horses
247 1612 27 21 fit
281 1612 34 22 for
324 1613 79 22 saddle
412 1613 46 22 and
468 1613 99 28 harness,

56 1640 12 19 2
81 1636 73 23 saddle
164 1637 83 22 horses.

321 1666 28 21 R.
365 1666 125 28 Wallace,

413 1694 73 22 Willis
502 1695 78 22 Street.

56 1717 55 21 June
122 1718 34 26 25,
167 1719 60 20 1844.

195 1769 44 20 TO
253 1770 180 21 WHALERS.

51 1805 54 25 Boyd
116 1805 69 24 Town,
197 1807 94 24 Twofold
299 1808 54 25 Bay,
365 1808 53 20 New
429 1809 68 20 South
509 1810 76 21 Wales.

36 1836 97 49 SHIPS
152 1843 41 16 can
209 1837 83 22 refiesh
306 1846 25 14 or
342 1839 51 22 refit
409 1844 24 17 at
441 1840 44 22 this
501 1841 105 23 Harbour

90 1864 44 21 free
150 1864 26 21 of
192 1864 29 21 all
237 1864 53 22 Port
310 1866 99 26 charges,
426 1868 106 26 pilotage,
556 1869 47 26 &c,

36 1889 35 21 and
88 1897 38 14 can
144 1890 75 22 obtain
238 1892 68 27 wood,
327 1896 73 23 water,
420 1894 60 22 fresh
501 1895 45 21 and
565 1895 41 22 salt

34 1916 115 26 provisions,
166 1918 133 26 vegetables,
318 1919 49 27 ship
382 1920 128 28 chandlery,
527 1925 75 23 stores,

35 1943 36 20 and
81 1944 54 26 slop:,
146 1944 26 19 of
184 1951 66 19 every
265 1945 54 21 kind
335 1946 44 21 and
390 1946 145 28 description,*
561 1949 44 20 and

33 1968 17 21 if
63 1969 95 26 required
174 1969 38 22 the
230 1970 95 23 services
340 1972 26 20 of
379 1973 149 25 experienced
545 1974 59 26 ship-

34 1995 78 26 wrights
121 1995 44 22 and
173 1995 55 22 boat
241 1996 105 28 builders,
358 2005 59 21 upon
433 1999 38 22 the
481 2003 60 19 most
556 2007 47 14 rea-

34 2021 77 22 sonable
122 2024 73 19 terms.

78 2054 82 21 N.B.—
162 2055 36 21 Oil
208 2062 25 14 or
241 2055 56 22 bone
313 2056 67 22 taken
390 2057 24 22 in
424 2057 123 28 exchange.

56 2085 136 28 Wellington,
205 2087 64 26 April
278 2089 19 25 9,
311 2090 60 20 1844.

126 2139 53 20 For
197 2139 69 24 Sale,
277 2145 35 16 ex

39 2168 51 47 10
111 2183 42 34 np
158 2182 58 22 ONS
227 2183 58 22 table
295 2184 49 26 salt,

117 2205 28 26 X
184 2211 24 20 10
218 2213 50 18 tons
278 2211 118 27 Liverpool
407 2211 48 27 salt,

55 2236 33 20 100
98 2242 56 15 cases
168 2236 99 28 Geneva,

55 2262 21 20 12
85 2269 28 20 qr.
125 2262 61 22 casks
196 2264 114 26 Teneriffe,

55 2290 32 19 100
97 2289 68 22 dozen
173 2290 85 21 bottled
269 2294 64 23 stout,

54 2316 22 20 50
85 2316 72 21 tierces
168 2318 69 24 prime
247 2317 55 22 Irish
314 2318 54 22 beef

54 2343 22 19 .'5O
86 2342 58 21 casks
154 2343 116 22 Williams'
281 2345 98 27 superior
388 2345 71 29 liquid
466 2346 111 28 blacking,

53 2370 23 20 20
84 2373 66 18 crates
160 2370 97 21 assorted
269 2372 112 28 crockery,

53 2396 11 19 4
88 2395 25 22 do
149 2400 61 18 stone
222 2397 83 27 bottles,

85 2426 43 17 tons
137 2424 96 21 assorted
244 2424 54 27 iron,

55 2450 32 19 100
96 2457 57 14 cases
165 2450 107 22 Oilman's
282 2456 76 23 stores,

54 2476 11 20 C
73 2475 57 23 hlids.
140 2477 83 22 refined
231 2485 71 20 sugar,

53 2504 23 19 .'5O
85 2503 65 22 dozen
161 2504 78 27 chairs,

53 2530 12 18 6
74 2529 70 27 dining
153 2530 76 28 tables,

54 2556 20 20 12
84 2556 67 23 chests
161 2557 100 27 drawers,

53 2583 22 20 12
84 2583 126 24 wash-hand
220 2586 82 26 stands,

54 2610 21 20 12
83 2610 50 22 beds
144 2611 42 22 and
196 2612 97 28 bedding
303 2614 118 28 complete,

53 2637 22 19 35
83 2637 78 22 barrels
171 2638 122 23 Stockholm
303 2643 42 25 tar,

53 2664 22 19 25
100 2664 31 22 do.
158 2665 68 27 pitch,

53 2690 22 20 25
100 2690 32 23 do.
158 2692 85 23 refined
253 2694 47 21 coal
310 2697 43 25 tar,

55 2715 65 24 Dutch
129 2718 84 28 cheese,
224 2720 76 28 coffee,
312 2725 109 25 currants,
432 2723 44 22 and
489 2724 45 22 fine
546 2727 52 21 teas.

55 2776 23 10 „.
90 2777 21 9 „.
335 2756 84 23 Waitt
430 2765 46 14 and
487 2759 85 22 Tyser.

197 2781 58 23 June
265 2783 20 26 5,
297 2784 61 21 1844.

38 2852 31 49 F
125 2831 39 20 On
174 2832 56 21 sale
245 2834 38 26 by
295 2834 57 22 late
363 2835 126 22 arrivals.

72 2856 81 29 LOUR,
169 2864 13 15 a
190 2866 53 20 very
253 2861 100 27 superior
362 2862 85 28 article,

95 2883 145 29 Champagne,
250 2887 23 21 in
283 2895 43 15 one
336 2888 49 23 doz.
396 2896 70 21 cases,

75 2909 83 28 Cheese,
170 2911 61 23 West
241 2913 65 23 India
315 2922 57 21 rum,
383 2916 96 28 brandy,

77 2940 47 18 rort
130 2939 54 21 wine
193 2939 24 22 in
227 2939 65 24 hhds.
302 2942 45 22 and
358 2950 33 20 qr.
403 2944 71 27 casks,

76 2963 42 21 Tea
126 2965 23 21 in
160 2965 80 28 chests,
250 2967 49 23 half
310 2969 44 22 and
365 2974 96 24 quarter,

74 2991 25 20 20
109 2990 87 25 bushels
205 2993 126 28 Wanganui
348 3004 40 19 rye
398 3005 61 19 grass
468 2998 61 23 seed.

106 3018 74 29 Apply
190 3023 23 19 at
222 3020 38 23 the
269 3024 70 20 stores
348 3024 25 21 of
384 3023 38 23 the
431 3024 165 30 Undersigned,

264 3047 36 23 W.
316 3049 27 22 B.
358 3050 96 23 Rhodes
469 3059 47 15 and
532 3054 38 21 Co.

36 3075 144 35 __Welungton,
193 3078 58 23 June
260 3080 46 28 sth,
318 3082 62 22 1844.

243 3129 40 19 On
299 3129 70 22 Sale.

41 3152 88 39 PURST
142 3157 111 29 FLOUR,
266 3166 78 20 grown
354 3161 47 22 and
414 3164 88 25 ground
521 3164 25 22 in
559 3164 37 23 the

34 3181 21 17 x
91 3181 89 30 Colony.
208 3186 9 19 :

186 3212 141 35 Ry>GWAYS,
344 3214 108 29 GUYTON,
467 3225 48 14 AND
530 3219 38 21 Co.

120 3261 52 23 For
187 3263 71 26 Sale,
273 3270 36 15 ex

38 3288 27 42 f>
71 3291 184 27 UTHERFORD
264 3297 118 29 DRURY,
391 3307 47 15 and
445 3301 69 27 Cos.,
524 3303 71 23 brand

51 3341 14 16 P
88 3321 47 36 F°l
136 3325 8 18 %
153 3322 24 22 sh
180 3331 56 19 erry,
248 3324 44 22 and
302 3325 112 28 Maderia,
430 3327 26 21 in
468 3329 73 27 wood,

50 3349 14 13 r
111 3349 240 29 sherry,andMaderia,
361 3353 24 21 in
399 3360 68 16 cases.

50 3393 23 19 w
85 3398 21 6 ...
330 3379 85 24 Waitt
424 3388 48 16 and
482 3383 85 23 Tyser.

192 3404 60 23 June
260 3406 21 27 5,
293 3407 61 21 1844.

33 3475 32 50 B
255 3458 88 22 Coals.

67 3480 48 25 EST
128 3485 159 26 COLONIAL
302 3491 99 23 COALS
417 3495 23 20 at
459 3493 35 24 £2
504 3495 14 20 23.2
518 3501 10 14 3
530 3510 5 6 .
555 3502 39 20 per

31 3527 14 23 XOWnX
45 3537 37 18 0Wn
92 3527 41 31 jg2'
132 3539 24 21 5g
153 3520 24 14 or
203 3514 114 25 delivered
335 3521 24 19 t0
378 3526 29 15 an
408 3527 15 20 y
442 3527 15 20 P
459 3524 34 18 art
512 3521 27 22 °f
558 3522 36 22 the

349 3577 112 23 Richard
474 3579 91 27 Baker,

49 3619 14 13 I?
85 3624 20 8 
326 3603 27 22 T.
368 3604 34 22 M.
417 3606 148 24 Partridge.

30 3623 172 40 J^gb-Street,
214 3631 32 22 Te
255 3632 54 28 Aro,
321 3633 55 28 July
386 3635 20 27 I,
422 3639 62 20 1844.

30 3693 105 50 PDr-or,
176 3681 79 22 Meat
269 3683 149 28 Company.

31 3776 117 44 Jj™«7
157 3786 34 29 *»,
203 3790 62 21 1844.
274 3763 37 23 W-
325 3764 49 23 Flr
444 3767 113 32 MoMe<r
557 3787 5 6 -

215 3840 162 26 Almanack.

231 3932 76 23 ?RICB,
323 3930 30 22 Is.
602 3930 2 21 I

1486 692 42 19 On
1543 692 70 24 Sale,

1260 722 115 24 TTERY
1392 723 98 28 superior
1505 723 64 22 clean
1587 725 54 21 seed
1659 725 79 27 wheat,

1276 753 13 17 T
1337 748 82 28 Barley
1429 750 45 21 and
1484 757 39 20 rye
1532 758 62 19 grass
1606 751 58 28 seed,

1340 775 76 23 Flour.

1279 816 5 12 i
1541 809 35 22 W.
1591 810 27 21 B.
1633 810 96 22 Rhodes
1742 810 21 22 &
1776 810 38 23 Co.

1354 835 34 25 24,
1401 835 60 21 1844.

1338 884 54 20 Por
1407 885 69 25 Sale,
1487 891 36 15 ex
1564 887 77 26 Lady

1266 907 61 43 flfl
1354 917 106 33 rpONS
1470 918 49 21 best
1529 918 97 23 colonial
1636 920 62 27 flour,
1710 920 60 23 fresh
1785 921 57 22 from

1360 941 29 25 X
1413 943 38 22 the
1462 944 53 27 mill,
1527 946 23 21 in
1561 947 62 23 10016
1635 947 62 27 bags.

1580 989 83 22 Waitt
1674 997 47 15 and
1729 990 84 24 Tyser.

1284 1012 141 28 Wellington.
1436 1014 68 26 June,
1515 1016 21 26 5,
1549 1016 61 21 1844.

1496 1066 105 21 Books.

1260 1096 69 49 ON
1344 1098 85 27 SALE,
1447 1098 41 22 AT
1501 1098 74 22 THIS
1591 1099 142 23 OFFICE—

1319 1124 49 22 The
1388 1125 96 26 poetical
1503 1125 72 21 works
1594 1126 26 21 of
1641 1126 89 28 Milton,
1752 1127 53 22 with
1827 1135 13 15 a

1258 1150 91 22 memoir
1358 1151 44 21 and
1413 1151 200 28 embeuiishments,

1283 1182 49 22 Life
1347 1183 26 21 of
1383 1183 38 22 the
1435 1184 68 21 Duke
1521 1184 24 22 of
1564 1184 147 28 Wellington,
1728 1185 113 28 compiled

1256 1209 56 22 from
1322 1209 35 22 his
1369 1211 93 21 Grace's
1472 1211 138 27 despatches,

1282 1240 47 23 The
1340 1241 62 27 Holy
1413 1242 71 28 Bible,
1494 1242 129 28 containing
1632 1243 37 22 the
1677 1243 44 22 Old
1731 1244 44 22 and
1785 1244 56 22 New

1256 1268 145 26 Testaments,
1409 1268 52 22 with
1470 1271 70 25 notes,
1550 1269 30 27 by
1586 1269 38 22 the
1634 1270 57 21 Rev.
1699 1270 60 22 John
1766 1271 75 22 Caun-

1255 1297 38 24 ter,
1305 1294 61 28 8.C.,
1377 1295 49 22 four
1435 1303 64 20 maps
1509 1296 45 22 and
1563 1298 41 19 144
1611 1296 80 26 plates,

1281 1327 130 23 Montacute
1419 1336 5 14 :
1441 1336 25 14 or
1476 1336 13 15 a
1499 1329 58 23 New
1566 1329 66 22 horne
1634 1341 27 5 —
1662 1330 75 22 who'll
1751 1331 90 22 follow?

1255 1355 29 28 by
1298 1355 56 21 Mrs.
1367 1355 66 28 Mary
1443 1356 99 28 Clavers,

1277 1382 113 27 .Scripture
1406 1383 133 28 Biography,
1550 1383 34 22 for
1601 1383 38 22 the
1655 1383 89 28 Young,
1756 1385 83 22 embel-

1255 1408 71 23 liftied
1338 1409 52 21 with
1399 1410 78 27 plates,

1274 1430 109 35 Voyages
1392 1437 26 21 of
1429 1436 93 32 Captain
1534 1437 97 22 Richard
1643 1437 117 28 Falconer,

1281 1463 95 29 fisher's
1385 1462 106 23 Juvenile
1502 1465 68 25 Scrap
1578 1465 69 26 Book,

1282 1488 49 23 i'Afe
1342 1489 45 22 and
1397 1490 135 27 Campaigns
1541 1491 25 21 of
1573 1492 37 21 the
1621 1491 67 22 Duke
1699 1492 25 21 of
1733 1492 106 28 Welling-

1256 1519 43 27 ton^

1282 1543 49 21 Life
1341 1543 44 22 and
1395 1544 62 27 veign
1468 1545 26 20 of
1504 1545 100 22 William
1615 1545 38 21 the
1664 1545 92 27 Fourth,

1281 1570 157 27 Shakspeare's
1448 1571 116 22 Dramatic
1575 1572 87 27 Works,
1673 1573 53 21 with
1735 1573 78 27 plates,

1282 1596 142 23 Buchanan's
1434 1597 86 28 history
1530 1599 26 20 of
1568 1599 112 27 Scotland,

1282 1623 80 28 Tegg'a
1372 1624 176 28 wasliing-book,

1281 1650 120 23 Johnson's
1411 1651 131 28 dictionary,

1281 1677 126 29 Campion's
1435 1679 141 22 ornamental
1605 1680 156 28 penmanship,
1792 1680 44 23 five

1255 1707 66 25 parts,

1283 1731 41 22 Art
1335 1732 26 21 of
1371 1732 69 27 being
1449 1731 82 29 happy,

1283 1758 116 22 Robinson
1409 1759 89 27 Crusoe,

1282 1783 99 24 Punell's
1391 1793 67 14 seven
1468 1793 108 20 sermons,

1281 1810 64 23 Tales
1355 1813 23 20 of
1392 1813 37 21 the
1439 1813 83 22 fairies.

1282 1837 87 29 Family
1379 1839 112 28 Worship,

1282 1865 72 22 Hall's
1365 1866 65 22 Vows
1441 1867 46 21 and
1497 1866 157 29 Meditations,

1354 1893 26 22 in
1390 1893 79 27 Verse,
1479 1894 31 28 by
1521 1894 66 28 Mary
1598 1894 100 28 Howett,

1280 1919 65 34 Jjdes
1354 1920 24 21 in
1388 1920 75 26 Prose,
1476 1920 30 27 by
1517 1921 63 26 ditto,

1281 1946 105 21 Sketches
1395 1947 129 21 urNaiural
1535 1946 101 28 History,
1647 1949 30 25 by
1687 1949 63 27 ditto,

1280 1971 135 23 Jamieson's
1425 1973 104 22 Mothers
1538 1973 143 29 Dictionary,

1281 1998 103 27 Memory
1394 1999 45 22 and
1449 2000 65 21 other
1525 2000 88 26 Poems,

1280 2025 92 28 Phillips
1384 2033 28 14 on
1423 2025 66 22 effect
1498 2027 46 21 and
1554 2027 83 27 colour,

1280 2051 67 23 Lives
1357 2053 24 21 of
1394 2053 172 27 Highwaymen,

1279 2079 74 22 Burke
1364 2087 28 14 on
1402 2080 38 21 the
1449 2080 89 22 French
1550 2080 142 28 Revolution,

1278 2106 48 22 The
1338 2107 139 27 Equestrian,
1489 2115 13 14 a
1511 2107 62 22 hand
1588 2108 63 22 Book
1662 2109 25 22 of
1701 2109 139 24 Horseman-

1254 2133 55 27 ship,

1278 2160 48 21 The
1336 2160 134 28 Evergreen,

1280 2187 103 27 Draper's
1395 2188 114 27 Miracles,

1278 2214 97 22 Modern
1386 2214 100 29 History,

1277 2241 65 22 Bible
1355 2241 75 27 Lives,

1277 2268 48 22 The
1336 2268 110 22 Christian
1458 2270 148 28 Companion,

1278 2295 48 22 The
1338 2294 105 28 Diadem,

1275 2322 150 26 Doddridge's
1441 2323 95 28 Hymns,

1276 2349 104 22 Barton's
1392 2350 83 26 Gospel
1486 2350 86 28 history
1583 2352 26 21 of
1621 2351 82 28 Christ,

1274 2376 47 21 The
1332 2376 79 21 Easter
1425 2376 56 27 Gift,
1493 2378 30 26 by
1533 2378 28 22 L.
1572 2379 27 22 E.
1611 2378 33 27 L.,

1273 2403 48 22 The
1345 2403 100 23 Parents'
1470 2404 91 28 Friend,
1581 2406 30 26 by
1631 2406 61 22 John
1716 2407 122 25 Morrison,

1246 2430 29 23 D.
1287 2430 37 26 D.,

1274 2457 111 27 Scripture
1395 2456 84 29 history
1488 2458 36 22 for
1534 2458 82 28 Youth,
1629 2460 54 21 with
1693 2460 78 28 plates,

1274 2485 103 20 Summer
1386 2484 44 21 and
1445 2485 84 22 Winter
1537 2486 24 21 in
1574 2487 38 20 the
1627 2487 121 28 Pyrenees,
1759 2489 29 26 by
1800 2488 38 22 the

1272 2518 61 14 same
1345 2510 85 27 author,

1276 2537 146 22 Goldsmith's
1432 2538 87 28 history
1529 2539 27 22 of
1566 2540 38 21 the
1616 2540 78 28 Earth,

1275 2564 103 23 Burder's
1389 2564 89 28 Village
1489 2566 114 28 Sermons,

1275 2592 92 21 Wood's
1377 2592 130 28 Dictionary
1516 2593 25 22 of
1554 2593 38 22 the
1602 2594 73 28 Bible,

1277 2618 92 23 Smith's
1381 2619 128 27 Mechanic,

1275 2646 91 26 History
1382 2646 26 21 of
1423 2646 113 28 England,
1559 2650 24 20 to
1604 2648 39 22 the
1665 2650 134 22 coronation
1814 2651 28 22 of

1252 2672 79 24 Queen
1342 2670 107 30 Victoria,

1276 2700 111 27 Wesley's
1395 2707 109 19 sermons,
1515 2700 54 22 with
1580 2709 14 14 a
1601 2703 104 28 memoir,

1277 2727 96 22 Memoir
1383 2728 26 21 of
1420 2728 56 21 Rev.
1487 2728 110 22 Rowland
1613 2729 56 27 Hill,

1275 2754 49 22 The
1333 2754 63 22 Book
1406 2754 26 21 of
1442 2754 111 23 Common
1564 2755 90 29 Prayer,
1665 2757 134 28 illustrated,

1276 2781 147 22 Fleetwood's
1431 2781 39 22 life
1481 2782 26 20 of
1518 2782 80 27 Christ,

1276 2808 69 22 Fox's
1355 2808 112 23 Christian
1484 2809 161 30 Martyrology,

1272 2834 49 23 The
1331 2836 71 21 whole
1411 2836 56 27 duty
1477 2837 26 20 of
1515 2836 62 28 Man,
1588 2837 30 27 by
1628 2839 38 21 the
1677 2838 56 24 Rev.
1745 2838 82 24 Charle

1248 2862 99 27 Atmore,

1274 2889 116 27 Bunyan's
1405 2889 114 27 Pilgrim's
1534 2890 114 29 Progress,
1658 2892 133 29 beautifully
1810 2895 15 21 il

1247 2916 115 27 lustrated,

1274 2943 133 22 Morrison's
1417 2943 88 28 Family
1516 2945 102 27 Prayers,

1275 2971 104 21 Sermons
1389 2970 28 28 by
1429 2971 60 22 Blair
1500 2971 46 23 and
1555 2972 138 29 Whitefield,

1275 2997 113 23 Buchan's
1398 2997 117 23 Domestic
1526 2999 123 28 Medicine,

1274 3023 109 23 Walker's
1394 3025 160 27 Pronouncing
1562 3026 141 29 Dictionary,

1274 3051 135 22 Jamieson's
1416 3051 134 28 Dictionary
1556 3053 26 21 of
1586 3053 142 23 Mechanical
1736 3055 96 22 Science

1247 3077 60 28 Arts,
1324 3078 177 27 Manufactures,
1512 3079 49 27 &c.,

1273 3105 173 27 Encyclopaedia
1461 3105 126 28 Edinensis,

1273 3131 110 23 Matthew
1394 3131 72 28 Wald,

1273 3159 84 22 Close's
1366 3159 88 28 Family
1465 3159 91 28 Prayer,

1273 3185 92 23 Parlour
1373 3185 71 28 Book,
1455 3186 29 27 by
1496 3187 98 23 William
1606 3188 94 28 Martin,

1272 3213 125 26 Perennial,

1280 3240 86 27 Popery
1375 3240 23 22 in
1408 3239 102 28 Ireland,

1271 3267 48 22 The
1329 3267 73 22 Monk
1410 3267 27 21 of
1449 3267 89 28 Cimies,
1549 3267 31 29 by
1590 3269 56 22 Mrs.
1658 3269 131 29 Sherwood,

1272 3293 66 23 Prose
1348 3293 189 28 Forget-me-not,

1272 3321 106 21 Counsels
1388 3320 45 22 and
1442 3321 86 28 advice,
1540 3322 30 32 by
1582 3323 34 21 Sir
1625 3324 110 22 Matthew
1746 3325 62 27 Hall,

1272 3347 83 23 Pocket
1364 3347 84 27 Lacon,
1461 3349 136 28 comprising
1613 3357 43 16 one
1672 3352 110 22 thousand
1794 3360 40 15 ex-

1243 3377 74 24 tracts,

1272 3401 117 28 Thoughts
1399 3401 35 22 for
1442 3401 38 23 the
1491 3409 45 20 sea,

1271 3427 69 23 Hand
1350 3429 57 21 book
1418 3428 26 22 of
1456 3429 62 23 trade
1528 3429 46 23 and
1583 3437 133 21 commerce,

1271 3455 48 22 The
1329 3455 84 22 heart's
1423 3462 59 21 ease,

1246 3512 71 49 ON
1332 3512 78 21 SALE
1424 3515 24 19 at
1467 3512 38 23 the
1524 3513 73 23 Office
1617 3516 24 20 of
1659 3515 44 22 this
1721 3523 112 19 paper:—

1322 3538 62 27 Keys
1394 3539 26 21 of
1427 3538 38 23 the
1474 3540 70 22 Town
1554 3541 26 22 of
1587 3541 56 22 New
1653 3542 127 28 Plymouth,

1270 3565 68 22 Plans
1349 3565 25 23 of
1382 3565 99 28 Country
1492 3567 65 22 Laud
1567 3569 73 22 round
1654 3569 141 29 Wellington,
1806 3571 25 21 in

1244 3599 56 19 case,

1270 3618 69 23 Plans
1349 3618 26 22 of
1381 3618 93 28 Nelson,
1484 3620 25 23 in
1519 3627 59 21 c»ae,

1270 3645 79 28 Copies
1366 3645 26 22 of
1403 3646 39 21 the
1460 3647 56 22 New
1535 3648 100 23 Zealand
1650 3649 100 29 Journal,
1768 3652 61 27 1842,

1243 3672 116 27 complete,
1369 3672 84 28 bound,

1270 3699 132 27 Chapman's
1413 3700 116 29 Portfolio,
1539 3702 86 28 bound,

1269 3726 74 24 Prints
1350 3726 25 21 of
1380 3726 94 28 Nelson,

1270 3752 74 23 Prints
1354 3752 26 23 of
1383 3752 145 30 Wellington,

1269 3779 67 22 Plans
1347 3780 26 21 of
1379 3780 86 23 Nelson
1474 3782 24 21 in
1509 3781 85 29 Sheets,

1269 3806 69 23 Plans
1348 3807 26 22 of
1380 3807 100 28 Country
1491 3808 65 23 Land
1566 3813 24 19 at
1603 3810 144 29 Wellington,

1268 3832 68 23 Plans
1346 3834 25 21 of
1378 3833 37 23 the
1425 3834 71 23 Town
1507 3836 25 21 of
1539 3836 57 23 New
1606 3838 127 27 Plymouth.

1268 3865 129 28 September
1408 3867 34 26 19,
1454 3869 63 21 1843.

1243 3922 174 37 pHARTEPv
1427 3925 177 30 PARTIES,for
1613 3926 47 25 sale
1670 3932 67 20 attne
1746 3930 86 25 Gazette

1243 3950 41 23 \~s
1299 3950 79 23 Office.

858 687 73 21 THIS
947 687 74 23 DAY.

802 721 80 20 Good
896 723 178 21 Investment.

647 747 160 48 MESSRS.
821 747 152 23 BETHUNE
983 756 47 15 and
1045 750 136 27 HUNTER,
1192 759 36 14 are

736 774 123 21 instructed
869 778 23 18 to
901 774 42 23 sell
952 776 30 26 by
994 776 96 27 auction,
1101 778 87 21 without
1197 785 31 14 re-

644 807 63 19 serve,
720 808 28 14 on
757 800 142 29 Wednesday
908 805 63 24 next,
983 802 36 22 the
1029 804 53 21 24th
1091 804 61 28 July.

672 826 40 23 All
722 827 61 22 those
794 828 154 23 commodious
954 830 106 26 premises
1068 830 80 23 known
1159 839 24 15 as
1192 833 36 21 the

646 854 142 22 SUFFOLK
819 854 112 28 HOTEL,
958 856 200 30 Thorndon-quay,
1178 860 50 22 with

644 880 116 27 furniture,
769 880 134 28 impliments
919 882 41 21 and
976 883 65 22 stock
1051 884 23 22 in
1088 885 69 27 trade,
1169 888 59 25 toge-

647 908 49 21 ther
706 908 53 21 with
769 908 38 21 the
817 908 108 26 goodwill
935 910 26 20 of
967 910 39 21 the
1015 910 108 24 business.

673 935 100 26 Also,—
774 935 39 21 An
830 936 110 21 excellent
955 937 191 25 BAKEHOUSE
1161 940 67 22 AND

646 961 81 22 SHOP
742 962 111 25 attached,
872 963 29 21 all
917 970 24 13 as
956 971 61 14 more
1032 965 141 29 particularly
1190 967 38 21 de-

646 988 86 25 scribed
741 988 23 21 in
774 995 14 14 a
797 989 102 26 previous
908 989 180 24 advertisement.

659 1016 49 19 Sale
719 1018 19 18 to
749 1016 48 19 tale
802 1016 61 26 place
873 1023 25 14 on
908 1017 35 20 the
948 1018 101 24 premises
1058 1021 24 18 at
1093 1020 26 20 12
1129 1021 84 21 o'clock.

712 1042 57 21 N.B.
800 1043 20 21 A
831 1051 95 14 LICENSE
938 1051 44 14 CAN
999 1052 27 15 BE
1037 1052 122 17 OBTAINED.

671 1068 145 28 Wellington,
827 1070 54 26 July
892 1071 32 26 15,
937 1072 62 21 1844.

797 1114 275 25 TO-MORROW.

645 1148 159 48 MESSRS.
819 1149 95 29 HORT,
934 1151 159 28 MOCATTA,
1115 1160 45 15 and
1180 1155 47 21 CO.

733 1175 45 22 will
788 1176 39 21 sell
843 1178 31 26 by
884 1178 104 27 Auction,
1000 1186 29 14 on
1039 1179 116 28 Thursday
1164 1185 61 23 next,

643 1200 37 23 the
690 1202 52 21 25th
752 1202 61 28 July,
830 1207 21 18 at
861 1203 58 23 their
928 1204 81 28 Stores,
1021 1208 23 19 at
1053 1207 10 20 I
1075 1206 84 23 o'clock
1159 1218 27 5 —

670 1228 66 27 Pork,
747 1229 99 29 whaling
856 1238 61 20 gear,

670 1255 168 29 Ironmongery,

672 1282 85 22 Lemon
767 1291 73 20 syrup,
850 1284 92 28 pickles,
954 1284 46 23 and
1010 1285 65 28 slops,

668 1309 48 22 Tea
726 1313 66 23 trays,

668 1336 54 21 And
732 1343 13 14 a
754 1337 85 27 variety
850 1338 26 21 of
882 1338 63 21 other
954 1339 163 25 merchandise.

671 1362 77 22 Butter
757 1362 70 28 hams,

668 1389 54 22 Iron
729 1392 56 24 pots,
798 1391 118 26 preserved
929 1394 79 25 meats,

668 1416 133 28 Stationery,

905 1453 63 19 ALSO,

668 1469 38 22 An
718 1470 111 22 excellent
839 1471 61 28 dray,

668 1496 23 21 A
708 1503 54 21 very
780 1498 100 26 superior
898 1498 142 28 whale-boat,
1058 1500 64 28 lying
1140 1505 24 19 at
1185 1502 38 22 the

641 1526 69 19 stores
720 1523 25 22 of
752 1524 46 22 Mr.
810 1524 65 27 Hort,
887 1533 53 19 sen.,
952 1526 191 30 Lambton-quay.

848 1559 83 20 TERMS,
948 1561 65 14 CASH.

667 1576 56 27 July
732 1578 34 26 23,
778 1578 60 22 1844.

825 1623 36 21 W.
878 1623 33 23 M.
927 1624 108 28 SMITH,

640 1655 57 15 LATE
708 1656 238 16 SURVEYOR-GENERAL
956 1658 28 14 TO
997 1660 44 14 THE
1056 1661 52 14 NEW
1122 1662 104 15 ZEALAND

875 1684 115 20 COMPANY,

666 1702 142 26 Surveyor,
823 1704 213 27 Draughtsman,
1051 1707 56 21 and
1121 1708 76 21 Land

883 1732 101 26 Agent.

638 1754 178 29 Tinakori-road,
827 1757 101 27 January
940 1760 21 24 4,
974 1761 62 21 1843.

835 1804 79 20 Land
925 1806 28 21 to
967 1805 60 20 Let.

639 1832 168 50 SECTIONS
823 1834 64 22 No's.
903 1836 28 21 24
940 1836 44 21 and
995 1837 26 21 25
1037 1837 21 22 in
1073 1837 75 28 Ohiro,
1165 1846 60 14 com-

703 1860 77 27 monly
790 1860 73 22 called
875 1862 82 27 Happy
973 1862 88 28 Valley.

665 1887 87 22 Section
762 1887 44 22 No.
817 1889 26 21 23
853 1889 24 20 in
887 1889 38 21 the
936 1889 96 23 Makara
1039 1886 90 32 Valley.

664 1912 70 23 These
746 1914 100 22 Sections
856 1915 45 22 will
912 1916 28 20 be
950 1919 38 18 cut
997 1924 31 20 up
1037 1917 47 22 into
1097 1917 42 23 lots
1148 1921 23 19 to
1180 1919 44 22 suit

639 1940 93 21 settlers.
760 1940 44 21 For
811 1941 66 25 plans
886 1942 43 20 and
938 1943 132 25 particulars
1080 1945 66 26 apply
1155 1949 21 16 to

961 1973 34 22 W.
1012 1974 32 22 M.
1061 1975 82 26 Smith,

1077 2002 116 27 Surveyor.

636 2028 83 24 Offices
730 2029 23 22 in
764 2032 87 25 cottage
861 2030 68 28 lately
940 2032 108 28 occupied
1058 2033 29 27 by
1098 2033 43 22 Mr.
1154 2034 68 22 Waitt

831 2057 109 22 Tinakori
954 2059 71 22 Road.

663 2081 144 28 Wellington,
820 2084 55 26 July
886 2085 31 26 15,
931 2086 60 21 1844.

872 2130 38 20 To
926 2131 57 20 Let.

635 2163 51 46 A
700 2161 92 22 TOWN
807 2162 89 26 ACRE,
909 2163 43 22 No.
964 2165 47 27 644,
1025 2173 26 13 on
1068 2166 37 21 the
1115 2166 105 23 Tinakori

714 2189 73 23 Road,
797 2189 99 22 between
906 2190 37 21 the
954 2198 50 15 acre
1021 2199 57 20 upon
1091 2193 69 22 which
1179 2201 38 20 my

633 2213 69 23 house
712 2215 18 21 is
745 2215 96 22 situated
852 2216 45 22 and
914 2217 44 22 Mr.
972 2218 91 23 Levin's
1079 2220 75 27 house,
1174 2220 46 22 and

634 2248 28 15 on
674 2241 37 22 the
720 2249 59 14 same
790 2242 46 22 side
847 2243 27 21 of
885 2243 37 22 the
942 2244 60 23 road.

845 2274 36 23 W.
896 2276 34 21 M.
947 2276 83 22 Smith.
1045 2277 117 28 Surveyor,

997 2304 106 22 Tinakori
1118 2306 70 22 Road.

660 2326 142 28 Wellington,
814 2328 54 27 July
879 2330 31 26 15,
923 2331 60 20 1844.

868 2380 40 21 To
924 2380 56 20 Let.

633 2409 72 49 ON
718 2409 38 21 the
772 2410 131 22 Manawatu
917 2411 74 27 River,
1010 2417 94 24 country
1121 2415 94 21 sections

698 2436 59 21 No's.
774 2438 25 20 13
816 2437 45 21 and
872 2439 31 25 16,
920 2437 82 23 known
1013 2439 29 28 by
1058 2440 37 22 the
1110 2448 65 16 name
1192 2442 26 22 of

618 2470 2 17 i
631 2462 30 21 Te
674 2463 59 23 Kare
745 2463 69 23 Rare,
843 2464 44 22 For
898 2465 130 27 particulars
1035 2467 68 28 apply
1113 2471 22 18 to

618 2498 2 22 I
854 2496 34 21 W.
903 2497 33 22 M,
950 2497 82 25 Smith.
1044 2498 116 29 Surveyor,

1001 2525 106 22 Tinakori
1116 2528 71 22 Road.

658 2547 144 28 Wellington,
814 2549 54 28 July
879 2551 33 26 15,
925 2552 60 20 1844.

633 2592 28 23 T
681 2593 67 22 AND
764 2597 21 18 to
795 2594 27 21 be
833 2595 43 22 Let
894 2603 29 14 on
934 2596 105 28 Building
1049 2598 88 27 Leases,
1149 2599 21 22 in
1186 2599 30 23 all

631 2618 48 23 XJ
708 2624 58 23 parts
777 2621 25 22 of
809 2622 37 21 the
856 2622 68 23 Town
934 2624 25 20 of
969 2624 144 27 Wellington.

618 2648 2 29 j
659 2646 44 23 For
711 2648 135 29 particulars,
859 2650 65 27 apply
934 2653 23 19 at
966 2650 38 23 the
1016 2651 75 22 offices
1101 2653 26 21 of

820 2683 99 22 George
934 2684 94 23 Samuel
1043 2685 77 23 Evans
1135 2688 45 21 and

821 2709 63 22 Joah
900 2711 75 22 Bates
991 2711 148 30 Wakefield,

934 2739 116 27 Solicitors,

661 2789 13 6 ,
690 2789 6 6 ,
996 2767 109 22 Lambton
1116 2769 72 26 Quay.

658 2789 54 27 July
723 2791 32 24 10,
767 2791 60 22 1844.
1166 2784 10 14 '

807 2836 77 22 Land
900 2839 28 19 to
945 2839 93 21 Lease.

632 2867 121 36 npOWN
769 2875 45 15 and
830 2868 148 24 COUNTRY
993 2871 105 23 LANDS
1107 2873 40 22 TO
1157 2873 59 24 LET

638 2892 30 24 X
707 2902 28 14 on
746 2895 168 28 advantageous
924 2900 68 19 terms
1001 2898 23 21 in
1034 2899 31 21 all
1074 2904 61 22 parts
1145 2902 26 20 of
1177 2901 38 22 the

632 2921 134 28 Company's
775 2923 147 22 settlements.

865 2951 115 22 Clifford
995 2959 46 16 and
1057 2952 130 26 Vavasour,

657 2975 145 28 Wellington,
814 2977 64 28 April
887 2979 35 26 24,
934 2979 61 22 1844.
1089 2982 11 10 *

779 3022 39 21 To
834 3024 34 20 be
882 3024 51 20 Let
948 3029 30 16 or
993 3025 75 25 Sold,

629 3055 52 49 A
691 3055 89 23 GOOD
789 3056 132 23 substantial
928 3057 207 25 weather-boarded
1144 3061 70 28 Store,

695 3083 97 21 situated
800 3083 23 22 in
834 3083 38 22 the
881 3092 71 20 upper
961 3089 52 28 part
1024 3086 25 21 of
1058 3086 157 25 Willis-street.

628 3108 49 22 The
687 3116 61 15 same
758 3117 51 21 may
820 3111 29 21 be
859 3118 56 21 very
926 3112 69 27 easily
1004 3114 121 21 converted
1140 3114 48 23 into
1203 3123 13 14 a

629 3135 194 28 dwelling-house.
853 3137 44 22 For
911 3139 139 27 particulars,
1066 3141 66 27 apply
1141 3146 23 17 at
1177 3142 38 23 the

629 3162 76 22 Stores
714 3163 26 22 of
746 3163 74 23 Levin
835 3165 22 21 &
871 3165 47 27 Co.,
930 3165 112 23 Lambton
1053 3168 72 27 Quay.

628 3208 42 21 On
677 3208 56 21 sale
741 3210 29 19 at
776 3209 45 21 the
830 3211 90 20 stores
928 3211 30 21 of
966 3212 46 21 the
1020 3213 193 26 undersigned,

648 3235 45 20 Ex
882 3238 56 21 and

628 3268 44 48 I)
679 3268 145 24 LANKETS
841 3271 52 21 10-4
901 3271 44 22 and
959 3273 57 26 11-4,
1027 3274 99 21 assorted
1136 3275 76 28 colors,

654 3295 21 21 J
706 3296 72 27 white,
790 3297 87 27 yellow,
888 3298 60 27 blue,
956 3306 76 20 green,
1043 3300 47 22 and
1100 3301 85 29 scarlet,

654 3322 120 29 Druggett,
785 3322 110 30 damasks,
906 3325 104 29 flannels,

654 3349 82 29 Plaids,
747 3351 46 21 and
805 3351 90 28 checks,

654 3375 75 30 Fancy
739 3377 77 28 prints,
828 3378 127 30 domestics,
966 3380 50 27 &c,

654 3403 74 23 Broad
740 3404 67 27 cloth,

654 3429 88 29 Europe
752 3431 43 22 and
806 3432 96 23 Manilla
910 3441 61 21 rope,

654 3456 68 22 Paint
732 3457 36 27 oil,
779 3460 127 27 turpentine
917 3461 44 22 and
971 3462 69 27 paint,

654 3483 61 23 Pork
723 3484 24 22 in
757 3485 84 22 barrels
851 3487 45 21 and
904 3487 52 23 half
966 3489 91 28 barrels,

655 3509 81 28 Hams,
745 3511 82 28 butter,
839 3512 86 29 cheese,

654 3537 98 22 Refined
761 3545 73 21 sugar,

654 3564 107 27 Canvass,
773 3565 64 22 No.'s
846 3567 21 26 3,
878 3568 21 26 4,
910 3568 20 26 5,
941 3568 46 23 and
1001 3572 20 25 6,
1031 3570 84 29 sewing
1125 3572 73 27 twine,

654 3591 144 28 Glass-ware,

654 3617 47 23 Bar
708 3618 56 27 iron,
774 3619 165 29 ironmongery,
950 3622 44 23 and
1006 3623 109 29 tin-ware,

654 3645 63 27 Teas,
736 3647 144 27 gunpowder,
905 3648 100 29 Congou,
1025 3651 123 29 Pouchong
1168 3653 44 23 and

619 3685 1 3 •
627 3670 82 28 Pekoe,

653 3699 82 26 Coffee,

653 3726 22 21 A
684 3725 62 28 large
757 3726 63 22 stock
828 3727 26 22 of
866 3728 76 23 choice
953 3730 75 28 wines,

652 3753 92 27 Brandy
753 3753 45 21 and
807 3760 58 22 mm,

652 3779 80 22 Scotch
741 3779 108 30 whiskey,
860 3783 23 21 in
894 3790 34 20 qr.
939 3784 72 28 casks,

653 3807 52 27 Gin,
715 3807 25 21 in
750 3807 65 22 hhds.
826 3808 45 23 and
882 3817 68 21 cases,

881 3836 74 28 Also,

650 3860 80 23 About
739 3861 28 22 50
776 3864 51 20 tons
836 3862 29 23 V.
876 3862 31 23 D.
917 3864 27 22 L.
954 3864 64 29 flour,
1030 3867 41 21 Ist.
1082 3867 90 28 quality,

649 3888 27 21 25
684 3887 68 23 hhds.
762 3888 44 22 and
815 3890 28 21 25
853 3889 87 24 barrels
949 3891 63 23 Bass'
1021 3893 86 23 Burton
1117 3895 42 23 ale.

645 3941 29 8 ,«
688 3941 24 8 i,.
819 3916 134 30 RIDGWAYS,
966 3920 108 29 GUYTON,
1086 3929 46 16 AND
1142 3923 40 23 Co.

645 3941 145 29 Wellington,
802 3942 61 25 June
874 3946 33 26 18,
921 3947 53 22 1844

2083 696 163 27 Stationery.

1879 721 73 48 ON
1968 721 84 27 SALE,
2067 722 42 22 AT
2122 722 74 22 THIS
2212 723 140 24 OFFICE—

1944 748 111 27 Foolscap,
2065 749 89 21 various
2165 750 109 27 qualities,

1904 774 73 27 Large
1987 774 58 22 thick
2056 779 55 23 post,
2123 783 62 15 wove
2195 777 46 21 and
2250 777 52 28 laid,

1903 800 59 23 Thin
1972 804 55 24 post,
2164 803 64 27 ditto,

1903 827 56 22 Fine
1970 827 57 22 Bath
2035 831 57 24 post,
2103 828 48 27 gilt,

1902 854 155 28 Antiquarian,
2065 854 110 28 imperial,
2183 856 70 28 royal,
2261 857 47 23 and
2316 857 63 30 demy
2389 860 71 23 draw-

1874 881 40 25 ing
1923 888 76 20 paper,

1902 907 71 23 Quills
1984 907 44 22 and
2036 915 62 20 pens,

1902 934 70 21 Small
1982 933 57 23 hand
2050 934 45 21 and
2105 934 55 28 shop
2170 943 75 20 paper,

1901 960 72 27 Royal
1987 960 67 26 hand,
2065 960 80 23 double
2163 962 59 22 hand
2238 964 82 26 brown,
2332 965 45 22 and
2394 967 64 26 royal

1874 986 76 22 brown
1961 987 115 27 wrapping
2084 995 77 19 paper,

1902 1012 43 23 Ink
1957 1014 44 21 and
2010 1013 40 22 ink
2058 1014 108 28 powders;

1902 1039 72 22 Black
1983 1040 49 21 lead
2042 1040 91 27 pencils,

1901 1066 98 27 Ledgers
2008 1067 44 21 and
2062 1071 97 18 account
2166 1068 78 28 books,
2255 1070 89 23 various
2353 1072 64 27 sizes,

1902 1092 104 29 Message
2016 1093 72 25 cards,

1901 1120 109 22 Coloured
2019 1127 86 21 papers,

1901 1146 72 27 Sugar
1982 1154 84 20 papers,

1900 1172 59 23 Note
1968 1181 86 20 papers,

1901 1199 67 24 India
1978 1201 86 26 rubber,
2076 1200 77 28 bottle,
2166 1202 42 22 and
2217 1206 86 25 patent,

1901 1226 69 33 Ivory
1979 1227 80 22 folders
2070 1228 44 21 and
2125 1228 86 28 knives,

1901 1252 91 23 Invoice
2001 1254 70 22 books
2082 1255 53 22 with
2144 1256 99 26 indexes,
2254 1258 88 22 various
2352 1259 64 28 sizes,

1900 1280 57 21 Cash
1968 1280 67 22 books
2046 1280 63 23 ruled
2119 1282 88 28 double,
2221 1284 87 22 various
2318 1285 64 27 sizes,

1900 1307 90 27 Sponge
1999 1308 44 21 and
2053 1308 86 27 wafers,

1900 1333 77 22 Wafer
1987 1337 90 25 stamps,

1899 1360 72 22 Black
1980 1361 56 22 lines
2045 1362 36 21 for
2090 1362 66 21 letter
2172 1363 94 27 writing,

1899 1387 90 28 Oblong
1998 1388 90 27 clasped
2098 1390 168 22 memorandum
2278 1391 74 28 books,

1898 1413 89 23 Ladies'
1999 1414 44 23 and
2051 1416 149 25 gentlemen's
2215 1418 52 21 card
2278 1426 66 20 cases,

1897 1440 102 28 Message
2008 1442 69 27 cards,

2123 1492 91 21 Seeds.

1871 1525 52 47 A
1938 1524 84 22 VERY
2037 1525 156 23 SUPERIOR
2208 1527 44 22 and
2262 1529 101 23 valuable
2375 1534 82 19 assort-

1951 1555 62 19 ment
2029 1552 25 21 of
2070 1552 60 22 fresh
2147 1553 68 23 Seeds
2230 1555 47 26 just
2291 1557 109 27 received,
2418 1558 39 22 the

1870 1578 48 21 first
1936 1579 25 21 of
1977 1586 13 14 a
2004 1579 89 26 regular
2107 1581 87 26 supply,
2204 1588 49 15 now
2271 1590 28 14 on
2316 1583 45 22 sale
2378 1588 23 18 at
2418 1585 39 22 the

1872 1604 70 22 Office
1962 1606 26 20 of
2003 1605 43 22 this
2066 1606 70 27 Paper
2157 1607 28 27 by
2201 1608 38 21 the
2258 1609 157 30 undersigned,
2432 1612 24 22 in

1870 1632 122 27 quantities
2001 1635 22 19 to
2032 1632 44 22 suit
2086 1633 131 26 purchasers
2225 1643 4 14 :—:
2232 1646 28 5 —

1900 1658 124 28 Carraway,
2034 1659 49 21 Dill
2092 1659 44 22 and
2145 1660 93 29 Burnet,

1900 1686 42 21 Sea
1952 1686 54 26 cale,
2018 1692 126 21 asparagus,
2156 1692 80 23 carrot,
2248 1690 44 22 and
2305 1691 94 28 parsnip,

1899 1712 95 27 English
2004 1713 49 21 leek
2064 1713 45 22 and
2119 1715 73 25 onion,
2205 1716 94 27 Spanish
2312 1717 34 22 do.

1900 1738 123 28 Vegetable
2040 1747 93 15 marrow
2149 1741 43 22 and
2201 1741 55 29 long
2269 1744 86 27 prickly
2365 1752 91 16 cucum-

1871 1766 47 26 ber,

1900 1792 144 28 Cauliflower,
2055 1793 87 28 endive,
2154 1795 45 22 and
2213 1796 80 28 celery,

1900 1819 118 28 Virginnia
2034 1821 99 27 tobacco,
2149 1823 151 28 mignionette,
2321 1825 45 22 and
2390 1829 68 19 sweet

1872 1853 61 20 peas,

1899 1873 39 21 All
1949 1879 55 17 sorts
2015 1874 24 22 of
2046 1875 84 26 garden
2142 1875 45 22 and
2196 1876 54 23 field
2259 1878 106 28 cabbage,

1900 1900 44 22 Do.
2053 1901 36 22 do.
2173 1903 36 23 do.
2267 1905 80 28 turnip,

1900 1927 38 21 All
1947 1931 54 17 sorts
2011 1927 25 21 of
2042 1928 90 26 lettuce,
2144 1929 70 26 salad,
2225 1931 44 21 and
2283 1932 92 27 brocoli,

1898 1953 39 21 All
1947 1957 56 17 sorts
2013 1954 26 20 of
2044 1954 74 26 lupins
2128 1956 45 20 and
2182 1957 153 27 nasturtiums,

1898 1980 39 21 All
1947 1983 56 18 sorts
2014 1980 25 21 of
2046 1983 67 19 sweet
2125 1980 72 27 herbs,

1900 2006 49 22 One
1958 2006 102 22 hundred
2071 2007 78 21 choice
2159 2008 89 22 varities
2261 2010 26 21 of
2300 2010 76 22 flower
2389 2013 64 22 seeds

1899 2033 22 21 A
1932 2040 53 21 very
2000 2033 100 22 valuable
2118 2039 131 19 assortment
2265 2037 26 21 of
2304 2037 59 23 fresh
2380 2039 78 22 choice

1871 2067 85 19 grasses
1966 2060 33 22 for
2008 2060 148 27 gentlemen's
2169 2062 70 22 lawns
2255 2063 44 22 and
2316 2065 143 26 agricultural

1872 2093 112 21 purposes,

1900 2114 110 27 Cabbage,
2041 2114 90 27 brocoli,
2162 2115 105 29 rhubard,
2297 2119 74 26 onion,
2399 2119 59 29 leek,

1870 2140 84 22 lettuce
1974 2141 79 28 plants,
2072 2142 48 26 &c,
2142 2149 50 15 now
2211 2144 70 29 ready
2300 2148 22 18 to
2340 2146 28 21 be
2387 2150 73 19 trans-

1870 2167 100 28 planted,
1981 2166 72 24 raised
2063 2169 57 22 from
2130 2169 96 28 samples
2238 2172 26 20 of
2272 2171 63 23 these
2345 2173 72 23 seeds.

2280 2199 36 22 W.
2333 2200 95 23 Moody.

1900 2222 99 22 October
2008 2224 20 25 6,
2041 2224 62 21 1843.

1873 2272 91 48 THE
1987 2272 77 21 Nelson
2088 2274 116 20 Examiner
2227 2275 43 20 and
2291 2277 52 19 New
2366 2277 96 21 Zealand

1947 2299 108 21 Chronicle
2071 2300 126 26 (published
2207 2305 24 17 at
2239 2301 101 28 Nelson,)
2356 2303 19 22 is
2393 2312 68 20 regu-

1870 2325 57 29 larly
1946 2326 139 22 transmitted
2100 2330 24 18 to
2141 2327 145 29 Wellington,
2305 2330 44 22 and
2365 2338 52 21 may
2432 2332 28 22 be

1870 2352 44 22 had
1926 2356 22 18 at
1957 2353 37 21 the
2004 2353 63 22 office
2077 2354 26 20 of
2113 2354 45 22 this
2167 2362 75 20 paper.

1898 2385 47 21 The
1955 2387 78 19 Nelson
2041 2387 117 20 Examiner
2173 2387 45 22 will
2228 2387 26 22 be
2265 2388 68 22 found
2343 2396 30 15 an
2384 2391 75 22 excel-

1870 2412 49 22 lent
1927 2412 97 22 medium
2034 2413 35 21 for
2079 2413 139 23 advertisers.

1898 2439 78 22 Terms
1985 2440 33 21 for
2028 2439 38 22 the
2076 2448 75 20 paper,
2162 2444 37 17 ten
2210 2441 101 27 shillings
2324 2450 41 20 per
2375 2448 80 22 quarte

1870 2466 94 28 payable
1973 2467 23 21 in
2006 2466 108 23 advance.

1898 2498 82 22 Orders
2002 2498 34 22 for
2055 2498 38 22 the
2116 2507 68 21 paper
2206 2500 45 22 and
2274 2501 164 24 advertisemen

1869 2526 104 21 received
1983 2528 21 19 at
2015 2525 37 22 the
2064 2526 70 22 Office
2146 2528 25 20 of
2184 2526 44 23 this
2238 2535 74 19 paper.

2097 2580 43 21 On
2155 2580 69 24 Sale,

1870 2609 92 49 THE
1991 2609 73 23 NEW
2087 2611 152 23 ZEALAND
2269 2613 185 28 PORTFOLIO,

1943 2637 126 22 conducted
2086 2637 30 28 by
2136 2638 31 22 H.
2184 2639 22 21 S.
2225 2639 121 29 Chapman,
2369 2641 35 26 (of
2416 2642 39 23 the

1870 2663 87 23 Middle
1964 2664 110 27 Temple,)
2084 2664 214 25 Barrister-at-Law.

1897 2691 43 22 No.
1954 2691 47 22 I.—
2003 2691 21 21 A
2040 2692 76 22 Letter
2131 2695 24 19 to
2173 2692 38 22 the
2229 2693 69 28 Right
2315 2694 62 22 Hon.
2396 2696 62 23 Lord

1870 2717 99 28 Stanley,
1988 2719 117 27 Secretary
2124 2719 28 22 of
2166 2720 61 21 State
2246 2721 35 21 for
2300 2721 37 22 the
2356 2722 102 23 Colonial

1870 2745 155 27 Department,
2058 2746 35 22 On
2101 2746 39 22 the
2147 2746 186 25 Administration
2340 2749 26 21 of
2371 2749 87 24 Justice

1870 2773 23 21 in
1904 2774 56 20 New

1897 2799 43 23 No.
1954 2800 33 22 II.
1988 2810 27 5 —
2017 2800 76 22 Letter
2107 2803 23 18 to
2147 2800 59 22 John
2222 2801 59 22 Abel
2297 2802 78 28 Smith,
2392 2804 62 28 Esq.,

1870 2826 69 27 M.P.,
2017 2826 38 22 the
2062 2827 144 27 Advantages
2213 2828 72 22 which
2293 2830 73 21 would
2375 2838 81 15 accrue

1869 2856 23 19 to
1902 2853 94 28 English
2006 2853 125 28 Capitalists
2140 2855 57 21 from
2209 2855 37 21 the
2257 2856 168 24 establishment
2432 2859 26 22 of

1869 2888 14 14 a
1891 2882 59 21 Loan
1963 2882 101 25 Company
2073 2881 34 22 for
2116 2882 52 20 New
2178 2882 100 28 Zealand,
2290 2884 84 22 similar
2385 2888 23 19 to
2418 2885 39 23 the

1869 2908 128 23 Australian
2007 2908 66 21 Trust

1897 2935 43 22 No.
2051 2935 37 22 An
2100 2935 97 22 Address
2209 2940 22 17 to
2241 2936 37 23 the
2290 2938 55 21 New
2355 2938 102 25 Zealand

1870 2962 65 22 Land
1945 2963 137 27 Proprietors
2091 2963 98 22 resident
2204 2964 23 21 in
2236 2964 38 22 the
2286 2964 83 23 United
2384 2966 72 28 King-

1869 2989 59 27 dom,
1940 2997 30 14 on
1985 2989 85 22 several
2084 2993 92 18 matters
2187 2991 25 21 of
2219 2991 136 27 importance
2366 2996 22 19 to

1894 3043 44 22 No.
1956 3043 40 22 IV.
1997 3053 28 4 —
2053 3043 35 21 On
2109 3043 38 21 the
2167 3044 114 22 Financial
2300 3046 115 22 condition
2431 3048 27 21 of

1867 3069 57 23 New
2067 3069 30 29 by
2106 3070 92 23 Charles
2208 3071 75 28 Terry,
2295 3072 59 28 Esq.,
2365 3073 88 27 F.R.S.,

1867 3096 81 23 F.S.A.

1893 3124 43 22 No.
1952 3123 28 22 V.
1982 3135 28 3 —
2011 3125 19 20 1.
2083 3124 158 23 Observations
2265 3133 30 15 on
2318 3126 135 30 facilitating

1865 3150 139 28 Emigration
2029 3154 22 18 to
2076 3150 55 23 New
2155 3152 108 28 Zealand,
2281 3153 31 28 by
2331 3162 79 14 means
2429 3156 26 22 of

1866 3178 116 22 Moderate
2003 3177 97 27 Charges
2114 3178 36 22 for
2169 3179 67 22 Chief
2251 3180 44 22 and
2311 3180 140 24 Fore-Cabin

2025 3204 28 23 In
2064 3212 13 14 a
2086 3205 78 22 Letter
2173 3210 23 17 to
2208 3206 83 29 Joseph
2302 3209 83 21 Somes.
2398 3210 53 25 Esq.

1865 3232 41 22 &c.
1917 3232 40 22 &c.
1987 3232 33 28 By
2031 3232 31 21 H.
2074 3232 21 23 S.
2108 3232 123 28 Chapman.

1892 3266 20 21 2.
1954 3265 21 22 A
1986 3265 76 21 Letter
2070 3271 29 15 on
2111 3265 106 28 Banking
2226 3266 24 22 in
2260 3267 55 21 New

1865 3291 35 29 By
1910 3292 86 22 Arthur
2005 3291 25 22 T.
2043 3291 109 28 Holroyd,
2164 3293 54 28 Esq.

1893 3319 44 23 No.
1954 3319 40 22 VI.
1995 3330 27 4 —
2047 3319 159 23 Observations
2222 3328 28 14 on
2260 3321 37 22 the
2308 3321 145 28 Advantages

1865 3345 26 23 of
1903 3353 14 15 a
1934 3346 183 28 Representative
2133 3347 122 28 Assembly
2269 3348 36 22 for
2323 3349 57 22 New
2395 3350 58 22 Zea-

1892 3400 99 22 General
2002 3400 48 22 title
2060 3401 45 21 and
2115 3401 151 23 introduction
2278 3405 22 19 to
2309 3403 37 21 the
2358 3403 80 22 Seriea.

2052 3440 70 16 PRICE
2142 3441 120 15 SIXPENCE.

2032 3483 78 21 Meat
2131 3483 148 26 Company.

1864 3514 93 50 THE
1977 3515 235 27 UNDERSIGNED,
2231 3516 83 28 having
2331 3517 58 23 been
2410 3526 40 19 ap-

1937 3542 90 29 pointed
2042 3543 109 27 Manager
2161 3542 26 22 of
2200 3542 36 22 the
2251 3543 62 22 Meat
2323 3545 124 28 Company,

1862 3570 55 27 begs
1926 3573 23 18 to
1959 3577 117 15 announce
2084 3570 50 22 that
2147 3577 13 14 a
2170 3570 88 26 regular
2266 3571 78 28 supply
2354 3573 25 21 of
2389 3573 59 27 beef,

1862 3600 95 24 mutton,
1978 3597 44 21 and
2037 3596 57 29 pork
2110 3603 53 20 may
2181 3597 82 27 always
2281 3598 27 21 be
2328 3599 120 27 depended

1863 3631 61 20 upon
1935 3627 24 19 at
1967 3624 43 22 this
2020 3623 173 23 establishment.

1890 3651 33 23 As
1947 3650 43 22 this
2012 3651 117 27 Company
2147 3657 106 21 purposes
2272 3651 79 28 selling
2370 3657 23 19 at
2411 3653 37 23 the

1862 3678 78 22 lowest
1949 3678 69 27 prices
2028 3681 23 17 at
2065 3676 74 22 which
2147 3679 19 19 it
2180 3677 19 21 is
2207 3678 72 22 found
2288 3678 37 23 the
2335 3683 59 19 meat
2408 3688 42 15 can

1862 3705 28 21 be
1901 3704 105 27 afforded,
2018 3704 38 22 the
2065 3704 152 27 undersigned
2224 3705 19 21 is
2257 3705 52 28 only
2319 3706 129 24 authorized

1863 3735 23 17 to
1896 3731 51 27 give
1952 3738 52 20 very
2010 3731 87 21 limited
2106 3731 78 27 credit,
2191 3731 46 23 and
2244 3731 40 23 has
2290 3733 56 22 been
2356 3734 95 23 ordered

1862 3761 23 18 to
1902 3762 48 23 stop
1965 3758 29 22 all
2007 3760 105 20 accounts
2128 3758 73 22 which
2215 3766 37 14 are
2267 3763 40 18 not
2322 3759 53 28 paid
2389 3768 59 21 upon

1863 3785 102 21 demand.

1890 3817 47 22 The
1947 3817 99 23 business
2057 3817 24 22 of
2089 3818 39 22 the
2138 3819 114 28 Company
2260 3820 20 21 is
2290 3820 85 23 carried
2385 3829 29 16 on
2424 3822 26 23 in

1862 3845 58 21 their
1935 3852 48 15 new
1999 3845 108 27 building,
2118 3846 89 22 erected
2224 3847 100 22 between
2344 3848 107 24 France's

1861 3871 70 22 Hotel
1950 3872 43 22 and
2012 3871 38 22 the
2069 3872 59 22 head
2145 3872 25 22 of
2184 3872 38 23 the
2236 3874 56 28 Bay,
2310 3874 46 23 and
2371 3877 80 28 nearly

1863 3899 98 27 opposite
1971 3903 23 18 to
2003 3899 45 22 Mr.
2060 3899 83 28 Lyon'a
2153 3900 69 23 Store.

2138 3933 40 22 W.
2188 3933 102 30 Fjyoer,
2306 3935 119 28 Manager.

1891 3959 129 24 November
2030 3961 35 26 23,
2076 3961 62 21 1842.
