2510 4020
691 1278 38 21 My
746 1278 72 24 Lord,
821 1288 27 4 —
850 1277 27 21 In
894 1284 54 19 your
964 1277 184 22 communication
1166 1281 21 18 to
1204 1284 39 15 our

663 1305 90 21 District
765 1304 138 26 Committee,
913 1304 25 20 of
950 1304 94 20 October
1053 1305 23 19 31
1085 1308 18 17 st
1113 1305 61 26 ISI3,
1193 1305 50 25 (our

661 1338 84 14 answer
755 1334 22 17 to
793 1330 71 22 which
878 1337 45 19 you
938 1330 43 21 will
997 1330 52 27 long
1066 1331 42 21 'ere
1127 1331 44 21 this
1187 1331 56 21 have

660 1357 106 27 recived,)
778 1364 56 20 your
844 1356 95 28 lordship
949 1357 18 21 is
985 1364 52 20 very
1052 1357 45 22 free
1115 1361 22 17 to
1155 1357 88 22 declare

661 1384 38 21 the
712 1384 128 26 Wesleyans
851 1387 21 17 to
883 1383 26 21 be
1117 1385 58 21 their
1186 1385 53 21 ordi-

661 1411 75 20 nation
748 1415 23 17 to
781 1411 29 20 be
821 1410 91 26 invalid,
924 1410 44 21 and
978 1411 56 21 their
1049 1411 115 26 baptisms,
1186 1415 21 17 to
1215 1413 27 19 be

661 1440 23 18 at
694 1441 62 23 most,
775 1437 40 21 but
831 1436 37 22 the
886 1444 59 14 mere
960 1441 47 17 acts
1021 1437 25 21 of
1209 1438 34 26 f)f

660 1471 85 19 course,
757 1471 32 13 we
801 1471 41 13 can
853 1463 68 21 admit
931 1471 29 14 no
971 1467 47 23 part
1033 1464 24 21 of
1070 1464 42 22 this
1130 1465 112 26 sweeping

659 1495 105 17 sentence
774 1494 22 17 to
812 1491 27 20 be
855 1493 94 23 correct;
967 1490 42 22 and
1025 1491 19 21 if
1060 1498 55 19 your
1131 1491 110 27 Lordship

660 1518 44 20 will
715 1518 50 27 only
779 1518 83 20 submit
868 1518 18 20 it
897 1521 22 17 to
929 1518 26 20 be
966 1518 55 21 tried
1027 1518 22 21 in
1058 1518 87 22 written
1154 1518 85 26 debate,

659 1544 30 26 by
708 1544 35 22 the
754 1549 43 17 test
816 1544 26 21 of
858 1544 110 26 Scripture
978 1545 43 21 and
1040 1544 59 26 right
1115 1549 124 22 argument,

659 1578 32 14 we
701 1571 55 22 have
767 1578 29 14 no
806 1571 48 21 fear
870 1571 26 21 of
907 1571 67 27 being
993 1571 49 21 able
1058 1576 23 16 to
1096 1572 144 21 substantiate

659 1605 44 20 any
722 1597 155 22 ecclesiastical
896 1598 76 22 claims
992 1598 76 26 which,
1090 1606 23 15 as
1129 1606 13 14 a
1157 1603 50 23 part
1218 1599 25 21 of

659 1624 91 22 Christ's
760 1625 79 21 visible
850 1624 84 26 Chuch,
943 1632 32 14 we
983 1625 40 21 feel
1031 1626 112 21 ourselves
1149 1626 91 22 entitled

659 1654 23 18 to
693 1651 107 22 advance.
836 1651 60 21 Such
905 1651 51 21 bare
967 1651 151 27 declarations,
1129 1653 109 26 however,

659 1678 63 22 when
734 1679 147 26 unsupported
893 1679 27 26 by
927 1686 12 14 a
947 1678 60 21 show
1015 1679 24 21 of
1046 1686 83 14 reason,
1140 1679 100 21 whether

657 1705 133 27 proceeding
806 1704 57 22 from
879 1712 56 20 your
951 1705 113 28 Lordship,
1083 1714 24 13 or
1123 1707 57 20 from
1198 1714 41 19 any

658 1732 64 22 other
734 1739 86 19 source,
831 1739 51 20 may
892 1732 111 27 generally
1014 1733 111 27 speaking,
1138 1740 24 14 as
1173 1733 33 21 far
1215 1740 24 14 as

658 1759 37 21 the
705 1762 55 19 most
771 1759 123 26 intelligent
905 1763 46 22 part
962 1759 24 21 of
998 1767 13 13 a
1020 1759 101 23 civilized
1139 1767 100 15 commu-

656 1786 49 27 nity
709 1786 23 27 |is
750 1786 129 26 concerned,
898 1786 26 21 be
940 1786 92 22 allowed
1048 1791 22 17 to
1087 1794 48 19 pass
1146 1786 35 27 off,
1192 1794 23 14 as
1225 1795 14 13 a

658 1820 54 19 very
726 1813 119 21 innoxious
861 1813 52 21 kind
932 1813 24 21 of
967 1813 129 26 sentiment;
1118 1814 55 21 such
1188 1822 49 14 men

658 1839 43 21 will
712 1839 48 22 look
772 1840 33 20 for
816 1839 37 22 the
859 1841 70 25 proof,
941 1847 23 13 as
976 1840 46 21 well
1033 1848 23 14 as
1068 1841 35 21 the
1119 1843 102 19 assertion
1231 1850 4 15 ;

657 1867 44 21 and
712 1867 35 21 the
759 1874 41 14 one
811 1867 43 21 will
867 1869 25 19 be
903 1867 151 26 surrendered,
1066 1868 119 22 whenever
1202 1869 35 21 tf.e

656 1893 64 22 other
728 1894 18 20 is
756 1894 71 21 found
837 1893 110 23 deficient.
985 1894 59 21 W.th
1058 1895 36 21 the
1105 1895 133 28 unthinking

656 1920 63 27 class,
729 1920 109 26 however,
856 1928 54 14 even
927 1921 25 22 of
964 1929 39 14 our
1020 1929 48 13 own
1084 1926 151 23 counttymen,

656 1947 54 21 such
722 1947 146 22 declarations
879 1949 43 21 will
934 1949 25 21 be
976 1949 126 21 considered
1120 1950 117 26 irrcirag-,-

657 1973 42 26 ble,
712 1978 56 16 were
778 1973 18 21 it
810 1974 34 20 for
860 1981 28 13 no
904 1973 62 22 other
980 1982 77 13 reason
1073 1974 53 22 than
1143 1975 94 22 because

656 1999 53 27 they
727 2006 37 14 are
783 2004 41 22 put
843 2000 58 21 foith
916 2001 28 31 by
960 2008 51 14 men
1026 2002 26 20 of
1063 2001 174 27 acknowledged

655 2025 100 28 learning
774 2026 43 20 and
839 2027 137 27 superiority.
1016 2027 26 21 In
1058 2027 42 22 this
1120 2036 58 18 case,
1200 2029 37 21 the

655 2053 42 20 evjl
709 2053 17 20 is
734 2056 69 23 great,
814 2053 117 22 inasmuch
942 2061 22 13 as
974 2054 16 21 it
1000 2054 54 21 adds
1064 2055 137 21 intolerance
1215 2061 21 16 to

655 2078 126 28 ignorance,
793 2079 46 21 and
855 2087 13 14 a
877 2081 61 25 spirit
948 2081 26 21 of
983 2081 103 25 religious
1098 2082 85 27 bigotry
1192 2086 23 18 to
1225 2090 12 14 a

655 2106 109 27 naturally
776 2107 129 22 contracted
915 2108 67 21 mind.
1011 2109 89 21 Thence
1112 2109 40 21 has
1164 2109 71 22 arisen

655 2132 48 22 that
712 2133 82 26 feeling
804 2134 27 20 of
842 2141 117 14 rancorous
970 2135 44 21 and
1022 2135 152 25 impassioned
1184 2135 50 23 hos-

656 2159 57 27 tility
732 2161 26 20 of
778 2161 38 21 the
835 2160 68 22 lower
921 2161 64 22 order
1002 2163 25 19 of
1052 2162 81 27 Papists
1151 2163 86 26 against

656 2186 175 27 Protestantism,
850 2187 42 22 and
908 2189 25 20 of
949 2188 37 22 the
1001 2196 59 14 same
1078 2189 55 21 class
1148 2191 26 20 ot'
1187 2190 49 21 Pro-

654 2217 99 24 testants,
765 2214 37 21 the
812 2222 44 14 one
866 2215 86 26 against
963 2215 35 21 the
1009 2215 71 21 other,
1099 2217 44 20 and
1153 2217 55 21 such
1223 2224 14 15 a

654 2240 84 27 feeling
750 2241 42 21 will
803 2242 103 20 continue
917 2246 22 17 to
953 2242 28 21 be
997 2242 112 22 exercised
1125 2243 24 21 in
1166 2243 29 22 all
1209 2244 27 22 its

654 2267 123 28 malignity,
790 2276 23 13 so
824 2269 53 26 long
887 2276 24 14 as
927 2269 17 21 it
958 2269 18 21 is
991 2269 96 21 fostered
1103 2270 45 21 and
1166 2271 70 21 main-

654 2294 75 22 tained
740 2295 27 26 by
779 2295 129 22 sentiments
926 2296 25 21 of
962 2303 28 14 an
1006 2296 118 22 intolerant
1140 2297 43 22 and
1198 2306 37 14 ex-

654 2321 82 21 clusive
746 2322 120 20 character.

681 2357 62 25 Now,
767 2357 11 22 I
794 2357 73 22 would
883 2358 141 28 respectfully
1044 2359 82 22 submit
1144 2364 20 17 (o
1181 2368 54 19 your

654 2384 127 28 Lordship's
792 2384 125 28 judgment,
936 2393 22 14 as
976 2390 19 17 to
1006 2386 57 21 Avhat
1072 2386 18 22 is
1100 2386 69 28 likely
1180 2391 20 17 to
1209 2388 26 22 be

654 2410 35 23 the
701 2411 99 22 ultimate
811 2419 151 21 consequence
973 2419 57 21 upon
1043 2413 35 21 the
1089 2414 75 22 native
1182 2415 52 21 cha-

652 2441 77 22 racter,
741 2438 26 21 of
776 2438 35 21 the
818 2440 142 26 propagation
971 2440 25 20 of
1002 2440 53 21 such
1066 2441 168 26 exceptionable

652 2464 45 21 and
718 2465 148 26 high-church
886 2466 73 26 views,
979 2474 23 14 as
1019 2467 59 21 thore
1096 2471 21 18 to
1135 2468 71 22 which
1223 2469 9 22 I

651 2491 58 22 have
720 2492 97 21 alluded.
861 2492 51 21 AVill
930 2494 17 20 it
956 2500 63 15 serve
1028 2494 37 21 the
1075 2496 127 25 promotion
1212 2497 24 21 of

652 2518 57 22 their
719 2519 47 21 best
775 2519 109 27 interests,
897 2519 96 22 whether
1004 2521 111 27 domestic,
1133 2522 59 25 civil,
1209 2530 25 15 or

652 2546 118 26 religions?
808 2546 67 27 Upon
893 2553 55 19 your
966 2547 126 27 Lordship's
1111 2549 82 21 arrival
1211 2551 21 21 in

653 2572 55 22 New
719 2572 96 22 Zealand
825 2581 45 19 you
879 2574 69 21 found
966 2575 36 21 the
1019 2576 84 20 natives
1118 2577 114 24 generally

652 2599 79 22 settled
741 2600 62 21 down
812 2600 23 21 in
844 2608 14 13 a
871 2603 54 19 state
938 2601 23 21 of
974 2601 105 22 domestic
1096 2610 74 19 peace,
1190 2605 42 21 and

652 2626 76 27 family
757 2627 64 21 feuds
846 2634 36 15 are
907 2627 77 27 ended,
1009 2629 44 21 and
1077 2633 88 22 parents
1190 2631 42 22 and

652 2652 98 22 children
771 2654 148 27 worshipping
940 2655 50 21 God
1013 2656 106 27 together,
1141 2659 92 21 accord-

651 2680 39 26 ing
700 2684 22 17 to
732 2680 56 22 their
798 2681 84 21 limited
899 2681 134 28 knowledge.
1074 2683 97 28 Perhaps
1191 2692 41 15 one

652 2709 47 23 part
710 2707 24 21 of
754 2708 38 21 the
801 2708 78 27 family
889 2709 45 21 had
945 2709 55 21 been
1012 2703 101 34 baptized
1129 2711 49 22 into
1193 2712 37 22 the

653 2733 159 28 Episcopalian,
828 2735 44 21 and
888 2736 93 21 another
995 2740 49 23 part
1057 2737 47 21 into
1119 2737 38 22 the
1171 2739 62 22 Wes-

651 2760 65 26 leyan
727 2761 93 22 Church.
841 2762 62 22 Your
914 2763 108 28 Lordship
1029 2771 91 20 appears
1131 2770 102 23 amongst

651 2786 68 28 them,
731 2788 42 22 and
785 2788 49 22 tells
846 2789 59 22 them
917 2790 47 22 that
973 2790 52 27 they
1034 2794 59 19 must
1109 2798 29 15 no
1156 2793 77 27 longer

651 2815 92 26 worship
755 2815 107 26 together,
874 2817 39 20 but
923 2817 128 28 separately,
1068 2818 45 22 and
1129 2819 49 22 that
1195 2820 37 21 the

651 2841 99 22 teachers
761 2843 26 20 of
800 2842 36 22 the
847 2850 42 14 one
899 2848 63 21 party
979 2852 35 14 are
1032 2852 28 15 no
1077 2845 78 27 longer
1169 2850 23 18 to
1206 2847 26 22 be

650 2868 92 22 allowed
752 2872 22 18 to
785 2869 94 22 instruct
889 2869 36 22 the
936 2871 72 22 other:
1011 2883 26 4 —
1040 2873 46 21 thar
1097 2873 52 26 they
1166 2881 37 14 are
1220 2882 12 13 a

651 2894 88 23 distinct
758 2897 149 26 communion,
928 2897 42 21 and
985 2898 47 22 that
1047 2899 30 22 all
1093 2899 36 22 the
1141 2899 91 24 distinc-

650 2921 58 23 tions
727 2923 24 21 of
764 2923 37 21 the
820 2919 88 26 Church
919 2931 36 14 are
973 2928 22 18 to
1012 2926 26 22 be
1054 2927 123 28 rigorously
1194 2928 38 22 ob-

649 2949 85 22 served.
764 2951 10 21 1
785 2950 54 22 here
848 2950 58 22 refer
917 2955 21 17 to
949 2958 37 20 my
996 2960 47 14 own
1054 2953 89 22 district.
1180 2956 52 21 And

649 2975 65 28 what,
727 2984 37 20 my
774 2977 66 27 Lord,
851 2977 20 22 is
882 2977 36 21 the
929 2978 77 22 effect?
1035 2980 64 27 Why,
1110 2981 38 21 the
1160 2982 70 28 Scrip-

649 3008 49 17 ture
714 3004 18 21 is
749 3004 98 27 literally
864 3005 98 26 fulfilled,
985 3007 48 21 that
1094 3008 72 23 man's
1185 3010 46 21 foes

648 3030 56 22 shall
715 3031 25 21 be
750 3031 54 27 they
814 3032 26 20 of
851 3031 34 21 his
895 3039 47 14 own
953 3031 133 24 household:
1124 3036 45 21 and
1179 3036 51 22 here

649 3064 32 14 we
698 3057 57 22 have
769 3058 38 22 the
828 3058 66 22 awful
913 3058 58 28 sight
987 3059 24 22 of
1029 3060 71 22 father
1118 3062 46 22 and
1183 3071 46 19 son,

648 3084 88 22 mother
745 3085 45 21 and
800 3085 114 26 daughter,
926 3087 90 20 tuaiana
1026 3087 44 22 and
1080 3090 61 24 teina,
1153 3090 78 28 hating

649 3111 55 21 each
713 3111 62 23 other
785 3113 54 21 with
850 3119 13 14 a
873 3113 79 22 mortal
961 3113 85 22 hatred.
1067 3115 26 22 In
1103 3123 61 15 some
1171 3124 59 15 cases

649 3137 52 28 they
721 3146 36 14 are
776 3139 103 28 dividing
901 3139 132 24 themselves
1059 3141 48 23 into
1129 3149 101 22 separate

649 3165 48 26 Pas,
699 3176 28 5 —
729 3166 21 21 in
779 3165 65 23 other
868 3174 49 14 case
938 3168 47 21 into
1002 3174 99 21 separate
1126 3170 104 23 divisions

648 3191 25 22 of
685 3191 37 23 the
741 3200 62 20 samy
824 3193 43 27 Pa;
889 3193 42 22 and
952 3194 21 22 in
990 3202 42 15 one
1047 3196 86 27 village,
1154 3198 76 22 within

647 3218 62 28 eight
727 3220 63 21 miles
809 3221 25 21 of
852 3221 43 21 this
912 3221 130 28 settlement,
1058 3223 40 22 has
1113 3224 38 21 the
1167 3229 63 23 party

647 3247 63 26 spirit
719 3247 56 21 risen
787 3254 24 14 so
820 3247 54 27 high
885 3248 98 22 between
993 3257 54 14 near
1055 3250 111 28 kinsmen,
1183 3252 47 22 that

646 3280 42 15 one
708 3273 27 23 of
754 3274 62 22 them
832 3275 41 21 has
891 3276 88 21 erected
995 3284 14 14 a
1025 3276 62 23 fence
1103 3285 73 15 across
1193 3279 36 22 the

646 3299 91 30 kainga,
747 3301 46 22 and
803 3301 60 22 lined
875 3302 16 21 it
903 3302 83 28 thickly
995 3303 51 22 with
1057 3304 48 22 fern
1107 3316 26 4 —
1134 3309 39 18 not
1183 3313 24 14 as
1216 3314 13 14 a

646 3327 136 28 breakwind,
795 3336 24 14 or
830 3329 90 26 shelter,
931 3329 46 26 but,
989 3338 22 14 as
1018 3330 27 23 he
1053 3332 47 21 told
1109 3339 44 19 me,

647 3362 42 14 one
698 3359 64 24 party
772 3355 72 28 might
855 3361 38 16 not
903 3356 27 22 be
941 3356 49 23 able
1000 3365 54 15 even
1070 3362 23 18 to
1109 3360 46 20 look
1169 3366 59 20 upon

646 3381 37 22 the
693 3381 75 23 other!
819 3383 13 22 I
842 3383 65 22 know
918 3391 54 19 your
983 3384 107 28 Lordship
1101 3386 73 23 would
1185 3386 43 22 dis-

645 3416 98 20 approve
753 3410 26 21 of
791 3417 67 19 every
871 3410 63 28 thing
951 3411 25 22 of
986 3412 37 21 the
1037 3412 65 28 kind;
1118 3414 40 21 but
1173 3414 54 21 such

644 3435 19 22 is
682 3436 38 22 the
736 3437 87 21 natural
837 3437 65 22 effect
917 3438 26 21 of
959 3445 28 15 an
1007 3440 111 21 exclusive
1133 3440 93 27 religion

644 3468 59 21 upon
715 3470 27 15 an
751 3464 157 22 uninstructed
918 3465 68 22 mind.
1015 3466 50 23 You
1071 3468 86 21 restrict
1167 3468 60 21 them

644 3489 23 21 in
688 3490 157 23 ecclesiastical
865 3493 147 25 communion,
1039 3494 83 26 though
1142 3495 27 21 of
1190 3494 36 22 the

644 3520 58 17 most
717 3516 128 23 indifferent
860 3518 126 28 character;
1001 3520 39 21 but
1050 3521 52 26 they
1112 3521 64 22 know
1189 3525 38 18 not

643 3542 72 23 where
736 3547 20 18 to
774 3544 58 22 limit
851 3544 38 23 the
904 3546 130 27 restriction,
1051 3548 44 21 and
1110 3548 72 22 hence
1194 3556 31 14 we

642 3569 47 22 find
697 3570 19 21 it
726 3570 109 23 extended
846 3574 22 19 to
879 3572 57 22 their
945 3573 99 28 worship,
1056 3579 21 17 to
1088 3575 57 22 their
1160 3575 66 22 culti-

642 3597 95 26 vations,
746 3600 24 19 to
784 3597 58 23 their
857 3598 119 28 dwellings,
993 3601 44 21 and
1055 3605 22 18 to
1093 3602 57 22 their
1165 3602 58 22 food.

642 3623 61 27 They
713 3624 44 21 will
766 3624 89 22 neither
865 3630 34 17 eat
910 3627 106 26 together,
1027 3628 27 21 sit
1065 3629 107 27 together,
1183 3636 42 15 nor

642 3656 116 16 commune
776 3651 108 28 together,
895 3653 44 21 and
949 3660 13 14 a
971 3653 55 23 kind
1036 3656 25 20 of
1071 3656 152 27 embryo-per-

642 3677 99 22 fiecution
749 3677 20 22 is
778 3678 91 27 already
886 3679 67 28 being
969 3682 84 21 carried
1070 3689 38 19 on,
1127 3690 29 14 on
1169 3683 54 23 both

642 3703 57 22 sides
705 3711 6 18 ;
728 3704 12 22 I
748 3712 40 19 say
798 3712 28 15 on
838 3706 54 21 both
901 3706 65 27 sides,
978 3708 33 21 for
1020 3708 85 26 though
1115 3709 54 28 they
1185 3717 37 14 are

640 3730 34 22 far
683 3731 58 22 from
750 3731 66 27 being
825 3732 89 28 equally
929 3733 78 29 guilty,
1022 3739 39 23 yet
1077 3736 11 21 I
1103 3736 84 23 lament
1200 3740 23 18 to

641 3765 44 19 say,
698 3758 48 21 that
754 3765 67 21 many
837 3759 26 21 of
873 3767 38 19 my
921 3767 47 15 own
984 3763 90 25 natives,
1092 3764 88 22 excited
1199 3766 24 18 to

639 3785 74 21 action
724 3784 29 28 by
763 3785 37 21 the
809 3785 138 24 intolerance
958 3787 24 22 of
993 3788 37 21 the
1041 3790 88 21 Church
1148 3794 72 23 party,

640 3812 56 21 have
707 3819 60 14 more
777 3812 54 22 than
842 3819 55 15 once
913 3814 112 22 exceeded
1040 3815 37 22 the
1093 3816 87 23 bounds
1200 3819 25 19 of

640 3838 108 23 Christian
757 3842 149 24 temperance.
939 3840 44 22 But
992 3848 13 14 a
1014 3841 60 22 short
1084 3842 52 22 time
1147 3852 50 19 ago,
1207 3851 11 14 a

638 3866 84 21 serious
732 3865 129 22 altercation
871 3873 62 14 arose
943 3867 98 22 between
1052 3868 37 23 the
1098 3870 87 24 natives
1196 3871 27 21 of

639 3892 178 28 Orangituapeka
831 3892 46 22 and
891 3892 114 28 Waimate,
1018 3894 61 23 three
1094 3896 54 28 days
1156 3898 63 26 jour-

637 3927 44 20 ney
691 3924 22 17 to
723 3919 36 22 the
770 3919 126 23 southward
906 3920 25 21 of
943 3920 42 23 this
995 3921 61 28 place
1063 3930 5 14 :
1082 3922 38 22 the
1129 3924 89 24 inhabi-

637 3950 58 20 tants
703 3946 27 23 of
740 3946 36 23 the
785 3947 83 22 former
878 3947 31 22 Pa
920 3947 107 29 declared,
1040 3949 47 23 that
1103 3950 54 28 they
1173 3951 45 24 had

1280 126 96 26 adopted
1395 126 39 22 the
1449 126 98 27 bishop's
1559 127 90 25 tikanga,
1667 126 43 21 and
1726 126 88 22 refused
1837 131 21 17 to

1279 152 63 21 allow
1354 152 55 22 their
1420 153 139 27 Missionary,
1571 154 36 20 the
1616 154 55 20 Rev.
1682 152 21 22 J.
1713 152 143 27 Skevington,

1281 178 59 25 (who
1350 178 80 23 resides
1442 179 74 22 within
1527 183 41 18 two
1578 180 63 21 miles
1658 179 24 22 of
1693 180 36 21 the
1747 179 71 26 place)
1837 185 21 16 to

1279 204 51 21 visit
1340 204 59 23 them
1407 213 6 19 ;
1429 209 22 17 at
1461 206 37 21 the
1508 213 59 14 same
1583 206 52 21 time
1652 206 63 26 using
1733 213 53 24 very
1806 213 52 14 con-

1280 234 125 24 temptuous
1423 232 109 26 language
1559 232 92 21 towards
1675 232 37 21 the
1731 235 87 18 natives
1837 233 24 20 of

1279 256 115 23 Waimate.
1423 258 101 26 Feelings
1534 265 46 15 rose
1592 258 51 26 high
1655 258 98 22 between
1770 258 38 21 the
1816 262 42 18 two

1278 284 86 26 parties,
1383 283 43 22 and
1445 284 39 21 but
1501 280 34 25 for
1552 284 38 21 the
1607 288 87 23 prompt
1711 292 112 15 measures
1832 286 25 20 of

1278 309 56 22 their
1345 310 140 26 Missionary,
1493 319 12 13 a
1511 317 63 15 scene
1583 310 72 21 which
1661 310 42 21 had
1712 311 146 22 commenced

1278 336 51 21 with
1340 336 141 25 intolerance,
1493 336 71 23 would
1574 336 56 21 have
1641 336 73 22 ended
1723 338 22 20 in
1759 338 71 21 blood.

1307 368 41 26 My
1360 368 64 25 Lord,
1435 368 23 21 in
1468 369 37 21 the
1521 368 145 22 introduction
1678 368 25 21 of
1715 368 142 26 High-Chur-

1277 394 124 22 chisminto
1410 394 55 22 New
1472 395 104 25 Zealand,
1588 402 43 19 you
1641 402 58 14 seem
1711 396 146 26 mostegregi-

1278 421 63 27 ously
1347 425 21 17 to
1376 421 55 21 have
1439 421 162 23 miscalculated
1607 421 36 21 the
1650 421 78 22 Native
1736 421 120 23 character.

1278 446 115 28 Naturally
1405 448 68 26 proud
1489 449 43 21 and
1549 448 150 26 domineering
1714 448 42 21 and
1775 453 82 17 resent-

1277 472 39 26 ful,
1329 474 36 21 the
1376 474 134 21 inculcation
1522 475 24 21 of
1555 481 42 20 any
1609 474 115 28 principles
1736 474 26 21 of
1769 482 11 14 a
1792 474 65 22 kind-

1277 500 38 20 red
1327 500 115 26 tendency,
1452 507 58 21 upon
1523 502 35 20 the
1569 501 59 21 mind
1637 502 24 20 of
1668 508 13 14 a
1691 501 165 22 semi-civilized

1277 525 56 22 New
1350 526 129 27 Zealander,
1497 531 57 19 must
1569 528 25 20 of
1607 528 108 26 necessity
1725 528 27 21 be
1768 528 88 26 fraught

1277 552 50 21 with
1340 552 89 27 danger.
1458 554 11 21 I
1481 554 55 21 have
1548 553 87 27 already
1644 554 89 22 alluded
1742 558 22 17 to
1775 555 27 20 its
1813 555 42 21 evil

1277 578 63 22 effect
1350 586 28 14 on
1394 579 37 22 the
1442 579 105 23 domestic
1564 580 107 27 harmony
1682 582 24 20 of
1719 588 41 14 our
1769 582 84 26 people,

1277 612 40 14 nor
1327 606 28 21 do
1367 606 11 21 I
1389 606 127 27 apprehend
1533 608 46 21 that
1595 615 42 19 any
1646 611 87 22 greater
1748 608 82 21 benehl
1839 609 17 20 is

1275 631 68 27 likely
1354 635 21 18 to
1385 639 77 15 accrue
1474 637 20 17 to
1506 634 55 21 their
1571 633 49 22 civil
1631 634 118 21 condition.
1780 634 21 22 It
1813 642 42 14 was

1275 658 81 27 rightly
1366 659 129 22 considered
1505 667 24 14 as
1539 668 12 13 a
1562 660 94 25 glorious
1666 661 65 27 proof
1738 660 26 21 of
1775 661 38 21 the
1823 661 33 21 in-

1275 684 86 22 fluence
1372 685 24 22 of
1409 685 37 22 the
1463 687 80 27 Gospel
1560 687 21 20 in
1598 687 55 21 New
1668 686 105 27 Zealand,
1792 688 63 21 when

1275 710 91 23 divided
1381 712 42 21 and
1435 714 135 25 contending
1585 714 66 21 tribes
1662 721 55 14 were
1727 714 96 26 brought
1834 719 21 16 to

1275 737 36 27 lay
1321 738 64 22 down
1397 740 57 21 their
1463 747 64 18 arms,
1539 745 22 16 to
1578 740 80 21 submit
1673 743 21 18 to
1705 741 150 25 negociations

1275 766 24 19 of
1308 772 75 20 peace,
1392 767 44 20 and
1447 771 21 16 to
1481 766 85 22 forbear
1572 766 29 21 all
1611 767 83 20 further
1701 767 155 27 depredations

1275 798 28 13 on
1312 792 55 20 each
1375 791 69 22 other.
1471 792 143 27 Considering
1621 793 37 21 the
1665 793 85 21 natural
1757 793 98 23 restless-

1274 825 50 14 ness
1336 818 26 21 of
1373 819 56 21 their
1441 818 79 28 minds,
1531 821 37 20 the
1582 820 92 26 ferocity
1685 820 25 21 of
1721 820 56 21 their
1792 828 63 14 cour-

1274 851 48 19 age,
1335 844 55 23 their
1400 845 50 22 love
1461 847 25 20 of
1494 847 96 23 warfare,
1602 846 58 21 their
1669 846 64 28 quick
1748 848 107 26 suscepti-

1274 870 63 28 bility
1347 873 24 20 of
1385 879 75 19 wrong
1470 873 43 22 and
1533 872 73 26 insult,
1618 873 45 21 and
1679 873 54 22 their
1750 874 105 26 implaca-

1274 897 62 27 bility
1345 899 26 20 of
1377 906 102 19 revenge,
1493 907 28 14 no
1530 900 229 25 single'achievement
1766 901 25 20 of
1799 901 56 22 Mis-

1274 923 86 28 sionary
1367 926 61 21 effort
1437 927 23 20 in
1473 926 41 21 this
1522 929 100 23 country,
1632 926 18 21 is
1660 929 22 18 at
1693 926 28 21 all
1729 931 20 16 to
1760 926 25 22 be
1795 935 60 14 com-

1275 951 66 25 pared
1352 952 50 21 with
1414 952 36 21 the
1461 960 42 14 one
1510 952 87 23 alluded
1608 958 29 16 to.
1665 953 45 21 But
1719 960 55 19 your
1784 953 70 23 Lord-

1274 976 48 28 ship
1333 978 66 22 needs
1414 982 39 18 not
1470 983 21 17 to
1502 980 26 21 be
1544 979 123 27 reminded,
1686 979 47 22 that
1749 980 104 27 although

1274 1003 36 21 the
1320 1004 63 21 habit
1397 1006 26 20 of
1431 1006 89 21 warfare
1538 1006 40 22 has
1592 1006 56 21 been
1666 1007 135 30 suppressed,
1817 1012 38 21 yet

1274 1030 36 21 the
1329 1032 43 21 evil
1389 1032 44 21 and
1449 1033 121 27 malignant
1585 1032 61 27 spirit
1656 1032 70 22 which
1743 1032 35 23 led
1790 1039 23 16 to
1829 1035 23 27 it,

1274 1056 39 22 has
1322 1058 64 26 been,
1397 1065 24 15 as
1430 1062 44 24 yet,
1482 1060 23 21 in
1518 1059 119 22 thousands
1646 1059 148 28 butpartially
1800 1062 53 21 sub-

1274 1083 63 27 dued,
1349 1092 67 20 many
1427 1093 12 14 a
1450 1087 130 26 sanguinary
1592 1093 43 14 war
1649 1086 22 21 in
1682 1086 54 22 New
1754 1086 98 24 Zealand

1272 1110 40 21 has
1322 1111 71 22 arisen
1404 1113 55 20 from
1474 1120 29 14 no
1514 1115 83 24 greater
1608 1119 76 15 source
1701 1112 53 23 than
1763 1114 38 21 the
1815 1116 39 21 tri-

1273 1137 42 21 vial
1323 1138 136 23 desecration
1469 1140 25 21 of
1501 1147 60 14 some
1571 1139 103 27 religious
1682 1140 39 21 rite
1728 1147 23 15 or
1759 1145 92 22 custom,

1273 1171 24 14 or
1307 1171 59 15 some
1376 1166 45 21 real
1431 1173 25 14 or
1465 1165 106 28 supposed
1581 1166 68 21 insult
1654 1166 71 22 which
1736 1174 50 20 may
1794 1167 58 23 have

1272 1190 57 22 been
1343 1192 65 26 given
1427 1197 22 17 to
1466 1201 60 14 some
1536 1194 106 21 favourite
1658 1196 49 18 atua
1713 1204 8 13 ,•
1738 1202 24 14 so
1773 1194 49 22 that
1837 1196 19 21 if

1271 1217 52 27 they
1333 1218 56 22 have
1398 1219 78 27 fought
1486 1220 33 21 for
1528 1220 92 25 roligion
1630 1227 63 19 once,
1701 1221 52 25 they
1763 1229 50 19 may
1822 1222 26 22 be

1273 1246 96 26 tempted
1387 1250 20 17 to
1418 1246 56 27 fight
1482 1247 35 21 for
1532 1247 90 25 religion
1637 1248 72 25 again.
1740 1248 48 25 Not,
1801 1255 50 19 per-

1271 1271 60 27 haps,
1344 1272 33 21 for
1387 1272 111 28 religion's
1513 1274 51 21 sake
1576 1274 92 26 (though
1685 1275 46 21 that
1742 1275 71 21 would
1824 1276 27 21 be

1272 1305 29 14 no
1311 1305 47 15 new
1369 1299 61 27 thing
1440 1301 21 21 in
1473 1301 37 21 the
1521 1300 76 26 world)
1611 1301 37 20 but
1663 1302 93 21 because
1768 1302 24 21 of
1805 1302 48 22 that

1271 1326 145 27 overbearing
1425 1327 61 27 spirit
1494 1326 68 23 which
1572 1327 160 22 exclusivenes3
1742 1328 19 21 is
1771 1335 51 14 sure
1830 1333 21 18 to

1271 1352 79 26 infuse,
1367 1361 25 13 or
1407 1361 25 14 as
1449 1361 26 14 an
1492 1358 36 17 act
1542 1352 26 23 of
1581 1354 125 21 retaliation
1724 1355 33 21 for
1773 1355 79 22 insults

1272 1378 69 22 which
1357 1380 71 21 either
1442 1380 58 28 they,
1514 1388 24 14 or
1554 1379 56 23 their
1627 1381 90 27 religion
1734 1389 49 19 may
1795 1382 56 22 have

1270 1406 108 20 received,

1297 1443 43 21 For
1350 1443 105 28 instance,
1468 1444 36 22 the
1521 1446 66 21 tribes
1597 1446 25 19 of
1635 1444 37 22 the
1688 1445 109 22 Taranaki
1808 1446 43 21 dis-

1270 1469 49 22 trict
1335 1478 37 13 are
1389 1470 36 21 the
1436 1473 125 26 conquered
1572 1472 96 21 enemies
1679 1473 22 20 of
1717 1472 37 22 the
1773 1473 77 26 Ngati-

1268 1500 127 26 mamopoto
1402 1498 44 21 and
1458 1498 107 28 Waikato,
1578 1499 42 23 and
1637 1506 68 18 many
1716 1500 25 21 of
1754 1499 36 22 the
1802 1504 49 22 past

1267 1531 64 18 years
1345 1526 54 19 have
1410 1524 56 22 been
1478 1530 63 22 spent
1550 1526 28 27 by
1590 1526 36 21 the
1644 1526 101 27 majority
1754 1527 24 20 of
1789 1526 60 23 them

1268 1551 23 20 in
1303 1550 93 27 slavery.
1427 1551 27 21 In
1474 1552 35 21 the
1528 1559 74 16 course
1613 1552 24 21 of
1650 1553 53 21 time
1719 1553 36 21 the
1768 1554 81 26 Gospel

1267 1577 19 21 is
1301 1577 130 22 introduced
1441 1579 47 21 into
1503 1580 36 21 the
1555 1578 101 22 Waikato
1665 1580 90 21 'district
1770 1580 30 27 by
1811 1587 40 15 our

1268 1603 103 22 brethren
1382 1604 36 21 the
1429 1605 56 22 Rev.
1498 1607 88 22 Messrs.
1599 1606 101 27 VVlutely,
1710 1606 82 32 Wallis,
1805 1608 44 21 and

1268 1631 78 26 Woon,
1364 1631 43 20 and
1428 1639 61 14 more
1509 1632 100 28 recently
1627 1633 31 27 by
1676 1633 36 22 the
1733 1634 54 22 Rev.
1812 1634 39 21 Mr

1267 1657 113 22 Maunsell
1392 1658 24 21 of
1422 1658 36 22 the
1469 1660 87 22 Church
1574 1660 99 21 Mission.
1702 1660 47 21 The
1756 1660 93 27 preach-

1266 1684 38 24 in?
1314 1685 24 20 of
1350 1685 48 21 that
1409 1686 81 26 Gospel
1508 1687 86 22 obtains
1611 1694 86 15 success
1699 1698 27 4 —
1728 1688 36 21 the
1781 1688 68 21 chiefs

1267 1711 51 21 with
1331 1711 38 22 the
1383 1716 45 17 rest
1437 1714 26 19 of
1475 1713 37 22 the
1528 1713 76 28 people
1620 1714 85 21 receive
1723 1714 24 26 it,
1763 1714 44 21 and
1826 1715 22 21 in

1266 1738 137 27 compliance
1415 1739 51 22 with
1482 1740 37 22 the
1534 1741 117 22 entreaties
1661 1741 25 21 of
1698 1740 56 23 their
1770 1742 79 21 Minis-

1266 1768 49 24 ters,
1326 1772 65 19 agree
1400 1770 20 16 to
1430 1773 14 14 a
1454 1768 107 22 cessation
1573 1767 25 21 of
1606 1767 113 22 hostilities
1729 1768 53 21 with
1792 1768 57 22 their

1266 1793 104 25 enemies,
1372 1803 27 4 —
1401 1792 36 22 the
1447 1793 98 24 doctrine
1555 1794 26 22 of
1593 1794 109 22 Christian
1721 1803 128 19 compensa-

1266 1819 46 21 tion
1320 1819 18 22 is
1348 1819 70 27 urged
1428 1827 58 21 upon
1498 1822 65 26 them,
1577 1821 43 22 and
1627 1822 52 21 with
1691 1822 35 21 the
1737 1822 48 21 best
1794 1823 55 21 feel-

1264 1846 55 25 ings,
1331 1846 44 21 and
1384 1846 58 22 from
1460 1848 36 21 the
1511 1854 56 17 most
1577 1848 153 22 disinterested
1746 1849 101 27 motives,

1266 1872 36 22 the
1314 1872 110 22 Tara..aki
1435 1875 70 22 slaves
1515 1883 35 14 are
1561 1876 104 21 returned
1677 1880 22 17 to
1714 1876 36 21 the
1761 1876 54 21 land
1827 1879 21 19 of

1266 1900 56 21 their
1333 1899 64 27 birth,
1409 1901 37 21 the
1457 1902 68 21 chiefs
1541 1909 38 16 are
1591 1902 40 21 left
1646 1906 21 17 to
1679 1902 55 22 their
1745 1910 48 14 own
1802 1911 46 14 ser-

1265 1932 64 16 vants
1340 1927 44 21 and
1402 1932 20 16 to
1433 1928 28 21 do
1478 1929 56 22 their
1543 1936 49 15 own
1602 1929 59 21 work
1672 1937 4 14 :
1695 1930 43 21 and
1755 1937 32 14 we
1799 1937 50 15 now

1265 1953 82 20 behold
1357 1954 52 20 such
1422 1956 110 20 exertions
1541 1958 25 19 of
1578 1956 125 20 self-denial
1713 1964 28 13 on
1752 1957 36 20 the
1797 1962 51 20 part

1265 1979 26 21 of
1305 1980 36 21 the
1354 1979 101 23 Waikato
1470 1982 136 26 aristocracy,
1618 1989 24 14 as
1658 1982 56 21 have
1729 1989 66 15 never
1811 1984 37 21 be-

1265 2006 47 21 fore
1322 2006 57 21 been
1390 2008 115 21 witnessed
1521 2010 58 21 since
1590 2009 36 20 ihe
1644 2012 91 24 country
1747 2016 42 14 was
1799 2010 49 22 first

1266 2032 114 22 colonized
1392 2033 50 22 with
1454 2034 54 22 New
1515 2035 140 22 Zcalanders.
1685 2036 31 21 At
1726 2036 76 26 length
1809 2036 38 23 the

1265 2059 70 32 slavey
1346 2060 70 21 arrive
1432 2066 23 16 at
1469 2062 72 24 horn?,
1553 2062 42 22 and
1605 2062 32 20 for
1648 2069 60 14 some
1719 2064 129 21 considera-

1265 2086 35 21 ble
1312 2086 52 22 time
1381 2087 105 22 continue
1497 2092 21 18 to
1620 2089 28 26 by
1661 2090 36 20 the
1713 2090 133 28 samejrule,

1265 2113 42 21 and
1319 2117 21 16 to
1352 2114 59 21 mind
1428 2114 37 22 the
1480 2123 60 14 same
1649 2116 96 26 grateful
1761 2120 22 18 to
1795 2117 52 22 God

1264 2140 34 21 for
1318 2140 34 21 his
1369 2140 89 28 Gospel,
1474 2143 45 21 and
1538 2146 21 19 to
1574 2143 58 21 their
1650 2143 68 22 chiefs
1736 2143 35 22 for
1789 2143 59 23 their

1264 2167 123 22 liberation.
1418 2169 44 21 Hui
1472 2169 29 27 by
1511 2170 43 22 and
1565 2172 41 24 bye
1618 2177 12 14 a
1641 2177 48 16 new
1700 2170 83 27 Gospel
1792 2172 55 21 arri-

1265 2201 45 19 ves,
1321 2201 48 14 new
1380 2196 94 25 tikangas
1489 2204 35 14 are
1536 2201 32 18 set
1583 2204 28 20 vp
1611 2212 5 12 t
1630 2204 46 14 new
1688 2197 59 22 rules
1756 2205 38 14 are
1806 2205 41 15 en-

1264 2221 82 26 forced,
1362 2229 47 14 new
1426 2223 99 22 teachers
1540 2232 36 14 are
1592 2227 50 18 sent
1658 2227 102 25 amongst
1776 2225 68 25 them,

1264 2248 58 21 their
1340 2249 92 27 baptism
1447 2251 20 21 is
1475 2250 113 27 ridiculed,
1601 2250 56 22 their
1674 2250 88 23 Church
1778 2252 17 21 is
1806 2252 40 22 de-

1263 2275 91 27 graded,
1374 2276 42 21 and
1437 2277 56 22 their
1508 2278 37 21 old
1560 2278 43 22 and
1618 2278 88 21 faithful
1722 2278 121 28 Ministers,

1265 2302 47 21 who
1324 2302 54 22 have
1390 2304 77 26 taught
1476 2304 62 22 them
1547 2306 29 21 all
1587 2305 50 27 they
1644 2305 71 27 know,
1728 2304 48 22 who
1787 2306 57 22 have

1263 2330 65 21 cared
1338 2330 34 21 for
1382 2330 42 21 and
1434 2331 110 23 defended
1554 2333 66 26 them,
1630 2332 44 21 and
1682 2332 47 21 who
1737 2335 22 18 at
1769 2332 75 28 length

1263 2355 56 22 have
1329 2356 98 22 released
1439 2359 58 21 them
1510 2361 54 20 from
1574 2359 94 27 slavery,
1675 2367 39 13 are
1725 2367 50 13 now
1785 2360 59 21 slan-

1263 2383 67 22 dered
1349 2384 43 21 and
1408 2384 132 23 denounced
1554 2394 24 14 as
1593 2386 199 22 uncommissioned
1809 2387 35 21 in-

1263 2410 85 21 truders
1359 2412 46 20 into
1414 2412 37 21 the
1463 2412 56 27 land,
1522 2425 26 3 —
1550 2413 44 22 and
1601 2413 47 21 that
1654 2417 36 17 too
1700 2413 28 26 by
1736 2420 51 15 men
1795 2414 49 22 who

1263 2438 21 20 in
1294 2440 85 24 ret>pect
1389 2442 20 17 to
1427 2440 132 27 Missionary
1571 2440 87 22 labouis
1673 2440 43 21 and
1733 2440 55 26 zeal,
1806 2448 38 16 are

1261 2464 106 28 perfectly
1401 2467 116 27 unworthy
1533 2471 21 18 to
1565 2467 88 22 unloose
1672 2467 36 21 the
1727 2467 82 22 latchet
1821 2469 25 21 of

1262 2492 56 21 their
1421 2504 27 4 —
1450 2494 46 21 The
1510 2500 151 20 consequence
1677 2494 25 20 of
1715 2494 28 21 all
1760 2494 42 22 this
1816 2495 26 26 is,

1262 2520 47 20 that
1318 2519 36 21 the
1366 2520 76 26 people
1459 2520 44 22 like
1514 2528 24 14 so
1553 2528 67 19 many
1626 2520 105 27 children,
1744 2528 36 14 are
1790 2528 54 16 ever

1262 2546 52 21 fond
1324 2546 25 21 of
1359 2547 125 27 something
1498 2555 55 20 new,
1573 2554 36 15 ore
1623 2547 124 28 proselyted
1759 2555 52 15 over
1820 2553 23 17 to

1262 2574 36 20 the
1308 2581 47 13 new
1366 2575 87 26 ritenya,
1467 2582 35 14 are
1513 2575 121 22 instructed
1652 2575 23 21 in
1687 2575 34 21 the
1732 2582 49 14 new
1791 2575 52 23 doc-

1262 2601 70 25 trines,
1345 2601 42 21 and
1403 2601 113 27 admitted,
1528 2603 32 21 for
1575 2601 37 22 the
1622 2601 46 22 first
1684 2601 58 27 time,
1755 2609 23 14 as
1790 2602 53 28 they

1261 2635 37 14 are
1318 2627 76 27 taught
1412 2632 22 17 to
1451 2629 94 26 believe,
1561 2631 47 20 into
1627 2629 36 21 the
1684 2631 47 18 true
1752 2630 89 22 Church.

1261 2654 76 22 Under
1354 2654 37 22 1113
1403 2655 109 23 influence
1524 2657 24 21 of
1562 2655 42 23 this
1619 2655 107 28 teaching,
1737 2656 18 22 it
1768 2657 19 21 is
1802 2664 40 15 not

1261 2681 52 27 long
1323 2681 74 23 before
1409 2682 35 22 the
1456 2683 36 21 old
1507 2683 78 22 hatred
1602 2683 94 21 towards
1713 2683 56 22 their
1781 2683 60 23 Wai-

1260 2708 53 22 kato
1323 2708 69 22 chiefb
1401 2711 86 21 revives
1496 2711 23 21 in
1529 2711 29 21 its
1566 2709 40 23 full
1618 2709 100 28 strength
1727 2718 5 19 ;
1744 2711 44 21 and
1798 2718 45 21 any

1261 2735 56 21 little
1328 2736 79 21 morsel
1416 2737 26 21 of
1454 2738 93 21 retailed
1557 2737 88 23 slander
1656 2737 68 21 which
1736 2737 51 28 they
1799 2746 42 15 can

1261 2762 77 22 collect
1347 2764 88 24 against
1444 2764 37 21 the
1489 2765 116 27 Wesleyan
1616 2763 96 27 Church,
1723 2771 24 15 or
1756 2765 87 27 against

1261 2789 36 22 the
1315 2789 76 23 claims
1407 2791 25 21 of
1447 2791 37 21 the
1508 2791 113 27 Wesleyan
1642 2791 120 26 Ministers,
1780 2793 17 21 is
1817 2801 25 14 so

1261 2817 66 21 much
1338 2817 36 21 the
1388 2824 61 15 more
1465 2818 117 27 delightful
1599 2822 22 17 to
1637 2819 58 21 their
1711 2819 131 22 embittered

1261 2843 96 26 feelings,
1367 2844 117 22 inasmuch
1504 2853 24 13 as
1545 2846 45 21 that
1607 2846 19 20 is
1642 2845 37 21 the
1691 2845 89 22 Church
1797 2848 45 21 and

1260 2871 61 21 those
1332 2878 35 14 are
1379 2871 35 22 the
1427 2873 112 21 Ministers
1548 2874 25 20 of
1587 2871 55 23 their
1653 2872 36 22 old
1699 2873 43 21 and
1752 2874 90 22 victori-

1260 2905 38 14 ous
1309 2898 104 22 enemies.
1443 2899 41 27 My
1495 2900 65 27 Lord,
1574 2899 10 21 I
1595 2899 67 27 speak
1680 2899 57 22 what
1748 2901 11 20 I
1769 2901 71 27 know,

1261 2925 61 21 when
1335 2925 10 21 I
1355 2932 38 20 say
1406 2925 47 22 that
1464 2927 42 21 this
1522 2927 91 21 revived
1623 2926 82 27 feeling
1715 2927 24 21 of
1752 2929 89 21 ancient

1260 2952 118 27 animosity
1388 2953 40 21 has
1437 2960 29 14 no
1476 2953 56 22 little
1543 2954 63 21 share
1614 2953 21 21 in
1647 2953 36 22 the
1693 2958 89 22 present
1791 2956 51 21 reli-

1258 2980 64 25 gious
1333 2981 133 21 commotion
1478 2981 25 21 of
1517 2981 35 21 the
1569 2980 111 22 Taranaki
1691 2981 90 27 district,
1796 2983 45 21 and

1260 3006 48 21 who
1319 3013 40 14 can
1369 3013 38 20 say
1418 3008 71 21 where
1506 3008 43 21 this
1559 3007 62 28 spirit
1629 3007 43 22 will
1683 3008 58 21 end?
1768 3009 73 27 Many

1260 3040 12 14 a
1282 3033 102 21 Waikato
1396 3033 61 22 chief
1471 3035 37 20 has
1522 3033 89 26 already
1622 3037 22 17 to
1654 3041 37 20 my
1701 3034 138 28 knowledge,

1258 3059 56 22 been
1332 3060 84 27 grossly
1432 3061 97 21 insulted
1547 3062 27 26 by
1594 3061 61 21 these
1673 3061 166 26 High-Church

1260 3087 126 26 proselytes,
1405 3088 44 20 aud
1469 3095 64 20 many
1551 3095 27 14 an
1594 3087 142 27 exasperated
1752 3090 88 21 remark

1259 3113 39 21 has
1308 3113 54 21 been
1374 3114 63 21 made
1449 3115 23 20 in
1483 3115 110 22 reference
1601 3118 20 17 to
1631 3114 18 21 it
1659 3122 29 13 on
1699 3115 56 22 their
1764 3120 75 18 return

1259 3140 77 27 home;
1354 3141 42 21 and
1413 3148 61 14 some
1488 3141 57 22 have
1555 3148 56 16 even
1628 3148 58 20 gone
1701 3149 23 14 so
1735 3142 33 21 far
1778 3150 24 15 as
1815 3147 24 18 to

1258 3174 91 21 propose
1364 3167 99 28 fetching
1479 3169 57 21 their
1552 3170 69 21 slaves
1637 3175 60 21 away
1708 3170 72 27 again,
1792 3170 48 22 that

1259 3195 51 26 they
1321 3194 71 27 might
1400 3195 27 21 be
1444 3195 110 27 initiated,
1564 3197 34 21 for
1615 3203 12 14 a
1637 3195 42 22 few
1689 3203 59 16 more
1764 3204 73 20 years,

1257 3221 22 21 in
1296 3221 38 22 the
1350 3222 120 27 principles
1484 3224 24 21 of
1528 3223 116 27 Wesleyan
1662 3223 113 27 prudence
1793 3226 45 21 and

1260 3249 116 26 Wesleyan
1386 3249 57 22 love.
1470 3250 20 22 It
1495 3250 19 22 is
1523 3250 40 22 but
1571 3250 61 21 three
1640 3250 71 21 week
1710 3250 18 21 3
1721 3257 46 21 ago,
1777 3252 60 22 since

1258 3275 11 22 I
1286 3276 157 26 accompanied
1457 3277 38 22 the
1514 3278 54 21 Rev.
1584 3276 22 22 J.
1620 3276 108 28 Whiteley
1740 3283 22 16 to
1779 3278 60 22 Wai-

1256 3308 66 21 mate,
1333 3302 45 22 and
1388 3311 24 13 so
1421 3304 143 27 intemperate
1575 3311 57 15 were
1648 3304 37 21 the
1695 3305 143 27 proceedings

1245 3348 2 12 ,
1257 3329 23 21 of
1286 3337 57 19 your
1353 3330 129 28 Lordship's
1489 3332 102 26 disciples
1598 3336 22 17 at
1627 3330 115 23 Wareatea
1752 3333 87 25 against

1258 3356 47 21 that
1315 3356 96 23 devoted
1420 3358 43 21 and
1477 3357 117 24 successful
1605 3358 100 22 minister
1715 3359 25 22 of
1751 3360 37 21 the
1799 3360 39 21 Sa-

1256 3384 70 26 viour,
1338 3383 49 22 that
1401 3392 29 15 an
1439 3385 104 29 unhappy
1555 3384 99 23 collision
1670 3386 45 21 had
1724 3386 49 21 well
1785 3387 52 26 nigh

1256 3410 65 21 taken
1334 3410 68 28 place.
1433 3412 103 28 Feelings
1544 3414 24 21 of
1576 3420 28 14 no
1613 3412 129 27 ambiguous
1748 3413 89 23 charac-

1255 3440 33 18 ter
1298 3445 56 14 were
1364 3440 117 25 perceived
1491 3445 23 17 to
1524 3441 56 21 arise
1588 3440 23 21 in
1622 3439 37 22 the
1671 3440 81 21 breasts
1762 3440 26 22 of
1800 3441 36 22 the

1254 3464 42 22 few
1308 3464 112 24 Waikatos
1437 3467 49 21 that
1500 3466 104 24 attended
1618 3473 33 20 us,
1668 3474 24 15 as
1708 3467 50 28 they
1773 3468 64 22 stood

1254 3491 80 27 gazing
1343 3492 23 21 in
1376 3494 173 27 astonishment;
1567 3494 44 22 and
1621 3495 39 21 but
1670 3494 35 21 for
1714 3494 36 22 the
1761 3494 75 29 timely

1254 3519 128 25 precaution
1394 3522 26 21 of
1430 3529 38 19 my
1479 3522 79 26 friend,
1568 3522 49 21 who
1635 3520 91 23 ordered
1743 3522 61 22 them
1814 3526 23 18 to

1253 3545 62 22 leave
1326 3546 37 22 the
1374 3548 80 27 village
1464 3548 44 22 and
1519 3548 93 26 proceed
1623 3555 26 14 on
1664 3548 56 21 their
1730 3549 105 27 journey,

1254 3572 60 22 there
1324 3572 19 23 is
1353 3581 29 15 no
1392 3575 103 27 knowing
1505 3575 58 22 what
1573 3576 36 21 the
1619 3575 69 22 result
1698 3576 71 21 would
1780 3576 56 23 have

1252 3598 64 23 been.
1345 3602 52 21 And
1406 3605 39 23 yet
1454 3602 61 22 these
1522 3610 52 19 very
1585 3603 84 20 natives
1679 3609 56 14 were
1742 3607 57 17 most
1813 3604 26 21 of

1253 3626 60 22 them
1329 3628 103 22 returned
1442 3628 57 22 from
1517 3629 86 27 slavery
1620 3628 94 28 through
1729 3630 37 21 the
1783 3630 52 22 kind

1251 3653 152 28 interposition
1418 3657 25 20 of
1456 3656 36 21 the
1507 3663 54 20 very
1569 3663 53 14 man
1632 3655 72 22 whom
1715 3656 52 28 they
1779 3665 55 15 were

1252 3687 49 14 now
1311 3687 24 15 so
1350 3682 87 28 grossly
1446 3682 115 28 insulting,
1572 3682 43 22 and
1625 3682 48 22 who
1690 3683 39 22 but
1744 3684 33 22 for
1788 3684 45 23 him

1252 3706 71 22 would
1334 3708 56 22 have
1401 3710 56 20 been
1467 3710 22 20 in
1500 3710 85 27 slavery
1594 3710 51 20 still.
1675 3710 61 27 They
1747 3711 43 23 had
1798 3712 35 22 th<>

1250 3734 129 23 confidence
1400 3740 22 17 to
1437 3736 67 28 plead
1520 3744 55 20 your
1592 3736 127 28 Lordship's
1733 3739 99 26 personal

1248 3760 143 24 instructions
1402 3770 23 14 as
1434 3770 29 14 an
1474 3770 80 15 excuse
1560 3764 34 21 fir
1603 3763 56 21 their
1667 3764 106 22 conduct,
1787 3765 43 27 but,

1249 3787 25 21 of
1285 3795 86 21 course,
1382 3790 112 21 whatever
1508 3790 65 22 those
1587 3789 118 22 directions
1714 3798 51 19 may
1774 3791 58 23 have

1249 3813 64 27 been,
1333 3816 52 26 they
1395 3820 58 17 must
1469 3816 58 22 have
1544 3816 111 22 exceeded
1673 3817 59 21 them
1750 3825 26 14 on
1794 3819 37 21 the

1247 3847 92 21 present
1347 3844 113 20 occasion.
1489 3844 44 21 But
1539 3844 20 21 if
1562 3849 54 22 your
1626 3843 105 27 Lordship
1739 3844 91 23 chooses

1247 3871 23 19 to
1279 3871 36 26 lay
1326 3870 37 21 the
1373 3870 131 21 foundation
1512 3870 26 21 of
1545 3877 27 14 an
1583 3870 119 21 intolerant
1709 3871 121 22 exclusive-

1247 3902 50 18 ness
1303 3897 25 21 in
1335 3896 38 22 the
1381 3896 73 22 minds
1462 3896 26 21 of
1495 3896 151 22 uninstructed
1652 3904 58 20 men,
1721 3904 43 23 you
1772 3899 58 21 need

1247 3929 39 17 not
1296 3925 28 21 be
1334 3924 109 27 surprised
1454 3928 24 17 at
1488 3931 43 20 any
1537 3929 102 17 excesses
1645 3924 26 21 of
1678 3925 96 22 conduct
1783 3926 46 22 into

1246 3951 73 24 which
1329 3951 53 26 they
1392 3957 52 20 may
1454 3957 49 20 run,
1515 3957 25 16 or
1554 3954 23 19 at
1591 3957 44 20 any
1645 3955 72 22 event,
1728 3951 102 25 however

558 40 98 46 Snt)(
686 40 113 41 jtfeU)
1057 40 190 46 <&&ittu
1272 40 92 40 ait&
1388 41 300 45 muilinqton
1712 39 251 47 £pcrtatoi\

724 127 60 21 John
797 126 118 22 Damforth
927 126 145 26 Greenwood,
1084 126 72 26 M.D.,

724 154 77 21 James
812 154 98 20 Swinton
922 153 104 27 Spooner,

724 180 92 21 Francis
827 180 111 24 Otferson,

724 206 81 25 Phillip
816 205 70 26 Valle,
899 205 108 26 Esquires.

781 264 78 22 NEW
879 263 165 23 CUSTOMS'
1063 263 74 23 ACT.

59 127 71 23 would
140 127 50 27 give
202 134 12 14 a
223 127 45 22 fine
279 134 52 19 crop
340 127 25 21 of
376 127 43 27 hay
428 127 37 21 the
475 129 54 19 next
545 133 81 15 season
635 135 5 18 ;

60 162 24 14 or
94 154 55 21 after
160 153 37 22 the
207 153 60 22 third
282 160 52 19 crop
350 153 26 21 of
386 155 71 20 wheat
457 164 26 4 —
483 153 85 26 barley,
588 156 53 23 oats,

60 188 24 14 or
94 185 65 16 oaten
171 179 49 27 hay,
237 180 71 25 might
326 180 25 21 be
367 187 58 15 sown
443 179 51 22 with
510 178 131 27 advantage.

60 208 31 21 At
99 207 48 21 first
157 205 37 22 the
206 205 51 22 land
268 207 18 20 is
296 210 35 17 too
340 207 114 21 luxuriant
470 209 23 18 to
510 205 62 27 yield
588 205 53 22 such

59 240 61 19 crops
136 232 56 22 well.
230 232 66 22 After
311 232 37 22 the
365 232 80 22 second
454 239 60 20 year,
527 238 13 15 a
551 235 58 19 team
620 233 26 21 of

58 260 49 20 four
116 258 100 22 bullocks
226 258 73 22 would
307 259 47 26 pull
365 266 30 19 up
405 266 13 14 a
427 262 61 23 great
500 259 104 26 quantity
619 259 25 21 of

57 286 39 21 the
105 289 85 23 stumps
200 285 104 27 standing
313 292 28 14 on
354 285 37 21 the
401 284 92 27 ground,
505 285 38 21 the
554 289 57 17 most
620 286 25 21 of

58 312 37 22 the
113 315 85 23 stumps
211 311 124 27 remaining
351 318 28 14 on
395 311 53 21 land
464 312 46 21 that
528 312 38 20 has
583 312 56 21 been

56 338 68 22 felled
140 338 61 21 three
211 345 68 19 yeays
294 345 36 14 are
340 338 77 26 nearly
434 341 79 23 rotten,
532 338 44 21 and
597 338 43 21 will

56 365 24 21 in
88 372 13 13 a
110 371 54 19 very
175 364 61 21 short
245 364 54 22 time
308 364 92 21 become
411 371 59 15 mere
480 364 74 26 shells,
573 365 67 25 easily

58 395 22 17 to
95 391 27 21 be
137 390 76 27 pulled
229 393 44 19 out.
312 391 117 26 Stumping
444 391 19 21 is
478 398 28 14 an
527 391 112 26 operation

56 418 48 21 that
113 423 30 16 no
153 417 75 21 settler
239 416 68 27 ought
317 419 21 18 to
349 417 64 21 think
423 417 29 27 of,
464 424 22 14 as
496 418 18 21 it
522 417 42 21 will
573 424 66 14 never

56 451 68 19 repay
135 443 38 21 the
183 450 96 18 expense
290 443 114 27 attending
413 444 17 21 it
437 451 5 18 ;
454 444 86 21 besides
559 444 78 25 which,

56 470 38 21 the
104 470 82 26 rotting
197 469 25 21 of
234 470 36 21 the
279 473 83 24 stumps
372 469 70 27 yields
453 478 12 13 a
475 470 58 26 good
545 477 93 14 manure

60 497 32 21 for
103 496 36 21 the
148 496 93 24 ground.

82 522 47 22 The
146 522 66 22 cattle
228 522 48 22 that
292 529 36 15 are
344 523 54 22 used
415 524 22 21 in
456 522 120 28 ploughing
593 522 44 21 will

56 549 62 22 tread
127 548 38 21 the
176 553 63 18 straw
249 549 47 22 into
304 549 66 27 dung,

84 575 60 27 Very
165 576 61 21 ofteii
243 583 61 14 more
322 576 51 21 than
388 578 26 20 40
430 576 88 21 bushels
529 576 25 21 of
565 575 72 21 wheat

56 609 36 15 are
111 602 107 21 obtained
235 602 56 21 from
308 609 27 14 an
350 610 56 19 acre,
426 602 40 21 but
480 603 49 20 that
538 602 99 27 quantity

56 635 51 20 may
117 629 28 20 be
155 629 130 22 considered
296 636 13 14 a
319 629 40 22 fair
369 636 100 19 average.

82 656 21 20 A
112 655 67 21 small
188 662 96 20 expense
295 656 39 20 has
343 659 22 18 to
376 656 27 21 be
412 655 103 22 incurred
524 654 25 21 in
559 655 74 21 drain-

55 682 39 26 ing
105 681 36 22 the
151 681 61 27 land,
230 686 21 17 to
265 686 92 23 prevent
367 686 68 17 water
445 682 53 21 from
509 681 73 26 heavy
591 682 46 21 rain

55 708 62 27 lying
132 715 30 14 on
177 708 38 21 the
230 709 87 26 ground
334 712 21 17 to
371 708 36 21 the
425 709 117 20 detriment
559 708 26 20 of
600 707 37 22 the

54 735 99 26 growing
164 742 58 19 crop.

82 761 88 27 Felling
179 761 85 26 timber,
275 761 111 26 grubbing
395 761 58 26 land,
473 761 43 21 and
532 760 105 27 chipping

54 788 24 21 in
90 788 78 26 wheat,
181 795 35 14 are
231 787 113 27 generally
358 787 124 28 performed
498 787 71 21 under
585 794 52 14 con-

52 816 62 24 tract,
127 813 108 22 therefore
242 814 36 21 the
289 821 108 19 expenses
407 821 50 20 may
468 815 25 20 be
504 813 125 27 accurately

50 841 87 25 known,
150 841 45 21 and
206 848 50 18 may
266 841 28 21 be
304 840 71 22 stated
387 840 51 22 with
447 840 139 22 confidence.

130 901 241 19 GOVERNMENT
390 901 166 19 GAZETTE.

238 934 39 22 (To
288 934 36 17 the
333 934 42 17 2nd
382 934 68 23 July.)

703 315 42 23 We
757 319 89 18 extract
865 315 45 22 and
927 314 91 30 publish
1039 314 36 23 the
1089 314 114 30 following
1214 321 23 15 re^

670 347 115 23 markable
797 347 84 22 clause.
918 347 42 22 We
979 351 91 26 suspect
1091 347 48 23 that
1152 355 41 15 our
1209 354 28 23 po>

670 384 46 19 tent
729 379 103 23 Colonial
846 380 160 28 Government,
1020 379 72 23 would
1101 379 97 24 hesitate
1211 380 26 22 be>

668 413 46 22 fore
727 413 51 29 they
791 417 42 26 put
846 413 16 22 it
873 413 47 22 into
932 412 60 23 force
1002 413 87 29 against
1101 420 13 15 a
1126 413 72 22 vessel
1211 412 26 22 be-

668 445 93 29 longing
773 450 22 18 to
808 453 13 15 a
832 446 89 28 foreign
933 453 73 21 power
1016 453 5 15 :—:
1024 457 32 5 —

696 482 19 21 5.
732 481 54 21 And
797 482 18 20 it
828 481 56 21 shall
902 481 26 21 be
938 480 73 22 lawful
1026 481 35 21 for
1079 481 36 21 the
1127 481 91 21 Officers
1228 481 21 20 of

668 508 101 21 Customs
779 510 23 19 to
812 514 28 21 go
851 514 27 14 on
890 507 69 21 board
968 514 44 19 any
1022 507 48 27 ship
1080 508 23 20 in
1114 515 45 20 any
1169 511 49 23 port
1227 507 21 21 in

668 534 37 21 the
723 535 84 26 Colon)'
822 534 26 21 of
860 534 56 21 New
932 533 103 24 Zealand,
1054 534 42 21 and
1107 537 22 18 to
1146 534 101 21 examine

668 561 43 21 and
721 561 78 21 search
810 560 29 22 all
851 564 58 19 parts
919 560 24 22 of
957 560 54 22 such
1021 560 47 27 ship
1080 561 31 21 for
1126 560 122 27 prohibited

667 587 44 21 and
720 587 146 22 uncustomed
882 587 64 26 good,
957 587 43 21 and
1009 587 47 21 also
1072 590 20 18 to
1101 594 30 19 go
1141 594 28 14 on
1181 586 66 22 board

668 621 44 20 any
726 614 49 27 ship
792 614 109 26 hovering
917 613 75 21 within
1012 621 42 14 one
1069 613 78 27 league
1166 614 24 21 of
1206 620 40 19 any

667 644 48 21 part
725 641 25 21 of
765 641 37 21 the
819 646 70 16 coasts
906 640 91 25 thereof,
1016 639 42 22 and
1074 640 23 21 in
1113 641 72 21 either
1199 646 48 15 case

667 667 69 26 freely
746 672 23 17 to
780 671 48 23 stay
840 674 28 14 on
877 666 68 22 board
955 667 52 21 such
1018 667 48 26 ship
1082 674 23 14 so
1114 667 54 26 long
1178 674 23 14 as
1209 665 38 22 she

666 693 56 23 shall
732 695 86 21 remain
833 694 22 21 in
873 694 53 21 such
942 698 49 22 port
1007 700 23 14 or
1043 693 75 21 within
1134 693 54 22 such
1206 693 41 21 dis-

666 722 72 24 tance,
749 721 45 21 and
804 720 21 21 if
832 727 43 20 any
880 719 54 22 such
945 720 48 27 ship
1000 720 26 22 be
1037 719 74 22 bound
1120 719 125 25 elsewhere,

666 747 44 21 and
718 747 56 21 shall
785 747 104 21 continue
908 754 23 14 so
941 746 106 26 hovering
1058 746 34 21 for
1103 746 37 21 the
1150 754 64 19 space
1225 741 24 25 of

666 773 143 26 twenty-four
826 773 68 22 hours
908 773 56 21 after
978 773 36 21 the
1030 776 80 18 master
1126 773 57 21 shall
1193 773 53 20 have

666 799 54 22 been
732 799 104 27 required
845 803 21 17 to
878 800 82 25 depart,
968 799 16 21 it
993 799 54 21 shall
1055 799 27 21 be
1089 800 77 21 lawful
1171 800 34 20 for
1211 798 35 21 the

666 827 73 21 officer
750 827 26 21 of
783 827 102 20 Customs
899 829 22 18 to
933 826 62 27 bring
1009 827 54 21 such
1073 826 48 26 ship
1134 827 48 20 into
1192 830 52 23 port,

665 853 43 21 and
717 856 22 18 to
757 853 81 21 search
855 853 44 21 and
914 854 100 20 examine
1032 853 39 21 her
1081 860 72 19 cargo,
1167 853 42 21 and
1224 855 22 17 to

665 880 101 21 examine
783 879 37 21 the
837 884 83 16 master
938 886 58 19 upon
1013 879 58 26 oath,
1091 880 106 24 touching
1209 877 36 24 the

665 913 64 20 cargo
741 906 42 21 and
793 913 93 19 voyage,
897 905 43 21 and
951 906 18 20 if
976 906 61 21 there
1048 907 26 20 be
1085 913 42 19 any
1138 906 107 27 goods'hn

664 933 74 26 board,
757 932 126 29 prohibited
898 936 21 17 to
935 933 26 21 be
972 932 107 27 imported
1090 933 46 21 into
1147 933 36 21 the
1199 931 47 22 said

665 959 85 26 colony,
762 959 54 21 such
831 959 48 28 ship
896 960 43 21 and
956 959 39 22 her
1011 966 64 20 cargo
1093 959 55 21 shall
1167 960 25 20 be
1202 959 44 20 for-

664 985 65 22 feited
738 994 5 13 :
754 986 45 21 and
809 986 19 21 if
837 987 36 19 the
886 990 79 17 master
974 986 55 21 shall
1042 990 38 17 not
1089 986 60 26 truly
1161 991 84 17 answer

658 1012 43 24 ,the
712 1013 110 26 questions
832 1012 71 21 which
920 1013 55 21 shall
990 1013 27 21 be
1028 1012 124 22 demanded
1164 1012 25 21 of
1200 1011 45 21 him

664 1046 28 14 on
704 1039 52 22 such
766 1039 157 26 examination,
936 1039 26 21 he
973 1039 54 22 shall
1037 1039 73 22 forfeit
1120 1039 39 21 the
1169 1046 45 14 sum
1223 1037 24 21 of

663 1073 43 14 one
715 1065 103 22 hundred
827 1066 92 27 pounds,
931 1070 21 18 to
963 1067 26 21 be
1000 1065 117 23 recovered
1129 1067 23 20 in
1164 1073 12 13 a
1187 1072 59 15 sum-

663 1100 61 18 mary
736 1100 55 18 way.

80 973 42 21 His
132 973 135 28 Excellency
278 975 37 21 the
327 975 114 21 Governor
451 975 81 21 directs
541 975 18 20 it
572 976 24 19 to
608 974 27 22 be

50 999 97 27 notified,
159 1000 48 22 that
212 1001 57 21 from
280 1001 42 21 and
334 1001 56 21 after
397 1001 38 21 the
442 1001 46 21 first
497 1001 44 26 day
548 1001 25 21 of
582 1001 53 27 July

50 1029 60 24 next,
122 1027 58 21 until
189 1027 119 22 assistance
318 1028 18 20 is
346 1028 65 26 given
423 1028 28 25 by
458 1028 35 21 the
506 1028 73 21 Home
590 1027 43 21 Go-

50 1057 118 17 vernment
169 1065 26 4 —
197 1061 23 14 or
239 1061 26 14 an
286 1054 112 21 extensive
418 1054 114 22 reduction
555 1054 26 21 of
598 1054 37 22 the

51 1079 99 22 Colonial
168 1080 174 22 Establishment
360 1081 18 20 is
394 1081 91 21 effected
487 1092 26 3 —
516 1084 49 23 part
581 1081 54 26 only

50 1107 27 20 of
87 1107 90 21 salaries
191 1107 94 26 pa)'able
304 1107 28 26 by
342 1107 37 21 the
395 1107 66 21 Local
478 1108 155 21 Government

52 1133 41 21 will
104 1133 26 21 be
142 1133 51 26 paid
205 1133 139 26 punctually;
362 1134 38 21 but
411 1134 45 20 that
465 1135 36 20 the
512 1135 122 26 respective

48 1160 137 21 remainders
193 1160 43 21 will
246 1160 25 21 be
282 1160 50 27 paid
343 1168 24 13 as
376 1167 54 14 soon
442 1161 54 20 after
506 1161 38 21 the
556 1161 42 21 end
609 1161 28 21 of

49 1187 43 21 this
106 1193 60 19 year,
186 1194 22 14 as
223 1187 36 21 the
277 1187 170 22 circumstances
461 1187 26 22 of
501 1187 37 22 the
555 1188 78 26 colony

49 1213 45 21 will
102 1213 72 22 allow.

74 1239 62 26 Also,
144 1240 48 21 that
200 1240 89 22 salaries
296 1247 24 15 or
331 1247 71 20 wages
412 1243 37 19 not
459 1241 122 25 exceeding
591 1240 40 22 the

44 1273 48 15 sum
104 1267 24 20 of
134 1266 49 22 £80
192 1274 38 19 per
239 1274 90 19 annum,
341 1267 43 21 will
395 1268 24 20 be
431 1267 50 26 paid
496 1268 20 20 in
528 1267 48 26 full,
593 1268 39 20 but

46 1293 48 21 that
104 1293 25 21 of
139 1293 38 21 the
186 1293 116 23 difference
312 1294 99 21 between
421 1295 37 20 the
469 1294 46 21 said
525 1301 49 14 sum
588 1295 45 21 and

45 1319 38 21 the
98 1319 71 22 whole
185 1320 77 27 salary,
275 1325 23 17 at
311 1321 35 21 the
364 1323 47 19 rate
421 1321 26 21 of
459 1321 51 26 only
527 1321 108 21 one-half

47 1345 44 22 will
101 1347 27 21 be
138 1347 60 26 paid.

75 1399 106 23 Whereas
197 1400 80 22 doubts
292 1401 56 21 have
365 1402 56 20 been
437 1401 116 28 expressed
569 1408 23 14 as
607 1404 22 18 to

47 1427 38 21 the
94 1427 85 27 precise
190 1427 75 28 period
272 1431 23 17 at
306 1427 69 23 which
392 1429 81 20 certain
489 1427 141 22 Ordinances

47 1460 63 15 came
119 1455 48 20 into
186 1455 111 25 operation
313 1455 75 20 within
406 1454 42 21 this
458 1455 92 26 colony:
553 1465 25 4 —
579 1455 18 20 it
614 1455 17 20 is

47 1479 84 28 hereby
140 1481 65 21 made
219 1488 59 14 more
295 1481 82 27 clearly
386 1480 80 22 known
485 1481 48 21 that
543 1481 36 21 the
590 1488 41 14 un-

47 1507 169 21 dermentioned
227 1508 135 22 Ordinances
376 1514 62 14 came
454 1508 44 20 into
514 1508 114 27 operation

48 1537 23 18 at
80 1534 35 20 the
125 1534 87 27 periods
222 1538 33 18 set
264 1535 86 26 against
365 1534 56 22 their
432 1535 120 26 respective
564 1535 65 25 titles,

47 1561 24 21 in
82 1560 35 21 the
129 1561 112 27 following
251 1561 104 22 schedule
365 1569 6 13 :—:
373 1572 29 4 —

47 1594 108 27 Supreme
165 1595 68 21 Court
424 1594 98 28 January
532 1596 33 24 13,
578 1596 54 20 1844

47 1620 57 27 Jury
115 1621 151 22 Amendment
423 1621 99 28 January
533 1623 32 24 10,
578 1623 37 20 184
623 1623 7 20 1
639 1620 2 25 j

48 1646 63 22 Land
122 1647 89 22 Claims'
223 1648 153 22 Amendment
386 1663 5 6 .
400 1663 4 5 .
423 1648 98 28 January
534 1650 31 24 13,
578 1650 52 20 1844

46 1674 130 21 Debenture
437 1675 52 27 May
518 1677 33 23 13,
576 1676 54 21 lS4i

47 1701 171 27 Appropriation
435 1702 60 21 June
532 1704 20 23 6,
578 1703 52 20 1844

48 1728 107 21 Customs'
165 1728 155 21 Amendment
435 1728 57 22 June
517 1731 33 23 20,
577 1730 39 21 184
621 1730 8 19 1

48 1753 173 27 Imprisonment
230 1756 33 20 for
273 1756 61 21 Debt
357 1770 45 6 ....
434 1755 58 22 June
515 1757 35 24 23,
577 1757 53 20 1844

75 1787 42 22 His
126 1788 137 27 Excellency
273 1789 38 21 the
322 1789 115 21 Governor
447 1789 78 22 directs
536 1790 17 21 it
565 1792 20 18 to
602 1789 26 21 be

46 1814 90 22 notified
147 1815 49 21 that
205 1815 80 26 parties
296 1815 76 28 failing
383 1820 21 16 to
414 1816 65 27 apply
489 1820 23 17 at
519 1817 36 21 the
565 1816 64 22 Colo-

44 1841 46 21 nial
99 1841 109 28 Treasury
219 1843 33 20 for
259 1842 56 22 their
324 1843 148 26 Pre-emption
482 1843 144 26 Certificates,

44 1868 74 22 within
129 1876 42 14 one
183 1869 75 21 month
267 1869 58 21 from
340 1869 36 22 the
393 1869 51 22 date
460 1871 25 20 of
501 1870 39 21 the
561 1870 68 21 letter

43 1895 55 21 from
119 1895 42 21 this
178 1895 63 22 office
259 1895 112 28 apprising
386 1896 60 22 them
461 1898 23 20 of
499 1897 33 21 his
544 1897 82 21 Excel-

45 1921 83 26 lency's
139 1927 92 17 consent
242 1927 22 17 to
275 1923 36 21 the
329 1923 57 21 issue
404 1923 23 21 of
445 1923 35 22 the
497 1931 68 18 same,
584 1923 44 21 will

44 1948 73 22 forfeit
127 1949 37 21 the
176 1951 133 24 advantages
318 1949 113 22 conceded
442 1954 21 17 to
480 1950 59 21 »he-<-»
554 1950 73 21 there-

46 1979 35 21 by.
118 1975 92 21 Persons
228 1976 47 20 who
291 1975 57 21 have
364 1975 90 26 already
469 1975 103 22 received
583 1976 45 22 this
639 1974 2 24 1

44 2001 140 26 indulgence,
195 2009 36 13 are
244 2002 81 26 hereby
336 2002 101 27 required
447 2008 21 14 to
485 2002 65 21 claim
571 2003 57 21 their

44 2027 130 22 certificates
195 2028 73 22 within
285 2034 37 14 one
340 2030 71 18 month
430 2029 57 21 from
508 2029 37 21 the
575 2029 51 21 date

45 2054 80 25 hereof,

78 2090 46 23 Mr.
149 2091 60 23 John
233 2091 121 30 Macarthy
376 2092 19 22 is
418 2092 118 29 appointed
565 2092 61 22 Sub-

45 2123 123 24 Treasurer
182 2125 34 22 for
229 2126 36 21 the
285 2125 115 23 Southern
421 2125 104 23 Division
546 2125 25 22 of
587 2125 37 22 the

45 2157 85 24 Island.

77 2191 80 23 Felton
171 2191 107 28 Mathew,
293 2191 67 31 Esq.,
374 2191 19 22 is
407 2192 118 30 appointed
538 2191 88 30 Acting

42 2223 108 32 Deputuy
176 2224 262 29 Postmaster-General,
461 2226 47 22 vice
538 2225 29 23 P.

43 2256 78 32 Hogg,
134 2257 60 31 Esq.

75 2290 47 24 Mr.
149 2291 81 30 Heniy
254 2291 94 23 Tucker
370 2292 20 22 is
414 2292 118 30 appointed
557 2292 71 22 Chief

43 2323 70 23 Clerk
125 2325 24 22 in
160 2324 37 23 his
209 2323 160 31 Excellency's
382 2325 86 30 private
489 2325 71 28 office,
581 2325 44 23 and

42 2356 47 24 Mr.
224 2357 77 23 Leech
320 2366 25 14 as
365 2357 68 24 Chief
450 2358 69 23 Clerk
543 2359 22 22 in
587 2359 37 22 the

40 2389 72 24 Audit
124 2390 158 30 Department.

74 2423 50 23 The
135 2424 116 30 following
263 2426 18 21 is
303 2424 39 24 the
359 2432 50 16 new
429 2424 152 24 Commission
602 2426 24 22 of

41 2456 36 23 the
91 2456 80 24 Peace.

189 2494 56 22 List
259 2502 26 14 of
301 2494 173 22 Magistrates.

93 2526 98 21 Andrew
205 2526 100 27 Sinclair,
318 2527 63 21 M.D.

94 2553 131 21 Alexander
234 2553 121 28 Shepherd,

94 2579 98 22 William
207 2581 75 26 Spain,

93 2607 99 21 Mathew
207 2607 136 24 Richmond,

92 2633 94 22 Edward
198 2633 45 22 Lee
254 2633 104 28 Godfrey,

94 2660 79 21 Felton
189 2661 106 26 Mathew,

92 2687 85 21 Arthur
188 2688 26 21 E.
226 2688 158 26 MacDonogh,

90 2713 98 22 Thomas
199 2714 112 23 Beckham

91 2741 80 26 Henry
181 2741 68 27 King,

91 2767 90 22 Charles
192 2768 26 21 B.
230 2768 120 28 Robinson,

89 2794 89 22 Donald
189 2795 100 27 Sinclair,

89 2821 59 22 John
157 2821 94 28 Jermyn
261 2822 118 27 Symonds,

91 2848 79 27 Henry
180 2850 31 21 St.
223 2849 55 27 Hill,

91 2875 86 27 George
188 2876 87 26 Clarke,

89 2902 84 22 Robert
183 2904 28 21 A.
223 2903 134 28 Fitzgerald,

88 2929 75 22 James
174 2930 85 27 Coates,

88 2956 59 22 John
158 2956 110 28 Johnson,

88 2983 64 22 Peter
162 2984 30 21 D.
204 2984 73 28 Hogg.

237 3024 46 14 NON
303 3024 111 16 OFFICIAL.

87 3047 90 22 Charles
196 3048 95 28 Clifford,

87 3073 99 23 William
198 3075 87 28 Brown,

87 3101 88 22 Samuel
187 3102 32 21 M.
230 3102 29 23 D.
271 3104 90 26 Martin,
372 3104 72 26 M.D.,

86 3127 76 22 James
173 3129 29 22 R.
212 3129 107 27 Clendon,

86 3154 97 22 William
199 3155 23 22 F.
235 3156 83 27 Porter,

87 3181 78 22 James
175 3182 83 28 Busby,

85 3208 80 27 Henry
176 3209 102 27 Cutfield,

84 3235 100 22 William
195 3235 130 31 Wakefield,

85 3262 98 22 Thomas
193 3262 113 30 Bunbury,

84 3288 100 23 William
195 3290 32 21 M.
239 3290 79 28 Smith,

85 3315 95 22 Edward
192 3316 116 29 Chetham,

85 3343 65 21 Peter
160 3343 94 29 Wilson,

85 3369 59 22 John
155 3369 85 30 Nixon,

86 3396 114 23 Jeremiah
211 3397 78 30 Nagle,

86 3423 58 22 John
157 3424 29 22 G.
198 3425 82 28 Cooke,

86 3450 105 23 Edmund
203 3452 21 23 S.
237 3454 114 26 Halswell,

87 3478 89 21 Samuel
184 3478 70 31 King,

87 3503 86 29 George
184 3506 21 21 S.
218 3508 82 28 Evans,

87 3530 85 23 Gilbert
181 3532 27 21 M
210 3543 11 13 a
222 3535 26 28 ir,

85 3557 58 22 John
155 3558 69 30 Scott,

84 3584 72 22 David
166 3586 83 31 Sraale,'

84 3612 73 21 David
169 3612 26 21 M
196 3624 31 14 un
228 3624 31 19 ro,

84 3638 77 28 Henry
171 3638 24 21 C.
207 3643 92 27 Lawler,

83 3665 98 22 Lacblan
196 3670 143 29 M'Lachlan,

84 3692 74 22 Moses
168 3693 142 32 Campbell,^

83 3719 98 22 William
191 3724 99 27 Guyton,

85 3745 95 23 William
190 3751 121 28 Swainson,

83 3772 96 23 William
190 3777 121 28 Powditch,

83 3801 94 23 Edward
186 3804 98 27 Daniell,

82 3829 78 28 Henry
176 3831 109 28 Moreing,

82 3856 78 28 Heniy
169 3857 135 29 Thompson,

82 3882 59 22 John
151 3884 26 22 T.
190 3885 141 27 Wicksteed,-

81 3909 78 28 Henry
170 3911 36 22 W.
217 3911 72 28 Petre,

81 3936 83 23 Robert
172 3938 23 23 S.
207 3937 89 30 Aubyn,

1886 127 59 27 fatal,
1955 127 25 23 in
1990 128 70 22 which
2070 129 54 21 such
2142 129 118 27 principles
2273 136 52 20 may
2340 131 125 22 terminate.

1886 155 32 19 As
1935 162 13 13 a
1962 155 59 27 body
2045 155 25 21 of
2084 155 116 26 Wesleyan
2223 155 117 28 ministers,
2357 164 32 14 we
2409 157 56 22 have

1886 180 110 22 delivered
2013 188 41 14 our
2067 182 67 24 souls,
2150 181 46 21 and
2204 181 58 22 their
2278 183 65 21 blood
2354 183 55 21 shall
2425 188 40 17 not

1886 206 26 21 be
1922 208 101 26 required
2033 211 24 17 at
2071 216 41 14 our
2122 204 77 26 hands.

1913 233 41 29 My
1965 234 63 25 Lord,
2040 234 19 21 if
2067 235 55 21 such
2132 235 27 21 be
2176 234 36 22 the
2227 234 108 27 injurious
2353 235 112 28 tendency

1886 259 25 20 of
1928 258 38 22 the
1984 260 133 22 inculcation
2137 260 24 22 of
2182 260 148 28 high-church
2346 261 119 28 principles

1886 293 57 18 upon
1962 286 37 21 the
2018 286 107 22 domestic
2145 287 44 22 and
2208 287 51 22 civil
2279 288 91 21 interest
2390 288 25 21 of
2427 288 37 22 the

1886 313 92 24 natives,
1990 313 17 20 it
2015 312 19 21 is
2044 320 52 20 very
2105 314 90 22 evident
2205 314 48 21 that
2263 314 19 21 it
2297 314 45 21 will
2357 318 63 18 exert
2435 322 29 14 no

1886 338 71 21 better
1968 338 108 23 influence
2086 347 28 14 on
2129 340 49 22 ther
2194 341 97 25 religious
2303 340 100 27 fee'ings.
2442 341 25 22 If

1884 364 18 21 it
1911 364 27 21 be
1948 365 105 26 injurious
2063 369 21 18 to
2094 366 60 21 them
2164 375 23 13 as
2197 368 94 21 families
2299 366 44 22 and
2353 375 24 13 as
2387 368 74 26 tribes,

1885 391 17 20 it
1912 395 59 18 must
1980 392 27 20 be
2017 392 87 26 equally
2113 392 106 27 injurious
2230 399 22 16 to
2261 394 60 22 them
2330 401 24 14 as
2361 400 51 16 men
2419 395 44 21 and

1884 425 25 14 as
1916 418 116 21 Christians
2034 429 26 4 —
2061 418 42 21 and
2114 425 22 15 so
2147 420 55 21 from
2219 421 131 24 experience
2368 427 31 15 we
2416 420 47 22 find

1885 444 17 21 it
1908 451 4 18 ;
1932 444 86 27 coming
2028 445 55 22 from
2094 452 13 14 a
2117 445 79 22 station
2205 446 24 21 in
2240 446 102 22 Waikato
2354 447 71 22 where
2435 448 29 21 all

1885 477 44 15 was
1943 478 66 18 peace
2019 471 44 22 and
2074 472 145 30 comparative
2235 474 122 26 prosperity
2365 475 46 21 and
2427 481 36 15 en-

1885 502 162 22 couragement,
2058 502 61 22 great
2128 498 80 22 indeed
2219 505 43 15 was
2272 507 37 19 my
2319 502 93 25 surprise
2420 502 43 21 and

1883 523 64 25 grief,
1959 531 28 14 on
1998 532 36 18 my
2045 524 79 22 arrival
2133 524 59 27 here,
2204 528 21 18 to
2235 524 46 22 find
2292 525 36 22 the
2346 528 78 26 people
2439 533 24 15 ea

1884 547 79 31 deeply
1973 551 101 22 involved
2084 551 22 21 in
2116 555 63 23 party
2190 552 138 21 contentions
2338 560 23 14 as
2372 557 22 18 to
2404 561 59 14 mere

1884 576 68 22 forms
1961 578 43 21 and
2020 578 106 26 opiuions.
2165 580 8 19 1
2179 578 77 22 nstead
2272 579 26 20 of
2315 580 97 26 meeting
2427 587 36 15 me

1884 602 52 22 with
1955 604 109 26 enquiries
2082 608 47 17 asto
2146 604 36 22 the
2201 609 62 22 great
2288 606 108 21 doctrines
2420 607 43 22 and

1884 629 110 27 blessings
2004 630 25 21 of
2041 631 36 21 the
2088 630 90 28 Gospel,
2189 632 36 21 the
2242 632 53 21 time
2310 632 26 21 of
2352 632 52 22 both
2423 634 40 20 mi-

1883 656 69 21 nister
1963 657 45 21 and
2017 656 77 28 people
2104 657 20 22 is
2134 657 91 27 lavishly
2237 658 80 22 wasted
2332 666 61 20 away
2411 660 51 21 with

1884 683 85 22 useless
1983 683 130 22 discussions
2124 691 26 14 on
2164 688 89 18 matters
2264 686 26 20 of
2299 692 59 14 mere
2375 686 88 21 ecclesi-

1884 710 77 21 astical
1973 714 161 22 arrangement.
2163 711 46 21 The
2220 711 63 27 spirit
2293 712 24 20 of
2328 712 36 21 the
2379 712 84 27 Gospel

1882 735 19 21 is
1916 738 132 24 evaporated
2063 737 22 20 in
2103 738 37 20 the
2155 737 62 26 form,
2234 738 45 21 and
2295 738 35 21 the
2340 738 61 22 mind
2413 746 49 20 per-

1883 763 88 27 versely
1980 764 144 21 surrendered
2134 767 22 17 to
2168 764 36 21 the
2215 764 108 21 influence
2330 766 25 20 of

1882 791 114 24 questions
2016 791 42 20 and
2077 790 139 27 genealogies
2240 791 43 21 and

1883 815 72 22 which
1967 823 35 14 are
2036 817 144 27 unprofitable
2190 817 44 21 and
2348 818 51 21 And
2410 826 24 14 as
2441 825 20 16 to

1884 843 35 20 the
1942 843 87 22 Church
2044 848 70 22 party,
2136 844 16 19 it
2168 844 18 21 is
2202 844 132 21 lamentable
2350 849 22 17 to
2382 845 80 23 behold

1883 869 36 21 the
1929 870 61 27 pride
2001 870 45 21 and
2057 870 148 27 presumption
2224 870 72 22 which
2310 871 52 27 they
2377 872 83 22 evince.

1883 896 35 21 On
1931 897 37 20 the
1980 897 94 27 journey
2085 897 48 27 just
2143 896 87 22 alluded
2251 901 30 22 to,
2301 898 43 21 Mr.
2365 898 97 28 Whitely

1882 929 44 14 was
1937 923 117 22 forbidden
2065 928 20 16 to
2096 923 79 27 preach
2187 928 21 17 at
2224 923 85 27 Warea,
2326 924 36 21 the
2378 924 84 23 natives

1882 950 113 26 declaring
2006 950 47 21 that
2062 957 54 20 your
2128 950 106 28 Lordship
2248 950 45 21 had
2302 957 24 14 so
2336 950 90 23 ordered
2437 953 24 26 it,

1882 976 43 21 and
1936 976 49 21 that
2001 976 52 27 they
2072 976 52 21 dare
2144 980 39 17 not
2198 980 119 23 transgress
2324 985 6 19 ;
2351 978 44 21 and
2408 986 24 14 so
2448 987 14 14 a

1882 1010 64 14 scene
1965 1010 43 15 was
2025 1003 122 27 presented,
2164 1006 23 17 at
2207 1011 55 14 once
2283 1004 116 21 ridiculous
2418 1006 44 21 and

1881 1029 141 27 disgraceful,
2040 1030 26 20 of
2077 1034 42 17 two
2137 1029 151 22 Missionaries
2302 1030 67 22 found
2384 1033 77 22 seated

1881 1063 28 14 on
1928 1056 38 22 the
1989 1056 91 27 ground,
2101 1056 72 21 whilst
2191 1064 28 14 an
2230 1057 101 27 ignorant
2342 1058 73 22 Maori
2423 1058 39 23 lad

1881 1083 62 21 stood
1954 1090 29 20 up
1994 1084 22 21 in
2027 1083 96 27 triumph
2134 1086 22 18 to
2166 1083 129 22 disburthen
2305 1084 91 21 himself
2411 1085 26 22 of
2447 1093 14 14 a

1881 1109 50 22 load
1943 1110 24 21 of
1982 1114 55 17 most
2048 1110 113 26 egregious
2175 1117 116 15 nonsense.
2330 1110 52 22 And
2397 1112 64 22 when

1881 1136 22 21 in
1917 1137 36 20 the
1965 1137 102 26 morning
2077 1143 31 14 we
2120 1137 71 21 called
2206 1144 60 20 upon
2283 1137 38 21 the
2337 1138 84 22 natives
2438 1143 22 17 to

1881 1170 88 20 prayers
1979 1164 22 20 in
2013 1170 40 15 our
2065 1171 46 14 own
2123 1163 184 28 sleeping-house,
2329 1164 51 26 they
2391 1166 70 21 forth-

1882 1190 50 21 with
1943 1190 40 21 left
1994 1191 35 20 the
2041 1191 67 26 place,
2118 1197 54 20 rang
2182 1190 57 22 thpir
2252 1198 49 14 own
2316 1191 50 26 bell,
2383 1196 39 17 out
2439 1194 25 20 of

1881 1224 59 14 mere
1952 1217 128 27 opposition,
2092 1217 100 26 engaged
2201 1217 21 22 in
2234 1217 56 22 their
2300 1225 47 14 own
2359 1218 100 29 worship,

1881 1243 43 21 and
1935 1244 40 21 left
1992 1244 37 21 but
2047 1245 56 19 three
2120 1248 22 17 to
2159 1244 64 21 listen
2239 1247 23 18 to
2279 1244 37 22 the
2411 1246 27 21 of
2448 1254 13 15 a

1881 1270 111 23 Saviour's
2132 1270 31 21 At
2182 1270 114 22 Wareatea
2305 1271 46 21 also
2362 1279 31 14 we
2404 1279 56 16 were

1881 1298 86 26 grossly
1978 1297 92 22 mocked
2079 1297 71 22 whilst
2159 1297 23 21 in
2194 1297 36 22 the
2239 1298 94 21 attitude
2342 1298 26 21 of
2374 1305 86 21 prayer.

1881 1324 41 25 My
1942 1324 66 27 liord,
2029 1324 11 21 I
2060 1324 41 21 feel
2116 1324 105 27 perfectly
2239 1324 117 27 indignant
2368 1326 63 22 when
2449 1327 12 22 I

1881 1351 62 21 think
1961 1352 26 19 of
2007 1351 37 21 the
2063 1351 86 26 alleged
2168 1358 64 14 ciuse
2249 1351 26 21 of
2296 1351 42 22 this
2357 1353 103 22 conduct.

1881 1378 59 21 Here
1961 1378 18 21 is
1997 1385 28 14 an
2046 1377 35 22 old
2103 1377 131 28 Missionary
2254 1378 27 21 of
2301 1378 75 22 eleven
2396 1387 64 19 years

1880 1405 110 26 standing,
2019 1404 93 27 through
2136 1405 72 20 whose
2240 1405 69 21 moral
2339 1405 118 29 influence,

1879 1431 43 21 and
1958 1432 154 25 intervention,
2150 1435 61 22 great
2250 1431 45 22 and
2324 1434 137 27 contending

1879 1458 67 21 tribes
1966 1458 56 22 have
2041 1465 61 14 moie
2123 1458 53 21 than
2197 1465 54 14 once
2268 1458 44 22 laid
2330 1459 62 22 down
2404 1460 57 22 their

1879 1492 57 15 arms
1947 1486 45 21 and
2009 1486 88 21 become
2115 1484 129 26 reconciled,
2247 1496 26 4 —
2276 1486 92 26 through
2389 1487 71 22 whose

1879 1512 152 27 interposition
2059 1512 85 26 chiefly,
2161 1512 38 21 the
2214 1512 101 21 Waikato
2332 1520 55 14 wars
2403 1513 57 22 have

1878 1539 55 21 been
1945 1540 78 26 ended,
2036 1540 43 21 and
2089 1538 110 23 Taranaki
2209 1539 124 27 repeopled,
2337 1551 26 3 —
2364 1540 44 21 and
2423 1540 37 23 the

1879 1566 120 27 European
2008 1566 126 22 settlement
2150 1566 25 21 of
2192 1566 54 21 New
2263 1566 120 27 Plymouth
2402 1568 57 22 been

1878 1593 74 26 saved,
1966 1601 29 14 on
2007 1600 59 15 more
2077 1592 112 22 occasions
2206 1592 52 22 than
2277 1601 47 19 one,
2345 1595 58 21 from
2423 1594 37 23 the

1878 1619 77 22 hostile
1966 1620 61 21 visits
2036 1620 26 21 of
2070 1620 34 21 the
2114 1620 144 27 exasperated
2265 1620 193 31 Ngatimaniopote

1878 1646 60 27 tribe,
1953 1647 10 21 I
1974 1654 46 19 say,
2031 1647 52 22 here
2099 1647 19 20 is
2135 1646 47 22 that
2196 1653 54 21 very
2267 1654 59 20 man,
2345 1648 113 23 forbidden

1877 1673 28 27 by
1917 1681 55 19 your
1992 1674 125 26 Lordship's
2133 1673 85 27 alleged
2233 1674 114 27 direction,
2365 1679 22 18 to
2397 1683 63 14 exer-

1877 1701 45 21 cise
1931 1700 35 22 his
1977 1701 139 22 commission
2125 1701 22 20 in
2159 1707 12 14 a
2183 1700 86 27 village,
2281 1701 71 22 which
2363 1709 58 15 owes
2430 1703 28 21 its

1878 1728 96 21 erection
1996 1732 21 17 to
2035 1728 52 26 him,
2105 1727 45 22 and
2166 1730 22 19 to
2203 1728 92 26 natives,
2314 1730 55 26 who,
2389 1729 71 22 under

1879 1754 57 26 God,
1949 1761 56 15 even
2017 1762 46 14 owe
2075 1754 54 22 their
2140 1758 88 23 present
2242 1754 112 23 existence
2369 1760 21 18 to
2404 1756 53 22 him.

1877 1781 27 22 In
1916 1782 36 21 the
1965 1782 124 25 meantime,
2100 1781 38 22 the
2149 1782 84 21 natives
2243 1789 37 14 are
2291 1782 51 22 thus
2352 1783 106 22 debarred

1877 1809 52 21 from
1936 1808 30 22 all
1972 1815 74 15 means
2053 1809 24 20 of
2082 1809 113 26 European
2201 1808 137 28 instruction,
2342 1817 50 14 save
2403 1810 57 22 what

1876 1835 52 24 they
1939 1843 51 19 may
2001 1835 137 28 imperfectly
2149 1834 73 23 derive
2232 1836 58 21 from
2304 1836 36 22 the
2348 1838 110 26 quarterly

1877 1862 43 22 and
1929 1862 135 27 half-yearly
2074 1862 60 21 visits
2144 1862 25 21 of
2182 1861 88 23 Church
2281 1862 115 28 ministers,
2410 1864 48 22 who

1876 1897 23 14 as
1910 1894 37 21 yet
1957 1897 39 14 are
2006 1890 80 21 unable
2096 1893 22 17 to
2129 1888 89 23 address
2229 1889 61 22 them
2302 1890 21 21 in
2336 1890 56 22 their
2410 1899 50 14 own

1876 1916 118 28 language,
2006 1923 23 14 so
2040 1916 48 21 that
2097 1916 52 26 the)'
2161 1923 35 14 are
2207 1916 74 21 rather
2292 1920 20 18 to
2324 1918 26 21 be
2366 1918 53 22 held
2435 1918 23 22 in

1877 1943 37 22 the
1926 1943 99 27 bondage
2042 1944 26 20 of
2078 1943 125 26 ignorance,
2225 1943 53 22 than
2299 1944 117 26 permitted
2437 1948 21 18 to

1877 1969 52 21 hear
1938 1970 38 21 the
1989 1970 71 21 truths
2070 1968 25 23 of
2105 1969 38 21 the
2154 1969 82 26 Gospel
2247 1976 25 15 as
2281 1970 111 22 delivered
2402 1972 56 20 from

1875 1996 37 21 the
1922 1996 42 27 lips
1977 1996 26 21 of
2014 2004 12 13 a
2037 1996 116 26 Wesleyan
2170 1996 103 21 Minister
2274 2008 26 4 —
2302 2002 44 17 and
2365 1998 48 22 that
2422 2003 36 17 too

1875 2023 22 20 in
1909 2022 34 22 his
1953 2030 50 14 own
2023 2022 102 22 District!
2169 2022 11 21 I
2195 2022 83 28 merely
2292 2024 84 22 adduce
2397 2025 61 22 these

1875 2049 109 23 instances
2004 2057 23 14 as
2041 2050 72 26 proofs
2138 2050 24 21 of
2184 2049 37 22 the
2244 2050 124 28 prevailing
2385 2052 69 27 spirit.

1877 2076 54 21 How
1943 2077 34 21 far
1988 2083 53 21 your
2053 2076 109 27 Lordship
2177 2083 52 21 may
2244 2076 59 23 have
2319 2078 139 22 contributed

1875 2107 21 17 to
1908 2103 67 22 foster
1986 2104 51 22 such
2049 2111 13 14 a
2072 2104 62 26 spirit
2149 2105 18 20 is
2183 2108 39 17 not
2237 2104 37 21 for
2291 2111 35 14 me
2349 2108 22 18 to
2385 2105 73 22 deter-

1875 2131 58 21 mine
1942 2139 6 13 :
1966 2130 9 22 I
1997 2138 40 15 can
2053 2132 50 25 only
2119 2137 40 21 say
2178 2130 47 22 that
2234 2137 44 20 you
2288 2138 43 20 are,
2351 2139 52 15 ever
2413 2133 46 22 and

1874 2165 66 17 anon,
1952 2158 99 21 adduced
2063 2158 27 27 by
2100 2157 56 22 both
2165 2158 79 26 parties
2254 2165 24 14 as
2289 2158 35 21 the
2335 2158 62 22 chief
2413 2167 39 14 ex-

1874 2184 66 27 citing
1950 2192 65 14 cause
2026 2186 24 20 of
2057 2185 28 21 all
2096 2184 48 22 that
2150 2185 101 27 jealousy
2262 2185 45 21 and
2314 2186 40 21 bad
2360 2185 94 29 feeling,

1874 2211 70 22 which
1955 2212 18 22 is
1983 2212 68 21 found
2062 2215 20 18 to
2093 2212 27 21 be
2130 2219 24 14 so
2164 2211 136 28 lamentably
2318 2213 96 27 existing
2428 2215 25 21 in

1874 2239 42 21 this
1927 2239 98 21 District.
2042 2240 10 20 I
2064 2242 58 18 must
2132 2241 100 19 however
2239 2239 23 21 in
2269 2239 80 27 justice
2356 2240 99 29 observe,

1874 2266 47 21 that
1931 2273 68 20 many
2009 2266 25 21 of
2046 2266 35 21 the
2091 2273 61 14 more
2162 2266 125 27 intelligent
2296 2266 46 22 and
2357 2273 98 21 respect-

1874 2293 48 21 able
1942 2293 87 21 Church
2048 2293 91 25 natives,
2159 2292 23 22 in
2203 2292 42 22 this
2260 2293 97 27 District,
2378 2301 38 15 are
2431 2301 24 15 so

1875 2320 131 27 thoroughly
2016 2319 96 23 shocked
2123 2323 22 18 at
2162 2320 37 21 the
2214 2320 108 27 repulsive
2339 2321 114 23 character

1873 2347 26 21 of
1910 2347 61 21 these
1987 2347 52 26 high
2044 2346 89 22 -church
2145 2347 149 26 proceedings,
2312 2347 43 21 and
2364 2354 23 15 so
2398 2349 56 27 fully
2480 2351 2 7 '

1873 2374 56 21 alive
1949 2378 21 17 to
1992 2374 35 21 the
2044 2373 42 22 evil
2103 2380 162 21 consequences
2279 2374 23 21 in
2319 2374 72 22 which
2401 2375 54 29 they

1873 2406 56 16 must
1940 2401 75 21 result,
2027 2401 47 21 that
2084 2400 52 27 they
2146 2408 37 14 are
2197 2400 139 23 determined
2352 2405 22 17 to
2391 2403 65 21 resist

1872 2427 54 22 such
1935 2428 65 21 novel
2011 2427 181 23 encroachments
2206 2431 22 18 to
2244 2427 37 22 the
2299 2431 93 24 utmost;
2408 2430 46 22 and

1873 2462 65 19 many
1950 2455 79 26 others,
2042 2455 46 21 who
2096 2454 56 22 have
2163 2454 90 28 already
2262 2462 55 25 very
2323 2460 132 23 unsuspect-

1871 2481 61 28 ingly
1938 2482 57 21 been
2003 2481 102 23 involved
2111 2482 25 21 in
2143 2481 61 22 these
2209 2481 150 28 proceedings,
2368 2482 87 24 declare

1871 2509 53 25 that,
1936 2509 73 21 unless
2018 2516 55 20 your
2089 2508 107 27 Lordship
2206 2508 27 22 be
2247 2508 90 28 quickly
2348 2510 102 27 disposed

1871 2539 22 17 to
1902 2536 50 27 give
1963 2543 29 19 up
2002 2536 41 22 this
2076 2537 84 24 tikanga
2265 2543 24 14 as
2299 2535 51 29 they
2361 2537 56 27 style
2423 2538 25 26 it,

1872 2563 42 21 this
1956 2563 57 21 back
2024 2567 21 17 to
2065 2563 56 21 back
2305 2574 28 5 —
2335 2563 50 28 they
2408 2565 45 22 will

1870 2593 38 18 not
1927 2589 52 27 only
2003 2590 85 22 forsake
2111 2590 38 21 the
2173 2591 147 21 Communion
2341 2591 25 22 of
2394 2598 57 19 your

1872 2617 94 26 Church,
1978 2616 39 22 but
2027 2617 43 21 will
2085 2621 76 17 return
2177 2620 22 18 to
2216 2617 29 22 all
2261 2617 38 22 the
2317 2617 70 23 habits
2404 2619 46 22 and

1871 2643 58 22 vices
1947 2643 45 22 and
2006 2643 149 28 superstitions
2173 2645 26 20 of
2218 2644 58 22 their
2293 2645 97 27 rejected
2408 2645 41 22 but

1871 2671 91 21 coveted
1972 2671 142 21 heathenism.
2150 2671 63 26 They
2227 2679 40 20 say
2267 2683 28 4 —
2296 2672 44 22 and
2350 2673 51 26 they
2412 2680 38 14 are

1870 2697 58 27 right
1942 2698 24 21 in
1982 2699 76 26 saying
2076 2699 17 20 it
2093 2708 26 5 —
2120 2697 49 23 that
2210 2697 140 24 heathenism
2366 2699 23 22 in
2407 2701 43 19 lovs

1870 2725 19 21 is
1900 2726 68 20 better
1978 2724 52 22 than
2041 2725 142 28 Christianity
2194 2725 91 23 without

1982 2752 9 20 I
2003 2752 91 27 remain,

2036 2779 59 22 Your
2107 2779 116 29 lordship's
2234 2779 102 22 obedient

2121 2807 44 21 and
2175 2807 90 22 humble
2275 2811 95 19 servant.

2185 2834 31 21 H.
2232 2830 98 25 Hanson
2345 2836 105 19 Turton.

899 1151 76 21 Letter
992 1152 19 19 2.

663 1189 39 22 TO
743 1190 65 21 THE
851 1189 99 22 RIGHT
992 1189 171 22 REVEREND
1199 1190 44 21 Dr.

717 1216 138 26 SELWYN,
876 1216 226 21 EPISCOPALIAN
1130 1216 114 22 BISHOP

717 1243 37 22 OF
770 1243 73 21 NEW
858 1243 156 21 ZEALAND.

1977 2886 149 21 WAIRAU
2145 2887 197 24 MASSACRE,

1881 2916 22 26 A
1940 2918 160 24 MEETING
2123 2919 90 24 WILL
2238 2920 43 24 BE
2305 2921 94 24 HELD
2420 2930 30 15 on

1869 2946 45 18 •^^
1949 2952 85 31 Friday
2053 2953 96 31 evening
2167 2959 62 23 next,
2241 2960 23 17 at
2284 2956 14 24 7
2312 2955 94 28 o'clock,
2425 2956 25 22 in

1870 2985 36 23 the
1928 2985 133 32 Exchange,
2085 2991 22 18 to
2130 2988 102 22 consider
2252 2988 39 22 the
2313 2988 58 24 draft
2392 2989 26 23 of
2438 2996 15 16 a

1869 3020 93 29 petition
1984 3024 22 18 to
2025 3019 53 24 both
2098 3020 93 23 Houses
2212 3021 24 22 of
2255 3021 139 24 Parliament
2413 3029 37 16 re-

1869 3053 103 30 specting
1983 3053 38 22 the
2039 3052 63 23 mode
2115 3054 22 21 in
2159 3053 72 23 which
2246 3053 46 23 His
2311 3054 140 32 Excellency

1869 3085 39 23 has
1928 3092 53 16 seen
2039 3090 21 18 to
2073 3086 49 23 deal
2140 3087 54 22 with
2206 3086 38 24 the
2263 3092 152 27 perpetrators
2427 3089 28 22 of

1869 3118 36 23 the
1917 3118 94 23 Wairau
2022 3119 125 23 Massacre.

2067 3169 97 20 Public
2178 3169 68 20 Sale.

1869 3195 158 48 MESSRS.
2053 3194 149 23 BETHUNE
2226 3195 68 23 AND
2319 3196 130 23 HUNTER

1959 3221 44 22 will
2020 3221 38 22 sell
2073 3222 30 27 by
2113 3222 77 21 Public
2207 3222 105 28 Auction,
2323 3228 23 17 at
2356 3224 36 22 the
2403 3224 46 23 Ex-

1867 3247 92 28 change,
1971 3256 29 14 on
2012 3249 137 27 Wednesday
2159 3253 59 22 next,
2230 3252 47 19 31st
2285 3250 81 28 July—

1894 3276 10 20 1
1915 3275 100 27 superior
2028 3276 121 26 Wanganui
2160 3278 90 26 section,

1892 3304 13 19 2
1934 3302 34 22 do.
2031 3302 35 22 do.
2123 3303 36 21 the
2171 3304 47 21 best
2226 3304 92 26 grazing
2327 3304 41 23 and
2380 3305 66 27 sheep

1867 3336 40 14 run
1922 3329 22 21 in
1955 3330 49 21 that
2022 3329 89 27 district,
2132 3330 98 26 fronting
2250 3330 38 23 the
2307 3331 49 22 lake
2375 3332 72 21 called

1866 3356 72 21 Dutch
1947 3358 89 25 Lagoon,

1893 3384 21 21 A
1925 3384 175 22 weather-board
2110 3384 68 23 house
2189 3389 23 18 at
2222 3384 43 23 Kai
2283 3384 81 28 Warra,
2376 3386 70 21 front-

1866 3410 39 28 ing
1914 3410 35 22 the
1959 3416 89 21 stream,
2059 3412 62 21 fitted
2132 3419 29 19 up
2171 3419 23 14 as
2204 3419 13 14 a
2227 3416 66 22 store,

1893 3438 53 21 Also
1956 3446 13 13 a
1980 3438 100 28 quantity
2091 3439 24 21 of
2123 3439 160 22 merchandise.

1892 3464 54 28 July
1955 3466 33 26 24,
2001 3466 58 21 1344.

2092 3504 123 21 Wanted.

1868 3533 47 47 A
1936 3530 145 23 NURSERY
2103 3530 84 22 MAID
2213 3530 134 23 WANTED
2371 3534 72 22 where

1943 3557 63 22 there
2016 3564 35 15 are
2061 3561 41 17 two
2112 3556 108 22 children.

1892 3586 69 26 Also,
1963 3595 27 5 —
1992 3585 22 22 A
2030 3584 79 21 female
2124 3588 89 17 servant
2232 3584 47 22 who
2298 3586 145 24 understands

1865 3612 101 27 cooking,
1978 3610 174 27 bread-makiug,
2163 3612 49 25 &c,
2223 3611 65 28 apply
2298 3618 24 16 to

2201 3634 47 26 Mr.
2262 3640 100 27 Strang,

2092 3665 68 22 Court
2175 3664 85 28 House,
2272 3666 143 28 Wellington.

1891 3692 142 26 Wellington,
2046 3691 53 27 July
2108 3693 33 24 23,
2154 3692 59 25 lßit.
2370 3706 3 4 ■

1864 3736 144 48 NOTICE
2023 3736 26 22 IS
2070 3736 127 23 HEREBY
2220 3737 108 28 GIVEN,
2348 3738 47 22 that
2414 3740 30 22 all

1928 3770 90 20 persons
2027 3764 22 20 in
2065 3763 55 21 New
2136 3764 98 22 Zealand
2250 3764 106 24 indebted
2370 3769 22 19 to
2403 3767 38 21 the

1862 3790 154 27 undersigned,
2034 3797 36 14 are
2088 3793 22 18 to
2126 3797 43 20 pay
2185 3791 36 21 the
2238 3796 92 18 amount
2345 3792 25 22 of
2387 3793 57 23 their

1862 3817 60 21 debts
1933 3823 21 15 to
1963 3817 45 21 Mr.
2021 3816 96 22 Richard
2126 3817 83 21 Davies
2220 3817 103 28 Hanson,
2331 3819 108 26 Solicitor,

1862 3844 106 21 Lambton
1980 3844 71 26 Quay,
2063 3844 48 21 who
2121 3844 41 22 has
2176 3842 136 30 fuTTpowers
2320 3849 22 18 to
2352 3853 92 15 recover

1860 3871 42 21 and
1911 3871 86 21 receive
2009 3871 35 21 the
2060 3878 66 19 same,
2139 3871 46 21 and
2200 3876 22 16 to
2238 3879 30 15 no
2283 3873 64 22 other
2363 3881 79 20 person

1861 3897 116 22 whatever.
2008 3897 73 23 Dated
2094 3897 43 22 this
2146 3898 54 22 23rd
2218 3898 43 27 day
2272 3899 26 21 of
2310 3899 60 28 July,
2383 3903 64 24 1844,

1884 3951 28 4 _.
2111 3951 16 8 „
2257 3925 65 25 John
2331 3925 80 28 Johii.

1885 3953 103 26 Witaegi,
2000 3953 99 26 Rums9y
2110 3953 96 23 Forater.
