2559 4039
48 38 2471 55 THE

267 123 224 142 NEW
600 95 872 150 ZEALAND
1578 100 237 145 GA
1842 93 592 137 ZETTE

1213 269 101 32 AND

48 301 1176 160 WELLINGTON
1342 301 1177 160 SPECTATOR.

565 507 225 37 PUBLISHED
835 506 131 38 EVERY
1009 499 257 42 WEDNESDAY
1310 497 87 38 AND
1442 493 228 40 SATURDAY
1717 491 201 38 MORNING.

84 642 62 31 No.
167 635 91 39 275.]

626 627 113 23 PORT
762 621 258 29 NICHOLSON,
1041 616 226 34 SATURDAY
1287 614 211 35 MORNING,
1519 611 170 33 AUGUST
1709 613 52 34 26,
1786 610 89 30 1843.

2237 603 96 42 [Vol.
2354 601 54 31 IV.

165 731 54 22 Fox
241 728 116 22 Xiondon
381 726 95 23 direct,

197 762 93 26 rpHE
316 761 45 22 fine
390 760 45 21 fast
457 757 82 26 sailing
564 755 52 27 brig

204 781 31 32 JL
340 785 177 24 NELSON,
651 787 11 18 1

66 809 124 34 jUi,
211 817 88 26 George
321 814 115 23 Maclaren
461 814 88 23 master,
569 809 48 22 will
651 809 11 25 1

63 835 128 33 jjJKaP-
211 843 41 22 sail
266 843 68 22 about
342 842 37 21 the
388 837 57 25 '20th
461 839 61 26 inst.,
531 837 86 26 having
649 840 13 21 Si

46 862 151 46 JWJgfgjßa
211 870 31 23 *U
250 870 42 22 her
301 875 64 21 cargo
376 865 109 30 engaged.

47 895 82 20 *****
125 895 71 17 im^
237 907 19 22 j«
257 914 25 15 or
291 914 14 21 p
306 913 35 15 asS
343 912 39 20 Bge
391 903 60 28 only,
463 901 68 29 apply
540 904 23 18 to

348 938 83 21 Waitt
446 935 46 24 and
503 935 87 22 Tysbr.

68 970 141 27 Wellington,
219 968 89 26 August
317 966 19 26 7,
348 966 59 21 1843.
651 980 11 15 &

177 1015 54 20 For
245 1011 117 23 London
376 1009 97 23 direct,
651 1001 11 21 si

130 1050 28 21 To
168 1049 42 21 sail
222 1048 63 20 about
299 1046 35 21 the
348 1046 32 19 Ist
391 1043 28 26 of
431 1042 95 25 October,
652 1054 10 21 b

52 1085 100 29 sS?%a.
195 1085 92 29 rpHE
301 1084 83 27 barque
397 1079 224 24 INDEMNITY,

73 1106 94 37 JgSL
202 1106 31 29 X
412 1112 83 19 master
502 1117 6 19 ;
523 1107 41 22 has
573 1106 51 22 first
653 1110 9 19 t<

55 1131 135 41 j|^^
207 1143 49 19 rate
274 1137 207 24 accommodations
501 1136 37 21 for
556 1133 67 22 cabin
654 1142 8 13 v

45 1159 146 37 3U__B»
208 1172 140 22 passengers.
653 1161 9 21 ti

45 1194 145 24 gg___g
238 1194 44 21 For
298 1190 81 28 freight
397 1197 26 15 or
438 1195 102 22 passage,
560 1189 64 25 early
654 1195 8 14 c

211 1218 134 30 application
355 1218 18 22 is
386 1223 108 20 necessay
504 1219 23 18 to
654 1215 8 21 1

216 1254 132 25 RIDOWAYS,
365 1251 107 26 GUYTON,
487 1250 21 22 &
522 1249 73 21 EARP.
656 1244 6 18 *

68 1287 140 27 Wellington,
218 1286 54 26 July
283 1286 33 25 13,
327 1285 60 21 1843.
657 1295 5 22 £

174 1331 120 26 Passage
309 1331 30 19 to
360 1328 134 22 London..

56 1359 100 29 s*j3&,
195 1363 94 31 rpHE
300 1364 62 25 Tyne,
371 1361 70 26 being
450 1359 73 23 under
531 1366 97 21 engage-
658 1367 4 21 j

68 1413 57 4 .__
127 1413 22 4 —
149 1400 27 17 at.
203 1384 30 29 -L
271 1392 63 20 ment
352 1393 22 18 to
392 1388 52 21 load
461 1387 56 22 wool
535 1389 25 19 at
574 1385 55 22 Port

50 1409 140 37 /4fl|___e
207 1416 92 28 Phillip,
317 1415 78 24 should
409 1414 146 22 inducement
564 1412 63 27 offer,

49 1436 144 31 jBM_BL
209 1444 41 22 she
266 1444 45 22 will
327 1443 42 22 call
383 1443 54 21 here
452 1448 31 15 on
491 1440 41 22 her
541 1447 51 20 way
605 1442 24 18 to
661 1455 1 3 -

75 1512 41 21 For
129 1516 94 22 passage
232 1508 60 28 only,
303 1507 82 26 having
393 1505 99 28 superior
504 1510 128 16 accommo-

50 1538 90 26 dations,
150 1536 69 29 apply
229 1539 23 18 to
262 1535 94 28 Captain
365 1533 131 25 Robertson,
509 1538 25 14 or
543 1533 22 19 to
661 1536 2 20 j

308 1571 111 23 Bethune
433 1568 46 23 and
492 1568 110 22 Hunter.
661 1561 2 21 '

77 1608 143 27 Wellington,
230 1606 90 27 August
329 1605 33 26 15,
372 1604 63 26 1843,

247 1651 54 21 For
315 1650 113 24 Nelson,
661 1651 2 9 '

225 1686 28 20 Te
265 1685 41 20 sail
320 1685 21 19 in
353 1684 34 19 ten
400 1683 59 26 days,

74 1722 77 24 u^%a
205 1719 93 27 HHHE
316 1717 44 23 fine
378 1717 43 21 fast
444 1715 81 27 sailing
548 1714 87 27 barque

81 1740 95 30 _@_
212 1740 30 28 JL
364 1744 115 21 TYNE,

65 1759 127 35 jjEh£&
247 1773 44 23 For
299 1771 82 28 freight
390 1778 24 14 or
423 1776 100 22 passage,
534 1768 68 28 apply
611 1770 24 19 to

54 1794 147 42 3§M_JkL
220 1800 64 28 Capt.
294 1799 131 25 Robertson,
435 1804 26 14 or
468 1800 24 18 to

334 1836 113 22 Bethune
462 1834 21 22 &
496 1833 112 22 Hunter.

81 1874 144 26 Wellington,
237 1872 89 26 August
334 1870 32 27 15,
378 1869 60 22 1843.

57 1921 52 21 For
124 1917 147 23 Auckland
286 1916 54 21 and
349 1915 44 20 the
405 1914 59 26 Bay
473 1912 31 21 of
517 1911 121 24 Islands,

165 1944 105 26 calling
284 1944 29 20 at
332 1942 117 24 Poverty
462 1940 67 25 Bay,

94 1974 28 20 To
131 1973 43 20 sail
178 1971 112 27 positively
299 1975 27 15 on
337 1968 100 26 Tuesday,
447 1967 53 21 29th
510 1966 90 26 August,

67 2003 105 34 s/j&SL.
210 2006 93 23 FTIHE
326 2004 107 23 schooner
458 2002 182 24 COLUMBINE,

91 2036 99 25 O_rff&i
218 2042 50 13 -*-<-
294 2032 93 26 Captain
407 2030 107 27 Strattbn,
534 2031 26 20 75
581 2032 58 22 tons,

62 2052 147 38 /43_#gk
224 2059 46 23 will
284 2060 27 21 be
327 2057 134 29 despatched
472 2057 36 21 for
515 2055 38 23 the
570 2055 71 23 above

225 2090 60 25 ports
299 2093 30 15 on
343 2084 104 28 Tuesday
458 2086 61 24 next,
535 2083 39 22 the
588 2081 54 23 29th

87 2152 42 22 For
138 2151 83 27 freight
237 2158 26 14 or
277 2156 97 21 passage,
385 2147 85 27 having
485 2145 112 24 excellent
606 2152 38 15 ac-

60 2178 170 27 commodation,
241 2177 67 28 apply
318 2180 22 18 to

311 2210 74 26 HORT,
401 2208 124 26 MOCATTA,
541 2207 21 22 &
576 2207 40 21 Co.

86 2240 32 22 Te
128 2240 53 25 Aro,
191 2239 91 26 August
291 2238 33 26 25,
336 2238 59 21 1843.

233 2285 54 21 For
300 2282 173 27 Valparaiso.

105 2315 73 30 .jriigr
237 2317 92 28 rpHE
355 2315 45 23 fine
428 2315 23 22 A
466 2316 11 20 1
505 2314 86 26 barque

96 2335 105 40 jMk
244 2334 29 32 ±
365 2342 199 23 ANDOVER,

93 2365 134 36 Y\lsJg[
251 2372 67 22 Peter
336 2371 73 21 Burns
428 2368 153 26 commander,
603 2366 46 23 will

85 2392 143 30 JkA!S**F~
252 2399 40 21 sail
307 2398 35 22 for
356 2397 37 22 the
412 2396 72 23 above
499 2398 53 25 port
565 2401 30 15 on
610 2393 38 22 the

71 2421 162 38 CBS3SCSP
322 2425 9 21 *
332 2427 48 19 nsta
380 2451 5 5 .
381 2427 25 18 nt
411 2440 6 11 '
456 2431 24 14 as
494 2430 10 14 s
505 2422 22 28 pi
529 2429 36 14 &n(
565 2421 32 22 Kd
612 2428 27 15 ac
639 2432 10 5 ~

252 2451 183 24 commodations.

92 2483 44 23 For
145 2481 85 28 freight
237 2488 26 14 or
271 2486 98 21 passage,
381 2478 66 28 apoly
457 2479 23 19 to
489 2476 64 28 Capt.
567 2475 82 27 Burns,

66 2518 25 15 or
101 2514 22 18 to
371 2532 17 7 n
526 2530 8 7 ,
553 2529 15 7 „

221 2535 132 24 Ridgways,
369 2532 108 26 Goyton,
492 2532 44 20 and
551 2532 74 19 .Larp.

94 2570 89 26 August
190 2568 36 26 25,
238 2568 61 21 1843.

308 2610 106 22 Notice.

91 2644 66 31 Via.
391 2643 117 26 GRANT,
553 2641 26 22 of
616 2639 38 23 the

84 2669 96 30 ASuk
186 2679 41 18 V^
256 2674 84 26 barque
344 2673 70 25 Mary,
422 2669 45 23 will
472 2673 40 18 not
520 2669 28 21 be
559 2674 97 16 answer-

72 2692 112 36 JHSfe
198 2701 51 22 able
258 2700 35 23 for
307 2706 45 20 any
361 2698 64 23 debts
441 2695 128 24 contracted
579 2695 33 27 by
621 2694 35 22 his

73 2726 108 30 vbHHP'
198 2735 66 16 crew.

99 2763 143 27 Wellington,
253 2761 90 27 August
351 2761 32 22 11,
395 2760 61 20 1843.

223 2805 137 23 Situation
381 2802 125 22 Wanted.

75 2835 97 50 TWO
186 2840 77 21 young
276 2839 59 20 men,
348 2832 46 27 just
409 2828 88 24 arrived
506 2829 30 26 by
547 2827 38 22 the
594 2827 66 25 Mary

171 2862 60 23 from
250 2859 104 26 London,
372 2864 38 16 are
429 2856 94 22 anxious
542 2858 23 18 to
585 2854 76 24 obtain

75 2888 121 26 situations,
207 2886 48 23 and
270 2885 45 24 will
331 2885 27 22 be
372 2883 72 24 found
459 2882 86 27 willing
559 2885 24 17 to
595 2880 66 22 make

76 2915 133 22 themselves
228 2913 115 28 generally
361 2911 80 22 useful.
476 2909 43 22 For
536 2908 125 25 reference,

76 2942 68 27 apply
153 2945 23 19 to
185 2941 38 22 the
233 2939 160 28 undersigned.

419 2965 96 22 Samuel
529 2963 106 21 Revan,.

302 3012 53 21 For
368 3010 71 24 Salejt

78 3047 93 50 THE
186 3045 145 24 COTTAGE
345 3043 93 23 situated
449 3043 24 21 in
490 3040 102 24 Oriental
608 3040 54 26 Bay,

153 3073 45 22 and
212 3072 70 28 lately
291 3071 105 28 occupied
409 3070 32 27 by
450 3069 39 22 the
505 3067 157 27 undersigned.

77 3102 24 23 A
113 3102 56 26 long
185 3100 62 21 lease
264 3099 27 21 of
306 3097 38 22 the
358 3097 84 22 section
456 3102 60 21 upon
534 3094 75 22 which
629 3093 33 21 the

76 3128 72 23 house
157 3125 77 24 stands
243 3125 46 22 will
296 3125 29 22 he
334 3123 102 28 granted.

104 3154 72 23 Town
184 3153 56 22 land
249 3151 45 23 will
301 3151 30 23 be
339 3151 66 21 taken
415 3150 24 22 in
449 3148 122 27 exchange.

106 3182 44 22 For
158 3179 86 24 further
252 3177 135 30 particulars,
398 3176 68 28 apply
475 3179 23 18 to

400 3204 98 22 George
512 3201 91 26 Duppa,
618 3207 25 15 or

400 3231 37 21 W.
452 3230 30 22 V.
497 3229 103 22 Brewer

244 3278 57 22 Oil!
324 3276 68 22 Oil!!
416 3274 89 23 Oil!!!

81 3313 95 52 THE
189 3312 76 23 BEST
280 3311 87 23 LAMP
383 3309 54 23 OIL
445 3309 26 22 in
480 3307 147 27 Wellington,
637 3307 25 20 3s.

156 3347 40 21 per
210 3339 72 27 single
296 3337 80 28 gallon,
388 3336 45 23 and
446 3337 33 21 2s.
497 3335 36 22 9d.
553 3334 30 28 by
593 3333 69 27 taking

82 3368 45 23 five
136 3367 92 28 gallons,
238 3368 23 20 at
270 3365 39 23 the
319 3366 74 22 Stores
402 3363 26 23 of

381 3396 35 21 M.
431 3395 91 25 Asher,

448 3421 112 23 Lambton
570 3419 74 27 Quay.

111 3452 58 26 May
178 3452 34 24 23,
224 3451 63 20 1843.

271 3495 37 22 W.
324 3495 33 22 M.
371 3494 108 27 SMITH,

85 3539 14 16 t
101 3539 43 15 ATE
155 3534 236 18 SURVEYOR-GENERAL
400 3534 29 15 TO
440 3534 47 15 THE
501 3533 51 15 NEW
567 3531 95 17 ZEALANI

323 3560 113 20 COMPANY,

114 3589 145 25 Surveyor,
272 3586 211 26 Draughtsman,
497 3584 56 22 and
566 3583 80 22 Land

89 3614 5 3 '
123 3624 4 3 -
332 3612 100 26 Agent.

86 3643 180 27 Tinakori-road,
278 3643 98 26 January
388 3643 21 26 4,
421 3643 63 21 1843.

330 3687 107 22 Notice.

104 3728 22 26 \
141 3725 40 23 LL
190 3742 3 4 .
218 3721 137 26 PERSONS
390 3720 108 23 indebted
515 3740 4 4 .
532 3723 25 21 to.
564 3739 3 5 ,
588 3720 74 22 Joßhui

90 3742 51 35 _\.
169 3750 99 26 Scholes,
280 3755 38 16 are
334 3746 118 29 requested
468 3750 24 19 to
506 3754 46 20 pay
566 3747 60 22 their
639 3755 23 14 ac

89 3782 81 21 counts
178 3786 25 15 as
211 3777 85 26 before,
307 3781 25 16 or
340 3774 128 22 immediate
477 3774 147 27 proceedings
632 3774 30 22 wil

90 3807 28 22 be
127 3803 119 26 instituted
255 3803 35 22 for
299 3802 37 22 the
345 3807 106 21 recovery
461 3800 27 21 of
493 3800 39 21 the
543 3807 69 15 same.

117 3837 121 28 August-5,
250 3835 61 22 1843.
560 3861 3 7 l

279 3881 65 20 Just
356 3877 133 23 received.

93 3914 128 53 PLANS
244 3906 27 34 iff
290 3911 39 26 the
349 3910 70 22 Town
438 3909 28 21 of
482 3908 168 23 Wellington.

164 3933 59 32 §Lan
244 3938 71 24 of.the
324 3936 108 25 Harbour
441 3936 27 23 of
481 3935 55 24 Port
551 3935 111 23 Nichol6Oi

97 3969 6 16 :
120 3965 186 31 MeßWge«ards,
347 3977 15 15 -,

780 717 39 23 BY
842 714 257 24 POSTPONEMENT.

830 748 109 22 Wade's
953 747 94 21 Town.

664 787 13 24 %
682 784 61 27 /TR.
759 782 85 23 JOHN
860 780 92 23 WADE
960 780 21 22 is
990 778 122 23 instructed
1119 781 23 19 to
1152 776 41 23 sell
1201 776 31 27 by

664 802 48 32 IVJL
755 809 78 23 Public
858 807 102 26 Auction,
983 813 30 15 on
1037 804 84 28 Friday
1140 804 37 22 the
1200 805 34 20 Ist

664 837 123 30 ieptember,
807 837 60 25 1843,
890 838 25 18 at
935 834 36 21 his
988 834 80 24 Stores,
1083 835 24 18 at
1121 833 11 20 1
1148 829 86 24 o'clock

886 860 117 29 precisely,

761 892 34 22 By
804 891 102 19 direction
917 888 26 26 of
950 888 35 20 the
995 888 129 24 Mortgagee,

677 921 29 20 30
734 916 169 24 VALUABLE
933 912 210 24 ALLOTMENTS
1172 910 35 23 IN

824 941 117 24 WADE'S
966 940 99 27 TOWN,

664 972 121 26 :ontaining
800 969 53 23 half
867 976 29 15 an
916 975 50 15 acre
984 967 63 22 each.
1082 965 49 23 The
1151 964 53 23 land
1218 971 19 14 is

664 1001 69 21 ituate
741 999 26 21 in
777 997 76 22 blocks
863 996 24 22 of
900 995 59 22 from
973 995 49 21 four
1032 997 22 18 to
1063 993 44 22 five
1119 999 68 19 acres,
1199 992 38 20 the

664 1032 60 21 myer
741 1024 47 23 -will
806 1023 111 23 therefore
934 1022 59 22 have
1011 1028 29 14 an
1056 1019 141 29 opportunity
1214 1018 26 21 of

664 1053 75 26 mying-
750 1052 24 22 in
782 1051 50 22 half
839 1057 60 15 acres
908 1056 25 15 or
941 1048 86 22 blocks.

680 1080 48 22 The
738 1077 54 24 land
800 1078 25 22 in
834 1076 90 23 Wade's
938 1076 71 22 Town
1018 1075 19 21 is
1046 1077 37 19 too
1092 1072 51 23 well
1159 1072 79 21 known

664 1114 13 15 ;o
692 1105 88 29 require
799 1107 113 19 comment
926 1103 57 21 from
997 1101 37 23 the
1051 1100 144 24 Auctioneer,
1209 1098 30 21 he

664 1133 65 22 would
745 1132 54 27 only
815 1131 41 22 ask
870 1129 118 28 intending
1002 1128 131 28 purchasers
1148 1125 53 22 look
1218 1126 22 19 at

664 1161 28 21 he
702 1159 62 26 land,
774 1157 45 23 and
829 1157 57 23 refer
894 1161 24 17 to
927 1156 39 22 the
980 1158 84 24 reports
1074 1154 26 21 of
1112 1153 38 22 the
1162 1153 79 21 Horti-

664 1186 87 23 jultural
765 1185 96 26 Society,
876 1184 74 22 where
967 1182 53 27 they
1029 1181 45 22 will
1087 1180 49 22 find
1149 1180 71 21 Wade
1230 1185 10 14 s

664 1215 59 21 Fown
733 1213 42 21 has
785 1211 85 23 carried
879 1211 34 21 off
918 1217 14 14 a
943 1209 75 26 larger
1032 1208 95 22 number
1135 1206 25 21 of
1167 1211 74 22 prizes

664 1241 48 21 than
722 1246 45 21 any
778 1238 62 22 other
849 1237 86 28 portion
945 1236 26 21 of
977 1236 55 22 Port
1040 1233 133 23 Nicholson.

682 1267 80 22 Terms
771 1263 85 28 liberal,
866 1267 23 19 to
902 1264 29 22 be
941 1262 65 22 made
1022 1262 82 22 known
1114 1263 24 19 at
1154 1259 54 22 time
1219 1258 26 22 of

664 1294 52 23 Sale.

686 1321 90 26 August
785 1321 19 24 8,
816 1319 60 21 1843.

664 1366 66 21 How
740 1363 135 27 Landing,
885 1367 37 16 ex
1056 1359 56 22 and

713 1392 57 21 and
790 1397 36 14 on
846 1390 58 21 Sale
920 1390 28 20 at
967 1389 46 20 the
1036 1387 92 21 Stores
1148 1385 30 21 of
1199 1384 44 21 the

714 1416 194 28 undersigned.

664 1451 111 52 BOAT
789 1449 155 23 ANCHORS,
955 1448 58 22 from
1021 1448 55 22 301b
1087 1449 23 20 to
1121 1446 78 26 16016,

739 1477 87 23 Proved
835 1477 52 22 boat
896 1476 84 26 chains,
989 1473 106 27 assorted,

690 1505 107 26 Whaling
815 1511 53 20 gear
886 1503 27 21 of
929 1509 67 20 every
1015 1499 143 29 description,
1174 1505 68 16 viz.—
1242 1508 5 4 •

664 1534 66 22 finest
747 1533 86 26 Europe
850 1530 62 26 lines,
922 1529 64 22 lance
995 1535 66 21 warp,
1073 1526 94 23 London
1180 1525 66 22 made

664 1561 112 26 harpoons
785 1557 45 23 and
841 1557 83 26 lances,
936 1556 40 22 &c.

692 1585 89 24 Double
791 1585 44 22 and
845 1583 70 28 single
924 1582 78 22 blocks
1011 1581 26 22 of
1043 1580 30 23 all
1084 1580 63 27 sizes,

692 1613 78 23 Rivets
788 1611 44 23 and
850 1611 51 22 boat
919 1609 64 27 nails,
1003 1615 48 15 rose
1073 1606 55 28 lath,
1153 1606 94 26 shingle,

665 1640 89 27 double,
773 1639 43 21 and
830 1638 77 22 batten
922 1636 64 27 nails,
1003 1634 93 28 flooring
1112 1633 75 27 brads,
1203 1632 46 22 fine

666 1667 60 28 clasp
736 1666 47 23 and
791 1665 62 28 spike
862 1663 62 27 nails,
936 1663 44 21 fine
990 1661 101 27 wrought
1096 1660 74 26 brads,
1179 1660 49 26 &c,

693 1694 48 22 Tea
759 1693 87 26 kettles,
869 1697 128 22 saucepans,
1021 1689 73 27 frying
1117 1694 62 21 pans,
1204 1686 46 21 and

666 1721 119 28 gridirons,

696 1747 127 26 Stationery
833 1745 26 22 of
865 1744 28 22 all
901 1744 73 26 kinds,

696 1773 101 23 Portable
814 1772 72 27 desks,
901 1771 101 26 dressing
1016 1776 67 18 cases,
1097 1769 62 21 work
1174 1769 76 24 boxes,

669 1804 76 25 carpet
754 1801 61 26 bags,
826 1799 75 22 Dutch
911 1797 82 27 clocks,
1004 1797 40 21 &c.

696 1827 139 26 Perfumery,
853 1825 70 22 viz.—
924 1825 64 21 bears
1011 1829 83 21 grease,
1115 1823 134 26 pomatums,

670 1861 109 20 essences,
790 1860 70 20 soaps,
870 1851 93 23 brushes
973 1850 27 22 of
1006 1850 29 21 all
1044 1846 71 29 kinds,
1127 1849 49 25 &c,

698 1881 94 27 English
814 1879 77 23 mould
914 1877 96 27 candles,
1034 1876 85 22 refined
1142 1881 65 21 sugar
1231 1880 19 15 in

671 1911 56 20 101b
739 1909 82 24 loaves,

699 1935 74 22 Prime
785 1933 116 26 Hnmburg
915 1932 82 25 butter,
1007 1929 138 28 Westphalia
1154 1929 73 25 hams,

699 1962 76 22 White
785 1968 62 19 soap,
856 1959 47 23 loaf
910 1959 87 26 cheese,

700 1987 92 24 Bottled
805 1987 71 26 fruits,
893 1985 81 29 jellies,
993 1984 145 25 marmalade,
1155 1988 61 21 jams
1234 1984 16 18 ot

673 2023 68 20 every
760 2014 139 28 description,
922 2011 93 29 pickles,
1039 2017 85 20 sauces,
1149 2009 101 24 mustard,

673 2050 84 20 capers,
860 2038 10 6 '
1157 2061 6 3 .
1197 2060 7 8 

701 2068 68 23 Salad
780 2067 30 23 oil
824 2067 25 21 in
863 2067 59 26 pints
936 2064 46 22 and
999 2066 81 25 quarts,
1097 2062 81 26 starch,
1197 2062 53 24 blue,

674 2097 79 27 spices,
765 2102 60 20 sago,
837 2093 74 27 coffee,
921 2091 62 30 pork,
995 2091 40 21 &c.

703 2122 95 27 Hosiery
798 2132 27 5 —
828 2120 91 22 woollen
929 2118 45 22 and
983 2121 75 18 cotton
1064 2118 64 19 socks
1134 2118 42 18 and
1186 2118 64 18 stock-

675 2151 58 26 ings,
745 2152 92 21 cravats,
846 2147 78 22 scarlet
929 2145 46 23 and
983 2143 81 28 striped
1075 2150 58 19 caps,
1142 2142 108 25 Guernsey

685 2177 73 26 rocks,
776 2175 92 23 woollen
877 2174 101 25 drawers,
989 2171 71 22 lambs
1073 2169 55 22 wool
1138 2173 66 21 vests,
1216 2169 34 20 and

676 2203 139 28 pantaloons,
828 2202 47 25 &c,
1117 2222 5 5 .

706 2229 113 27 Blankets,
830 2235 58 20 navy
897 2227 54 21 blue
961 2225 45 22 and
1014 2225 67 26 fancy
1090 2225 77 26 prints,
1178 2222 42 21 &c.

706 2257 88 22 Ladies'
804 2256 63 22 boots
876 2254 44 22 and
929 2253 98 28 slippers,

707 2285 80 21 Gents,
797 2282 80 22 double
886 2281 31 21 tie
927 2280 65 22 shoes
1002 2277 91 23 blucher
1099 2277 71 25 boots,

707 2311 56 22 Fine
771 2308 127 29 negrohead
907 2307 93 23 tobacco
1008 2305 46 22 and
1065 2305 68 26 fancy
1143 2302 77 26 snuffs,

708 2338 92 21 Geneva
809 2337 24 21 in
843 2335 72 27 hhds.,

708 2365 57 22 Fine
785 2370 83 21 cognac
884 2360 89 28 brandy
990 2360 23 22 in
1030 2359 66 21 hhds.
1112 2359 46 20 and
1173 2359 77 25 quarto

682 2391 71 28 casks,
910 2410 5 2 -
1067 2410 117 9 ■«.»•

709 2419 70 26 Light
786 2417 45 22 and
841 2415 53 23 dark
905 2415 85 26 sherry,
1001 2413 43 23 fine
1055 2412 36 22 old
1107 2410 104 24 Madeira
1221 2415 29 16 anc

681 2449 51 23 port
741 2446 24 21 in
773 2447 90 25 quarter
871 2443 69 26 casks,

711 2472 93 27 Clarets,
825 2471 94 24 Lafette,
938 2467 108 26 Chuteau,
1067 2464 69 23 Newf
1152 2464 27 22 de
1198 2464 52 26 Pape

684 2500 115 25 Sauterne,
811 2498 85 22 Graves
910 2495 128 26 Narbonne,
1049 2492 45 22 and
1103 2492 64 21 other
1176 2492 74 20 Frencl

684 2527 75 26 wines,

713 2553 143 25 Glass-ware,
875 2550 43 22 viz.
928 2559 28 6 —
962 2551 40 19 cut
1018 2547 57 28 glass
1093 2546 109 22 tumblers
1226 2550 24 15 am

685 2580 75 27 wines,
766 2581 70 26 quart,
840 2578 54 28 pint,
905 2576 46 23 and
959 2575 108 27 half-pint
1076 2573 124 25 decanters,
1207 2572 43 20 salti

686 2610 81 24 cruets,
779 2607 48 24 &c,

715 2632 143 29 Gunpowder
865 2631 22 22 in
896 2630 120 26 cannister,

715 2658 235 32 VineS?randßPlitP
939 2684 39 22 H0
978 2664 11 14 3RT,MOCATTA,3
980 2681 175 28 RT,MOCATTA,
1170 2679 21 22 &
1205 2678 39 22 CO.

716 2714 90 28 August
815 2714 33 26 15,
860 2713 59 21 1843.
1141 2735 109 6 _____

886 2758 43 21 Ex

774 2819 72 23 JUST
867 2815 140 25 ARRIVED
1023 2813 61 23 PER
1101 2812 93 21 MARY.

694 2849 237 55 MOUSSELINE
950 2848 28 21 de
1000 2846 114 23 LAINES
1133 2843 45 23 and
1197 2841 53 30 print

785 2881 83 19 newest
876 2878 106 26 patterns,

722 2904 147 25 Fashionable
879 2905 93 20 bonnets
981 2900 46 23 and
1036 2900 120 25 millinery,

721 2934 85 22 Tartan
816 2930 46 23 and
868 2929 87 27 Paisley
963 2927 81 23 shawls
1054 2927 44 21 and
1108 2926 142 21 handkerchie

722 2958 127 24 Children's
857 2958 62 21 boots
929 2954 45 24 and
983 2955 71 25 shoes,
1064 2953 60 26 baby
1133 2952 67 25 linen,

723 2987 81 26 Toilet,
814 2985 75 26 swing,
899 2982 44 23 and
955 2981 100 27 dressing
1063 2979 92 28 glasses,

724 3013 103 22 Window
836 3011 65 28 glass,
912 3010 88 21 various
1009 3008 61 26 sizes,

725 3041 73 27 Paper
806 3038 111 27 hangings
925 3036 24 22 in
959 3037 62 25 great
1030 3033 93 27 variety,

726 3067 127 27 Stationery
863 3063 43 23 and
917 3064 95 21 account
1020 3060 76 27 books,

726 3093 109 27 Quantity
844 3091 26 22 of
872 3091 61 27 jams
941 3088 46 23 and
996 3087 172 26 confectionery,

727 3120 89 24 Double
827 3118 96 23 Glo'ster
933 3115 44 23 and
986 3115 51 27 pine
1046 3114 86 26 cheese,
1148 3113 46 21 fine
1209 3113 41 19 ha«

728 3147 79 23 Mixed
816 3144 84 30 pickles
908 3144 26 21 in
943 3142 71 22 dozen
1023 3147 68 20 cases.

729 3174 92 23 Garden
830 3171 63 23 seeds
901 3171 25 21 in
934 3168 99 23 assorted
1042 3166 98 29 packets,

729 3201 87 26 Clover,
826 3198 90 28 mangel
924 3194 98 28 wurtzel,
1030 3194 47 22 and
1086 3193 74 28 turnip
1169 3193 61 25 seed,

730 3229 60 22 Corn
800 3226 46 23 and
854 3228 87 25 potatoe
952 3222 70 26 sacks,

729 3256 45 22 Tin
782 3254 72 28 plates
863 3252 23 22 in
894 3252 77 24 boxes,

731 3283 82 26 Sherry
821 3281 26 21 in
855 3276 132 30 hogsheads.

988 3307 98 23 George
1100 3305 76 27 Hart,

664 3340 8 20 I
1064 3332 110 23 Lambton
1185 3331 65 26 Quay,

732 3368 89 26 August
830 3367 34 25 11,
873 3365 62 21 1843.

760 3410 119 25 Wanted
892 3411 30 20 to
938 3407 142 29 purchase,
1095 3404 43 22 for
1153 3403 81 25 Cash,

710 3450 101 26 lAA
839 3447 80 24 TUNS
935 3445 55 23 OIL
1004 3443 68 23 AND
1086 3441 93 27 BONE,
1195 3440 55 22 dcliv

664 3475 8 5 '
840 3475 49 23 able
899 3475 25 21 in
934 3480 25 15 or
969 3473 68 22 about
1046 3469 73 23 Cooks
1128 3468 79 24 Straits
1218 3475 6 19 ;
1242 3473 8 15 a

841 3509 15 15 a
864 3500 102 32 quantity
976 3499 26 22 of
1009 3497 50 24 Seal
1072 3497 74 23 Skins.

664 3532 9 14 D
733 3535 76 28 Apply
826 3537 24 19 to
869 3532 93 28 Captain
980 3530 135 26 Robertson,
1131 3528 27 22 of
1170 3527 38 22 the
1228 3526 22 27 3ty

706 3570 26 15 or
741 3567 24 18 to
1129 3582 8 2 .
1154 3581 22 9 „
1221 3579 6 3 .

965 3585 114 22 Bethune
1093 3582 47 23 and
1153 3582 97 23 Honter

734 3615 146 27 Wellington,
890 3613 89 27 August
989 3612 34 26 15,
1033 3611 61 22 1843.

799 3671 5 4 -
816 3664 43 21 On
872 3663 70 25 Sale,
956 3667 37 16 eat

708 3697 69 30 «>£
806 3695 114 25 CHESTS
948 3692 205 24 GUNPOWDER
1178 3689 71 26 TEA,

664 3727 12 15 a
708 3715 70 31 _rfO
832 3724 14 20 5
860 3728 49 16 tons
919 3721 45 22 fine
974 3727 72 20 sugar,
1136 3733 6 8 v

664 3755 13 14 :-
833 3752 15 20 2
862 3753 49 18 tons
924 3748 87 27 Bengal
1020 3746 53 27 rice,

664 3774 13 21 U
838 3777 91 26 Ginger,
940 3781 89 21 pepper,
1039 3774 41 21 &c.

969 3801 115 22 Bethune
1098 3798 43 23 aad
1155 3798 95 22 Hunter

736 3829 144 28 Wellington,
891 3829 90 27 August
993 3828 33 26 15,
1036 3828 61 21 1843.

784 3875 53 20 For
851 3874 71 25 Sale,
938 3873 91 24 Seeds,
1043 3877 37 15 eat

710 3907 96 50 JUST
828 3906 109 27 received,
957 3913 14 15 a
994 3904 102 23 valuable
1117 3903 133 23 assortment

776 3933 60 22 fresh
845 3932 68 23 Seeds
922 3933 59 22 from
992 3931 101 23 London.

763 3960 94 23 Gazette
890 3959 78 27 Office,
980 3959 88 25 August
1078 3958 34 26 11,
1123 3957 10 20 1
1138 3956 47 22 84*.

1357 708 43 20 Ex
1558 705 54 21 and

1265 741 73 51 ON
1356 740 78 23 SALE
1447 740 32 28 by
1488 740 39 22 the
1535 737 153 28 undersigned
1697 745 36 12 :—

1342 768 113 26 Blankets,

1346 795 77 26 Shoes,

1347 821 74 23 Prints
1431 820 44 22 and
1484 820 97 26 hosiery,

1347 849 51 21 Pots
1408 848 44 21 and
1462 846 88 27 kettles,

1347 876 37 22 An
1394 876 135 20 assortment
1538 872 26 22 of
1578 870 63 28 nails,
1652 869 120 26 including

1373 901 114 26 shingling
1496 899 67 27 nails,

1347 928 145 27 Turpentine.

1348 954 97 24 Linseed
1455 953 38 27 oil,

1348 983 68 21 Boots
1425 980 46 22 and
1481 980 73 26 shoes,

1350 1010 21 21 A
1381 1007 89 29 general
1480 1007 135 21 assortment
1624 1004 27 22 of
1656 1004 167 26 ironmongery.

1622 1039 118 21 Wallace
1755 1037 21 22 &
1790 1037 40 21 Co.

1279 1078 2 5 ■
1298 1071 89 27 August
1395 1070 34 26 22,
1441 1069 62 21 1843.

1501 1113 42 20 On
1557 1111 71 25 Sale,

1272 1149 73 50 EX
1380 1147 121 27 Vanguard,
1540 1146 64 26 Tyne,
1632 1143 45 23 and
1714 1142 65 22 other
1813 1142 46 22 late

1350 1175 92 22 arrivals
1443 1185 28 5 —

1300 1208 60 26 Port,
1371 1207 137 26 Tarragona,
1519 1204 47 23 and
1575 1203 92 27 Malaga
1674 1202 68 23 wines
1749 1202 24 21 in
1783 1201 76 27 wood,

1272 1234 77 28 sherry
1368 1234 57 22 wine
1443 1240 25 15 in
1486 1231 78 27 bottle,
1587 1230 45 23 fine
1656 1236 86 20 cognac
1765 1229 95 27 brandy,

1271 1261 110 27 blankets,
1398 1260 77 28 prints,
1495 1258 88 27 shawls,
1601 1256 75 25 scarfs,
1689 1256 28 22 de
1726 1256 80 26 lames,
1816 1255 46 22 and

1273 1296 13 14 a
1296 1288 85 28 variety
1388 1288 26 21 of
1421 1287 64 22 other
1493 1286 65 28 piece
1568 1284 69 28 goods
1646 1283 45 23 and
1699 1283 60 27 slops
1767 1291 6 19 ;
1784 1289 77 21 spices,

1273 1317 44 21 viz.
1317 1326 29 5 —
1346 1318 110 24 nutmegs,
1468 1314 82 26 cloves,
1566 1312 87 27 ginger,
1665 1310 78 27 cassia,
1755 1310 107 26 pimento;

1274 1349 111 20 carraway
1401 1341 70 26 seeds,
1490 1347 66 20 sago:
1576 1338 66 23 black
1657 1337 46 22 and
1721 1343 69 21 green
1809 1338 53 25 teas,

1275 1369 76 27 coffee,
1368 1375 73 21 sugar,
1458 1367 73 22 China
1548 1372 122 22 preserves,
1691 1364 77 22 lemon
1789 1370 74 20 syrup,

1274 1396 71 27 hams,
1364 1396 87 26 raisins,
1472 1394 99 26 -cheese;
1596 1392 72 22 men's
1693 1394 76 22 strong
1791 1390 72 25 boots,

1274 1423 93 27 leather,
1378 1422 45 22 and
1437 1421 106 27 grindery
1550 1427 6 19 ;
1573 1426 29 15 an
1615 1417 90 23 invoice
1726 1417 24 21 of
1767 1416 98 22 assorted

1276 1449 102 27 sadlery;
1402 1456 14 14 a
1434 1448 61 27 large
1519 1446 103 28 quantity
1647 1444 26 22 of
1695 1443 104 22 Colonial
1822 1443 44 22 and

1277 1477 120 22 American
1407 1475 88 25 timber,
1506 1474 75 26 slates,
1590 1472 94 23 biscuits
1694 1470 46 22 and
1755 1470 110 26 crackers,

1277 1504 92 22 tobacco
1387 1503 25 21 in
1431 1503 69 21 2001b
1518 1500 63 26 kegs,
1601 1498 104 26 feathers,
1724 1497 141 27 turpentine;

1278 1531 66 21 white
1363 1529 82 26 clover,
1461 1527 103 28 timothy,
1584 1526 44 22 and
1646 1532 62 20 grass
1723 1524 72 26 seeds,
1815 1523 49 22 seed

1278 1557 89 27 barley;
1389 1556 83 22 bullets
1492 1554 45 22 and
1554 1553 68 27 flints,
1649 1552 45 22 and
1714 1559 14 14 a
1741 1550 88 28 variety
1847 1550 25 21 of

1279 1584 63 22 other
1352 1583 88 23 articles
1449 1581 73 23 suited
1532 1584 23 19 to
1566 1580 38 23 the
1615 1582 71 20 wants
1696 1578 26 22 of
1729 1578 38 21 the
1775 1577 94 27 Colony.

1559 1613 38 22 W.
1611 1613 26 22 B.
1654 1613 96 22 Rhodes
1765 1612 21 21 &
1801 1611 39 21 Co.

1309 1644 88 26 August
1407 1643 33 25 17,
1451 1643 61 21 1843.

1365 1686 173 24 Dissolution
1553 1686 32 21 of
1602 1683 186 27 Partnership.

1283 1721 145 51 NOTICE
1443 1721 28 22 IS
1494 1719 128 23 HEREBY
1637 1717 110 27 GIVEN,
1766 1717 49 21 that
1829 1716 38 22 the

1364 1747 187 30 Co-Partnership
1560 1745 125 23 heretofore
1695 1744 121 26 subsisting
1832 1744 40 21 be-

1284 1780 71 19 tween
1379 1775 38 22 the
1435 1773 159 28 undersigned,
1617 1772 73 22 under
1712 1771 38 22 the
1775 1770 50 22 firm
1848 1770 27 21 of

1285 1804 88 21 Waters
1392 1802 45 22 and
1456 1801 79 27 Smith,
1552 1801 20 21 is
1588 1800 43 22 this
1651 1799 44 27 day
1710 1797 113 23 dissolved
1841 1797 31 27 by

1285 1829 86 24 mutual
1380 1831 99 20 consent.

1618 1853 101 22 Thomas
1733 1851 112 26 Waters,

1620 1879 76 23 James
1713 1879 84 21 Smith.

1346 1909 103 26 Witness,
1457 1908 58 23 IW.
1531 1908 61 27 Hay,

1420 1942 15 7 -
1457 1934 135 29 JM.Yule.

1315 1970 145 27 Wellington,
1472 1970 90 26 August
1571 1968 34 26 15,
1616 1968 61 21 1843.

1488 2015 44 22 Ex

1291 2049 71 49 ON
1377 2048 79 24 SALE
1470 2048 31 26 by
1515 2047 37 22 the
1567 2044 154 28 undersigned
1721 2055 28 5 —

1368 2075 84 22 Hunt's
1461 2075 101 27 superior
1573 2072 37 23 old
1619 2075 51 25 port
1679 2072 64 26 wine,
1759 2070 85 22 bottled
1853 2069 24 22 in

1291 2104 92 27 Oporto,

1319 2130 102 26 Hosiery,
1432 2128 56 27 lace,
1500 2127 46 22 and
1554 2126 95 27 netting,

1319 2156 163 26 Earthenware,
1495 2154 50 22 well
1554 2151 107 27 assorted.

1320 2183 122 27 Champion
1453 2182 19 21 &
1483 2182 59 21 Co.'s
1552 2181 93 25 vinegar
1653 2180 25 20 in
1687 2178 52 22 half
1744 2177 133 28 hogsheads.

1672 2212 90 22 Willis
1776 2212 21 21 &
1811 2211 40 21 Co.

1321 2243 144 27 Wellington,
1475 2242 91 26 August
1575 2241 34 26 14,
1620 2241 61 21 1843.

1524 2286 118 22 Caution

1294 2324 40 21 TO
1356 2321 200 24 STATIONERS,
1579 2318 146 26 SCHOOLS,
1741 2316 137 26 ARTISTS,

1259 2362 5 14 r
1444 2348 68 22 AND
1528 2347 66 22 THE
1608 2345 121 23 PUBLIC.

1298 2382 158 50 MESSRS.
1481 2380 121 23 REEVES
1625 2379 69 22 AND
1723 2377 84 27 SONS,
1834 2377 44 26 150,

1388 2408 129 28 Cheapside,
1529 2406 100 26 London,
1641 2405 92 22 Artists'
1744 2405 134 21 Colourmen

1298 2437 45 22 and
1357 2436 107 27 Drawing
1480 2433 105 24 Material
1602 2432 188 26 Manufacturers,
1803 2431 44 26 beg
1861 2434 17 18 to

1259 2471 6 17 >,
1298 2464 89 22 caution
1395 2463 59 22 their
1464 2464 123 20 customers
1595 2459 45 23 and
1650 2459 38 22 the
1695 2459 76 28 public
1778 2458 85 27 against
1872 2464 6 14 a

1259 2496 7 15 *
1443 2497 22 21 A
1493 2495 99 23 GROSS
1619 2493 118 27 FRAUD,

1300 2525 71 22 which
1381 2525 53 27 they
1442 2523 59 22 have
1513 2523 48 27 just
1571 2521 129 22 discovered
1708 2520 21 22 is
1744 2519 70 27 being
1823 2526 55 20 prac-

1259 2544 10 20 d
1300 2552 57 22 tised
1366 2551 136 27 throughout
1510 2550 39 21 the
1558 2548 108 27 kingdom
1674 2547 29 27 by
1712 2547 84 28 parties
1806 2546 72 22 travel-

1259 2577 9 20 '»
1300 2579 47 27 ling
1361 2586 24 13 as
1391 2579 58 25 from
1465 2578 56 20 their
1536 2577 68 25 house,
1620 2575 44 21 and
1681 2574 93 27 offering
1790 2573 35 22 for
1842 2572 36 22 sale

1473 2610 85 24 LEAD
1573 2608 140 27 PENCILS,

1301 2639 74 23 which
1385 2639 52 27 they
1447 2640 115 26 represent
1570 2640 23 19 to
1602 2637 26 22 be
1638 2636 27 21 of
1671 2636 91 21 Messrs.
1773 2634 89 22 Reeves
1869 2633 9 22 &

1303 2668 56 21 Sons
1372 2666 167 22 manufacture:
1556 2664 62 21 these
1634 2663 102 27 spurious
1752 2660 87 28 pencils
1852 2667 26 14 are

1303 2695 78 25 utterly
1390 2693 115 27 worthless,
1512 2691 44 23 and
1567 2690 44 23 will
1619 2690 29 21 be
1658 2688 71 23 found
1738 2692 22 17 to
1769 2688 30 21 be
1807 2695 14 14 a
1828 2694 50 20 grea

1259 2733 14 5 -
1303 2721 125 28 imposition
1448 2726 60 21 upon
1528 2718 38 22 the
1584 2716 82 29 public.
1696 2716 28 21 In
1747 2722 62 14 some
1829 2720 49 15 cases

1305 2749 52 26 they
1366 2748 55 22 bear
1430 2747 37 22 the
1477 2753 66 15 name
1555 2744 25 22 of
1588 2744 87 22 Reaves
1685 2742 23 22 in
1719 2742 64 22 other
1798 2741 80 22 Reeves

1336 2776 89 22 Messrs.
1436 2775 88 21 Reeves
1538 2772 21 22 &
1575 2772 54 21 Sons
1644 2770 64 21 deem
1727 2768 44 23 this
1786 2768 39 22 the
1835 2775 43 14 mos

1306 2802 128 22 immediate
1451 2800 66 22 mode
1529 2799 25 21 of
1562 2797 128 27 cautioning
1705 2796 38 21 the
1753 2795 83 28 public,
1849 2801 29 14 an<

1308 2829 25 21 of
1348 2828 124 28 protecting
1489 2825 136 23 themselves
1644 2824 87 27 against
1754 2822 38 22 the
1817 2829 61 14 conse

1259 2848 15 19 8>
1308 2862 97 22 quences
1415 2855 26 21 of
1448 2855 43 21 this
1500 2852 68 24 fraud
1575 2851 57 23 until
1646 2852 54 26 they
1709 2857 45 15 can
1769 2849 52 22 take
1832 2848 46 22 othe

1308 2890 75 15 means
1399 2882 26 22 of
1437 2880 113 27 detecting
1566 2879 43 22 and
1623 2878 121 28 punishing
1759 2876 38 22 the
1813 2875 65 29 partie

1259 2921 11 19 f
1308 2909 72 28 guilty
1390 2909 27 22 of
1422 2909 26 21 it.

1259 2933 8 11 1
1338 2938 41 20 150
1394 2935 131 28 Cheapside,
1536 2933 101 23 London.
1823 2958 55 6 ___^

1309 2980 176 51 WANTED
1501 2979 23 22 A
1538 2977 211 26 HOUSE-MAID,
1766 2975 93 27 enquire
1874 2981 4 14 a

1406 3007 108 22 Barrett's
1525 3005 76 22 Hotel.

1340 3035 88 27 August
1436 3034 20 26 7,
1468 3034 62 21 1843.

1552 3077 54 22 For
1620 3076 71 25 Sale,

1259 3115 14 15 18
1274 3124 7 11 »
1312 3114 158 27 TTirHEAT
1490 3113 67 22 AND
1579 3111 112 27 FLOUR,
1705 3111 38 21 the
1762 3109 98 28 produce
1877 3116 2 14 <

1323 3132 46 34 W
1409 3141 37 22 the
1457 3141 66 26 Hutt,
1533 3140 25 21 in
1573 3140 54 26 bags
1638 3138 104 26 (200Hia,)
1757 3141 23 17 at
1796 3136 34 24 £2
1845 3137 33 20 10a

1314 3170 50 22 half
1378 3170 54 26 bags
1451 3168 31 22 £l
1504 3168 32 21 ss.
1575 3166 58 27 Bags
1652 3168 23 18 to
1695 3165 28 21 be
1742 3162 114 27 returned,
1877 3170 1 14 <

1315 3196 96 28 charged
1423 3196 33 21 2s.
1471 3194 37 22 6d.
1537 3193 56 24 Also
1602 3200 13 14 a
1624 3191 66 23 small
1705 3189 103 29 quantity
1819 3190 25 21 of
1850 3196 28 14 see

1315 3223 75 29 spring
1399 3222 47 23 and
1455 3222 80 22 winter
1543 3220 74 23 wheat
1625 3219 45 22 and
1680 3217 95 23 skinless
1783 3216 86 27 barley.

1344 3250 74 28 Apply
1428 3252 23 19 to
1468 3249 91 22 Messrs.
1571 3247 96 22 Rhodes
1683 3244 47 23 and
1742 3244 48 26 Co.,
1801 3243 33 22 Te
1850 3243 28 22 An

1317 3285 25 15 or
1350 3281 23 18 to
1381 3278 47 21 Mr.
1442 3271 297 30 SwAiNsoN/Hawkshead,
1750 3271 71 22 River
1837 3270 41 22 Hut

1344 3308 55 29 July
1406 3309 23 26 4,
1441 3309 62 22 1843.
1758 3327 7 10 ,

1320 3355 71 50 ON
1406 3353 85 26 SALE,
1501 3355 24 19 at
1533 3352 38 22 the
1581 3351 74 23 Stores
1664 3349 27 22 of
1697 3349 38 22 the
1745 3347 133 28 undersignei

1396 3388 29 15 ex
1435 3381 73 21 Scotia
1508 3390 28 5 —

1427 3412 76 27 Flour,

1259 3445 30 16 er-
1428 3440 64 26 Rice,

1259 3466 30 21 lso
1428 3467 78 26 Sugar,

1428 3492 100 30 Brandy,

1259 3530 31 21 ne,
1428 3519 91 23 Bottled
1529 3517 36 24 aJe
1574 3516 44 23 and
1628 3518 84 26 porter,
1723 3514 103 27 Dunbar,

1565 3549 97 23 Thomas
1678 3547 26 22 M
1711 3562 7 7 .
1728 3546 150 22 Machattie.

1348 3578 66 29 April
1422 3579 20 27 7,
1454 3579 63 21 1843.
1788 3570 6 7 *

1487 3622 91 21 Beach
1595 3621 146 25 Frontage.

1324 3659 65 47 TO
1404 3658 39 22 BE
1457 3656 67 27 LET,
1538 3654 73 24 beach
1619 3654 103 26 frontage
1736 3652 44 21 lots
1790 3651 25 22 in
1825 3652 53 19 sectn

1394 3686 43 20 490
1446 3691 29 15 on
1491 3683 40 22 the
1540 3682 57 22 Plan
1607 3681 25 21 of
1639 3680 39 22 the
1687 3680 69 21 Town
1771 3678 27 21 of
1803 3676 75 22 Welhn

1322 3715 46 22 ton,
1379 3711 116 28 adjoining
1504 3708 141 24 Mr.Taine's
1653 3709 68 23 store;
1738 3705 45 22 and
1792 3704 24 21 in
1826 3705 52 20 sectn

1322 3740 47 25 616,
1377 3738 100 22 between
1486 3737 76 26 Major
1569 3734 93 23 Baker's
1671 3732 45 23 and
1724 3732 45 22 Mr.
1777 3732 101 21 Swainsoi

1324 3764 87 23 houses.
1486 3776 3 3 •
1669 3763 4 11 '
1740 3785 7 7 ,
1858 3765 20 23 I.

1329 3807 4 4 .
1351 3791 55 23 Also
1416 3791 38 22 the
1462 3789 115 27 following
1586 3788 96 22 sections
1692 3793 30 15 on
1731 3785 38 22 the
1776 3784 58 22 Plan
1842 3784 22 19 ot
1874 3784 4 18 t

1323 3817 77 28 Town,
1411 3818 47 22 viz:
1459 3829 29 4 —
1781 3836 42 9 „„„

1259 3850 34 5 —
1427 3845 27 21 55
1592 3842 40 24 319
1781 3836 42 21 922

1415 3873 41 20 240
1592 3869 40 22 718
1764 3863 60 26 .1079

1272 3899 26 23 of
1353 3897 75 28 Apply
1441 3901 25 19 to

1502 3923 28 22 E.
1545 3922 23 22 J.
1582 3921 151 22 Wak*meld,
1748 3922 27 15 or

1501 3949 37 21 W.
1553 3948 22 22 V
1576 3963 13 13 v
1597 3943 108 29 Brsweb;
1719 3943 159 22 Manners-atr«

1937 700 43 20 Ex
2134 698 51 21 and

1887 732 154 49 MESSRS.
2067 731 125 22 SAMUEL
2216 738 46 14 and
2287 729 125 27 JOSEPH,
2436 728 26 22 in

1975 758 113 27 returning
2104 757 78 23 thanks
2192 760 22 18 to
2224 756 38 22 the
2277 756 76 27 public
2364 756 33 21 for
2408 755 58 22 their

1887 785 73 23 liberal
1969 789 119 24 patronage
2104 785 57 21 since
2176 783 54 27 they
2239 782 147 22 commenced
2403 781 62 23 busi-

1887 820 54 19 ness,
1951 813 43 26 beg
2002 812 64 21 leave
2083 814 22 18 to
2116 810 78 22 inform
2211 809 62 22 them
2286 809 49 21 that
2344 809 53 27 they
2406 808 59 22 have

1887 839 62 22 made
1959 838 111 22 extensive
2081 837 125 22 alterations
2215 836 24 21 in
2251 835 58 21 their
2317 842 107 20 premises
2438 842 31 14 on

1887 866 109 22 Lambton
2015 865 72 26 Quay,
2107 863 44 22 and
2171 863 58 21 have
2252 861 104 23 received
2374 869 14 13 a
2404 861 62 27 large

1887 892 102 29 quantity
2003 891 25 21 of
2041 890 69 27 goods
2124 890 28 26 by
2170 889 38 22 the
2227 889 71 21 above
2312 888 91 26 vessels,
2422 888 45 21 and

1887 920 71 26 owing
1968 922 22 18 to
1999 917 38 22 the
2053 915 115 29 depressed
2182 918 54 19 state
2246 915 27 21 of
2280 915 37 21 the
2333 914 71 26 times,
2415 914 53 28 they

1887 946 44 22 will
1939 946 29 21 be
1978 945 46 21 sold
2034 947 22 19 at
2066 944 41 21 low
2118 943 75 28 prices,
2204 948 84 20 among
2303 940 74 23 which
2386 940 45 22 will
2439 940 29 22 be

1887 972 72 23 found
1959 983 28 4 —

1917 1006 105 21 Winter
2036 1004 55 22 and
2105 1004 120 20 Summer
2239 1001 145 27 Clothing,.

1919 1030 218 25 GENTLEMEN'S
2152 1035 94 16 summer
2259 1027 67 28 cloth,
2337 1027 78 26 tweed,
2427 1027 45 22 and

1889 1059 108 23 moleskin
2006 1058 103 26 shooting
2119 1060 64 22 coats,

1917 1086 57 22 Blue
1984 1085 53 27 pilot
2047 1084 45 22 and
2102 1083 106 27 superfine
2219 1081 61 23 cloth
2287 1081 95 28 jackets,

1919 1112 75 28 Single
2010 1111 45 22 and
2076 1108 190 24 double-breasted
2284 1107 68 28 cloth,
2368 1106 104 28 valentia,

1891 1140 87 26 toilnet,
1989 1138 45 22 and
2043 1137 64 22 other
2115 1136 65 28 fancy
2190 1139 67 23 vests,

1919 1166 63 27 Blue,
1992 1164 73 28 black,
2081 1164 61 27 drab,
2152 1162 64 27 duck,
2227 1161 118 28 buckskin,
2357 1161 46 22 and
2415 1161 57 28 pilot

1895 1194 60 22 cloth
1965 1197 105 21 trowsers,

1921 1220 120 26 Moleskin,
2052 1217 60 27 cord,
2122 1216 41 23 and
2172 1215 71 23 tweed
2257 1218 109 23 trowsers,

1921 1246 151 23 Gentlemen's
2102 1244 73 22 elastic
2206 1242 95 23 woollen
2328 1241 75 22 frocks
2431 1240 45 23 and

1895 1274 134 28 pantaloons,

1921 1300 66 28 Boys'
1997 1299 45 22 and
2051 1298 87 28 youths'
2149 1295 114 27 moleskin,
2275 1295 61 26 cord,
2347 1294 45 22 and
2401 1301 76 20 super-

1895 1328 45 22 fine
1950 1327 58 22 cloth
2018 1326 62 26 suits,

1922 1354 58 22 Blue
1989 1352 88 26 twilled,
2087 1350 73 28 check,
2168 1352 94 24 regatta,
2270 1349 46 21 and
2326 1347 66 23 white
2403 1347 73 28 shirts,

1923 1380 80 27 Men's,
2013 1379 73 27 boys',
2096 1378 45 21 and
2150 1376 84 28 youths'
2245 1375 61 22 cloth
2316 1382 57 21 caps,

1923 1408 75 21 White
2007 1409 160 23 counterpanes
2176 1403 46 22 and
2233 1402 74 28 quilts,

1924 1433 103 28 Superior
2041 1432 107 26 Whitney
2158 1429 111 27 blankets,
2286 1429 57 27 11-4,
2354 1429 59 26 12-4,
2431 1427 47 22 and

1899 1462 52 21 13-4

1926 1487 80 27 Men's,
2020 1484 71 29 boys',
2103 1484 44 23 and
2156 1483 88 29 youths'
2260 1485 78 24 strong
2355 1482 66 23 boots
2436 1480 45 22 and

1899 1514 73 27 shoes,

1926 1539 122 24 LADIES'
2055 1539 50 27 silk,
2113 1542 81 22 tuscan,
2202 1536 45 23 and
2256 1535 123 23 Dunstable
2386 1535 95 22 bonnets

1926 1568 86 22 Ladies'
2027 1566 62 22 dress
2104 1572 56 20 caps,
2176 1564 98 26 ribbons,
2290 1562 45 22 and
2353 1561 86 23 flowers
2453 1561 24 22 in

1900 1598 63 25 great
1973 1594 108 26 varieties,

1929 1622 73 21 White
2012 1620 46 22 and
2069 1618 102 23 coloured
2181 1620 55 24 nett,

1928 1648 61 22 Lace
1997 1647 87 27 edging,
2095 1644 98 29 quilling,
2203 1646 50 20 nett
2263 1642 75 27 blond,

1928 1674 88 24 Ladies'
2024 1674 67 21 white
2101 1672 45 23 and
2153 1670 88 23 colored
2247 1669 135 23 mousseline
2389 1668 94 28 dresses,

1929 1701 124 23 Children's
2063 1699 61 28 plaid
2134 1698 42 23 and
2186 1698 67 26 fancy
2263 1697 63 26 suits,

1929 1728 96 28 Figured
2035 1727 74 22 velvet
2119 1725 41 22 and
2168 1724 62 29 plaid
2238 1723 76 23 frocks
2323 1722 46 22 and
2384 1722 99 27 pelisses,

1929 1756 90 26 Cheine,
2031 1753 132 23 mousseline
2178 1752 28 21 de
2224 1751 67 26 lame,
2303 1750 101 27 Orleans,
2416 1749 67 26 cloth,

1903 1783 45 22 and
1957 1782 96 22 merinos
2061 1781 30 22 all
2100 1780 68 22 colors
2178 1778 47 22 and
2234 1775 87 29 shades,
2350 1784 2 3 •

1931 1809 86 23 Ladies'
2028 1807 75 23 cloaks
2114 1806 42 23 and
2164 1805 75 23 velvet
2248 1804 89 26 ribbon,

1933 1835 148 23 Fashionable
2092 1832 76 23 shawls
2179 1832 45 22 and
2233 1835 137 22 turn-overs,

1931 1863 73 22 Prints
2013 1862 45 22 and
2069 1860 77 27 colico,

1931 1890 54 22 And
1991 1897 12 14 a
2011 1891 64 25 great
2083 1894 69 20 many
2157 1885 63 24 other
2229 1884 88 23 articles
2326 1886 38 20 too
2369 1890 119 15 numerous

1906 1921 22 18 to
1938 1916 108 22 mention.

1932 1948 137 27 Wellington
2079 1946 84 26 House,
2175 1944 113 23 Lambton
2297 1944 75 27 Quay,

2040 1975 90 25 August
2138 1974 33 25 22,
2183 1973 61 21 1843.

2041 2025 89 19 Town
2147 2022 29 21 of
2185 2022 169 21 Manewatu.

1910 2058 91 51 THE
2022 2055 210 24 PROPRIETORS
2258 2053 26 22 of
2307 2052 40 23 the
2367 2052 62 23 three
2443 2053 48 22 first

1996 2084 88 23 choices
2100 2086 24 18 at
2132 2083 34 22 the
2184 2081 44 23 last
2241 2080 108 22 selection
2359 2079 26 22 of
2399 2082 93 24 country

1909 2112 71 27 lands,
1992 2112 84 26 having
2094 2108 135 23 determined
2242 2114 63 19 upon
2321 2106 38 22 the
2375 2106 41 22 site
2430 2106 35 22 for
2479 2112 14 16 a

1922 2145 93 23 TOWN
2030 2144 45 22 ON
2088 2144 64 22 THE
2165 2140 189 25 MANEWATU
2369 2140 106 26 RIVER,

1910 2174 56 22 after
1971 2173 78 21 several
2056 2172 61 20 visits
2126 2173 21 19 to
2154 2170 37 22 the
2199 2166 188 33 neighbourhood,
2398 2166 47 23 and
2455 2165 38 23 the

1910 2203 58 19 most
1987 2199 84 23 careful
2089 2197 46 23 and
2150 2196 82 22 minute
2251 2193 152 24 examination
2418 2193 28 22 of
2456 2193 38 22 the

1912 2232 71 18 vrutire
1997 2226 92 26 district,
2105 2224 63 22 aided
2183 2222 31 28 by
2223 2222 37 21 the
2276 2220 146 29 professional
2436 2219 57 27 skill,

1911 2253 137 27 knowledge,
2069 2251 44 23 and
2127 2250 127 28 experience
2269 2248 26 21 of
2306 2248 39 21 the
2361 2250 59 19 most
2434 2253 62 15 com-

1912 2284 78 25 petent
1996 2279 87 29 judges,
2099 2283 91 22 propose
2204 2279 23 18 to
2243 2275 55 22 offer
2308 2274 35 21 for
2359 2273 104 28 disposal,
2474 2276 23 19 at

2061 2308 37 19 the
2112 2306 87 27 present
2207 2303 60 25 time,
2279 2301 69 22 about

1914 2337 218 24 TWENTY-FIVE
2163 2332 106 27 ACIIES,
2308 2333 36 21 IN
2381 2332 117 22 ALLOT-

1916 2366 111 24 MENTS,
2043 2363 85 24 EACH
2149 2362 36 22 OF
2210 2361 64 21 ONE
2294 2359 149 25 QUARTER
2457 2359 40 22 OF

2131 2389 40 22 AN
2189 2387 90 23 ACRE.

1942 2419 48 23 The
1998 2422 50 25 spot
2055 2419 52 21 thus
2116 2415 94 23 selected
2221 2420 112 23 possesses
2341 2412 37 23 the
2387 2415 59 21 most
2454 2420 46 15 .ex-

1916 2447 85 22 tensive
2014 2446 103 26 frontage
2130 2446 22 19 to
2167 2443 56 26 deep
2234 2445 69 18 water
2319 2441 26 21 of
2356 2448 43 24 any
2414 2448 29 14 on
2462 2440 38 22 the

1917 2475 65 22 river.
2010 2473 22 22 It
2048 2472 20 21 is
2087 2469 94 24 situated
2194 2469 47 23 just
2255 2470 22 20 at
2293 2467 50 22 that
2361 2467 63 28 point
2442 2467 58 22 from

1980 2499 71 23 which
2061 2506 14 14 a
2084 2497 55 23 road
2149 2495 69 24 would
2227 2494 86 23 branch
2323 2494 34 22 off
2363 2497 21 19 to
2394 2493 38 23 the

1886 2531 2 4 '
1919 2535 92 14 WOODED
2035 2533 47 15 AND
2103 2530 94 16 FERTILE
2217 2528 118 16 DISTRICTS
2356 2528 76 17 ALONQ
2455 2528 45 17 THE
2507 2530 4 2 '

2088 2559 55 14 BASE
2154 2558 28 14 OF
2196 2556 45 16 THE
2257 2556 74 19 HILLS,

1886 2580 2 14 !
1920 2582 43 21 and
1976 2580 68 23 above
2054 2578 74 23 which
2138 2577 33 22 the
2186 2575 129 27 navigation
2329 2574 35 22 for
2373 2573 82 24 vessels
2463 2574 39 24 be-

1921 2615 73 16 comes
2003 2607 86 24 tedious,
2099 2605 25 26 \f
2128 2606 33 19 not
2170 2603 88 27 difficult
2295 2601 23 23 It
2325 2601 18 22 is
2350 2601 107 25 therefore
2464 2601 38 24 the

1887 2639 2 15 :
2117 2631 59 28 point
2185 2630 73 22 wborp
2268 2628 38 22 the

1887 2667 2 14 }
1922 2668 86 24 LAND
2023 2667 68 22 AND
2106 2663 111 23 WATER
2230 2662 165 23 CARRIAGE
2410 2662 85 23 MEET

1887 2690 4 17 fc
1922 2700 45 23 and
1976 2700 72 22 where
2056 2706 15 14 a
2079 2697 70 23 Town
2163 2703 60 15 must
2238 2702 29 14 be
2282 2701 93 15 formed
2390 2694 66 22 when
2466 2694 39 22 the

1887 2721 4 14 s
1923 2727 83 23 district
2018 2726 22 23 is
2050 2723 87 23 settled.
2163 2723 23 21 It
2194 2730 44 14 was
2248 2721 99 23 selected
2361 2721 37 29 by-
2402 2721 38 21 the
2452 2721 54 22 Sur>

1887 2756 6 19 I
1923 2754 80 27 veying
2012 2752 59 22 Staff
2083 2758 24 15 as
2117 2751 35 21 the
2159 2749 138 23 rendezvous
2304 2747 39 23 for
2356 2747 59 22 their
2428 2747 61 26 body
2498 2755 7 19 ;

1887 2773 6 35 J
1925 2783 43 22 and
1977 2780 39 22 has
2024 2779 59 22 been
2092 2784 50 16 now
2154 2776 75 27 found,
2239 2775 58 22 after
2308 2773 87 23 several
2410 2772 96 24 months'

1887 2798 7 18 1
1924 2808 103 25 location,
2038 2809 22 18 to
2074 2805 28 21 be
2111 2803 38 23 the
2156 2803 64 23 most'
2227 2802 167 26 advantageous
2403 2800 104 28 position,

1926 2836 57 21 from
1998 2834 27 21 its
2039 2831 99 29 peculiar
2155 2830 84 27 facility
2255 2828 27 23 of
2293 2827 112 33 approach
2414 2827 55 23 both
2477 2827 32 28 by

1887 2855 9 14 r
1926 2861 54 23 land
1990 2860 44 22 and
2041 2862 77 19 water.
2300 2882 5 5 .
2332 2881 5 6 ,

1887 2883 9 14 3
1956 2889 29 21 In
1994 2886 153 23 confirmation
2154 2884 26 22 of
2185 2883 38 23 the
2232 2884 132 26 superiority
2374 2881 28 22 of
2408 2881 43 22 this
2460 2883 52 25 spot

1928 2923 54 15 over
1990 2921 44 21 any
2042 2914 64 22 other
2115 2914 37 27 yet
2157 2911 91 26 known,
2259 2909 38 23 the
2308 2909 91 23 Messrs.
2407 2907 104 26 Kebbell,

1887 2958 7 5 -
1929 2943 58 22 after
2003 2941 37 22 the
2059 2939 149 24 examination
2223 2937 27 22 of
2265 2936 39 24 the
2322 2935 59 23 river
2397 2934 57 24 from
2473 2933 39 23 the

1887 2976 11 19 it
1930 2968 88 24 Paneiri
2027 2968 49 22 Pah
2084 2971 24 19 to
2117 2967 29 22 its
2153 2964 84 27 mouth,
2248 2961 141 25 determined
2403 2968 29 16 on
2443 2964 69 19 erect-

2163 2993 40 26 ing
2215 2991 59 23 their

1931 3029 66 23 SAW
2010 3027 81 24 MILL
2112 3022 228 27 IMMEDIATELY
2355 3021 161 23 OPPOSITE.

1931 3062 136 25 Theworks
2085 3061 25 22 of
2125 3060 46 22 that
2189 3057 168 24 establishment
2375 3064 37 15 are
2431 3059 24 19 at
2470 3055 44 22 this

1933 3094 98 19 moment
2048 3089 24 21 in
2086 3087 64 28 rapid
2161 3092 107 21 progress,
2286 3083 44 22 and
2349 3083 36 24 the
2404 3082 109 28 proposed

1887 3110 16 20 jf
1932 3118 69 23 Town
2008 3116 46 25 will
2063 3112 129 28 necessarily
2197 3110 93 29 partake
2296 3110 26 22 of
2328 3110 43 22 this
2380 3110 133 25 advantage,

1887 3151 13 10 ■•»
1961 3144 47 23 The
2027 3142 93 23 nucleus
2135 3140 21 22 of
2171 3147 15 14 a
2203 3141 68 20 Town
2286 3137 26 26 is,
2322 3136 24 21 in
2360 3136 51 27 fact,
2423 3135 92 28 already

1887 3170 15 14 )r
1934 3170 95 25 created,
2037 3170 32 26 by
2077 3168 39 22 the
2126 3165 162 24 concentration
2303 3163 25 22 of
2342 3162 37 22 the
2390 3162 126 27 Surveying

1887 3189 16 21 id
1935 3198 58 23 Staff
1998 3204 29 15 on
2037 3196 49 22 that
2095 3197 55 25 spot,
2157 3201 25 14 as
2191 3193 38 21 the
2237 3194 75 19 centre
2329 3189 25 22 of
2365 3195 151 16 communica-

1936 3226 46 21 tion
1992 3227 22 20 to
2023 3223 39 22 the
2071 3219 145 28 surrounding
2225 3217 97 28 district;
2338 3215 37 23 the
2385 3219 98 19 erection
2493 3215 27 23 of

1887 3250 15 20 °>
1938 3253 87 21 Messrs.
2037 3248 115 25 Kebbell's
2164 3247 49 22 Saw
2230 3244 63 24 Mills
2309 3245 97 26 opposite
2413 3249 6 14 :
2435 3242 30 27 by
2478 3242 39 22 the

1887 3272 16 20 *•
1936 3279 163 25 arrangements
2113 3275 35 22 for
2157 3281 32 14 an
2204 3271 113 23 extensive
2329 3270 98 21 General
2438 3270 62 20 Store
2509 3276 7 19 ;

1937 3306 46 22 and
1991 3306 28 25 by
2027 3304 38 22 the
2074 3303 45 23 late
2128 3299 129 29 application
2263 3298 34 21 for
2305 3304 14 14 a
2325 3297 109 21 Licensed
2439 3297 78 20 House

1887 3332 15 22 7
1936 3340 30 15 on
1975 3332 37 22 the
2018 3334 52 22 part
2078 3329 26 22 of
2116 3335 28 15 an
2152 3324 120 25 individual
2287 3323 49 22 who
2350 3323 47 26 has,
2408 3328 62 16 since
2480 3323 38 21 the

1887 3346 9 22 d
1897 3363 8 11 »
1936 3358 118 24 formation
2071 3356 25 22 of
2110 3355 39 21 the
2161 3353 92 26 Colony,
2267 3348 99 29 pursued
2379 3356 15 14 a
2411 3348 108 22 lucrative

1938 3386 62 22 trade
2009 3384 54 23 with
2072 3382 37 23 the
2119 3381 90 25 natives,
2220 3377 46 23 and
2274 3376 75 22 whose
2358 3375 132 27 knowledge
2497 3375 25 22 of

1938 3414 38 21 the
1986 3412 135 24 advantages
2130 3407 24 22 of
2156 3406 40 22 the
2204 3403 102 29 position,
2312 3402 120 28 prompted
2440 3402 47 22 him
2497 3405 24 19 at

1939 3446 55 16 once
2003 3442 24 18 to
2035 3436 74 28 prefer
2117 3434 45 22 that
2175 3431 141 28 application.
2437 3455 7 9 ,
2460 3455 7 7 .
2511 3455 8 7 ,

1966 3466 46 22 The
2022 3462 94 24 Natives
2129 3457 108 30 bywhom
2252 3457 45 23 this
2305 3457 56 22 land
2371 3462 46 16 was
2425 3457 96 21 claimed

1940 3500 38 15 are
1988 3491 58 25 quite
2055 3485 106 31 prepared
2168 3488 24 19 to
2199 3484 51 27 give
2256 3490 31 21 up
2293 3483 132 28 possession,
2432 3482 45 23 and
2481 3490 39 15 are

1940 3518 144 26 exceedingly
2093 3513 90 23 anxious
2195 3515 23 17 to
2232 3510 59 22 have
2300 3517 14 15 a
2323 3509 120 28 European
2451 3517 70 21 popu-

1939 3546 67 22 lation
2016 3548 82 20 among
2107 3541 64 24 them,
2182 3537 83 27 having
2281 3537 59 22 been
2348 3544 60 21 upon
2418 3536 38 24 the
2465 3539 58 22 most

1940 3571 94 27 friendly
2041 3568 86 25 footing
2136 3565 51 23 with
2194 3564 38 22 the
2243 3564 128 27 Surveying
2379 3563 59 22 Staff
2443 3563 80 27 during

1938 3600 39 22 the
1986 3599 49 20 four
2043 3603 26 14 or
2077 3595 43 21 five
2130 3591 85 24 months
2223 3591 54 28 they
2298 3590 58 24 have
2371 3590 57 22 been
2436 3589 88 24 located

1938 3626 70 23 there.
2157 3642 5 1 -
2327 3640 5 2 -
2446 3643 23 7 „,

1887 3655 23 15 on
1968 3652 32 21 As
2009 3650 37 21 the
2054 3649 136 26 Proprietors
2197 3652 95 21 purpose
2300 3647 23 19 to
2334 3646 86 25 dispose
2430 3650 23 14 oi
2464 3646 38 19 but
2511 3650 13 14 a

1887 3682 24 20 g-
1940 3676 83 25 limited
2039 3675 89 27 portion
2144 3673 22 22 of
2177 3672 38 22 the
2229 3672 71 22 Town
2316 3674 23 18 at
2356 3673 95 25 present,
2471 3669 53 27 they

1887 3708 23 15 on
1940 3704 77 28 pledge
2027 3701 130 23 themselves
2164 3699 56 27 that,
2231 3702 27 18 at
2264 3705 29 15 no
2312 3697 73 22 future
2395 3696 63 27 sales,
2469 3695 57 25 shall

1887 3729 25 20 i's
1942 3732 38 21 the
1990 3730 127 22 allotments
2125 3727 27 22 be
2159 3729 40 26 put
2204 3733 31 20 up
2245 3728 24 21 at
2278 3732 14 16 a
2302 3727 45 19 less
2356 3730 50 16 sum
2414 3722 55 22 than

1887 3780 25 22 be
1969 3785 23 22 A
2009 3784 133 26 Prospectus
2157 3779 46 23 and
2221 3779 57 24 Plan
2298 3778 26 23 of
2337 3776 38 22 the
2393 3775 69 23 Town
2480 3776 46 22 will

1942 3810 85 28 shortly
2036 3810 28 21 be
2073 3808 69 27 ready
2150 3807 32 22 for
2190 3805 125 28 inspection
2330 3805 22 19 at
2364 3802 38 23 the
2413 3802 82 22 Offices
2504 3802 23 24 of

1944 3839 90 22 Messrs.
2045 3835 71 23 Waitt
2124 3833 42 23 and
2175 3833 76 27 Tyser,
2261 3832 31 21 Te
2302 3831 61 21 Aro.,

1973 3869 145 24 Wellington.
2129 3864 62 25 April
2199 3866 34 22 22,
2243 3864 61 21 1842.
2333 3885 2 4 ,

1947 3914 69 49 ON
2030 3912 88 25 SALE,
2133 3913 21 19 at
2163 3909 45 22 this
2219 3906 72 26 office,
2301 3904 72 23 blank
2382 3904 59 25 Bill
2452 3905 75 24 Booki

2022 3936 135 27 •''Gazette"
2173 3934 70 27 office,
2256 3932 56 23 Dec.
