2540 4010
1230 48 101 32 THE

76 99 462 132 NEW
645 101 874 135 ZEALAND
1628 109 858 139 GAZETTE

1229 267 103 33 AND

67 300 1155 150 WELLINGTON
1338 300 1156 150 SPECTATOR.

68 529 63 32 No.
153 529 67 39 58.]

2317 541 100 44 [Vol,
2440 546 49 33 11.

634 527 132 33 PORT
788 529 288 41 NICHOLSON,
1098 531 261 33 SATURDAY
1380 532 241 42 MORNING,
1642 536 110 33 MAY
1776 541 52 34 22,
1852 541 89 30 1841.

1508 625 166 27 Prospectus
1733 635 9 9 *

1343 656 36 19 OF
1386 657 17 18 A
1414 656 65 20 NEW
1491 657 79 23 BALL,
1582 658 34 18 TO
1628 658 38 19 BE
1679 659 96 19 NAMED
1789 659 54 20 THE

1299 717 92 49 THE
1405 717 183 23 COMMITTEE
1604 719 26 22 of
1639 719 39 22 the
1693 719 111 24 Pickwick
1819 720 63 28 Club,

1386 745 23 21 in
1435 745 167 27 endeavouring
1625 748 24 19 to
1672 753 65 21 carry
1761 750 38 19 out
1825 746 58 23 their

1297 769 96 28 original
1405 771 131 28 intentions,
1546 778 52 15 now
1612 772 39 27 lay
1665 773 78 22 before
1757 773 37 22 the
1811 774 73 21 Mem-

1296 796 51 22 bers
1355 797 39 22 the
1403 798 114 27 following
1534 797 139 29 Prospectus,
1689 799 73 22 which
1778 800 53 27 they
1840 799 43 23 feel

1297 823 91 23 assured
1397 824 45 23 will
1451 827 61 20 meet
1520 824 53 22 with
1582 826 93 26 general
1685 826 152 28 approbation.

1323 849 65 28 They
1397 858 94 21 propose
1500 854 23 19 to
1535 855 60 18 erect
1604 859 14 14 a
1627 851 132 23 substantial
1773 853 108 27 building,

1296 875 58 23 from
1363 884 30 15 an
1402 877 141 32 appropriate
1557 877 158 23 architectural
1728 879 86 27 design,
1830 880 24 22 in
1869 886 14 15 a

1296 904 160 27 commanding
1471 903 105 23 situation
1593 911 30 15 on
1637 905 33 21 Te
1684 905 47 22 Aro
1747 905 55 28 Flat,
1818 908 23 21 to
1854 905 28 23 be

1296 930 82 22 named
1392 931 38 21 the
1643 931 46 22 and
1697 934 23 19 to
1729 931 29 22 be
1767 932 55 22 used
1831 940 24 15 as
1870 940 13 15 a

1296 955 101 28 Library,
1419 957 193 28 Reading-Room,
1637 957 186 29 Lecture-Room,
1839 959 44 22 and

1296 982 112 23 Museum.
1437 983 44 23 For
1490 983 45 23 this
1543 990 96 21 purpose
1648 984 54 33 they
1709 985 56 22 have
1775 986 108 27 procured

1296 1016 13 14 a
1324 1009 94 23 suitable
1434 1010 52 27 plan
1501 1010 59 22 from
1574 1012 46 20 Mr.
1634 1011 22 21 J.
1672 1013 31 19 H.
1714 1011 120 22 Johnston,
1844 1012 38 23 the

1296 1035 116 23 estimated
1419 1039 48 20 cost
1473 1040 23 19 to
1502 1039 60 19 erect
1571 1037 73 22 which
1651 1037 44 22 will
1701 1038 28 22 be
1740 1038 67 22 about
1813 1039 67 28 £335,

1295 1061 27 23 be
1332 1063 73 21 raised
1413 1063 25 22 in
1453 1065 42 21 200
1504 1063 83 28 shares,
1599 1063 26 23 of
1632 1064 35 22 £2
1682 1064 63 28 each,
1755 1065 93 22 secured
1858 1068 23 19 to

1296 1088 37 22 the
1350 1089 153 23 shareholders
1519 1096 60 21 upon
1590 1089 38 23 the
1642 1091 108 27 building,
1761 1091 45 23 and
1818 1092 64 22 bear-

1295 1115 39 27 ing
1342 1115 94 23 interest
1445 1119 23 19 at
1477 1116 37 22 the
1524 1120 47 18 rate
1581 1116 27 22 of
1613 1117 47 22 £10
1670 1124 39 21 per
1719 1121 59 19 cent.

1325 1141 45 23 JThe
1379 1146 91 23 present
1479 1150 97 15 revenue
1587 1143 26 22 of
1619 1143 37 23 the
1664 1144 56 22 Club
1726 1144 21 22 is
1756 1147 23 19 at
1787 1144 38 23 the
1834 1148 48 19 rate

1296 1168 26 22 of
1328 1168 69 22 about
1405 1169 48 22 £50
1461 1176 40 21 per
1510 1176 85 16 annum
1603 1178 6 19 ;
1624 1170 18 22 it
1650 1170 20 22 is
1679 1174 40 18 not
1726 1173 40 20 too
1775 1172 107 27 sanguine

1296 1195 26 21 of
1335 1194 38 23 the
1391 1196 140 27 Committee,
1548 1196 118 27 therefore,
1686 1200 23 19 to
1729 1198 101 22 estimate
1844 1198 37 22 the

1295 1221 89 27 regular
1398 1230 98 14 revenue
1512 1223 25 21 in
1553 1223 38 21 the
1602 1230 77 15 course
1689 1223 26 22 of
1726 1224 94 22 another
1828 1232 54 20 year

1296 1251 23 19 at
1334 1248 67 28 £100,
1419 1249 79 27 which,
1516 1249 57 22 after
1587 1250 86 27 paying
1687 1250 93 22 interest
1795 1251 35 22 for
1844 1251 37 23 the

1296 1275 87 26 capital,
1395 1275 43 23 will
1448 1276 62 22 leave
1521 1283 14 14 a
1543 1275 80 22 liberal
1632 1283 50 15 sum
1691 1277 35 22 for
1735 1277 38 22 the
1782 1277 99 23 increase

1296 1301 26 22 of
1327 1301 39 22 the
1373 1298 93 32 Library
1473 1302 43 22 and
1524 1303 194 26 Reading-Room.

1503 1336 166 16 REGULATIONS.

1322 1355 19 21 1.
1343 1366 28 4 —
1371 1354 48 22 The
1428 1358 94 19 amount
1536 1355 26 22 of
1568 1356 80 27 capital
1658 1356 35 22 for
1702 1356 38 22 the
1750 1357 98 22 erection
1857 1358 27 22 of

1296 1380 37 22 the
1354 1381 54 22 Hall
1422 1386 23 18 to
1462 1382 27 22 be
1504 1382 69 27 £400,
1590 1383 75 21 raised
1679 1383 24 21 in
1720 1383 75 23 shares
1810 1384 26 22 of
1848 1384 33 23 £2

1295 1408 54 21 each
1357 1416 5 18 ;
1379 1408 45 22 and
1434 1408 37 22 the
1480 1409 95 22 number
1584 1409 26 21 of
1623 1409 75 23 shares
1712 1410 90 27 (except
1810 1413 23 20 to
1842 1410 38 23 the

1295 1434 65 26 Club)
1376 1439 23 17 to
1408 1435 29 21 be
1446 1435 87 22 limited
1543 1439 23 18 to
1575 1439 39 19 ten
1624 1436 56 22 each
1689 1436 150 23 shareholder.

1321 1463 19 20 2.
1341 1472 29 4 —
1370 1461 59 22 That
1435 1463 43 21 10s.
1484 1469 40 20 per
1531 1461 64 23 share
1601 1463 27 21 be
1635 1463 54 27 paid
1695 1463 65 22 when
1767 1463 36 23 the
1809 1463 72 23 whole
1888 1463 2 19 '■■

1295 1488 26 21 of
1336 1488 37 21 the
1393 1488 75 22 shares
1475 1495 38 15 are
1523 1488 67 23 taken
1601 1496 37 21 up,
1649 1489 46 22 and
1704 1489 38 23 the
1755 1491 126 22 remainder

1293 1514 24 22 in
1333 1514 54 22 calls
1402 1515 27 22 of
1442 1517 43 19 10s.
1502 1522 41 20 per
1551 1515 72 28 share,
1641 1519 24 19 at
1677 1517 106 22 intervals
1799 1517 26 21 of
1837 1524 43 16 one

1294 1541 86 27 month,
1397 1541 25 22 of
1434 1541 72 22 which
1525 1541 38 23 the
1579 1542 156 23 shareholders
1752 1543 57 23 shall
1823 1543 57 23 have

1295 1568 61 26 eight
1366 1568 61 27 days'
1437 1568 82 22 notice.

1320 1595 21 21 3.
1356 1594 158 23 Shareholders
1524 1595 26 21 of
1556 1602 44 15 one
1609 1595 65 23 share
1684 1599 23 19 to
1716 1597 28 21 be
1755 1597 94 22 entitled
1856 1600 23 19 to

1294 1628 43 14 one
1352 1625 64 23 vote;
1432 1621 43 22 five
1491 1622 82 27 shares,
1585 1625 43 19 two
1645 1625 75 25 votes;
1742 1626 37 20 ten
1795 1623 84 28 shares,

1294 1647 50 22 four
1354 1651 69 19 votes.

1320 1675 21 21 4.
1357 1674 29 22 In
1395 1681 51 15 case
1463 1674 25 22 of
1506 1679 166 24 non-payment
1685 1675 26 22 of
1723 1683 47 20 any
1779 1677 44 22 call
1837 1684 43 16 one

1294 1701 63 21 week
1366 1701 92 27 beyond
1467 1701 38 22 the
1522 1702 44 27 day
1580 1702 122 27 appointed
1718 1703 36 21 for
1768 1703 55 23 such
1839 1704 42 22 call

1294 1727 68 27 being
1371 1728 73 26 made,
1456 1728 38 21 the
1508 1728 77 22 shares
1602 1736 24 14 so
1642 1729 23 21 in
1683 1729 86 23 default
1783 1730 58 22 shall
1853 1731 27 22 be

1293 1753 68 23 liable
1371 1757 24 19 to
1404 1754 28 22 be
1442 1754 104 22 declared
1554 1755 104 22 forfeited
1664 1756 30 27 by
1700 1755 38 23 the
1749 1757 131 23 Committee

1294 1780 26 22 of
1326 1781 168 27 Management,
1506 1782 45 20 and
1562 1782 58 22 shall
1636 1782 27 22 be
1682 1783 101 27 disposed
1801 1784 28 26 of,
1848 1784 33 22 for

1294 1806 39 23 the
1348 1808 85 21 benefit
1449 1808 26 21 of
1494 1807 38 23 the
1552 1808 168 29 shareholders;
1745 1816 25 15 or
1786 1813 23 19 at
1825 1810 56 22 their

1294 1834 84 27 option,
1390 1837 23 18 to
1423 1835 28 21 be
1461 1834 87 27 subject
1555 1838 23 19 to
1589 1835 38 21 the
1635 1835 82 28 charge
1725 1836 27 21 of
1758 1837 92 22 interest
1858 1841 23 19 at

1294 1860 38 22 the
1341 1863 49 19 rate
1400 1860 26 22 of
1432 1862 27 20 20
1468 1868 40 20 per
1518 1865 58 18 cent,
1585 1869 40 19 per
1634 1869 92 15 annum.

1293 1888 15 24 [~
1319 1888 21 21 5.
1356 1888 29 21 In
1395 1887 65 22 order
1468 1891 23 18 to
1506 1888 137 22 consolidate
1660 1889 37 21 the
1708 1889 80 28 capital
1808 1890 25 22 of
1842 1890 38 22 the

1293 1914 63 27 Club,
1383 1914 45 22 and
1454 1916 22 20 to
1500 1915 106 22 establish
1631 1916 19 20 it
1670 1922 28 15 on
1717 1923 14 15 a
1749 1921 132 22 permanent

1292 1940 94 27 footing,
1396 1940 154 23 shareholders
1559 1941 94 27 wishing
1663 1945 23 19 to
1694 1942 88 27 dispose
1791 1943 26 21 of
1824 1943 56 22 their

1291 1968 101 26 interest,
1409 1966 58 23 shall
1487 1967 52 27 give
1555 1968 38 22 the
1611 1968 52 22 club
1681 1968 37 22 the
1734 1969 106 28 privilege
1856 1971 27 21 of

1291 1994 87 26 buying
1387 2001 30 19 up
1427 1994 38 21 the
1474 1993 83 23 shares.

1292 2039 88 21 further
1388 2040 144 19 information
1549 2039 106 20 obtained
1671 2039 29 25 of,
1712 2039 38 20 the
1765 2039 114 26 following

1294 2064 133 22 Committee
1435 2071 6 15 :
1442 2075 28 4 —
1471 2064 89 21 Messrs.
1571 2063 99 23 William
1682 2063 72 28 Lyon,
1764 2063 21 23 J.
1800 2064 77 27 Wade,

1294 2091 90 21 Charles
1395 2090 103 28 Heaphy,
1510 2090 44 22 and
1565 2090 22 22 J.
1599 2090 29 22 H.
1641 2090 108 22 Wallace.

1321 2118 21 21 A
1353 2117 56 22 deed
1420 2117 25 22 of
1459 2116 128 24 settlement
1604 2117 44 22 will
1665 2117 28 21 be
1709 2117 109 27 prepared
1833 2117 23 22 in
1867 2124 14 14 a

1293 2143 41 22 few
1353 2144 61 27 days,
1427 2143 45 23 and
1486 2143 47 22 will
1547 2143 29 22 lie
1591 2147 25 18 at
1630 2143 38 22 the
1686 2143 64 22 office
1766 2143 26 22 of
1805 2143 34 23 W.
1851 2144 28 22 V.

1294 2170 96 27 Brewer,
1411 2171 60 27 Esq.,
1495 2170 215 27 Barrister-at-Law,
1729 2170 35 22 for
1785 2170 39 22 the
1846 2170 35 22 in-

1293 2197 99 27 spection
1403 2197 26 21 of
1445 2195 36 24 the
1492 2197 162 21 shareholders.

1388 2242 91 20 Union
1494 2242 80 20 Bank
1587 2242 32 20 of
1635 2241 149 21 Australia.

1293 2274 95 23 London
1406 2275 92 26 Office,
1515 2274 44 23 No.
1573 2276 36 26 38,
1628 2275 51 22 Old
1695 2275 185 22 Broad-street.

1347 2308 94 28 Capital,
1451 2307 122 28 £500,000;
1593 2308 53 27 paid
1655 2316 37 20 up,
1708 2308 119 27 £300,000.

1526 2345 110 13 DIRECTORS
1642 2347 5 11 :

1398 2369 68 21 George
1473 2369 41 16 Fife
1519 2369 66 20 Angag,
1594 2369 49 21 Esq.,

1397 2390 68 16 Robert
1473 2389 74 20 Brooks,
1556 2390 50 20 Esq.,

1397 2411 61 16 James
1466 2410 48 17 John
1522 2411 100 19 Cummins,
1630 2411 49 19 Esq.,

1397 2431 68 17 Robert
1472 2431 96 20 Gardener,
1580 2432 48 20 Esq.,
1641 2432 123 19 Manchester,

1397 2452 49 17 John
1454 2452 46 17 Gore
1516 2452 48 20 Esq.,

1397 2472 49 17 John
1453 2472 80 17 William
1540 2472 75 19 Buckle,
1621 2472 49 21 Esq.,

1397 2493 96 21 Benjamin
1500 2493 21 17 E.
1529 2493 63 20 Lindo,
1601 2493 47 21 Esq.,
1708 2504 2 8 ,

1397 2514 73 16 Charles
1479 2514 75 17 Edward
1562 2514 87 21 Mangles,
1659 2514 48 21 Esq.,

1397 2535 115 21 Christopher
1520 2535 83 19 Rawson,
1612 2535 48 20 Esq.,
1672 2535 83 20 Halifax,

1397 2556 78 16 Thomas
1482 2556 65 19 Sands,
1554 2556 49 20 Esq.,
1611 2556 100 21 Liverpool,

1397 2577 61 16 James
1466 2576 55 21 Bogle
1529 2576 64 20 Smith,
1600 2577 48 19 Esq.,

1397 2598 61 16 James
1467 2597 78 17 Ruddell
1551 2597 57 20 Xodd,
1616 2597 43 20 Esq.

1291 2624 85 17 Trustees
1383 2630 4 11 :
1404 2625 80 16 George
1496 2624 56 17 Caiw
1564 2624 61 19 Glyn,
1638 2624 48 20 Esq.,
1697 2624 54 17 John
1762 2624 61 20 Gore,
1832 2624 48 21 Esq.,

1439 2646 36 16 and
1482 2645 66 17 James
1555 2644 18 18 J.
1580 2645 101 20 Cummins,
1691 2645 43 20 Esq.

1319 2672 82 17 Bankers
1406 2678 5 11 :
1423 2672 74 17 Messrs.
1505 2672 61 19 Glyn,
1578 2672 114 19 Haxlifax,
1701 2672 71 19 Mills,
1780 2672 36 16 and
1823 2672 30 16 Co.

1411 2700 92 21 Secretary
1508 2705 5 11 :
1525 2700 84 17 Samuel
1616 2700 10 16 J
1628 2704 82 15 ackbon,
1718 2700 43 20 Esq.

1384 2728 79 17 Colonial
1471 2728 93 20 Inspector
1569 2733 4 11 :
1585 2728 18 16 J.
1610 2728 19 17 C.
1638 2728 102 19 M'Laren,
1749 2728 41 19 Esq.

1414 2776 69 20 New
1501 2775 124 21 Zealand
1643 2775 116 21 Branch.

1291 2802 54 16 Local
1352 2802 91 17 Directors
1449 2808 5 11 :
1469 2802 46 16 Geo.
1528 2802 17 16 S.
1556 2802 73 19 Evakb,
1643 2802 48 21 Esq.,
1703 2802 71 20 S.C.L.,
1785 2802 37 16 and
1835 2801 46 17 Geo.

1514 2823 92 20 Hukteb,
1618 2824 43 19 Esq.

1292 2850 87 21 Manager
1385 2856 4 11 :
1400 2850 49 17 John
1457 2850 72 19 Smith,
1538 2850 47 21 Esq.,
1594 2850 37 17 late
1639 2850 20 17 of
1667 2850 31 17 the
1706 2850 117 17 Commercial
1829 2849 53 18 Bank

1461 2872 20 16 of
1490 2871 88 21 England,
1591 2871 123 17 Manchester.

1402 2898 115 23 Branches
1526 2902 24 19 at
1565 2898 98 28 Sydney,

1566 2926 89 22 Ilobart
1663 2926 77 26 Town,

1567 2952 150 28 launceston,
1728 2952 47 22 and

1566 2980 55 21 Tort
1630 2980 82 27 Philip.

1293 3006 54 22 Port
1355 3006 131 28 Nicholson,
1497 3006 80 22 March
1587 3008 36 26 24,
1634 3008 61 21 1840.

1294 3060 91 49 THE
1401 3060 115 23 Directors
1533 3060 26 22 of
1573 3060 41 22 (he
1630 3060 57 22 New
1702 3059 100 22 Zealand
1816 3059 65 22 Land

1368 3088 116 27 Company
1498 3086 85 28 hereby
1599 3086 50 28 give
1666 3086 83 26 notice,
1766 3086 48 21 that
1828 3086 53 28 they

1291 3113 59 24 have
1356 3120 114 16 effected
1479 3121 31 15 an
1520 3121 173 15 arranoement
1700 3112 54 23 with
1761 3112 36 23 the
1805 3112 75 22 Union

1291 3140 66 22 Bank
1371 3140 26 23 of
1413 3140 122 28 Australia,
1550 3140 45 23 No.
1611 3142 35 26 38,
1661 3140 45 22 Old
1721 3139 158 27 Broad-street,

1292 3166 103 28 London,
1405 3168 36 21 for
1449 3166 37 23 the
1500 3167 169 22 establishment
1682 3167 26 22 of
1721 3174 14 15 a
1751 3166 129 22 BRANCH

1291 3194 90 22 BANK
1395 3194 36 22 IN
1445 3194 72 22 NEW
1531 3193 158 28 ZEALAND,
1702 3192 97 28 through
1808 3192 73 23 which

1292 3220 37 22 the
1338 3221 103 22 business
1449 3221 30 22 of
1492 3220 39 23 the
1547 3220 58 23 New
1621 3220 100 22 Zealand
1734 3219 65 22 Land
1815 3220 66 21 Com-

1291 3255 61 20 pany
1360 3248 46 22 will
1414 3248 29 21 be
1453 3247 134 23 transacted.
1612 3246 51 23 The
1678 3247 114 23 Directors
1807 3245 74 23 there-

1291 3276 47 20 fore
1348 3274 145 23 recommend
1501 3278 23 19 to
1542 3274 111 22 Colonists
1668 3273 39 22 the
1723 3273 76 22 Union
1816 3273 65 22 Bank

1292 3301 26 22 of
1335 3301 116 22 Australia
1467 3309 25 14 as
1510 3309 30 14 an
1565 3299 170 24 establishment
1755 3299 126 28 possessing

1291 3327 57 22 their
1364 3328 72 22 entire
1458 3328 138 26 confidence,
1616 3326 46 23 and
1680 3326 49 23 able
1749 3329 23 19 to
1788 3326 93 27 provide

1291 3354 127 28 effectually
1433 3354 35 23 for
1482 3354 39 23 the
1536 3354 106 23 financial
1655 3356 71 19 wants
1743 3353 26 22 of
1780 3353 37 22 the
1833 3353 48 22 first

1291 3381 135 23 settlement.

1460 3414 35 28 By
1504 3414 66 22 Order
1579 3414 28 22 of
1616 3413 38 23 the
1664 3413 81 28 Board,

1538 3448 85 23 JOHN
1636 3448 106 27 WARD,
1757 3448 124 28 Secretary.

1291 3485 57 23 New
1357 3485 101 23 Zealand
1467 3485 66 22 Land
1542 3485 136 27 Company's
1688 3485 78 26 Office,

1318 3513 20 24 1,
1349 3513 160 26 Adam-street,
1520 3511 106 28 Adelphi,
1636 3511 54 22 27th
1698 3511 70 27 Aug.,
1779 3513 61 21 1839.

1291 3556 140 50 PUBLIC
1444 3555 201 24 NOTICE.--The
1655 3556 92 22 Settlers
1754 3563 38 14 are
1797 3555 85 27 hereby

1363 3582 113 23 informed
1494 3582 49 23 that
1559 3582 40 23 the
1618 3582 56 23 New
1695 3581 101 24 Zealand
1815 3582 66 21 Com-

1291 3610 80 28 pany's
1380 3609 58 23 flour
1446 3608 45 24 will
1499 3609 121 27 hereafter,
1630 3608 59 23 until
1697 3608 87 23 further
1792 3608 89 23 intima-

1292 3636 54 28 tion,
1367 3636 29 22 be
1414 3636 51 22 sold
1482 3638 24 19 at
1524 3643 158 17 threepence,
1694 3642 41 20 per
1755 3634 83 28 pound,
1858 3634 24 23 in

1293 3662 120 28 quantities
1422 3662 27 23 of
1454 3669 14 15 a
1476 3662 79 27 barrel,
1566 3664 28 21 28
1603 3662 49 26 lbs.,
1662 3662 29 22 56
1699 3662 50 26 lbs.,
1760 3662 27 21 84
1797 3661 51 26 lbs.,
1858 3668 26 15 or

1292 3691 41 20 112
1340 3689 50 27 lbs.,
1401 3688 95 30 payable
1505 3689 25 22 in
1540 3688 54 23 cash
1604 3695 29 16 on
1642 3688 108 27 delivery.
1764 3695 5 5 •
1778 3687 106 28 Applica-

1302 3723 43 14 ons
1355 3719 23 18 to
1389 3716 29 22 be
1430 3715 66 22 made
1507 3715 52 27 only
1572 3718 25 19 at
1606 3714 38 23 the
1654 3714 135 35 Company's
1800 3714 81 28 Stores,

1293 3742 101 23 between
1404 3742 38 23 the
1451 3742 68 22 hours
1529 3742 26 21 of
1561 3742 27 21 10
1599 3741 45 22 and
1651 3742 16 21 4
1675 3741 93 22 o'clock.

1425 3768 57 23 Geo.
1498 3768 109 26 Hunter,
1620 3766 261 28 Storekeeper-General.

1319 3794 146 28 Wellington,
1476 3794 53 23 17th
1536 3794 74 28 April,
1623 3795 60 21 1841.

1446 3838 174 27 Promissory
1633 3838 95 21 Notes.

1277 3871 7 24 [)
1293 3866 43 22 T>
1342 3865 92 22 LANK
1442 3866 69 21 forms
1528 3864 35 23 for
1578 3865 140 26 Promissory
1733 3864 78 27 Notes,
1822 3866 23 20 to
1853 3864 28 22 be

1277 3886 9 38 ij
1293 3886 51 30 XX
1355 3891 46 22 had
1420 3894 23 20 at
1461 3891 37 22 the
1518 3891 64 22 office
1602 3891 26 22 of
1648 3890 38 23 the
1707 3891 56 22 New
1782 3890 99 23 Zealand

1279 3914 7 40 j
1294 3918 103 22 Gazette.

679 621 74 49 EX
768 621 39 23 the
816 622 75 27 Bailey
897 632 7 11 :
905 634 28 4 —
933 622 54 23 Two
996 630 62 16 cases
1067 624 99 22 metallic
1175 623 94 23 window

757 647 83 29 sashes,
852 649 81 27 glazed
938 657 5 19 ;
959 650 94 22 suitable
1063 651 36 22 for
1108 654 106 24 cottages.

823 682 124 28 Wallace,
958 682 92 28 White,
1062 684 45 21 and
1116 684 124 22 Wallace.

678 726 39 20 To
739 726 47 21 the
807 727 169 25 Merchants,
999 728 196 27 Ship-owners,
1214 728 53 22 and

774 753 94 22 others
889 753 30 21 of
931 754 68 22 Port
1012 755 160 23 Nicholson.

678 785 161 48 MESSRS.
861 785 103 24 PRATT
982 786 45 23 and
1046 787 109 22 BEVAN
1175 788 45 26 beg
1232 795 35 15 re-

769 812 120 28 spectfully
917 816 23 19 to
962 814 84 22 inform
1068 814 39 23 the
1129 814 136 26 merchants,

677 837 155 29 ship-owners,
851 840 45 22 and
913 840 81 27 others,
1011 840 49 23 that
1072 841 54 27 they
1142 840 58 23 have
1216 847 50 16 now

677 866 147 21 commenced
841 866 38 22 the
900 867 156 22 manufacture
1079 868 26 21 of
1120 875 53 20 rope
1173 884 7 16 ?
1200 867 65 26 lines,

677 892 66 21 twine
759 893 27 20 of
793 893 30 21 all
837 893 153 27 descriptions,
1004 897 58 19 mats
1075 894 27 21 of
1115 894 31 21 all
1162 901 63 21 sizes,
1237 893 28 23 oil

677 918 78 27 cloths,
774 919 40 22 &c.
825 927 4 14 :
846 919 83 27 fishing
945 923 49 18 nets
1010 920 65 21 made
1093 920 45 22 and
1156 920 108 28 repaired,

677 944 45 22 and
738 952 69 21 every
817 942 135 31 description
972 946 27 21 of
1014 946 77 22 article
1105 947 24 21 in
1148 947 37 22 the
1195 947 70 22 above

675 971 53 26 line,
746 971 31 22 all
793 972 58 21 from
868 972 56 22 New
938 973 101 21 Zealand
1054 973 53 27 flax,
1124 974 46 21 and
1183 981 31 15 on
1227 973 38 23 the

675 1000 59 20 most
742 999 133 21 reasonable
885 999 100 27 charges.
1014 999 77 28 Apply
1100 1003 22 18 to

896 1032 92 22 Messrs.
1004 1032 78 22 Pratt
1098 1033 45 22 and
1157 1033 87 28 Bevan,

675 1063 44 22 No.
736 1065 20 26 1,
783 1064 64 29 Moles
847 1064 167 29 Worth-street,
1042 1067 146 27 Wellington,
1213 1067 53 22 Port

906 1092 131 22 Nicholson.

746 1134 64 22 OOD
826 1135 62 22 FOR
903 1135 114 23 SALE.—
1018 1138 62 24 B,OOO
1097 1138 51 26 feet,
1166 1145 61 15 more
1241 1144 25 15 or

771 1161 52 27 less,
833 1162 27 21 of
866 1162 169 23 well-seasoned
1046 1164 80 22 timber
1141 1164 26 21 of
1176 1165 89 21 various

675 1187 147 27 descriptions
828 1195 5 19 ;
848 1188 46 22 also
905 1188 38 23 the
952 1189 72 23 frame
1034 1190 26 21 of
1066 1197 14 15 a
1087 1191 92 22 wooden
1187 1191 76 27 house,

674 1215 27 20 32
717 1214 47 21 feet
778 1214 31 28 by
823 1216 33 25 20,
868 1215 53 22 with
938 1216 49 21 iron
1004 1216 64 28 bolts,
1086 1218 41 21 &c.
1157 1218 43 21 For
1215 1225 50 20 par-

675 1241 96 27 ticulars,
784 1241 67 27 apply
861 1244 23 19 to

955 1269 28 23 R.
999 1270 27 21 R.
1042 1270 100 28 Strand,
1154 1271 109 22 Solicitor.

701 1299 146 28 Wellington,
860 1301 55 27 May
926 1304 34 25 13,
971 1304 61 20 1841.

861 1349 118 22 General
993 1350 85 21 Store.

675 1380 93 48 MR.
783 1381 145 23 TELFORD
942 1382 84 27 having
1039 1384 102 27 recently
1151 1384 65 22 made
1227 1392 36 14 ex-

767 1409 87 21 tensive
870 1409 128 32 purchases,
1017 1411 53 26 begs
1080 1414 22 18 to
1112 1418 118 15 announce
1241 1414 22 19 to

673 1433 35 22 his
718 1434 85 22 friends
813 1434 50 22 that
872 1434 27 22 he
910 1435 40 22 has
961 1443 29 15 on
1001 1437 52 26 sale,

701 1460 188 23 HARDWARE
905 1462 25 21 of
941 1463 38 21 the
988 1463 49 22 first
1045 1463 93 28 quality,
1148 1464 116 27 including

661 1490 2 18 I
674 1494 14 14 a
696 1490 64 24 great
766 1488 87 27 variety
863 1488 26 22 of
900 1488 64 22 nails.

700 1514 106 22 FLOUR
815 1515 27 21 of
853 1514 48 22 first
910 1516 46 21 and
965 1516 84 22 second
1058 1517 94 27 quality.

701 1540 270 29 GROCERIES.—Tea,
986 1550 84 19 sugars,
1088 1544 76 22 coffee,
1180 1544 81 27 butter,

673 1573 60 21 soap,
746 1568 98 27 candles,
855 1568 53 27 rice,
924 1576 66 21 curry
1006 1572 96 25 powder,
1119 1570 85 27 pickles
1219 1572 44 21 and

673 1601 85 19 sauces,
769 1594 111 29 spiceries,
892 1597 41 20 &c.

699 1620 103 22 WINES
815 1622 69 21 AND
894 1622 157 22 SPlßlTS.—
1051 1623 93 23 Besides
1154 1623 37 23 the
1200 1624 63 22 usual

673 1646 80 35 supply
764 1648 26 20 of
799 1648 71 22 wines
879 1648 45 22 and
934 1649 80 27 spirits,
1028 1649 63 23 there
1100 1650 20 21 is
1129 1657 14 15 a
1152 1651 111 21 consider-

673 1673 49 22 able
728 1674 105 28 quantity
837 1675 26 21 of
871 1675 88 22 Scotch
967 1675 115 23 Whiskey
1089 1684 7 19 ;
1106 1677 47 22 and
1158 1684 14 15 a
1176 1677 88 23 limited

673 1701 104 27 quantity
786 1702 27 20 of
824 1702 117 22 Colonial
951 1702 122 22 Whiskey.

700 1727 97 22 BOOTS
813 1728 68 22 AND
896 1729 139 21 SHOES.—
1034 1729 73 22 There
1117 1729 41 23 has
1164 1730 59 22 been
1229 1738 34 14 re-

673 1754 78 21 ceived
769 1761 15 15 a
801 1755 104 27 quantity
927 1755 26 22 of
973 1755 140 28 Wellington
1136 1757 64 22 boots
1220 1757 43 23 and

673 1780 115 22 Warren's
795 1781 113 28 blacking.
1056 1789 12 12 .•
1122 1797 2 4 .

699 1806 173 24 BLANKETS.
873 1820 32 5 —
906 1808 70 22 Fresh
992 1809 92 22 arrivals
1099 1809 58 23 have
1167 1818 63 14 come
1241 1813 22 19 to

672 1832 62 23 hand
742 1834 25 21 in
777 1835 38 21 8-4
825 1835 45 21 and
880 1837 58 25 11-4,
956 1835 26 22 of
995 1836 90 22 various
1100 1837 102 27 qualities
1220 1837 42 22 and

672 1860 79 27 prices.

699 1886 302 24 HABERDASHERY.—
1001 1888 72 23 There
1089 1889 18 22 is
1122 1897 14 15 a
1146 1890 70 22 select
1223 1891 40 21 but

671 1912 88 23 limited
785 1915 102 27 quantity
912 1922 29 14 on
966 1915 68 27 hand,
1057 1916 118 27 including
1193 1920 68 25 tapes,

672 1939 97 27 threads,
783 1938 64 24 black
858 1941 46 22 and
919 1942 105 22 coloured
1038 1950 87 14 sewing
1141 1950 63 16 silks
1219 1945 42 21 and

672 1966 64 27 twist,
759 1967 97 27 darning
874 1971 83 24 cotton,
976 1968 98 28 needles,
1093 1970 83 26 combs,
1198 1970 64 22 India

671 1992 42 22 silk
721 1992 46 22 and
774 1996 77 19 cotton
858 1993 180 29 handkerchiefs,
1046 1996 85 26 braces,
1141 1996 39 22 &c.

697 2019 157 22 DRA4PERY.
855 2029 32 5 —
887 2021 89 17 While-
1083 2022 109 21 tfiurunjji-
1204 2017 71 29 stoi^.

670 2043 142 20 unbleached
826 2046 84 22 cotton,
924 2043 61 20 40in.
997 2042 67 26 'wide,
1081 2045 77 19 cotton
1173 2041 87 28 checks',

671 2067 55 22 dark
735 2068 79 26 prints,
827 2068 41 21 &c.
879 2069 40 20 &c.
1011 2065 4 11 '

698 2093 54 23 OIL
774 2094 68 22 AND
867 2094 144 23 LAMPS.—
1011 2093 54 23 This
1082 2095 68 21 latter
1168 2094 41 22 has
1227 2102 35 14 re-

671 2121 77 22 ceived
758 2128 30 14 an
797 2121 101 22 increase
908 2121 26 22 of
945 2121 38 22 the
992 2121 49 21 best
1054 2121 87 28 quality
1158 2121 49 22 that
1222 2121 40 22 has

670 2150 38 24 yet
717 2147 60 22 been
787 2147 83 23 offered
879 2148 25 21 in
914 2147 38 23 the
964 2148 93 27 Colony.

696 2174 74 22 There
780 2174 41 22 has
830 2175 47 21 also
888 2182 64 14 come
962 2178 23 18 to
1004 2174 63 22 hand
1082 2182 14 14 a
1110 2174 66 22 small
1190 2174 33 22 lot
1239 2173 26 23 of

671 2204 65 18 straw
754 2201 59 25 hats,
839 2201 48 23 sou'
912 2204 97 24 westers,
1032 2201 82 22 Scotoh
1133 2208 35 21 cap
1168 2208 24 21 3,
1213 2208 48 15 um-

670 2227 90 27 brellas,
771 2228 40 22 &c.

822 2273 40 20 To
877 2273 35 20 be
927 2273 66 20 Sold
1008 2278 30 15 or
1052 2274 58 24 Let,

671 2306 135 33 npHREE
825 2306 103 22 Wooden
945 2306 97 27 Houses,
1063 2306 97 22 situated
1179 2314 30 14 on
1224 2306 37 22 the

677 2328 31 27 JL
759 2333 186 26 Tinakore-road,
966 2333 38 21 the
1023 2333 84 21 second
1129 2340 51 15 acre
1203 2333 58 22 from

671 2359 94 28 Captain
783 2359 97 28 Smith's,
893 2359 132 28 containing
1039 2359 51 22 four
1101 2367 74 15 rooms
1190 2360 45 22 and
1249 2367 13 15 a

670 2394 100 19 passage,
792 2387 55 21 each
863 2386 54 22 with
935 2387 50 21 zinc
1001 2386 67 27 roofs,
1089 2387 45 21 and
1152 2387 24 21 in
1195 2394 66 19 every

670 2416 89 24 respect
776 2413 50 22 well
844 2413 103 22 finished.
977 2413 78 22 Terms
1056 2425 28 4 —
1086 2413 23 22 If
1124 2413 56 27 sold,
1201 2413 61 23 £150

670 2440 35 22 for
720 2439 57 23 each
791 2440 70 22 house
869 2448 5 19 ;
890 2440 22 22 if
924 2440 38 27 let,
980 2439 33 23 £1
1029 2447 40 21 per
1079 2441 62 21 week
1158 2440 35 22 for
1207 2440 54 22 each

670 2466 78 22 house.
778 2467 77 27 Apply
865 2470 24 19 to

1062 2494 76 22 James
1153 2493 81 23 Watt.

697 2520 147 27 Wellington,
856 2520 56 27 May
922 2521 33 26 13,
967 2521 61 21 1841.

885 2566 39 20 To
940 2566 34 20 be
988 2566 59 25 Let,

672 2598 96 48 TWO
778 2598 154 22 commodious
941 2606 75 14 rooms
1025 2598 46 22 and
1080 2606 14 14 a
1101 2599 103 27 spacious
1213 2598 47 27 loft,

744 2625 69 26 being
824 2628 49 24 part
882 2625 27 22 of
920 2625 37 23 the
967 2626 64 22 Store
1040 2625 47 23 and
1097 2629 23 19 at
1133 2628 92 25 present
1237 2625 24 22 in

670 2651 37 23 the
717 2652 134 27 occupation
861 2653 26 21 of

1039 2679 26 22 T.
1075 2679 46 23 and
1131 2680 23 22 S.
1164 2679 70 23 Cook.

698 2705 192 29 Lambton-quay,
900 2705 147 29 Wellington,

751 2731 52 22 29th
814 2726 73 33 April,
898 2734 62 20 1841.

668 2776 146 48 LAND
840 2777 195 22 AGENCIE
1045 2778 55 21 S.—
1099 2778 41 21 TO
1164 2778 98 21 LAND-

746 2803 185 22 HOLDERS.—
931 2804 48 22 The
997 2804 158 28 Undersigned
1172 2805 45 26 beg
1239 2807 22 19 to

670 2829 54 22 offer
733 2829 137 23 themselves
879 2834 23 18 to
912 2831 58 22 their
978 2831 86 22 friends
1074 2831 46 22 and
1133 2831 39 22 the
1187 2831 75 27 public

670 2863 24 14 as
704 2856 88 26 Agents
800 2856 37 22 for
846 2857 38 21 the
893 2857 97 32 disposal
998 2858 26 21 of
1029 2858 71 21 Town
1109 2858 46 21 and
1163 2858 100 27 Country

670 2882 83 27 Lands,
765 2883 45 21 and
820 2885 58 20 trust
887 2883 58 22 their
954 2884 97 23 colonial
1062 2885 135 31 experience
1211 2892 51 20 may

670 2909 78 21 entitle
758 2909 63 22 them
830 2912 24 19 to
864 2917 14 14 a
889 2910 64 22 share
964 2910 27 22 of
1000 2910 39 22 the
1047 2911 76 27 public
1131 2914 129 25 patronage.

697 2942 65 28 They
770 2944 46 21 will
825 2944 29 22 be
862 2944 77 28 happy
947 2947 24 19 to
980 2952 94 20 arrange
1087 2945 35 22 for
1131 2945 45 22 and
1187 2953 76 20 super-

669 2969 81 22 intend
759 2970 38 22 the
806 2977 94 21 surveys
907 2972 45 21 and
959 2972 160 22 sub-divisions
1126 2972 26 22 of
1157 2972 38 22 the
1200 2972 61 22 land.

671 2996 91 23 Liberal
771 2997 111 22 advances
891 2998 48 22 will
949 2998 31 22 be
993 2999 67 21 made
1070 3006 29 14 on
1108 2999 66 22 lands
1182 2999 81 27 placed

669 3023 25 22 in
704 3023 58 22 their
770 3023 73 23 hands
850 3024 35 22 for
891 3024 55 22 sale.
974 3025 64 28 They
1045 3025 46 22 will
1098 3025 47 23 also
1151 3026 28 22 be
1188 3033 74 21 nappy

670 3053 24 19 to
703 3050 66 22 assist
777 3051 137 27 proprietors
922 3052 24 21 in
955 3051 89 28 leasing
1053 3052 59 22 their
1120 3052 73 23 lands.

952 3085 64 22 John
1027 3086 45 22 and
1083 3086 60 23 Geo.
1153 3086 81 23 Wade.

883 3130 164 22 Education.

670 3165 109 48 MRS.
799 3165 46 22 and
865 3166 72 22 MISS
960 3166 192 23 WAKEFIELD
1174 3168 87 22 receive

761 3192 75 28 pupils
845 3199 30 15 on
885 3192 38 23 the
933 3192 114 29 following
1056 3196 69 20 terms
1131 3202 5 14 :
1138 3205 29 5 —

696 3225 44 23 For
757 3225 79 27 board,
856 3226 55 22 with
927 3226 102 27 washing
1044 3227 46 22 and
1103 3227 36 22 in-

723 3252 110 22 struction
837 3252 24 22 in
866 3253 93 26 general
963 3253 95 27 English
1063 3253 76 23 litera-

722 3281 60 26 ture,
797 3279 96 28 writing,
907 3279 46 23 and
965 3280 117 27 aritmetic,
1098 3281 50 28 per'

723 3308 91 25 quarter
1100 3309 52 21 ...8
1178 3310 15 20 8
1220 3310 14 21 0

695 3332 79 23 Under
783 3332 14 23 7
805 3340 66 20 years
880 3333 28 22 of
919 3340 40 20 age
1138 3335 14 22 7
1178 3335 15 23 7
1220 3337 14 20 0

695 3359 53 28 Day
756 3359 107 23 boarders
1137 3363 15 21 4
1178 3363 16 21 4
1220 3364 14 20 0

696 3386 52 27 Day
757 3386 74 28 pupils
1138 3390 14 20 2
1178 3390 15 20 2
1220 3391 14 20 0

696 3413 82 23 Junior
787 3413 57 22 ditto
1140 3416 51 21 11l
1220 3417 14 20 6

668 3446 96 28 French,
780 3446 90 28 Italian,
886 3446 46 23 and
945 3446 115 29 Drawing,
1072 3448 31 23 £1
1119 3450 45 21 11s.
1174 3448 37 23 6d.
1221 3456 39 20 per

915 3477 98 25 quarter.

695 3506 91 23 Private
795 3506 86 22 lessons
889 3507 26 22 in
924 3507 79 28 musio,
1015 3514 25 16 or
1049 3515 47 21 any
1105 3508 27 22 of
1142 3508 37 22 the
1190 3509 70 22 above

667 3533 112 23 branches
789 3533 26 23 of
826 3533 127 28 education,
969 3541 44 15 one
1027 3534 76 23 hour's
1117 3535 141 27 instruction,

668 3560 51 22 four
726 3560 87 22 lessons
830 3560 37 22 for
876 3568 44 14 one
929 3561 90 27 guinea.

695 3593 137 22 References
841 3596 23 20 to
874 3593 38 23 the
921 3594 115 28 following
1042 3595 129 27 gentlemen
1180 3594 80 28 kindly

667 3620 122 28 permitted
797 3628 5 14 :
802 3631 30 5 —

696 3654 63 26 Capt.
769 3654 36 22 W.
816 3654 35 22 M.
861 3654 80 28 Smith,
952 3655 69 28 R.A.,
1030 3654 228 29 Surveyor-General,

695 3680 71 22 T.M.
778 3680 124 29 Partridge,
915 3681 52 28 Esq.

696 3707 22 21 S.
729 3707 99 28 Revans,
840 3708 53 27 Esq.
1157 3711 6 9 *■

668 3751 232 47 NOTICE.—The
910 3752 57 22 Rev.
976 3753 46 21 Mr.
1030 3753 148 26 Macfarlane,
1190 3752 26 22 of
1223 3752 37 22 the

750 3778 82 22 Scotch
856 3778 96 28 Church,
978 3779 45 21 will
1050 3779 100 26 perform
1176 3779 83 21 Divine

668 3803 113 28 Worship,
798 3804 26 22 in
847 3804 82 25 future,
949 3805 25 22 in
994 3805 38 21 the
1047 3805 115 26 Morning,
1182 3808 24 19 at
1223 3805 50 22 the.

669 3829 81 22 Native
768 3830 92 27 Chapel,
875 3831 33 21 Te
919 3832 47 21 Aro
976 3831 56 27 Flat,
1042 3834 23 19 at
1075 3833 23 20 11
1110 3831 94 27 o'clock,
1216 3831 44 23 and
1265 3826 8 15 1

668 3855 25 21 in
706 3855 38 21 the
755 3855 127 23 Afternoon
896 3860 24 18 at
934 3857 37 21 the
988 3858 69 21 Court
1072 3857 86 27 House,
1173 3857 87 23 Thorn-
1273 3861 5 19 h

668 3881 45 21 don
723 3881 58 28 Flat,
792 3886 22 18 at
826 3890 13 14 a
848 3886 92 24 quarter
948 3887 50 24 past
1008 3891 42 15 one
1061 3883 94 23 o'clock.
1268 3878 10 40 J]

697 3914 145 28 Wellington,
854 3915 55 27 May
920 3917 32 26 12,
965 3917 60 21 1841.
1268 3917 10 19 II

1917 629 66 22 Port
2001 631 151 23 Nicholson
2168 633 148 30 Exchange
2335 637 54 22 and
2402 639 97 22 Public

2145 659 122 29 Library.

1942 690 63 21 THE
2020 691 177 24 COMMITTEE
2213 696 38 21 OF
2260 696 223 24 MANAGEMENT

1916 723 92 48 BEG
2016 724 142 31 respectfully
2167 730 22 20 to
2199 728 82 24 inform
2287 730 39 23 the
2333 731 113 23 Members
2455 731 45 24 and

1980 752 76 21 Public
2070 754 121 27 generally,
2210 755 48 23 that
2272 757 44 22 this
2331 758 169 24 establishment

1915 778 14 29 I
1923 783 10 14 s
1960 783 34 15 ow
2003 784 58 21 open
2063 793 6 7 *
2096 779 23 22 A
2130 783 49 19 cata
2179 781 66 28 l°gne
2255 783 27 21 of
2295 783 38 23 the
2348 784 70 23 books
2427 785 25 22 in
2460 785 40 22 the

1935 806 74 32 •nPP
2028 811 38 27 .¥*
2079 805 59 22 been
2152 814 10 21 Pre
2162 814 4 21 Pared.P
2166 814 24 14 re
2191 808 76 27 Pared.
2279 810 45 22 and
2340 809 37 23 the
2392 811 107 23 librarian

1915 830 45 21 roll
1975 830 88 23 furnish
2077 839 68 21 every
2154 833 144 25 information
2314 837 44 22 and
2373 837 87 28 facility
2475 840 25 21 to

1914 857 39 20 the
1962 857 111 22 Colonists
2081 859 47 21 and
2136 859 74 23 others
2220 861 94 29 wishing
2323 866 22 19 to
2358 864 60 22 avail
2427 863 73 24 them-

1915 884 72 20 selves
1996 884 26 21 of
2027 884 38 22 the
2074 885 117 28 privileges
2200 887 27 22 of
2232 887 38 23 the
2280 888 137 25 Institution.

1942 909 50 21 Wai
2002 909 81 24 Peraro
2093 911 105 29 Reserve,
2208 913 39 23 4th
2257 915 61 28 May,
2330 917 59 22 1841.

2035 955 171 29 Wellington
2219 957 157 30 Exchange.

1915 988 91 23 fTIHE
2020 988 112 25 PUBLIC
2149 999 36 15 are
2201 993 112 25 informed
2329 995 48 23 that
2389 995 40 24 the
2443 1000 56 20 ter-

1921 1017 30 20 n
1989 1023 80 21 porary
2083 1017 83 24 Rooms
2180 1020 27 21 of
2220 1020 39 22 the
2277 1021 131 24 Institution
2424 1031 38 15 ere
2473 1028 27 21 a*

1914 1044 38 19 the
1969 1044 73 21 Stores
2058 1044 27 21 of
2096 1044 45 23 Mr.
2156 1046 94 24 Robert
2267 1046 87 31 Waitt,
2371 1049 77 23 where
2460 1049 41 24 the
2509 1047 1 4 '

1913 1069 67 22 latest
1989 1069 99 28 English,
2096 1072 136 29 Australian,
2239 1074 46 22 and
2292 1076 120 23 American
2421 1076 79 24 News*

1914 1101 80 28 papers
2011 1097 45 21 and
2075 1097 131 28 Magazines
2224 1100 46 24 will
2290 1101 28 23 be
2336 1101 77 24 found.
2450 1103 49 23 The

1914 1122 152 27 Subscription
2075 1123 18 23 is
2103 1125 41 22 £2.
2157 1127 32 21 2s.
2199 1133 41 21 per
2253 1133 93 21 annum,
2366 1128 96 26 payable
2475 1131 24 21 in

1914 1148 111 23 advance.
2286 1169 5 9 ,

2103 1177 29 22 G.
2149 1178 25 22 B.
2189 1178 72 29 Ear?,

2139 1204 119 25 Chairman
2269 1207 26 22 of
2309 1207 38 23 the
2356 1207 141 26 Committee.

2147 1249 237 29 Surveyor-General's
2392 1254 80 23 Office-.

2236 1278 67 28 April
2311 1281 34 26 24,
2356 1281 61 22 1841.

1981 1301 39 20 To
2034 1301 199 23 Land-owners
2246 1305 56 21 and
2315 1307 116 26 Agents.

1912 1332 146 48 NOTICE
2072 1334 27 22 IS
2114 1334 127 25 HEREBY
2255 1337 106 29 GIVEN,
2370 1339 49 23 that
2427 1348 25 16 as
2461 1341 39 23 the

1993 1364 95 19 sections
2097 1368 31 15 on
2138 1362 37 22 the
2184 1363 55 22 road
2248 1367 24 19 to
2279 1364 91 24 Porirua
2379 1371 87 19 cannot
2470 1369 29 21 be

1912 1387 45 20 laid
1967 1388 39 19 out
2014 1387 58 22 until
2081 1387 38 22 the
2128 1388 47 23 line
2183 1390 28 21 of
2220 1391 56 22 road
2283 1392 20 21 is
2312 1393 133 28 completed,
2460 1394 39 23 the

1912 1413 106 21 selection
2027 1413 27 22 of
2063 1414 54 22 land
2125 1415 20 22 is
2154 1417 151 29 unavoidably
2312 1421 124 25 postponed
2442 1421 58 23 until

1910 1437 124 30 Thursday,
2048 1441 41 21 3rd
2097 1441 27 22 of
2134 1441 67 24 June.
2289 1436 9 10 '
2312 1436 15 10 r
2444 1436 13 13 *

2082 1474 34 23 W.
2131 1475 33 23 M.
2180 1476 107 30 SMITH,
2303 1479 61 29 Capt.
2375 1480 68 28 R.A*,

2244 1505 227 29 Surveyor-General.

2057 1546 192 29 Immigration
2263 1550 87 23 Office.

1912 1576 114 48 LISTS
2035 1578 28 22 of
2068 1580 74 27 newly
2150 1581 87 23 arrived
2246 1582 144 29 Immigrants
2399 1591 40 16 are
2444 1584 54 29 kept

1990 1607 23 19 at
2031 1606 44 21 this
2094 1606 78 28 Office,
2192 1608 73 22 where
2284 1611 81 26 parties
2384 1611 114 28 requiring

1913 1632 113 21 workmen
2036 1639 26 14 or
2077 1637 101 19 servants
2186 1642 43 17 can
2244 1636 87 23 receive
2345 1637 152 29 information,

1914 1657 45 20 and
1975 1657 62 22 those
2053 1662 39 19 out
2105 1660 26 22 of
2143 1661 151 27 employment
2307 1670 42 16 can
2364 1663 58 24 have
2439 1664 59 25 their

1912 1689 79 16 names
1999 1685 127 28 registered,
2138 1694 28 15 on
2177 1689 107 27 applying
2292 1692 24 20 to

2088 1720 92 23 Daniel
2195 1721 138 29 Riddiford,

1913 1772 6 6 .
2074 1775 2 5 i
2238 1749 154 28 Immigration
2410 1751 86 27 Agent.

1914 1788 167 47 RSEED,
2093 1791 57 22 Boot
2157 1793 45 22 and
2212 1793 59 23 Shoe
2277 1794 87 27 Maker,
2375 1795 24 22 in
2408 1798 90 21 return-

1913 1841 17 2 _
1969 1826 10 11 •
2022 1823 41 19 inff
2084 1817 82 24 thanka
2189 1822 24 19 to
2232 1820 38 22 the
2293 1821 136 23 Gentlemen
2452 1823 46 23 and

1913 1844 77 28 public
2001 1844 35 20 for
2044 1844 58 22 their
2110 1848 123 26 patronage
2246 1848 47 21 and
2302 1851 96 27 support,
2409 1849 54 29 begs
2472 1853 27 19 to

1912 1869 82 21 inform
2004 1869 62 23 them
2076 1870 48 23 that
2140 1871 28 23 he
2177 1872 42 23 has
2231 1874 48 27 just
2292 1874 104 24 received
2410 1882 15 17 a
2436 1875 62 24 fresh

1912 1895 80 27 supply
2002 1896 25 21 of
2033 1896 104 24 Leather.

1949 1929 69 23 Boots
2027 1931 46 21 and
2082 1931 70 23 Shoes
2160 1932 77 29 neatly
2245 1935 103 27 repaired
2354 1942 25 15 as
2387 1935 74 23 usual.

1939 1962 190 30 Lambton-quay,
2140 1966 65 27 April
2213 1968 35 26 80,
2260 1968 61 22 1841.

1913 2009 151 34 QLOCKS,
2079 2011 112 29 Watches,
2208 2013 45 23 and
2269 2009 118 34 jewellery
2404 2016 95 24 cleaned

1911 2056 65 20 years
1985 2056 24 15 in
2020 2057 12 14 a
2042 2050 95 23 London
2149 2051 114 28 jewellery
2274 2052 106 25 business.

1938 2082 125 23 Residence
2073 2087 22 19 at
2103 2087 91 29 present
2194 2096 28 5 —
2222 2088 24 19 at
2255 2084 38 25 the
2302 2085 56 23 back
2365 2086 27 23 of
2404 2086 93 24 Messrs*

1912 2109 88 22 Waters
2009 2110 45 21 and
2064 2111 91 22 Smith's
2162 2109 84 25 Stores.
2352 2141 5 2 _

1912 2153 231 48 JM'GREGOR
2156 2155 53 28 begs
2225 2157 142 27 respectfully
2380 2160 24 20 to
2415 2157 83 24 inform

1951 2190 12 11 •
1980 2180 38 22 the
2027 2183 80 25 gentry
2116 2182 45 21 and
2169 2182 138 23 inhabitants
2313 2183 25 23 of
2346 2183 52 23 Port
2405 2183 93 25 Nichol-

1912 2213 40 14 son
1963 2206 48 22 that
2019 2207 29 22 he
2058 2207 39 22 has
2108 2215 29 15 on
2146 2209 54 21 sale,
2215 2212 22 20 at
2254 2210 35 22 his
2305 2213 125 25 temporary
2444 2211 55 25 resi-

1912 2232 78 28 dence,
2008 2234 24 21 in
2051 2234 37 22 the
2106 2242 50 15 rear
2173 2241 26 16 or
2217 2236 41 22 Dr.
2275 2236 94 28 Knox'e,
2387 2244 58 16 near
2460 2238 39 22 the

1912 2260 72 26 Bank,
2008 2267 28 15 an
2055 2265 134 19 assortment
2208 2263 26 21 of
2253 2263 50 22 best
2326 2263 172 25 London-made

1912 2284 103 30 watches,
2027 2287 77 23 Dutch
2113 2288 82 28 clocks,
2206 2290 39 22 &o.

1939 2319 177 30 Chronometers,
2129 2321 81 29 clocks,
2226 2324 104 23 watches;
2345 2324 45 23 and
2406 2325 94 24 musical

1912 2346 70 22 boxes
1992 2348 107 27 carefully
2109 2349 93 22 cleaned
2210 2350 47 23 and
2265 2351 108 27 repaired.

2037 2392 102 23 JAMES
2154 2394 30 22 H.
2201 2387 170 35 JOHNST&N,

1999 2426 117 23 Cabinet
2130 2427 97 23 Maker
2240 2430 57 20 and
2310 2429 103 28 Joiner,

2100 2462 40 20 TE
2152 2463 61 20 ARO
2227 2463 86 25 FLAT,

1914 2491 52 50 IN
1976 2494 115 27 returning
2099 2495 83 22 thanks
2189 2498 23 19 to
2222 2495 35 23 his
2267 2497 132 27 Employers
2407 2498 48 22 and
2461 2498 39 23 the

1972 2519 76 23 Public
2057 2521 35 22 for
2100 2521 38 23 the
2151 2525 92 30 support
2252 2523 30 22 he
2297 2523 41 23 has
2352 2524 101 23 hitherto
2465 2532 37 15 re-

1914 2546 85 27 ceived,
2006 2547 54 27 begs
2067 2551 22 19 to
2096 2548 84 23 inform
2187 2551 63 21 them
2257 2549 49 22 that
2311 2550 30 23 he
2346 2549 41 24 has
2392 2551 108 23 removed

1912 2573 59 22 from
1980 2573 80 23 Petoni
2073 2577 22 19 to
2109 2575 33 23 Te
2152 2575 47 23 Aro
2216 2576 58 27 Flat,
2283 2577 81 27 where,
2378 2577 25 23 in
2416 2578 83 28 future,

1912 2599 29 22 he
1950 2599 46 23 will
2011 2607 65 22 carry
2089 2608 29 16 on
2136 2601 37 23 the
2189 2602 72 23 above
2275 2603 109 25 branches
2392 2604 28 22 of
2428 2603 70 33 trade,

1913 2626 45 22 and
1966 2626 30 22 he
2005 2626 55 24 feels
2070 2628 113 22 confident
2192 2628 49 23 that
2253 2637 46 20 any
2310 2630 61 22 work
2384 2632 116 22 entrusted

1912 2655 23 19 to
1945 2653 54 28 him,
2009 2653 45 23 will
2065 2655 28 21 be
2108 2655 110 23 executed
2232 2659 23 19 to
2269 2657 38 22 the
2324 2657 137 24 satisfaction
2476 2658 28 23 of

1912 2679 35 23 his
1957 2679 137 29 Employers.

1940 2706 22 22 J.
1974 2707 30 22 H.
2015 2707 21 22 J.
2048 2708 116 23 continues
2179 2711 23 19 to
2218 2716 94 21 prepare
2327 2710 70 32 plans,
2411 2711 89 23 specifi-

1914 2733 90 28 cations,
2015 2734 46 22 and
2070 2734 112 24 estimates
2194 2735 36 23 for
2245 2744 69 20 every
2324 2737 134 28 qescriptum
2476 2738 28 22 of

1913 2759 108 28 building.

2042 2806 74 21 John
2130 2807 103 27 Lodge,
2246 2808 122 26 Builder*

1913 2838 107 49 BEGS
2033 2841 24 20 to
2066 2839 82 23 inform
2158 2841 38 23 the
2205 2839 139 26 inhabitants
2352 2843 28 22 of
2389 2842 111 29 Welling-

1975 2868 46 25 ton,
2031 2865 48 23 that
2088 2866 85 29 having
2180 2868 58 23 been
2248 2876 72 19 many-
2327 2876 63 21 years
2397 2869 103 29 engaged

1913 2900 23 14 as
1945 2892 101 22 foreman
2055 2893 24 22 in
2094 2893 38 23 the
2147 2895 97 22 erection
2261 2895 27 23 of
2301 2895 120 29 buildings,
2436 2902 30 17 ne
2481 2897 21 22 is

1913 2926 50 15 now
1973 2919 106 28 prepared
2088 2923 24 19 to
2121 2921 66 23 make
2196 2921 65 26 plans
2275 2922 46 22 and
2337 2923 113 22 estimates
2465 2923 36 22 f6r

1913 2953 45 20 any
1967 2944 133 30 description
2115 2948 27 22 of
2153 2948 121 28 buildings,
2290 2948 46 23 and
2350 2952 96 20 execute
2462 2950 38 22 the

1913 2979 66 15 same°
1983 2979 29 15 on
2021 2974 131 22 reasonable
2161 2977 75 25 terms,
2247 2975 55 22 with
2310 2976 58 27 good
2375 2976 126 27 workman-

1914 2999 56 26 ship.

1939 3025 86 23 N.B.—
2025 3026 23 22 A
2063 3027 94 23 wooden
2172 3027 71 25 house
2259 3031 24 19 to
2298 3029 30 23 be
2346 3028 104 27 disposed
2468 3029 31 26 of,

1912 3053 54 22 20ft.
1976 3053 30 27 by
2016 3053 54 23 14ft.

1938 3079 123 23 Thorndon
2072 3080 72 27 Quay,
2155 3079 53 24 Jan.
2217 3081 36 27 21,
2263 3083 63 22 1841.

1912 3124 37 48 J
1985 3123 152 29 CANNING,
2161 3125 101 27 Cabinet,
2288 3125 71 29 Chair,
2384 3126 46 23 ana
2448 3127 56 22 Sofa-

1952 3161 11 11 •
1994 3150 174 29 Manufacturer,
2184 3151 189 30 Lambton-qtiay,
2384 3153 117 29 adjoining

1912 3177 70 22 Durie
1992 3177 44 22 and
2046 3177 59 22 Co.'s
2118 3179 83 21 Stores.

2069 3212 130 17 FURNITURE
2218 3212 123 17 REPAIRED.

2001 3248 188 29 BRADFIELD,
2213 3249 96 24 Saddler
2331 3251 44 22 and
2397 3252 103 22 Harness

1968 3285 12 12 •
2009 3275 87 23 Maker.
2126 3276 93 26 Repairs
2230 3277 79 28 neatly
2322 3278 65 22 done.
2416 3278 84 24 Orders

1912 3302 103 22 received
2025 3305 23 19 at
2057 3302 128 23 Marshall's
2194 3303 163 23 Coffee-house.

1913 3346 51 48 A
1992 3345 132 28 HEWITT,
2133 3347 162 28 Fishmonger,
2307 3348 110 23 Lambton
2425 3349 73 27 Quay,

1968 3383 11 11 •
1997 3372 144 28 Wellington,
2147 3377 89 19 returns
2244 3374 38 23 his
2289 3375 85 22 sincere
2385 3375 85 23 thanks
2476 3379 23 19 to

1914 3398 37 22 the
1969 3399 137 23 inhabitants
2124 3400 27 22 of
2170 3400 45 23 this
2234 3401 86 28 Colony
2336 3401 34 23 for
2387 3401 40 23 the
2444 3408 56 21 very

1912 3425 80 23 liberal
2008 3428 92 25 support
2114 3426 30 22 he
2158 3426 44 23 has.
2214 3427 100 23 hitherto
2328 3428 108 27 received,
2453 3435 46 15 ana

1913 3452 55 28 begs
1976 3455 24 19 to
2008 3453 81 22 inform
2100 3452 61 24 them
2171 3453 49 23 that
2234 3453 28 23 he
2270 3454 42 23 has
2320 3455 65 24 made
2394 3460 106 23 arrange-

1914 3481 74 20 ments
2002 3479 35 23 for
2055 3487 14 14 a
2082 3483 104 19 constant
2201 3481 82 28 supply
2301 3481 27 23 of
2345 3481 38 23 the
2401 3481 106 23 choicest,

1914 3505 101 23 varieties
2024 3506 26 21 of
2060 3506 50 27 fish,
2127 3506 74 23 which
2216 3507 29 22 he
2261 3507 138 28 confidently
2413 3514 87 17 recom-

1914 3532 79 22 mends
2001 3535 23 19 to
2033 3532 39 22 the
2079 3533 77 27 public
2164 3540 25 16 as
2195 3534 69 27 being
2271 3534 27 22 of
2307 3534 38 23 the
2350 3535 51 22 best
2405 3534 94 27 quality.

1941 3558 82 22 Orders
2032 3559 35 23 for
2076 3558 105 30 shipping
2187 3561 112 28 received,
2314 3560 43 24 and
2367 3556 133 33 punctually

1914 3585 106 23 attended
2029 3588 31 20 to.

2068 3619 98 17 OYSTERS
2180 3620 73 16 FRESH
2267 3620 78 16 DAILY.

1941 3645 63 28 Also,
2015 3653 14 14 a
2037 3647 80 27 supply
2127 3647 27 22 of
2166 3647 129 27 vegetables
2311 3647 59 22 fresh
2383 3647 60 24 from
2459 3647 40 25 tJre

1913 3672 85 27 garden
2007 3673 68 27 daily.

1928 3717 83 22 Small
2025 3718 67 21 Lots
2106 3718 44 22 for
2162 3718 109 22 Bouses
2286 3720 28 20 to
2324 3719 51 20 Let
2387 3718 96 27 gratis.

1915 3750 119 34 rpoWN
2049 3751 82 23 ACRE
2145 3751 94 23 number
2246 3751 49 27 480,
2314 3758 29 15 on
2357 3750 142 28 Wellington

1921 3773 30 25 JL
1989 3777 100 28 Terrace,
2107 3777 159 27 immediately,
2275 3777 24 23 in
2309 3777 38 23 the
2355 3784 51 15 rear
2422 3777 28 22 of
2458 3777 40 23 the

1914 3803 73 23 mauri
1996 3803 69 23 house
2074 3805 77 28 lately,
2152 3804 106 27 occupied
2266 3804 32 27 by
2308 3804 42 22 Mr.
2362 3803 83 28 Minet,
2452 3804 46 22 will

1914 3830 28 22 be
1950 3830 33 22 let
1991 3831 24 21 in
2023 3831 66 22 small
2096 3831 45 21 lots
2150 3831 35 21 for
2200 3829 103 28 building
2311 3829 35 23 for
2353 3829 65 24 three
2427 3830 73 28 year's

1913 3857 47 22 free
1971 3857 26 22 of
2005 3861 58 18 rent.
2091 3857 76 28 Apply
2176 3860 24 19 to

1995 3890 25 22 F.
2034 3890 31 22 A.
2079 3891 171 26 Molesworth,
2265 3890 185 28 Mtirphy-street,
2460 3897 26 16 er

1996 3916 33 23 W.
2046 3917 27 22 V.
2088 3917 106 27 Brbwer,
2210 3917 193 23 Manners-st»eet.

122 621 150 21 Extensive
287 621 61 21 Sale
363 622 38 25 by
414 621 124 21 Auction
544 621 5 21 !
558 621 5 22 !
570 621 6 21 !

55 654 161 49 MESSRS.
240 654 85 23 JOHN
345 655 45 22 and
408 654 72 23 GEO.
498 655 94 22 WADE
609 662 37 15 are

145 681 125 22 instructed
283 682 31 26 by
328 681 91 22 Messrs.
435 681 71 22 Waitt
519 682 45 21 and
576 682 71 27 Tyser

53 711 24 19 to
84 707 40 24 sell
131 708 32 26 by,
168 708 98 27 auction,
273 709 89 20 without
369 715 87 18 reserve,
466 715 29 16 on
504 708 142 28 Wednesday

52 737 63 24 next,
125 734 39 22 the
172 734 54 22 26th
237 734 60 28 inst.,
313 738 24 19 at
350 737 26 20 12
391 734 87 23 o'clock
493 734 114 28 precisely,
625 738 22 19 at

52 760 59 23 their
119 767 50 16 new
179 761 71 27 Store,
262 768 28 15 ex
298 763 111 25 Lapwing,
416 763 63 25 Lady
489 763 90 25 Nugent,
590 762 54 21 Suc-

52 793 52 20 cess,
115 787 45 22 and
169 788 101 21 Portenia
277 797 6 12 :
284 799 29 6 —

106 820 99 23 Seconds
214 821 59 23 flour
289 823 64 27 (very
364 822 132 28 excellent,)

107 847 74 28 Ship's
189 847 88 30 biscuit,

108 873 111 28 Oatmeal,
229 878 82 25 groats,

106 900 140 29 Maccarom,
257 902 130 29 vermicelli,

107 927 58 22 Irish
175 927 57 28 pork
241 929 24 21 in
273 929 93 28 barrels,

106 953 111 23 Hambro'
225 955 56 22 beef
290 956 25 21 in
325 956 36 22 do.

106 980 83 22 Bristol
198 981 58 27 tripe
266 982 23 22 in
301 981 35 23 do.

106 1006 57 23 Pine
177 1007 87 28 cheese,

107 1033 64 26 Rice,

106 1060 89 22 Pickles
204 1060 47 23 and
261 1068 84 19 sauces.

105 1086 93 28 Brandy
205 1087 25 22 in
240 1087 70 28 pipes,
320 1087 74 28 hhds.,
405 1087 46 23 and
461 1095 32 20 qr.
504 1087 70 28 casks,

107 1114 60 21 Rum
177 1114 23 22 in
210 1114 74 27 hhds.,
426 1133 7 8 ,

107 1140 46 22 Gin
161 1140 25 22 in
196 1148 33 20 qr.
240 1141 71 26 casks,

106 1166 84 28 Sherry
198 1174 25 14 in
233 1167 71 28 wood,

106 1193 51 22 Red
164 1194 47 22 and
220 1194 67 22 white
297 1195 60 26 Cape
365 1194 25 22 in
400 1194 64 27 ditto,

108 1220 82 27 Sherry
200 1220 46 22 and
255 1224 50 24 port
314 1221 25 22 in
348 1221 77 27 bottle,

108 1246 85 28 Cherry
201 1247 95 28 brandy,

107 1273 79 22 Porter
195 1274 46 22 and
250 1274 34 22 ale
294 1275 23 21 in
328 1274 71 26 wood,

106 1300 45 22 Do.
162 1300 35 22 do.
207 1301 24 21 in
240 1301 71 21 bottle
328 1301 64 26 (very
401 1301 119 27 superior,)

106 1326 56 22 Fine
172 1327 43 21 salt
224 1327 24 21 in
258 1327 54 28 bags
322 1327 45 23 and
375 1327 93 27 barrels,

106 1353 96 22 London
212 1361 61 20 soap,

106 1380 64 21 Pitch
181 1380 45 22 and
237 1383 40 25 tar,

106 1406 93 22 Powder
207 1407 25 21 in
244 1408 113 26 canisters,

106 1433 75 21 White
190 1433 60 28 lead,

106 1460 72 21 Cedar
186 1460 35 22 for
230 1460 54 22 boat
292 1461 110 27 building,

106 1486 108 22 Assorted
225 1494 57 20 oars,
294 1488 40 21 &c.
343 1488 40 22 &c.
395 1488 40 22 &c.

77 1519 62 28 Also,
152 1522 10 19 1
179 1521 100 26 superior
294 1521 56 21 bred
365 1521 95 27 English
476 1521 47 22 bull
537 1521 44 22 and
595 1520 48 23 bull

51 1546 50 27 calf,
111 1546 54 22 both
175 1547 111 27 imported
296 1547 71 22 direct
379 1548 24 21 in
419 1548 37 21 the
472 1548 61 26 Lady
549 1549 92 25 Nugent,

50 1573 46 21 and
110 1573 95 22 selected
221 1574 30 27 by
271 1581 43 14 one
329 1574 26 21 of
371 1574 38 22 the
430 1575 49 22 first
498 1575 102 22 breeders
618 1575 23 21 in

52 1599 111 28 England.

76 1633 65 22 After
154 1632 81 28 which,
251 1634 68 22 about
333 1636 78 26 20,000
425 1635 48 22 feet
485 1642 156 15 thoroughly

49 1667 112 15 seasoned
171 1660 113 28 scantling
294 1662 25 20 of
325 1661 30 21 all
362 1662 64 21 sizes.
455 1662 48 22 The
509 1662 133 27 superiority

49 1686 26 21 of
91 1686 43 22 this
149 1687 64 21 wood
230 1695 54 14 over
298 1688 74 27 newly
388 1691 38 19 cut
441 1689 46 21 and
502 1690 140 20 unseasoned

49 1713 80 22 timber
146 1714 59 21 need
223 1714 55 28 only
296 1714 29 22 be
344 1715 132 22 mentioned
494 1719 23 18 to
532 1715 30 22 be
575 1715 65 22 made

48 1743 114 23 apparent.

74 1773 80 21 TiJnMs
161 1781 35 14 :—
196 1773 79 22 Under
284 1774 55 26 £30,
346 1774 53 22 cash
406 1783 5 19 ;
427 1774 60 22 from
497 1775 48 22 £30
553 1777 23 20 to
585 1774 55 28 £50,

47 1806 44 14 one
109 1800 91 27 month;
225 1801 58 21 from
303 1801 45 22 £50
366 1804 24 19 to
407 1801 53 28 £80,
480 1809 42 14 one
538 1801 43 22 and
597 1804 44 19 two

47 1825 103 28 months;
165 1827 54 31 and_
226 1827 71 22 above
313 1827 54 28 £80,
383 1835 50 20 one,
450 1831 50 24 two,
517 1828 45 22 and
578 1828 62 21 three

47 1852 97 23 months'
159 1853 78 28 credit,
256 1861 28 15 on
300 1855 113 26 approved
428 1854 111 22 endorsed
555 1857 86 25 accept-

48 1886 74 15 ances.

77 1924 30 20 T.
119 1924 38 21 M.
167 1924 145 28 Partridge
324 1926 21 19 &
354 1925 47 20 Co.
413 1926 67 20 offer
491 1925 43 21 for
544 1925 68 25 Sale,

48 1957 172 48 BOTTLED
244 1961 75 24 porter
343 1958 45 21 and
407 1958 50 27 pale
477 1958 35 21 ale
530 1958 25 22 in
577 1957 63 22 three

125 1983 72 23 dozen
212 1984 72 27 casks,

77 2010 65 22 Good
152 2011 78 26 sherry
240 2011 24 21 in
274 2013 91 25 quarter
378 2010 70 27 casks,
599 2027 8 7 ,
645 2028 5 9 ,

75 2037 81 21 Mould
164 2037 100 24 candles,

75 2061 111 28 Windsor,
197 2062 92 26 toilette,
301 2061 46 22 and
357 2060 81 28 yellow
447 2068 60 20 soap,

73 2088 103 22 Window
185 2088 59 27 glass
255 2089 25 21 13
289 2088 31 27 by
330 2089 20 25 9,

75 2115 159 21 Earthenware
243 2115 23 21 in
277 2117 79 24 crates,

75 2142 105 27 Cooper's
189 2149 67 19 ware,

76 2168 82 26 Paints,
169 2168 100 27 brushes,
282 2168 49 27 &c,

76 2195 52 34 Slop
138 2194 107 28 clothing,

76 2217 93 32 Pickles,
181 2229 84 19 saucee,
277 2220 89 23 French
376 2228 84 20 capers,
476 2227 100 21 cayenne
585 2227 54 21 pep-

50 2255 46 20 per,
106 2248 108 27 mustard,

77 2275 65 22 India
151 2275 84 22 rubber
243 2274 113 27 blacking,
369 2275 40 21 &c.
420 2274 41 22 &c.

120 2320 41 20 On
176 2319 68 26 Sale,
259 2325 36 15 ex

52 2345 96 49 SALT
162 2346 57 27 beef,

102 2373 107 21 Hambro'
219 2372 63 28 pork,

104 2399 86 22 Pickles
200 2399 45 22 and
252 2406 85 19 sauces,

103 2425 53 23 Port
164 2426 45 22 and
219 2425 78 33 sherry
305 2425 24 22 in
339 2424 70 22 bottle
419 2425 47 22 and
475 2425 71 28 wood,

103 2452 78 22 Porter
190 2452 45 22 and
245 2453 35 21 ale
289 2453 24 21 in
323 2451 77 28 bottle,

104 2479 63 22 Pitch
177 2479 44 23 and
231 2482 40 25 tar,

104 2505 54 23 Fine
168 2506 50 22 salt.

231 2533 35 21 Ex

104 2559 58 28 Cape
172 2559 46 22 and
226 2559 129 28 Tarragona
365 2560 64 27 wine,

104 2585 130 23 Maccaroni
243 2587 45 21 and
298 2586 130 28 vermicelli,

104 2612 95 22 Manilla
209 2620 74 20 sugar,

104 2639 72 23 Cedar
184 2640 23 21 in
218 2639 55 28 logs,

104 2666 107 22 Assorted
221 2674 56 19 oars,

104 2693 112 22 Hollands
224 2693 25 22 in
258 2693 72 22 wood.

240 2720 37 22 Ex
419 2731 31 6 —

104 2746 98 22 Seconds
211 2746 64 28 flour,

103 2772 90 28 Brandy
201 2773 25 22 in
237 2773 64 23 hhds.

104 2799 120 23 Mauritius
238 2807 73 20 sugar.

379 2827 83 23 Waitt
473 2827 44 22 and
526 2827 85 23 Tyser.

49 2869 87 49 FOR
150 2871 86 26 SALE,
249 2874 24 18 at
282 2871 38 22 the
329 2871 56 33 shop
395 2872 26 21 of
432 2871 38 22 the
479 2871 159 27 undersigned,

120 2904 80 14 corner
209 2897 28 21 of
249 2897 73 22 Willis
336 2898 47 21 and
396 2898 199 22 Manners-streets
604 2905 6 14 :—:
612 2909 28 5 —

76 2930 95 28 Pickles,
183 2938 84 20 sauces,
278 2931 109 27 mustard,
397 2931 73 27 hams,

75 2956 90 23 Bottled
174 2957 71 27 fruits,
257 2958 78 26 spices,
346 2965 83 20 capers,

75 2983 111 23 Muscatel
196 2983 46 23 and
253 2984 107 22 Valencia
369 2985 81 21 raisins
465 2985 59 27 (new
529 2985 82 27 fruits,)

48 3011 8 24 L
77 3010 75 22 Currie
161 3010 98 28 powder,
268 3010 70 22 moist
343 3011 46 22 and
397 3012 50 22 loaf
457 3019 73 20 sugar,

75 3036 53 28 Tea,
139 3037 77 27 coffee,
226 3037 101 28 tobacco,
339 3038 79 27 cigars,

77 3062 84 29 Butter,
172 3064 87 28 cheese,
270 3064 76 28 bread,
355 3065 65 27 flour.

77 3090 84 28 Starch,
171 3091 60 27 blue,
241 3091 112 28 blacking,
365 3092 100 27 candles,

76 3116 53 23 And
138 3118 125 27 provisions
272 3118 27 22 of
309 3126 69 20 every
387 3119 142 28 description.

206 3151 3 5 '
369 3152 32 23 H.
411 3152 96 23 Taylor
517 3152 45 23 and
570 3152 40 22 Co.

124 3196 62 23 Van
199 3197 139 22 Dieman's
351 3199 79 21 Land
444 3198 118 22 Timber.

52 3228 50 49 A
110 3229 106 23 LARGE
230 3231 104 28 quantity
343 3232 28 21 of
383 3231 52 22 Van
445 3232 119 23 Dieman's
571 3231 67 23 Land

128 3257 80 22 timber
226 3258 27 21 of
269 3259 91 22 various
376 3258 139 23 dimensions
524 3267 5 19 ;
553 3259 54 27 also,
625 3266 13 15 a

51 3280 60 29 large
120 3283 102 28 quantity
231 3285 27 21 of
268 3285 102 22 Colonial
379 3285 89 28 timber,
483 3286 122 27 consisting
614 3285 25 22 of

52 3309 101 28 weather,
164 3310 80 28 lining,
259 3311 46 22 and
313 3311 97 29 flooring
418 3312 81 22 boards
508 3313 47 21 and
564 3315 74 20 scant-

51 3333 48 29 ling
106 3336 25 22 of
142 3337 30 22 all
181 3337 57 23 sizes
248 3338 45 22 and
301 3338 91 28 lengths
399 3347 6 18 ;
425 3346 53 15 now
492 3346 29 15 on
537 3339 62 22 hand
614 3342 25 19 at

51 3361 38 22 the
98 3365 66 21 stores
176 3364 24 22 of
203 3364 43 22 the
256 3365 160 28 undersigned.

77 3394 62 29 They
147 3396 45 23 will
201 3398 48 22 also
258 3398 28 22 be
303 3398 77 29 happy
389 3402 23 19 to
423 3399 82 28 supply
514 3399 62 23 those
586 3399 51 23 who

51 3421 77 23 intend
136 3424 99 28 erecting
242 3424 114 29 buildings
365 3426 54 22 with
430 3426 40 22 the
474 3426 71 22 above
552 3426 85 27 article,

52 3450 39 19 cut
107 3452 22 19 to
148 3450 71 28 order,
240 3451 26 22 of
289 3459 47 21 any
354 3452 141 24 dimensions
513 3453 54 28 they
583 3460 54 21 may

51 3475 90 28 require,
162 3477 44 22 and
228 3477 135 24 deliverable
383 3483 24 19 at
425 3487 47 21 any
489 3483 52 26 part
559 3480 24 22 of
597 3480 40 22 the

52 3502 68 22 beach
129 3510 29 15 on
167 3503 38 23 the
213 3504 97 23 shortest
316 3506 85 22 notice.

52 3561 2 1 .
310 3539 63 22 John
388 3547 47 15 and
451 3540 61 23 Geo.
525 3540 83 23 Wade.

52 3577 86 49 FOR
161 3581 86 29 SALE,
266 3590 14 15 a
298 3584 104 27 quantity
419 3584 26 21 of
466 3584 54 23 OIL
534 3585 102 22 BUTTS.

123 3607 75 28 Apply
207 3611 24 19 to

54 3659 4 5 .
219 3635 132 28 Ridoways,
364 3636 106 27 Goyton,
481 3638 46 21 and
536 3638 71 22 Earf.

53 3674 39 23 To
107 3678 160 23 Gentlemen
285 3680 88 27 going
386 3683 30 19 to
430 3682 157 27 Wanganui
606 3688 31 16 or

270 3707 46 21 the
331 3707 81 21 Bush.

54 3734 85 48 FOR
153 3738 85 28 SALE,
254 3742 23 19 at
294 3739 39 22 the
352 3740 75 22 Stores
447 3741 26 20 of
493 3741 38 22 the
549 3742 88 22 Under-

124 3763 83 30 signed,
219 3773 14 14 a
242 3765 61 28 large
318 3766 104 28 quantity
439 3767 27 21 of
477 3767 52 27 first,
546 3768 89 28 second,

54 3790 44 19 and
120 3789 59 23 third
202 3792 86 27 quality
306 3793 89 26 biscuit,
414 3794 125 22 warranted
564 3795 73 27 newly

53 3815 78 28 baked,
141 3817 45 22 and
195 3821 24 19 at
226 3821 116 20 moderate
350 3819 81 28 prices.

54 3873 5 5 .
80 3848 52 27 Any
141 3850 127 26 gentleman
280 3859 42 15 can
331 3852 58 22 have
399 3852 36 22 his
444 3859 50 15 own
501 3852 58 23 flour
565 3854 73 22 baked

53 3876 47 20 into
108 3875 85 30 biscuit,
203 3878 22 22 if
234 3878 111 28 required.

319 3913 146 22 Archadald
475 3913 134 23 Anderson,
649 3922 1 13 i
