2540 4010
127 407 165 24 SHIPPING
310 407 269 22 INTELLIGENCE.

281 468 142 21 ARRIVED.

89 505 53 25 May
158 505 33 24 15,
202 503 111 21 American
330 503 46 25 ship
392 502 67 20 Black
476 502 103 24 Warrior,
596 502 47 24 232,

63 532 128 25 Woodbury,
201 531 55 19 from
266 530 84 20 Hobart
358 530 65 19 Town
440 529 41 20 and
493 531 36 20 the
538 529 91 19 Thames
638 536 5 17 ;

63 565 69 20 cargo,
143 559 61 22 flour,
215 557 84 24 biscuit,
310 557 49 19 beef
374 556 41 20 and
430 556 61 25 pork.
520 556 123 25 Passengers

62 596 28 4 —
91 586 87 19 Messrs.
190 585 26 19 R.
228 585 45 19 Tod
282 584 43 19 and
334 583 138 20 Goodfellow.

89 612 53 26 May
153 613 32 23 19,
195 612 79 25 barque
289 611 60 19 Lord
365 611 92 19 William
474 610 109 23 Bentinck,
595 610 48 23 444,

63 640 62 26 Capt.
139 639 66 24 Crow,
216 638 55 20 from
280 637 92 22 London
381 644 5 17 ;
397 637 77 26 having
481 637 38 20 left
525 638 35 19 the
567 637 76 19 Downs

63 673 27 14 on
108 667 36 19 the
157 667 12 19 8
172 666 23 19 tli
211 665 23 20 of
248 665 95 26 January
352 672 5 17 ;
373 664 129 25 immigrants
513 664 41 20 and
563 658 80 31 general

63 706 69 20 cargo.

89 734 53 25 May
158 734 34 23 20,
203 732 47 26 brig
266 732 131 26 Speculator,
413 732 56 20 from
485 731 83 27 Sydney
576 739 5 16 ;
606 731 37 21 150

61 761 71 26 sheep,
144 761 40 20 and
193 760 85 25 general
287 765 69 20 cargo.

297 817 113 20 SAILED.

87 852 54 26 May
151 853 33 23 18,
193 851 47 26 brig
257 851 107 24 Portenia,
376 850 90 25 Frazler,
482 851 35 19 for
534 850 109 20 Molineux

61 880 98 20 harbour.

88 907 60 19 Same
158 906 46 25 day,
216 906 102 20 schooner
337 905 58 20 Sand
409 905 47 25 Fly,
466 905 34 20 for
510 904 119 26 Wanganui
638 912 5 17 ;

61 934 85 25 general
156 939 69 20 cargo.

283 992 34 20 IN
332 992 82 22 PORT.

117 1028 81 25 Barque
208 1026 60 25 Lady
277 1027 94 24 Nugent,
381 1026 85 26 Santry.

117 1055 108 20 Schooner
233 1054 70 24 Eliza,
316 1053 108 21 Sheridan.

115 1093 4 5 •
226 1081 80 25 Bailey,
317 1080 95 20 Sinclair.

117 1109 82 25 Barque
209 1109 103 24 Olympus,
322 1108 79 19 White.

96 1153 3 4 .
117 1136 111 20 American
237 1136 47 25 ship
297 1136 79 23 Triton,
386 1134 86 20 Bowen.

117 1164 107 19 Schooner
233 1164 66 22 Anne,
308 1162 57 20 Joss.

229 1190 105 24 Surprise,
346 1189 83 25 Lundy.

228 1217 61 24 Jane,
299 1216 111 20 Williams.

117 1245 111 20 American
237 1244 47 25 ship
294 1244 67 19 Black
374 1243 103 23 Warrior,
487 1242 129 25 Woodbury.

116 1272 82 26 Barque
208 1272 58 19 Lord
278 1271 92 20 William
379 1270 109 24 Bentinck,
500 1268 67 21 Crow.

117 1299 51 25 Brig
179 1299 130 25 Speculator.

193 1357 5 3 ■
209 1355 123 22 VESSELS
348 1355 71 21 NOW
429 1355 70 21 DUE.

88 1391 107 20 Schooner
206 1391 92 23 Success,
308 1390 57 21 from
375 1390 45 26 Bay
430 1390 24 19 of
463 1389 90 20 Islands.

91 1419 102 21 Victoria,
203 1418 97 20 Colonial
313 1418 55 25 brig,
378 1418 41 19 and
438 1416 88 21 H.M.S.
536 1416 107 24 Eavorlte,

61 1446 56 20 from
127 1445 118 20 Auckland.

88 1473 46 20 The
143 1472 104 24 Arachne,
258 1472 55 19 from
324 1472 90 25 Sydney.

88 1500 46 19 The
154 1500 105 25 Transfer,
276 1500 42 19 and
331 1500 37 19 the
385 1500 87 19 Thomas
488 1499 83 25 Raffles,
590 1498 53 20 from

61 1527 47 20 Van
118 1527 109 20 Dieman's
237 1527 66 20 Land.

89 1554 45 20 The
144 1554 71 25 Mary,
225 1554 55 20 from
291 1553 112 27 Liverpool
412 1554 42 19 and
465 1553 90 27 Sydney.

87 1581 45 21 The
158 1582 37 19 Sir
219 1581 55 20 John
296 1581 96 25 Falstaff,
412 1581 56 20 from
491 1580 90 20 London
604 1579 39 20 and

64 1608 92 26 Sydney.

88 1635 46 21 The
143 1636 59 25 Jane,
213 1635 55 21 from
278 1635 97 21 London.

89 1690 45 20 The
143 1690 47 26 brig
197 1691 61 24 Lucy
275 1690 77 25 Sharp,
363 1690 48 24 270,
422 1689 81 21 Hector
513 1689 77 24 M'Fie,
600 1694 43 14 was

60 1717 117 21 advertised
185 1720 23 18 to
218 1718 39 19 sail
265 1717 55 20 from
331 1717 97 20 London.

87 1751 45 20 The
142 1751 114 20 Katherine
266 1751 91 20 Sttwart
366 1751 83 25 Forbes,
457 1750 74 20 Alfred
539 1749 52 24 Fell,
602 1755 41 14 was

59 1780 23 17 to
93 1779 39 19 sail
142 1785 27 13 on
176 1779 36 19 the
223 1779 32 19 Ist
263 1778 23 19 of
297 1778 111 26 February,
419 1778 56 20 from
485 1778 96 23 London,
593 1777 50 19 with

61 1806 119 25 emigrants.
210 1806 21 19 It
246 1806 19 19 is
278 1806 37 19 the
330 1806 107 19 intention
452 1804 24 21 of
488 1805 37 19 the
535 1804 108 26 Company

59 1835 24 17 to
103 1833 74 20 devote
202 1833 37 19 her
264 1833 127 25 exclusively
409 1834 23 18 to
458 1837 71 21 young
550 1831 92 26 couples.

61 1860 57 20 Thus
129 1860 36 19 she
174 1860 44 19 will
234 1866 60 20 carry
304 1862 37 17 out
351 1860 35 19 the
418 1865 57 20 germ
485 1860 25 19 of
522 1859 71 19 future
611 1859 32 19 in-

169 1889 22 18 to
209 1893 12 14 a
237 1889 81 23 greater
335 1889 72 18 extent
421 1887 51 19 than
490 1893 41 19 any
545 1886 47 25 ship
609 1888 34 23 yet

61 1914 128 26 dispatched,
200 1921 23 13 as
238 1914 29 20 all
281 1915 53 19 have
352 1914 115 23 contrived,
477 1915 21 18 at
515 1914 53 19 least
586 1919 57 13 some

60 1942 97 24 families,
167 1943 39 18 not
216 1941 83 25 coming
308 1941 73 20 within
394 1942 37 19 the
442 1940 125 26 Company's
579 1940 63 24 rules,

60 1968 48 20 who
124 1969 52 20 have
197 1968 50 26 paid
265 1968 34 20 for
317 1968 55 20 their
390 1974 48 14 own
456 1973 105 21 passages.
563 1977 28 5 —
591 1967 52 20 New

63 1995 94 20 Zealand
164 1996 97 20 Journal.

86 2029 46 21 The
139 2030 139 23 Harrington,
281 2029 76 24 yrhich.
369 2031 36 20 put
418 2029 54 20 back
478 2028 134 27 JuJLondon,
623 2028 19 19 is

43 2055 5 3 '
57 2055 101 17 reported
166 2054 22 15 ro
198 2051 112 18 haveTreen
318 2052 129 17 condemned
456 2054 22 14 as
487 2055 66 13 unsea
554 2049 88 23 worthy.

152 2108 276 16 METEOROLOGICAL
442 2108 97 16 TABLE.

78 2136 43 17 For
128 2136 36 16 the
172 2136 56 16 week
236 2136 74 21 ending
322 2136 115 22 Thursday,
448 2136 51 21 May
511 2136 34 21 20,
558 2136 60 17 1841.

386 2743 125 18 REMARKS.

55 2761 83 20 Friday...
176 2762 10 15 8
256 2761 91 18 Moderate
353 2763 26 16 air
386 2764 36 16 and
430 2769 42 16 very
479 2766 36 16 fine
522 2766 85 18 weather.

176 2803 52 20 Ip.m.
297 2803 33 17 Do.
373 2804 33 18 Do.
447 2805 35 17 De.

176 2844 9 15 5
256 2844 64 21 Strong
332 2846 68 19 hreeze,
415 2846 69 21 cloudy,
501 2848 33 17 but
546 2853 45 16 very
604 2849 35 16 fine

298 2866 83 17 ■weather.

57 2883 35 16 5at.
99 2893 39 7 ......
176 2885 10 15 8
256 2886 64 20 Strong
328 2887 61 16 breeze
401 2888 36 16 and
445 2892 42 17 very
493 2889 41 17 fine.

176 2926 52 19 Ip.m.
298 2926 33 17 Do.
374 2928 33 16 Do.
450 2929 33 17 Do.

176 2967 10 15 5
256 2968 64 20 Strong
326 2968 67 19 breeze,
402 2970 70 17 several
479 2971 83 17 showers.

56 3006 82 21 Sunday..
176 3008 10 15 8
256 3008 64 21 Strong
326 3010 61 16 breeze
395 3011 35 16 and
437 3011 41 17 fine.

176 3049 52 20 Ip.m.
298 3050 33 17 Do.
373 3051 32 17 Do.
449 3053 33 16 Do.

175 3091 10 14 5
298 3091 33 17 Do.
374 3092 33 17 Do.
450 3094 33 17 Do.

55 3130 83 21 Monday.
176 3132 9 15 8
255 3133 64 20 Strong
325 3133 45 20 gale,
377 3134 44 17 with
427 3135 84 21 frequent
519 3136 84 18 showers.

175 3173 52 19 Ip.m.
255 3174 64 20 Strong
326 3175 45 20 gale,
379 3175 70 21 cloudy,
456 3177 33 16 but
496 3177 41 17 fine.

174 3214 10 15 5
296 3215 33 17 Do.
373 3217 32 16 Do.
449 3217 33 17 Do.

56 3253 82 21 Tuesday
175 3255 10 16 8
256 3255 90 18 Moderate
352 3257 62 17 breeze
421 3259 37 15 and
465 3259 40 17 fine.

175 3296 52 20 Ip.m.
296 3297 33 17 Do.
372 3299 33 17 Do.
449 3299 32 17 Do.

174 3337 10 15 5
296 3338 32 17 Do.
371 3340 33 16 Do.
447 3340 33 17 Do.

54 3374 44 19 Wed
174 3378 10 16 8
296 3379 33 17 Do.
371 3380 33 18 Do.
447 3382 32 16 Do.

174 3419 54 20 Ip.m.
296 3419 33 18 Do.
371 3421 33 17 Do.
447 3422 33 17 Do.

174 3460 10 16 5
296 3461 33 17 Do.
371 3462 33 17 Do.
446 3464 34 16 Do.

53 3500 58 17 Thura
117 3512 19 6 ...
174 3502 9 15 8
254 3502 64 20 Strong
324 3503 62 16 breeze
393 3504 35 16 and
435 3504 42 17 fine.

174 3543 52 19 Ip.m.
296 3543 33 17 Do.
372 3544 32 17 Do.
447 3546 32 16 Do.

174 3584 9 15 5
294 3584 33 17 Do.
370 3585 32 16 Do.
446 3586 33 18 Do.

226 3651 116 22 LATEST
355 3652 109 22 DATES.

1283 115 72 24 which
1366 115 30 23 he
1409 114 136 24 distributed
1555 118 105 26 amongst
1670 114 38 23 his
1720 113 147 28 subscribers,

1283 148 119 31 appealing
1413 151 23 19 to
1448 148 59 22 their
1519 146 122 32 sympathy
1653 148 90 29 against
1760 146 38 24 the
1816 153 52 23 pro-

1284 181 104 30 ceedings
1401 181 25 23 of
1439 180 150 31 Willoughby
1601 179 132 29 Shortland,
1745 179 53 31 Esq
1806 188 5 20 ;
1824 178 45 24 and

1282 218 22 19 at
1315 214 40 23 the
1365 214 63 23 time-,
1432 221 33 16 we
1475 213 55 24 read
1540 212 69 29 them,
1616 220 35 15 we
1658 219 59 16 were
1725 212 79 23 struck
1815 211 54 24 with

1282 246 37 24 the
1332 246 63 24 truth
1401 246 26 22 of
1435 245 37 24 the
1481 245 112 24 remarks.
1631 245 51 23 Our
1689 249 177 26 contemporary,

1282 279 55 24 with
1348 278 97 31 feelings
1456 278 75 23 which
1543 278 38 23 did
1595 277 49 24 him
1660 278 97 28 honour,
1774 277 95 24 resisted

1283 312 37 23 the
1333 315 96 27 attempt
1439 316 23 18 to
1500 319 45 22 gag
1575 311 47 23 him
1634 311 24 22 in
1670 310 38 23 the
1720 309 148 29 frea'expres-

1284 346 47 22 sion
1352 344 24 24 «f
1397 344 38 23 his
1451 344 102 31 political
1577 344 104 30 opinions
1691 353 5 19 ;
1721 343 41 23 but
1780 351 34 16 we
1830 350 38 15 are

1283 377 69 30 really
1364 381 23 19 at
1399 385 14 15 a
1423 377 46 23 loss
1481 381 23 19 to
1517 377 104 23 conceive
1633 376 51 23 how
1693 376 87 23 human
1789 379 80 20 nature

1284 417 40 16 can
1342 410 58 22 have
1419 410 93 23 become
1531 417 24 15 so
1576 409 121 30 degraded,
1718 417 25 14 as
1766 412 23 19 to
1810 408 58 23 have

1283 442 95 24 induced
1408 442 48 24 him
1477 447 24 19 to
1524 450 91 15 assume
1638 441 39 24 the
1705 446 78 26 aspect
1806 441 23 23 of
1855 449 14 15 a

1317 475 102 30 fawning
1659 475 49 23 But
1737 475 67 23 times
1813 492 3 4 .
1830 482 38 16 are

1284 508 108 30 changed,
1404 515 33 16 we
1448 515 105 23 presume
1561 517 6 19 ;
1581 507 44 24 and
1637 511 40 19 bur
1690 511 177 27 contemporary,

1283 540 86 31 finding
1380 540 51 23 that
1440 541 37 23 his
1490 541 142 23 subscribers
1643 540 46 23 had
1707 548 29 16 no
1752 540 70 24 relish
1832 540 35 24 for

1283 573 34 23 his
1334 572 71 24 mock
1416 574 134 30 patriotism,
1570 573 98 31 thought
1682 573 51 23 that
1745 574 39 23 the
1796 574 71 23 better

1283 610 50 27 part
1350 605 24 24 of
1389 606 79 24 valour
1486 614 46 16 was
1551 606 130 28 discretion,
1695 606 45 23 and
1757 606 111 24 therefore

1282 638 45 25 laid
1338 638 36 23 his
1386 638 84 25 talents
1482 639 44 24 and
1536 638 37 24 his
1585 639 128 31 patriotism
1731 643 23 19 at
1772 640 38 23 the
1823 639 46 23 feet

1284 672 23 23 of
1321 671 37 23 his
1369 672 127 31 Sovereign
1496 685 32 3 —
1529 672 39 23 the
1576 672 119 23 Governor
1708 672 25 23 of
1744 672 58 23 New
1809 672 58 23 Zea-

1282 704 60 24 land.
1377 704 46 24 We
1436 705 52 30 beg,
1500 705 111 28 however,
1623 709 25 18 to
1665 705 55 22 take
1740 713 29 14 an
1785 712 82 24 excep-

1283 739 46 22 tion
1341 741 22 19 to
1375 738 41 22 th«
1426 745 94 16 manner
1531 739 25 21 in
1568 737 73 23 which
1649 745 40 15 our
1700 738 106 30 patriotic
1815 745 52 15 con-

1283 775 129 26 temporary
1430 778 119 24 expresses
1566 771 37 22 his
1625 770 121 23 new-born
1765 771 50 23 zeal
1831 770 36 23 for

1282 804 35 23 his
1328 806 101 26 master;
1447 804 45 22 and
1508 803 67 23 while
1592 804 28 22 he
1642 807 107 26 attempts
1761 808 23 18 to
1797 803 70 30 villify

1282 844 34 21 us,
1330 835 44 24 and
1386 837 143 29 courteously
1541 836 129 30 designates
1686 844 40 14 our
1740 836 90 30 journal
1842 844 25 15 as

1283 879 12 15 a
1329 868 99 31 hireling
1536 868 30 23 he
1578 868 82 23 should
1675 869 128 23 remember
1819 870 49 22 that

1282 905 35 28 he,
1336 903 198 29 unquestionably,
1547 901 21 23 is
1580 901 113 30 receiving
1705 901 38 23 the
1757 909 72 23 wages
1842 902 28 30 of

1283 945 12 15 a
1315 936 106 30 hireling,
1439 936 45 23 and
1496 943 32 15 we
1541 934 67 24 think
1618 934 75 24 would
1707 934 46 23 find
1773 935 17 23 it
1809 934 58 24 diffi-

1284 970 44 24 cult
1340 974 22 19 to
1373 977 71 23 prove
1455 969 50 23 that
1517 976 40 16 our
1573 967 93 32 journal
1683 969 21 21 is
1716 972 40 21 not
1768 976 24 15 as
1804 968 63 24 inde-

1282 1003 98 32 pendent
1399 1010 26 15 as
1442 1002 39 23 the
1499 1006 60 19 most
1577 1001 137 31 scrupulous
1733 1009 54 15 man
1804 1001 63 24 could

1284 1037 71 22 desire
1366 1037 20 21 it
1397 1039 23 19 to
1432 1035 36 23 be.

1315 1068 77 23 When
1404 1068 81 23 Butler
1504 1066 119 24 conceived
1643 1066 36 23 his
1696 1066 126 29 Hudibras,
1834 1074 33 16 we

1284 1101 66 25 think
1361 1101 29 23 he
1402 1101 45 23 had
1464 1108 62 16 some
1535 1100 55 23 such
1603 1101 164 22 circumstance
1778 1101 25 23 in
1813 1101 53 22 view

1284 1143 23 15 as
1319 1135 49 22 that
1376 1134 25 23 of
1420 1134 38 23 the
1469 1133 69 23 mock
1550 1133 129 31 patriotism
1689 1133 26 23 of
1728 1133 38 23 the
1781 1134 49 29 Bay
1845 1133 23 23 of

1284 1167 90 24 Islands
1396 1167 89 28 Editor,
1499 1167 23 21 in
1544 1166 112 30 throwing
1675 1174 31 23 up
1724 1166 37 23 his
1777 1166 90 32 journal

1283 1202 22 22 in
1318 1200 38 24 the
1367 1200 60 23 hour
1439 1200 24 23 of
1472 1199 57 23 need
1539 1207 5 15 :—:
1546 1211 34 3 —

1363 1237 53 23 And
1427 1238 127 21 sometimes
1564 1236 63 22 when
1639 1236 36 22 the
1685 1237 45 21 loss
1740 1237 19 21 is
1769 1236 69 27 small,

1308 1265 54 22 And
1373 1265 85 26 danger
1467 1267 69 23 great,
1547 1263 54 26 they
1612 1263 117 27 challenge
1740 1264 29 22 all
1775 1272 5 19 ;

1308 1292 65 22 Print
1381 1299 51 13 new
1442 1291 96 21 editions
1547 1293 23 18 to
1581 1290 57 21 their
1648 1289 73 28 feasts,

1308 1319 55 20 And
1374 1317 154 22 emendations
1537 1317 24 21 in

1316 1354 30 22 In
1358 1353 95 23 another
1470 1352 129 31 paragraph
1618 1352 26 22 of
1659 1352 39 22 the
1718 1352 96 23 circular
1830 1359 36 15 re-

1283 1387 97 23 referred
1393 1391 23 18 to
1429 1386 77 28 above,
1517 1385 45 23 this
1571 1385 105 31 patriotic
1686 1385 83 22 Editor
1778 1385 73 23 writes
1861 1394 5 13 :

1306 1420 51 23 The
1370 1419 157 23 Government
1540 1418 24 22 of
1574 1418 57 23 New
1651 1418 101 23 Zealand
1765 1418 53 23 does
1828 1422 38 18 not

1283 1453 56 23 wish
1351 1460 12 15 a
1368 1452 58 30 free
1436 1459 74 23 press.
1562 1451 60 23 How
1635 1451 38 23 did
1684 1451 30 23 he
1726 1451 68 23 know
1804 1450 62 24 that?

1284 1486 33 23 Or
1329 1486 109 29 knowing
1449 1486 18 22 it
1467 1497 33 4 —
1502 1484 36 31 (in
1555 1484 80 28 which,
1649 1484 30 30 by
1696 1484 39 23 the
1747 1491 56 24 way,
1816 1491 50 23 per-

1283 1519 55 30 haps
1354 1518 29 23 he
1404 1526 46 15 was
1470 1522 41 19 n»t
1526 1517 35 24 far
1581 1516 60 32 out,)
1642 1529 33 4 —
1675 1517 30 23 lie
1723 1517 42 23 has
1785 1516 81 32 proved

1284 1552 120 23 ambitious
1423 1552 25 22 of
1463 1550 38 24 the
1519 1550 89 23 honour
1626 1550 26 23 of
1666 1550 86 30 having
1764 1550 37 23 the
1816 1550 49 23 first

1283 1585 105 23 shackled
1404 1592 80 23 press;
1511 1583 43 24 and
1575 1583 41 23 has
1639 1583 93 30 hastily,
1752 1591 26 15 as
1800 1583 19 23 if
1837 1583 29 30 by

1282 1618 101 28 instinct,
1408 1617 88 23 thrown
1518 1616 33 23 off
1571 1616 36 23 his
1636 1616 124 30 allegiance
1785 1621 23 18 to
1829 1615 37 24 the

1283 1651 86 31 people,
1383 1650 45 24 and
1438 1650 93 23 become
1543 1649 38 24 the
1592 1649 93 23 humble
1698 1653 92 19 servant
1798 1648 23 25 of
1829 1649 37 23 the

1285 1684 163 22 Government.

1315 1716 25 24 It
1358 1716 76 24 would
1450 1716 29 23 he
1500 1717 70 29 tiring
1589 1715 38 23 the
1650 1716 104 30 patience
1778 1715 25 23 of
1827 1722 39 16 our

1284 1750 89 23 readers
1386 1749 89 23 further
1493 1754 23 18 to
1529 1756 84 23 expose
1627 1748 45 23 this
1689 1748 126 23 shameless
1822 1752 44 19 ter-

1283 1783 138 31 giversation
1432 1782 24 24 in
1462 1790 15 16 a
1483 1781 77 32 pahlic
1568 1786 99 19 servant.
1704 1781 50 23 The
1764 1781 102 31 jealousy

1283 1816 54 23 with,
1348 1816 75 23 which
1434 1816 45 23 this
1498 1815 130 22 settlement
1639 1815 20 22 is
1677 1815 86 22 viewed
1781 1815 31 31 by
1827 1821 39 16 our

1283 1849 108 23 northern
1401 1848 86 24 friends
1498 1848 28 28 is,
1547 1848 24 22 of
1588 1855 86 21 course,
1696 1848 39 22 the
1747 1847 45 31 key
1804 1852 21 19 to
1837 1847 29 22 all

1282 1881 35 24 his
1327 1882 96 30 ravings
1438 1882 25 22 in
1481 1881 39 23 the
1541 1880 149 23 Government
1698 1881 101 29 journal.
1841 1879 25 24 Is

1282 1915 17 23 it
1310 1915 82 25 decent,
1403 1915 26 22 in
1439 1914 38 23 the
1498 1914 157 23 Governmeat
1665 1918 23 18 to
1708 1914 94 22 connive
1820 1917 22 19 at
1855 1921 11 15 a

1282 1955 52 16 man
1357 1947 131 31 slandering
1511 1955 13 14 a
1551 1946 141 31 respectable
1721 1947 144 29 community,

1281 1981 59 23 from
1362 1980 77 23 which
1461 1980 140 29 community
1623 1980 19 22 it
1665 1980 46 22 will
1734 1979 75 23 derive
1836 1979 30 23 its

1271 2020 1 24 )
1283 2018 101 19 creates*,
1395 2013 122 21 ravenua.?.
1545 2013 28 22 A
1581 2013 42 20 few
1644 2012 78 23 weeks
1733 2012 47 23 will
1792 2011 74 24 decide

1282 2041 99 23 whether
1403 2042 67 30 Capt.
1496 2041 98 23 Hobson
1613 2041 42 22 has
1675 2043 133 22 authorised
1828 2042 37 22 the

1282 2081 64 23 gross
1364 2074 47 23 and
1427 2074 81 30 vulgar
1526 2074 76 31 praise
1620 2073 104 23 lavished
1740 2082 61 23 upon
1819 2074 47 22 him

1282 2107 28 30 by
1322 2107 46 23 this
1380 2107 160 31 contemptible
1558 2114 78 24 paper.
1673 2107 27 22 If
1709 2107 38 22 the
1760 2112 51 19 tone
1823 2107 43 22 and

1282 2139 56 31 style
1350 2140 28 22 he
1398 2140 128 28 continued,
1540 2140 38 22 the
1596 2140 142 31 publication
1755 2140 46 23 will
1814 2140 52 22 then

1281 2173 91 23 become
1383 2173 105 23 valuable
1501 2180 24 16 as
1538 2173 106 23 evidence
1656 2173 25 23 of
1690 2173 39 23 the
1742 2173 71 24 talent
1822 2173 44 23 and

1282 2209 56 19 taste
1350 2205 25 23 of
1383 2206 40 22 the
1434 2206 125 22 Auckland
1571 2206 164 22 Government.

1306 2277 42 22 We
1358 2281 75 24 regret
1441 2281 22 18 to
1474 2285 118 15 announce
1602 2279 38 21 the
1651 2278 55 22 total
1716 2279 72 21 wreck
1799 2278 24 22 of
1828 2277 37 23 the

1281 2303 107 23 schooner
1404 2306 116 26 Elizabeth,
1536 2305 58 21 from
1610 2305 45 22 this
1670 2309 58 24 port,
1740 2313 29 13 on
1786 2313 13 14 a
1813 2305 52 26 reef,

1281 2334 38 18 not
1337 2331 46 21 laid
1401 2331 64 23 down
1481 2333 24 21 in
1523 2331 37 22 the
1575 2331 71 28 chart,
1656 2339 68 15 seven
1738 2332 63 22 miles
1809 2331 56 22 from

1281 2357 36 22 the
1336 2357 66 23 shore
1420 2359 102 21 between
1540 2359 38 21 the
1585 2381 3 4 .
1597 2359 49 26 Bay
1670 2359 26 21 of
1713 2359 88 21 Islands
1822 2359 43 21 and

1281 2384 128 22 Auckland.
1437 2385 37 22 No
1482 2385 56 22 lives
1545 2392 57 15 were
1609 2385 52 21 lost.
1689 2385 49 22 The
1747 2385 73 22 wreck
1825 2385 40 21 has

1281 2411 59 21 since
1349 2411 59 21 been
1419 2412 55 27 sold,
1485 2412 44 22 and
1540 2412 97 22 realized
1650 2412 55 22 £34.
1735 2412 47 22 The
1797 2415 68 19 cutter

1280 2439 105 25 Harriett,
1395 2438 73 22 which
1477 2438 41 22 left
1522 2439 44 21 this
1573 2442 50 24 port
1627 2439 37 21 the
1670 2446 61 14 same
1736 2439 49 26 day,
1792 2438 73 22 bound

1280 2465 34 21 for
1322 2465 39 21 the
1376 2463 48 28 Bay
1435 2465 25 21 of
1474 2465 88 22 Islands
1574 2465 44 21 and
1637 2465 126 27 Auckland,
1775 2466 40 21 has
1827 2469 38 17 not

1281 2491 59 22 since
1358 2491 59 22 been
1439 2492 71 22 heard
1533 2492 29 27 of,
1588 2492 45 21 and
1651 2493 18 20 it
1691 2492 20 21 is
1733 2492 76 22 feared
1826 2491 39 22 has

1280 2518 124 22 foundered
1414 2521 22 19 at
1445 2526 44 14 sea.
1519 2519 48 21 The
1577 2519 116 26 stranding
1703 2519 26 21 of
1743 2519 36 21 the
1791 2520 74 19 Jewess

1281 2552 41 14 was
1340 2545 134 21 announced
1490 2552 14 14 a
1520 2545 62 21 short
1595 2545 54 21 time
1666 2546 70 21 since.
1765 2546 43 21 She
1822 2552 43 15 was

1281 2571 52 27 sold,
1348 2571 44 22 last
1402 2571 68 26 week,
1482 2571 35 22 for
1526 2572 68 22 £113.
1623 2572 73 21 These
1705 2579 58 15 were
1773 2573 38 21 the
1820 2573 45 21 first

1280 2598 81 21 vessels
1371 2598 80 21 owned
1462 2599 61 26 here,
1540 2599 46 21 and
1594 2606 24 14 as
1633 2598 54 27 they
1696 2606 58 14 were
1772 2599 93 26 actively

1281 2624 116 27 employed
1406 2625 24 21 in
1440 2632 40 14 our
1491 2625 101 27 coasting
1601 2625 69 26 trade,
1678 2632 34 14 we
1721 2625 47 22 fear
1777 2625 38 22 the
1823 2629 42 18 set-

1280 2651 93 22 tlement
1380 2651 46 21 will
1435 2651 44 22 feel
1490 2651 56 22 their
1554 2651 45 22 loss
1608 2651 24 21 in
1643 2658 29 14 an
1680 2652 118 21 enhanced
1806 2651 59 28 price

1280 2678 23 21 of
1316 2678 132 28 provisions.
1481 2677 41 22 We
1538 2678 57 27 hope
1613 2686 41 13 our
1672 2678 190 33 fellow-colpnists

1280 2704 44 22 will
1334 2707 40 19 not
1383 2704 28 22 be
1422 2704 145 27 discouraged
1576 2705 29 26 by
1618 2704 38 22 the
1665 2704 46 22 fate
1722 2705 25 21 of
1754 2705 58 22 their
1820 2705 45 21 first

1281 2731 128 27 adventure,
1420 2731 41 21 but
1470 2731 44 21 will
1524 2731 52 21 seek
1591 2736 22 16 to
1622 2730 67 22 make
1698 2731 59 26 good
1772 2731 37 23 the
1822 2731 43 22 loss

1279 2758 28 27 by
1322 2758 89 27 getting
1421 2757 63 23 other
1500 2757 83 22 vessels
1597 2758 58 21 from
1672 2757 38 22 the
1721 2758 102 27 colonies,
1841 2766 24 14 or

1279 2784 56 22 from
1350 2784 112 27 England.
1491 2784 42 21 We
1548 2784 69 27 ought
1634 2788 22 18 to
1672 2784 59 22 have
1747 2788 24 18 at
1785 2785 53 22 least
1853 2792 12 14 a

1280 2811 69 21 dozen
1360 2811 63 27 craft,
1435 2811 25 21 of
1466 2815 98 23 tonnage
1572 2811 102 22 between
1687 2811 70 28 thirty
1767 2812 45 22 and
1823 2818 42 15 one

1279 2838 101 21 hundred
1390 2841 58 23 tons,
1460 2841 22 18 to
1495 2838 95 22 conduct
1597 2838 38 21 the
1646 2838 62 22 trade
1719 2846 30 14 on
1759 2838 37 22 the
1807 2841 58 19 coast

1280 2871 49 15 now
1340 2871 57 20 open
1409 2867 22 19 to
1441 2864 43 22 this
1493 2868 57 23 port.

1303 2918 68 22 From
1379 2919 63 26 Capt.
1452 2918 118 27 Williams,
1589 2919 26 21 of
1632 2919 38 21 the
1684 2921 61 26 Jane,
1758 2928 31 14 we
1804 2921 60 21 learn

1279 2945 46 22 that
1334 2945 63 21 there
1413 2952 44 15 was
1470 2953 68 20 cv.cry
1553 2949 103 24 prospect
1672 2947 26 22 of
1717 2954 22 15 a-
1745 2947 119 23 successful

1278 2972 95 26 whaling
1380 2979 80 15 season
1470 2980 30 13 on
1510 2972 37 22 the
1554 2976 68 18 coast.
1651 2973 49 23 The
1707 2974 49 26 brig
1762 2975 100 26 Islander,

1278 2999 56 21 from
1355 2999 89 21 Hobart
1461 2999 77 27 Town,
1559 2999 83 26 caught
1660 3004 44 18 two
1724 3001 82 22 whales
1822 3001 42 21 last

1280 3025 59 22 week
1348 3025 23 21 in
1382 3025 86 27 Cloudy
1478 3026 49 27 Bay
1533 3034 6 19 ;
1554 3026 45 22 and
1610 3026 45 22 Mr.
1667 3026 62 22 John
1745 3027 119 23 Madeira's

1278 3055 63 24 party
1360 3051 47 22 also
1427 3052 105 22 obtained
1549 3055 44 19 two
1611 3052 90 28 whales,
1722 3055 99 26 yielding
1839 3056 25 20 14

1279 3083 54 17 tons.
1362 3078 49 22 The
1421 3078 49 28 ship
1484 3079 70 20 James
1566 3081 97 25 Stewart,
1676 3080 64 28 Capt.
1750 3081 111 26 Dorarity,

1279 3109 36 18 out
1332 3105 79 21 twelve
1428 3105 89 22 months
1531 3106 59 22 from
1607 3107 99 26 Sydney,
1724 3115 44 15 was
1785 3116 28 13 on
1826 3107 38 22 the

1278 3139 37 15 eve
1326 3132 26 21 of
1362 3132 119 26 departure
1490 3133 34 21 for
1535 3133 31 21 St.
1577 3133 86 26 John's,
1675 3133 187 28 Newfoundland,

1278 3158 51 22 with
1338 3159 55 21 2500
1402 3158 84 22 barrels
1495 3159 73 28 black,
1584 3160 44 22 and
1641 3161 41 21 350
1694 3161 84 22 barrels
1792 3168 72 21 sperm

1278 3185 34 21 oil.

1921 2008 48 22 The
1980 2009 130 32 Prospectus
2119 2010 26 22 of
2152 2011 38 21 the
2227 2010 56 22 New
2293 2009 102 24 Zealand
2404 2012 77 27 Sperm

1896 2035 78 21 Whale
1984 2035 92 27 Fishing
2235 2037 73 21 which
2318 2038 45 20 will
2373 2039 27 20 be
2410 2039 71 20 found

1895 2060 22 19 in
1929 2061 95 20 another
2036 2062 93 24 column,
2149 2058 46 24 will
2210 2062 29 20 be
2253 2063 56 20 read
2323 2063 54 21 with
2390 2064 94 21 interest

1896 2085 29 26 by
1935 2085 29 22 all
1974 2086 50 21 who
2038 2087 107 27 sincerely
2156 2088 71 21 desire
2238 2088 37 21 the
2286 2088 164 23 advancement
2459 2091 26 20 of

1895 2112 57 21 New
1970 2112 107 23 Zealand.
2105 2114 94 27 Indeed,
2217 2121 33 14 we
2265 2115 67 22 know
2349 2116 27 21 of
2388 2116 94 27 nothing

1895 2138 73 21 better
1983 2139 123 22 calculated
2120 2143 22 19 to
2163 2143 100 25 promote
2280 2142 39 21 the
2335 2143 146 21 Commercial

1895 2166 124 27 prosperity
2030 2166 25 22 of
2067 2166 35 21 the
2117 2175 79 19 young
2210 2168 87 27 Colony
2306 2169 55 21 than
2371 2176 14 14 a
2398 2169 52 22 fleet
2460 2171 25 20 of

1896 2190 105 28 Whaling
2011 2192 60 28 ships
2081 2194 78 21 owned
2171 2194 31 26 in,
2214 2194 45 22 and
2269 2196 82 26 sailing
2359 2199 40 18 out
2415 2197 25 21 of
2453 2197 28 21 its

1896 2218 102 22 different
2008 2220 70 21 Ports.
2105 2220 66 28 True,
2183 2229 13 13 a
2211 2220 54 23 fleet
2279 2222 19 21 is
2312 2226 40 18 not
2368 2222 54 22 here
2430 2230 51 19 pro-

1895 2245 74 27 posed,
1971 2256 29 4 —
2000 2246 41 21 but
2058 2254 31 14 we
2103 2246 58 23 have
2175 2247 38 22 the
2230 2251 46 18 tree
2291 2248 50 22 first
2356 2249 45 21 and
2417 2251 66 20 after-

1896 2271 70 22 wards
1973 2272 38 21 the
2028 2272 59 27 fruit,
2089 2284 26 4 —
2116 2274 45 22 and
2171 2274 48 21 that
2228 2274 74 22 which
2316 2283 53 19 may
2379 2283 50 15 now
2444 2283 39 20 ap-

1895 2305 54 19 pear
1957 2299 155 28 insignificant,
2123 2308 54 20 may
2183 2301 23 21 in
2217 2302 54 21 time
2278 2302 63 21 swell
2349 2302 48 22 into
2406 2307 77 17 extent

1895 2324 47 22 and
1958 2325 144 27 importance.
2129 2327 49 22 The
2194 2331 91 23 present
2300 2329 20 21 is
2336 2329 54 27 only
2404 2336 13 15 a
2430 2329 51 22 trial

1895 2354 101 25 attempt,
2012 2353 45 21 and
2075 2361 23 14 as
2112 2354 38 21 the
2167 2354 132 27 Prospectus
2316 2358 75 24 states,
2407 2363 29 15 on
2451 2357 30 21 its

1895 2385 87 15 success
1994 2387 25 12 or
2029 2380 75 21 failure
2114 2380 46 22 will
2170 2381 88 27 depend
2267 2382 38 22 the
2314 2382 76 22 future
2404 2390 77 20 opera-

1895 2404 59 22 tions
1964 2406 26 21 of
1996 2405 43 22 this
2046 2407 71 21 useful
2124 2407 126 28 Company.

1921 2431 48 22 The
1988 2432 134 28 advantages
2141 2434 28 22 of
2182 2434 43 21 this
2242 2434 152 28 undertaking
2406 2439 23 19 to
2442 2436 39 22 the

1895 2457 48 26 Bay
1954 2458 120 35 ofj.slands
2084 2467 35 15 are
2129 2467 24 15 so
2164 2465 115 23 apparent,
2291 2462 46 21 and
2345 2465 61 19 must
2418 2463 27 21 be
2457 2470 25 14 so

1895 2483 196 25 welrunderstood
2103 2487 30 26 by
2143 2495 13 14 a
2172 2488 149 22 Commercial
2335 2490 145 27 community,

1894 2511 55 21 such
1968 2519 24 14 as
2008 2520 51 14 ours
2076 2514 25 24 is,
2118 2514 50 21 that
2185 2514 18 21 it
2219 2514 74 23 would
2312 2516 29 21 be
2355 2516 87 21 tedious
2458 2520 24 18 to

1895 2542 129 18 enumerate
2034 2539 67 23 them.
2128 2540 50 22 The
2188 2545 195 18 commencement
2393 2543 25 21 of
2427 2542 55 22 such

1895 2571 27 14 an
1936 2565 150 28 undertaking
2096 2567 17 21 is
2125 2566 80 29 highly
2219 2568 123 22 creditable
2356 2572 23 18 to
2394 2568 36 22 the
2444 2570 39 20 in-

1894 2590 113 23 habitants
2018 2592 26 21 of
2056 2593 37 21 the
2104 2594 55 26 Bay.
2190 2595 75 21 Proud
2274 2603 38 14 are
2323 2603 33 14 we
2366 2599 22 18 to
2397 2595 57 22 have
2464 2596 18 21 it

1894 2617 23 21 in
1936 2625 39 14 our
1989 2626 74 19 power
2077 2623 22 18 to
2112 2620 80 22 record
2207 2621 39 21 the
2263 2622 103 27 example
2382 2622 50 22 thus
2448 2626 35 18 set

1895 2646 22 19 to
1928 2644 37 21 the
1975 2645 65 21 other
2055 2646 60 21 Ports
2125 2647 26 20 of
2159 2648 56 21 New
2225 2648 109 22 Zealand.
2364 2648 22 22 It
2394 2649 19 21 is
2421 2650 60 26 truly

1893 2670 122 28 gratifying
2032 2676 21 17 to
2069 2674 107 26 perceive,
2188 2674 49 21 that
2250 2674 38 22 the
2298 2675 63 27 spirit
2371 2676 26 21 of
2408 2679 74 18 enter-

1893 2697 61 27 prize
1964 2698 44 21 still
2019 2699 67 21 exists
2095 2707 4 19 ;
2114 2700 45 21 and
2173 2700 85 27 though
2271 2701 45 22 this
2330 2702 63 27 spirit
2406 2702 18 21 is
2435 2710 47 14 cer-

1895 2724 71 26 tainly
1975 2729 41 17 not
2030 2733 24 13 so
2063 2725 66 28 lively
2139 2734 24 14 as
2180 2727 17 21 it
2206 2735 45 13 was
2261 2735 62 15 some
2340 2728 35 21 six
2389 2736 24 14 or
2422 2729 61 27 eight

1894 2751 89 21 months
2000 2759 48 19 ago,
2066 2756 36 22 yet
2116 2754 17 20 it
2149 2754 19 21 is
2185 2756 21 19 to
2223 2754 29 21 be
2268 2754 76 28 hoped
2357 2755 49 22 that
2418 2755 65 22 when

1894 2777 63 21 these
1972 2778 48 21 dull
2034 2778 64 22 times
2109 2779 58 22 shall
2183 2780 58 22 have
2256 2782 82 26 passed
2351 2789 71 20 away,
2437 2782 44 22 and

1894 2803 65 22 when
1980 2804 38 22 the
2041 2810 87 22 present
2152 2807 138 22 excitement
2312 2808 25 21 in
2357 2808 80 23 favour
2460 2809 25 22 of

1894 2831 121 22 Auckland
2026 2831 55 22 shall
2096 2832 54 22 have
2161 2834 111 27 subsided,
2284 2834 49 22 that
2349 2834 38 23 the
2397 2835 47 27 Bay
2460 2836 25 21 of

1895 2857 87 22 Islands
2003 2858 45 22 will
2067 2866 52 15 once
2138 2867 63 14 more
2222 2860 51 23 take
2291 2861 30 21 its
2343 2869 81 19 proper
2437 2862 45 22 and

1894 2884 88 21 natural
1997 2885 72 27 stand,
2080 2886 43 22 and
2136 2886 49 22 that
2199 2887 29 22 its
2244 2888 102 26 energies
2354 2888 47 22 will
2414 2889 28 21 be
2457 2896 24 16 as

1894 2911 109 27 powerful
2013 2912 45 22 and
2067 2912 28 22 its
2103 2914 125 27 enterprise
2239 2921 23 15 as
2269 2915 74 22 active
2352 2922 25 14 as
2387 2922 58 15 ever.

1921 2937 53 22 This
1983 2938 20 22 is
2013 2939 106 27 certainly
2126 2947 30 14 an
2166 2940 162 23 unfavourable
2336 2945 101 18 moment
2446 2942 36 21 for

1916 2965 87 27 getting
2013 2973 30 20 up
2082 2966 35 21 the
2126 2967 154 27 undertaking
2288 2968 25 21 in
2321 2968 109 30 question,
2440 2968 42 22 but

1893 2991 58 21 from
1962 2991 37 22 the
2009 2992 114 23 smallness
2133 2993 26 22 of
2165 2994 38 21 the
2213 3001 50 15 sum
2272 2995 105 24 required
2387 3002 29 15 on
2425 2995 56 22 each

1893 3017 92 22 share—
1985 3018 59 22 from
2062 3019 36 22 the
2113 3020 82 22 almost
2209 3024 131 24 exemption
2355 3022 59 21 from
2427 3022 52 26 risk,

1893 3044 66 21 small
1973 3052 24 14 as
2013 3046 18 21 it
2044 3046 26 26 is,
2081 3046 65 26 being
2156 3046 71 22 borne
2243 3047 29 27 by
2282 3055 25 14 so
2320 3051 63 23 great
2392 3055 14 14 a
2414 3055 66 16 num-

1892 3071 47 26 ber,
1941 3082 28 4 —
1969 3072 51 26 and,
2037 3072 82 27 finally,
2130 3073 59 21 from
2204 3073 38 22 the
2255 3081 55 20 very
2322 3074 42 22 fair
2378 3078 103 24 prospect

1894 3097 25 21 of
1925 3098 72 27 profit,
2006 3106 35 13 we
2048 3098 55 22 have
2113 3106 29 14 no
2153 3099 70 22 doubt
2234 3100 26 22 of
2266 3100 79 28 seeing
2353 3101 39 22 the
2424 3102 56 21 New

1893 3123 101 23 Zealand
2016 3125 79 22 Whale
2114 3125 94 27 Fishing
2230 3127 119 27 Company
2396 3128 24 22 in
2438 3128 43 23 full

1893 3151 114 26 operation
2023 3152 77 21 within
2115 3160 13 14 a
2144 3159 57 21 very
2213 3152 63 23 short
2291 3161 67 20 space
2377 3154 26 21 of
2417 3155 61 22 time.

1892 3177 49 21 The
1949 3178 94 27 popular
2051 3179 51 27 plan
2116 3178 26 23 of
2152 3184 162 22 management
2327 3182 110 26 proposed
2449 3182 31 26 by

1893 3203 37 22 the
1949 3201 133 31 Prospectus
2098 3206 17 21 is
2130 3206 89 27 worthy
2236 3207 26 21 of
2272 3207 75 22 notice
2356 3215 5 14 :
2363 3219 27 3 —
2390 3208 31 27 by
2436 3208 44 21 this

1891 3230 54 27 plan
1956 3231 55 22 each
2026 3232 124 28 Proprietor
2162 3232 41 23 has
2212 3240 14 15 a
2235 3233 63 22 voice
2310 3234 25 21 in
2345 3234 135 28 conducting

1892 3257 38 22 the
1938 3258 73 22 affairs
2022 3259 25 21 of
2054 3259 37 22 the
2100 3260 124 26 Company.

1301 3238 46 21 Mr.
1359 3238 56 27 Bell,
1425 3245 28 15 an
1463 3239 148 27 enterprising
1618 3239 157 28 agriculturist,
1783 3239 81 23 started

1277 3272 26 14 on
1312 3264 143 28 Wednesday
1465 3265 120 28 sc'nnight,
1596 3270 23 18 to
1627 3267 129 22 endeavour
1766 3271 22 17 to
1797 3266 66 22 reach

1277 3291 127 27 Wanganui
1413 3292 29 27 by
1451 3291 62 22 land.
1543 3293 37 21 He
1589 3293 55 21 took
1653 3293 54 22 with
1716 3293 47 22 him
1777 3301 13 14 a
1804 3297 58 18 team

1277 3318 23 21 of
1307 3318 61 26 eight
1378 3318 101 22 bullocks
1489 3318 45 22 and
1543 3319 61 27 dray,
1616 3319 46 22 and
1670 3321 19 20 is
1705 3319 158 28 accompanied

1276 3345 27 27 by
1315 3344 35 22 his
1359 3347 44 19 two
1414 3352 65 20 sons;
1495 3345 43 21 the'
1544 3346 70 22 whole
1619 3350 66 24 party
1692 3354 58 14 were
1756 3346 107 28 sanguine

1277 3371 46 21 that
1333 3370 54 28 they
1397 3371 45 21 will
1451 3372 137 27 accomplish
1597 3373 38 21 the
1646 3373 105 32 journey.
1781 3373 82 23 Should

1276 3398 51 27 they
1336 3398 27 21 do
1374 3405 32 19 so,
1418 3398 45 21 and
1472 3405 33 15 we
1514 3398 96 28 heartily
1626 3400 56 21 wish
1696 3399 63 23 them
1769 3407 92 19 success,

1275 3425 19 21 it
1301 3424 47 22 will
1357 3424 28 22 be
1400 3424 37 22 the
1447 3425 49 21 first
1504 3427 60 19 team
1578 3426 73 22 which
1663 3426 41 22 has
1719 3427 80 26 passed
1813 3433 50 15 over

1276 3451 35 22 the
1321 3454 64 19 route
1392 3458 6 19 ;
1419 3451 44 22 and
1477 3451 45 22 will
1535 3452 29 21 be
1577 3459 29 15 an
1620 3453 123 21 additional
1761 3453 67 27 proof
1841 3453 25 21 of

1276 3478 36 21 the
1321 3478 163 27 practicability
1495 3478 25 21 of
1526 3485 14 14 a
1555 3478 59 27 good
1628 3479 56 21 road
1700 3479 69 27 being
1778 3479 85 23 formed

1275 3507 23 19 at
1308 3511 14 14 a
1339 3504 175 28 comparatively
1524 3505 65 21 small
1599 3506 84 26 outlay.

1301 3554 45 22 Mr.
1357 3554 32 22 Le
1400 3554 81 27 SouefF,
1491 3555 35 22 for
1536 3563 60 14 some
1604 3556 55 22 time
1667 3556 106 27 Landing
1779 3556 82 22 Waiter

1276 3584 21 19 at
1302 3581 44 22 this
1356 3584 57 24 port,
1420 3581 18 22 is
1446 3582 122 26 appointed
1575 3582 110 23 Collector
1693 3583 46 22 and
1744 3584 117 21 Treasurer

1276 3608 23 21 of
1312 3607 38 22 the
1368 3608 103 21 Customs
1487 3611 23 18 at
1524 3608 54 22 Port
1591 3609 131 27 Nicholson,
1735 3610 56 21 New
1807 3608 54 23 Zea-

1274 3634 59 22 land.
1337 3645 27 4 —
1364 3635 58 20 Port
1431 3635 81 25 Phillip
1518 3641 74 19 paper.

1919 3311 48 22 The
1982 3311 71 22 above
2068 3319 42 16 was
2190 3316 53 24 type
2333 3314 70 28 week,
2418 3315 61 22 since

1892 3337 65 22 when
1969 3346 31 13 we
2011 3346 36 15 see
2055 3347 29 14 no
2092 3340 100 21 occasion
2201 3340 35 21 for
2241 3340 94 28 making
2342 3341 134 27 alterations,

1891 3375 28 4 —
1921 3365 53 26 only
1992 3372 33 15 we
2042 3366 51 21 take
2106 3366 37 21 the
2160 3366 84 26 liberty
2262 3367 27 21 of
2310 3368 131 27 suggesting
2456 3371 22 18 to

1892 3391 38 21 the
1947 3391 126 28 Projectors
2093 3392 35 22 the
2145 3393 113 27 necessity
2273 3393 36 22 for
2327 3395 96 27 altering
2441 3394 36 21 the

1891 3417 58 22 Title
1969 3419 26 20 of
2007 3418 38 21 the
2065 3419 115 27 Company
2196 3419 59 22 from
2276 3419 14 12 •*
2299 3420 57 23 New
2379 3420 100 23 Zealand

1892 3444 116 27 Company
2046 3448 23 18 to
2091 3445 47 22 that
2159 3445 26 22 of
2205 3446 38 21 the
2281 3446 49 28 Bay
2346 3448 27 21 of
2391 3448 87 21 Islands

2043 3471 69 22 which
2120 3472 19 21 it
2145 3479 63 14 more
2219 3473 105 28 properly
2334 3474 26 22 is.
2389 3474 43 23 Let
2440 3474 37 22 the

1891 3496 49 27 Bay
1950 3497 25 21 of
1981 3497 89 22 Islands
2079 3498 115 28 Company
2204 3499 58 27 keep
2276 3500 66 23 itself
2352 3501 63 22 aloof
2420 3500 57 23 from

1890 3522 38 22 the
1942 3523 55 26 high
2013 3524 108 27 sounding
2131 3525 47 22 and
2194 3526 169 28 monopolizing
2378 3528 62 29 spirit
2455 3526 24 22 of

1890 3549 38 21 the
2035 3550 122 23 Nicholson
2330 3554 45 21 and
2389 3557 19 18 it
2422 3553 56 22 shall

1889 3575 58 22 have
1965 3583 40 15 our
2020 3577 50 22 best
2085 3581 97 24 support.
2218 3579 49 22 The
2282 3580 56 22 Port
2354 3580 123 23 Nicholson

1891 3602 117 27 Company
2018 3610 96 16 assumes
2123 3608 24 18 to
2157 3605 64 22 itself
2227 3606 37 22 the
2272 3613 127 21 cognomen
2408 3606 26 23 of
2440 3606 37 23 the

1914 3629 56 21 New
1980 3629 101 23 Zealand
2091 3631 114 28 Company
2212 3633 6 20 !
2256 3636 23 18 to
2290 3633 73 22 which
2373 3634 19 21 it
2399 3633 40 22 has
2448 3640 30 15 no

1890 3654 74 22 claim.
1992 3656 49 22 Tha
2051 3657 134 29 Company's
2196 3659 62 22 hired
2268 3659 143 29 Newspaper,
2424 3660 53 26 also,

1889 3685 19 17 it
1931 3681 69 28 styles
2022 3683 38 22 the
2178 3685 100 22 Zealand
2439 3686 38 21 the

2171 3719 33 14 we
2226 3713 144 22 denominate
2388 3714 45 21 it—
2433 3712 44 22 and

1889 3735 38 21 the
1949 3736 118 28 Company
2083 3738 79 22 should
2183 3739 29 21 be
2232 3739 74 28 styled
2411 3739 66 23 Stock

1889 3761 99 28 Jobbing

1916 3814 41 22 We
1968 3819 74 24 regret
2051 3817 48 21 that
2106 3821 61 19 want
2185 3819 29 21 of
2223 3826 65 19 space
2305 3819 99 28 compels
2417 3826 25 14 us
2452 3820 21 19 to

1889 3841 56 21 omit
1954 3841 36 23 the
2001 3843 106 23 insertion
2117 3844 23 22 of
2150 3852 30 14 an
2197 3845 76 22 article
2288 3846 97 21 written'
2392 3852 32 15 on-
2437 3845 36 21 the

1888 3874 122 16 rancorous
2020 3870 63 27 spirit
2092 3870 114 29 displayed
2216 3872 30 27 by
2255 3879 14 14 a
2281 3872 44 22 few
2436 3871 37 22 ad-

1888 3898 116 20 venturers
2044 3900 24 18 at
2092 3897 51 22 Port
2167 3898 125 23 Nicholson
2316 3899 94 22 towards
2434 3904 39 16 our

1300 3698 22 20 A
1344 3704 78 21 young
1435 3697 138 28 gentleman,
1590 3698 70 27 lately
1675 3698 95 27 bathing
1784 3699 25 21 in
1824 3697 37 22 the

1275 3723 133 28 Mississippi
1426 3725 66 26 river,
1512 3732 30 14 on
1563 3725 118 27 observing
1706 3732 62 14 some
1793 3724 68 23 ladies

1275 3750 108 27 suddenly
1400 3750 117 28 approach,
1528 3751 108 27 instantly
1651 3751 105 22 drowned
1774 3751 90 22 himself

1274 3777 57 22 from
1341 3777 94 22 motives
1446 3779 24 20 of
1477 3781 99 19 extreme
1587 3777 107 28 delicacy.

1299 3810 48 21 The
1357 3810 115 28 following
1488 3812 74 21 notice
1578 3812 18 21 is
1613 3811 120 27 placarded
1747 3812 86 26 against
1848 3817 13 15 a

1274 3836 67 23 house
1351 3837 23 21 in
1392 3837 65 27 Long
1461 3838 65 27 -lane,
1539 3838 136 27 Smithneld;
1676 3850 30 4 —
1791 3838 70 22 house

1274 3864 18 21 is
1309 3864 121 21 reemoved
1447 3864 68 23 lower
1531 3865 64 22 down
1613 3864 35 23 till
1663 3865 39 23 the
1718 3873 90 20 repares
1823 3871 37 15 are

520 35 98 31 THE
639 34 111 32 NEW
767 32 228 33 ZEALAND
1016 31 225 34 GAZETTE
1260 31 101 33 AND
1380 31 329 33 WELLINGTON
1733 30 290 33 SPECTATOR.

1991 112 85 24 BAY
2103 112 52 24 OF
2185 112 203 25 ISLANDS.

2048 172 113 20 JOYFUL
2175 172 108 20 NEWS.'
2291 174 43 18 Iff

1896 211 142 15 SEPARATION
2058 212 26 14 OF
2100 211 43 15 TH£
2162 212 94 15 ISLANDS
2272 212 29 14 OF
2317 212 50 14 NEW
2384 213 100 17 ZEALAND

1922 238 61 14 FROM
1999 238 50 14 NEW
2064 238 71 14 SOUTH
2151 238 77 15 WALES
2236 231 5 22 !
2261 238 47 15 AND
2326 239 158 17 APPOINTMENT

1922 264 28 14 OF
1965 264 37 14 HIS
2014 264 143 15 EXCELLENCY
2167 265 98 14 CAPTAIN
2275 265 103 15 WILLIAM
2389 266 94 21 HOBSON,

1923 290 74 14 ROYAL
2013 291 66 19 NAVY,
2096 291 23 14 AS
2135 291 122 15 GOVERNOR
2272 292 47 14 AND
2334 292 150 16 COMMANDER-

1924 317 105 14 IN-CHIEF
2044 317 58 14 OVER
2117 317 53 15 NEW
2184 318 113 14 ZEALAND.

659 116 91 60 New
780 116 212 60 Zealand
1022 116 242 60 Gazette.

716 177 69 22 AND
800 176 211 22 WELLINGTON
1026 176 183 22 SPECTATOR.

801 230 130 26 Saturday,
946 230 58 21 May
1017 230 36 26 22,
1067 230 62 21 1841.

706 284 51 24 The
767 285 86 30 barque
863 284 66 23 Lord
941 283 103 24 William
1054 283 117 29 Bentinck,
1187 284 67 31 Capt.

673 317 73 29 Crow,
760 317 88 24 arrived
860 324 30 15 on
907 316 146 30 Wednesday
1063 316 45 23 last
1119 316 59 23 from
1190 316 65 23 Lon-

673 350 51 29 don,
737 350 92 22 whence
841 350 41 22 she
894 349 72 23 sailed
975 357 29 15 on
1014 349 39 22 the
1072 348 54 30 2nd,
1139 349 44 23 and
1197 349 59 23 from

673 382 37 23 the
729 383 87 22 Downs
836 390 29 15 oa
884 382 38 23 the
946 381 41 24 Bth
1010 381 25 23 af
1054 381 107 27 January.
1209 382 47 22 She

672 417 79 28 brings
763 417 49 23 240
829 417 151 28 immigrants,
999 417 81 27 chiefly
1099 417 25 20 of
1138 417 38 20 the
1196 417 60 28 agri-

673 447 96 23 cultural
782 447 92 29 classes,
887 448 44 22 and
943 446 62 31 eight
1018 447 65 23 cabin
1094 454 144 23 passengers.

705 480 45 23 We
761 480 57 23 have
837 479 83 24 looked
930 487 53 16 over
993 478 40 25 the
1046 486 81 24 papers
1139 479 117 24 furnished

673 513 61 23 since
746 513 39 22 the
797 512 82 24 arrival
891 512 24 23 of
925 511 37 23 the
974 511 88 31 Bailey,
1077 511 43 23 and
1132 512 48 22 find
1194 512 62 24 them

673 545 82 23 almost
773 546 106 22 destitute
898 545 25 22 of
939 552 67 23 every
1023 545 68 30 thing
1102 544 70 23 either
1190 545 67 24 novel

673 586 24 15 or
713 578 143 30 interesting.

706 611 52 23 The
776 618 47 15 war
840 610 117 31 questions
975 610 58 23 have
1050 610 131 30 apparently
1198 610 58 24 been

673 644 89 28 settled,
770 643 88 30 though
870 651 13 15 a
891 650 49 16 new
952 643 88 31 subject
1053 651 92 22 appears
1157 644 100 30 recently

673 680 21 19 to
706 676 58 23 have
780 677 82 28 arisen,
875 676 132 30 apparently
1018 676 26 22 of
1058 676 86 30 trifling
1162 677 94 29 import-

673 717 62 21 ance,
755 710 41 22 but
815 708 154 24 nevertheless
987 708 92 24 deemed
1102 709 112 23 sufficient
1233 713 23 19 to

673 743 122 22 constitute
807 750 13 15 a
830 741 89 31 ground
930 741 25 23 of
970 741 47 23 fear
1028 741 49 23 that
1094 741 39 23 the
1148 742 108 23 amicable

672 774 107 23 relations
792 775 99 30 existing
903 774 102 23 between
1023 774 87 24 France
1129 774 43 23 and
1191 774 65 31 Eng-

673 807 53 23 land
737 815 53 22 may
801 811 40 19 not
858 807 29 23 be
900 807 146 23 maintained.
1082 807 57 23 This
1151 814 66 16 cause
1235 808 25 23 of

673 840 71 23 alarm
754 840 42 23 has
807 840 34 23 for
857 840 31 23 its
898 840 62 23 basis
973 848 12 15 a
997 840 89 30 quarrel
1102 840 101 23 between
1218 840 39 23 the

673 873 126 23 exhausted
818 873 90 23 nations
931 872 25 24 of
977 873 72 30 Spain
1070 873 44 23 and
1138 873 118 31 Portugal,

673 905 91 24 relative
782 910 23 18 to
824 905 37 24 the
879 906 130 30 navigation
1020 905 26 23 of
1060 905 39 23 the
1110 905 88 24 Duoro.
1234 906 24 24 It

673 939 18 22 is
704 938 50 23 said
764 938 46 23 this
821 938 89 31 mighty
919 946 67 15 cause
999 938 24 23 of
1033 942 86 19 contest
1129 939 31 30 by
1170 946 86 23 power-

673 971 44 23 less
736 971 89 31 people,
836 971 42 23 has
894 971 59 23 been
971 971 92 31 warmly
1083 972 111 30 espoused
1203 981 6 19 ;
1229 980 29 15 on

673 1004 37 22 the
723 1012 42 15 one
778 1004 47 23 side
837 1004 29 31 by
879 1004 95 29 France,
987 1004 51 29 and,
1051 1004 24 23 of
1084 1011 85 22 course,
1181 1012 30 16 on
1219 1005 38 23 the

673 1037 64 23 other
760 1037 30 31 by
811 1037 115 30 England.
962 1038 23 22 A
1003 1045 46 15 war
1072 1038 85 30 arising
1180 1042 38 19 out
1235 1038 25 23 of

673 1070 56 23 such
741 1078 13 15 a
766 1077 67 16 cause
842 1070 103 23 between
955 1070 38 23 the
1001 1070 89 23 nations
1103 1070 24 23 of
1136 1070 37 23 the
1186 1071 70 29 earth,

673 1103 57 23 after
748 1103 39 23 the
805 1106 77 20 recent
897 1103 157 23 maintenance
1072 1103 26 23 of
1111 1111 77 23 peace,
1207 1108 24 19 at
1245 1112 13 15 a

673 1135 86 24 critical
779 1140 109 24 moment,
911 1136 66 23 when
996 1136 102 30 political
1119 1136 98 31 subjects
1235 1137 25 22 of

746 1169 84 30 import
848 1168 71 31 really
938 1169 46 23 had
1007 1169 56 23 been
1081 1176 29 16 on
1133 1169 36 23 the
1188 1169 68 31 tapis,

672 1201 74 23 would
763 1202 29 22 be
804 1209 24 16 so
846 1201 153 31 monstrously
1011 1202 83 23 absurd
1112 1209 24 15 as
1154 1206 23 19 to
1191 1202 67 31 bring

673 1233 65 25 down
745 1242 30 16 on
786 1235 30 22 its
828 1234 92 24 authors
940 1239 114 26 contempt
1065 1242 25 16 as
1101 1234 49 24 well
1162 1235 96 23 merited

673 1275 23 15 as
715 1268 19 22 it
752 1267 75 24 would
845 1268 29 23 be
893 1267 135 24 destructive
1047 1267 25 24 of
1089 1268 38 23 the
1145 1275 77 16 means
1235 1268 25 23 of

672 1301 151 30 maintaining
834 1308 13 15 a
856 1300 82 31 purely
948 1300 151 24 mischievous
1111 1305 94 19 contest.

706 1333 101 23 General
830 1333 115 23 Harrison
966 1333 44 24 had
1033 1333 147 31 successfully
1203 1341 53 16 con-

673 1366 73 23 tested
761 1366 39 23 the
823 1366 139 30 Presidency
981 1366 25 23 of
1021 1366 38 23 the
1079 1366 87 24 United
1181 1367 75 23 States

672 1399 54 22 with
745 1399 89 24 Martin
844 1399 54 24 Van
918 1399 85 23 Buren.
1039 1399 43 23 We
1100 1399 55 23 have
1174 1400 82 30 always

672 1431 41 23 felt
725 1432 49 23 that
786 1432 39 22 the
836 1432 90 23 avowed
936 1432 122 31 principles
1071 1432 24 22 of
1107 1432 36 23 the
1155 1432 103 24 defeated

673 1464 128 24 candidates
821 1473 37 15 are
876 1465 64 23 those
960 1470 59 18 most
1036 1465 71 30 likely
1127 1470 21 18 to
1166 1465 48 23 lead
1234 1471 22 18 to

673 1497 37 23 the
720 1498 52 23 best
784 1498 69 23 social
865 1502 57 19 state
934 1498 24 23 in
970 1498 113 29 America,
1094 1498 20 23 if
1119 1498 138 31 judiciously

672 1530 98 31 brought
792 1534 23 20 to
838 1531 61 28 bear,
921 1531 43 23 but
985 1531 88 23 neither
1094 1531 38 23 the
1155 1531 102 24 defeated

673 1563 121 24 President
807 1571 42 16 nor
870 1564 101 23 General
987 1564 101 24 Jackson
1106 1564 110 31 appeared
1234 1569 22 18 to

673 1604 25 16 us
711 1601 23 18 to
751 1596 28 24 be
793 1601 127 26 competent
932 1601 28 19 .to
980 1597 75 23 obtain
1065 1597 59 23 their
1142 1597 113 31 adoption.

673 1629 49 24 The
742 1630 143 22 commercial
903 1634 58 19 state
980 1630 24 23 of
1020 1630 77 30 things
1115 1630 24 23 in
1150 1630 108 23 America

672 1662 45 23 will
735 1670 51 15 now
797 1662 89 31 rapidly
896 1663 108 30 improve,
1016 1663 96 23 because
1124 1663 48 23 that
1183 1663 74 31 policy

672 1695 45 23 will
734 1695 29 23 he
782 1695 101 31 pursued
893 1695 74 24 which
979 1696 37 23 the
1028 1696 141 23 corflmercial
1185 1704 71 15 mem-

672 1728 51 23 bers
737 1728 25 23 of
771 1728 38 23 the
822 1729 138 30 community
971 1728 86 24 believe
1068 1729 20 22 is
1100 1729 50 23 best
1162 1728 94 32 adapted

672 1766 21 18 to
705 1761 59 22 their
774 1762 115 22 interests.

863 1802 207 6 ——————
1263 1795 2 14 !

705 1819 51 23 The
767 1818 125 24 American
903 1820 50 31 ship
967 1820 73 22 Black
1054 1819 106 23 Warrior
1169 1820 89 23 arrived

672 1851 57 24 from
742 1852 124 23 Auckland
879 1861 27 14 on
926 1853 113 30 Saturday
1056 1853 52 23 last.
1151 1853 48 23 She
1216 1853 41 23 left

673 1884 77 24 Salem
762 1885 69 23 about
842 1893 69 15 seven
923 1886 90 23 months
1025 1886 61 22 since
1098 1886 53 22 with
1163 1894 13 14 a
1191 1894 65 23 cargo

672 1918 24 22 of
881 1919 44 23 and
936 1919 42 23 has
994 1919 62 23 since
1072 1919 80 23 visited
1165 1919 92 23 Hobart

672 1950 78 29 Town,
763 1951 39 23 the
814 1952 51 30 Bay
876 1951 25 24 of
916 1951 98 29 Islands,
1023 1952 45 23 and
1080 1952 38 23 the
1130 1952 114 23 Thames.

707 1983 52 23 The
781 1984 47 22 sale
852 1985 25 22 of
892 1984 123 24 Auckland
1037 1989 59 19 town
1117 1984 66 24 lands
1211 1985 45 23 had

672 2015 70 24 taken
754 2017 83 28 j)lac_e.
858 2042 15 2 _.
881 2016 44 24 We
946 2017 88 24 believe
1053 2020 211 29 we_are_correc£j

673 2044 65 21 when
755 2051 34 14 we
808 2048 57 18 state
886 2042 50 25 that
958 2047 134 28 twenty-six
1113 2052 62 16 acres

672 2075 56 26 sold,
741 2075 45 23 and
797 2076 98 24 realized
906 2076 39 24 the
956 2085 51 15 sum
1019 2077 25 23 of
1053 2077 119 28 £21,000.

704 2108 40 23 W.
763 2109 130 29 Shortland,
913 2109 68 31 Esq.,
997 2110 44 23 had
1051 2110 57 23 been
1127 2110 127 32 appointed,

670 2140 29 31 by
712 2140 36 24 his
771 2141 139 32 Excellency
924 2142 103 24 Colonial
1039 2143 124 32 Secretary,
1176 2143 54 23 with
1242 2152 12 15 a

672 2174 73 30 salary
757 2174 26 23 of
792 2175 70 23 £600
874 2183 41 23 per
927 2183 92 16 annum.

703 2206 45 24 We
759 2208 57 22 have
827 2208 59 25 been
898 2208 48 24 told
967 2209 47 23 that
1033 2213 49 24 two,
1096 2209 44 23 and
1157 2209 97 32 perhaps

671 2239 63 24 three
752 2248 143 23 newspapers
918 2249 38 16 are
980 2246 21 19 lo
1022 2241 29 24 be
1073 2243 137 23 established
1232 2248 23 18 at

671 2272 131 24 Auckland.
838 2273 43 23 We
893 2274 69 23 doubt
976 2275 38 23 the
1027 2280 137 18 correctness
1176 2276 26 22 of
1216 2276 38 23 the

671 2310 128 25 statement,
828 2307 96 22 because
958 2307 38 24 the
1030 2309 136 29 proceeding
1193 2314 61 18 must

670 2338 105 32 palpably
782 2340 29 22 be
823 2340 104 23 attended
938 2340 53 23 with
1004 2349 12 14 a
1027 2345 68 18 waste
1107 2342 24 22 of
1138 2346 115 27 property,

670 2371 73 23 which
755 2371 31 23 all
802 2373 74 23 stated
893 2376 22 20 to
927 2373 28 23 be
969 2373 123 23 concerned
1109 2379 61 18 must
1187 2375 67 23 know

670 2404 66 23 could
753 2405 28 23 be
793 2405 35 23 far
845 2413 63 16 more
925 2406 119 31 profitably
1059 2407 125 30 employed.
1218 2408 36 24 Be

670 2437 44 23 this
738 2446 25 14 as
786 2439 18 21 it
822 2446 60 23 may,
899 2446 34 16 we
952 2439 108 31 sincerely
1079 2440 66 30 hope,
1163 2441 18 22 if
1200 2441 54 31 they

670 2477 62 16 come
743 2471 48 22 into
804 2472 121 28 existence,
938 2472 49 23 that
1006 2472 54 31 they
1070 2473 45 23 will
1132 2477 39 19 not
1189 2474 27 23 be
1232 2475 25 22 of

670 2503 36 23 the
726 2503 115 24 character
859 2512 25 15 or
904 2505 142 31 complexion
1063 2505 25 23 of
1103 2505 39 24 the
1159 2506 51 31 Bay
1229 2507 29 28 of

668 2535 93 24 Islands
776 2537 149 23 Government
940 2538 99 23 Gazette.

701 2569 25 23 It
736 2570 20 22 is
768 2570 74 23 stated
853 2570 50 23 that
913 2571 37 23 the
966 2570 109 30 Victoria,
1088 2571 95 25 colonial
1194 2573 58 31 brig,

668 2602 44 23 and
729 2602 33 23 H.
776 2603 37 23 M.
828 2603 25 24 S.
866 2603 130 29 Favourite,
1009 2604 72 23 would
1100 2605 61 24 leave
1171 2606 82 23 Auck-

667 2635 53 23 land
736 2636 104 30 together
850 2636 36 23 for
898 2637 57 23 Port
974 2636 133 25 Nicholson.
1143 2638 61 24 That
1215 2639 38 23 the

669 2667 118 24 Governor
799 2669 74 23 would
884 2677 62 16 come
962 2669 65 24 down
1045 2671 24 22 in
1086 2671 38 23 the
1135 2670 116 31 Favorite,

666 2701 48 29 hut,
728 2709 25 15 as
765 2702 49 22 that
826 2702 74 24 vessel
915 2703 41 23 has
969 2707 21 19 to
1009 2704 96 30 proceed
1116 2708 22 20 to
1149 2705 102 28 Akaroa,

667 2734 74 23 would
760 2739 80 18 return
859 2740 23 19 to
900 2735 36 24 his
955 2740 49 19 seat
1016 2737 25 22 of
1058 2737 155 24 Government
1228 2739 25 22 in

668 2766 37 24 the
720 2766 112 25 Victoria.

700 2817 52 23 The
762 2817 53 31 brig
828 2815 135 33 Speculator
980 2820 87 23 arrived
1085 2829 28 14 on
1133 2821 120 31 Thursday

668 2850 65 30 night
743 2850 59 23 from
816 2851 99 30 Sydney,
931 2851 74 23 which
1017 2853 40 23 she
1068 2853 42 23 left
1121 2862 27 15 on
1161 2855 38 23 the
1211 2855 41 23 6th

668 2883 65 30 May.
769 2883 51 23 The
832 2884 74 22 vessel
914 2883 41 24 has
968 2893 29 15 an
1008 2887 101 22 assorted
1122 2895 75 23 cargo,
1209 2888 43 23 but

668 2915 78 30 brings
767 2924 30 15 no
816 2916 63 29 mail,
900 2916 38 24 the
962 2925 66 16 cause
1047 2918 24 24 of
1096 2920 73 23 which
1188 2922 19 22 is
1218 2929 34 15 we

667 2956 97 23 suppose
784 2957 13 14 a
814 2949 48 23 fear
873 2949 49 23 that
938 2958 59 16 were
1016 2951 38 24 the
1072 2952 68 24 latest
1159 2954 92 30 Sydney

667 2982 73 30 prices
752 2982 85 23 known
846 2982 62 29 here,
921 2982 39 24 the
978 2991 66 24 cargo
1061 2985 74 32 might
1152 2991 40 20 not
1210 2987 43 23 sell

668 3022 23 15 so
706 3015 49 23 well
768 3023 25 15 as
800 3016 19 22 it
830 3015 46 23 will
887 3016 24 22 in
922 3024 41 15 our
974 3017 129 31 ignorance,
1122 3027 24 15 or
1154 3020 97 23 because

668 3055 40 16 one
721 3055 25 16 or
760 3056 63 15 more
840 3048 86 24 vessels
945 3057 38 17 are
1001 3050 48 24 also
1068 3051 69 24 about
1154 3057 22 18 to
1189 3061 62 16 come

666 3079 61 30 here,
740 3080 39 24 the
788 3081 134 31 knowledge
931 3082 25 23 of
964 3083 73 23 which
1047 3085 76 29 might
1131 3085 70 24 check
1213 3086 38 23 the

666 3114 133 23 inclination
810 3119 23 19 to
844 3115 112 30 purchase
974 3116 46 23 this
1038 3124 74 23 cargo.
1152 3118 35 24 Be
1205 3119 46 23 this

666 3154 24 16 as
701 3147 19 23 it
729 3155 60 22 may,
802 3147 38 23 the
853 3148 89 23 settlers
955 3154 82 18 cannot
1047 3150 40 23 fail
1099 3156 21 18 to
1140 3151 44 24 feel
1202 3152 49 24 that

666 3179 37 24 the
715 3180 81 23 author
807 3180 26 23 of
847 3180 39 23 the
897 3189 68 15 cause
980 3182 24 23 of
1020 3190 40 15 our
1066 3188 41 18 not
1111 3184 116 32 obtaining
1238 3194 13 15 a

665 3212 54 24 mail
730 3213 31 30 by
772 3213 39 23 the
822 3213 74 24 vessel
908 3214 19 23 is
939 3222 14 16 a
964 3217 191 24 narrow-winded
1173 3218 78 25 selfish

666 3245 83 24 trader.

698 3299 32 23 In
741 3299 94 24 another
847 3300 91 23 column
955 3308 33 16 we
1007 3302 51 30 give
1072 3310 61 16 some
1151 3308 98 20 extracts

665 3332 59 23 from
736 3332 38 24 the
788 3332 65 24 tenth
863 3333 97 23 number
973 3332 49 32 (the
1040 3335 50 23 first
1101 3344 32 15 we
1145 3336 57 24 have
1213 3346 36 15 re-

666 3364 88 32 ceived)
776 3365 26 23 of
828 3365 38 23 the
889 3364 58 25 New
974 3366 105 24 Zealand
1102 3368 147 26 Government

668 3397 99 29 Gazette,
792 3398 127 31 published,
951 3406 25 16 as
1007 3402 139 29 announced,
1176 3403 73 24 under

665 3430 121 31 authority,
808 3434 24 19 at
850 3431 40 23 the
909 3431 51 31 Bay
983 3432 25 23 of
1028 3432 91 25 Islands
1130 3444 5 19 ;
1166 3436 45 23 and
1231 3438 18 22 it

665 3471 94 22 appears
769 3463 61 23 from
835 3464 30 22 its
873 3465 142 31 typography
1022 3466 45 24 and
1075 3467 99 32 imprint,
1189 3473 22 19 to
1219 3469 30 24 be

664 3495 90 31 printed
760 3496 32 30 by
798 3496 39 23 the
842 3497 172 24 establishment
1021 3499 90 24 whence
1119 3508 44 15 was
1169 3502 78 24 issued

664 3528 126 24 heretofore
802 3528 37 24 the
849 3528 59 25 New
915 3530 104 24 Zealand
1028 3532 136 24 Advertiser
1171 3536 18 25 8f
1196 3534 51 32 Baj

665 3561 28 30 of
700 3561 95 23 Islands
809 3561 101 25 Gazette.
945 3563 36 23 As
992 3565 19 22 it
1028 3565 20 22 is
1066 3565 103 24 declared
1187 3572 21 18 to
1219 3568 28 23 be

665 3594 88 29 official,
766 3594 46 23 and
823 3594 134 25 distributed
976 3598 80 28 gratis,
1068 3605 33 15 we
1117 3606 52 23 may
1181 3600 66 32 fairly

663 3634 90 16 assume
773 3626 39 24 the
832 3627 80 32 people
931 3628 25 24 of
972 3629 57 24 Port
1053 3630 126 25 Nicholson
1202 3634 44 23 will

662 3659 56 24 have
730 3660 37 23 the
778 3660 73 23 honor
863 3660 25 23 of
897 3662 156 31 contributing
1063 3664 59 23 their
1140 3665 66 23 share
1224 3667 26 23 of

663 3692 36 24 the
712 3700 99 23 expense
822 3694 138 31 necessarily
971 3695 106 25 incurred
1087 3697 25 23 in
1120 3699 127 31 sustaining

663 3725 45 23 this
720 3726 122 23 creditable
854 3727 142 30 production.

713 3763 29 22 In
753 3763 56 22 New
825 3764 99 22 Zealand
941 3764 39 23 the
997 3773 62 20 press
1078 3770 60 19 must
1146 3768 28 22 be
1185 3772 22 19 to
1216 3770 29 23 all

661 3789 84 22 intents
760 3790 46 22 and
824 3797 105 21 purposes
938 3791 24 22 in
984 3792 75 27 public
1082 3798 98 24 matters,
1205 3803 39 15 un-

661 3815 96 23 chained
766 3824 24 14 as
1244 3823 13 15 4

692 3852 77 23 These
789 3859 57 17 were
865 3851 38 25 the
921 3854 73 23 words
1014 3855 26 23 of
1061 3855 39 24 the
1122 3856 83 25 Editor
1223 3857 24 24 of

660 3883 36 24 the
708 3884 93 24 defunct
812 3885 51 31 Bay
870 3886 25 23 of
905 3886 89 27 Islands
1006 3895 78 25 paper,
1092 3889 24 24 in
1124 3898 14 15 a
1148 3890 98 26 circular,

1923 362 48 21 The
1984 363 88 20 London
2089 364 84 19 Gazette
2186 363 25 21 of
2224 363 130 21 November
2366 363 53 23 20th
2434 371 51 16 con-

1896 388 60 21 tains
1963 388 37 22 the
2011 389 112 26 following
2131 393 197 18 announcements
2337 397 5 14 :—:
2343 400 30 5 —

1936 421 93 21 Downing-
2032 423 60 18 street,
2098 422 136 16 November'2o.
2234 430 21 4 —
2255 423 40 16 Her
2302 423 94 17 Majesty
2401 423 33 17 has
2441 424 45 17 been

1895 441 78 20 pleased,
1989 443 23 19 by
2022 442 70 17 letters
2102 442 66 17 Patent
2180 443 58 16 under
2251 443 30 16 the
2300 444 54 15 ftreat
2369 444 40 16 Seal
2423 445 20 15 of
2455 445 30 16 the

1896 462 68 16 United
1971 463 98 19 Kingdom,
2076 464 19 15 to
2101 468 48 11 erect
2156 464 31 15 the
2195 463 72 17 Islands
2280 464 22 16 of
2310 464 46 16 New
2363 465 78 16 Zealand
2448 465 38 17 into

1896 487 11 11 a
1921 483 75 16 distinct
2011 484 36 15 and
2063 485 78 19 separate
2156 484 72 19 Colony.
2263 484 39 16 The
2317 484 63 17 Queen
2394 485 33 16 has
2440 485 45 18 been

1895 503 73 20 pleased
1975 505 18 15 to
2005 504 74 20 appoint
2091 504 96 16 William
2199 505 85 19 Hobson,
2293 505 82 19 Esquire,
2384 505 73 20 Captain
2469 506 18 17 of

1895 524 32 15 the
1941 524 58 20 Koyal
2015 525 56 20 Navy,
2089 526 16 15 to
2121 525 22 16 be
2163 524 96 17 Governor
2272 525 40 17 and
2328 525 159 18 Comma/ider-in-

1889 544 89 21 .Chiefoi
1983 545 32 17 the
2023 545 66 20 Colony
2096 545 18 17 of
2119 545 45 17 New

1922 571 42 22 We
1973 571 59 22 have
2043 572 36 21 the
2088 572 71 22 honor
2170 576 58 18 most
2243 572 107 28 cordially
2361 576 23 18 to
2395 580 91 20 congra-

1896 598 70 21 tulate
1974 598 44 21 His
2029 598 149 22 Excellency
2190 606 30 14 on
2229 598 35 22 his
2282 599 112 22 elevation
2411 603 23 18 to
2450 600 36 23 the

1895 625 88 26 highest
1993 625 58 21 rank
2060 629 22 18 to
2173 633 17 14 a'
2196 626 91 26 Subject
2297 626 27 21 of
2330 626 50 21 Her
2389 626 97 28 Majesty

1896 658 42 14 can
1954 652 69 21 attain
2041 652 23 21 in
2077 652 59 21 these
2154 652 103 22 Colonies
2258 663 28 4 —
2287 652 46 21 and
2348 659 33 14 we
2395 659 91 21 congra-

1895 677 69 22 tulate
1982 678 38 21 the
2037 678 106 22 Colonists
2162 678 26 22 of
2197 679 70 22 -New-
2274 678 103 23 Zealand
2391 678 53 28 also,
2457 687 29 15 on

1896 703 39 22 the
1943 705 82 25 joyous
2036 705 107 21 occasion.

1922 731 22 21 A
1954 738 49 14 new
2013 738 46 14 aera
2067 731 38 22 has
2114 732 64 21 burst
2186 739 61 20 upon
2252 732 59 22 -New
2321 731 100 22 Zealand
2428 731 6 22 !
2444 732 43 23 We

1895 764 52 14 now
1958 757 138 28 confidently
2103 759 121 26 anticipate
2241 755 58 26 that,
2304 758 41 22 she
2358 758 46 22 will
2410 759 27 21 be
2448 759 39 22 the

1895 783 109 26 brightest
2023 790 51 20 gem
2096 784 21 21 in
2140 785 39 20 the
2203 785 111 24 Southern
2335 785 148 27 hemisphere.

1896 809 44 21 She
1950 816 111 21 possesses
2070 810 30 22 all
2107 811 37 21 the
2156 811 109 22 elements
2274 812 35 21 for
2319 811 37 22 the
2365 811 120 23 formation

1896 836 26 20 of
1928 843 14 13 a
1950 839 65 23 great
2023 836 89 22 Nation.
2139 839 29 24 If
2179 844 30 14 we
2225 840 49 19 take
2289 839 46 19 into
2345 840 87 19 account
2445 839 40 22 her

1895 861 78 28 highly
1996 862 129 28 interesting
2149 865 45 20 and
2208 865 68 21 noble
2298 865 101 21 children
2399 876 28 4 —
2428 865 58 22 their

1895 889 106 21 numbers
2001 901 29 3 —
2032 889 36 22 the
2076 889 123 28 advantage
2209 891 74 22 which
2294 891 39 21 the
2343 892 71 21 entire
2425 899 62 14 com-

1895 915 88 27 munity
1996 916 91 27 already
2096 916 86 22 derives
2190 917 58 22 from
2257 917 59 22 their
2324 918 108 27 industry,
2443 919 45 21 and

1896 941 60 22 what
1965 942 62 22 these
2045 943 98 21 children
2161 944 26 21 of
2200 945 86 21 Nature
2303 952 38 14 are
2355 944 91 28 capable
2464 946 25 21 of

1895 968 120 27 becoming
2021 969 72 22 under
2101 969 36 22 the
2145 970 106 23 Parental
2259 978 51 15 care
2319 971 26 21 of
2348 978 41 15 our
2394 973 93 20 revered

1896 995 70 21 Ruler
1973 995 5 21 !
1980 1006 31 5 —
2011 997 56 19 when
2076 1003 28 14 we
2114 998 47 19 look
2173 1000 23 18 at
2205 998 42 21 her
2260 998 148 27 magnificent
2416 998 70 23 rivers

1894 1033 29 4 —
1924 1021 40 22 her
1973 1023 108 27 spacious,
2093 1024 151 22 commodious
2260 1025 45 21 and
2319 1024 45 22 safe
2377 1024 109 23 harbours

1895 1060 27 3 —
1924 1050 58 20 token
2000 1057 32 13 we
2049 1051 78 21 observe
2147 1051 39 21 the
2204 1058 123 15 numerous
2347 1051 60 27 ships
2426 1051 58 22 from

1895 1076 81 22 almost
1987 1084 68 20 every
2063 1080 48 25 part
2126 1077 26 22 of
2164 1077 38 22 the
2218 1077 70 23 world
2304 1077 99 28 arriving
2417 1077 67 28 daily,

1895 1110 52 19 nay,
1958 1103 87 28 hourly,
2058 1112 28 13 on
2095 1104 39 22 her
2150 1104 117 27 sparkling
2276 1107 78 19 waters
2355 1115 29 5 —
2384 1105 57 20 when
2456 1112 30 14 we

1895 1131 70 24 reflect
1976 1137 28 15 on
2016 1129 37 23 the
2063 1131 84 26 variety
2154 1131 46 21 and
2208 1131 66 22 value
2283 1131 27 21 of
2315 1131 60 22 their
2384 1134 102 19 contents

1894 1167 28 4 —
1923 1158 57 19 when
1987 1164 31 13 we
2035 1159 45 19 look
2095 1164 54 19 upon
2162 1157 37 22 the
2215 1165 48 14 seas
2279 1158 31 27 by
2321 1157 73 23 which
2410 1158 40 22 she
2465 1159 19 21 is

1895 1184 146 27 surrounded,
2067 1185 42 21 and
2131 1183 79 23 reflect
2232 1191 61 20 upon
2316 1183 38 23 the
2377 1185 109 21 immense

1895 1213 109 19 treasures
2023 1210 73 22 which
2116 1211 29 22 lie
2171 1211 82 21 hidden
2276 1211 26 21 in
2326 1211 58 21 their
2406 1211 77 27 pearly

1895 1237 84 26 bosom,
1998 1238 107 26 tempting
2120 1238 42 21 her
2178 1237 72 27 hardy
2258 1240 47 18 tars
2321 1240 23 18 to
2377 1237 28 21 lie
2420 1237 64 23 down

1896 1263 46 21 and
1950 1263 51 21 take
2011 1264 58 21 their
2083 1264 30 22 fill
2128 1264 35 22 till
2180 1263 36 22 the
2227 1264 106 26 morning
2353 1275 29 4 —
2382 1265 58 20 when
2454 1272 32 13 we

1896 1291 47 19 take
1953 1297 13 13 a
1975 1291 52 19 view
2037 1291 25 21 of
2074 1290 38 22 her
2121 1291 42 21 soil
2163 1301 29 4 —
2192 1290 41 22 her
2249 1293 131 25 temperate,
2392 1291 92 27 equable

1896 1317 88 21 climate
1985 1328 29 4 —
2014 1317 41 21 her
2063 1317 87 21 natural
2160 1317 45 22 and
2222 1317 106 27 acquired
2342 1317 143 28 productions

1896 1344 47 25 (the
1954 1343 66 22 latter
2028 1345 24 20 in
2063 1350 13 14 a
2085 1343 86 22 limited
2186 1343 66 26 ratio)
2254 1355 29 4 —
2283 1345 59 19 when
2356 1351 31 14 we
2401 1346 45 20 look
2460 1348 24 18 at

1896 1370 40 21 her
1952 1370 92 22 Settlers
2044 1381 27 4 —
2071 1370 39 22 her
2123 1370 139 27 respectable
2277 1371 149 28 enterprising
2441 1375 45 19 set-

1896 1396 53 22 tlers
1949 1408 27 3 —
1977 1398 43 19 and
2029 1399 57 19 when
2095 1404 28 13 we
2139 1398 47 20 look
2200 1404 26 14 on
2240 1398 35 20 the
2287 1399 86 19 exalted
2384 1399 65 21 Ruler
2462 1400 27 24 of

1896 1425 35 19 the
1940 1425 64 19 whole
2005 1436 29 3 —
2036 1425 219 21 GoveVnorJrloßsoN
2256 1436 28 4 —
2285 1432 34 14 we
2328 1432 53 20 may
2388 1426 48 21 well
2446 1433 39 14 ex-

1896 1451 66 21 claim
1962 1462 28 4 —
1992 1451 37 22 the
2046 1458 42 14 sun
2105 1458 70 14 never
2189 1451 70 22 shone
2275 1458 29 15 on
2318 1459 13 14 a
2345 1452 98 27 brighter
2443 1463 29 5 —
2472 1460 13 14 a

1896 1477 66 21 fairer
1969 1477 56 22 land
2032 1478 5 21 !
2048 1478 53 21 And
2109 1484 71 16 never
2185 1477 46 22 had
2240 1485 13 14 a
2259 1478 102 22 Colonial
2370 1479 117 22 Governor

1898 1510 13 14 a
1938 1512 61 14 more
2025 1505 119 26 important
2173 1507 57 19 trust
2254 1504 36 22 for
2315 1505 35 21 his
2374 1505 96 28 keeping
2480 1507 5 20 !

1897 1530 55 27 May
1962 1531 42 21 His
2020 1531 133 27 Excellency
2162 1538 85 20 govern
2255 1532 19 20 it
2283 1531 55 22 with
2347 1531 137 24 satisfaction

1897 1560 22 18 to
1929 1557 94 22 himself
2030 1558 44 21 and
2084 1558 122 26 advantage
2216 1561 22 18 to
2249 1557 28 23 all
2286 1558 5 21 !

1922 1583 48 22 The
1982 1585 81 26 People
2073 1585 25 21 of
2109 1585 57 21 New
2181 1585 100 22 Zealand
2297 1585 46 21 will
2356 1585 85 28 shortly
2455 1586 28 22 be

1896 1611 143 26 represented
2058 1611 30 26 by
2104 1611 59 21 their
2181 1612 122 26 respective
2324 1612 114 22 Members
2459 1613 24 22 in

1896 1636 100 22 Council.
2025 1637 63 27 They
2098 1638 42 21 will
2156 1638 27 21 be
2201 1637 72 23 called
2288 1645 61 20 upon
2363 1642 24 18 to
2401 1639 83 22 submit

1897 1663 126 28 (probably)
2039 1667 23 18 to
2079 1672 47 14 new
2146 1672 26 14 or
2190 1665 112 21 amended
2321 1665 77 27 Laws;
2399 1677 29 4 —
2429 1666 54 27 they

1896 1689 45 22 will
1950 1691 27 21 be
1995 1691 96 26 charged
2105 1691 54 21 with
2176 1691 37 21 the
2229 1692 159 21 maintenance
2404 1693 25 21 of
2442 1693 42 21 Ju-

1896 1716 66 22 dicial
1971 1717 46 21 and
2028 1717 72 22 Police
2114 1717 188 23 Establishments
2302 1729 29 4 —
2332 1722 22 18 to
2364 1718 39 22 the
2412 1719 72 22 whole

1896 1743 26 21 of
1935 1743 72 22 which
2023 1744 54 27 they
2091 1744 42 21 will
2148 1745 124 27 cheerfully
2285 1745 85 22 submit
2370 1757 27 4 —
2397 1746 40 21 but
2451 1754 32 14 we

1896 1773 59 18 most
1971 1771 110 26 sincerely
2097 1770 56 27 hope
2174 1771 49 21 that
2244 1771 49 21 that
2316 1772 109 27 bug-bear
2425 1784 28 3 —
2454 1780 28 14 an

1896 1796 164 22 Ecclesiastical
2070 1797 175 23 Establishment
2253 1799 24 20 in
2285 1799 135 22 connection
2430 1799 53 21 with

1897 1822 156 23 Government
2053 1835 26 4 —
2081 1823 41 23 will
2131 1830 72 16 never
2216 1825 76 21 obtain
2307 1825 54 21 here
2367 1826 6 21 !
2403 1825 27 22 In
2445 1826 38 21 the

1896 1849 95 22 absence
2001 1851 28 21 of
2034 1851 55 21 such
2101 1851 180 21 establishments
2298 1851 39 22 the
2352 1852 79 27 people
2446 1860 37 14 are

1895 1876 117 27 generally
2035 1877 72 28 happy
2107 1888 27 3 —
2136 1878 163 27 consequently
2319 1879 119 21 contented
2448 1887 5 18 ;—;
2455 1891 29 4 —

1897 1902 114 22 wherever
2034 1903 54 28 they
2103 1912 37 14 are
2164 1904 109 22 admitted
2273 1916 29 4 —
2302 1905 120 28 hypocrisy
2438 1906 45 22 and

1896 1929 81 27 misery
1994 1937 38 15 are
2051 1931 56 21 their
2123 1931 164 22 concomitants
2295 1932 5 21 !
2330 1933 57 21 Save
2401 1939 33 20 us,
2450 1940 34 15 we

1895 1962 62 20 pray,
1969 1956 58 22 from
2038 1957 57 22 their
2102 1957 38 22 fell
2149 1965 76 18 swoop
2236 1957 5 21 !

78 2219 47 17 1841.

163 2199 52 16 Time
222 2199 19 16 of

159 2219 86 17 Obseiva-

179 2240 44 17 tion.

275 2208 55 16 Baro-

270 2231 63 14 meter.

351 2208 84 17 Thermo-

360 2231 63 15 meter.
436 2225 3 20 I

560 2218 60 17 Wind.

66 2297 75 20 Friday...

66 2358 20 16 !at

66 2420 74 20 Sunday..

66 2481 74 21 ■londay.

181 2298 10 15 8

180 2318 52 20 Ip.m.

180 2340 9 14 5

180 2359 10 16 8

180 2380 51 19 Ip.m.

180 2401 9 14 5

180 2421 9 15 8

181 2441 51 20 Ip.m.

179 2463 10 14 5

180 2483 9 15 8

181 2503 51 20 Ip.m.

179 2525 10 14 5

179 2544 10 15 8

179 2565 52 20 Ip.m.

178 2606 10 16 8

179 2627 52 20 Ip.m.

178 2669 10 15 8

178 2690 53 19 Ip.m.

178 2711 9 14 5

274 2297 57 15 29.741

274 2318 58 15 29.700

273 2338 59 16 29.076

273 2359 59 16 29.830

274 2380 58 16 29.800

274 2401 56 16 29.831

273 2421 59 16 29.732

274 2442 58 16 29.C05

274 2462 59 16 29.674

274 2483 58 16 29.912

273 2504 59 15 29.873

273 2525 59 15 29.883

274 2545 57 16 30.042

273 2566 58 16 30.032

273 2586 58 17 30.132

274 2607 57 17 00.041

272 2628 58 16 30.022

273 2649 56 16 30.001

272 2669 56 16 29.931

272 2690 58 15 29.853

271 2711 59 15 29.830

375 2297 26 17 57.

374 2319 26 16 55.

375 2340 26 16 55.

374 2360 37 16 47.5

375 2382 25 15 51.

373 2402 27 16 48.

373 2422 27 17 47.

374 2443 26 16 52.

374 2464 25 15 52.

373 2484 27 16 47.

373 2505 26 16 46.

373 2526 37 16 48.5

373 2546 26 17 49.

373 2568 26 15 51.

373 2588 26 17 £0.

373 2608 26 17 45.

373 2629 37 17 52.5

373 2650 26 16 52.

373 2671 25 16 52.

373 2692 26 15 58.

372 2712 36 16 57.5

456 2320 59 17 None.

469 2383 38 16 0.13

457 2444 58 17 None.

469 2507 37 16 0.40

538 2297 51 17 N.W.

538 2318 51 18 N.VV.

538 2339 93 22 Westerly.

537 2360 63 17 South.

537 2381 62 17 South.

537 2401 62 18 South.

537 2422 62 18 South.

537 2443 62 18 Seuth.

537 2464 62 18 South.

537 2485 62 17 South.

536 2506 62 17 South.

536 2527 62 17 South.

536 2548 62 17 South.

535 2569 63 17 South.

535 2590 63 17 South.

535 2610 64 17 North.

535 2631 64 17 North.

536 2652 63 17 North.

535 2673 64 17 North.

535 2693 82 21 N.byW.

66 2543 74 21 Tuesday

455 2569 58 16 None.

66 2605 34 16 Ved

454 2631 59 17 None.

66 2658 79 29 ?hurs...|

454 2692 58 17 None.

66 3682 84 21 jondon
413 3682 52 24 Jan.
512 3684 23 29 7,

66 3713 79 31 lydney
413 3714 58 32 May
511 3718 22 27 6,

66 3746 36 31 lay
114 3746 25 22 of
153 3746 91 23 Islands
413 3747 60 31 Apr.
494 3751 40 27 22,

66 3777 85 24 ?haraes
413 3780 59 31 May
508 3784 23 26 5,

66 3810 9 16 r
75 3819 29 15 an
114 3811 120 23 Dieman's
245 3812 68 24 Land
334 3829 55 7 ....
412 3813 62 24 Mar.
495 3816 38 28 19,

66 3844 42 22 >ort
119 3843 87 32 Phillip
412 3846 62 24 Mar.
510 3850 22 26 8,

66 3876 93 25 idelaide
412 3879 52 24 Jan.
493 3881 39 28 19,

559 3687 74 22 1841.

560 3720 73 22 1841.

559 3753 72 22 1841.

559 3785 72 23 1841.

559 3817 72 24 1841.

558 3850 72 23 1841.

558 3883 72 24 1841.

263 117 54 20 For
331 116 115 26 Sydney,

195 151 30 19 To
239 150 48 19 Sail
300 150 22 19 in
336 150 61 19 about
411 150 37 19 ten-
459 148 57 26 days,

287 182 45 22 fine
350 182 83 23 barque
454 182 102 26 Olympus,
576 180 30 22 A.
623 181 18 20 1.

79 207 89 34 jfijgff^
184 204 29 26 X
249 211 42 19 400
309 212 57 23 tons,
385 207 61 22 John
465 204 89 31 Whyte,
579 207 62 21 Com-

66 235 109 28 ffffffpyy
189 235 100 22 mander.
317 235 48 21 Has
379 234 100 26 superior
492 233 149 23 accommoda-

66 265 45 20 tion
129 264 33 21 for
181 268 136 21 passengers.
346 261 42 21 For
407 261 82 26 freight
507 268 24 13 or
553 266 88 21 passage

66 291 65 26 apply
140 294 22 17 to
172 289 37 22 the
221 287 91 28 Captain
324 294 28 15 on
360 287 77 26 board,
449 294 23 14 or
481 290 23 18 to

428 325 4 2 •
442 313 89 21 Willis
546 312 45 22 and
605 312 36 22 Co.

245 341 56 26 May
310 341 33 26 10,
354 341 61 20 1841.
