2540 3989
607 522 131 33 PORT
760 522 288 39 NICHOLSON,
1069 519 259 35 SATURDAY
1347 520 242 38 MORNING,
1612 521 125 32 JULY
1760 525 49 33 17,
1833 524 95 29 1841.

41 530 66 32 No.
129 528 67 39 66.]

2274 521 100 41 [Vol.
2394 521 49 32 11.

1158 59 4 3 THE

41 62 379 131 NEW
546 62 885 131 ZEALAND
1557 62 885 131 GAZETTE

41 193 2401 130 AND

41 323 1144 131 WELLINGTON
1299 323 1143 131 SPECTATOR.

2047 612 43 20 Ex

1876 643 72 47 ON
1962 644 45 22 sale
2017 647 23 19 at
2052 644 38 22 the
2099 645 74 22 Stores
2183 645 26 21 of
2218 645 38 21 the
2265 645 190 28 undersigned:—

1953 671 115 26 Superfine
2078 678 49 14 new
2137 671 95 22 colonial
2240 671 64 27 flour,

1902 696 98 22 Seconds
2082 697 35 22 do.
2172 697 35 23 do.
2263 698 36 22 do.

1902 722 74 22 Coffee
1984 723 25 21 in
2018 723 59 27 good
2087 724 119 26 condition,

1903 748 95 22 Refined
2007 749 49 22 loaf
2061 757 65 19 sugar
2136 751 23 21 in
2169 751 64 21 hhds.

1901 775 69 21 Moist
1978 782 65 21 sugar
2051 776 24 22 in
2085 777 61 26 bags,

1903 802 82 27 Cigars,
1995 802 71 27 prime
2077 803 99 26 Manilla,
2186 802 48 22 first
2242 803 92 28 quality,

1902 828 98 27 Brandy,
2011 829 10 21 1
2033 828 54 23 hhd.
2096 836 56 20 very
2160 830 103 27 superior,

1903 854 102 22 Jamaica
2013 861 50 15 rum
2118 855 36 22 do.
2205 855 35 23 do.

1904 880 54 22 Pale
1967 882 41 26 gin
2016 881 24 21 in
2049 881 65 23 hhds.

1904 908 40 21 150
1953 914 61 15 cases
2025 908 27 21 of
2056 908 110 26 hollands,

1902 935 42 20 300
1954 933 79 22 cheese
2042 934 23 22 in
2075 935 58 27 good
2144 934 69 28 order,

1906 960 54 21 Port
1967 960 45 22 and
2021 960 77 28 sherry
2106 961 25 21 in
2141 960 63 22 wood
2213 961 44 22 and
2265 961 78 27 bottle,

1904 986 143 28 Champagne
2056 988 24 21 in
2089 989 14 20 6
2113 987 71 22 dozen
2193 995 68 20 cases,

1905 1012 90 23 Bottled
2004 1013 34 22 ale
2049 1014 44 21 and
2101 1017 81 23 porter,

1905 1038 71 23 Black
1984 1043 37 19 tea
2030 1040 23 21 in
2063 1041 26 21 35
2098 1041 31 21 lb.
2139 1040 116 28 packages,

1906 1066 92 28 Ginger,
2012 1066 86 28 raisins,
2115 1071 73 18 castor
2205 1067 36 27 oil,
2256 1067 66 22 white
2339 1075 82 21 pepper
2434 1068 25 22 in

1878 1092 61 27 bags,

1908 1119 131 22 Arrowroot
2046 1126 24 15 in
2080 1120 128 27 cannisters,

1907 1145 91 27 Shingle
2007 1146 65 27 nails,
2082 1146 46 22 and
2143 1153 28 15 an
2185 1149 133 20 assortment
2331 1148 28 21 of
2370 1147 58 22 naila
2437 1148 26 22 of

1880 1170 30 23 all
1921 1171 152 29 descriptions,

1907 1198 72 27 Large
1988 1205 59 21 nigs,
2055 1200 50 21 10-4
2110 1199 103 22 blankets
2218 1199 73 29 heavy
2297 1200 44 22 and
2348 1200 113 28 coloured,

1908 1224 167 28 Counterpanes
2083 1226 24 21 in
2116 1225 69 28 bales,
2194 1226 48 22 best
2250 1230 87 23 regatta
2345 1226 73 28 shirts,

1909 1251 125 27 Osnaburg,
2044 1252 54 22 1000
2107 1252 67 27 yards
2182 1252 36 22 for
2225 1252 73 30 lining
2305 1252 87 28 houses,

1909 1278 81 27 Prints,
2013 1285 15 15 a
2050 1282 63 24 great
2134 1279 91 27 variety,
2249 1285 46 16 and
2321 1279 141 23 fashionable

1880 1306 108 25 patterns,

1909 1330 113 28 Sheeting,
2033 1330 100 28 shirting,
2144 1332 45 21 and
2197 1331 139 24 unbleached
2345 1332 77 27 calico,

1909 1357 76 22 Men's
1993 1354 66 25 white
2069 1358 72 27 shirts,
2152 1358 71 28 socks,
2232 1358 62 23 linen
2303 1359 78 27 check,

1908 1384 76 22 Men's
1993 1384 95 22 woollen
2098 1384 73 28 shirts,

1910 1410 113 22 Moleskin
2033 1411 45 21 and
2087 1411 54 22 cord
2150 1414 105 24 trowsers,
2265 1411 146 28 bed-ticking,

1910 1437 109 27 Flushing
2028 1440 101 19 trowsers
2145 1438 97 27 monkey
2249 1438 92 27 jackets,

1910 1464 46 21 Pea
1964 1464 92 26 iackets,
2067 1464 93 22 woollen
2171 1464 100 27 drawers.

1911 1490 67 21 Duck
1987 1490 81 26 frocks,
2080 1490 139 28 comforters,'
2225 1491 45 22 and
2279 1495 107 24 trowsers,

1911 1517 87 27 Chintz,
2010 1517 103 22 coloured
2124 1518 45 21 and
2177 1517 65 23 black
2251 1518 105 27 merinos,

1912 1543 46 22 Kid
1965 1543 79 27 gloves
2052 1544 27 21 of
2084 1544 30 21 all
2124 1544 151 28 descriptions,

1911 1569 59 22 Rich
1978 1570 87 27 figured
2073 1570 94 28 poplins.

1912 1596 65 27 Long
1986 1597 61 22 scarf
2057 1597 86 27 shawls,
2152 1597 55 22 dark
2212 1597 249 24 mousselane-de-laine

1886 1622 92 27 dresses,

1912 1650 62 21 Satin
1985 1650 74 27 scarfs,
2070 1650 58 22 book
2138 1651 87 27 muslin,

1913 1676 70 21 Black
1992 1676 45 21 and
2046 1677 104 22 coloured
2159 1685 50 19 gros
2219 1678 37 27 de'
2256 1678 89 27 Naples,

1913 1702 120 22 Cashmere
2056 1703 87 28 shawls,
2165 1704 75 23 ladies'
2259 1705 46 22 and
2326 1704 53 27 girls
2401 1706 66 21 straw

1886 1729 103 27 bonnets,
2000 1730 54 26 boys
2063 1731 75 22 velvet
2146 1738 58 20 caps,

1913 1755 70 22 Black
1993 1763 71 20 crape,
2074 1757 77 22 ladies'
2161 1757 45 22 and
2214 1757 53 27 girls
2277 1761 68 24 stays,

1913 1782 116 22 Women's
2035 1783 61 27 hose,
2107 1791 14 14 a
2129 1784 85 28 variety
2224 1784 26 21 of
2254 1784 99 27 ribbons,

1913 1810 28 20 10
1949 1809 74 27 pieces
2033 1809 66 22 India
2107 1810 43 22 silk
2159 1810 176 27 handkerchiefs.

1915 1836 75 22 Men's
2000 1837 136 27 comforters,
2146 1837 79 22 lamb's
2233 1838 58 30 wopl
2300 1837 73 27 shirts,

1916 1863 156 22 Gentlemen's
2080 1866 65 23 vests,
2156 1863 48 22 first
2215 1864 92 27 quality,
2433 1872 7 13 «

1915 1889 157 22 Gentlemen's
2084 1889 67 22 black
2164 1891 82 21 beaver
2254 1890 57 27 hats,
2321 1889 149 28 gentlemen's

1888 1915 81 22 oilskin
1978 1916 57 27 hats,
2046 1916 96 22 Manilla
2151 1917 56 26 hats,

1917 1942 132 27 Umbrellas,
2073 1943 82 31 tailprs'
2174 1943 131 28 trimmings,
2320 1943 46 22 and
2386 1943 82 22 haber-

1889 1968 95 27 dashery
1994 1970 26 21 of
2030 1969 29 22 all
2068 1972 62 24 sorts,

1918 1995 67 21 India
1992 1996 82 22 rubber
2083 1995 46 23 and
2138 1999 74 19 cotton
2221 1997 85 26 braces,

1917 2021 155 23 Gentlemen's
2098 2023 99 27 superior
2222 2023 110 21 buckskin
2359 2025 108 24 trowsers,

1891 2047 59 26 good
1958 2047 75 28 shape,

1918 2074 80 22 Cotton
2008 2074 170 22 handkerchiefs
2188 2075 23 21 in
2221 2074 79 27 pieces,

1917 2101 105 26 Superior
2051 2101 140 22 broad-cloth
2218 2101 43 21 and
2290 2101 117 22 Cashmere
2436 2101 36 21 for

1891 2130 107 25 trowsers,

1917 2155 14 20 3
1941 2154 61 22 bales
2011 2155 26 21 of
2044 2155 52 26 sole,
2106 2154 46 27 kip,
2163 2154 44 22 and
2217 2153 46 23 calf
2270 2153 94 28 leather,

1918 2181 58 21 Boat
1985 2181 57 21 nails
2051 2182 26 20 of
2083 2181 30 21 all
2122 2181 150 27 descriptions,

1920 2207 75 23 Men's
2004 2211 76 24 strong
2088 2208 71 26 boots,
2169 2207 62 28 boy's
2241 2207 46 22 and
2295 2207 106 22 women's
2410 2206 37 23 do.

1920 2235 154 21 Gentlemen's
2095 2234 99 28 superior
2219 2233 113 27 kangaroo
2358 2233 111 27 bluchers,

1892 2261 65 21 made
1967 2264 22 18 to
2000 2261 72 26 order,

1919 2287 79 22 Mould
2008 2288 98 25 candles,

1920 2315 58 21 Boat
1986 2314 102 27 anchors,

1920 2341 104 26 Superior
2032 2341 109 21 furniture
2151 2341 25 20 of
2184 2339 30 23 all
2223 2340 151 27 descriptions,

1920 2367 136 27 Negrohead
2065 2367 97 26 tobacco,

1920 2395 51 21 One
1983 2395 49 27 pipe
2041 2393 56 28 light
2109 2397 50 24 port
2167 2393 63 22 wine.

2149 2420 36 22 W.
2200 2420 25 22 B.
2240 2420 94 22 Rhodes
2350 2419 44 22 and
2407 2419 40 22 Co.

1939 2465 99 21 Choice
2048 2465 153 25 Furniture,
2212 2471 34 15 ex

1895 2499 71 49 ON
1978 2498 83 28 SALE,
2071 2505 28 15 an
2107 2501 132 19 assortment
2246 2498 26 22 of
2279 2498 75 22 choice
2362 2497 116 27 furniture,

1958 2525 121 27 consisting
2089 2524 34 22 of:

1975 2552 60 21 Four
2044 2553 73 26 4-post
2125 2551 124 27 bedsteads,

1976 2578 59 22 Four
2044 2578 57 21 wool
2110 2581 132 23 mattrasses,

1976 2605 59 22 Four
2045 2604 89 23 Marina
2143 2607 133 24 mattrasses,

1976 2632 59 21 Four
2044 2630 71 23 railed
2124 2630 100 28 couches,

1975 2658 72 21 Three
2058 2657 130 22 wash-hand
2197 2657 83 27 stands,

1976 2684 72 23 Three
2059 2684 99 26 dressing
2167 2684 76 27 tables,

1975 2710 74 23 Three
2059 2714 44 19 sets
2112 2710 21 22 D
2144 2710 75 27 tables,

1977 2737 73 23 Three
2059 2740 44 19 sets
2113 2737 101 26 drawers,

1977 2764 89 22 Twelve
2075 2767 134 23 mattrasses,

1978 2790 88 23 Twelve
2074 2790 93 28 pillows,

1979 2818 50 21 One
2038 2820 34 19 set
2080 2817 91 27 dummy
2181 2816 65 28 table,

1978 2844 88 22 Twelve
2075 2843 79 27 chairs,

1978 2870 80 27 Thirty
2066 2877 68 15 seven
2143 2877 59 20 rugs,

1979 2898 54 22 Five
2042 2897 50 22 hair
2101 2896 103 28 couches,

1978 2924 73 23 Three
2060 2923 124 22 bedsteads.

1926 2952 34 22 At
1968 2951 37 22 the
2016 2952 74 21 Stores
2099 2950 26 22 of

2249 2976 23 22 J.
2284 2976 44 22 and
2339 2976 28 22 G.
2376 2975 82 23 Wade.

2102 3021 40 20 To
2151 3021 133 21 Builders.

1899 3054 176 50 WANTED
2085 3057 23 19 to
2117 3054 87 22 receive
2219 3056 112 19 contracts
2344 3053 35 21 for
2388 3052 101 27 erecting

1978 3089 14 15 a
2000 3082 70 26 Store,
2081 3081 31 22 all
2120 3081 39 21 the
2167 3080 113 22 materials
2289 3080 26 21 of
2324 3079 73 22 which
2403 3079 46 21 will
2456 3079 31 21 be

1901 3108 108 28 supplied.
2037 3107 57 22 Plan
2110 3107 45 22 and
2168 3107 130 28 particulars
2314 3106 46 22 will
2374 3106 29 21 be
2419 3105 69 28 given

1900 3143 29 14 on
1939 3135 134 28 application
2082 3137 24 19 to

2204 3160 29 21 D.
2244 3159 21 22 S.
2277 3159 77 22 Durie
2364 3157 45 24 and
2417 3158 41 22 Co.

1926 3194 145 27 Wellington,
2082 3193 55 27 July
2145 3194 34 26 15,
2190 3194 61 21 1841.

2018 3239 144 21 Contracts
2176 3237 42 21 for
2232 3237 139 21 Potatoes.

1901 3272 145 49 WAITT
2061 3271 44 22 and
2117 3270 99 23 TYSER
2230 3269 46 22 will
2291 3270 87 22 receive
2395 3268 91 22 tenders

1998 3298 36 22 for
2042 3302 44 18 two
2093 3296 102 24 hundred
2204 3300 51 18 tons
2265 3295 94 27 English
2366 3295 123 22 cultivated

1904 3328 108 25 potatoes,
2030 3324 94 28 packed,
2143 3322 134 23 deliverable
2296 3325 24 19 at
2337 3322 58 22 their
2414 3322 76 22 Stores

1906 3352 82 26 during
1996 3350 38 23 the
2042 3354 91 24 potatoe
2142 3357 86 15 season.

1931 3378 145 27 Wellington,
2087 3377 54 27 July
2150 3377 34 26 15,
2195 3376 61 23 1841.

1934 3423 30 21 T.
1974 3423 39 20 M.
2023 3420 141 28 Partridge
2174 3421 21 20 &
2205 3421 46 20 Co.
2263 3420 66 21 offer
2339 3420 42 21 for
2390 3418 71 25 Sale,

1907 3455 170 51 BOTTLED
2101 3457 75 25 porter
2197 3453 46 23 and
2260 3453 50 28 pale
2329 3453 35 22 ale
2381 3451 26 23 in
2429 3450 63 23 three

1984 3482 72 22 dozen
2070 3481 71 27 casks,

1937 3509 65 22 Good
2011 3509 78 26 sherry
2098 3508 24 21 in
2131 3510 89 26 quarter
2232 3507 71 27 casks,

1935 3535 81 23 Mould
2025 3535 97 26 candles,

1935 3562 112 27 Windsor,
2058 3561 92 28 toilette,
2161 3561 45 22 and
2214 3559 80 29 yellow
2303 3565 61 22 soap,

1934 3589 103 22 Window
2046 3588 59 27 glass
2114 3589 25 20 13
2149 3588 30 27 by
2188 3589 21 26 9,

1936 3615 159 23 Earthenware
2103 3614 25 22 in
2138 3616 77 25 crates,

1937 3642 106 28 Cooper's
2052 3648 65 20 ware,

1937 3669 84 25 Paints,
2032 3667 99 27 brushes,
2143 3667 48 27 &c,

1938 3696 53 29 Slop
2000 3694 107 27 clothing,

1938 3717 95 32 Pickles,
2044 3728 84 20 saucee,
2138 3719 88 23 French
2234 3724 83 21 capers,
2332 3721 101 22 cayenne
2441 3721 54 21 pep-

1911 3756 47 21 per,
1969 3747 108 28 mustard,

1940 3775 67 22 India
2016 3774 82 22 rubber
2105 3772 111 27 blacking,
2228 3771 40 21 &c.
2279 3771 40 21 &c.

1939 3801 55 22 And
2004 3808 51 15 now
2063 3799 99 27 landing,
2172 3799 56 21 from
2236 3797 37 22 the
2280 3796 115 22 Kathertnt
2404 3794 91 21 Stewart

1912 3829 82 25 Forbes,

1940 3853 116 30 Superfine
2066 3851 95 24 Dantzic
2170 3850 46 22 kiln
2227 3849 62 23 dried
2298 3848 64 28 flour,

1940 3883 13 20 S
1964 3884 50 20 tons
2023 3879 57 27 zinc,
2091 3879 35 22 for
2134 3877 92 27 roofing.

240 619 163 21 Education.

33 655 90 50 ME.
133 653 86 24 JOHN
233 650 116 28 ALLAN,
360 649 111 24 educated
480 652 24 19 at
511 648 39 23 the
559 648 58 23 Uni-

121 680 86 27 versity
215 680 28 22 of
253 676 138 28 Edinburgh,
401 677 55 22 bees
471 675 146 29 respectfully

33 713 22 18 to
69 707 83 23 inform
165 706 38 22 the
218 704 140 24 inhabitants
372 703 27 22 of
413 702 143 28 Wellington,
568 702 49 22 that

33 735 29 23 he
77 734 52 28 will,
146 740 31 16 on
192 732 108 28 Monday,
318 730 38 23 the
371 728 54 25 19th,
438 730 93 26 instant,
542 731 24 19 at
577 732 40 18 ten

34 760 91 28 o'clock,
135 766 59 22 open
203 767 14 15 a
227 758 82 23 School
316 758 36 21 for
365 756 40 23 the
417 756 120 23 education
546 755 28 22 of
579 755 38 22 the

33 788 71 29 youth
119 788 28 21 of
160 786 55 22 both
228 791 72 20 sexes,
314 784 27 22 in
355 782 39 23 the
409 782 111 23 branches
534 782 85 22 under-

34 813 134 24 mentioned,
179 812 24 23 in
212 812 50 23 that
275 808 144 25 native-built
432 809 79 27 house,
522 808 97 23 situated

33 840 152 28 immediately
193 837 86 25 behind
287 838 41 22 Dr.
339 836 88 23 Knox's
436 836 78 22 house.

60 874 46 22 Mr.
116 874 30 21 A.
156 872 44 23 will
209 875 43 19 not
262 870 85 28 merely
356 870 97 22 instruct
464 868 35 23 his
508 868 73 29 pupils
595 868 24 22 in

34 900 99 27 reading,
144 900 42 22 but
193 898 46 23 will
254 898 128 22 endeavour
397 896 48 22 also
454 899 25 19 to
495 895 126 23 communi-

34 930 49 19 cate
97 929 23 19 to
128 926 63 22 them
205 932 14 14 a
233 926 88 20 distinct
334 923 163 25 understanding
513 923 26 21 of
553 929 68 20 every

34 954 86 26 subject
125 953 102 27 perused.
255 952 49 22 The
313 951 94 31 reading
415 951 26 21 of
449 949 39 23 the
497 948 125 28 Scriptures

33 980 52 27 will,
95 986 25 15 as
127 986 26 16 in
163 978 113 27 Scotland,
283 978 59 22 form
349 984 14 15 a
372 975 110 30 principal
487 978 54 25 -part
549 974 27 22 of
582 974 39 22 the

35 1006 109 23 exercises
154 1005 27 22 of
187 1005 37 22 the
233 1004 86 23 school.

125 1040 79 22 Terms
204 1050 28 6 —
232 1039 57 22 Fee*
293 1038 91 28 payable
391 1038 24 20 in
423 1036 103 22 advanced

386 1071 35 17 Per
427 1071 84 18 Quarter.
523 1069 35 18 Per
565 1069 57 17 Week

63 1094 110 27 Reading,
189 1092 95 30 English
299 1099 120 21 grammar,

34 1121 164 24 andelocution
426 1117 33 23 £1
490 1118 11 21 1
516 1118 14 20 0
541 1115 78 23 Is.9d.

62 1148 97 27 Writing
167 1147 46 22 and
222 1146 127 23 arithmetic
368 1158 47 9 ....
446 1144 56 22 010
515 1145 15 20 6
539 1145 15 20 0
581 1144 27 21 10

62 1174 130 28 Separately
447 1172 15 20 0
476 1171 26 20 18
516 1172 14 19 0
541 1170 11 21 1
580 1171 15 20 6

62 1200 136 28 Geography
447 1199 15 20 0
476 1198 26 21 15
516 1198 14 20 0
541 1198 10 20 1
580 1197 15 20 3

64 1227 129 28 Separately
448 1225 12 20 1
490 1224 62 21 101
580 1224 15 21 9

65 1254 74 26 Latin,
163 1253 94 27 French,
283 1260 25 15 or
331 1251 90 27 Italian,

38 1281 107 24 each.y..
450 1278 11 20 1
477 1278 24 20 11
517 1278 14 20 6

62 1313 89 23 Winter
158 1313 76 28 hours,
240 1314 27 20 10
275 1312 35 22 till
319 1313 26 21 12
351 1310 45 23 and
405 1312 13 20 2
427 1310 35 23 till
468 1311 43 21 4—
511 1310 112 27 Summer,

37 1343 14 20 9
61 1341 34 22 till
105 1342 26 20 12
140 1339 46 23 and
193 1341 15 20 2
217 1339 35 22 till
259 1340 22 21 5.

63 1368 23 22 A
95 1367 58 22 class
167 1366 36 22 for
210 1373 78 20 young
297 1371 52 16 men
359 1363 118 28 attending
483 1367 77 23 stores,
571 1363 51 27 &c,

38 1394 44 22 will
90 1394 28 22 be
127 1393 89 28 opened
223 1393 58 21 from
291 1394 13 20 8
314 1395 23 19 to
345 1393 14 21 9
368 1391 25 22 in
403 1391 38 22 the
451 1391 103 26 evening.

66 1421 45 21 For
124 1419 101 28 English,
242 1419 95 26 writing,
354 1417 69 23 arith-
535 1418 3 20 I

40 1447 72 26 metic,
120 1446 46 23 and
173 1445 194 28 book-keeping—
367 1445 55 21 Fees
429 1443 32 23 £1
478 1444 24 21 11
518 1445 14 20 6
542 1444 31 21 2s.
582 1442 37 22 6d.

65 1473 62 23 Each
137 1472 124 29 separately
450 1473 15 19 0
480 1471 26 21 10
518 1468 21 29 6|

139 1499 125 23 Reference
273 1502 23 18 to
306 1498 62 22 John
378 1497 79 27 Wade,
469 1496 52 29 Esq.

66 1527 22 22 A
97 1526 144 28 respectable,
252 1525 51 23 well
312 1524 115 27 educated,
437 1523 98 22 married
541 1522 83 22 female

40 1554 45 22 will
93 1553 80 22 attend
186 1553 24 21 in
220 1553 38 21 the
268 1552 125 25 afternoon,
403 1553 23 19 to
440 1550 96 22 instruct
548 1556 79 20 young

36 1581 69 21 ladies
113 1580 24 22 in
146 1579 62 26 plain
217 1578 46 23 and
272 1577 140 24 ornamental
423 1576 161 23 needle-work.
615 1579 6 6 "'

66 1607 55 22 Fees
450 1605 15 20 0
479 1604 25 20 15
518 1604 37 21 01
583 1604 14 20 3

67 1635 105 24 Separate
180 1633 58 21 from
252 1632 64 22 other
328 1631 96 22 instruc-

40 1661 47 21 tion
438 1657 160 21 11019

134 1685 137 23 References
280 1689 23 17 to
313 1685 26 21 E.
349 1684 117 27 Halswell,
476 1683 54 27 Esq.

67 1712 145 27 Wellington,
223 1711 55 28 July
288 1713 33 26 15,
334 1712 60 21 1841.

248 1755 164 22 Education.

41 1790 106 50 MRS.
167 1789 46 22 and
231 1789 71 22 MISS
325 1786 192 24 WAKEFIELD
539 1787 89 23 receive

129 1816 74 28 pupils
212 1823 31 15 on
252 1816 38 22 the
299 1815 115 27 following
422 1818 80 19 terms:
502 1824 31 6 —

67 1845 44 21 For
128 1842 77 28 board,
224 1842 55 23 with
295 1842 101 26 washing
410 1841 47 22 and
471 1841 35 22 in-

94 1870 107 22 •truction
205 1870 24 21 in
234 1869 91 27 general
332 1867 92 28 English
429 1868 76 21 litera-

93 1901 58 23 ture,
165 1896 97 27 writing,
274 1895 46 22 and
332 1895 118 26 aritmetic,
466 1901 40 21 per

95 1927 90 24 quarter
506 1922 13 20 8
547 1920 20 21 8'
587 1922 15 20 0

67 1950 79 23 Under
154 1950 14 22 7
176 1956 65 21 years
250 1950 27 21 of
287 1956 41 20 age
501 1947 19 22 7
547 1947 14 22 7
587 1949 15 19 0

68 1978 51 26 Day
129 1976 105 23 boarders
506 1975 14 20 4
546 1974 15 21 4
588 1975 14 20 0

69 2003 133 29 Daypupils
506 2002 14 19 2
547 2001 14 20 2
588 2002 14 19 0

68 2030 81 21 Junior
158 2029 56 21 ditto
507 2027 52 20 11l
587 2027 16 20 6

42 2056 95 27 French,
152 2054 89 28 Italian,
256 2054 45 22 and
315 2053 114 27 Drawing,
440 2052 33 23 £1
488 2054 45 20 11s.
543 2052 37 22 6d.
589 2059 41 21 per

285 2084 97 25 quarter.
521 2082 18 13 "•'

69 2109 88 22 Private
167 2107 85 23 lessons
260 2107 25 23 in
294 2108 78 26 music,
384 2113 26 15 or
418 2113 46 20 any
474 2105 26 22 of
510 2105 39 22 the
558 2105 71 22 above

41 2136 110 23 branches
160 2135 27 22 of
198 2134 125 26 education,
338 2140 44 16 one
395 2132 78 23 hour's
487 2132 142 27 instruction,

43 2164 50 21 four
100 2162 86 22 lessons
203 2162 36 21 for
247 2168 45 15 one
299 2160 90 28 guinea.

69 2196 135 23 References
213 2199 23 19 to
245 2195 38 22 the
292 2194 115 27 following
412 2193 129 28 gentlemen
551 2192 81 27 kindly

42 2223 120 28 permitted
170 2230 5 14 :
175 2233 30 5 —

69 2251 63 26 Capt.
142 2249 36 22 W.
188 2249 34 22 M.
233 2247 79 28 Smith,
323 2247 68 28 R.A.,
399 2245 232 29 Surveyor-General,

71 2277 27 21 T.
109 2277 32 21 M.
152 2275 122 28 Partridge,
286 2275 53 27 Esq.

72 2304 22 21 S.
104 2303 97 26 Revans,
211 2302 53 27 Esq.

155 2348 27 21 A
191 2353 63 16 ease
266 2348 30 21 of
307 2347 70 22 Real
386 2346 128 21 Distress.

47 2382 71 50 AN
128 2381 124 23 APPEAL
261 2384 24 20 to
299 2381 38 22 the
345 2380 138 24 benevolent
494 2379 139 23 inhabitants

110 2409 27 23 of
153 2409 55 22 Port
224 2407 125 23 Nicholson
372 2407 21 22 is
407 2406 93 28 humbly
516 2406 66 22 made
602 2413 30 15 on

46 2435 78 23 behalf
133 2435 28 23 of
170 2434 38 24 the
217 2434 78 23 widow
306 2435 44 21 and
365 2433 118 23 fatherless
497 2433 103 22 children
610 2432 26 22 of

48 2463 45 22 Mr.
109 2463 88 27 Emery,
213 2461 51 23 who
277 2462 19 21 it
311 2461 45 22 will
371 2461 29 21 be
414 2459 154 23 remembered
586 2462 49 20 met

47 2489 34 22 his
90 2489 66 23 death
165 2487 66 23 while
240 2488 117 27 returning
365 2488 59 22 from
438 2487 87 26 Petoni,
535 2487 26 21 in
572 2493 61 15 com-

47 2523 60 20 pany
116 2515 54 23 with
177 2515 44 22 Mr.
231 2515 62 27 Hill;
308 2515 90 26 leaving
414 2522 14 14 a
443 2513 80 22 widow
536 2513 46 22 and
590 2516 45 19 two

47 2543 73 21 infant
134 2542 100 23 children
255 2541 79 28 totally
356 2540 142 29 unprovided
518 2540 36 22 for
574 2540 24 21 in
622 2546 13 14 a

48 2573 87 24 strange
144 2569 61 23 land.
231 2569 56 21 Mrs.
297 2568 84 27 Emery
389 2567 81 25 wishes
486 2570 23 18 to
525 2569 77 19 return
612 2569 23 18 to

50 2595 102 28 England
161 2599 22 19 to
193 2596 41 22 her
241 2595 93 27 friends,
342 2595 42 22 but
399 2594 42 22 has
456 2596 41 19 not
510 2593 39 22 the
561 2599 75 21 power

50 2623 26 21 of
85 2623 68 26 doing
161 2629 25 15 so
201 2622 94 22 without
308 2621 38 23 the
362 2621 122 22 assistance
501 2620 27 22 of
538 2619 39 22 the
593 2619 43 22 hu-

50 2656 71 16 mane.
151 2649 22 23 It
187 2649 20 23 is
220 2651 120 26 proposed^
346 2651 24 19 to
384 2647 59 23 raise
459 2654 14 14 a
486 2646 149 27 subscription

50 2675 108 23 sufficient
171 2679 23 18 to
210 2675 80 23 enable
305 2675 41 23 her
365 2678 25 19 to
403 2681 66 20 carry
481 2672 42 23 her
539 2679 97 20 purpose

49 2702 47 22 into
109 2702 118 23 execution
236 2710 5 19 ;
268 2703 20 22 it
302 2701 20 23 is
341 2701 113 23 therefore
475 2699 76 28 hoped
571 2698 65 23 those

50 2728 54 23 kind
117 2729 76 23 hearts
208 2729 51 23 who
274 2736 42 15 can
330 2728 46 24 feel
391 2728 35 22 for
440 2726 39 23 the
494 2726 80 22 widow
589 2726 46 22 and

50 2755 101 28 orphans,
162 2755 45 23 will
215 2755 52 23 take
276 2755 45 23 this
333 2762 52 16 case
398 2755 49 21 into
463 2753 172 27 consideration,

50 2782 45 22 and
102 2778 53 27 lend
164 2782 58 22 their
231 2781 38 24 aid
276 2782 26 22 in
315 2788 25 16 so
355 2780 137 24 benevolent
506 2787 14 15 a
532 2786 104 21 purpose.

52 2809 160 22 Subscribtions
226 2808 103 23 received
343 2809 32 26 by
390 2807 45 23 Mr.
445 2807 36 21 W.
492 2807 32 21 H.
534 2804 103 24 Bottom-

51 2834 42 31 ley,
107 2839 25 19 at
141 2835 34 23 W.
186 2835 29 23 V.
230 2834 114 28 Brewer's,
358 2834 61 27 Esq.,
436 2832 199 27 barrister-at-law,

51 2861 195 27 Manners-street;
270 2861 46 23 and
330 2864 24 19 at
368 2860 39 22 the
421 2860 65 22 office
495 2859 28 22 of
532 2858 39 24 the
581 2860 53 21 New

51 2890 92 20 Zealand
152 2889 93 21 Gazette.

179 2933 85 21 Plans
279 2931 31 22 of

55 2967 70 49 ON
137 2966 80 24 SALE
234 2968 25 20 at
273 2964 49 26 this.
328 2964 78 25 Office,
414 2963 68 33 plans
491 2962 27 23 of
528 2962 111 28 Welling-

128 2997 48 24 ton,
185 2990 198 30 lithographedby
399 2987 91 26 Messrs.
509 2989 71 23 Jones
593 2988 47 23 and

55 3020 79 23 Bluett

99 3048 78 27 .Large
185 3046 53 27 size,
247 3044 90 24 colored
419 3044 46 22 10s.
474 3043 36 22 6d.
521 3043 63 22 each.

104 3074 71 26 Ditto,
184 3073 63 29 plain
431 3071 14 20 5
473 3072 14 20 0

106 3100 69 23 Small
182 3100 70 26 sized,
261 3098 63 30 plain
433 3098 14 21 2
474 3098 14 20 6

310 3124 56 28 July
375 3126 34 26 16,
420 3124 63 23 1841.

151 3172 85 22 Chart
248 3171 32 22 of
294 3171 69 21 Port
375 3169 164 23 Nicholson.

64 3204 83 24 TUST
168 3204 184 26 PUBLISHED,
376 3202 46 23 and
445 3209 31 16 on
496 3201 47 23 sale
560 3204 26 20 at
604 3200 38 23 flic

58 3225 26 28 <l
119 3232 70 23 Office
198 3232 26 23 of
234 3231 45 24 this
287 3238 76 22 paper,
378 3237 15 14 a
407 3228 151 29 lithographic
574 3228 69 23 Chart

59 3258 26 22 of
93 3258 53 23 Port
152 3258 131 28 Nicholson,
296 3258 60 22 from
369 3256 38 23 the
423 3262 83 22 survey
522 3255 28 22 of
564 3255 28 22 E.
607 3255 35 22 M.

59 3284 103 29 Chaffers,
177 3286 61 28 Esqi,
247 3291 6 9 S
255 3284 68 28 R.N.,
339 3282 146 25 commander
498 3281 33 23 of'
537 3281 39 22 the
586 3281 57 22 New

60 3311 98 24 Zealand
166 3312 134 27 Company's
308 3311 51 28 ship
370 3311 92 25 Tory.—
462 3309 65 23 Price
531 3310 39 21 .2s.
577 3308 39 23 6d.

106 3338 94 24 Gazette
234 3339 79 26 Office,
324 3338 57 27 May
389 3337 35 27 27,
434 3337 63 22 1841.

251 3383 41 22 To
304 3382 138 22 Builders.

62 3415 164 48 TENDERS
243 3415 106 32 required
361 3415 36 22 for
409 3415 41 22 the
469 3413 99 23 erection
584 3412 30 22 of
629 3419 16 15 a

137 3443 63 22 Store
215 3442 49 23 and
275 3442 122 28 Dwelling,
412 3442 38 22 for
464 3439 74 24 which
545 3452 2 7 >
553 3439 31 23 all
600 3438 39 24 the

62 3469 108 22 materials
176 3470 47 22 will
230 3470 29 22 be
266 3469 78 23 found.

87 3495 42 22 For
137 3495 64 28 plans
208 3496 47 23 and
262 3495 170 33 specifications,
443 3493 68 29 apply
520 3496 24 20 to
549 3493 94 22 Messrs.

63 3520 98 24 Johnson
169 3522 45 23 and
223 3522 86 28 Moore,
320 3525 56 20 next
384 3521 38 23 the
431 3521 83 22 Bolton
524 3519 81 24 Arms.'

65 3564 110 49 OIL.—
175 3566 51 23 -The
243 3566 126 23 subscriber
382 3564 21 24 is
419 3564 110 28 prepared
546 3566 23 20 to
591 3569 54 23 pur-

137 3592 65 23 chase
222 3600 25 15 or
264 3593 66 22 make
347 3592 82 23 liberal
450 3593 111 20 advances
583 3596 63 22 upon

66 3616 34 24 Oil
108 3618 121 29 consigned
237 3622 23 19 to
268 3619 36 23 his
313 3618 97 23 London
425 3617 194 29 correspondents.

424 3651 31 22 A.
471 3651 76 27 Hort,
562 3650 56 23 Jun.

90 3676 141 31 Wellington,
241 3679 56 28 July
304 3680 21 26 9,
335 3679 63 22 1841.

67 3721 113 47 OIL.—
179 3722 49 23 The
248 3721 153 28 undersigned
422 3720 47 22 will
488 3720 112 27 purchase
622 3727 26 15 or

139 3748 65 23 make
212 3749 80 22 liberal
300 3748 112 23 advances
428 3754 31 15 on
475 3747 31 22 oil
523 3746 125 28 consigned

67 3774 23 20 to
97 3773 56 24 their
161 3775 182 29 correspondents
353 3775 25 21 in
388 3773 104 23 London.

386 3806 83 23 Waitt
478 3804 47 23 and
534 3805 85 22 Tyser.

92 3831 142 31 Wellington,
243 3834 54 28 July
306 3836 21 26 2,
338 3834 62 22 1841.

69 3876 111 49 BILLS
193 3879 41 22 OF
248 3878 124 23 LADING
386 3884 29 16 on
431 3877 46 23 tale
494 3879 24 19 *t
527 3875 40 22 the
575 3874 73 24 Olice

140 3905 27 22 •f
175 3905 45 23 thif
229 3913 74 20 paper.

1322 622 43 21 Ex
1379 622 45 21 the
1586 621 31 21 of
1628 620 152 27 Liverpool.

1261 654 118 51 FIFTY
1391 659 51 18 tons
1456 655 26 21 of
1487 655 46 21 fine
1543 655 48 25 salt,
1602 662 29 14 on
1641 654 45 22 sale
1702 657 22 18 at
1732 654 39 21 the
1781 654 62 21 Store

1332 681 28 22 of
1416 681 123 27 Wallac«,
1652 681 45 21 and
1707 680 121 22 Wallace.

1323 726 44 21 Sx
1381 727 45 20 the
1586 725 31 21 of
1628 724 152 27 Liverpool.

1262 761 99 22 THRIVE
1370 764 51 19 tons
1430 761 27 21 of
1461 761 38 21 the
1508 760 67 22 finest
1584 758 153 30 Philadelphia
1745 758 63 27 flour,

1261 783 35 27 J?
1333 789 27 21 88
1367 788 58 27 pairs
1435 788 26 21 of
1466 795 54 14 men
1529 788 21 21 &
1558 787 63 27 boyg'
1626 789 78 25 strong
1711 784 131 25 hob-nailed

1260 815 72 26 boots,

1259 854 5 7 *
1289 842 12 20 1
1320 848 51 14 case
1386 841 26 21 of
1422 840 98 26 wearing
1537 840 98 28 apparel,
1652 838 122 28 consisting
1790 838 26 21 of
1831 845 14 14 a

1261 867 86 27 variety
1366 868 27 21 of
1410 867 119 22 children's
1547 868 92 25 dresses,
1657 864 74 23 round
1750 864 94 28 jackets,

1263 896 96 20 cantoon
1376 896 103 24 trousers,
1493 892 124 23 roll-collar
1633 892 132 26 waistcoats,
1778 891 67 27 fancy

1262 923 67 24 vests,
1349 920 27 22 of
1390 920 99 27 superior
1505 918 166 28 workmanship
1680 926 5 19 ;
1710 917 135 22 Lancashire

1261 947 74 27 clogs;
1350 946 126 27 watertight
1484 945 45 22 and
1539 945 94 22 collier's
1642 948 81 23 strong
1728 944 69 27 boots,
1805 944 40 22 &c.

1325 986 19 3 •-
1358 984 3 4 ■
1407 972 124 27 Wallace,
1541 972 90 26 White,
1642 971 45 22 and
1700 975 118 17 Wallace.

1327 1017 44 21 Ex
1383 1017 45 21 the
1589 1016 31 21 of
1631 1015 152 27 Liverpool.

1266 1049 73 50 SIX
1353 1049 72 22 dozen
1434 1049 42 22 roll
1486 1049 69 22 collar
1564 1049 130 26 waistcoats,

1329 1077 28 21 33
1365 1076 49 27 pair
1423 1076 27 21 of
1455 1078 76 25 strong
1539 1076 84 21 fustian
1632 1078 108 23 trowsers,

1290 1103 29 22 27
1329 1103 71 22 dozen
1409 1105 97 19 cantoon
1515 1105 108 24 trowsers,

1290 1129 30 23 57
1329 1129 71 22 dozen
1409 1129 40 22 red
1459 1130 131 25 waistcoats,

1290 1157 29 21 28
1327 1156 61 27 pairs
1397 1156 26 21 of
1429 1155 83 23 corded
1522 1154 118 23 children's
1651 1153 92 27 dresses,

1291 1184 28 20 25
1328 1182 65 23 frock
1402 1185 67 24 coats,

1293 1210 27 21 12
1328 1209 49 27 pair
1385 1209 27 22 of
1417 1209 94 22 woollen
1521 1210 109 25 trowsers,

1293 1236 27 21 10
1328 1235 95 23 woollen
1433 1236 129 25 waistcoats,
1593 1248 4 3 •
1619 1248 4 7 <

1284 1263 38 26 ,20
1330 1263 60 26 pairs
1399 1262 25 22 of
1430 1261 94 23 woollen
1533 1261 108 28 leggings,

1282 1293 4 5 '"
1294 1290 27 21 16
1329 1289 70 22 ladies
1408 1289 93 27 dresses,

1291 1316 27 21 21
1329 1315 84 22 fustian
1420 1315 94 27 jackets,

1294 1344 14 19 9
1313 1342 89 27 jackets
1410 1341 46 22 and
1464 1344 107 24 trowsers,
1818 1341 36 24 ,■*

1293 1370 29 21 20
1330 1369 60 27 pairs
1400 1369 25 21 of
1431 1367 126 28 watertight
1563 1368 72 26 boots,

1293 1397 29 20 20
1329 1395 61 28 pairs
1399 1395 25 21 of
1431 1398 76 24 strong
1516 1394 76 22 nailed
1600 1394 71 22 boots.

1398 1421 123 27 Wallace,
1537 1421 91 26 White,
1644 1419 45 23 and
1701 1418 122 23 Wallace.

1331 1466 45 21 Ex
1390 1467 43 20 the
1594 1464 31 22 of
1635 1463 153 27 Liverpool.

1270 1500 73 50 SIX
1357 1499 38 23 7-8
1403 1500 46 22 fine
1457 1498 140 24 lambs-wool
1607 1498 58 27 dyed
1673 1497 93 27 dresses,

1332 1529 15 20 9
1360 1527 38 22 7-8
1407 1530 73 18 tartan
1490 1526 70 23 check
1569 1525 59 28 dyed
1637 1525 92 26 dresses,

1297 1555 40 21 100
1345 1553 67 28 yards
1466 1553 36 22 do.
1584 1552 37 22 do.

1295 1581 41 22 270
1345 1580 66 28 yards
1421 1579 27 22 of
1454 1579 61 23 drills
1524 1578 34 23 for
1566 1581 109 24 trowsers,

1256 1619 1 3 ■
1296 1609 14 19 6
1319 1607 72 21 dozen
1400 1608 38 20 4-4
1447 1607 89 26 Saxony
1543 1605 54 27 furs,

1297 1635 11 20 1
1320 1633 72 22 dozen
1400 1635 39 19 5-4
1447 1633 90 26 Saxony
1546 1632 53 27 furs,

1298 1661 12 21 1
1320 1660 72 22 dozen
1400 1660 38 22 7-8
1446 1659 50 22 best
1505 1659 95 22 Orleans
1610 1658 91 27 dresies,

1297 1688 28 21 20
1333 1687 75 28 pieces
1417 1686 37 22 7-8
1463 1686 78 27 prints.

1402 1713 123 26 Wallace,
1539 1711 91 27 White,
1646 1711 47 22 and
1704 1710 124 22 Wallace.

1334 1758 45 21 Ex
1393 1758 45 21 the
1596 1756 31 22 of
1637 1755 153 26 Liverpool.

1272 1791 220 36 r|WENTY-SIX
1501 1791 55 28 kegs
1565 1790 26 22 of
1597 1789 101 28 wrought
1705 1789 51 22 iron
1765 1788 64 23 nails.

1282 1823 25 19 ■*•
1402 1832 125 26 Wallace,
1541 1830 91 27 White,
1648 1830 46 21 and
1704 1828 125 23 Wallace.

1336 1878 43 21 Ex
1393 1878 45 20 the
1597 1875 30 21 of
1638 1873 153 27 Liverpool.

1282 1917 23 47 1
1305 1910 154 25 THIRTEEN
1469 1910 60 28 pairs
1537 1910 26 21 of
1569 1908 71 23 men's
1647 1907 46 23 and
1700 1908 57 27 boys
1765 1905 92 24 wooden

1374 1938 66 26 clogs,

1344 1965 14 21 5
1369 1965 58 27 pairs
1437 1964 26 21 of
1468 1969 87 16 women
1564 1969 10 14 s
1583 1964 93 19 wooden
1687 1964 68 24 clogs,

1296 1993 19 24 .5
1327 1992 61 26 pairs
1397 1990 25 22 of
1427 1990 54 28 girls
1588 1988 37 22 do.
1680 1988 37 21 do.

1343 2016 58 28 pairs
1410 2017 27 20 of
1447 2014 120 23 children's
1590 2014 36 21 do.
1682 2014 36 24 do,.

1303 2045 25 20 13
1341 2042 60 29 pairs
1411 2042 26 22 of
1441 2042 55 27 boys
1507 2040 44 23 and
1559 2040 62 27 girls'
1630 2040 93 21 wooden
1732 2038 67 28 clogs,

1418 2068 123 26 Wallace,
1551 2066 93 27 White,
1655 2066 45 21 and
1709 2065 123 22 Wallace.

1276 2115 43 21 Ex
1330 2114 47 21 the
1410 2112 145 22 Katherine
1567 2112 115 20 Stewart
1832 2108 30 22 of

1509 2138 122 21 London.

1276 2172 157 53 TWENTY
1446 2172 60 28 pairs
1516 2172 27 21 of
1548 2171 38 22 7-4
1593 2169 110 28 blankets,

1347 2202 29 20 30
1402 2199 36 22 do.
1466 2200 40 21 8-4
1532 2198 36 21 do.

1347 2228 29 20 20
1402 2226 36 21 do.
1466 2225 39 22 9-4
1532 2225 35 22 do.

1304 2255 26 21 10
1358 2253 37 22 do.
1423 2253 51 20 10-4
1501 2251 36 22 do.

1317 2282 13 19 6
1358 2280 37 21 do.
1436 2280 37 21 9-4
1500 2278 36 22 do.
1564 2276 106 27 medium,

1317 2309 13 20 6
1358 2306 37 22 do.
1423 2307 50 20 10-4
1499 2305 37 21 do.
1565 2304 37 22 do.

1316 2335 14 20 6
1358 2333 36 22 do.
1423 2334 50 20 11-4
1501 2331 35 22 do.
1565 2331 36 21 do.

1304 2361 28 22 24
1359 2360 36 21 do.
1436 2360 37 21 8-4
1501 2360 168 25 counterpanes.

1304 2389 27 20 36
1360 2386 35 23 do.
1437 2387 38 20 9-4
1503 2385 36 22 do.

1304 2416 28 20 20
1360 2413 35 22 do.
1424 2414 51 20 10-4
1502 2411 35 22 do.

1408 2439 123 26 Wallace,
1546 2437 92 27 White,
1654 2435 45 23 and
1713 2435 122 22 Wallace.

1279 2485 42 21 Ex
1329 2484 46 21 the
1409 2482 146 23 Katherine
1570 2482 118 21 Stewart
1845 2484 17 16 o

1509 2508 123 22 London.

1281 2544 91 50 ONE
1386 2544 71 22 dozen
1466 2543 72 23 men's
1548 2541 81 23 Italian
1639 2544 65 24 vests,

1357 2573 12 20 1
1397 2571 36 22 do.
1461 2569 59 23 Bath
1529 2569 54 23 cord
1594 2571 107 23 trowsers,

1318 2600 14 20 3
1361 2597 35 23 do.
1423 2595 107 24 rail-road
1539 2595 94 23 worsted
1643 2600 58 21 caps,

1317 2627 15 20 3
1360 2624 35 23 do.
1423 2623 85 28 striped
1561 2622 36 22 do.
1652 2621 37 21 do.

1320 2653 11 20 1
1362 2651 34 22 do.
1425 2650 119 22 children's
1553 2648 81 22 scarlet
1642 2647 71 26 socks,

1320 2680 14 21 8
1362 2677 35 23 do.
1426 2677 36 22 do.
1489 2683 55 21 grey
1552 2674 95 23 worsted
1658 2673 71 27 socks,

1320 2707 14 20 3
1362 2704 36 22 do.
1426 2704 61 27 girls'
1498 2702 67 23 white
1574 2704 76 20 cotton
1659 2700 62 27 hose,

1320 2734 14 20 2
1362 2731 36 22 do.
1427 2731 35 21 do.
1518 2729 35 23 do.
1611 2727 34 23 do.

1321 2760 11 20 1
1363 2757 35 23 do.
1427 2757 36 22 do.
1519 2755 36 23 do.
1611 2754 35 22 do.

1320 2787 14 20 3
1363 2785 35 21 do.
1426 2784 36 22 do.
1518 2783 35 22 do.
1608 2781 67 27 fancy
1684 2780 61 27 hose,

1320 2814 17 20 4
1363 2811 35 22 do.
1428 2809 106 23 women's
1562 2809 36 21 do.
1625 2808 37 22 do.
1691 2807 35 21 do.

1321 2840 15 20 5
1364 2838 35 22 do.
1428 2837 36 22 do.
1520 2835 55 23 drab
1626 2835 35 21 do.
1691 2834 36 21 do.

1322 2867 14 20 8
1365 2865 35 22 do.
1428 2863 66 23 white
1503 2861 102 28 imperial
1614 2861 49 23 lisle
1671 2860 57 27 knit,

1310 2893 27 21 12
1365 2891 35 22 do.
1428 2891 73 21 men's
1510 2888 105 24 coloured
1623 2890 76 20 cotton
1708 2887 62 27 hose,

1323 2920 12 20 1
1365 2918 36 22 do.
1428 2917 68 28 fancy
1506 2919 75 19 cotton
1590 2914 61 28 hose,

1322 2947 15 21 3
1365 2945 35 22 do.
1428 2943 66 23 white
1503 2942 80 23 ribbed
1610 2941 36 22 do.

1311 2973 26 21 12
1366 2971 36 22 do.
1429 2970 77 22 brown
1516 2972 75 19 cotton
1602 2968 50 22 half
1656 2967 62 27 hose,

1311 3000 27 21 10
1365 2997 37 23 do.
1430 2996 62 22 habit
1501 2995 66 23 white
1577 2998 75 19 cotton
1661 2994 84 27 gloves,

1323 3027 16 20 3
1366 3024 36 23 do.
1430 3024 72 21 men's
1511 3023 66 21 white
1585 3021 78 23 ribbed
1672 3023 77 20 cotton
1757 3019 61 27 hose,

1323 3053 16 21 4
1367 3051 35 22 do.
1430 3049 100 23 assorted
1538 3048 95 22 worsted
1640 3047 80 22 ribhed
1726 3046 61 27 hose,

1323 3079 15 21 2
1365 3077 37 23 do.
1429 3076 67 22 black
1503 3076 62 28 plain
1575 3074 93 22 worsted
1677 3074 61 26 hose,

1311 3106 28 22 14
1367 3104 35 23 do.
1430 3103 77 23 brown
1517 3105 75 19 cotton
1601 3101 61 26 hose,
1837 3124 7 10 >

1324 3134 15 19 9
1367 3131 36 22 do.
1431 3129 101 23 marbled
1584 3128 37 22 do.

1324 3160 15 20 3
1367 3157 36 23 do.
1431 3157 67 21 white
1586 3154 36 22 do.

1325 3187 14 19 4
1368 3184 35 22 do.
1431 3183 68 22 white
1506 3181 78 23 ribbed
1594 3180 101 28 imperial
1704 3180 75 21 cotton
1787 3180 60 24 hose,

1313 3213 26 21 15
1368 3211 36 22 do.
1431 3209 64 23 habit
1504 3208 105 24 coloured
1621 3209 76 20 cotton
1706 3206 82 26 gloves,

1313 3240 28 21 10
1369 3238 35 22 do.
1431 3236 65 22 habit
1504 3234 105 24 coloured
1615 3232 152 24 embroidered
1773 3230 84 29 gloves.

1313 3265 27 22 25
1369 3265 36 21 do.
1433 3263 72 22 men's
1595 3261 36 21 do.
1722 3258 36 22 do.

1313 3293 28 21 22
1369 3291 36 23 do.
1432 3289 72 23 men's
1529 3295 67 21 super
1619 3286 76 23 Berlin
1719 3286 154 21 embroidered

1288 3319 84 27 gloves,
1663 3332 4 3 ■
1793 3336 9 8 ,

1315 3347 28 20 18
1370 3344 37 22 do.
1435 3343 35 22 do.
1553 3340 37 22 do.
1671 3338 37 23 do.
1789 3338 36 21 do.

1420 3369 123 26 Wallace,
1558 3367 91 25 White,
1664 3365 46 22 and
1723 3365 123 21 Wallace.

1325 3416 45 21 Ex
1383 3416 45 20 the
1677 3409 30 22 of
1718 3408 123 22 London.

1292 3449 127 50 FORTY
1442 3446 79 29 glazed
1537 3445 95 24 window
1650 3443 82 28 sashes,
1751 3444 14 21 3
1784 3442 47 22 feet
1845 3441 31 28 by

1363 3477 14 21 2
1386 3476 47 21 feet
1441 3476 14 20 6
1463 3474 85 22 inches.

1421 3501 123 25 Wallace,
1558 3498 93 26 White,
1666 3496 46 23 and
1725 3496 123 22 Wallace.

1327 3548 45 21 Ex
1384 3547 46 21 the
1678 3541 30 22 of
1719 3539 123 22 London.

1293 3583 52 49 A
1358 3580 106 23 LARGE
1477 3581 133 20 assortment
1618 3578 26 22 of
1649 3576 165 26 ironmongery,
1824 3573 54 22 suit-

1378 3608 50 22 able
1436 3607 35 22 for
1480 3606 30 21 all
1518 3611 106 23 purposes
1633 3604 24 21 in
1666 3603 75 26 fitting
1749 3608 29 21 up
1786 3600 89 22 houses.

1320 3635 57 22 Also
1385 3642 14 14 a
1407 3634 104 28 quantity
1520 3632 23 22 of
1551 3629 125 25 household
1684 3627 98 28 utensils,

1320 3662 74 22 Three
1403 3660 129 27 mahogany
1540 3657 77 26 tables,

1320 3688 107 22 Watches
1435 3687 25 21 of
1466 3685 88 23 various
1562 3683 73 26 kinds,

1322 3716 66 22 Brass
1397 3713 97 27 foundry
1502 3711 25 22 of
1534 3717 67 23 every
1611 3709 140 26 description.

1431 3739 122 25 Wallace,
1569 3738 90 23 White,
1675 3733 45 23 and
1734 3733 122 25 Wallace,

1322 3768 180 22 Lambon-quay,
1508 3764 54 26 July
1572 3762 91 27 1,1841.

1296 3811 104 50 NOW
1414 3808 154 26 LANDING,
1582 3813 39 21 per
1629 3806 72 26 Mary,
1715 3805 76 25 30,000
1801 3802 79 23 ladies'

1378 3838 73 25 slates,
1461 3838 28 20 16
1503 3836 31 21 in.
1542 3835 32 27 by
1588 3835 13 20 8
1610 3833 32 22 in.
1665 3832 45 23 For
1718 3830 129 28 particulars
1859 3830 26 20 of

1297 3865 67 28 price,
1376 3865 48 26 &c,
1432 3862 67 29 apply
1508 3864 23 19 to

1484 3888 129 25 RiDawAY*,
1630 3886 105 24 Guttos,
1750 3886 44 20 and
1810 3886 71 19 hk*r.

647 615 167 24 /CHARLES
831 615 139 28 HARVEY,
979 615 91 22 Tailor
1080 615 150 22 &-Breeches

650 650 40 14 v
718 642 96 27 Maker,
825 649 55 15 near
889 642 90 22 Messrs.
989 641 88 23 Waters
1087 641 45 22 and
1141 640 90 23 Smith's

647 669 71 27 Store,
734 668 145 28 Wellington,
894 669 55 25 begs
963 671 25 19 to
1003 668 84 22 inform
1100 668 38 22 the
1152 670 79 24 gentry

647 695 46 22 and
701 695 137 22 inhabitants
849 695 26 22 of
886 691 140 31 Wellington
1034 694 48 22 and
1093 695 29 21 its
1130 694 100 26 vicinity,

647 721 49 23 that
705 721 29 23 he
743 722 41 22 has
793 721 148 23 commenced
947 722 102 21 business
1058 728 25 14 as
1096 721 76 27 above,
1186 716 45 26 and

648 751 72 19 trusts-
723 749 52 21 that
782 749 80 21 twelve
878 748 73 28 years'
962 748 132 27 experience
1103 748 24 21 in
1138 747 93 22 London

648 782 25 15 as
696 782 15 14 a
728 775 109 28 practical
859 778 81 24 cutter,
962 774 119 23 combined
1098 774 55 22 with
1173 772 59 28 good

648 802 113 22 materials
783 801 46 23 and
852 801 173 32 workmanship,
1048 800 46 23 and
1119 800 113 22 moderate

648 828 100 27 charges,
758 828 46 22 will
813 828 81 22 enable
902 828 47 22 him
959 832 24 18 to
999 835 51 20 give
1059 827 136 22 satisfaction
1209 829 24 19 to

649 855 31 22 all
688 855 51 22 who
746 861 55 22 may
808 855 81 23 favour
897 854 49 23 him
951 854 56 22 with
1016 854 57 22 their
1082 857 127 25 patronage.

830 888 87 28 Terms,
928 888 53 22 cash
991 888 62 27 only.

713 932 182 23 Fashionable
909 932 107 22 Winter
1030 932 137 26 Clothing.

649 966 188 48 WILLIAM
876 965 144 27 MURRAY,
1062 965 90 22 Tailor
1190 963 46 23 and

747 993 128 27 Clothier,
883 993 56 26 begs
947 996 24 19 to
980 992 44 22 call
1036 991 39 23 the
1089 992 107 22 attention
1212 990 27 22 of

649 1018 130 28 gentlemen
788 1019 47 23 and
843 1019 39 23 the
892 1018 76 28 public
983 1022 24 18 to
1022 1018 35 23 his
1066 1018 63 22 stock
1144 1019 26 21 of
1181 1024 55 21 very

651 1046 100 27 superior
766 1046 84 22 beaver
864 1046 45 22 and
924 1045 57 27 pilot
998 1045 68 28 cloth,
1082 1044 74 23 which
1169 1045 30 22 he
1216 1045 20 22 is

650 1072 97 22 enabled
763 1075 23 19 to
801 1072 66 22 make
876 1080 31 20 up
916 1072 50 22 into
974 1073 127 26 Taglionas,
1111 1079 44 21 pea
1167 1075 67 23 coats,

651 1101 109 25 trowsers,
770 1099 49 27 &c,
830 1102 25 19 at
863 1099 121 28 unusually
991 1098 45 24 low
1044 1099 79 28 prices,
1132 1099 35 23 for
1175 1099 60 22 cash.

679 1132 34 21 As
725 1132 30 22 all
773 1132 38 23 the
828 1133 64 22 work
905 1134 22 22 is
942 1136 39 20 cut
995 1136 38 19 out
1047 1133 32 27 by
1088 1132 92 28 himself,
1191 1132 46 22 and

651 1158 65 23 made
726 1167 30 20 up
765 1159 74 23 under
852 1159 36 23 his
903 1167 50 16 own
965 1160 207 27 superintendance,
1182 1165 55 21 gen-

652 1186 84 22 tlemen
754 1193 53 21 may
824 1186 91 28 depend
937 1194 30 15 on
991 1186 59 23 their
1073 1186 76 23 orders
1169 1185 69 27 being

653 1212 112 28 elegantly
775 1212 46 23 and
829 1212 115 28 tastefully
953 1216 40 25 got
1000 1219 39 22 up.

653 1245 122 28 Repairing
783 1247 111 22 executed
899 1247 53 22 with
961 1249 105 20 neatness
1073 1245 45 23 and
1124 1244 112 30 despatch.

653 1291 49 48 E
730 1291 169 27 STAFFORD,
919 1291 97 27 Tailor,
1031 1290 85 28 having
1134 1288 105 24 removed

708 1322 11 11 •
748 1321 25 19 to
781 1318 35 22 his
824 1325 51 15 new
883 1317 78 28 house,
969 1325 56 14 near
1030 1318 92 21 Messrs.
1130 1316 26 23 T.
1163 1316 45 22 and
1215 1316 22 22 S.

654 1344 80 23 Cook's
748 1345 81 27 Stores,
847 1345 54 27 begs
916 1345 64 22 leave
994 1347 24 19 to
1030 1347 79 19 return
1122 1343 80 22 thanks
1215 1345 24 18 to

653 1370 63 23 those
734 1371 130 27 gentlemen
882 1371 50 22 who
948 1372 57 21 have
1020 1370 91 23 favored
1125 1370 47 21 him
1185 1369 54 22 with

654 1398 58 21 their
720 1401 99 25 support,
828 1398 47 22 and
882 1398 70 28 hopes
966 1398 32 27 by
1014 1398 63 21 strict
1092 1397 108 22 attention
1216 1398 23 19 to

653 1424 101 23 business
764 1428 23 18 to
797 1425 67 22 merit
872 1432 14 15 a
895 1425 150 22 continuance
1056 1424 26 21 of
1092 1424 38 22 the
1139 1431 66 14 same.

681 1458 87 22 N.B.—
769 1458 22 22 A
800 1458 106 22 first-rate
917 1461 38 19 cut
964 1457 46 23 and
1020 1457 168 28 workmanship.

822 1503 113 27 Watches,
951 1503 46 21 and
1013 1502 120 28 Jewellery
1148 1500 91 24 cleaned

657 1532 43 20 Vy
728 1530 46 23 and
781 1530 104 28 repaired
896 1530 31 28 by
940 1530 85 21 Robert
1040 1530 117 27 Sturgeon,
1171 1535 69 20 many

655 1564 65 20 years
728 1558 25 21 in
763 1565 14 14 a
786 1557 96 22 London
892 1557 117 28 jewellery
1018 1557 109 21 business.

683 1590 124 22 Residence
818 1593 24 19 at
849 1593 92 30 present
941 1602 28 4 —
969 1593 24 19 at
1001 1590 38 22 the
1048 1589 58 23 back
1113 1589 27 23 of
1149 1588 91 23 Messrs.

656 1616 88 23 Waters
753 1617 46 22 and
808 1617 93 23 Smith's
911 1617 82 23 Stores.

656 1661 233 49 JM'GREGOR
901 1661 54 28 begs
970 1660 144 29 respectfully
1127 1663 23 19 to
1160 1660 82 22 inform

697 1697 11 12 •
725 1687 38 23 the
772 1692 82 23 gentry
862 1687 47 23 and
916 1687 138 23 inhabitants
1060 1687 25 22 of
1092 1688 54 22 Port
1152 1686 91 22 Nichol-

656 1722 43 14 son
708 1715 48 22 that
764 1714 30 23 he
803 1715 42 22 has
854 1722 29 15 on
893 1714 54 27 sale,
962 1717 24 19 at
1000 1714 36 22 his
1051 1717 125 24 temporary
1190 1712 54 23 resi-

673 1748 61 21 ence,
753 1742 25 22 in
796 1742 39 22 the
852 1749 51 15 rear
921 1743 26 21 of
964 1741 41 23 Dr.
1022 1741 94 27 Knox's,
1136 1747 53 15 near
1205 1740 38 21 the

657 1767 73 28 Bank,
753 1775 29 15 an
802 1771 135 20 assortment
955 1767 27 23 of
1001 1768 49 22 best
1073 1767 170 23 London-made

659 1795 103 27 watches,
773 1795 77 22 Dutch
859 1795 82 28 clocks,
952 1796 41 21 &c.

686 1828 178 28 Chronometers,
875 1828 81 28 clocks,
972 1828 105 26 watches,
1092 1828 46 22 and
1153 1828 92 23 musical

658 1856 70 22 boxes
737 1856 109 26 carefully
857 1856 94 22 cleaned
959 1855 46 22 and
1014 1855 109 27 repaired.

662 1901 34 47 J
731 1900 154 27 CANNING,
910 1900 101 26 Cabinet,
1035 1899 74 28 Chair,
1133 1899 43 22 and
1194 1899 51 22 Sofa

701 1938 8 10 •
741 1927 177 27 Manufacturer,
934 1927 189 28 Lambton-quay,
1133 1925 113 28 adjoining

659 1954 70 22 Durie
739 1954 45 22 and
794 1955 60 21 Co.'s
867 1955 82 21 Stores.

817 1988 132 14 FURNITURE
967 1987 123 15 REPAIRED.

661 2024 276 49 RBRADFIELD,
963 2024 93 21 Saddler
1079 2023 46 22 and
1147 2022 98 23 Harness

716 2062 11 11 •
757 2051 89 22 Maker.
874 2051 94 26 Repairs
980 2051 77 26 neatly
1071 2049 66 23 done.
1163 2049 83 23 Orders

660 2078 104 22 received
773 2081 23 18 at
805 2077 130 22 Marshall's
944 2076 164 23 Coffee-house.

668 2122 137 25 XOSHUA
814 2122 144 27 SCHOLES,
967 2122 62 21 Boot
1036 2121 110 22 andSHOE
1153 2120 92 27 Maker,

661 2155 27 17 V
726 2150 190 26 Lambton-quay,
929 2148 53 28 begs
997 2151 24 19 to
1035 2148 83 22 inform
1133 2147 36 22 the
1184 2147 63 22 inha-

661 2177 83 22 bitants
763 2176 28 22 of
810 2176 138 27 Wellington
971 2174 47 23 and
1035 2175 29 22 its
1086 2174 161 27 neighbouring

662 2203 103 27 districts,
775 2203 51 22 that
835 2202 29 22 he
871 2203 21 22 is
901 2209 52 15 now
962 2202 69 27 ready
1041 2205 22 18 to
1071 2201 85 22 receive
1165 2200 82 27 orders,

662 2230 73 23 which
739 2229 51 23 •will
798 2232 61 20 meet
869 2229 56 22 with
939 2228 109 28 punctual
1064 2226 118 30 despatch;
1204 2230 45 19 and

662 2259 67 21 trusts
737 2257 59 25 from
805 2256 36 22 Ms
847 2256 137 27 -experience
997 2255 25 22 in
1037 2254 64 23 trade
1115 2257 24 18 to
1155 2254 66 22 merit
1235 2261 13 16 a

662 2284 65 22 share
737 2284 28 22 of
772 2283 77 27 public
857 2285 131 26 patronage.

664 2327 159 23 mHOMAS
846 2327 96 26 YORK,
964 2326 152 27 BUTCHER,
1140 2326 53 26 begs
1214 2332 35 15 re-

671 2350 30 27 X
738 2354 119 28 spectfully
873 2357 23 19 to
914 2353 83 23 inform
1016 2353 38 21 the
1071 2352 136 22 inhabitants
1227 2352 26 22 of

664 2381 54 23 Port
744 2381 132 27 Nicholson,
906 2380 49 22 that
981 2379 31 23 he
1038 2379 41 22 has
1106 2378 143 23 commenced

662 2408 103 22 business
779 2408 25 22 in
813 2407 39 23 the
861 2408 71 22 above
940 2407 55 27 line,
1005 2406 45 22 and
1062 2406 77 31 hopes,
1149 2406 30 26 by
1188 2405 62 22 strict

664 2435 109 22 attention
788 2438 23 18 to
819 2433 37 23 his
865 2437 130 24 customers,
1005 2437 23 19 to
1044 2435 67 19 merit
1120 2440 14 14 a
1149 2432 101 22 continu-

664 2468 56 16 ance
730 2462 27 22 of
763 2461 58 23 their
826 2461 99 22 favours.
932 2461 4 4 '

836 2494 73 16 FRESH
923 2493 63 17 HEAT
1000 2493 78 16 DAILY.

692 2515 190 27 Lambton-quay,
892 2514 62 22 June
963 2515 35 26 22,
1010 2515 62 21 1841.

666 2560 50 47 A
742 2559 134 27 HEWITT,
887 2559 161 24 Fishmonger,
1059 2557 109 23 Lambton
1176 2557 73 28 Quay,

720 2597 11 10 •
747 2585 147 28 Wellington,
900 2588 89 19 returns
998 2584 35 22 his
1042 2585 86 21 sincere
1138 2583 81 23 thanks
1228 2587 22 18 to

666 2613 36 22 the
721 2613 138 22 inhabitants
878 2613 28 21 of
925 2611 43 22 this
987 2611 87 28 Colony
1089 2611 36 22 for
1142 2610 37 22 the
1196 2617 55 21 very

663 2639 79 23 liberal
761 2642 93 28 support
868 2639 29 22 he
911 2637 41 23 has
967 2637 100 23 hitherto
1080 2637 109 27 received,
1206 2637 46 22 and

664 2666 56 28 begs
728 2670 24 18 to
760 2667 83 21 inform
853 2665 62 22 them
925 2665 49 22 that
987 2665 28 22 he
1022 2665 44 22 has
1074 2664 65 22 made
1149 2670 103 21 arrange-

664 2696 75 19 ments
753 2693 36 22 for
808 2700 14 15 a
835 2694 105 20 constant
955 2692 81 27 supply
1053 2691 28 22 of
1099 2691 38 22 the
1154 2691 98 22 choicest

666 2720 102 22 varieties
777 2720 27 22 of
814 2719 49 28 fish,
880 2719 75 22 which
969 2719 30 21 he
1015 2717 137 28 confidently
1166 2724 86 16 recom-

666 2747 79 22 mends
754 2749 23 19 to
787 2747 38 22 the
835 2746 75 25 public
919 2753 24 14 as
949 2745 68 28 being
1025 2745 27 22 of
1061 2744 38 23 the
1105 2745 50 21 best
1160 2744 92 28 quality.

694 2773 83 22 Orders
785 2774 35 21 for
830 2771 104 30 shipping
942 2772 111 27 received,
1068 2771 45 22 and
1122 2771 130 28 punctually

667 2799 107 24 attended
782 2803 31 19 to.

822 2832 100 15 OYSTERS
935 2832 74 15 FRESH
1022 2832 79 15 DAILY.

695 2853 64 27 Also,
769 2859 15 15 a
791 2852 82 28 supply
882 2852 27 22 of
923 2851 129 28 vegetables
1066 2850 61 24 fresh
1141 2851 56 23 from
1214 2849 39 24 the

667 2880 86 27 garden
763 2879 68 27 daily.

736 2922 180 23 Commercial
929 2922 64 26 Inn,
1008 2922 178 27 Wellington.

670 2958 53 48 R
749 2955 115 24 BROWN
883 2956 55 27 begs
951 2959 25 19 to
990 2955 85 22 inform
1088 2955 39 22 the
1142 2955 74 28 public
1232 2955 26 23 of

725 2994 12 12 •
767 2983 54 23 Port
831 2982 124 23 Nicholson
964 2981 50 23 that
1021 2981 39 23 the
1070 2982 71 22 above
1151 2981 71 23 house
1235 2983 20 21 is

670 3010 88 29 opened
766 3010 54 22 with
831 3018 13 14 a
853 3010 76 22 choice
939 3009 107 23 selection
1055 3008 27 22 of
1091 3009 75 27 wines,
1174 3009 80 34 spirits,

669 3037 87 23 bottled
765 3037 35 23 ale
809 3037 47 23 and
864 3039 67 25 stout,
941 3035 120 24 combined
1075 3035 54 23 with
1143 3038 113 20 moderate

671 3064 98 27 charges.
935 3082 3 4 .

671 3110 66 21 Port
755 3108 155 23 Nicholson
925 3108 149 27 Exchange
1093 3107 55 22 and
1159 3107 83 22 Publi

902 3134 120 27 Library.

699 3171 62 21 THE
775 3169 179 23 COMMITTEE
970 3169 39 21 OF
1016 3168 223 22 MANAGEMENT

673 3204 92 51 BEG
773 3203 144 29 respectfully
926 3206 23 19 to
957 3202 83 23 inform
1046 3202 38 22 the
1091 3202 113 23 Members
1214 3201 44 22 and

735 3230 79 24 Public
829 3229 122 28 generally,
969 3228 48 23 that
1031 3228 45 23 this
1090 3228 168 23 establishment

673 3259 19 22 is
700 3265 53 16 now
762 3265 66 19 open.
856 3257 23 22 A
889 3256 117 27 catalogue
1014 3256 28 21 of
1054 3255 38 23 the
1108 3255 69 22 books
1186 3255 24 22 in
1220 3255 38 22 the

674 3285 94 27 Library
782 3284 42 22 has
838 3283 59 22 been
911 3282 116 33 prepared,
1038 3282 45 23 and
1099 3282 38 22 the
1151 3281 107 23 librarian

674 3312 46 23 will
734 3310 89 23 furnish
838 3317 68 20 every
913 3309 146 23 information
1075 3309 46 22 and
1135 3308 86 28 facility
1235 3311 24 19 to

674 3338 39 23 the
722 3338 112 23 Colonists
842 3336 46 23 and
897 3336 75 23 others
981 3336 94 26 wishing
1083 3336 32 21 to!
1121 3335 58 22 avail
1186 3335 73 22 them-

675 3364 71 24 selves
756 3364 26 22 of
786 3364 40 21 the
833 3363 119 28 privileges
960 3363 28 22 of
993 3362 38 23 the
1041 3362 137 22 Institution.

701 3392 54 22 Wai
762 3391 83 22 Peraro
854 3390 106 26 Reserve;
970 3389 40 22 4th
1017 3390 63 26 May,
1091 3390 60 21 1841.

801 3435 54 22 For
868 3434 71 26 Sale,
951 3434 60 28 just
1024 3433 115 26 arrived,

685 3483 96 17 f/\/\
796 3468 109 23 REAMS
924 3468 27 21 of
971 3467 109 26 PAPER,
1100 3465 121 28 consisting
1238 3464 27 22 of

683 3490 42 26 P%l
733 3495 29 22 11
768 3490 14 27 1
796 3495 102 29 printing
907 3494 74 28 demy,
990 3493 67 23 letter
1069 3493 46 23 and
1129 3496 51 19 note
1193 3498 70 26 paper

678 3517 31 17 **
713 3517 33 17 v
749 3517 33 16 v
797 3523 28 22 of
835 3522 89 23 various
933 3521 58 22 sizes
996 3520 46 23 and
1048 3520 108 29 qualities,
1163 3519 98 26 blotting

676 3559 76 23 paper,
762 3550 68 23 white
840 3549 45 22 and
894 3547 113 27 coloured,
1017 3547 54 22 blue
1080 3547 120 28 wrapping,
1210 3545 51 27 bag,

678 3580 69 25 Kent,
758 3576 69 28 hand,
838 3576 45 22 and
890 3575 104 28 imperial
1003 3575 76 21 brown
1089 3580 73 22 paper.

728 3606 96 21 Gazette
859 3602 78 27 Office,
948 3601 55 27 July
1011 3601 50 22 3rd.
1196 3627 67 6 ______

923 3654 16 15 A
955 3653 67 15 CARD.

823 3682 49 21 Mr.
885 3681 28 22 T.
928 3681 28 21 O.
969 3677 158 28 WESTERN,

699 3717 80 23 Xiand
792 3717 143 25 Surveyor,
949 3714 112 24 Valuer,
1076 3712 54 21 and
1143 3710 102 28 Agent,

873 3755 118 16 TINAKORE
1005 3753 68 20 ROAD,

769 3782 89 24 Second
867 3782 60 22 Acre
937 3782 59 21 from
1005 3780 64 27 Capt.
1078 3777 96 24 Smith's.

927 3841 15 14 A
957 3839 69 15 CARD.

846 3867 54 21 Mr.
914 3866 34 20 H.
963 3866 30 20 B.
1007 3864 99 26 Relph,

783 3905 104 18 BURGEON
903 3904 158 19 ACCOUCHBUR,
1077 3902 87 17 rCTOKI.
