2540 3989
1883 3857 75 17 Printed
1962 3858 37 17 and
2002 3859 98 20 published
2106 3863 55 16 erery
2167 3860 88 20 Saturday
2260 3859 89 20 morning,
2357 3859 22 20 by
2387 3858 78 16 Samvki>

1904 3878 90 18 Revans,
2004 3881 20 14 at
2035 3879 31 16 the
2079 3880 54 16 Office
2145 3880 20 16 of
2176 3880 32 16 the
2220 3880 47 16 Niw
2274 3880 96 16 Zealand
2378 3879 87 16 Gazktts

1903 3903 43 12 and
1954 3900 135 16 Wellikotox
2096 3901 120 17 Spectator,
2224 3900 152 21 Tannaki-pl>e«,
2385 3898 80 20 W«iH»f-

1903 3921 38 18 ten,
1951 3920 43 17 Part
2001 3921 106 18 Nithalse*,
2115 3921 46 17 X*w
2168 3921 86 17 Jtalud.

505 34 102 32 THE
625 34 114 32 NEW
755 34 230 32 ZEALAND
1003 32 226 33 GAZETTE
1247 32 100 32 AND
1365 31 326 32 WELLINGTON
1714 31 296 31 SPECTATOR.

666 116 116 49 LAND
802 116 41 22 TO
866 116 96 22 LET.—
961 116 70 22 Town
1053 122 64 15 acres
1139 114 44 23 No.
1203 116 47 26 168,
1258 109 2 28 !

743 144 45 26 156,
798 144 49 26 423,
863 144 35 26 47,
908 144 49 26 561,
969 144 49 26 559,
1035 142 46 22 and
1093 149 69 19 many
1176 141 75 22 others

665 169 24 22 in
699 169 38 22 the
746 172 58 19 most
813 169 107 22 desirable
934 170 124 21 situations.
1088 168 55 22 Also
1156 171 95 24 country

665 196 54 21 land
726 203 29 14 on
764 196 38 22 the
812 196 72 21 banks
891 196 29 21 of
926 196 38 22 the
973 196 70 22 River
1051 195 61 22 Hutt
1120 194 46 23 and
1174 201 30 16 on
1213 194 46 24 the.

666 222 93 22 Porirua
767 222 62 22 road.
858 222 76 28 Apply
945 225 22 19 to

1051 247 23 22 J.
1089 247 37 22 W.
1140 247 82 22 Child.

877 293 40 19 To
931 293 35 20 be
979 293 60 25 Xiet,

667 326 163 49 SEVERAL
844 326 93 22 TOWN
946 326 105 32 ACRES,
1060 326 25 22 in
1094 326 89 22 various
1191 328 61 24 parts

731 352 26 22 of
768 352 144 27 Wellington.
941 352 44 22 For
993 352 138 28 particulars,
1147 354 69 26 apply
1228 356 24 19 to

842 386 26 21 E.
884 387 76 21 Catch
964 393 62 19 tool,
1037 385 108 23 Dickson-
1150 389 74 19 street.

875 431 40 19 To
929 431 35 20 be
978 431 59 24 Xiet,

667 462 90 23 TTIHE
771 466 60 19 town
847 470 51 15 acre
915 462 44 23 No.
974 464 44 21 680
1030 470 30 15 on
1073 462 40 23 the
1129 463 124 27 Surveyor-

672 485 31 26 X
741 489 117 22 General's
866 489 60 27 plan,
937 489 122 27 belonging
1067 492 24 19 to
1108 489 39 23 the
1162 490 90 22 Church

665 516 26 21 of
703 516 111 22 Scotland.
844 516 45 21 For
896 519 75 24 terms,
982 516 67 28 apply
1058 519 25 18 to

855 549 94 23 Robert
960 550 28 22 R.
999 550 101 27 Strang,
1115 549 109 23 Solicitor.

684 595 87 20 Town
785 594 55 21 and
854 595 123 26 Country
991 595 77 21 Land
1082 596 30 20 to
1126 595 34 21 be
1177 596 58 21 Xiet.

666 627 167 49 SECTIONS
850 627 46 23 and
911 628 100 26 portions
1027 628 26 22 of
1066 628 101 22 Sections
1183 629 24 21 in
1221 629 31 22 all

735 657 60 24 parts
812 654 27 22 of
853 654 38 22 the
908 654 70 22 Town
997 654 27 22 of
1039 655 146 27 Wellington,
1204 655 47 23 also

664 681 100 25 Country
773 681 102 21 Sections
889 681 24 21 in
922 681 40 21 the
976 681 97 22 districts
1090 681 27 22 of
1129 681 37 23 the
1184 681 66 28 Hutt,

665 707 38 21 the
716 707 85 27 Kaiori,
812 707 38 22 the
859 707 77 27 Ohiro,
948 707 47 22 and
1006 707 38 22 the
1057 707 100 23 Porirua.
1187 708 65 28 Long

664 733 71 22 leases
745 733 26 22 of
776 733 38 22 the
831 737 95 23 country
934 734 55 22 land
1005 733 45 23 will
1066 734 28 22 be
1108 735 96 26 granted
1221 742 30 15 on

664 759 131 23 reasonable
804 763 75 19 terms.
908 760 45 22 For
962 760 131 28 particulars
1102 761 66 28 apply
1178 765 23 18 to

856 794 99 24 Hanson
966 794 46 22 and
1025 794 116 27 Alzdorf,

890 820 123 23 Thorndon
1023 822 71 26 Quay,
1105 821 145 27 Wellington.

664 868 118 48 LAND
797 868 62 22 FOR
873 867 115 23 SALE.—
987 868 48 22 The
1049 868 71 22 Town
1128 867 67 29 Acre,
1210 871 42 20 884

741 902 29 14 on
780 894 38 22 the
828 895 239 27 Surveyor-General's
1075 895 54 27 plan
1136 903 7 19 ;
1157 895 47 22 and
1213 895 38 23 the

665 921 99 28 Country
774 921 77 22 Lands
865 922 24 21 in
903 921 38 22 the
957 921 61 28 right
1032 922 25 21 of
1070 921 78 23 choice
1160 923 28 21 of
1197 921 55 23 land

665 948 76 22 orders
759 947 54 23 Nos.
829 948 48 27 687,
894 947 47 28 726,
963 949 60 26 1084,
1042 948 27 22 of
1083 948 39 22 the
1140 948 49 22 first
1206 949 45 22 and

664 974 108 28 principal
783 975 134 22 settlement.
946 975 44 22 For
999 978 69 19 terms
1078 975 68 28 apply
1155 979 23 18 to

903 1011 3 4 '
915 1008 29 22 R.
959 1008 27 22 R.
1002 1008 100 28 Strang,
1114 1008 109 23 Solicitor.

691 1033 145 29 Wellington,
847 1034 62 22 June
918 1036 34 26 24,
965 1036 61 20 1841.

812 1079 40 21 To
866 1078 34 22 be
915 1079 66 21 Sold
997 1085 29 15 or
1040 1080 60 25 Let,

665 1111 164 50 SEVERAL
846 1112 71 22 Town
932 1112 53 26 and,
994 1113 101 27 Country
1112 1113 101 22 Sections
1228 1114 28 22 of

729 1138 73 22 Land.
829 1139 77 27 Apply
916 1142 23 18 to

979 1165 95 23 Robert
1084 1166 29 22 R.
1124 1166 99 23 Strang.

665 1208 163 49 SEVERAL
842 1209 70 22 Town
926 1210 108 27 Sections,
1051 1210 47 22 and
1113 1211 100 27 portions
1228 1212 26 21 of

729 1236 107 27 Sections,
846 1236 25 22 in
888 1240 59 18 most
962 1236 109 22 desirable
1087 1236 123 29 situations,
1227 1241 24 18 to

663 1262 28 21 be
701 1261 33 22 let
742 1269 29 15 on
781 1262 67 28 lease,
859 1263 35 22 for
902 1270 75 20 seven,
990 1263 110 28 fourteen,
1117 1271 24 15 or
1156 1268 95 24 twenty-

663 1295 44 15 one
717 1296 71 19 years.

690 1316 63 26 Also,
767 1316 102 31 portions
884 1316 27 23 of
927 1316 101 28 Country
1045 1316 100 23 Sections
1161 1318 36 22 for
1213 1317 38 23 the

663 1349 61 14 same
734 1342 94 28 periods.

690 1368 45 22 For
743 1368 64 28 plans
817 1369 45 22 and
872 1369 137 29 particulars,
1020 1370 67 28 apply
1097 1373 23 19 to

1086 1397 28 22 R.
1129 1397 94 24 Stokes.

691 1421 238 24 Woollcombe-street.

913 1469 85 20 Land.

663 1499 118 49 LAND
790 1500 35 22 for
833 1500 46 22 sale
889 1508 25 14 or
921 1504 23 18 to
953 1501 33 22 let
994 1501 24 22 in
1029 1501 37 22 the
1075 1502 51 21 best
1133 1502 117 23 situations

739 1526 23 22 in
778 1527 39 21 the
835 1527 77 27 Town,
930 1530 23 19 at
971 1535 55 20 very
1040 1528 45 22 low
1103 1529 78 27 prices,
1199 1530 51 21 sub-

664 1553 95 27 divided,
777 1553 46 22 and
838 1560 61 21 upon
908 1557 68 19 terms
993 1557 24 20 to
1026 1555 44 22 suit
1086 1555 38 22 the
1133 1555 118 29 labouring

664 1579 86 23 classes.

690 1607 46 21 For
743 1606 63 28 plans
816 1606 45 22 and
870 1607 137 28 particulars,
1019 1608 67 28 apply
1096 1611 23 18 to

1069 1635 31 22 A.
1115 1635 106 22 Ludlam.

690 1659 158 28 Willis-street,
859 1659 60 23 June
929 1662 34 25 18,
974 1662 61 21 1841.

663 1704 122 26 Country
799 1704 124 21 Sections
943 1705 42 20 for
1004 1706 61 21 Sale
1086 1712 36 15 on
1140 1706 108 23 Liberal

906 1732 103 21 Terms.

664 1763 164 49 SEVERAL
862 1764 102 23 Sections
990 1766 28 21 of
1047 1767 101 27 Country
1175 1767 71 28 Land,

727 1791 91 27 already
828 1791 82 23 chosen
919 1792 24 22 in
953 1792 38 22 the
1004 1793 94 23 Porirua
1112 1793 90 28 district,
1214 1795 35 21 for

651 1826 2 11 i
662 1817 58 28 Sale,
731 1825 74 15 terms
815 1825 105 15 liberal.
949 1819 76 28 Apply
1034 1822 22 19 to

755 1845 26 21 F.
797 1845 29 21 A.
840 1845 172 28 Molesworth,
1028 1847 184 28 Murphy-street,
1224 1855 23 14 or

755 1871 36 22 W.
807 1871 28 22 V.
851 1872 106 26 Brewer,
968 1873 194 22 Manners-street.

803 1917 87 21 Town
903 1918 85 21 Acres
1004 1920 28 19 to
1047 1919 58 20 Let.

661 1949 179 23 TVTUMBERS
851 1958 29 14 on
889 1950 38 22 the
938 1950 240 28 Surveyor-General's
1187 1960 59 18 map,

661 1970 44 28 IN
775 1978 43 21 438
898 1979 42 20 553
1022 1978 40 23 627
1144 1979 40 23 775

687 2003 46 21 For
741 2003 137 27 particulars,
890 2005 67 26 apply
966 2007 23 18 to

816 2036 37 23 W.
864 2037 26 21 B.
900 2037 107 27 Briswer,
1018 2037 202 24 barrister-at-law.

736 2080 133 28 Building
882 2082 169 21 Allotments
1066 2083 29 20 to
1111 2083 58 22 Let,

661 2113 91 34 rpHE
770 2113 200 23 ADVERTISER
985 2115 65 21 offers
1065 2122 61 20 upon
1141 2115 108 28 Building

667 2136 30 25 X
736 2139 88 27 Leases,
835 2148 14 14 a
858 2141 95 21 number
963 2141 26 21 of
999 2141 69 22 Town
1076 2141 138 24 Allotments
1223 2143 24 22 in

660 2165 38 23 the
707 2170 59 18 most
774 2167 109 22 desirable
893 2171 60 24 parts
963 2168 25 22 of
999 2167 44 23 this
1052 2169 140 22 Settlement.

686 2193 49 21 The
752 2194 111 22 attention
880 2195 26 21 of
922 2194 39 22 the
976 2195 76 27 public
1068 2195 21 21 is
1103 2196 145 28 particularly

659 2219 73 22 called
750 2223 22 18 to
791 2220 39 22 the
848 2220 124 27 advantage
992 2221 26 22 of
1034 2221 107 28 Building
1157 2223 89 27 Leases,

659 2245 73 23 which
742 2246 37 22 the
788 2247 152 27 undersigned
948 2248 19 21 is
977 2247 96 23 enabled
1082 2252 23 18 to
1115 2252 72 24 grant,
1195 2250 52 27 viz.,

659 2273 58 21 from
727 2280 68 14 seven
804 2276 24 18 to
844 2277 139 24 twenty-one
999 2282 71 19 years,
1089 2276 120 27 according
1225 2280 22 18 to

659 2299 38 22 the
715 2299 66 23 value
799 2300 27 21 of
846 2300 38 22 the
906 2301 114 27 buildings
1040 2302 112 27 proposed
1172 2306 24 18 to
1220 2303 27 22 be

661 2326 96 23 erected.
785 2327 77 27 Apply
872 2330 22 18 to

741 2353 24 21 F.
781 2354 30 20 A.
826 2353 171 28 Molesworth,
1014 2354 185 29 Murphy-street,
1209 2364 26 14 or

740 2379 35 23 W.
790 2380 29 22 V.
835 2380 107 27 Brewer,
959 2381 192 23 Manners-street.

729 2425 106 22 ANTED
858 2425 40 22 TO
922 2426 184 27 EXCHANGE,
1117 2431 130 26 —country

754 2452 65 21 lands
829 2452 35 21 for
873 2455 59 18 town
943 2459 70 15 acres.
1042 2453 99 28 Enquire
1152 2454 28 22 of

888 2480 34 21 W.
934 2479 30 22 V.
973 2480 108 27 Brewer,

1024 2506 194 24 Manners-street.

799 2551 88 21 Town
901 2551 85 21 Acres
1001 2553 29 19 to
1046 2552 57 21 Let.

659 2576 180 49 NUMBERS
850 2585 29 13 on
889 2577 38 22 the
937 2578 240 27 Surveyor-General's
1187 2587 59 18 map,

853 2605 41 21 510
1055 2607 43 20 263

685 2637 45 21 For
738 2637 131 27 particulars
877 2637 68 28 apply
953 2640 23 19 to
986 2637 107 29 Wallace,
1105 2638 82 28 White,
1202 2640 45 22 and

659 2663 106 22 Wallace.

872 2709 39 20 To
926 2709 34 20 be
974 2709 58 21 Let.

659 2742 52 48 A
724 2741 209 23 COMMODIOUS
943 2749 63 15 room
1015 2742 100 28 fronting
1124 2743 36 22 the
1167 2744 79 28 beach,

755 2767 54 23 with
826 2776 14 14 a
857 2768 117 22 bed-room
994 2769 111 27 attached,
1124 2771 122 29 admirably

659 2794 102 32 adapted,
785 2795 59 21 from
871 2795 28 21 its
927 2795 87 22 central
1040 2797 103 27 position,
1171 2798 36 21 for
1234 2806 13 14 a

658 2821 116 22 solicitor's
784 2821 63 22 office
858 2821 45 22 and
912 2821 193 28 dwelling-house.
1132 2823 77 30 Apply
1223 2828 23 19 to

1011 2849 26 21 T.
1052 2849 45 23 and
1112 2850 21 22 S.
1148 2851 71 22 Cook.

686 2873 189 28 Lambton-quay,
886 2873 55 28 July
949 2875 15 21 2
978 2876 61 21 1841.

720 2918 77 21 OUSE
821 2918 62 22 FOR
903 2919 117 22 SALE.—
1019 2919 32 22 To
1068 2920 30 22 be
1117 2922 60 26 Sold,
1197 2922 49 23 that

745 2945 144 22 well-known
898 2945 161 27 English-built
1066 2946 78 29 house,
1150 2948 96 23 situated

659 2978 29 15 on
717 2971 78 22 Petoni
823 2971 83 28 Beach,
929 2972 70 28 lately
1023 2974 107 26 occupied
1159 2982 25 15 as
1206 2976 38 21 the

658 2998 196 27 Britannia-hotel,
861 2999 131 27 containing
998 2999 51 22 four
1055 3007 76 15 rooms
1140 3001 47 22 and
1194 3002 51 26 fire-;

657 3025 72 27 place,
739 3024 53 23 with
800 3027 45 20 two
854 3025 66 22 sheds
929 3025 122 28 adjoining.
1079 3026 101 29 Enquire
1190 3029 27 22 of

849 3058 96 22 George
960 3058 90 28 Young,

884 3086 176 27 Britannia-inn,
1070 3086 147 27 Wellington.

685 3111 60 22 June
754 3112 34 26 22,
799 3112 62 21 1841.

882 3156 54 21 For
949 3157 71 24 Sale,

658 3190 52 49 A
729 3189 257 23 SUBSTANTIALLY
1001 3190 57 22 built
1073 3192 77 22 native
1166 3192 77 28 house,

736 3216 51 23 half
797 3216 27 22 of
833 3216 20 22 it
867 3216 20 22 is
901 3216 63 22 lined
979 3216 46 23 and
1037 3217 97 29 floored;
1150 3220 96 22 situated

658 3246 55 19 next
728 3246 23 19 to
766 3243 39 22 the
819 3243 99 24 Queen's
934 3243 74 22 Head.
1036 3244 44 22 For
1095 3244 88 24 further
1195 3254 50 20 par-

658 3270 90 22 ticulars
757 3269 68 28 apply
834 3273 24 18 to
969 3270 37 22 W.
1017 3270 28 21 V.
1054 3271 108 28 Brewer,

1025 3297 194 25 Manners-street.
1234 3315 4 11 t

807 3341 42 20 To
863 3340 33 22 be
912 3340 66 22 Sold
993 3347 31 15 or
1036 3342 60 25 Let,

659 3372 133 35 npHREE
812 3373 102 22 Wooden
931 3373 97 28 Houses,
1047 3374 98 24 situated
1163 3384 30 15 on
1207 3377 39 23 the

665 3395 31 27 X
746 3399 184 28 Tinakore-road,
950 3400 38 22 the
1008 3402 85 21 second
1114 3410 51 15 acre
1187 3404 58 23 from

659 3426 94 28 Captain
769 3426 98 27 Smith's,
879 3426 130 28 containing
1023 3428 50 22 four
1085 3435 74 16 rooms
1173 3431 46 22 and
1233 3439 13 14 a

658 3460 100 20 passage,
778 3453 55 22 each
850 3453 53 21 with
920 3454 50 21 zinc
985 3454 67 28 roofs,
1072 3456 47 21 and
1136 3456 24 22 in
1178 3465 68 20 every

658 3482 88 25 respect
762 3479 51 22 well
831 3479 103 22 finished.
962 3480 78 23 Terms
1041 3492 27 4 —
1069 3481 26 22 If
1110 3482 54 28 sold,
1185 3484 61 22 jglso

659 3506 35 21 for
709 3505 55 22 each
777 3505 71 22 house
856 3514 5 19 ;
876 3506 22 21 if
909 3506 39 28 let,
966 3507 31 22 jgl
1014 3515 39 20 per
1062 3508 64 23 week
1141 3510 36 21 for
1191 3511 55 22 each

659 3532 79 22 house.
766 3532 77 28 Apply
853 3536 24 18 to

1046 3560 76 24 James
1136 3562 81 24 Watt.

686 3584 146 27 Wellington,
843 3585 56 27 May
908 3587 35 26 13,
954 3587 62 21 1841.

883 3630 54 21 For
950 3630 71 25 Sale,

660 3662 52 48 A
751 3661 160 23 WEATHER
919 3675 10 4 -
939 3663 152 23 BOARDED
1133 3665 111 30 HOUSE,

738 3687 84 28 having
831 3696 15 14 a
853 3689 63 21 brick
926 3689 111 28 chimney,
1049 3691 45 22 and
1103 3692 97 23 situated
1207 3694 39 22 be-

660 3717 72 19 tween
753 3715 92 22 Messrs.
864 3715 71 23 Durie
953 3716 46 22 and
1015 3717 58 22 Co.'s
1088 3719 45 21 and
1151 3720 44 22 Mr.
1213 3721 31 22 H.

661 3741 117 22 Robson's.
805 3742 49 22 The
870 3742 88 27 ground
972 3750 61 20 upon
1049 3743 75 23 which
1131 3745 19 22 it
1158 3747 20 21 is
1190 3747 56 22 built

659 3768 20 21 is
688 3767 54 22 held
749 3774 62 21 upon
819 3776 15 14 a
844 3775 67 15 seven
920 3776 65 19 years
999 3774 136 24 agreement,
1149 3773 46 22 and
1207 3774 39 22 the

661 3794 48 22 first
723 3795 72 26 year's
804 3798 51 18 rent
871 3795 19 21 is
904 3795 60 27 paid.
991 3795 49 23 The
1056 3802 132 22 agreement
1201 3801 45 22 will

660 3820 29 21 be
698 3820 102 28 disposed
809 3821 27 21 of
849 3821 52 22 with
911 3821 38 22 the
958 3821 108 29 building,
1077 3824 73 22 which
1163 3826 20 22 is
1192 3833 54 22 very

661 3846 116 32 complete,
792 3847 46 22 and
847 3848 26 21 fit
882 3851 24 19 at
915 3855 56 15 once
980 3851 23 19 to
1018 3849 27 23 be
1059 3851 115 28 occupied.
1202 3853 45 22 For

661 3873 129 27 particulars
800 3874 67 27 apply
877 3877 22 19 to

1046 3903 21 21 J.
1084 3903 134 26 Heberlev.
1235 3909 5 19 I

2070 113 67 21 Just
2150 112 148 27 Receired,

1887 145 71 49 AT
1971 145 64 22 THE
2048 145 113 23 OFFICE
2175 145 40 23 OF
2234 146 73 23 THIS
2321 147 108 28 PAPER,
2444 156 28 16 an

1973 172 116 22 extensive
2105 172 100 22 addition
2222 173 27 22 of
2261 173 90 23 various
2369 173 66 23 kinds
2450 177 26 21 of

1888 198 135 28 Stationery,
2034 199 123 26 consisting
2166 199 34 21 of:
2201 210 29 5 —

1916 224 99 28 Ledgers
2025 225 46 21 and
2078 228 97 20 account
2181 225 77 28 books,
2270 225 88 23 various
2368 226 63 29 sizes,

1916 251 86 22 Pocket
2009 251 90 27 ledgers
2109 252 46 22 and
2164 252 171 23 memorandum
2347 253 77 26 books,

1917 277 110 28 Foolscap
2036 278 46 21 and
2092 278 90 27 writing
2189 286 76 20 paper,
2276 279 88 21 various
2369 280 108 29 qualititif,

1915 304 122 27 Engraved
2047 311 58 21 copy
2114 304 54 28 slips
2177 305 46 22 and
2232 305 77 27 books,

1915 330 56 22 Best
1980 330 81 22 Welch
2071 331 75 27 slates,
2156 331 62 27 large
2228 332 46 22 and
2283 331 72 27 small,

1916 356 64 22 Lead
1990 357 46 21 and
2045 356 57 23 slate
2110 358 93 26 pencils,

1916 383 88 27 Rulers,
2016 383 73 22 round
2100 384 45 21 and
2154 384 48 26 flat,

1917 410 98 27 Sponge,
2025 410 81 22 wafers
2113 410 25 21 in
2147 412 14 20 2
2171 417 35 15 oz.
2220 410 77 27 boxes,
2313 410 67 22 India
2390 411 87 28 rubber,

1888 436 85 22 Albata
1981 436 153 28 pen-holders,
2146 443 55 21 very
2210 438 101 26 superior
2321 437 87 28 sealing
2423 446 56 21 wax,

1891 462 99 27 blotting
1999 469 76 21 paper,
2082 464 42 21 &c.
2135 464 41 21 &c.

2031 496 138 15 WHOLESALE
2184 497 48 14 AND
2246 497 90 15 RETAIL.

1943 526 49 21 EW
2005 526 154 23 ZEALAND
2169 527 154 27 JOURNAL,
2330 528 118 26 published
2455 530 23 21 in

1957 552 96 23 London
2063 553 178 27 semi-monthly,
2253 557 23 18 at
2286 555 45 21 13s.
2338 561 41 21 per
2386 561 91 16 annum.

1889 580 77 26 Agent
1966 591 28 4 —
1995 579 38 23 the
2046 581 56 20 New
2116 581 95 20 Zealand
2229 581 85 20 Gazette
2333 580 71 28 office,
2425 581 53 22 Port

1889 605 133 23 Nicholson.

1888 657 222 25 WHOLESALE
2140 659 125 24 PRICES
2299 658 177 26 CURRENT.

1960 697 135 15 CORRECTED
2109 697 29 15 UP
2152 697 29 15 TO
2195 697 86 15 FRIDAY
2295 697 109 15 EVENING.

2230 716 18 17 £
2269 721 15 12 S.
2309 717 19 16 d.
2381 716 18 17 £
2420 721 16 12 S.
2460 717 19 17 d.

1889 735 65 23 Ale:
1969 735 29 22 In
2006 736 79 27 bottle,
2099 737 116 27 perdoz..
2233 740 15 19 0
2262 739 28 20 12
2315 739 15 20 0
2347 751 18 7 ..
2384 739 15 20 0
2425 739 15 20 0
2465 740 15 20 0

1971 762 102 27 Taylor's
2232 765 14 20 5
2260 766 28 20 10
2314 766 15 20 0
2345 778 20 6 ..
2382 766 15 19 0
2424 765 15 20 0
2464 766 15 21 0

1889 788 100 22 Arrack
1997 796 5 14 :
2019 789 43 22 Per
2070 789 77 27 gallon
2170 793 79 19 ....0
2274 792 15 20 3
2315 792 15 20 3
2347 805 5 6 .
2359 805 7 6 .
2383 793 16 19 0
2424 792 15 20 0
2464 796 15 19 0

1888 815 81 22 Bread
1977 823 5 14 :
1999 815 42 22 Per
2049 816 46 22 21b.
2108 816 51 22 loaf
2171 819 79 20 ....0
2276 819 15 20 0
2316 818 83 21 8..0
2425 819 15 20 0
2464 820 15 20 0

1889 841 74 23 Beef:
1980 841 78 28 Fresh,
2078 850 90 15 carcase
2182 850 41 21 per

2006 869 24 21 lb
2230 872 14 19 0
2272 871 12 21 1
2312 872 15 20 0
2343 883 20 8 ..
2380 871 16 21 0
2423 871 12 20 1
2462 872 15 20 2

1997 895 54 28 Salt,
2062 903 41 20 per
2114 897 70 21 tierce
2198 911 6 7 .
2211 911 6 6 .
2236 897 14 22 7
2276 899 15 19 0
2316 899 15 19 0
2347 910 6 7 .
2360 911 6 7 .
2383 899 17 19 O
2425 899 15 19 0
2466 899 15 20 0

1997 921 44 23 Do.
2051 930 42 19 per
2106 923 74 22 barrel
2197 937 6 7 .
2210 937 6 7 .
2234 925 14 19 5
2275 925 15 20 0
2316 925 15 20 0
2347 937 6 7 .
2359 937 7 7 .
2383 925 15 20 0
2425 925 15 20 0
2465 926 14 20 0

1888 947 95 23 Butter
1990 956 6 14 :
2011 948 66 28 Irish,
2087 957 41 20 per
2135 950 31 22 lb.
2197 964 7 7 .
2211 964 5 7 .
2236 952 13 20 0
2276 951 12 21 1
2316 951 14 21 9
2346 964 6 6 .
2359 964 7 7 .
2383 952 16 20 0
2425 952 14 19 0
2465 953 14 19 0

2010 975 71 23 Fresh
2236 979 14 20 0
2275 977 16 21 4
2316 978 15 20 6
2347 991 20 7 ..
2384 979 16 19 0
2425 979 16 19 0
2465 979 15 20 0

1889 1001 98 23 Brandy
1994 1010 5 14 :
2015 1002 59 22 First
2080 1003 93 28 quality,
2180 1011 41 20 per

1914 1041 8 10 r
2037 1029 77 27 gallon
2126 1050 10 7 „
2232 1032 15 20 0
2273 1031 15 21 5
2315 1032 15 20 0
2346 1044 20 7 ..
2383 1031 16 21 0
2425 1031 14 21 8
2465 1033 14 19 0

1888 1055 87 23 Brown
1995 1056 87 22 Stout:
2106 1064 41 21 per
2160 1057 55 22 hhd.
2229 1058 14 20 5
2257 1059 27 20 10
2311 1059 15 19 0
2342 1071 19 7 ..
2382 1059 16 19 0
2424 1059 15 19 0
2464 1060 15 18 0

2000 1083 104 28 Manilla,
2110 1091 42 20 per
2157 1085 61 26 1000,
2232 1085 56 21 310
2314 1085 50 20 0..
2381 1084 15 20 5
2423 1085 14 20 0
2463 1086 14 19 0

1997 1109 98 23 Inferior
2232 1111 14 21 2
2272 1113 15 19 0
2313 1112 15 20 0
2344 1124 20 7 ..
2381 1112 15 20 0
2422 1112 15 20 0
2463 1113 14 19 0

1998 1136 137 28 Havannah,
2140 1137 78 28 perlb.
2232 1139 14 19 0
2259 1138 28 20 12
2313 1139 15 19 0
2343 1151 20 7 ..
2381 1139 15 19 0
2422 1139 15 19 0
2462 1139 15 19 0

1997 1162 127 23 Chinsurah
2234 1165 11 20 1
2260 1165 26 20 15
2314 1165 15 20 0
2344 1177 20 7 ..
2381 1165 16 19 O
2422 1165 15 20 0
2462 1166 15 20 0

1996 1189 157 23 Alexandrian
2166 1205 46 6 ....
2232 1192 11 20 1
2258 1192 27 20 10
2312 1192 15 20 0
2342 1203 21 7 ..
2380 1192 15 19 0
2422 1192 14 20 0
2462 1192 14 20 0

1888 1215 88 23 Coffee
1983 1222 6 15 :
2000 1216 65 27 Java,
2076 1224 40 19 per
2123 1217 24 21 lb
2232 1219 14 19 0
2273 1219 14 19 0
2314 1219 14 19 0
2344 1231 6 6 .
2357 1231 6 6 .
2382 1219 14 19 0
2422 1219 15 19 0
2463 1219 14 20 0

1888 1243 104 21 Cheese:
2007 1242 107 23 Cheshire
2232 1245 14 20 0
2274 1245 10 20 1
2313 1245 83 20 8..0
2423 1245 14 20 0
2463 1246 14 20 0

2005 1269 57 22 Pine
2072 1269 75 28 Apple
2168 1272 80 20 ....0
2273 1272 15 20 0
2314 1272 83 20 0..0
2424 1271 11 20 1
2463 1273 13 19 6

2004 1295 78 23 Dutch
2233 1299 15 19 0
2273 1299 15 19 0
2314 1299 14 19 0
2344 1311 20 7 ..
2381 1299 16 20 0
2423 1298 12 20 1
2462 1299 15 20 0

1888 1322 107 22 Candles
2002 1330 4 14 :
2015 1323 94 26 English
2116 1330 57 20 wax,
2180 1330 41 20 per

2032 1349 24 21 lb
2232 1351 15 20 0
2273 1352 15 20 0
2314 1351 14 20 0
2344 1364 20 6 ..
2382 1352 15 20 0
2423 1351 14 21 0
2463 1353 14 19 0

2020 1375 82 23 Mould
2232 1379 14 19 0
2274 1379 10 19 1
2313 1379 15 19 0
2343 1391 20 7 ..
2381 1379 15 19 0
2424 1378 10 20 1
2462 1379 14 19 2

2020 1402 57 28 Dips
2230 1405 16 20 0
2272 1406 14 20 0
2300 1405 27 20 10
2343 1417 19 7 ..
2380 1405 15 20 0
2422 1405 14 19 0
2462 1406 14 19 0

1890 1428 93 22 Flour:
1994 1429 33 21 Ist
2032 1429 92 28 quality,
2135 1433 83 24 perton

2012 1456 27 21 of
2048 1457 56 21 2000
2112 1457 35 21 lbs
2218 1457 28 22 27
2272 1459 14 19 0
2312 1459 15 19 0
2343 1458 53 20 ..30
2422 1459 14 19 0
2462 1459 14 20 0

1987 1483 47 21 2nd
2043 1483 57 21 ditto
2218 1485 29 20 24
2272 1486 15 19 0
2313 1485 15 20 0
2343 1485 53 20 ..26
2422 1485 14 20 0
2462 1486 14 20 0

1889 1508 61 22 Gin:
1970 1509 53 21 Pale
2232 1512 14 20 0
2271 1511 14 21 5
2313 1513 14 19 0
2343 1524 20 7 ..
2380 1513 15 19 0
2422 1512 13 19 6
2462 1513 14 19 0

1970 1536 62 27 Case,
2046 1537 16 21 4
2075 1537 88 31 gallons
2171 1538 45 20 4-5.
2233 1538 10 20 1
2272 1539 14 19 3
2314 1539 14 19 0
2344 1551 6 6 .
2357 1551 6 7 .
2382 1539 14 20 0
2422 1539 14 19 0
2462 1540 14 19 0

1888 1561 83 23 Hams:
1986 1562 129 29 Yorkshire,
2130 1563 86 28 perlb.
2232 1565 14 20 0
2272 1566 14 20 0
2313 1566 15 19 0
2343 1578 20 6 ..
2381 1567 15 19 0
2423 1565 11 19 1
2462 1566 14 20 2

1887 1588 116 22 Mustard
2009 1597 7 13 :
2031 1589 44 22 Per
2082 1590 73 22 dozen
2168 1591 75 21 ....1
2272 1592 14 20 2
2313 1593 83 19 0..0
2422 1593 14 19 0
2462 1593 14 19 0

1887 1615 115 23 Mutton:
2023 1616 94 22 Carcase
2127 1624 41 20 per
2176 1617 23 21 lb
2210 1633 6 6 .
2230 1619 16 19 0
2271 1619 15 20 0
2312 1619 14 19 9
2343 1631 20 7 ..
2380 1619 15 20 0
2420 1619 16 19 0
2450 1619 22 20 11

1887 1642 123 22 Muskets:
2026 1643 93 23 Walnut
2125 1643 93 23 stocked
2232 1646 14 19 0
2272 1646 14 20 0
2312 1646 15 20 0
2343 1659 19 5 ..
2380 1646 15 20 0
2409 1645 25 20 15
2462 1647 14 19 0

1888 1669 78 21 Milk:
1982 1669 43 22 Per
2031 1670 50 27 pint
2230 1673 15 19 0
2271 1673 14 19 0
2312 1671 14 21 5
2342 1685 20 7 ..
2380 1673 15 19 0
2420 1673 15 19 0
2461 1673 13 19 0

1888 1695 44 22 Oil
1939 1702 6 15 :
1960 1695 104 28 Linseed,
2075 1704 40 20 per
2123 1697 77 27 gallon
2210 1699 34 20 .0
2270 1698 14 20 5
2312 1699 14 20 0
2343 1711 6 7 .
2356 1711 6 7 .
2380 1700 14 19 0
2421 1697 14 22 7
2462 1700 14 18 0

1961 1722 78 27 Black,
2043 1724 24 21 in
2073 1723 59 26 cask,
2135 1731 40 20 per
2178 1725 68 21 tonl6
2272 1726 15 20 0
2313 1726 50 20 0..
2380 1727 15 19 0
2421 1726 15 20 0
2462 1727 13 19 0

1887 1748 77 22 Pork:
1979 1749 77 28 Fresh,
2074 1757 89 15 carcase
2178 1758 40 20 per

2004 1776 23 21 lb
2230 1779 14 20 0
2270 1779 15 19 0
2311 1778 14 20 5
2342 1791 19 7 ..
2379 1779 15 20 0
2420 1779 14 20 0
2460 1779 14 19 6

1888 1801 76 22 Pork:
1981 1802 65 27 Irish,
2057 1810 41 19 per
2107 1803 74 22 barrel
2192 1819 20 5 ..
2230 1805 14 20 5
2270 1806 15 20 0
2312 1807 14 19 0
2342 1819 19 6 ..
2378 1805 15 20 5
2408 1806 26 20 10
2461 1807 13 18 0

1888 1828 131 23 Potatoes:
2039 1829 57 22 New
2109 1830 109 27 Zealand,

2063 1861 88 22 perton
2230 1859 14 20 0
2270 1859 15 21 0
2311 1859 83 21 0..8
2420 1860 14 19 0
2461 1860 13 19 0

1888 1882 94 22 Porter
1990 1889 6 15 :
2025 1882 103 28 Dunbar,
2139 1884 24 22 in
2170 1884 46 22 bot.

2055 1917 41 20 per
2105 1910 42 22 doz
2230 1913 14 19 0
2259 1912 26 20 12
2312 1913 82 20 0..0
2420 1913 14 20 0
2461 1913 14 19 0

1888 1934 97 23 Pickles
1997 1943 5 14 :
2033 1936 117 28 Assorted,
2179 1945 41 20 per

2060 1963 57 26 doz.,
2142 1968 76 23 quarts
2233 1965 11 21 1
2272 1965 15 21 4
2312 1967 16 19 0
2343 1979 20 7 ..
2380 1967 15 19 0
2421 1966 15 20 0
2461 1966 14 19 0

1888 1988 73 22 Pitch
1974 1996 6 14 :
2011 1989 139 28 Stockholm,
2178 1998 42 20 per

2036 2016 73 21 barrel
2232 2019 14 19 0
2271 2019 15 19 0
2312 2020 15 18 0
2342 2031 20 7 ..
2381 2019 11 19 1
2408 2019 26 19 15
2461 2019 14 19 0

1887 2040 94 23 Plank:
2008 2041 55 22 Port
2086 2042 132 28 Nicholson,

2036 2075 41 21 per
2085 2070 41 21 100
2135 2070 47 20 feet
2194 2084 19 6 ..
2231 2071 55 20 019
2312 2072 15 20 0
2343 2084 19 6 ..
2381 2071 51 20 11
2461 2073 13 19 0

1887 2093 71 23 Rice:
1970 2094 110 23 Common
2089 2103 40 20 per
2135 2099 49 19 cwt.
2195 2111 19 6 ..
2232 2098 56 20 014
2313 2099 50 19 0..
2382 2098 11 21 1
2421 2099 14 19 0
2462 2099 13 19 0

1969 2122 67 21 Good
2232 2125 11 19 1
2271 2125 14 19 2
2312 2125 14 20 0
2342 2137 19 7 ..
2380 2125 11 20 1
2419 2124 14 20 5
2460 2126 14 18 0

1887 2146 68 23 Rum:
1972 2148 25 21 P.
2006 2148 28 22 B.
2044 2148 35 28 P.,
2093 2157 40 19 per
2141 2150 76 26 gallon
2232 2152 14 19 0
2272 2151 13 20 5
2312 2152 15 20 6
2343 2165 20 5 ..
2380 2153 16 19 0
2421 2150 13 22 7
2461 2152 13 19 0

1888 2174 87 22 Sugar:
1992 2175 120 22 Mauritius
2121 2184 41 20 per
2169 2181 48 17 cwt.
2232 2179 14 19 0
2272 2179 14 19 0
2313 2179 15 19 0
2343 2191 20 7 ..
2380 2179 15 19 0
2421 2179 14 19 0
2462 2179 13 19 0

1996 2202 81 21 Brown
2230 2205 14 20 0
2271 2206 14 19 0
2312 2206 49 20 0..
2378 2206 15 19 0
2420 2205 14 20 0
2460 2206 14 19 0

1996 2228 98 23 Refined
2109 2230 54 27 loaf,
2179 2238 40 20 per

2022 2256 23 21 lb
2231 2259 15 19 0
2272 2259 14 19 0
2312 2257 15 22 7
2343 2271 19 7 ..
2380 2259 15 19 0
2421 2259 14 19 0
2461 2259 14 19 0

1997 2282 98 22 Manilla
2232 2285 14 20 0
2272 2286 14 18 0
2313 2285 83 20 0..2
2422 2285 13 20 5
2462 2286 14 19 0

1887 2307 60 22 Salt
1954 2315 6 14 :
1976 2308 127 29 Liverpool,
2112 2317 42 19 per
2163 2313 39 19 ton
2210 2327 6 5 .
2230 2312 55 20 210
2312 2313 14 19 0
2343 2325 6 6 .
2356 2325 5 6 .
2380 2312 14 20 3
2409 2312 26 21 10
2462 2313 12 19 0

1887 2334 74 23 Soap:
1987 2335 104 23 Hawes's
2112 2336 105 28 London,

2013 2365 87 23 perton
2216 2365 27 20 36
2270 2365 14 21 0
2310 2366 15 20 0
2341 2364 52 22 ..42
2420 2366 14 20 0
2461 2366 13 19 0

1886 2388 92 23 Starch
1985 2396 7 14 :
2006 2389 43 22 Per
2058 2390 24 21 lb
2232 2393 14 19 0
2272 2393 14 19 0
2312 2393 15 19 9
2342 2405 7 6 .
2356 2405 7 6 .
2380 2393 15 19 0
2422 2392 10 20 1
2461 2393 14 19 0

1886 2414 144 23 Scantling:
2046 2416 44 22 Per
2097 2419 40 19 100
2146 2417 67 22 feet..
2232 2419 14 20 0
2260 2417 26 23 17
2313 2420 15 19 0
2343 2431 20 7 ..
2380 2419 15 20 0
2409 2419 25 20 18
2461 2420 13 18 0

1886 2442 129 22 Shingles:
2031 2443 44 21 Per
2081 2445 62 26 1000,
2152 2444 29 22 N.
2190 2444 26 22 Z.
2232 2445 11 21 1
2272 2445 14 21 7
2312 2447 16 19 0
2343 2459 20 5 ..
2380 2447 15 19 0
2422 2447 13 19 0
2461 2446 13 19 0

2018 2470 71 28 Ditto,
2110 2471 29 21 V.
2150 2471 29 22 D.
2190 2471 26 22 L.
2230 2473 15 19 2
2272 2472 13 20 5
2312 2473 15 20 0
2343 2485 7 6 .
2356 2485 7 6 .
2380 2473 14 19 0
2420 2473 14 19 0
2460 2473 14 19 0

1886 2495 63 22 Tar:
1964 2496 56 22 Coal
2232 2499 52 20 115
2313 2500 15 20 0
2343 2512 20 6 ..
2381 2500 15 19 0
2421 2500 15 19 0
2461 2500 14 18 0

1968 2523 130 23 Stockholm
2234 2525 52 21 115
2313 2527 50 19 0..
2381 2526 15 20 0
2422 2527 14 19 0
2462 2526 13 19 0

1886 2548 48 23 Tea
1943 2557 6 14 :
1966 2550 90 27 Hyson,
2065 2558 42 20 per
2115 2551 64 22 chest
2195 2566 6 5 .
2208 2566 6 6 .
2232 2553 15 20 0
2272 2554 15 20 0
2313 2553 15 20 0
2343 2566 7 6 .
2356 2566 7 6 .
2369 2551 26 22 15
2410 2551 25 23 15
2461 2553 14 19 0

1885 2575 118 23 Tobacco:
2019 2576 144 29 Negrohead,
2179 2586 41 19 per

2044 2604 25 21 lb
2232 2607 15 19 0
2272 2607 15 19 0
2301 2606 27 21 10
2343 2619 20 7 ..
2381 2607 15 19 0
2422 2605 11 21 1
2461 2606 13 20 3

1885 2628 164 23 Turpentine:
2065 2630 44 21 Per
2113 2631 100 27 gallon..
2232 2633 14 20 0
2272 2634 14 19 8
2313 2634 15 20 0
2343 2646 20 6 ..
2382 2633 14 20 0
2422 2634 14 19 0
2462 2634 13 18 0

1886 2654 151 23 Whalebone
2042 2663 6 14 :
2064 2657 44 21 Per
2116 2661 40 17 ton
2166 2659 80 20 ....90
2272 2660 14 20 0
2312 2660 84 20 0..0
2421 2661 14 19 0
2460 2661 14 19 0

1886 2681 82 23 Wine:
1983 2682 91 28 Sherry,
2084 2691 40 20 per
2132 2684 81 28 pipe..
2218 2686 27 20 28
2272 2687 14 19 0
2313 2687 15 19 0
2343 2687 53 19 ..40
2421 2687 14 19 0
2460 2687 14 19 0

1995 2709 72 28 Ditto,
2082 2717 41 21 per
2136 2710 80 22 dozen.
2232 2713 11 19 1
2270 2713 16 20 4
2312 2714 16 20 0
2343 2725 20 7 ..
2380 2713 15 21 2
2422 2714 14 20 0
2461 2714 13 19 0

1887 2761 121 24 Poultry:
2024 2762 81 28 Fowls,
2110 2770 42 21 per
2158 2764 49 28 pair
2212 2781 6 5 .
2233 2767 15 19 0
2274 2766 14 20 8
2314 2767 15 19 0
2344 2779 20 7 ..
2382 2767 15 20 0
2410 2766 27 20 16
2462 2767 14 19 0

2022 2790 86 28 Ducks,
2118 2790 57 22 ditto
2194 2793 50 19 ..1
2273 2793 14 21 0
2314 2794 14 20 0
2344 2805 20 7 ..
2382 2793 12 20 1
2410 2793 26 21 10
2462 2793 13 20 0

2023 2816 82 28 Geese,
2115 2817 57 22 ditto
2194 2832 7 6 .
2207 2833 7 6 .
2231 2819 15 20 2
2272 2821 15 19 0
2313 2821 15 19 0
2343 2833 7 6 .
2356 2833 7 6 .
2380 2821 16 19 0
2421 2821 15 19 0
2461 2821 13 19 0

2022 2843 103 28 Turkeys
2232 2846 14 20 2
2273 2847 14 20 0
2314 2847 14 20 0
2344 2859 19 7 ..
2382 2847 14 20 0
2422 2847 14 20 0
2461 2847 13 19 0

2023 2870 105 28 Pigeons,
2138 2871 79 28 (wild,)

2048 2905 43 20 per
2099 2898 50 27 pair
2169 2899 79 21 ....0
2273 2899 15 21 3
2314 2900 83 21 0..0
2421 2901 15 19 0
2460 2899 15 21 0

2022 2923 87 29 Ducks,
2116 2924 37 22 do.
2164 2925 52 22 do..
2234 2927 14 19 0
2274 2925 13 21 5
2314 2927 83 21 0..0
2422 2927 14 20 0
2462 2927 13 19 0

1887 2949 63 23 Eggs
1957 2957 5 15 :
1977 2950 45 22 Per
2031 2950 74 23 dozen
2234 2953 15 20 0
2274 2954 16 20 6
2314 2954 50 20 0..
2382 2955 15 19 0
2422 2955 15 19 0
2462 2953 13 19 0

1887 3002 77 23 Cows:
1978 3003 73 23 Milch
2219 3007 29 20 20
2274 3007 14 21 0
2314 3007 14 20 0
2344 3007 52 21 ..30
2421 3007 14 21 0
2460 3006 14 20 0

1887 3029 96 23 Mares:
1999 3030 77 22 Brood
2218 3033 28 21 50
2272 3035 14 19 0
2313 3034 15 20 0
2343 3034 53 20 ..90
2421 3035 14 19 0
2460 3033 13 20 0

1886 3056 118 23 Working
2020 3058 134 22 Bullocks:
2176 3058 44 22 Per

1912 3083 50 27 pair
2218 3086 30 20 40
2273 3087 15 20 0
2314 3087 14 21 0
2343 3087 54 21 ..60
2422 3087 14 21 0
2460 3086 13 20 0

1887 3108 65 23 Hire
1961 3117 27 14 of
1999 3117 68 14 ditto
2074 3117 13 14 :■
2095 3111 44 22 Per
2146 3111 51 27 day,
2206 3119 14 14 a

1913 3139 61 19 team
1983 3136 46 22 and
2036 3136 74 23 driver
2233 3139 11 20 1
2272 3139 15 21 0
2313 3140 83 20 0..2
2421 3141 14 19 0
2460 3139 13 21 0

1887 3162 88 22 Sheep:
1989 3162 62 23 Each
2231 3166 11 20 ]
2270 3167 15 19 6
2312 3167 15 20 0
2342 3179 20 7 ..
2380 3167 12 20 1
2408 3167 24 21 15
2458 3167 14 19 0

1886 3188 64 23 Boat
1959 3189 75 22 Hire:
2048 3190 45 22 Per
2098 3190 51 33 day,
2154 3190 64 23 with-

2077 3220 40 19 out
2125 3217 74 22 hands
2208 3220 36 20 .0
2258 3220 28 20 10
2312 3221 15 21 0
2342 3233 7 7 .
2354 3233 7 7 .
2380 3220 11 21 1
2420 3221 14 20 0
2458 3220 13 19 0

1886 3268 87 24 Wages
1978 3277 6 14 :
2012 3269 142 29 Mechanics,
2178 3279 42 21 per

2038 3297 65 22 week
2230 3300 15 20 2
2259 3300 28 21 14
2312 3301 16 21 0
2343 3313 20 8 ..
2379 3301 15 20 3
2419 3300 14 20 6
2458 3300 13 19 0

2022 3323 127 24 Labourers
2166 3339 46 7 ....
2230 3327 13 20 1
2258 3327 27 21 10
2312 3328 14 20 0
2342 3341 19 6 ..
2380 3327 11 21 1
2406 3327 26 21 16
2457 3327 13 19 0

1905 3381 40 16 The
1955 3381 49 17 New
2015 3381 99 18 Zealand
2124 3383 94 17 Gazettjc
2227 3384 44 20 will,
2281 3385 29 16 for
2319 3385 32 16 the
2361 3385 77 20 present,

1882 3401 98 20 published
1986 3402 75 21 weekly,
2068 3407 55 16 every
2129 3404 89 21 Saturday
2225 3405 90 21 morning.
2336 3406 23 16 So
2363 3409 43 12 soon
2413 3409 19 12 as
2436 3404 29 16 His

1884 3423 110 20 sufficiently
1999 3424 104 20 supported,
2112 3424 16 16 it
2134 3424 38 16 will
2182 3425 22 16 be
2210 3425 64 17 issued
2279 3425 127 22 semi-weekly.
2426 3425 43 16 Sub-

1881 3442 64 21 joined
1951 3447 31 13 are
1988 3444 32 16 the
2027 3446 56 14 terms
2088 3449 5 11 :
2094 3452 23 4 —

1905 3463 63 17 Price
1976 3468 24 12 op
2006 3468 41 12 the
2054 3465 98 16 Paper.—
2152 3465 56 21 Forty
2213 3465 84 22 shillings
2302 3471 33 16 per
2343 3471 75 15 annum,
2427 3469 42 18 pay-

1883 3483 41 17 able
1929 3484 21 16 in
1956 3484 80 17 advance
2041 3489 5 15 ;
2057 3489 21 12 or
2083 3489 36 12 one
2125 3486 79 21 shilling,
2207 3487 29 16 for
2242 3487 58 21 single
2307 3488 90 16 numbers.

1904 3505 191 17 Advertisements.
2095 3514 21 3 —
2116 3506 33 16 Six
2159 3507 47 16 lines
2216 3508 37 16 and
2262 3508 66 19 under,
2337 3509 26 15 3s.
2370 3508 29 16 6d.
2404 3508 28 16 for
2437 3506 30 16 the

1882 3524 41 17 first
1933 3525 96 20 insertion,
2039 3526 38 16 and
2087 3531 35 12 one
2132 3527 76 21 shilling
2214 3528 29 17 for
2248 3529 45 16 each
2299 3529 109 20 subsequent
2413 3528 54 16 inser-

1883 3545 39 16 tion
1927 3550 5 14 ;
1943 3546 48 16 from
1997 3547 30 15 six
2034 3547 18 15 to
2060 3548 31 15 ten
2098 3547 54 20 lines,
2159 3548 35 16 five
2202 3548 84 22 shillings
2296 3550 29 16 for
2335 3550 31 16 the
2376 3549 44 19 first,
2430 3547 35 17 and

1882 3569 35 13 one
1928 3566 76 21 shilling
2013 3567 37 16 and
2062 3567 87 21 sixpence
2159 3569 28 16 for
2197 3570 46 16 each
2252 3571 111 19 subsequent
2371 3569 85 17 insertion
2461 3572 4 15 ;

1882 3587 58 15 above
1950 3588 31 16 ten
1991 3587 53 20 lines,
2056 3588 37 16 five
2103 3588 85 22 shillings
2198 3590 29 16 for
2239 3590 29 17 ths
2278 3591 39 16 first
2328 3592 30 15 ten
2368 3590 52 19 lines,
2429 3588 36 17 and

1882 3606 98 21 fourpence
1985 3612 34 16 per
2024 3608 39 17 line
2069 3609 29 16 for
2104 3609 32 18 the
2142 3614 64 13 excess
2213 3611 21 16 of
2241 3611 40 16 that
2288 3612 83 19 number;
2383 3611 35 16 and
2425 3611 40 15 two-

1882 3632 58 16 pence
1946 3632 32 16 per
1983 3628 39 17 line
2028 3629 28 17 for
2062 3630 46 17 each
2114 3631 113 20 subsequent
2232 3632 94 17 iniertion.

1904 3648 157 19 Advertisements
2067 3651 39 16 will
2111 3653 34 14 not
2150 3656 67 16 appear
2225 3652 21 16 in
2256 3653 32 15 the
2298 3651 78 21 ensuing
2385 3650 80 18 number,

1883 3668 17 16 if
1907 3669 84 17 received
1997 3670 46 17 later
2049 3670 47 17 than
2105 3672 72 21 Friday,
2189 3674 20 15 10
2220 3672 73 19 o'clock,
2303 3677 42 12 a.m.
2366 3670 101 18 Advertise-

1882 3691 62 15 ments
1951 3691 36 16 will
1994 3691 22 16 be
2023 3692 99 17 continued
2129 3694 37 15 and
2172 3693 78 20 charged
2253 3693 48 17 until
2304 3691 160 19 counter-ordered;

1882 3710 47 16 such
1935 3712 52 16 order
1994 3713 50 15 must
2050 3713 23 16 be
2080 3715 41 14 sent
2128 3714 19 15 to
2154 3714 31 16 the
2189 3714 55 16 Office
2251 3714 51 16 three
2309 3714 42 20 days
2357 3712 60 17 before
2422 3712 43 20 pub-

1882 3730 80 20 lication,
1971 3733 35 15 and
2014 3734 50 16 must
2070 3734 24 16 be
2101 3734 19 16 in
2127 3734 79 21 writing.
2226 3734 153 17 Advertisements
2385 3731 78 19 received

1883 3751 53 20 after
1942 3753 21 16 10
1970 3752 67 17 o'clock
2044 3758 24 12 on
2080 3754 65 21 Friday
2156 3755 85 21 morning
2250 3755 36 16 will
2297 3755 22 16 be
2330 3754 75 20 charged
2416 3752 48 17 twic«

1882 3771 32 17 the
1922 3773 53 16 usual
1982 3775 54 15 rates.

1903 3793 32 16 All
1940 3794 67 20 orders,
2019 3794 157 20 advertisements,
2187 3795 37 17 and
2236 3794 160 18 communications
2406 3795 19 15 to
2436 3793 28 16 tb*

1883 3813 70 20 Editor,
1959 3819 30 12 are
1996 3816 97 19 requested
2099 3817 18 15 to
2124 3816 23 16 be
2153 3816 97 16 addressed
2256 3817 19 15 to
2281 3816 36 16 this
2324 3816 61 16 Office.

1380 116 69 20 New
1463 115 122 21 Zealand
1599 115 150 26 Company.

1279 149 90 28 Capital,
1381 147 119 29 £100,000,
1514 149 24 21 in
1547 149 55 21 4000
1611 148 81 22 Shares
1701 148 26 22 of
1737 147 48 23 £25
1796 146 62 29 each,

1496 175 32 22 all
1535 175 53 28 paid
1596 182 39 21 up.

1405 209 93 16 Governor
1503 214 4 11 :
1522 209 74 16 Joseph
1604 209 70 19 Somes,
1682 209 44 20 Esq.

1339 236 178 21 Deputy-Governor:
1529 236 48 17 Hon.
1581 236 74 17 Francis
1661 236 74 20 Baring,
1742 235 55 20 M.P.,

1374 274 9 12 v
1508 267 119 13 directors:

1359 290 87 17 Viscount
1452 291 88 21 Ingestre,
1547 291 53 20 M.P.,

1275 309 7 9 '
1360 311 44 17 Lord
1411 312 59 18 Petre,

1360 332 60 20 Henry
1427 332 22 16 A.
1456 332 94 20 Aglionby,
1559 332 49 20 Esq.,
1615 332 54 20 M.P.,

1359 352 45 16 John
1413 352 82 17 EUorker
1501 352 87 20 Boulcott,
1600 352 50 21 Esq.,

1360 373 46 16 John
1413 373 80 16 William
1500 373 73 21 Buckle,
1578 373 50 21 Esq.,

1361 393 70 17 Russell
1439 394 62 19 EUice,
1510 394 48 20 Esq.,

1360 414 59 16 James
1427 414 67 17 Robert
1498 414 73 20 XxoweU,
1578 414 51 20 Esq.,

1359 434 46 16 John
1412 434 56 19 Hine,
1475 434 49 21 Esq.,

1361 455 77 16 William
1445 455 55 19 Hutt,
1507 456 48 20 Esq.,
1567 455 53 19 M.P.,

1361 476 73 16 Stewart
1440 476 127 19 Majoribanks,
1579 476 49 21 Esq.,

1360 496 100 16 Alexander
1468 496 62 20 Nairn,
1538 497 48 20 Esq.,

1361 516 45 17 John
1413 516 54 21 Pirie,
1475 517 48 20 Esq.,
1531 517 103 18 Alderman,

1361 537 25 17 Sir
1393 537 68 20 George
1468 537 81 20 Sinclair,
1557 538 56 20 Bart.,
1620 537 54 20 M.P.,

1361 558 27 16 Sir
1394 558 29 16 W.
1430 557 120 20 Molesworth,
1558 558 56 19 Bart.,
1621 558 54 20 M.P.,

1360 579 46 15 John
1413 579 45 15 Abel
1465 579 64 19 Smith,
1536 579 49 20 Esq.,
1595 579 55 19 M.P.,

1361 599 44 16 Wm.
1416 599 110 21 Thompson,
1540 599 48 20 Esq.,
1602 599 105 19 Alderman,
1721 598 55 21 M.P.,

1360 619 46 17 Hon.
1413 619 96 17 Frederick
1515 620 37 16 Jas.
1561 620 118 20 Tollemache,
1689 620 54 19 M.P.,

1361 640 73 17 Edward
1442 640 22 17 G.
1471 640 102 20 Wakefield,
1579 641 38 21 Esq
1624 652 5 8 ,

1361 660 25 17 Sir
1393 660 63 21 Henry
1465 661 61 19 Webb,
1534 662 56 19 Bart.,

1359 681 68 17 Arthur
1433 681 65 19 Willis,
1506 682 48 20 Esq.,

1361 702 66 20 George
1434 702 97 16 Frederick
1538 703 70 20 Young,
1617 702 43 21 Esq.

1420 729 92 20 Secretary
1516 734 6 12 :
1533 729 52 17 John
1592 729 70 20 Wars,
1671 729 43 21 Esq.

1280 755 89 22 HTIHE
1376 756 60 21 main
1444 756 98 21 features
1549 757 27 20 of
1580 756 38 21 the
1626 760 83 23 system
1716 756 27 21 of
1748 756 112 21 coloniza-

1286 778 29 25 X
1352 782 44 22 tion
1406 782 97 24 adopted
1510 782 31 28 by
1550 782 38 23 the
1601 783 123 27 Company,
1739 789 46 20 are,
1787 794 31 5 —
1819 784 40 26 Ist,

1279 808 36 22 the
1325 808 44 23 sale
1378 809 26 21 of
1411 809 74 27 lands,
1498 812 24 19 at
1534 816 30 15 an
1577 809 99 22 uniform
1690 809 46 22 and
1749 809 112 22 sufficient

1279 835 69 27 price;
1366 835 42 22 and
1421 835 77 27 2ndly,
1514 835 38 22 the
1566 836 153 27 employment
1733 836 28 21 of
1773 843 14 14 a
1799 836 61 26 large

1280 862 84 26 portion
1373 862 24 21 of
1403 862 38 22 the
1449 862 209 28 purchase-money,
1670 869 23 15 as
1703 869 28 15 an
1742 862 118 27 Immigra-

1279 888 45 22 tion
1334 888 69 23 Fund.
1432 889 28 22 In
1470 889 62 22 these
1541 892 105 24 respects,
1661 888 38 23 the
1708 888 120 28 principles
1839 890 25 21 of

1279 914 68 23 South
1359 915 112 22 Australia
1485 915 57 22 have
1555 916 59 21 been
1628 915 104 22 followed
1744 923 25 14 as
1782 916 79 28 nearly

1279 949 23 14 as
1319 942 170 23 circumstances
1502 942 80 28 would,
1601 942 25 22 in
1641 942 37 23 the
1695 946 93 24 present
1802 950 57 20 case,

1279 969 85 27 permit.

1303 995 48 22 The
1364 995 70 27 grand
1448 996 74 27 object
1536 996 27 21 of
1575 995 40 22 the
1629 1003 57 19 new,
1699 1003 25 14 or
1735 995 124 29 improved,

1277 1025 82 24 system
1369 1023 24 20 of
1403 1022 38 22 the
1450 1022 97 28 disposal
1561 1022 26 22 of
1603 1022 97 22 colonial
1713 1022 72 28 lands,
1802 1023 19 22 is
1837 1027 23 18 to

1277 1048 97 28 regulate
1386 1048 39 23 the
1439 1050 80 26 supply
1534 1049 27 22 of
1574 1057 51 14 new
1639 1049 61 26 land,
1716 1049 31 27 by
1762 1050 38 21 the
1813 1050 47 22 real

1278 1079 69 18 wants
1359 1075 22 22 of
1394 1075 38 22 the
1448 1076 116 26 Colonists,
1580 1083 25 14 so
1619 1075 49 22 that
1681 1076 39 21 the
1733 1076 57 22 land
1803 1076 57 23 shall

1278 1109 67 14 never
1361 1102 25 21 be
1405 1102 72 22 either
1494 1102 188 28 superabundant,
1703 1110 26 15 or
1747 1102 121 28 deficient,/!

1278 1128 70 23 either
1362 1132 35 19 too
1413 1129 78 29 cheap,
1508 1137 25 14 or
1550 1134 37 17 too
1606 1130 60 21 dear.
1704 1130 22 21 It
1743 1129 42 23 has
1802 1130 57 23 been

1278 1154 76 23 shown
1362 1155 46 22 that
1416 1156 38 21 the
1465 1158 43 19 due
1519 1156 130 27 proportion
1662 1156 104 22 between
1780 1158 80 27 people

1278 1182 45 22 and
1329 1182 51 22 land
1384 1189 53 20 may
1442 1182 28 22 be
1478 1182 126 28 constantly
1609 1182 93 23 secured
1708 1183 30 27 by
1744 1182 120 24 abandon-*

1278 1209 38 32 ing
1325 1208 36 23 the
1371 1209 35 22 old
1416 1212 84 24 system
1510 1209 26 22 of
1547 1216 95 20 grants,
1653 1210 45 21 and
1706 1210 116 28 requiring
1831 1218 28 15 an

1277 1236 96 21 uniform
1380 1236 62 27 price
1450 1243 41 21 per
1500 1243 56 20 acre,
1570 1236 36 21 for
1615 1236 29 21 all
1653 1243 50 15 new
1712 1236 73 27 lands,
1796 1238 64 21 with-

1280 1262 167 28 outexception.
1476 1262 26 22 If
1511 1262 37 22 the
1558 1262 61 28 price
1630 1263 27 21 be
1671 1266 41 18 not
1725 1266 38 19 too
1777 1263 50 27 low,
1842 1264 18 22 it

1278 1288 72 23 deters
1357 1289 134 27 speculators
1500 1288 57 23 from
1571 1289 117 27 obtaining
1700 1289 64 28 land,
1778 1290 54 22 with
1846 1299 14 14 a

1279 1316 54 21 view
1340 1319 23 18 to
1371 1316 89 26 leaving
1468 1315 59 22 their
1534 1320 106 28 property
1648 1316 23 21 in
1682 1323 14 14 a
1706 1316 75 22 desert
1794 1320 64 25 state,

1278 1342 45 22 and
1333 1342 50 22 thus
1395 1346 106 24 prevents
1509 1342 110 27 injurious
1628 1342 123 28 dispersion
1757 1351 6 19 ;
1778 1344 19 21 it
1805 1344 53 28 also,

1279 1369 28 27 by
1315 1368 133 28 compelling
1454 1376 68 20 every
1528 1369 105 22 labourer
1639 1372 22 19 to
1668 1369 61 22 work
1736 1370 37 21 for
1779 1378 79 20 wages,

1278 1396 55 21 until
1342 1396 28 21 he
1378 1396 40 21 has
1427 1395 69 22 saved
1508 1396 38 21 the
1555 1396 55 27 only
1619 1403 78 14 means
1707 1396 26 22 of
1743 1397 117 27 obtaining

1278 1422 58 26 land,
1346 1423 84 21 insures
1444 1429 14 14 a
1472 1422 80 28 supply
1566 1423 26 21 of
1602 1422 80 23 labour
1695 1422 35 23 for
1744 1422 57 23 hire.
1830 1425 28 27 If,

1278 1456 28 15 on
1315 1445 38 26 the
1362 1448 61 23 other
1432 1448 69 27 hand,
1516 1449 37 22 the
1563 1449 60 27 price
1633 1449 27 22 be
1670 1453 41 18 not
1719 1453 38 19 too
1767 1450 61 28 high,
1842 1452 18 21 it

1279 1476 83 21 neither
1370 1476 98 21 confines
1477 1475 38 22 the
1525 1478 87 19 settlers
1626 1476 77 22 within
1717 1483 14 15 a
1745 1484 65 20 space
1825 1478 35 21 in-

1277 1502 155 28 conveniently
1446 1509 94 21 narrow,
1556 1509 42 15 nor
1613 1502 53 23 does
1679 1503 19 22 it
1713 1508 95 22 prevent
1821 1504 38 23 the

1278 1528 76 28 thrifty
1366 1529 102 22 labourer
1481 1529 58 22 from
1551 1529 121 27 becoming
1686 1537 13 14 a
1710 1530 148 29 land-owner,

1278 1556 56 21 after
1342 1556 98 26 working
1449 1563 61 14 some
1521 1556 53 22 time
1583 1556 36 21 for
1628 1563 81 20 wages.

1305 1582 20 22 A
1341 1582 115 27 sufficient,
1473 1582 41 22 but
1532 1586 40 18 not
1589 1589 63 15 more
1672 1583 54 22 than
1746 1584 113 23 sufficient

1278 1609 58 27 price
1345 1609 33 21 for
1389 1609 31 21 all
1432 1616 50 15 new
1496 1609 60 27 land,
1571 1610 20 21 is
1606 1609 38 22 the
1658 1610 62 22 main
1735 1611 87 22 feature
1837 1612 25 21 of

1278 1635 36 22 the
1332 1643 46 14 new
1392 1639 83 22 system
1491 1636 26 21 of
1532 1636 156 22 colonization.
1721 1637 23 22 It
1759 1638 99 22 obviates

1277 1669 65 20 every
1353 1669 81 21 species
1449 1662 26 21 of
1488 1662 113 28 bondage;
1620 1663 31 27 by
1664 1664 120 28 providing
1799 1672 60 15 com-

1277 1689 86 21 binable
1371 1689 83 26 labour,
1465 1689 19 21 it
1491 1689 91 22 renders
1589 1690 104 28 industry
1700 1697 55 21 verj'
1764 1692 94 26 produc-

1277 1716 49 26 tive,
1338 1716 41 21 and
1387 1716 121 21 maintains
1516 1716 55 21 both
1580 1716 55 27 high
1650 1724 78 20 wages,
1745 1718 47 21 and
1804 1718 54 28 high

1277 1742 84 27 profits;
1380 1742 19 22 it
1414 1742 77 22 makes
1508 1742 39 21 the
1564 1743 82 27 colony
1661 1751 24 14 as
1701 1744 117 23 attractive
1835 1753 23 14 as

1276 1769 98 27 possible,
1387 1769 56 21 both
1458 1772 23 18 to
1496 1769 121 27 capitalists
1632 1770 45 21 and
1691 1773 23 18 to
1728 1770 128 29 labourers;

1275 1795 44 22 and
1329 1800 39 17 not
1376 1795 83 27 merely
1468 1798 23 19 to
1500 1795 69 27 these,
1581 1796 42 21 but
1632 1796 54 27 also,
1695 1797 31 27 by
1735 1797 124 28 bestowing

1275 1829 29 14 on
1318 1822 37 21 the
1366 1822 85 27 colony,
1468 1822 38 21 the
1515 1822 73 21 better
1602 1822 117 23 attributes
1734 1824 27 21 of
1777 1831 29 15 an
1821 1826 38 21 old

1275 1849 88 27 society,
1374 1852 20 18 to
1403 1849 64 21 those
1473 1849 50 21 who
1530 1849 56 22 have
1594 1857 14 13 a
1615 1849 90 22 distaste
1713 1850 34 21 for
1754 1850 59 23 what
1818 1852 40 22 has

1275 1876 120 21 heretofore
1404 1876 59 21 been
1472 1875 38 22 the
1524 1876 113 27 primitive
1646 1876 116 23 condition
1773 1878 26 22 of
1808 1885 50 16 new

1275 1903 103 21 colonies.

1300 1930 48 21 The
1356 1932 61 24 great
1425 1929 75 27 object
1508 1929 26 21 of
1545 1929 37 22 the
1591 1929 61 28 price
1660 1930 20 22 is
1691 1933 24 19 to
1728 1937 79 16 secure
1820 1931 38 22 the

1275 1960 58 17 most
1341 1955 105 22 desirable
1454 1956 141 27 proportions
1604 1956 101 23 between
1719 1958 81 27 people
1813 1959 45 22 and

1275 1983 52 21 land
1333 1990 5 19 ;
1354 1983 38 21 but
1400 1982 38 21 the
1448 1981 54 28 plan
1511 1982 40 21 has
1561 1983 37 21 the
1605 1983 87 22 further
1698 1984 71 21 result
1776 1985 26 21 of
1808 1993 51 20 pro-

1276 2009 81 26 ducing
1366 2016 12 14 a
1385 2016 106 18 revenue,
1507 2009 73 21 which
1594 2009 47 21 will
1653 2013 42 17 not
1710 2010 54 26 only
1778 2012 80 26 supply

1276 2035 36 22 the
1324 2034 101 28 requisite
1439 2033 68 28 profit
1519 2038 24 18 to
1556 2034 38 22 the
1609 2035 156 23 shareholders
1778 2037 26 21 of
1820 2037 38 22 the

1276 2063 118 30 Companyj
1416 2061 42 21 but
1480 2061 112 22 furnishes
1614 2061 38 22 the
1674 2070 80 14 means
1771 2063 35 22 for
1829 2071 29 15 an

1277 2088 150 27 Immigration
1436 2087 72 28 Fund,
1510 2099 31 5 —
1543 2095 12 14 a
1562 2087 57 22 fund
1626 2089 128 27 constantly
1761 2090 97 28 applica-

1275 2115 36 21 ble
1327 2118 22 18 to
1364 2114 36 22 the
1415 2122 95 20 purpose
1528 2115 25 21 of
1565 2115 107 28 bringing
1684 2116 81 21 labour
1780 2120 24 18 to
1820 2118 38 21 the

1275 2142 80 25 colony
1355 2153 27 5 —
1383 2141 50 21 that
1446 2141 26 27 is,
1489 2141 23 21 in
1530 2141 92 28 causing
1638 2142 38 21 the
1692 2143 50 21 best
1761 2151 55 14 sort
1836 2145 26 21 of

1276 2168 144 22 colonization
1430 2170 23 19 to
1462 2167 96 32 proceed
1567 2170 23 19 at
1600 2167 39 23 the
1651 2172 98 23 greatest
1761 2170 97 27 possible

1275 2198 53 18 rate.
1356 2194 51 22 And
1414 2193 44 23 this
1465 2202 19 14 is
1491 2194 38 22 the
1536 2195 83 22 second
1627 2195 87 22 feature
1723 2197 28 21 of
1761 2197 39 22 the
1808 2204 50 16 new

1275 2224 89 25 system.

1301 2248 46 22 The
1357 2247 151 28 employment
1516 2247 27 23 of
1556 2247 38 23 the
1608 2248 210 30 purchase-money,
1834 2257 24 16 or

1275 2274 37 22 the
1320 2275 106 27 principal
1435 2277 52 24 part
1495 2274 26 22 of
1531 2275 23 26 it,
1564 2275 24 21 in
1599 2276 127 27 conveying
1734 2277 87 22 settlers
1835 2280 23 19 to

1275 2301 37 22 the
1321 2301 84 27 colony,
1416 2301 40 21 has
1467 2301 37 22 the
1513 2301 115 28 following
1637 2303 83 21 effects.
1749 2303 24 22 It
1781 2304 77 22 makes

1275 2328 37 21 the
1325 2327 128 28 purchasers
1468 2327 27 22 of
1508 2327 56 22 land
1576 2336 39 14 see
1628 2329 92 28 plainly,
1736 2330 51 21 that
1801 2330 57 23 their

1275 2362 81 19 money
1364 2354 42 22 will
1414 2355 30 21 be
1452 2354 108 22 returned
1567 2355 25 21 in
1606 2355 38 22 the
1656 2356 69 28 shape
1738 2357 28 21 of
1778 2357 80 22 labour

1275 2381 44 21 and
1326 2381 135 28 population.
1491 2381 22 21 It
1522 2381 71 28 tends,
1608 2382 25 21 in
1642 2382 51 28 fact,
1709 2386 24 19 to
1741 2383 70 22 lower
1820 2384 38 23 the

1275 2415 112 20 necessary
1406 2407 106 22 standard
1531 2408 26 21 of
1571 2408 70 27 price,
1655 2409 103 28 because,
1776 2411 54 21 with
1844 2419 14 14 a

1275 2437 100 19 constant
1381 2434 73 22 influx
1465 2434 26 22 of
1500 2433 78 29 people
1588 2438 23 18 to
1621 2435 39 22 the
1670 2436 88 28 colony,
1766 2437 38 22 the
1815 2438 43 21 due

1275 2461 122 28 proportion
1402 2461 103 21 between
1510 2466 79 22 people
1597 2461 46 22 and
1649 2462 54 22 land
1710 2471 52 20 may
1769 2464 29 21 be
1804 2464 54 28 kept

1275 2495 28 20 up
1312 2488 30 25 by
1352 2494 13 14 a
1372 2487 67 22 lower
1447 2487 68 27 price,
1528 2487 53 22 than
1590 2488 22 22 if
1622 2489 63 22 there
1695 2497 59 14 were
1762 2498 32 14 no
1802 2492 55 21 such

1275 2515 145 26 immigration
1425 2529 7 7 .
1448 2514 26 21 It
1482 2513 110 23 therefore
1598 2515 130 23 diminishes
1736 2517 39 22 the
1780 2518 77 26 period

1275 2541 79 27 during
1362 2541 70 21 which
1441 2540 38 22 the
1488 2540 104 23 labourer
1604 2545 61 19 must
1676 2543 62 21 work
1752 2544 36 21 for
1801 2544 55 28 hire,

1275 2567 43 23 and
1327 2568 30 27 by
1366 2567 35 22 the
1414 2567 65 27 rapid
1493 2574 101 20 progress
1608 2568 73 22 which
1694 2569 20 21 it
1726 2570 94 28 imparts
1834 2574 23 19 to

1275 2595 36 21 the
1319 2595 49 21 best
1376 2597 44 19 sort
1428 2594 27 22 of
1467 2595 154 26 colonization,
1637 2595 19 21 it
1670 2596 103 27 explains
1787 2600 22 19 to
1819 2597 38 22 the

1276 2621 111 26 labouring
1395 2621 57 21 class
1462 2621 27 21 of
1493 2621 148 26 immigrants,
1651 2622 49 22 that
1710 2630 67 20 every
1784 2631 43 14 one
1835 2625 26 20 of

1275 2648 59 22 them
1347 2647 46 22 who
1409 2647 19 22 is
1442 2647 137 22 industrious
1595 2648 47 22 and
1657 2648 86 28 thrifty,
1761 2657 52 19 may
1828 2651 28 22 be

1274 2682 49 14 sure
1333 2677 22 18 to
1363 2674 90 22 become
1466 2676 41 18 not
1519 2673 85 28 merely
1619 2682 30 14 an
1663 2682 76 16 owner
1754 2677 27 21 of
1796 2677 59 27 land,

1275 2702 39 21 but
1328 2701 46 21 also
1386 2701 25 21 in
1430 2700 36 21 his
1485 2703 59 24 turn,
1564 2708 30 14 an
1615 2702 114 27 employer
1747 2703 28 21 of
1794 2703 64 23 hired

1275 2728 115 25 labourers,
1402 2734 13 14 a
1423 2729 84 19 master
1516 2725 26 23 of
1552 2731 108 18 servants.

1301 2755 65 21 From
1374 2753 61 22 these
1444 2753 183 28 considerations,
1642 2754 38 22 the
1690 2755 118 29 Company
1816 2757 42 21 has

1275 2780 93 28 adopted
1384 2780 38 21 the
1439 2787 61 14 same
1517 2783 82 24 system
1616 2781 27 21 of
1658 2781 116 28 disposing
1788 2783 27 22 of
1828 2784 29 21 its

1275 2811 65 18 waste
1350 2807 70 26 lands,
1436 2814 24 14 as
1476 2806 40 22 has
1531 2807 90 27 already
1635 2809 85 26 proved
1733 2809 80 28 highly
1824 2811 34 21 fa-

1275 2833 101 23 vourable
1388 2837 23 17 to
1425 2833 39 21 the
1477 2833 183 28 productiveness
1675 2835 26 21 of
1715 2835 105 29 industry
1833 2837 23 22 in

1274 2861 69 21 South
1352 2859 119 23 Australia.
1500 2859 28 23 In
1537 2867 13 15 a
1562 2867 49 15 new
1622 2861 90 28 colony,
1724 2863 96 26 planted
1833 2865 24 21 in

1274 2895 12 14 a
1295 2887 71 22 fertile
1375 2886 44 22 and
1434 2887 114 21 extensive
1563 2887 111 28 territory,
1689 2889 21 21 it
1721 2896 21 15 is
1757 2890 99 29 obvious,

1274 2914 46 22 that
1339 2913 35 22 the
1388 2913 170 22 establishment
1572 2914 27 22 of
1615 2914 55 22 such
1684 2922 14 14 a
1713 2919 85 24 system
1811 2917 20 22 is
1845 2925 13 14 a

1274 2944 78 18 matter
1367 2940 24 21 of
1407 2939 47 22 the.
1463 2939 90 28 deepest
1570 2945 104 18 moment
1688 2945 24 19 to
1728 2942 40 23 the
1782 2944 76 22 future

1274 2967 85 21 welfare
1370 2966 24 22 of
1406 2966 93 27 society.
1550 2967 67 22 From
1632 2967 19 22 it
1663 2967 39 23 the
1716 2969 53 23 best
1782 2971 76 22 effects

1274 3001 49 21 may
1332 2993 49 22 with
1391 2993 131 21 confidence
1531 2993 28 22 be
1568 2994 138 28 anticipated
1712 3003 5 14 :
1733 3004 14 14 a
1754 3000 104 19 constant

1274 3019 42 23 and
1325 3019 85 28 regular
1418 3019 82 28 supply
1509 3020 27 21 of
1547 3027 48 15 new
1604 3021 56 21 land
1668 3021 25 22 in
1707 3022 45 22 due
1766 3030 92 22 propor-

1272 3047 45 21 tion
1326 3049 22 19 to
1358 3046 35 21 the
1411 3049 72 19 wants
1493 3046 26 22 of
1528 3054 13 14 a
1548 3047 131 28 population
1690 3048 129 30 increasing
1828 3051 30 28 by

1272 3073 68 23 births
1349 3072 43 22 and
1404 3073 152 26 immigration
1562 3082 6 18 ;
1586 3074 32 21 all
1632 3075 38 21 the
1684 3075 138 29 advantages
1835 3081 23 18 to

1272 3099 71 23 which
1351 3099 100 22 facilities
1460 3100 27 20 of
1496 3103 113 24 transport
1616 3101 45 21 and
1668 3103 190 23 communication

1272 3134 36 14 are
1319 3126 100 22 essential
1426 3133 6 19 ;
1447 3126 111 27 certainty
1571 3127 27 21 of
1607 3127 76 28 limits,
1700 3129 46 22 and
1760 3131 98 28 security

1272 3153 25 22 of
1308 3152 49 22 title
1365 3155 20 19 to
1395 3155 106 29 property
1508 3153 24 21 in
1547 3153 65 27 lartd;
1627 3154 38 22 the
1675 3159 100 22 greatest
1785 3157 73 22 facili-

1272 3180 40 22 ties
1321 3186 29 15 on
1359 3180 115 26 acquiring
1482 3179 38 22 the
1531 3179 42 23 due
1583 3181 115 28 quantity;
1713 3182 39 22 the
1761 3187 98 23 greatest

1272 3209 184 23 encouragement
1469 3209 28 28 tc^
1500 3206 151 27 immigration
1662 3208 46 22 and
1716 3210 140 29 settlement;

1273 3233 44 22 and
1329 3232 37 22 the
1379 3235 58 19 most
1449 3232 65 28 rapid
1529 3240 103 21 progress
1646 3235 26 21 of
1687 3235 37 22 the
1738 3237 81 27 people
1832 3238 24 22 in

1273 3259 98 23 material
1378 3259 96 21 comfort
1482 3259 46 22 and
1536 3260 70 22 social

1274 3302 132 50 PUBLIC
1420 3302 152 23 NOTICE.—
1571 3304 49 22 The
1630 3305 91 22 Settlers
1728 3313 39 16 are
1771 3306 86 30 hereby

1343 3329 109 22 informed
1470 3329 49 23 that
1536 3330 37 23 the
1592 3331 58 22 New
1670 3332 102 23 Zealand
1791 3334 66 23 Com-

1272 3355 78 29 pany's
1359 3355 55 23 flour
1422 3355 45 23 will
1476 3356 118 29 hereafter,
1604 3358 59 22 until
1672 3359 87 22 further
1767 3360 89 23 intima-

1273 3383 53 26 tion,
1345 3383 28 21 be
1388 3382 51 22 sold
1456 3385 25 19 at
1499 3390 149 16 threepence
1666 3392 41 20 per
1726 3387 85 27 pound,
1832 3388 24 22 in

1273 3407 114 30 quantities
1396 3409 27 21 of
1428 3416 14 14 a
1449 3409 82 28 barrel,
1539 3412 28 20 28
1575 3411 50 26 lbs.,
1635 3413 28 20 56
1669 3412 52 28 lbs.,
1732 3414 28 21 84
1770 3413 51 29 lbs.,
1832 3421 25 16 or

1274 3437 39 21 112
1318 3435 49 28 lbs.,
1376 3435 94 28 payable
1479 3436 24 22 in
1513 3437 53 21 cash
1575 3444 30 15 on
1615 3438 106 28 delivery.
1750 3440 106 27 Applica-

1273 3463 58 21 tions
1340 3465 22 19 to
1370 3462 27 22 he
1408 3461 67 23 made
1486 3463 52 33 only
1547 3467 23 18 at
1579 3463 38 23 the
1628 3465 135 28 Company's
1773 3467 81 29 Stores,

1272 3489 98 22 between
1378 3488 37 22 the
1424 3488 70 23 hours
1503 3491 26 20 of
1535 3491 26 21 10
1569 3491 47 21 and
1623 3493 16 19 4
1648 3492 92 22 o'clock.

1400 3522 57 22 Geo.
1473 3522 107 28 Hunter,
1592 3524 263 28 Storekeeper-General.

1300 3548 140 28 Wellington,
1451 3548 52 23 17th
1512 3550 72 27 April,
1595 3552 61 20 1841.

1274 3592 147 49 NOTICE.
1422 3604 29 4 —
1451 3593 96 23 Persons
1552 3594 100 22 desirous
1659 3595 26 21 of
1688 3595 68 27 being
1760 3597 96 21 married

1352 3620 28 27 by
1391 3619 38 22 the
1439 3620 57 22 Rev.
1507 3620 60 22 John
1577 3620 137 27 M'Farlane,
1723 3622 50 22 first
1779 3623 77 22 minis-

1274 3649 33 19 ter
1315 3646 26 22 of
1352 3646 34 22 the
1394 3646 81 22 Scotch
1486 3647 88 22 Church
1581 3647 26 22 in
1621 3647 57 22 New
1694 3647 107 29 Zealand,
1818 3657 37 15 are

1274 3672 113 28 requested
1395 3675 25 19 to
1428 3673 94 27 register
1531 3673 57 23 their
1601 3681 78 15 names
1693 3674 54 22 with
1762 3675 38 21 the
1813 3683 43 15 un-

1274 3699 113 27 dersigned
1396 3703 23 18 at
1427 3700 67 21 latest
1502 3700 38 21 the
1549 3700 109 28 Saturday
1667 3701 105 31 previous
1785 3705 23 19 to
1818 3702 37 22 the

1274 3733 122 21 ceremony,
1407 3726 23 21 in
1441 3726 65 22 order
1512 3729 23 18 to
1542 3726 161 28 proclamation
1710 3728 26 21 of
1742 3728 73 22 banns
1825 3736 28 15 on

1274 3752 101 22 Sabbath.
1402 3752 96 22 Persons
1507 3752 45 22 also
1560 3753 98 22 desirous
1669 3754 26 22 of
1705 3754 85 28 having
1799 3755 57 23 their

1274 3779 97 22 children
1387 3779 110 28 baptised,
1514 3783 60 18 must
1588 3780 105 27 previous
1709 3780 88 23 thereto
1804 3783 51 26 give

1274 3806 37 22 the
1319 3806 101 28 requisite
1429 3806 143 22 information
1582 3806 25 22 in
1617 3806 65 22 order
1691 3810 24 19 to
1728 3808 95 28 registry
1833 3812 22 20 to

1563 3840 93 22 Robert
1673 3841 100 27 Strang,

1287 3872 98 23 Solicitor
1394 3872 45 23 and
1451 3873 113 28 Registrar
1572 3873 36 22 for
1618 3873 37 23 the
1666 3875 81 22 Scotch
1756 3875 97 24 Church.

1274 3905 224 29 Woolcombe-street,
1509 3907 51 22 19th
1569 3907 68 28 June,
1649 3909 60 22 1841.

78 120 108 21 Bowler
198 119 56 22 and
268 119 108 21 Smith's
391 119 87 24 Store,
492 118 38 21 Te
544 119 66 20 Aro.

53 153 90 48 THE
158 152 114 28 following
285 152 77 28 goods,
380 159 30 15 ex
423 152 38 21 Sir
469 152 56 21 John
539 152 97 25 FaUtaff,

126 179 34 22 for
169 180 45 21 sale
222 186 5 15 :
230 189 28 6 —

105 212 113 28 Blankets,
229 213 88 22 various
327 213 64 26 sizes,

106 239 110 27 Blacking
224 239 46 22 and
278 239 100 27 brushes,

106 265 103 28 Buttons,

105 292 102 26 Bellows,

105 318 71 22 Black
184 318 51 22 lead
244 318 24 22 in
277 325 87 21 papers,

106 344 95 27 Clothes,

106 371 80 21 Clocks
197 370 102 28 (Dutch),

105 397 187 27 Crockery-ware,

105 424 86 27 Copper
199 424 76 26 bowls,

104 450 57 27 Caps
172 450 156 28 (percussion),

104 476 96 28 Cutlery,

103 502 77 28 Corks,

103 529 136 27 Carpetting,

102 556 119 27 Druggets,

101 582 50 22 Eau
160 582 28 22 de
197 582 106 28 Cologne,

101 608 105 28 Floating
215 608 74 28 wicks,

104 635 154 27 Grindstones,

103 662 53 21 Gun
165 661 68 27 flints,

101 687 66 27 Hats,

103 714 60 26 Iron,

102 740 108 28 Lucifers,

101 766 135 28 Lanthorns,

103 793 103 27 Leather,

103 820 69 27 Mills,

102 846 70 27 Nails,

101 872 98 23 Needles
210 873 44 22 and
263 873 57 28 pins,

102 899 69 22 Pease
183 900 78 27 (split),

103 925 78 23 Porter
190 927 24 21 in
221 926 82 22 bottles
313 926 46 22 and
367 925 134 29 hogsheads,

103 951 73 28 Pipes,

104 979 187 31 Paper-hanging,

103 1005 66 28 Pails,

104 1032 70 28 Slops,

103 1059 193 28 Ship-chandlery,

103 1085 70 28 Snuft,

103 1112 133 27 Stationery,

103 1138 76 28 String
188 1139 45 22 and
242 1139 73 26 twine,

103 1165 65 28 Soap,

104 1191 61 28 Shot,

102 1218 110 27 Tobacco,

102 1245 98 22 Wheels.

75 1271 23 22 A
111 1271 103 28 quantity
222 1272 27 22 of
256 1271 95 23 London
361 1271 46 23 and
423 1271 127 23 Provincial
564 1279 71 15 news-

47 1305 87 21 papers,
143 1301 23 19 to
177 1298 27 22 be
214 1299 49 21 sold
278 1306 24 14 as
317 1302 69 18 waste
401 1306 76 21 paper,
487 1299 36 22 for
538 1299 98 28 packing

49 1324 45 22 and
104 1320 63 26 other
176 1332 113 20 purposes.

171 1369 192 20 Second-hand
378 1370 139 26 Clothing.

47 1401 77 49 AN
136 1405 134 19 assortment
284 1402 26 22 of
322 1402 149 27 gentlemen's
481 1402 155 22 second-hand

128 1428 105 27 clothing,
250 1429 27 21 of
288 1429 99 27 superior
398 1429 67 22 make
480 1429 45 23 and
541 1429 92 28 quality,

47 1454 87 28 worthy
142 1455 39 22 the
190 1455 109 22 attention
309 1456 27 21 of
341 1456 129 22 mechanics
480 1456 45 22 and
535 1456 81 22 others.

358 1483 100 21 Bowler
468 1483 45 21 and
524 1483 81 21 Smith.

210 1522 85 20 Boots
310 1522 54 20 and
378 1522 94 21 Shoes.

64 1548 19 21 A
100 1548 23 21 N
132 1548 113 21 extensive
255 1551 135 19 assortment
399 1549 26 21 of
432 1549 100 27 superior
539 1549 96 23 London

49 1579 50 17 XJL
127 1574 65 22 made
205 1574 64 22 boots
278 1574 45 22 and
339 1575 65 21 shoes
419 1575 27 21 of
460 1582 67 21 every
538 1575 97 28 descrip-

48 1602 55 26 tion,
118 1601 93 21 suitable
219 1601 35 21 for
263 1601 38 21 the
317 1602 80 21 winter
411 1609 87 20 season,
517 1610 29 14 on
557 1603 45 22 sale
612 1606 24 19 at

47 1628 98 22 Bowler
156 1628 45 21 and
211 1628 93 22 Smith's
316 1628 82 27 Stores,
409 1628 32 22 Te
451 1629 56 21 Aro.

133 1672 39 21 To
188 1673 71 20 Boot
273 1672 54 21 and
343 1673 69 20 Shoe
426 1673 120 21 Makers.

47 1699 52 48 A
127 1699 160 24 QUANTITY
310 1699 27 21 of
355 1699 73 21 men's
455 1699 47 22 and
528 1701 107 21 women's

126 1725 92 28 English
227 1725 51 23 butt
286 1728 88 25 pattern
383 1725 65 27 soles,
456 1726 46 22 and
511 1726 65 22 other
581 1727 54 22 shoe

47 1752 117 27 materials,
185 1758 29 15 on
232 1752 46 22 sale
301 1755 24 19 at
346 1753 101 21 Bowler
470 1753 47 21 and
539 1754 94 22 Smith's

47 1779 83 26 Stores,
139 1779 33 21 Te
182 1779 55 21 Aro.

73 1805 57 22 Also
144 1813 14 14 a
177 1808 35 18 set
228 1805 27 22 of
270 1805 54 28 shop
342 1805 130 28 boot-trees,
493 1805 27 23 of
534 1807 100 27 superior

46 1831 172 28 workmanship,
227 1832 36 22 for
272 1832 52 22 sale.

100 1876 74 22 OPES
184 1876 45 22 and
242 1876 73 22 SHIP
329 1876 196 23 CHANDLERY
534 1876 36 23 for
579 1877 52 27 sale,

126 1906 23 19 at
166 1903 89 22 Bowler
268 1903 45 22 and
327 1903 92 22 Smith's
436 1904 81 26 Stores,
527 1904 33 22 Te
576 1904 55 28 Aro,

45 1930 121 26 consisting
176 1930 65 21 of:—

99 1956 75 28 Ropes
183 1956 26 21 of
216 1956 31 23 all
255 1956 63 28 sizes,

100 1983 105 26 Canvass,

99 2009 78 22 Paints
186 2009 45 22 and
240 2009 49 26 oils.

99 2035 134 22 House-line
244 2038 45 19 and
298 2034 113 29 mar-line,

99 2063 98 25 Oakum,

99 2089 136 28 Spun-yarn,

98 2115 90 22 Thread
196 2116 89 27 ratling,

99 2143 106 25 Seaming
214 2143 45 21 and
268 2141 87 29 roping,

99 2169 128 22 Stockholm
237 2172 41 24 tar,

99 2195 89 27 Blocks,
198 2195 29 22 all
237 2196 63 21 sizes.

71 2222 57 22 Also
144 2230 61 14 some
219 2222 112 22 excellent
344 2224 60 20 tents
412 2221 36 23 for
456 2229 94 21 persons
563 2222 69 28 going

43 2249 49 22 into
102 2249 37 21 the
148 2249 65 21 bush.

119 2292 62 21 Van
195 2292 136 21 Dieman's
346 2292 77 21 Land
437 2292 118 21 Timber.

44 2319 52 48 A
105 2318 107 23 LARGE
225 2319 104 27 quantity
338 2319 26 21 of
378 2318 50 22 Van
439 2319 118 22 Dieman's
567 2318 64 23 Land

124 2346 80 21 timber
221 2345 27 22 of
264 2346 89 21 various
371 2344 137 23 dimensions
518 2353 5 19 ;
546 2344 54 29 also,
617 2353 14 14 a

41 2372 63 27 large
114 2372 101 28 quantity
225 2372 27 21 of
263 2371 100 22 Colonial
372 2372 87 26 timber,
476 2371 123 28 consisting
608 2372 24 21 of

43 2398 103 28 weather,
158 2398 79 27 lining,
253 2398 45 21 and
306 2398 97 27 flooring
411 2398 81 22 boards
501 2398 47 22 and
558 2402 73 19 scant-

41 2425 50 27 ling
99 2426 27 21 of
136 2425 30 22 all
176 2425 55 21 sizes
242 2424 45 22 and
295 2424 90 27 lengths
391 2433 6 19 ;
419 2432 52 15 now
484 2432 30 15 on
529 2424 64 23 hand
607 2430 23 18 at

41 2452 39 21 the
90 2455 68 18 stores
168 2451 26 22 of
200 2451 38 22 the
247 2451 159 27 undersigned.

68 2478 65 27 They
141 2477 47 22 will
196 2478 46 21 also
251 2478 29 21 be
294 2478 77 27 happy
381 2481 23 18 to
415 2478 81 28 supply
505 2478 66 23 those
580 2478 50 23 who

40 2504 82 23 intend
131 2504 97 27 erecting
237 2504 113 28 buildings
359 2504 55 22 with
423 2505 38 22 the
466 2505 72 22 above
545 2506 83 26 article,

42 2534 40 19 cut
99 2534 24 19 to
142 2531 72 27 order,
234 2531 26 21 of
282 2538 46 20 any
348 2531 139 22 dimensions
506 2532 56 28 they
577 2540 53 20 may

41 2558 94 27 require,
155 2557 45 22 and
221 2557 135 22 deliverable
376 2561 23 18 at
418 2565 45 21 any
482 2562 50 24 part
550 2559 27 22 of
592 2559 37 22 the

44 2585 73 21 beach
127 2591 29 15 on
165 2585 39 21 the
212 2584 96 22 shortest
314 2585 84 21 notice.

303 2611 64 22 John
383 2619 46 14 and
445 2611 58 22 Geo.
518 2611 83 23 Wade.

137 2656 91 21 Union
242 2656 80 21 Bank
336 2656 31 21 of
383 2656 151 22 Australia.

42 2688 95 23 London
155 2689 92 26 Office,
263 2689 43 21 No.
321 2690 37 26 33,
376 2689 51 22 Old
443 2689 186 23 Broad-strket.

97 2721 94 28 Capital,
200 2722 122 27 £800,000;
343 2722 52 28 paid
404 2729 38 21 up,
457 2722 120 28 £500,000.

276 2759 110 13 DIRECTORS
391 2760 5 13 :

146 2782 69 20 George
222 2782 39 16 Fife
268 2783 67 20 Angas,
343 2783 49 21 Esq.,

146 2802 68 17 Robert
221 2803 75 19 Brooks,
305 2804 49 19 Esq.,

146 2823 63 17 James
215 2823 48 16 John
271 2824 99 19 Cummins,
378 2824 50 20 Esq.,

146 2844 69 15 Robert
221 2844 96 19 Gardener,
329 2845 49 20 Esq.,
390 2845 123 20 Manchester,

146 2864 49 16 John
203 2865 46 15 Gore
264 2865 49 20 Esq.,

146 2884 49 17 John
202 2885 80 16 William
288 2884 76 20 Buckle,
369 2885 49 21 Esq.,

146 2905 96 20 Benjamin
249 2906 22 16 E.
277 2905 64 19 Lindo,
348 2906 49 19 Esq.,

147 2925 72 16 Charles
227 2926 77 16 Edward
310 2926 88 20 Mangles,
407 2926 49 20 Esq.,

146 2946 117 20 Christopher
270 2946 82 20 Rawson,
360 2947 49 20 Esq.,
421 2947 82 20 Halifax,

146 2967 78 16 Thomas
232 2967 64 19 Sands,
304 2967 48 20 Esq.,
360 2967 100 21 Liverpool,

146 2987 63 17 James
216 2987 55 20 Bogle
278 2988 65 19 Smith,
348 2988 49 19 Esq.,

146 3007 63 18 James
216 3007 79 17 Ruddell
301 3008 56 20 Xodd,
365 3009 43 20 Esq.

41 3035 86 17 Trustees
132 3039 4 12 :
152 3035 81 16 George
244 3035 57 16 Carr
311 3035 62 19 Glyn,
385 3035 50 21 Esq.,
444 3035 55 17 Jonx
510 3035 61 21 Gokx,
580 3036 48 22 Esq.,

188 3056 36 16 and
230 3056 67 16 James
304 3056 16 16 J.
327 3056 102 20 Cummins,
439 3056 44 21 Esq.

68 3082 82 17 Bankers
155 3087 5 12 :
171 3082 75 17 Messrs.
253 3082 61 19 Glyn,
325 3082 116 21 Hallifax,
449 3083 72 20 Mills,
527 3083 38 17 and
572 3084 30 17 Co.

160 3110 101 20 Secretary:
273 3110 83 17 Samuel
362 3110 96 20 Jackson,
466 3111 44 20 Esq.

132 3136 80 18 Colonial
218 3137 102 21 Inspector:
332 3137 18 16 J.
357 3137 20 17 C.
385 3138 104 20 M'Lareh,
496 3138 43 21 Esq.

162 3184 69 21 New
249 3184 123 22 Zealand
389 3185 117 21 Branch.

40 3216 56 17 Lteal
103 3216 100 18 Directors:
217 3218 47 16 Geo.
276 3218 18 16 S.
304 3218 74 19 Evans,
390 3218 50 21 Esq.,
451 3218 71 21 D.C.L.,
534 3219 37 17 and
583 3220 46 17 Oxo.

262 3238 91 20 Hunter,
365 3239 43 21 Esq.

42 3263 97 22 Manager:
150 3263 48 17 John
206 3265 71 19 Smith,
285 3265 48 21 Esq.,
341 3265 37 17 late
385 3266 21 16 of
414 3265 31 17 the
452 3266 119 18 Commtrtial
577 3266 53 18 Bank

210 3286 20 15 of
238 3286 88 20 England,
338 3286 123 17 Manchester.

151 3312 113 22 Branches
275 3316 23 19 at
312 3313 99 28 Sydney,

313 3340 91 22 Ilobart
411 3340 78 28 Town,

315 3366 149 28 I,aunceston,
475 3367 47 23 and

313 3393 55 21 lort
377 3393 81 28 Philip.

42 3418 55 22 Port
106 3416 129 29 Nicholson,
246 3418 79 22 March
335 3421 35 26 24,
381 3421 62 21 1840.

44 3470 91 23 rnHE
151 3470 115 22 Directors
281 3471 27 22 of
321 3471 41 23 Ihe
377 3472 58 22 New
449 3473 103 23 Zealand
565 3474 66 22 Land

50 3493 31 27 X
118 3498 116 26 Company
248 3497 83 28 hereby
347 3498 51 28 give
414 3500 82 26 notice,
514 3500 49 22 that
578 3501 53 28 they

40 3524 60 22 have
107 3531 112 15 EFFECTED
229 3531 31 14 AN
270 3531 171 16 ARRANGEMENT
448 3526 54 22 with
508 3526 39 22 the
554 3527 76 23 Union

42 3550 66 23 Bank
122 3550 26 22 of
163 3550 121 26 Australia,
300 3550 45 22 No.
360 3553 34 26 38,
409 3552 45 22 Old
470 3553 159 28 Broad-street,

42 3577 103 27 London,
155 3576 36 22 for
199 3576 38 21 the
250 3576 168 23 establishment
431 3579 27 22 of
470 3587 15 14 a
500 3580 130 22 BRANCH

41 3604 91 22 BANK
146 3603 35 22 IN
195 3602 73 23 NEW
281 3603 158 29 ZEALAND,
452 3605 97 28 through
559 3607 72 22 which

42 3630 39 22 the
89 3630 103 22 business
204 3630 27 21 of
242 3629 39 22 the
298 3629 56 23 New
370 3630 101 23 Zealand
485 3632 65 22 Land
566 3634 66 22 Com-

42 3664 62 20 pany
111 3656 46 22 will
165 3656 28 22 be
202 3656 135 22 transacted.
364 3656 50 22 The
428 3658 115 23 Directors
558 3659 74 23 there-

42 3684 49 21 fore
99 3682 145 23 recommend
253 3686 23 18 to
293 3682 111 22 Colonists
419 3683 38 22 the
475 3684 76 23 Union
567 3686 65 22 Bank

43 3710 27 21 of
87 3709 115 22 Australia
218 3716 25 15 as
261 3715 30 16 an
315 3709 171 22 establishment
506 3713 127 27 possessing

42 3735 59 22 their
117 3736 70 22 entire
210 3736 136 26 confidence,
367 3736 45 21 and
431 3736 51 22 able
499 3740 23 19 to
540 3739 92 25 provide

43 3762 126 28 effectually
184 3762 35 22 for
234 3762 39 22 the
286 3762 107 22 financial
407 3766 71 19 wants
494 3764 27 21 of
530 3764 39 22 the
585 3766 48 21 first

43 3788 136 23 settlement.

211 3814 35 28 By
255 3814 66 23 order
330 3814 28 22 of
366 3814 39 23 the
414 3814 82 28 Board,

288 3841 85 22 JOHN
387 3841 105 27 WARD,
508 3842 124 30 Secretary.

44 3868 57 23 New
110 3867 101 23 Zealand
218 3867 66 23 Land
292 3868 138 27 Company's
438 3868 79 28 Office,

72 3896 20 26 1,
103 3894 158 28 Adftm-itrcet,
273 3894 105 28 Adelphi,
388 3895 54 24 27th
450 3895 70 28 Aug.,
529 3897 63 22 1896.
