3470 4620
2851 2458 86 19 The
2966 2458 171 19 Oxford
3166 2458 257 19 Observer.

2851 2477 302 70 PUBLISHED
3187 2477 236 70 WEEKLY.

2884 2547 161 21 SATURDAY
3098 2547 92 21 APRIL
3219 2547 69 23 11th,
3322 2547 61 21 1896.

2928 2684 181 27 POLITICAL
3133 2684 54 25 CHAT
3187 2684 19 25 CHAT.

3046 2719 47 23 The
3126 2719 97 30 People.

2902 2802 54 25 The
2984 2801 146 33 Opposition
3158 2801 63 26 have
3244 2801 101 25 decided
3367 2810 33 17 on

2868 2846 63 26 their
2942 2846 60 33 plan
3022 2846 26 26 of
3066 2846 137 33 campaign,
3223 2846 50 26 and
3291 2846 50 26 will
3352 2855 50 17 run

2867 2899 72 22 every
2950 2891 141 24 electorate.
3127 2890 51 25 The
3196 2890 69 25 weak
3282 2891 81 31 points
3375 2891 25 25 of

2866 2934 44 25 the
2923 2933 169 26 Government
3112 2933 77 33 Party
3209 2942 41 17 are
3269 2934 76 32 being
3355 2934 46 25 fet-

2866 2979 69 24 tered
2946 2979 51 27 out,
3010 2978 51 25 and
3080 2979 84 25 efforts
3184 2986 40 17 are
3243 2978 74 32 being
3327 2979 73 25 made

2866 3024 26 24 to
2903 3024 46 29 put
2961 3025 86 30 strong
3057 3031 59 16 men
3128 3022 78 24 there.

2899 3066 54 26 The
2964 3066 67 25 Hon.
3044 3066 65 26 John
3122 3066 78 32 Bryce
3210 3066 21 24 is
3242 3066 156 33 beingurged

2866 3115 26 20 to
2903 3119 90 23 oppose
3003 3111 42 24 Mr
3061 3110 32 25 E.
3114 3110 35 24 M.
3172 3110 84 25 Smith
3276 3110 37 24 for
3325 3110 75 25 Tara-

2866 3154 68 25 naki.

2900 3199 41 23 Mr
2959 3198 99 24 Seorbie
3081 3198 138 24 McKenzie
3241 3198 50 23 will
3311 3205 97 24 oppose-

2867 3242 41 24 Mr
2921 3241 133 25 Carncross
3066 3241 39 25 for
3116 3241 89 28 Taieri,
3224 3241 49 24 and
3285 3241 20 24 it
3316 3241 21 25 is
3349 3241 53 25 also

2868 3286 53 24 said
2933 3285 56 24 that
3000 3285 32 24 he
3050 3285 73 25 could
3145 3285 50 24 win
3217 3284 43 25 the
3271 3284 130 26 Waibemo

2867 3333 53 23 ?eat
2932 3328 98 34 against
3041 3330 44 25 the
3097 3329 114 25 Minister
3222 3328 28 26 of
3257 3328 92 27 Lands.

2899 3375 54 25 The
2965 3375 56 25 Hon
3033 3374 31 25 G.
3078 3375 30 23 F.
3121 3373 150 25 Richardson
3283 3373 47 25 has
3338 3373 63 26 been

2867 3419 75 24 asked
2953 3420 26 23 to
2989 3418 73 25 stand
3073 3418 38 25 for
3121 3419 124 28 Mataura,
3258 3417 51 24 and
3317 3418 85 25 efforts

2867 3470 42 17 are
2921 3462 51 25 also
3076 3460 73 25 made
3168 3462 26 23 to
3212 3460 73 32 bring
3295 3461 51 24 him
3360 3463 42 24 cut

2868 3506 37 24 for
2934 3505 105 24 Awarua
3078 3504 97 32 against
3218 3504 43 24 the
3290 3504 113 26 Colonial

2867 3547 140 27 Treasurer.
3034 3558 2 5 ■
3174 3574 2 2 .
3214 3553 2 5 '

2901 3593 26 23 It
2951 3592 37 28 is,
3005 3591 81 24 stated
3109 3590 56 25 that
3194 3591 43 24 the
3260 3591 68 25 Hon.
3360 3592 41 25 W.

2867 3635 127 25 Eolleston
3006 3634 51 25 will
3075 3634 31 25 be
3125 3634 107 32 brought
3249 3638 43 22 out
3303 3636 99 31 against

2868 3680 43 24 the
2924 3680 68 24 Hon.
3005 3678 40 24 Mr
3066 3678 69 25 Hall-
3139 3678 77 25 Jones
3235 3678 38 25 for
3292 3679 111 25 Timaru.

2902 3723 93 25 Messrs
3007 3722 90 30 Lewis,
3111 3721 84 28 Booth
3205 3722 49 24 and
3268 3723 75 25 Stead
3354 3723 50 26 will

2867 3767 31 25 be
2909 3766 43 25 the
2965 3767 143 31 Opposition
3120 3766 142 25 candidates
3280 3767 38 25 for
3330 3768 71 25 Chri-

2869 3810 124 26 stchurch.
3153 3822 3 4 ■

2902 3855 33 24 At
2946 3854 43 25 the
3001 3854 110 32 meeting
3123 3854 28 24 of
3165 3854 44 25 the
3229 3854 119 26 National
3360 3856 44 25 As-

2870 3899 119 24 sociation
3008 3898 21 25 it
3047 3906 50 17 was
3121 3897 101 26 decided
3245 3900 26 24 to
3289 3900 117 25 circulate

2870 3943 91 24 30.000
2990 3942 79 31 copies
3105 3941 28 26 of
3141 3965 3 3 .
3158 3942 44 25 the
3230 3942 177 26 Ohristchurch

2870 3985 73 25 Press
2967 3985 94 32 weekly
3084 3985 111 25 between
3217 3993 58 18 now
3294 3987 50 24 and
3366 3987 42 25 the

2871 4028 124 30 elections,
3010 4036 27 17 so
3059 4029 55 24 that
3127 4036 14 16 a
3165 4029 126 32 desperate
3303 4030 72 25 effort
3386 4031 21 24 is

2871 4074 26 27 to
2908 4072 31 25 be
2955 4072 73 25 made
3050 4074 25 23 fco
3094 4073 57 24 oust
3171 4072 44 26 the
3236 4074 170 26 Government

2872 4117 65 24 from
2957 4116 79 25 office.

2905 4160 55 25 The
2973 4160 147 31 Opposition
3140 4159 53 27 also
3213 4161 92 27 reckon
3322 4163 27 25 to
3360 4163 50 25 win

2873 4205 41 25 the
2937 4203 147 33 Eangitikei
3118 4206 53 24 seat
3193 4204 34 34 by
3248 4207 102 32 putting
3371 4207 40 25 Mr

2873 4250 78 25 l^ruce
2963 4250 97 32 against
3080 4250 41 25 Mr
3143 4250 113 32 Stevens,
3269 4252 45 25 the
3325 4252 86 33 sitting

2873 4290 120 25 member.

2906 4333 40 25 Mr
2957 4332 96 29 Pirani,
3068 4333 107 26 M.H.R.
3194 4342 49 18 was
3262 4334 149 34 banquetted

2873 4376 33 33 by
2917 4376 41 25 his
2969 4377 167 25 constituents
3148 4385 34 17 on
3194 4378 124 32 Tuesday.

2908 4419 53 26 The
2973 4420 112 26 Premier
3104 4421 50 26 and
3177 4421 54 27 Mrs
3251 4422 100 27 Seddon
3362 4423 48 25 ris-

2874 4464 51 25 ited
2937 4464 42 26 th(»
2992 4473 73 18 scene
3076 4466 28 25 of
3118 4467 43 25 the
3172 4466 114 27 Brunner
3296 4468 113 29 disaster,

2875 4508 49 25 and
2949 4508 98 27 worked
3069 4510 61 25 hard
3159 4512 27 25 to
3213 4511 58 32 help
3299 4511 43 25 the
3369 4511 42 25 be-

2862 4557 14 17 r
2882 4551 85 24 caved.

1148 49 168 34 OXFORD
1353 51 227 31 OBSERVER
1646 49 238 36 SATURDAY,
1968 49 126 30 APRIL
2162 49 49 36 11,
2255 49 79 30 1896

2899 183 201 26 PROFESSOR
3143 184 241 25 CHARLESTON.

2916 226 326 33 PHRENOLOGIST
3277 228 90 32 AND

2966 275 343 33 PHYSIOGNOMIST

3017 322 51 26 will
3101 323 92 25 lecture
3227 332 29 17 on

2876 356 197 32 HEADS
3097 357 118 32 AND
3236 357 173 33 FACES

3087 405 26 24 m
3146 405 42 25 the

2913 437 301 37 ODDFELLOW'S
3250 444 113 31 HALL

2888 491 192 45 WEST
3102 492 282 57 OXFOED,

3118 564 31 17 on

2904 599 148 38 TUESDAY
3076 601 103 37 NIGHT
3202 602 100 37 APRIL
3319 603 50 37 14.

2869 644 150 31 Admission,
3047 645 97 30 Adults,
3168 649 53 24 Is..
3229 648 113 25 Childred
3361 649 39 28 6d,

2869 682 72 24 doors
2954 691 63 22 open
3041 686 14 22 7
3083 684 113 29 O'Clock,
3220 685 103 26 Lecture
3335 694 65 17 com-

2869 722 96 17 mences
2979 718 14 22 7
3007 718 32 21 30
3049 724 25 22 p.
3087 725 34 15 m.
3134 725 41 16 see
3187 720 100 28 posters.

2968 852 4 4 '
3003 852 274 51 NOTICE.'.
3389 856 2 4 '

2870 941 151 59 HAVING
3033 943 48 24 had
3092 943 73 31 sheep
3199 944 100 25 worried
3310 950 33 19 on
3358 953 42 23 my

2931 976 93 24 section
3041 983 23 17 at
3082 976 142 30 Woodside,
3242 985 48 24 any
3307 986 89 23 person

2867 1007 77 26 found
2961 1011 148 31 trespassing
3136 1007 61 28 with
3220 1010 49 32 dog
3293 1018 29 17 or
3348 1019 49 23 gun

2867 1041 49 25 will
2944 1041 30 25 be
3007 1042 152 31 prosecuted;
3194 1043 49 25 and
3276 1052 49 24 any
3349 1044 49 32 dog

2867 1080 92 32 caught
2976 1080 49 25 will
3042 1080 29 26 be
3088 1081 141 32 destroyed.

3092 1125 31 25 R.
3141 1125 159 30 BOWMAN,

2873 1183 2 2 ■
3222 1165 142 34 Wqodsjide.

2971 1302 340 46 TENDERS.:

2867 1375 171 27 llf^-NTED
3050 1377 109 25 Tenders
3171 1377 37 25 for
3219 1378 115 31 covering
3341 1380 57 28 part

2880 1413 9 20 I
2899 1413 9 20 T
2939 1409 27 24 of
2976 1409 42 25 the
3029 1411 56 24 roof
3101 1409 27 26 of
3147 1410 36 25 St.
3203 1411 118 24 Andrews
3332 1411 67 24 Par-

2867 1450 98 23 sonage,
2991 1443 49 24 and
3060 1443 93 32 sundry
3172 1445 73 23 small
3262 1445 91 29 repairs
3372 1447 26 22 to

2864 1482 127 32 Building;
3034 1483 183 32 Specifications
3240 1486 26 23 to
3286 1484 29 25 be
3337 1493 59 17 seen
3411 1510 4 3 .

2866 1522 26 23 at
2903 1520 61 25 Rev.
2977 1520 31 25 R.
3020 1518 171 29 F.GarbetVs

3129 1559 55 24 The
3212 1559 151 32 Parsonage.

2899 1591 52 25 The
2967 1591 85 25 lowest
3068 1599 29 17 or
3118 1600 49 23 any
3186 1592 96 25 Tender
3298 1595 45 23 not
3355 1600 41 18 ne-

2866 1630 116 31 cessarily
3000 1631 123 31 accepted.

2899 1668 108 25 Tenders
3016 1670 26 23 to
3054 1670 28 23 be
3093 1668 46 26 left
3156 1670 26 23 at
3189 1669 42 25 the
3248 1669 147 32 Parsdnage.

2897 1799 78 45 TO
3012 1799 153 45 MEN
3194 1798 176 46 ONLY

2911 1869 443 57 PROFESSOR~CHARLESTON

3034 1935 200 26 SPECIALIST

2869 1976 59 25 Will
2943 1976 92 25 lecture
3046 1978 27 23 to
3083 1983 57 18 men
3151 1976 58 31 only
3219 1976 27 24 m
3257 1976 43 25 the
3311 1975 87 26 Public

2869 2015 61 24 Hall
2953 2015 91 25 Oxford
3076 2015 72 28 East,
3181 2021 34 18 on
3243 2014 154 33 Wednesday

2869 2055 73 31 night
2960 2055 71 31 ilpril
3054 2055 71 25 15th.
3149 2055 167 33 commencing
3338 2057 15 24 7
3366 2056 31 24 30

2869 2103 25 25 p.
2907 2104 32 16 m.
2975 2095 100 33 Subject
3086 2095 98 25 Private
3202 2096 48 24 and
3261 2096 137 32 important

2870 2137 26 24 to
2906 2135 61 26 both
2979 2135 102 26 married
3092 2136 50 25 and
3158 2135 87 33 single.
3287 2148 5 14 :

2935 2175 40 25 No
2997 2182 46 18 one
3059 2174 122 26 admitted
3202 2174 78 25 under
3292 2175 40 25 16.

3010 2215 145 25 J.dmission
3149 2208 9 16 7
3170 2223 5 5 -
3186 2215 70 25 Free.
3322 2224 25 24 .>;

2352 197 56 44 T.
2446 197 352 55 KENNEDY,

2431 260 285 32 BLACKSMITH.

2308 317 83 38 Begs
2406 319 33 27 to
2453 317 140 29 intimate
2623 320 32 27 to
2670 317 52 31 the
2733 318 106 39 public

2310 358 33 28 of
2371 357 117 31 Oxford
2533 357 62 31 and
2633 358 207 40 surrounding

2308 397 131 31 District
2453 398 68 30 that
2531 398 40 30 he
2582 399 54 31 has
2646 400 194 30 commenced

2307 438 141 32 business
2484 450 32 20 as
2561 439 134 32 General
2731 440 108 31 Black-

2308 480 99 39 smith,
2458 486 74 25 next
2564 485 33 26 to
2625 481 50 30 Mr
2702 482 136 41 Lough's

2307 520 82 32 Near
2405 522 70 30 Sale
2490 522 108 36 Yards,
2613 523 77 30 East
2705 524 132 35 Oxford,

2307 563 61 30 and
2395 564 95 39 hopes
2521 564 39 39 by
2575 564 87 30 strict
2688 565 149 30 attention

2307 607 31 26 to
2372 605 147 35 business,
2548 608 33 26 to
2616 606 37 29 be
2688 606 150 30 favoured

2307 644 73 30 with
2395 645 82 30 their
2491 649 139 36 support.

2346 685 37 31 N.
2405 685 36 30 B.
2467 686 133 40 Shoeing
2628 698 18 18 a
2667 687 167 39 speciality.

2442 851 249 46 POISON.

2305 941 154 57 HAVING
2488 941 50 24 had
2571 941 76 31 sheep
2673 941 98 24 worried
2795 948 37 17 re-

2355 974 101 30 cently,
2475 974 86 31 poison
2578 974 24 24 is
2613 982 56 17 now
2680 974 51 24 laid
2743 982 32 17 on
2794 982 43 23 my

2302 1006 60 25 land
2379 1009 27 22 at
2430 1006 68 26 West
2523 1006 100 29 Oxford,
2652 1007 50 24 and
2724 1006 35 26 all
2776 1006 61 33 dogs

2301 1040 79 25 found
2396 1040 103 25 thereon
2516 1040 52 25 will
2584 1040 30 25 be
2632 1040 137 32 destroyed.

2533 1120 53 23 Mrs
2613 1120 29 23 A.
2661 1119 122 25 BOOTH.
2825 1134 5 5 .

2797 1158 24 23 2.

2401 1296 133 45 FOR
2559 1297 182 44 SALE.

2303 1390 103 80 THE
2442 1392 233 39 thoroughbred
2724 1392 110 31 Entire

2359 1432 91 30 horse
2479 1432 247 37 FAIUCHILD,
2756 1434 78 39 aged

2303 1474 17 29 7
2346 1484 105 29 years^
2486 1473 60 32 No,
2563 1475 177 30 reasonable
2756 1475 83 30 offer,

2301 1515 129 30 refused.
2494 1519 4 6 '

2302 1555 107 40 Apply
2421 1555 37 30 B.
2474 1555 169 32 HODGES

2427 1595 175 33 Harewood
2620 1597 93 31 Arms
2729 1597 104 37 Hotelj

2304 1648 37 23 015
2355 1637 84 31 John
2463 1637 234 38 MCCARTHY,
2727 1647 108 32 groom

2305 1679 33 29 m
2360 1679 121 40 charge.
2626 1704 3 3 .

2301 1818 49 45 J.
2371 1818 55 45 T.
2454 1818 201 54 Brown,
2675 1818 42 45 &
2736 1819 101 46 Son

2356 1885 111 21 TIMBER
2477 1886 18 20 &
2505 1886 73 22 COAL
2591 1886 182 21 MERCHANTS.

2477 1924 164 21 IMPORTBBS

2303 1961 36 27 Of
2368 1960 140 28 TIMBER
2537 1962 54 26 and
2620 1961 50 27 All
2698 1962 88 26 Kinds
2809 1962 29 26 of

2357 2007 186 28 BUILDING
2568 2008 221 27 MATERIALS.

2493 2051 151 30 CORNER
2721 2058 2 2 ■

2305 2096 163 26 COLOMBO
2510 2097 19 24 &
2557 2096 98 26 TUAM
2684 2096 155 26 STREETS

2461 2140 192 26 Chbistchuboh

2359 2274 195 43 MUSICAL
2593 2274 179 43 TUITION

2303 2340 140 41 PIANO,
2472 2343 186 37 SINGING,
2679 2339 157 41 VIOLIN,

2345 2383 147 32 ORGAN
2555 2383 86 32 ETC.
2702 2385 93 30 ETC.

2407 2455 63 31 MR
2507 2455 30 32 S.
2568 2455 180 34 MAYSON.

2305 2518 66 31 Has
2404 2519 161 33 .vacancies
2594 2519 47 30 for
2662 2519 100 40 pupils
2785 2517 51 32 'm

2433 2566 96 30 above
2564 2566 145 39 subjects.
2720 2574 60 23 ;••;.
2819 2572 18 22 r

2402 2681 87 25 Terms
2517 2690 32 16 on
2578 2681 157 32 application.

2304 2780 187 44 Pianos
2513 2778 103 45 aM
2638 2778 199 59 €>rgan£

2433 2846 77 26 tuned
2527 2846 50 26 and
2592 2846 121 32 repaired.
2829 2855 3 2 •

2303 2905 117 25 AGENT
2437 2906 68 24 FOR
2522 2905 135 25 MILNER
2669 2905 165 26 THOMSON

2451 2992 82 42 FOR
2576 2992 113 42 SALE

2336 3057 49 24 AN
2398 3056 156 25 UPRIGHT
2566 3057 118 24 GRAND
2693 3057 108 25 PIANO

2336 3130 168 26 Instruments
2515 3138 45 18 can
2572 3130 30 26 be
2618 3131 120 31 procured
2749 3139 33 17 on
2793 3131 42 25 the

2279 3187 2 4 •
2303 3174 56 25 time
2376 3177 119 29 payment
2505 3177 97 29 system.

2445 3219 74 24 From
2531 3220 33 23 £1
2583 3227 14 17 a
2609 3220 94 25 month.

2371 3308 114 26 SHEET
2498 3308 106 26 MUSIC
2613 3308 38 25 IN
2662 3308 106 26 STOCK

2304 3356 142 38 SONGS,
2667 3358 165 31 DUETTS

2301 3391 34 53 .[
2451 3405 118 25 VIOLIN
2582 3399 114 32 SOLOS^

2304 3453 115 27 Addfass.
2421 3469 32 5 —
2455 3455 116 32 Opposite
2600 3455 74 25 Bank
2690 3455 27 25 of
2743 3455 31 25 N.
2805 3455 29 25 Z.

2496 3509 146 25 OXFORD.

2437 3652 267 45 NOTICE.

2304 3735 92 26 rTHIS
2413 3736 20 25 is
2459 3737 26 24 to
2513 3736 54 32 give
2595 3735 126 26 NOTICE
2751 3735 56 26 that
2823 3735 14 24 I

2309 3761 22 32 1
2351 3769 86 24 intend
2453 3771 27 23 to
2503 3770 75 31 apply
2605 3771 26 23 at
2659 3769 44 25 the
2719 3772 59 21 next
2795 3769 42 24 sit-

2305 3802 55 32 ting
2371 3801 26 25 of
2406 3802 43 25 the
2461 3802 158 32 Magistrates
2631 3802 85 29 Court,
2735 3802 99 30 Oxford,

2305 3835 38 24 for
2359 3844 14 15 a
2390 3835 103 25 License
2510 3841 26 19 to
2560 3836 126 31 slaughter
2702 3836 67 30 large
2789 3835 48 25 and

2306 3867 73 25 small
2397 3869 75 24 cattle
2488 3869 39 24 for
2551 3869 92 24 section
2667 3869 43 24 No
2729 3869 73 24 1670.

2538 3901 92 31 Signed

2568 3935 80 25 MRS-
2666 3935 30 25 A.
2714 3934 123 31 BOOTH,

2305 3977 85 25 March
2401 3977 54 25 4th.
2468 3978 72 25 1896.
2846 3971 2 39 )

2364 4151 70 45 £5
2465 4151 317 47 REWARD.

2307 4267 115 58 WILL
2446 4266 31 26 be
2499 4267 56 31 paid
2576 4267 39 25 for
2634 4267 158 26 information
2813 4277 27 17 as

2380 4303 26 22 to
2430 4300 44 25 the
2490 4302 72 30 patty
2584 4300 57 25 who
2663 4300 106 32 unhung
2790 4302 51 24 and

2307 4338 94 32 opened
2422 4338 55 25 four
2499 4337 49 26 feet
2571 4337 81 25 inside
2674 4339 41 24 the
2738 4341 56 30 gate
2807 4348 32 17 on

2308 4375 100 26 Section
2430 4377 81 24 27591
2546 4375 191 26 THURSDAY
2759 4378 80 32 night,

2307 4415 71 28 West
2395 4415 103 26 Oxford.
2753 4408 8 21 f

2280 4442 1 26 [
2282 4478 6 3 ,
2505 4457 31 25 R.
2563 4457 31 25 F.
2620 4457 153 27 THOMAS.

2308 4497 96 30 March,
2422 4499 67 30 14th,
2508 4498 74 25 1896.

2781 4539 24 24 3.

1885 207 127 22 DOUBLE
2032 208 112 21 WIDTH

1764 271 194 45 DEESS
2012 270 255 46 TWEEDS

1925 341 79 40 (half
2018 341 96 39 price)

1803 400 182 39 Homespun
2001 400 35 29 6i
2053 399 101 30 worth
2170 398 59 40 10£

1761 450 101 31 better
1886 445 91 36 vplue'
2000 449 75 31 than
2100 449 169 40 travelling

1823 506 126 38 drapers
1963 505 65 31 will
2043 505 70 39 give
2127 516 69 29 you.

1761 574 106 41 iAB
1884 574 8 37 I
1905 574 73 37 £S'
2010 573 254 46 JACKETS

1851 626 80 30 New
1952 625 79 31 This
2053 625 124 32 Season

1745 675 36 29 8s
1804 675 40 29 6d
1886 675 145 29 Reduced
2046 676 79 33 from
2183 675 54 29 12s
2259 676 14 28 6

1746 736 38 28 15
1807 736 40 28 6d
1972 758 19 13 „
2075 758 17 14 „
2183 736 53 28 20s
2258 737 15 28 0

1759 835 237 26 MANCHESTER
2013 836 246 24 DEPARTMENT.

1743 908 114 37 Prints,
1879 908 113 31 checks
2006 909 61 30 and
2090 909 113 40 stripes

1743 962 95 30 Table
1862 962 158 36 Damasks,
2043 962 191 31 unbleached
2234 979 38 6 —

1786 1000 8 11 •
1818 1002 2 2 ■
1853 1000 1 1 ■
2006 1006 2 2 •
2086 1000 2 1 ■
2157 1009 72 3 ....

1823 1013 113 41 special
1958 1014 92 30 value
2066 1012 81 32 from
2165 1012 43 42 1/-

1741 1070 116 29 Brown
1891 1069 138 30 Holland
2064 1080 77 29 very
2177 1070 96 38 cheap

1740 1121 191 29 Flannelette
1947 1121 59 29 and
2022 1120 150 40 Shirting,
2194 1120 79 40 good

1822 1172 89 30 value
1931 1172 81 30 from
2033 1172 50 30 4d.

1740 1223 93 29 Floor
1855 1222 90 31 Cloth
1967 1224 81 39 good
2070 1227 32 27 at
2125 1224 48 30 9d.

1738 1273 89 32 Wide
1850 1275 111 30 Forfar
1984 1279 32 27 at
2039 1277 49 29 6d.

1778 1374 116 33 BOY'S
1925 1375 307 31 DEPARTMENT.

1921 1473 22 25 T
1959 1481 56 17 now
2024 1473 116 25 continue
2151 1476 25 21 to
2188 1473 85 25 devote

1821 1500 63 37 «feL
1921 1500 22 31 J-
1980 1506 98 31 Special
2095 1506 131 25 Attention
2248 1510 25 20 to

1749 1539 152 38 /ihMrlllk
1920 1539 39 25 *^
1960 1547 11 17 s
1986 1539 170 31 Department,
2168 1540 51 23 and
2236 1546 37 16 am

1742 1578 70 59 \2[|
1827 1578 80 59 yili
1965 1599 22 19 n
1989 1598 17 21 °
2007 1599 31 20 w
2065 1598 110 20 oitb:ri
2177 1597 43 22 ng

1784 1673 7 27 I
1825 1681 7 19 i
1875 1689 1 3 ■
2005 1673 102 21 LARGE
2121 1674 74 20 LINE

1780 1726 39 43 W
1832 1726 39 43 W
1975 1747 141 22 KNICKER
2136 1748 84 21 SUITS

1781 1780 30 37 J»
1823 1769 28 43 J
1867 1784 81 22 s=rat
1962 1783 40 20 the
2020 1782 117 25 following
2151 1781 122 21 SPECIAL

1923 1818 106 22 PRICES
2039 1828 34 11 :—
2229 1840 2 3 .
2255 1823 18 19 o

1801 1863 33 21 To
1843 1863 28 21 fit
1879 1863 61 26 Boys
1949 1864 13 18 3
1971 1862 72 20 Tears
2053 1861 35 26 5/6
2117 1861 13 20 5
2139 1861 71 21 Tears
2225 1860 35 27 5/6

1957 1896 13 22 7
1981 1896 71 21 Tears
2063 1896 35 26 5/6
2117 1896 13 19 9
2140 1896 72 20 Tears
2226 1894 36 28 5/6

1811 1952 55 47 B.
1907 1953 58 45 E.
1996 1949 215 49 PARISH

1873 2027 101 51 E*st
2003 2027 163 50 Oxfori

1744 2340 231 28 CANTERBURY
1994 2343 94 25 LAND
2106 2343 167 26 DISTRICT.

1767 2374 115 25 SMALL
1904 2375 157 26 GRAZING
2085 2376 71 25 RUN
2175 2376 98 26 OPEN*

1858 2407 69 26 FOR
1959 2408 202 27 SELECTION.
2272 2432 2 7 ,

1776 2439 25 25 It
1819 2440 23 24 is
1872 2441 89 32 hereby
1976 2442 103 25 notified
2104 2442 27 25 m
2149 2444 78 24 terms
2252 2442 21 26 of

1746 2472 62 25 'The
1819 2472 72 26 Land
1911 2474 47 25 Act
1978 2475 71 25 1892'
2062 2475 49 25 and
2132 2475 60 25 'Tire
2204 2475 69 25 Land

1743 2505 37 24 for
1804 2505 145 27 Settlement
1965 2507 60 30 .Act,
2056 2509 72 24 1894'
2151 2509 55 24 that
2233 2509 40 25 the
2272 2508 2 8 :

1744 2538 222 26 undermentioned
1994 2541 73 25 lands
2084 2549 41 17 are
2140 2549 56 18 now
2213 2549 60 24 open

1744 2571 38 25 for
1793 2573 148 30 application
1963 2575 26 24 at
2000 2574 51 25 this
2063 2575 69 24 office
2144 2575 78 24 under
2234 2575 39 25 the

1746 2604 81 25 Small
1840 2605 110 33 Grazing
1961 2606 59 25 Run
2039 2608 105 31 System.

1777 2638 97 25 Section
1893 2640 16 24 2
1923 2640 90 32 Ashley
2033 2640 83 32 Gorge
2129 2641 144 25 Settlement

1744 2671 49 24 and
1806 2672 99 24 Section
1918 2674 88 25 36589.
2041 2674 64 24 Area
2118 2676 47 22 915
2173 2682 35 17 ac.
2222 2675 51 24 2ro.

1743 2705 40 30 2p.
1808 2704 97 26 Annual
1923 2707 55 24 rent
2013 2707 66 24 £101
2103 2709 51 22 11s.
2198 2707 75 25 Plans

1747 2743 63 25 may
1821 2736 31 25 be
1864 2745 58 17 seen
1941 2740 26 23 at
1978 2738 112 33 Railway
2108 2739 111 25 Stations
2227 2740 46 24 and

1743 2769 60 25 Post
1832 2770 95 30 Offices,
1954 2771 49 25 and
2031 2771 114 25 obtained
2173 2780 33 17 on
2233 2780 40 24 ap-

1742 2801 101 26 licatio'n
1855 2806 26 22 at
1889 2803 50 26 this
1951 2806 75 23 office.

1907 2848 22 24 I.
1949 2848 39 26 W.
2011 2848 30 26 A.
2060 2848 199 27 MARCHANT.

1743 2879 103 26 District
1858 2880 73 26 Land
1952 2881 51 26 and
2011 2882 95 32 Surrey
2118 2883 67 25 office
2201 2882 72 26 Com-

1742 2913 127 25 missioner
1880 2914 25 24 of
1918 2914 85 26 Cmwn
2019 2916 90 24 Lands.

2017 2948 189 26 Christchurch.

1800 3126 70 44 £2
1902 3127 315 44 REWARD.

1784 3204 47 30 £2
1846 3204 186 30 REWARD
2056 3206 63 29 will
2143 3207 37 29 be
2203 3207 70 39 paid

1742 3248 32 27 to
1796 3256 61 29 any
1877 3256 111 29 person
2006 3257 35 19 or
2063 3257 126 29 persons
2206 3248 67 30 who

1742 3286 63 30 will
1843 3288 71 38 give
1959 3288 77 30 such
2075 3288 198 31 information

1742 3328 102 31 which
1872 3330 64 30 will
1956 3330 69 30 lead
2060 3333 33 28 to
2122 3331 54 30 the
2205 3339 68 23 con-

1742 3370 113 33 viction
1885 3371 33 30 of
1952 3371 52 30 the
2039 3372 140 31 offender
2205 3373 68 30 who

1742 3411 94 39 lately
1851 3412 162 41 destroyed
2027 3414 88 30 fence
2129 3415 62 29 and
2204 3418 69 35 gate

1742 3463 40 20 on
1811 3453 292 32 GOVERNMENT
2127 3458 146 38 property

1743 3493 189 32 Woodstock
1961 3495 91 30 Road
2085 3495 88 31 View
2208 3496 65 30 Hill

1743 3535 80 30 Run.

1865 3576 38 29 D.
1927 3576 37 30 G.
1987 3576 247 32 MATHESON.

1878 3746 261 46 NOTICE.

1777 3829 81 26 MISS
1880 3831 173 32 TRlTTbegs
2072 3833 26 24 to
2111 3839 127 18 announce
2250 3834 23 24 to

1744 3872 41 25 the
1807 3873 83 31 public
1901 3873 27 24 ef
1946 3873 93 26 Oxford
2050 3874 55 26 that
2126 3875 44 25 she
2181 3876 22 24 is
2221 3883 52 17 now

1744 3917 74 30 agent
1840 3916 38 24 for
1900 3916 115 26 Powell's
2039 3918 127 26 Columbia
2187 3919 86 30 Fitter,

1744 3958 50 24 and
1804 3959 23 23 is
1844 3960 114 30 prepared
1970 3961 26 23 to
2016 3960 56 25 take
2083 3962 82 30 pupils
2185 3961 39 26 for
2234 3962 39 25 the

1744 4000 84 27 above.
1852 4001 50 25 For
1922 4003 74 24 terms
2008 4003 50 24 and
2076 4003 35 24 all
2131 4005 142 31 particulars

1745 4045 74 31 apply
1840 4046 33 28 to,
1891 4045 82 26 MISS
1992 4046 110 32 TRITT,

1910 4088 86 32 Queen
2020 4089 90 32 Street,
2112 4101 3 8 1

2064 4133 99 26 Oxford.

1879 4272 117 33 Copies
2017 4283 40 22 of
2078 4280 62 26 tSe

1794 4323 174 31 OXFORD
2001 4325 223 34 OBSERVER

1853 4398 47 18 can
1923 4391 31 25 be
1977 4393 118 26 obtained
2117 4397 27 24 at

1742 4435 176 26 CARGILL'S
1930 4444 87 19 corner
2039 4440 28 25 of
2081 4440 138 28 CASHEL
2231 4442 42 26 and

1841 4475 164 29 COLOMBO
2024 4479 156 30 STREETS

1914 4517 186 27 Christchurch.

1183 196 244 47 KAIAPOI
1470 198 248 48 TWEEDS.

1185 275 83 21 SUITS
1277 275 87 21 MADE
1373 276 37 21 TO
1421 276 143 21 MEASURE
1577 277 83 20 FROM
1674 279 45 20 50a.

1183 331 120 79 FULL
1320 332 143 31 RANGE
1476 334 34 29 of
1517 334 62 31 this
1593 334 124 31 Season'

1261 372 145 31 Patterns
1425 377 33 26 to
1488 374 92 30 hand.

1436 426 27 22 at

1285 466 36 31 R,
1347 466 41 30 .H
1410 467 197 32 PARISH'S

1326 527 91 26 EAST
1435 529 145 25 OXFORD.

1270 593 7 8 .
1296 577 134 23 INTENDS
1460 579 37 21 TO
1526 580 73 22 SELL

1182 616 176 29 seasonable
1367 617 96 39 goods
1473 624 32 24 at
1510 619 100 40 prices
1620 621 98 30 below

1182 668 69 29 that
1270 668 33 29 of
1317 678 61 30 any
1403 668 221 33 Christchurch
1647 672 68 30 firm

1170 719 13 22 v
1191 704 3 2 '
1196 722 3 14 ;
1245 731 2 2 ■
1272 721 2 11 ;
1317 741 8 3 -
1325 741 105 6 —
1432 718 63 45 «o

1223 779 167 35 ALL
1406 781 265 37 /WOOL

1178 833 195 49 Colonial
1413 836 175 46 Flannel
1637 837 75 48 9i.

1178 910 131 40 cheaper
1322 911 77 30 than
1414 922 56 20 can
1491 913 38 32 be
1540 914 172 40 purchased

1177 965 33 27 at
1239 962 124 31 auction
1390 973 36 20 or
1443 964 83 30 from
1563 965 151 32 itinerant

1361 1011 137 40 drapers:

1275 1155 340 41 PARISH'S

1211 1242 96 101 J5
1465 1257 172 46 BOYS'

1192 1389 179 147 ||||p
1420 1437 260 47 YOUTHS'

1228 1516 123 47 ffUfipitl
1460 1537 52 26 fill
1545 1537 101 26 Wnn7

1211 1615 14 36 I
1253 1613 95 47 WjW
1381 1619 176 25 COLONIAL
1582 1621 127 25 TWEED

1176 1661 143 94 >/Jh[
1426 1693 217 34 suits

1215 1781 128 31 From
1367 1779 89 40 12/6
1477 1787 73 31 per
1572 1781 93 37 suit.

1244 1837 80 35 (three
1333 1839 136 31 garments,
1486 1837 80 25 worth
1579 1837 65 34 255.)

1179 1883 92 25 Cannot
1283 1884 26 24 be
1316 1884 136 30 purchased
1463 1887 25 20 at
1504 1883 170 25 Christchurch
1685 1891 27 16 or

1292 1927 123 24 elsewhere
1426 1931 25 19 at
1458 1926 37 24 the
1502 1927 77 30 price.

1183 1986 23 30 J
1217 1985 132 31 AMens
1364 1987 100 29 Black
1474 1985 70 31 S.B.
1554 1987 58 29 Sac
1622 1986 90 31 Coats

1178 2019 72 48 fill
1276 2028 50 30 for
1349 2028 130 40 Sunday-
1491 2028 63 29 and
1576 2028 138 39 Holiday

1178 2079 82 21 wear
1268 2068 146 32 Reduced
1422 2069 83 30 from
1517 2067 67 41 25/-
1596 2072 33 27 to
1639 2068 74 41 15/6

1178 2166 28 31 A
1220 2168 102 39 Large
1336 2168 61 30 Lot
1412 2168 33 31 of
1468 2166 107 33 Gents'
1601 2167 113 42 Heavy

1179 2218 111 31 Tweed
1327 2219 169 30 Overcoats
1528 2219 100 30 below
1647 2223 68 26 cost

1178 2260 94 40 price.

1361 2317 40 4 —
1401 2312 30 14 >—
1441 2312 32 15 «'•
1484 2314 9 15 i
1493 2319 38 5 —

1208 2355 142 47 LACE
1402 2355 284 49 CURTAINS

1180 2466 94 50 Iflfl
1304 2465 37 44 l)
1343 2460 98 35 AiRS
1457 2465 33 30 of
1505 2464 209 32 CURTAINS

1181 2495 93 50 IUU
1305 2495 35 49 IT
1368 2505 124 31 -Latest
1516 2505 134 41 Designs
1703 2522 5 4 •

1275 2552 82 30 from
1387 2553 43 29 2s.
1443 2562 56 30 per
1527 2552 78 40 pair.

1179 2742 120 29 Ladies'
1323 2740 87 31 Rock
1424 2741 102 31 Straw
1540 2742 132 30 Boaters
1721 2738 2 45 {

1221 2818 18 12 „
1324 2792 118 42 Fancy'
1453 2793 94 30 Sailoi
1721 2794 2 31 i

1180 2856 92 42 Boys'
1288 2857 62 29 and
1364 2855 101 31 Maids
1481 2855 142 33 Galateas

1180 2952 99 30 Black
1295 2950 119 31 French
1432 2950 180 31 Cashmeres

1179 3003 99 31 Black
1293 3004 28 28 &
1334 3002 64 31 Col.
1418 3003 122 30 French
1560 3003 154 31 Merinoes

1211 3148 252 25 FLANNELETTS
1477 3150 18 23 &
1509 3149 187 29 9ALATEAS,

1179 3208 30 23 In
1232 3208 123 31 quantity
1378 3208 50 24 and
1448 3209 115 30 qualities
1582 3217 71 16 never
1672 3211 42 29 yet

1178 3246 87 32 placed
1276 3246 81 25 before
1370 3246 90 25 Oxford
1472 3246 103 32 buyers..
1581 3247 68 25 Such
1660 3249 53 29 pat-

1180 3286 75 28 terns,
1269 3284 60 25 such
1341 3284 104 29 colours,
1459 3284 62 25 such
1532 3286 118 28 textures,
1660 3286 54 25 that

1180 3331 47 17 one
1238 3323 125 31 naturally
1374 3323 58 25 aaks
1443 3324 55 25 how
1510 3323 59 33 they
1580 3332 43 17 are
1642 3324 72 25 made

1179 3365 38 24 for
1239 3364 43 25 the
1303 3365 75 30 price.
1421 3365 44 31 My
1488 3365 115 31 Glasgow
1625 3365 89 32 buyers

1179 3402 112 32 pounced
1309 3411 67 23 upon
1396 3411 15 16 a
1432 3403 52 25 line
1505 3403 68 25 fresh
1592 3403 63 26 from
1671 3404 43 25 the

1179 3441 86 30 looms,
1277 3441 73 24 made
1361 3441 122 24 excellent
1494 3442 75 24 terms
1589 3441 61 25 with
1671 3442 43 24 the

1178 3479 94 28 maker,
1282 3479 102 31 shipped
1395 3481 26 23 at
1432 3487 62 17 once
1505 3481 26 23 to
1540 3487 49 21 me,
1599 3479 50 25 and
1655 3479 59 25 here

1179 3518 58 33 they
1249 3526 49 22 are,
1312 3527 66 17 some
1390 3521 49 23 100
1450 3519 89 32 pieces,
1547 3519 49 25 and
1603 3519 14 25 I
1627 3520 87 25 intend

1179 3560 26 23 to
1216 3559 72 24 make
1300 3567 15 16 a
1326 3559 70 25 noise
1416 3559 77 26 about
1515 3559 86 30 them;
1615 3568 31 17 no
1666 3568 47 17 one

1180 3598 48 24 else
1239 3598 47 24 has
1298 3598 40 24 the
1349 3600 125 29 patterns;
1486 3606 35 18 no
1543 3607 47 17 one
1613 3599 51 25 else
1686 3599 28 25 m

1179 3636 43 24 the
1234 3636 70 24 trade
1314 3643 45 17 can
1372 3636 60 24 offer
1450 3637 62 24 such
1523 3639 80 24 value.

1206 3675 256 25 FLANNELETTE
1479 3678 28 23 2s
1526 3678 47 23 lid
1582 3678 78 24 dozen
1669 3678 46 32 yds

1180 3724 28 16 or
1218 3724 47 23 any
1276 3715 88 32 length
1375 3718 43 22 cut
1429 3718 27 22 at
1476 3717 33 23 3d
1526 3724 45 23 per
1590 3718 69 30 yard.
1693 3719 22 23 A

1180 3754 112 32 splendid
1308 3761 76 25 range
1401 3754 28 25 of
1442 3756 120 30 patterns.

1180 3897 224 26 PREVENTION
1421 3898 32 24 IS
1461 3898 147 25 JBETTER
1621 3899 93 26 THAN

1412 3938 104 25 CURE.

1180 4010 94 24 VTOW
1293 4010 54 24 that
1357 4010 45 24 the
1410 4010 134 25 Influenza
1555 4011 127 32 Epidemic
1693 4012 22 24 is

1181 4034 31 34 ll
1254 4043 76 25 about
1349 4044 41 23 the
1408 4044 181 32 neighbouring
1606 4045 109 24 districts

1180 4085 33 16 no
1225 4076 74 25 home
1310 4074 88 27 should
1410 4076 29 26 be
1450 4077 104 25 without
1565 4078 45 24 the
1628 4078 86 32 Platy-

1181 4118 46 22 pus
1232 4110 85 24 Brand
1329 4111 25 23 of
1366 4110 153 32 Eucalyptus
1529 4111 122 25 Globulus
1663 4111 51 25 Ex-

1181 4144 64 24 tract
1256 4145 27 23 to
1294 4142 30 26 be
1336 4142 75 26 taken
1423 4151 68 24 upon
1507 4151 80 25 tugar,
1609 4152 28 17 or
1653 4144 26 25 m
1699 4152 15 17 a

1180 4176 66 25 little
1256 4175 72 25 milk.
1363 4177 52 24 The
1425 4179 67 23 most
1505 4177 148 25 convenient
1665 4177 50 25 and

1180 4209 113 32 pleasant
1305 4217 52 24 way
1369 4214 27 21 to
1407 4210 57 25 take
1486 4210 155 32 Eucalyptus
1653 4210 22 26 is
1686 4210 28 26 m

1181 4243 32 24 be
1225 4243 118 31 Platypus
1355 4242 86 26 Brand
1460 4243 28 26 of
1505 4243 144 32 Euacyptuc
1669 4243 44 26 Ju-

1178 4275 82 32 jubes,
1271 4275 59 32 they
1341 4284 42 16 are
1389 4276 28 25 m
1427 4277 61 25 such
1497 4285 15 16 a
1519 4276 124 32 palatable
1650 4276 64 26 form

1180 4309 113 31 pleasant
1334 4310 27 23 to
1393 4311 70 27 taste,
1504 4309 131 31 antiseptic
1664 4310 50 24 and

1180 4341 140 24 stimulant.
1364 4341 116 33 Sprinkle
1502 4350 62 24 your
1589 4342 124 26 handker-

1180 4374 69 25 chief
1256 4374 50 24 and
1324 4382 84 17 rooms
1418 4375 60 25 with
1497 4376 43 25 the
1557 4375 42 25 oil.

1182 4427 26 26 BE
1218 4426 59 26 SURE
1284 4426 43 25 YOU
1336 4426 117 26 PURCHASE
1462 4427 45 25 THE
1517 4427 114 26 PLATYPUS
1639 4427 74 26 BRAND

1258 4471 31 26 R.
1301 4471 91 25 Parish
1403 4471 82 32 Agent
1496 4472 39 25 for
1546 4471 101 26 Oxford.

1170 4521 53 24 i.fi)3
1234 4516 37 25 Ni
1283 4516 13 23 9
1330 4514 175 31 Caihedralsq.
1529 4514 181 28 Christchurch

619 198 251 32 PAROCHIAL
893 200 195 31 DISTRICT
1102 200 52 31 OF

795 252 185 31 OXFORD.

620 334 54 24 The
692 333 100 25 Church
811 335 93 23 officers
926 334 28 24 of
979 334 51 24 thi3
1053 333 102 25 District

619 377 77 25 invite
719 377 33 24 all
786 377 96 25 Church
917 377 122 25 members
1071 377 27 23 to
1140 385 14 15 a

729 421 79 24 Social
832 423 26 22 to
881 421 29 24 be
942 420 55 24 held
1018 421 26 23 at

628 464 112 32 EAST
795 464 171 32 OXFORD
1022 463 120 31 TOWN

818 516 124 30 HALL.

863 576 33 15 on

618 611 178 31 MONDAY
818 610 194 31 EVENING
1036 609 114 31 NEXT

742 664 27 29 8.
803 673 28 28 [j.
863 673 39 19 m.
924 663 101 38 sharp.

658 704 63 30 Pur
722 714 72 29 jx>se
795 727 5 17 s
837 703 33 29 of
900 732 3 5 ,
917 702 110 30 Social.
1084 701 65 30 The

618 755 136 29 business
775 754 32 29 of
828 753 52 30 the
901 752 123 30 Aunual
1039 752 111 29 Easter

671 803 133 38 meeting
826 802 33 28 of
880 800 211 40 parishioners.

658 855 27 29 1.
717 852 44 30 To
775 853 117 30 receive
907 852 127 30 balance
1049 851 96 30 sheet.

656 906 28 30 2.
728 904 43 30 To
792 903 156 31 nominate
978 903 128 30 officers.

658 958 28 29 3.
730 957 45 29 To
816 956 82 30 form
945 954 80 31 local
1068 964 80 20 com-

615 1014 120 30 mitttes
757 1012 34 30 of
821 1012 150 30 members
1006 1012 33 29 of
1074 1011 73 30 each

618 1065 212 41 songregation
867 1067 33 26 to
935 1064 109 30 collect
1081 1064 67 29 sub-

615 1117 162 39 scriptions
819 1115 51 29 for
926 1114 122 30 Church
1095 1125 50 18 ex-

615 1175 118 30 penses.

747 1244 29 24 F.
796 1242 137 26 COMYNS
996 1242 12 35 1
1026 1254 121 25 Wardens

745 1277 30 24 B.
794 1276 189 25 YOLCKMAN
998 1278 6 30 )
1032 1265 115 14 >vaxutmb

648 1425 163 33 TfAIAPOI
863 1423 249 31 ELECTORATE.

648 1441 41 43 Ji
863 1454 35 27 Ah

723 1525 71 30 MR.
816 1525 39 29 D.
878 1524 157 30 BUDDO.

630 1587 3 20 I
680 1576 57 25 Will
750 1576 99 24 address
870 1575 44 24 the
936 1576 101 23 electors
1055 1576 26 23 at

630 1639 2 8 :
648 1625 118 26 Fernside
794 1624 167 30 Schoolroom,
983 1623 163 31 Wednesday,

614 1669 71 31 April
703 1668 52 25 Bth.

649 1711 157 27 Southbrook
842 1710 168 30 Schoolroom,
1048 1710 98 31 Friday,

613 1755 69 32 April
710 1754 69 29 10th,

647 1799 124 27 Carleton,
799 1797 132 31 Saturday,
958 1796 71 31 April
1046 1797 67 23 11th.

647 1841 70 26 West
726 1840 110 32 Eyreton
848 1839 171 30 Schoolroom,
1032 1838 115 32 Monday,

614 1885 68 32 April
705 1884 68 24 13th.

648 1927 125 26 Woodend
796 1926 151 26 Oddfellows
970 1926 69 29 Hall,
1074 1924 75 26 Wed-

615 1973 100 31 nesday,
746 1971 67 31 April
837 1970 70 25 15th.

682 2048 72 24 Each
767 2047 115 32 Evening
902 2049 26 22 at
942 2048 14 22 8
969 2046 113 25 O'Clock.

660 2231 167 25 BRUNNER
844 2230 132 25 RELIEF
1001 2229 104 25 FUND.

761 2297 27 31 A
808 2297 132 31 Lecture
966 2307 40 19 on

744 2349 281 45 LONDON

673 2417 65 41 yrill
773 2418 38 30 be
844 2418 93 37 given
972 2416 34 30 m
1043 2416 53 30 the

620 2467 78 40 EAST
742 2467 124 38 OXFORD
909 2466 95 39 TOWN
1058 2464 92 40 HALL

617 2529 40 20 on
672 2517 104 31 behalf
794 2517 34 29 of
838 2517 53 29 the
906 2516 98 29 above
1018 2514 78 31 fuiiti
1110 2525 40 20 on

653 2568 235 33 THUESDAY
917 2567 199 37 EVENING,

780 2619 132 32 APRIL
936 2618 49 33 16.

822 2663 42 39 by
892 2662 53 29 the

646 2709 96 49 REV
778 2706 346 75 T^WAGSTAFF

796 2808 177 22 PRESIDENT

661 2850 65 30 The
740 2850 80 30 Rev.
842 2849 36 30 R.
911 2848 34 30 F.
968 2847 141 31 Garbett.

803 2903 159 23 CONTENTS

619 2937 175 31 LONDON
809 2937 123 30 ancient
943 2936 61 30 and
1013 2936 137 37 modern,

618 2980 86 40 High
708 2989 98 29 -ways
864 2978 61 30 and
994 2978 156 40 By-ways,

620 3022 95 29 River
738 3020 139 31 Thames,
900 3018 168 31 Woolwich
1088 3018 64 30 Ar-

620 3062 91 31 senal.
735 3062 128 29 London
884 3061 123 39 Bridge,
1031 3060 121 31 Green-

620 3104 78 30 wich
713 3102 153 40 Hospital,,
892 3101 137 39 Charing
1050 3100 100 38 Cross,

620 3145 68 30 Size
707 3144 61 29 and
776 3142 179 42 population
971 3142 34 30 of
1009 3142 138 35 London,

620 3187 173 28 Erroneous
825 3185 123 29 notions
976 3184 175 39 respecting

623 3227 125 30 London
766 3226 59 29 and
837 3225 189 35 Londoners,
1042 3224 110 31 Public

620 3268 108 35 Parks,
745 3267 136 35 Palaces,
905 3267 100 29 Horse
1020 3265 131 36 Guards,

620 3308 108 31 Easter
743 3308 159 39 Holidays,
928 3306 224 32 Westminister

619 3352 121 35 Abbey,
764 3350 63 30 The
854 3349 96 31 Stone
965 3349 34 30 of
1009 3348 142 41 Destiny,

620 3392 184 30 Parliament
853 3391 115 38 House,
1020 3390 129 30 Thames

618 3433 239 37 Embankment,
902 3432 64 30 The
994 3432 158 39 Egyptian

620 3474 131 38 Obelisk,
770 3474 111 30 Public
895 3472 174 39 Buildings,
1088 3472 64 30 The

618 3516 52 29 old
716 3514 73 40 lady
834 3514 33 31 of
920 3514 232 33 .Threadneedle

618 3559 104 33 street,
758 3556 53 30 the
846 3555 126 31 Banker
1003 3554 61 30 and
1098 3554 54 31 the
1158 3584 2 8 ;

618 3598 146 37 Butcher,
796 3598 30 29 A
855 3596 131 29 London
1016 3596 135 39 Sharper

618 3639 61 30 and
693 3648 19 20 a
731 3637 169 31 Yorkshire
928 3638 71 29 Bite
1015 3636 64 36 &c,
1096 3638 53 28 &c.

620 3718 135 25 Selections
766 3718 26 24 of
803 3718 77 25 music
891 3718 33 32 by
936 3718 42 24 the
990 3718 64 24 East
1062 3717 91 25 Oxford

618 3752 99 32 Baptist
741 3751 85 25 Choir.
872 3752 37 24 To
928 3759 142 17 commence
1093 3752 26 23 at
1138 3759 21 28 a^

618 3789 99 28 quarter
728 3784 80 25 before
833 3786 22 23 8.
869 3792 24 24 p,
918 3792 32 16 m.
985 3784 78 24 Front
1087 3780 72 28 seats'

718 3820 37 23 Is.
773 3818 61 24 back
851 3821 64 21 seats
934 3818 32 23 6d
983 3817 68 24 each.
1156 3819 3 10 '

753 4017 263 47 NOTICE.

638 4096 118 32 VIEW
777 4095 102 31 HILL
897 4095 140 30 SHEEP
1060 4095 73 31 DIP

785 4141 206 32 COMPANY

624 4240 110 25 TT7ILL
752 4240 151 26 Commence
921 4240 102 32 dipping
1053 4239 54 25 first
1128 4239 28 25 of

633 4276 11 23 T
649 4266 15 33 V
692 4273 121 26 MARCH
825 4283 32 23 up
869 4276 26 23 to
907 4274 42 25 the
956 4274 55 24 first
1034 4273 27 26 of
1070 4272 82 28 MAY,

621 4313 39 24 Id.
689 4314 69 24 each.
820 4314 118 25 Brooke's
969 4314 95 24 Perfect
1102 4312 50 32 Dip

618 4353 68 24 used.
1028 4361 11 11 ■*

652 4396 41 25 All
710 4396 73 31 sheep
799 4397 90 32 dipped
907 4397 62 24 after
987 4398 40 24 the
1046 4396 70 25 30th.
1129 4395 27 25 of

620 4434 69 32 April
707 4434 50 25 will
776 4436 27 24 be
820 4436 105 31 charged
945 4434 56 31 l£d.

849 4473 129 31 Manager.

905 4514 36 23 W.
959 4513 125 26 DUDER.
1149 4521 13 25 o

89 187 503 32 WAIMAKARIBI-AEHLEY

55 238 152 33 WATER
216 238 162 31 SUPPLY
390 234 199 37 DISTPvICT

112 318 141 26 SPECIAL
271 318 90 25 LOAN
388 319 44 24 OF
461 319 79 24 £500.

59 362 161 27 COOPER'S
228 361 116 25 CREEK
354 360 236 27 SUB-DIVISION

60 407 137 58 Pursuant
221 407 25 23 to
272 405 43 25 the
326 405 137 32 provisions
484 405 26 25 of
522 406 69 25 '-The

112 438 115 26 Counties
252 438 46 25 Act
311 440 72 28 1886,
408 439 46 24 and
477 439 42 24 the
533 439 57 25 Acts

59 473 134 31 amending
212 471 41 25 the
266 480 77 20 same,
362 472 49 24 and
508 473 83 24 Water

58 508 94 30 Supply
176 508 54 25 Act,
387 506 49 24 and
461 506 43 24 the
531 507 59 24 Acts

56 539 134 31 amending
214 540 40 23 the
277 546 76 23 same,
385 539 49 24 and
454 539 34 25 all
517 540 71 24 other

58 581 94 24 powers
163 573 25 24 m
213 572 55 25 that
291 572 86 25 behalf
397 574 130 24 thereunto
546 581 41 17 en-

60 607 84 31 abling
166 607 76 24 them:
244 620 33 3 —

94 645 128 27 NOTICE
246 645 21 25 is
286 644 88 32 hereby
397 645 72 32 given
498 645 56 25 that
571 647 19 24 it

60 681 20 24 is
93 681 40 24 the
151 680 119 24 intention
295 679 26 24 of
340 679 39 24 the
405 678 183 25 Waimakariri-

60 714 92 30 Ashley
166 713 82 23 Water
265 712 91 30 Supply
382 711 83 24 Board
488 717 26 19 to
525 713 63 23 raise

59 754 16 17 a
87 745 89 31 special
188 746 70 23 Loan
268 751 33 17 on
314 744 42 24 the
368 744 105 31 security
490 745 48 23 and
550 744 38 25 for

60 779 43 25 the
123 778 64 24 work
207 776 143 26 mentioned
369 776 85 25 below.

61 824 22 22 1.
118 821 52 24 The
181 820 133 32 particular
333 819 68 25 work
423 821 119 30 proposed
562 822 26 23 to

60 856 30 24 be
102 853 150 25 undertaken
263 854 21 23 is
305 853 41 24 the
367 852 220 25 COMPLETION

61 889 27 24 of
98 889 40 22 the
150 891 91 27 system
265 886 26 25 of
300 886 83 24 Water
407 886 93 31 Supply
522 887 65 24 from

60 922 114 30 Cooper's
187 919 76 26 Creek
285 919 38 25 for
345 919 43 25 the
409 920 89 24 service
510 920 26 25 of
545 920 43 24 the

60 954 85 25 Lands
156 953 86 24 within
254 953 43 24 the
309 952 116 32 Cooper's
443 953 77 25 CreeK
532 953 55 24 sub-

60 988 104 24 division
175 987 27 24 of
218 987 42 23 the
279 986 110 24 District.

60 1029 24 23 2.
120 1027 51 24 The
184 1034 55 17 sum
260 1033 102 25 propose
385 1032 24 19 to
421 1026 30 25 be
463 1026 125 25 borrowed

58 1062 38 23 for
108 1061 61 23 such
190 1068 103 23 purpose
305 1061 21 23 is
345 1060 79 24 £500.

59 1106 24 22 3.
119 1104 24 23 It
155 1104 21 23 is
199 1103 119 31 proposed
341 1104 25 23 to
385 1103 86 31 pledge
489 1110 28 17 as
537 1110 48 17 sec-

61 1137 64 30 urity
149 1137 38 23 for
198 1138 58 22 such
280 1136 79 24 Loan.

92 1179 45 22 Ist.
178 1176 53 24 The
251 1178 75 26 rents,
347 1177 66 23 rate
417 1177 12 23 3
432 1174 46 25 and
485 1192 3 3 •
499 1174 88 32 profits

58 1209 99 25 derived
169 1209 63 24 from
244 1208 42 25 the
298 1209 59 28 sale,
370 1209 88 30 letting
470 1208 50 24 and
531 1216 57 16 user

56 1244 28 24 of
104 1245 75 21 water
209 1242 111 31 supplied
348 1241 32 32 by
410 1241 41 24 the
473 1241 113 31 Cooper's

59 1276 77 25 Creek
181 1277 91 28 system
317 1275 27 24 of
387 1280 73 19 water
489 1275 96 31 supply,

59 1310 62 24 after
159 1308 127 31 providing
331 1309 37 23 for
409 1309 176 26 maintenance,

58 1342 99 31 repairs,
181 1344 53 22 cost
253 1342 26 23 of
299 1340 128 31 collecting
449 1341 47 23 and
520 1341 67 23 other

60 1383 127 23 necessary
199 1374 109 32 working
320 1374 133 30 Expenses.

58 1409 61 23 2nd.
153 1409 21 23 A
194 1407 95 31 Special
310 1407 96 24 Annual
426 1406 70 28 Rate,
519 1406 22 24 if
549 1414 36 16 re-

59 1441 91 32 quired,
164 1441 37 24 ioc
213 1443 42 21 tlie
274 1447 104 24 purpose
398 1440 26 23 of
435 1439 101 31 making
553 1447 32 23 up

59 1482 49 24 any
127 1473 131 32 deficiency
277 1473 27 25 of
321 1480 46 18 one
385 1472 110 32 farthing
506 1472 24 24 m
543 1473 43 24 the

61 1508 89 31 pound,
183 1515 31 16 on
233 1508 43 23 the
294 1505 105 26 rateable
419 1506 70 24 value
510 1505 26 25 of
554 1505 31 24 all

61 1541 70 23 lands
144 1540 86 24 within
247 1540 43 23 the
310 1540 111 29 Cooper's
441 1538 77 24 Creek
529 1538 56 24 sub-

60 1573 104 24 divisioa
182 1573 26 23 of
222 1573 43 24 the
274 1571 112 28 District,
405 1571 131 24 benefitled
554 1571 31 31 by

60 1607 61 24 such
140 1606 73 28 work,
249 1604 130 26 estimated
397 1606 26 22 at
445 1612 15 16 a
478 1604 107 24 rateable

60 1639 71 26 value
152 1639 26 24 of
198 1639 118 26 £44,000.

94 1672 63 28 And,

59 1705 124 24 NOTICE
196 1705 20 23 is
228 1703 91 32 hereby
341 1703 95 24 further
447 1703 72 32 given
530 1703 55 24 that

60 1747 15 16 a
101 1739 106 30 meeting
225 1738 27 24 of
267 1738 41 23 the
328 1737 150 31 Ratepayers
498 1736 26 24 of
545 1737 40 23 the

59 1773 111 29 Cooper's
200 1771 76 24 Creek
303 1770 161 24 sub-division
490 1769 27 25 of
543 1769 42 25 the

58 1804 80 24 Wain;
141 1803 99 25 akariri-
242 1802 92 32 Ashley
376 1802 85 24 Water
491 1801 94 32 Supply

57 1837 112 26 District,
181 1835 50 25 will
242 1837 28 22 be
287 1835 60 24 held
357 1841 34 17 on
401 1834 129 31 Thursday
543 1835 42 23 the

57 1870 53 24 7th.
124 1870 45 30 day
181 1870 26 23 of
218 1868 59 32 May
301 1869 62 24 1896
383 1869 26 22 at
420 1867 41 24 tbe
479 1868 62 23 hour
557 1868 30 23 of

56 1904 16 23 8
84 1912 23 22 p.
120 1910 33 16 m.
166 1904 26 22 at
210 1901 43 25 the
272 1900 75 26 Office
357 1900 26 24 of
401 1900 43 24 the
463 1900 83 24 Board
557 1901 27 23 at

59 1935 98 29 Oxford,
170 1935 37 24 for
223 1935 41 24 the
275 1941 104 24 purpose
390 1933 27 24 of
433 1933 153 31 considering

56 1969 43 24 the
112 1968 52 24 said
176 1967 120 32 proposal.

89 2008 80 25 Dated
181 2008 50 24 this
244 2007 61 25 20th
317 2007 47 32 day
376 2006 26 24 of
412 2006 86 24 March
501 2025 7 7 w
512 2007 73 24 1896.

62 2056 10 18 /
222 2048 88 24 JOHN
338 2034 215 38 6'HALLORAN

52 2092 6 29 /
253 2091 133 24 Chairman
398 2089 27 26 of
436 2090 40 24 the
494 2089 91 26 Board.
594 2112 2 5 .

122 2135 32 26 G.
183 2134 177 26 JOHNSTON
378 2133 176 30 WEBSTER,

221 2178 127 28 Secretary
376 2180 26 22 to
429 2178 43 24 the
498 2177 89 25 Board.

519 2217 24 24 6.

56 2339 375 26 W^DLiKRIRI-^SHuEY
461 2338 126 24 W^TER

157 2383 131 25 SUPPLY
319 2382 169 32 DISTRICT,

91 2449 160 25 COOPER'S
281 2448 114 26 CREEK
433 2448 124 25 WAITER

285 2486 138 26 SUPPLY.

56 2553 171 25 mENDERS
245 2562 40 16 ar?
301 2552 95 26 invited
419 2552 39 25 for
479 2552 43 26 the
544 2552 44 24 fol-

60 2590 22 21 _L
104 2587 91 31 lowing
218 2587 89 24 works.
309 2602 33 2 —

58 2627 273 25 rtONSTRUCTION
343 2626 26 25 of
376 2626 75 25 about
461 2627 32 24 39
505 2626 83 25 chains

59 2661 61 25 \Jof
140 2662 76 22 water
239 2662 104 22 channel
392 2660 63 24 from
480 2660 110 31 Railway

55 2694 118 30 Crossing
184 2696 25 22 to
222 2693 99 31 Paget's
334 2693 98 28 Corner,
445 2693 74 31 being
533 2693 55 24 sub-

54 2727 105 23 division
174 2729 15 22 6
202 2727 26 23 of
246 2726 115 24 Contract
373 2726 48 24 No.
433 2727 24 22 4.

89 2774 77 24 Plans
178 2773 49 24 and
239 2772 177 32 specifications
431 2780 46 16 can
489 2771 30 25 be
532 2780 57 16 seen

55 2809 26 21 at
93 2806 43 24 the
148 2806 75 24 Office
240 2806 27 24 of
281 2808 41 22 the
340 2805 82 25 Board
440 2808 25 21 at
484 2805 19 24 0
510 2805 78 29 xford,
595 2825 2 4 .

53 2841 79 24 whdre
150 2840 97 24 tenders
265 2840 130 24 addressed
406 2842 26 21 to
444 2839 43 24 the
500 2839 52 24 Cha
559 2839 31 23 ir-

54 2881 65 21 man,
143 2874 51 24 will
213 2876 27 22 be
258 2872 108 26 received
383 2876 44 21 not
445 2872 63 25 later
526 2872 61 25 than

59 2909 30 22 10
107 2915 47 16 am.
167 2914 33 17 on
211 2907 138 30 Thursday,
369 2906 72 31 April
454 2907 30 23 16
517 2907 70 24 1896.

89 2947 52 24 The
171 2947 86 24 lowest
289 2954 28 17 or
346 2954 48 24 any
423 2945 97 25 Tender
546 2949 42 21 net

56 2980 147 31 necessarily
221 2980 122 30 accepted.

153 3020 32 25 G.
203 3020 179 25 JOHNSTON
402 3019 176 30 WEBSTER,

252 3064 127 32 Engineer
396 3065 25 23 to
439 3063 42 25 the
498 3063 90 25 Board.

115 3100 12 36 /

83 3225 172 30 OXFORD
278 3225 114 31 ROAD
413 3225 156 32 BOAED.

157 3316 110 26 ROADS
326 3316 162 26 STOPPED.

60 3392 142 30 ■VfOTICE
237 3393 21 24 is
298 3392 89 32 hereby
427 3393 73 31 given
517 3388 3 4 '
538 3396 54 23 that

61 3418 32 32 .Li
135 3426 78 24 under
224 3434 92 22 powers
329 3426 125 25 conferred
467 3427 29 30 by
509 3429 82 23 clau3e

63 3459 47 23 123
122 3459 25 22 of
159 3460 42 22 the
337 3459 90 24 Works
450 3460 47 25 Act

62 3491 43 24 the
117 3491 90 24 Oxford
219 3492 69 23 Road
304 3492 81 24 Board
396 3492 90 32 hereby
496 3493 94 25 declare

63 3523 42 24 the
118 3523 70 25 Road
206 3524 110 31 running
327 3525 110 24 between
451 3526 66 24 rural
540 3534 49 17 sec-
595 3528 1 3 '

59 3557 67 23 tions
149 3558 80 24 27755
263 3557 49 23 and
347 3558 81 25 27756
463 3561 61 22 from
547 3559 43 25 the

61 3589 78 24 North
163 3590 69 23 West
254 3598 86 16 corner
359 3591 27 22 of
408 3592 65 23 rural
498 3592 90 24 section

60 3622 80 24 27756
164 3624 25 22 to
206 3629 15 17 a
242 3623 70 30 point
336 3623 64 24 1262
422 3623 64 25 links
511 3624 80 25 South

63 3655 67 24 West
153 3655 27 24 of
199 3657 43 22 the
272 3656 78 24 North
373 3656 62 24 East
458 3664 86 17 corner
566 3658 27 24 of

60 3688 69 24 rural
162 3688 92 24 section
285 3689 81 25 27755
399 3690 108 30 stopped,
542 3691 48 23 and

61 3721 64 25 shall
137 3721 121 25 hereafter
278 3730 68 17 cease
369 3723 25 23 to
417 3721 30 25 be
468 3730 15 16 a
505 3723 85 25 Public

63 3755 71 31 High
167 3755 71 31 Way.

94 3789 59 24 Also
174 3789 77 24 under
258 3789 43 24 the
313 3788 75 25 above
400 3788 88 25 Clause
500 3789 26 25 of
547 3790 49 25 the:

59 3822 54 24 said
131 3822 87 24 Public
237 3822 88 25 Works
345 3822 54 30 Act,
428 3823 42 24 the
498 3824 92 24 Oxford

60 3854 71 24 Road
159 3855 81 24 Board
286 3855 87 31 hereby
418 3855 96 25 declare
547 3857 43 24 the

62 3887 68 25 Road
142 3889 107 31 running
266 3888 108 32 through
394 3888 78 25 Rural
493 3890 95 24 Section

61 3921 80 25 26238
176 3921 62 25 from
267 3921 45 26 .the
334 3922 122 25 Southern
481 3922 107 32 bundary
595 3925 2 19 !

58 3954 28 23 of
118 3955 80 23 26115
232 3956 26 23 to
265 3963 2 6 r
293 3955 87 24 within
405 3963 44 16 one
472 3955 72 24 chain
564 3957 25 23 of

59 3986 42 23 the
131 3986 104 25 Eastern
269 3987 126 30 boundary
428 3987 26 24 of
485 3987 111 25 Reserve.

61 4020 64 23 1134
150 4020 113 31 Stopped,
293 4020 49 24 and
371 4020 63 24 shall
462 4020 122 26 hereafter

59 4059 67 18 cease
138 4054 25 24 to
181 4052 30 26 be
222 4062 13 15 a
256 4053 89 25 Public
364 4052 70 32 High
452 4053 70 32 Way.

221 4103 141 25 THOMAS
397 4102 125 31 HARLE,

158 4135 133 26 Chairman
312 4135 92 25 Oxford
416 4135 70 25 Road
498 4137 89 25 Board.

58 4178 82 25 Dated
173 4180 69 32 April
254 4181 47 24 Ist.
338 4180 71 24 1896.

90 4305 237 46 CANCER
358 4307 204 45 CURED

239 4379 148 23 WITHOUT

59 4410 28 29 A
110 4408 207 33 SURGICAL
347 4412 240 33 OPERATION

93 4459 50 23 For
153 4458 100 31 further
265 4461 149 29 particulars
430 4463 73 30 apply
519 4467 23 20 to
555 4462 36 25 the

111 4501 121 25 OFFICE
251 4501 43 25 OF
317 4501 82 25 THIS
416 4503 120 23 PAPER.
