3442 4507
110 176 181 30 POLITICAL
309 178 57 25 TIT
390 177 85 25 BITS.

64 280 2 3 .
95 259 152 32 (Published
256 265 33 16 by
300 257 197 32 arrangement.)

63 314 113 29 Noticing:
196 314 44 24 the
252 313 89 25 tactics
354 312 26 25 of
399 313 41 24 the
452 312 113 25 National

29 354 174 26 Conservative
223 353 163 30 Association,
406 354 41 24 the
471 354 91 24 Nelson

23 395 59 25 Strr
112 401 54 23 siys
185 392 140 25 '.—"These
345 392 135 32 plutocrats
504 392 62 25 have

27 446 35 17 no
78 438 146 25 connection
244 437 60 25 with
315 438 43 24 the
369 437 94 32 people.
499 438 67 31 They

28 489 62 22 W^ere
102 483 44 23 not
157 481 132 32 instigated
312 481 29 30 by
353 488 49 23 any
422 481 143 31 expression

25 521 30 25 of
65 521 80 32 public
168 520 100 32 opinion
280 522 26 23 to
324 519 76 32 adopt
421 519 44 25 the
482 519 84 26 action

131 562 61 30 they;
210 561 64 24 have
293 560 82 25 taken.
410 560 37 24 No
472 561 92 24 section

28 600 31 25 of
77 601 40 24 the
139 600 87 31 people
237 598 129 33 requested
388 598 66 25 them
468 600 25 23 to
513 598 53 26 hire

31 639 94 31 special
147 639 94 23 writers
262 639 26 23 to
309 638 98 24 deFame
428 636 134 24 Ministers.

31 676 34 25 In
76 677 42 24 the
131 676 98 25 articles
241 674 133 27 circulated
397 674 59 31 they
478 674 32 24 do
522 676 44 22 not

32 717 63 26 offer
106 724 49 24 any
176 716 155 32 suggestions
342 715 38 24 for
402 714 45 25 the
468 712 65 33 good
543 707 27 23 °f

33 754 44 26 the
99 754 94 33 people.
228 754 38 25 No
279 751 191 33 counter-policy
492 751 22 25 is
525 750 37 25 ad-

32 794 97 30 vanced
145 793 80 25 which
247 791 80 26 would
350 791 55 32 give
416 798 69 17 more
496 789 70 26 satis-

33 834 95 32 factory
137 833 86 26 results
234 832 61 26 than
305 832 40 25 the
357 830 104 26 arduous
470 830 97 25 labour*

35 873 29 26 of
84 873 71 26 those
178 874 26 23 at
225 877 97 26 present
345 872 27 23 at
393 870 44 24 the
457 869 63 24 head
542 869 26 23 of

17 925 5 6 '
33 912 93 25 affairs.
160 911 53 26 The
231 909 96 26 articles
340 909 97 25 contain
459 907 108 32 nothing

34 951 47 25 but
91 952 48 24 low
151 949 137 32 suspicious
299 948 50 25 and
367 946 133 26 scurrilous
510 953 55 24 per-

35 991 73 24 aonal
118 989 82 29 abuse,
219 987 49 25 and
286 986 92 25 behind
389 986 49 24 this
449 984 72 25 cloud
543 984 28 24 of

34 1027 152 26 defamation
207 1026 69 24 larks
298 1032 15 17 a
336 1024 80 31 clique
444 1022 27 25 of
496 1022 71 24 office

34 1068 105 27 seekers*
176 1066 103 26 anxious
310 1066 26 24 to
358 1062 148 33 manipulate
526 1062 41 24 the

35 1107 84 25 affairs
136 1107 27 24 of
181 1106 42 24 the
242 1106 113 30 country'
366 1104 38 24 for
426 1102 65 24 their
512 1108 55 18 own

400 1172 4 3 _
430 1158 2 2 ■
468 1168 11 5 ...

69 1185 55 25 The
147 1184 58 25 Hon
228 1182 68 26 John
318 1180 137 29 M'Eenzie,
481 1180 28 24 m
528 1178 39 25 his

34 1225 101 25 address
147 1226 25 23 at
196 1222 128 28 Gisborne,
348 1227 51 18 was
421 1219 101 32 graphic
541 1219 25 24 m

34 1264 41 24 Ins
98 1262 147 31 description
256 1260 27 26 of
301 1260 42 23 the
361 1257 119 26 National
503 1256 63 25 Con-

35 1301 119 24 serrative
177 1297 161 27 Association.
384 1295 40 25 He
447 1295 55 25 said
524 1294 43 25 the

37 1341 80 26 whole
128 1339 79 33 object
219 1339 26 24 of
260 1338 50 25 this
322 1335 145 26 association
480 1342 50 18 was
541 1336 26 22 to

35 1384 43 28 get
90 1377 62 26 back
175 1378 53 23 into
250 1376 42 25 the
314 1374 80 25 hands
416 1374 26 24 of
462 1373 44 25 the
527 1372 40 25 old

37 1416 174 26 Conservative
223 1414 76 31 Party
311 1413 42 25 the
371 1410 196 26 administration

35 1456 28 25 of
75 1456 43 24 the
130 1454 95 31 aolony.
251 1452 25 24 If
284 1450 87 33 people
383 1457 63 17 were
457 1448 110 25 desirous

37 1494 28 23 of
81 1492 83 32 seeing
186 1491 43 25 the
251 1490 159 32 government
431 1487 62 25 back
513 1486 54 25 into

36 1532 43 24 the
91 1530 81 25 hands
184 1529 27 25 of
228 1528 42 26 the
292 1525 173 31 Conservative
482 1524 84 31 Party,

37 1569 59 32 they
108 1568 78 24 would
209 1569 101 29 support
321 1565 41 24 the
385 1562 116 26 National
522 1561 45 25 As-

36 1608 128 26 sociation.
199 1606 80 25 Those
290 1601 117 29 National
416 1601 151 27 Association

37 1647 82 32 people
131 1654 63 16 were
205 1644 105 31 nothing
331 1649 66 18 more
408 1648 28 18 or
447 1640 47 25 less
505 1639 62 25 than

35 1687 87 25 Tories
132 1685 26 26 iv
178 1684 116 31 disguise.
327 1681 70 32 They
412 1687 63 19 were
487 1678 79 26 afraid

37 1731 27 19 to
75 1725 49 25 call
143 1722 144 26 themselves
309 1719 95 26 Tories;
437 1717 68 32 They
517 1716 51 25 had

37 1772 16 17 a
65 1762 97 34 general
179 1760 79 33 policy
275 1758 80 26 which
366 1763 119 26 everyone
496 1753 73 28 could

36 1809 72 26 agree
119 1805 26 21 to
155 1801 28 23 m
193 1797 157 32 twenty-four
359 1797 81 27 hours,
453 1793 48 26 and
508 1793 60 25 then

37 1843 61 30 they
108 1840 83 26 varied
202 1838 66 26 their
289 1836 78 33 policy
384 1835 28 25 m
423 1833 146 26 accordance

37 1885 61 25 with
120 1884 44 25 the
185 1882 177 32 requirements
384 1878 28 26 of
431 1886 15 16 a
463 1876 104 27 district.

37 1925 33 25 In
82 1932 15 17 a
108 1923 96 25 district
215 1922 78 24 where
315 1918 118 26 freetrade
444 1924 47 17 was
508 1924 59 24 pop-

36 1963 65 28 ular,
124 1960 119 26 freetrade
264 1965 50 19 was
332 1957 44 24 the
398 1955 120 33 pblicy^f
526 1953 42 25 the

36 2000 120 28 National
184 1997 161 27 Association.
400 1995 32 26 In
451 1993 116 26 .districts

35 2047 83 21 where
137 2040 70 26 there
228 2045 64 19 were
314 2035 101 26 woollen
433 2033 65 25 mills
517 2033 50 25 and

35 2081 73 28 oth.er
130 2077 143 27 industries,
303 2075 43 26 the
368 2072 119 27 National
498 2075 8 40 j
509 2072 58 24 Ass-

35 2120 109 25 ociation
166 2125 50 17 was
235 2117 38 24 for
290 2113 145 34 protection,
469 2111 50 25 and
540 2111 27 25 m

33 2160 112 26 <Jistricts
167 2156 80 27 where
270 2155 69 26 there
357 2161 53 18 was
430 2154 76 23 much
528 2159 39 17 co-

34 2199 124 33 operative
169 2197 86 26 labour
266 2196 21 25 it
309 2193 114 27 declared
444 2193 26 24 m
481 2193 87 24 favour

35 2242 28 23 of
80 2249 29 17 co
121 2238 133 33 operation.
288 2236 26 25 It
325 2243 49 16 was
397 2233 63 25 hard
477 2236 26 22 to
515 2232 53 24 find

35 2282 45 22 out
92 2278 66 26 what
179 2276 58 32 they
248 2281 63 20 were
327 2273 77 32 really
426 2274 35 22 at.
496 2271 75 28 Their,

35 2318 52 25 sole
99 2316 79 32 object
189 2322 51 18 was
251 2315 27 24 to
289 2314 42 30 get
341 2313 55 23 into
412 2318 89 28 power.
528 2336 5 5 ,
567 2326 3 4 ■

70 2357 52 24 The
134 2351 178 32 Marlbqrough
334 2356 108 25 express,
454 2348 82 26 which
546 2347 21 25 is

33 2395 34 31 by
93 2402 31 15 no
135 2398 86 19 means
232 2393 4 7 '
243 2390 105 31 friendly
359 2391 27 21 to
404 2386 43 26 the
470 2384 97 32 Seddpn

37 2431 179 26 Government,
244 2435 107 24 says:—
351 2425 26 25 lf
397 2425 43 25 the
462 2423 105 32 Captaiu

35 2471 51 25 and
98 2470 40 24 his
160 2468 123 24 followers
289 2472 61 18 -can
373 2463 73 31 bring
456 2470 33 17 no
499 2469 68 17 more

33 2511 92 25 honest
138 2508 51 26 and
200 2505 106 28 truthful
317 2504 90 32 charge
418 2503 99 31 against
527 2501 40 25 Mr

35 2544 100 32 SeMo'n
146 2547 51 26 and
218 2546 41 24 his
271 2544 140 31 colleagues
432 2542 64 25 than
516 2540 51 25 this

30 2589 57 32 silly
115 2584 165 33 oft-repeated
306 2582 51 25 and
385 2581 99 32 equally
520 2579 44 25 oft-

33 2625 98 27 refuted
148 2633 41 23 cry
212 2624 27 25 of
259 2622 96 32 driving
377 2627 69 25 away
468 2618 98 33 capital,

33 2668 63 24 then
108 2666 58 31 they
183 2664 50 25 and
244 2665 31 23 he
285 2670 42 16 are
338 2661 31 31 by
381 2666 33 19 no
425 2666 88 18 means
524 2658 43 25 the

33 2706 56 25 best
100 2712 60 18 men
171 2706 26 22 to
216 2702 70 32 place
296 2699 32 26 iri
335 2699 70 26 office
416 2697 50 25 and
477 2704 89 25 power.

33 2747 82 25 There
127 2752 42 17 are
185 2743 83 33 pknty
292 2741 27 24 of
336 2739 83 34 points
430 2746 33 16 on
486 2736 81 26 which

31 2786 44 24 the
98 2785 100 31 present
232 2778 199 27 administration
456 2783 57 24 may
536 2775 30 24 be

33 2816 132 32 truthfully
186 2814 49 26 and
255 2812 113 33 properly
387 2809 114 31 assailed,
524 2808 43 24 but

30 2856 52 26 this
95 2863 42 22 cry
149 2854 27 25 of
287 2851 65 26 Poor
371 2847 106 33 Capital'
489 2848 77 23 won't

31 2895 59 24 bear
101 2890 180 27 examination.
305 2888 85 24 Better
400 2893 33 18 no
442 2885 122 27 criticism,

31 2943 35 16 no
78 2932 140 33 opposition
238 2932 27 24 at
284 2929 43 30 all,
350 2927 61 25 than
423 2934 15 17 a
449 2925 117 25 criticism

30 2975 53 25 and
105 2981 32 17 an
159 2971 138 33 opposition
316 2967 82 27 which
426 2974 42 17 are
492 2965 74 26 based

31 3021 68 24 upon
123 3011 112 33 palpable
272 3005 241 33 misrepresentation
541 3004 27 24 of

33 3052 160 26 well-known
219 3049 71 25 facts.
345 3045 87 33 Surely
460 3043 105 32 Captain

31 3090 103 27 Russell
146 3096 46 18 can
202 3094 75 19 never
287 3085 58 26 read
357 3084 42 26 the
410 3090 95 25 papers,
528 3089 36 22 or,

32 3132 22 25 if
58 3129 43 27 'he
113 3131 67 27 does,
203 3127 72 26 reads
297 3126 68 26 them
376 3124 59 32 only
457 3122 109 32 through

31 3173 42 24 his
95 3179 55 18 own
171 3167 147 27 blue-tinted
340 3166 100 32 glasses.
476 3164 88 24 Other-

31 3210 67 30 wise,
114 3209 32 24 he
158 3207 81 26 would
261 3206 63 25 have
345 3212 57 18 seen
421 3202 89 26 within
521 3201 44 24 the

31 3251 51 24 last
92 3245 182 39 weefeir^two
286 3244 54 24 that
363 3241 95 25 British
471 3240 92 32 capital

33 3289 23 25 is
69 3287 86 33 simply
166 3270 170 49 pcilmgirinto
359 3283 41 25 the
412 3284 103 29 country
527 3280 38 26 for

33 3327 45 26 the
89 3328 96 22 further
195 3323 168 30 development
374 3321 26 24 of
414 3328 44 16 our
468 3319 97 31 mining

33 3367 124 29 industry,
175 3363 50 25 and
246 3370 27 17 as
296 3364 26 24 to
343 3362 42 24 the
396 3361 133 31 cheapness
540 3360 27 23 of

33 3411 98 24 money,
156 3404 41 23 the
208 3402 50 24 fact
269 3400 55 25 that
346 3399 44 25 the
412 3398 78 25 banks
501 3398 63 24 have

33 3444 50 24 had
107 3446 26 22 to
155 3442 87 25 reduce
269 3440 43 25 the
333 3442 52 22 rate
408 3432 39 35 off
459 3438 105 25 interest

33 3489 87 24 proves
132 3481 55 24 that
198 3486 89 24 money
303 3479 30 23 is.
337 3477 128 31 becoming
476 3484 15 16 a
503 3476 61 31 drug

36 3523 25 23 m
75 3523 42 23 the
132 3519 105 26 market.

138 3594 1 1 .
147 3586 14 14 #
196 3591 2 1 ■
240 3584 14 14 *
339 3581 15 15 *
395 3592 4 7 
433 3581 13 14 *

65 3633 80 24 Three
162 3630 113 24 hundred
301 3635 101 25 persons
426 3635 54 16 own
505 3629 57 22 two-

31 3671 81 26 thirds
124 3670 26 24 of
160 3667 126 29 Scotland,
310 3666 49 25 and
371 3666 115 24 nineteen
498 3665 62 24 hun-

30 3712 61 25 dred
118 3717 101 25 persons
239 3715 55 18 own
317 3706 140 30 twp-thirds
477 3706 25 24 of
520 3705 42 25 the

29 3751 81 24 ■whole
122 3748 94 25 surface
228 3747 26 24 of
275 3745 108 26 Ireland.
418 3744 61 25 This
491 3743 71 25 looks

31 3788 49 25 bad
91 3788 36 23 for
139 3787 42 23 the
193 3786 98 24 mother
303 3785 110 29 country,
432 3782 50 24 and
493 3782 69 24 tends

31 3830 27 21 to
70 3827 68 24 show
150 3825 43 24 the
204 3831 95 25 process
313 3823 30 31 by
364 3821 80 25 which
455 3821 43 23 the
510 3820 52 24 rich

30 3875 65 24 grow
118 3867 108 24 richer—
229 3865 40 25 the
290 3871 67 24 poor,
381 3869 94 25 poorer.
511 3861 51 25 But

30 3912 56 24 that
99 3918 35 16 we
151 3917 26 17 m
200 3908 49 25 this
269 3913 83 26 young
375 3907 104 31 country
503 3905 57 24 with

29 3959 14 15 a
66 3948 139 33 population
218 3947 26 28 pf
265 3946 57 32 only
332 3944 2 4 '
343 3952 67 18 some
433 3945 128 27 £600,000

27 3988 64 25 have
104 3987 96 31 already
224 3986 62 24 done
298 3985 146 31 immensely
470 3983 52 24 well
533 3983 27 24 m

28 4028 44 25 the
84 4035 66 16 same
174 4025 117 24 direction
304 4023 42 24 the
367 4022 126 31 following
515 4021 44 32 fig-

28 4075 57 17 ures
108 4067 49 24 will
179 4066 66 23 show
254 4072 40 16 :—
296 4063 139 28 85,000752
459 4069 100 24 persons

27 4115 57 18 own
101 4107 141 24 allotments
265 4103 27 26 of
312 4102 59 26 land
393 4102 77 24 under
493 4101 66 25 £200

28 4147 28 23 m
67 4146 79 29 value,
160 4145 41 24 the
214 4147 129 28 aggregate
355 4142 25 24 of
402 4141 73 25 value
486 4140 73 32 being

30 4186 155 26 £2,955086,
202 4184 83 23 whilst
298 4181 143 32 forty-eight
459 4187 100 24 persons

28 4233 55 16 own
94 4223 66 30 each,
178 4223 81 25 blocks
276 4223 27 24 of
322 4227 101 26 country
446 4221 27 24 of
493 4221 65 23 from

28 4265 106 28 100,000
147 4267 24 22 to
180 4264 107 24 200.000
296 4270 68 18 acres
372 4261 28 25 m
411 4263 92 26 extent,
516 4260 42 25 the

25 4304 131 29 aggrogate
167 4301 72 25 value
250 4301 27 24 of
288 4301 43 24 the
346 4300 80 25 whole
438 4300 80 31 being,
524 4300 33 22 rin

25 4340 48 27 less
85 4342 62 24 than
160 4341 156 27 £9,788,180
326 4342 5 22 !
350 4339 54 24 The
426 4338 128 32 monopol-

24 4381 46 25 ists
83 4380 27 29 qf
118 4380 43 24 the
179 4378 40 26 old
230 4378 75 26 world
316 4378 51 26 will
383 4378 64 24 have
460 4379 26 23 to
499 4377 58 25 take

23 4435 17 18 »
52 4427 61 24 back
134 4427 63 24 seat-

1141 39 2 6 •
1158 32 21 17 r
1208 19 170 31 OXFORD
1423 19 224 31 OBSERVER
1677 19 239 37 SATURDAY,
1952 17 129 32 APRIL
2113 17 50 33 11,
2207 15 90 29 1896.

2890 4202 104 24 Printed
3016 4202 51 24 and
3104 4201 139 25 Published
3270 4202 32 31 by
3337 4201 88 25 Lauba

2923 4240 81 24 Ankee
3027 4239 102 31 Parish,
3154 4241 26 23 at
3203 4239 46 25 her
3278 4239 132 32 Eegistere

2922 4283 116 34 Printing
3050 4284 85 29 Office,
3158 4284 68 31 Hifb
3251 4282 91 28 Street.
3365 4282 52 26 Ea«

2923 4327 99 26 Oxford.
3032 4327 162 32 Canterbury.

2958 4377 130 28 Satubday
3125 4378 76 25 April
3242 4378 41 24 11.
3307 4377 64 26 1896

2890 186 170 54 WATCH
3284 188 145 50 CLOCK

2866 299 2 4 •
2890 275 146 53 Baait
3057 249 165 80 &^^
3259 280 170 50 Mum

3012 346 297 38 FITTED

3150 408 30 16 AT

2909 442 181 38 Parish's
3118 447 103 36 East
3233 450 171 44 'Oxford.

2890 598 317 54 WEETHEIH

3067 699 249 49 SINGER'S

2976 794 83 48 and
3084 797 339 52 HOUSEHOLD

2930 902 205 46 MACHINE
3182 907 199 47 NEEDLES

2901 992 121 51 ftm
3055 995 72 57 I/-
3155 1007 72 50 pr
3263 1000 146 49 iwsn.

3138 1134 6 2 ..
3148 1118 32 18 jit.*'
3184 1120 14 16 is
3203 1125 10 9 **-
3217 1118 91 18 Mi*f:tiß^^*^
3313 1126 5 6 ''

2937 1734 3 6 ■
2956 1730 2 1 ■
3027 1748 2 4 :
3053 1724 1 4 ;
3073 1748 3 2 •
3096 1743 12 9 ■■
3138 1733 46 22 at
3206 1722 62 30 .''"-•■■;
3306 1750 1 1 .
3332 1740 6 13 .•

2882 1813 3 2 ■
2918 1820 15 5 -
2950 1799 113 31 T*^A--
3071 1804 52 26 W-
3133 1806 35 24 'T
3170 1805 6 18 :
3177 1802 43 28 'ifi!
3231 1802 57 28 JEST
3301 1804 10 19 *
3324 1804 39 26 d
3403 1818 3 2 ■
3420 1821 2 2 .

2976 2468 3 7 •
3351 2448 2 4 ■

2918 2521 3 5 •
2951 2522 10 10 •■
3005 2529 1 2 .
3018 2521 13 12 ■•■-.
3042 2521 17 14 ■*
3069 2523 4 8 ■■
3090 2519 2 2 '
3102 2517 11 18 ',<
3137 2528 13 9 .1.
3150 2527 39 4 —
3189 2528 21 3 —
3210 2528 21 5 —
3268 2514 3 1 '
3330 2517 2 1 '
3367 2530 1 1 .
3394 2517 2 5 •■

2885 2550 97 45 Job
2999 2550 253 62 Prixitmg!

3055 2620 99 47 Job
3172 2622 245 57 Printing

2927 2683 172 31 OXFOKD
3155 2685 222 31 OBSEEYER

2866 2756 2 12 •
2885 2745 35 26 ■-.-
2966 2735 161 47 MaQMne
3153 2736 183 52 Printing-

2998 2778 5 10 '
3061 2788 166 40 WORKS

2886 2860 6 3 .
2926 2837 89 26 MAIN
3050 2839 142 30 STEEET,
3227 2839 149 26 OXFORD.

2952 2916 128 47 T^INE
3131 2912 211 51 ipRINTING

2957 2990 36 33 lii
3007 2992 72 41 Any
3092 2990 127 42 Variety
3234 3001 35 21 or
3285 2990 96 40 Style*

2886 3038 306 48 MEMORIAL
3238 3039 181 45 CARDS

2913 3097 51 41 (m
2980 3106 68 21 new
3063 3095 62 31 and
3139 3095 105 31 chaste
3259 3093 137 42 designs)

3065 3141 44 42 5/-
3120 3153 56 30 per
3199 3142 67 30 doz.

2968 3201 174 30 Statement
3158 3199 116 35 Heads,

2968 3241 70 31 Ball
3052 3241 222 39 Programmes.

2969 3284 133 35 Posters,
3116 3281 176 36 Handbills,

2968 3323 166 32 Billheads.
3158 3324 139 39 Cheques

2971 3366 104 30 Letter
3090 3365 58 30 and
3158 3364 80 31 Note
3250 3364 108 30 Heads

2970 3407 165 36 Circulars,

2970 3448 192 39 Catalogues,
3178 3446 141 39 &c.,&c.,
3343 3446 57 31 &c.

2888 3507 87 40 Hew
2991 3506 119 50 Styles
3118 3505 44 39 m
3177 3505 245 51 Visiting<an&

3004 3570 171 40 Business.
3186 3568 137 41 CaMs.-

2890 3632 36 28 R.
2949 3631 42 29 H.
3012 3629 120 34 Parish,
3191 3629 188 40 Proprietor.

2972 3692 64 31 The
3055 3691 179 31 NEWEST
3261 3691 161 32 STYLES

2890 3746 31 29 m
2934 3744 132 31 TYPES
3082 3745 61 29 and
3154 3744 264 32 ORNAMENTS

2957 3834 165 5 _____
3274 3836 4 3 .
3403 3835 26 45 _^

2920 3900 44 45 s.
2986 3895 103 49 m,
3119 3899 274 46 tubpin.

2890 3966 240 42 WATCHMAKER.
3161 3968 177 39 JEWELLER
3364 3969 57 32 &c-

2966 4031 87 26 MAIN
3067 4031 134 27 STEEET
3220 4028 138 29 OXFOED
3392 4034 4 5 '

2908 4062 12 11 s
2941 4062 3 2 ■
2956 4070 2 3 .
2995 4060 8 10 •.
3196 4060 2 2 ■
3225 4060 14 14 .■'
3283 4060 1 2 ■
3317 4063 2 1 -
3394 4063 19 8 .-■
3421 4066 1 1 ■

3081 4081 62 18 near
3154 4074 82 25 Bank.

2351 1304 117 43 HELP
2483 1307 82 41 FOR
2581 1308 85 43 THE
2690 1310 147 43 WEAK.

2329 1413 179 36 \TERyOXJS
2528 1416 69 34 mp
2615 1417 243 33 DEBILITATE!),

2331 1447 31 25 11
2388 1447 63 28 who,
2463 1447 109 33 through
2580 1450 71 32 folly
2660 1452 49 24 and
2719 1446 139 39 ignorance,

2330 1480 64 27 have
2405 1480 231 34 trifledlaway.ttiwr
2646 1480 86 37 yigpnir
2750 1486 32 27 of.
2786 1486 72 33 body,

2331 1513 77 28 mind,
2421 1514 49 25 and
2481 1515 133 30 manhood,
2627 1519 99 30 causing
2743 1519 114 26 exhaust-

2329 1545 46 33 ing
2391 1545 83 27 drains
2484 1555 67 24 upon
2562 1549 43 25 the
2625 1549 127 27 fountains
2772 1552 27 25 of
2807 1552 49 31 life,

2331 1579 63 25 Loss
2401 1580 26 24 of
2436 1580 101 33 Energy
2545 1582 49 25 and
2603 1583 125 33 Strength,
2741 1585 117 33 Timidity

2331 1612 162 29 Bajshfuliiess
2527 1614 27 25 m
2589 1610 104 39 Soci%,
2717 1617 139 32 Headache,

2331 1645 133 32 Backache,
2484 1647 176 32 Nervousness,
2682 1651 134 26 Weakness
2834 1653 26 25 of

2333 1679 118 33 Memory,
2462 1680 110 33 Restless
2582 1682 80 33 Sleep,
2671 1684 114 30 Dreams,
2795 1685 63 27 Loss

2332 1712 75 24 Flesh
2418 1713 52 25 and
2479 1713 68 27 Vital
2566 1714 90 31 power,
2679 1717 136 33 Eruptions
2825 1727 33 18 on

2332 1745 42 24 the
2383 1745 63 26 Face
2456 1747 51 24 and
2516 1747 79 33 £ody,
2607 1748 75 28 Want
2704 1751 27 24 of
2740 1752 118 32 Develop-

2331 1780 78 28 ment,
2429 1778 116 28 Varicose
2559 1780 82 31 Veins,
2663 1782 141 35 Incapacity
2808 1799 6 9 ..
2821 1785 39 26 for

2331 1811 111 26 business
2453 1820 28 18 or
2491 1814 118 31 pleasure,
2618 1815 109 34 .Urinary
2734 1818 123 31 Diseases,

2332 1844 50 25 and
2399 1845 35 25 all
2455 1846 43 25 the
2521 1847 83 26 effects
2624 1849 100 33 leading
2745 1855 25 21 to
2792 1853 68 31 early

2332 1877 83 33 decay,
2439 1879 104 33 perhaps
2564 1881 179 33 Consumption
2766 1884 92 26 or'lh-

2332 1910 90 31 sanity,
2433 1919 48 17 can
2504 1913 29 25 be
2544 1914 114 26 obtained
2668 1915 32 32 by
2719 1917 141 33 consulting

2331 1944 138 32 personally
2486 1948 28 23 6r
2521 1945 31 32 by
2562 1948 64 30 post,
2660 1948 198 28 FBEEPBOF.

2332 1976 175 32 NOTMAKN,
2536 1979 199 32 M.E.,E.M.G.,
2787 1983 71 25 Cam-

2331 2009 85 32 bridge
2428 2010 108 31 Terrace,
2559 2013 110 31 opposite
2691 2014 117 27 Colombo
2821 2016 37 26 St.

2332 2042 98 32 Bridge,
2460 2042 185 33 Chrjstchurch.
2706 2047 53 27 The
2801 2049 58 31 only

2331 2075 224 28 Electrobotanical
2582 2079 95 33 Expert
2710 2075 150 39 advertising

2331 2109 54 24 who
2397 2109 50 26 will
2458 2112 134 29 guarantee
2609 2121 15 16 a
2640 2114 124 32 thorough
2792 2122 66 18 cure.

2333 2141 57 26 Sole
2404 2143 134 31 proprietor
2565 2145 51 24 and
2630 2148 114 28 patentee
2771 2148 28 24 of
2816 2148 43 25 the

2331 2175 59 32 only
2411 2177 148 31 guaranteed
2580 2178 109 26 Electric
2710 2180 70 26 Belts
2810 2182 50 24 and

2331 2208 71 26 other
2413 2209 88 31 special
2524 2211 124 26 electrical
2668 2213 141 31 appliances
2831 2215 27 24 m

2331 2241 42 24 the
2380 2242 106 25 colonies
2489 2260 5 7 .
2528 2243 99 27 Ladies'
2638 2245 95 26 French
2744 2247 46 25 her
2792 2248 66 28 baqe-

2331 2282 43 17 ous
2384 2274 58 31 pills
2461 2275 39 25 for
2508 2298 2 5 ,
2526 2276 175 33 irregularities
2722 2279 65 26 from
2809 2289 50 25 any

2331 2315 80 23 cause,
2435 2309 43 24 10s
2499 2310 94 30 posted.
2627 2311 143 33 Pamphlets
2797 2314 61 25 freel

2331 2340 202 28 Testimonial:—
2533 2342 98 33 Napier,
2641 2345 95 33 August
2743 2347 45 26 7th
2794 2349 63 24 1895

2331 2373 64 25 Prof.
2406 2374 129 27 Notmann.
2536 2390 34 5 —
2570 2377 67 26 Dear
2646 2378 82 30 Sir,—
2728 2379 15 25 l
2750 2381 108 24 received

2329 2415 60 22 your
2395 2407 73 25 letter
2475 2408 49 26 last
2535 2410 75 28 week,
2628 2411 49 25 and
2688 2411 14 25 I
2718 2421 41 16 am
2768 2413 88 25 thank-

2329 2439 37 25 ful
2389 2443 25 22 to
2435 2440 54 26 find
2510 2450 49 24 you
2569 2451 42 17 are
2622 2444 115 26 anxious,
2742 2447 40 23 to.
2788 2445 69 27 know

2330 2472 43 25 the
2384 2472 105 27 benefits
2505 2474 14 25 I
2529 2472 64 29 have
2602 2477 99 25 derived
2719 2477 61 26 from
2797 2488 61 22 your

2330 2507 140 24 treatment.
2506 2507 48 31 bh%
2555 2509 7 12 ;
2580 2509 21 25 it
2628 2509 67 33 gives
2706 2518 12 15 <:
2722 2518 40 18 me
2790 2515 68 28 great

2329 2538 112 33 pleasure
2452 2542 26 24 to
2488 2540 92 27 inform
2590 2550 49 24 you
2647 2543 56 26 that
2711 2551 15 18 a
2737 2546 119 31 complete

2329 2572 51 25 and
2389 2573 92 31 perfect
2491 2575 115 29 cure.has
2625 2576 61 26 be6n
2708 2577 101 28 effected
2832 2580 25 24 of

2329 2606 43 25 the
2383 2606 115 27 maladies
2508 2608 16 26 I
2540 2610 156 31 complained
2715 2612 26 24 of
2750 2613 26 24 to
2799 2620 56 24 you.

2329 2639 14 26 I
2354 2647 41 18 am
2406 2641 113 33 enjoying
2529 2643 63 31 good
2608 2643 92 31 health,
2712 2645 49 25 and
2771 2653 42 18 am
2820 2655 36 17 re-

2329 2673 82 24 stored
2430 2676 26 22 to
2474 2675 86 32 manly
2581 2676 94 32 vigour.
2710 2677 91 25 P.S.—
2802 2679 55 31 Any

2329 2705 101 26 sufferer
2428 2726 7 11 v
2437 2707 111 26 desirous
2554 2709 27 24 of
2585 2710 207 33 eommiinicating
2796 2712 61 25 with

2329 2747 40 17 me
2376 2747 49 23 you
2437 2747 41 18 are
2489 2742 37 24 at.
2531 2740 89 34 liberty
2641 2744 27 24 to
2687 2744 55 31 give
2761 2752 42 23 my
2815 2745 45 26 ad-;

2328 2773 75 29 dress,
2416 2772 37 26 for
2462 2773 15 24 I
2492 2774 48 25 like
2550 2775 61 31 yorir
2626 2777 117 29 practical
2755 2777 102 27 method

2328 2805 26 26 of
2364 2808 174 24 treatment.—
2540 2807 29 26 T.
2583 2808 28 25 C.
2625 2810 115 25 Simpson.
2849 2822 2 5 •

2406 2941 360 46 IMPOETANT

2326 3050 83 31 ALL
2439 3050 120 32 WOOL
2581 3051 170 31 EOSLYN
2771 3050 85 31 AND

2362 3127 293 32 WELLINGTON
2677 3127 151 31 TWEEI)

2473 3196 252 42 SUITS

2369 3264 66 41 35/-
2453 3264 85 32 Suits
2553 3264 145 32 Reduced
2705 3267 34 28 to
2762 3264 66 40 25/-

2368 3327 68 41 --4-
2478 3351 20 14 „
2583 3351 18 12 „
2656 3343 2 3 •
2686 3350 18 13 „
2771 3325 77 41 35/-,

2369 3376 146 32 Trousers
2530 3376 61 30 and
2606 3374 73 32 Vest
2741 3373 77 41 13/6

2543 3436 69 21 •AT

2320 3512 6 16 ;
2354 3488 195 32 PARISH'S
2574 3490 90 29 East
2687 3488 142 31 Oxfokd.

2491 3551 1 2 ■
2594 3541 67 20 *■.'■.
2761 3546 3 12 •

2329 3627 173 31 OXFORD
2545 3626 187 31 LIBRARY
2757 3619 103 37 -A&D

2420 3678 196 31 READING
2636 3677 130 31 ROOM.

2327 3786 53 24 The
2409 3786 92 24 Oxford
2528 3786 105 31 Library
2659 3786 23 23 is
2708 3793 63 23 open
2792 3792 68 23 every

2326 3829 113 32 Tuesday
2451 3829 50 24 and
2522 3829 121 31 Saturday
2672 3827 96 32 nights,
2795 3827 65 25 from

2327 3874 59 24 630
2397 3881 70 24 p.m.,
2488 3875 26 26 tp
2534 3874 16 24 8
2560 3881 71 24 p.m.,
2655 3872 50 27 and
2735 3880 33 17 on
2791 3879 69 25 every

2326 3916 119 25 alternate
2457 3916 131 33 Thursday
2612 3916 137 28 afternoon,
2769 3918 2 7 '
2780 3914 80 33 (Sale-

2326 3960 70 32 days)
2419 3960 65 25 from
2496 3961 14 23 2
2523 3961 33 24 80
2566 3968 66 24 p.m..
2648 3961 26 24 to
2686 3961 15 23 5
2712 3967 59 24 p.m.
2792 3971 3 4 ■
2809 3959 51 25 The

2349 4022 5 5 •
2515 4011 33 22 L..
2557 4010 126 32 BEEVES,

2606 4050 68 24 Hon.
2686 4048 141 26 Librarian.

2376 4090 176 26 StJBSORIPTION
2564 4092 37 33 2/-
2613 4101 50 16 PER
2682 4093 128 30 QuABTEE.

2329 4157 9 6 ,
2584 4159 1 1 .
2693 4153 8 8 c

2386 4199 213 42 HOLLAND
2634 4202 154 42 FINISH

2503 4256 155 44 CALIOO

2436 4318 64 32 3d.
2534 4328 72 29 per
2627 4309 114 51 yarid.

2578 4396 33 27 at

2435 4443 38 30 R.
2491 4442 41 31 H.
2554 4443 196 35 PARISH'S

2387 153 424 47 EUCALYPTUS

2592 224 11 14 ♦

2385 250 60 21 THE
2460 251 73 21 BEST
2547 252 87 20 HOME
2650 252 141 21 EEMEDIE

2443 290 36 14 are
2493 283 36 21 the
2538 284 135 25 preparation
2683 285 25 21 of
2715 284 36 22 the

2330 318 169 23 TA»SMANIAN
2507 316 194 27 'EUCALYPTUS
2715 322 48 21 OIL
2777 322 82 22 COMP.

2357 358 135 25 Universally
2613 359 37 20 the
2659 360 78 24 JBEST,
2749 352 119 29 PURES^'

2329 395 43 20 and
2382 397 57 18 moat
2448 396 93 20 effective
2552 396 133 25 Eucalyptus
2707 397 104 21 Globulus
2827 398 34 21 Oil

2328 426 34 20 for
2380 426 171 26 INFLUENZA,
2573 428 91 25 Coughs,
2684 429 63 20 Colds
2772 430 43 19 and
2831 431 30 19 all

2329 457 65 21 Chest
2410 458 43 20 and
2461 458 62 25 Lung
2540 459 112 21 affections
2666 459 76 27 speedy
2751 461 59 20 relief
2819 461 43 21 and

2329 489 55 21 Cure
2402 490 34 20 for
2451 490 155 25 Rheumatism,
2627 492 122 24 Neuralgia,
2763 493 99 25 Sprains-

2328 515 71 22 Burns
2419 517 34 20 &o.

2355 550 133 27 Eucalyptus
2505 551 105 21 Globulua
2626 553 92 21 Extract
2726 554 91 26 sprayed
2829 555 33 20 in-

2328 581 63 21 haled
2406 583 44 20 and
2464 584 190 26 taken.internally
2671 586 34 19 for
2719 586 36 20 the
2772 586 87 26 Throat,

2328 619 97 21 Catarrh-
2442 619 59 26 Hay,
2518 620 104 26 Typhoid
2638 622 43 20 and
2695 622 82 21 Scarlet
2786 623 76 22 Fevers

2330 650 128 22 MEASLES
2469 652 36 21 the
2511 654 55 18 most
2575 653 136 26 satisfactory
2719 656 143 23 preventative

2328 682 44 19 and
2385 680 61 23 Cure.
2473 684 57 20 Send
2543 684 51 20 Post
2609 685 56 20 Card
2674 687 23 19 to
2706 685 37 21 the
2753 686 63 20 Office
2828 688 34 19 for

2329 712 96 22 Circular
2438 714 119 27 describing
2575 717 121 20 treatment.
2723 717 139 27 Eucalyptus,

2329 746 110 23 Oiotment
2449 748 36 21 the
2494 749 70 25 Magic
2573 750 79 20 Healer
2665 751 23 19 of
2702 751 69 24 Sores,
2784 752 78 24 Burns,

2319 777 112 27 -Wounds,
2446 780 68 24 Boils,
2524 782 44 23 &c,
2591 782 146 27 Eucalyptus'
2744 783 57 27 Soap
2815 779 43 25 frfa
2866 783 2 4 '

2328 812 63 23 grant
2400 811 43 21 and
2445 809 130 30 'refreshing.
2599 815 133 26 Eucalyptus
2740 816 89 26 Jujubes
2839 823 24 14 or

2328 841 101 22 Pastilles
2439 844 33 20 for
2481 844 37 21 the
2542 845 81 22 Throat
2632 847 44 20 and
2684 846 64 22 Voice
2764 848 104 22 an,atfti-'

2330 874 66 26 septic
2406 875 43 21 and
2458 876 120 23 stimulant.
2734 894 2 3 .
2766 872 69 18 >''■';

2329 907 126 28 Veterinary
2470 910 35 21 Oil
2514 911 44 21 and
2567 911 115 25 Ointment
2687 913 34 20 for
2730 913 38 21 the
2775 913 86 23 stables.

2356 944 30 20 Be
2395 949 49 15 sure
2453 950 43 19 yon
2505 939 112 28 PurcbasV
2627 944 39 24 the
2676 946 104 28 PlatypuS
2787 945 81 25 liraM'

2329 975 51 25 only
2389 975 23 20 of
2418 976 30 19 all
2457 976 113 26 Chemists,
2574 979 88 20 Grocers
2668 979 43 20 and
2718 979 145 28 Storekeepers

2329 1006 43 20 and
2385 1007 23 20 at
2422 1007 37 21 the
2469 1008 64 21 Office
2542 1011 12 19 9
2563 1009 115 22 Cathedral
2682 1011 80 25 'square
2771 1011 91 22 between

2329 1038 100 21 Morten's
2443 1040 112 27 Buildings
2563 1043 42 20 and
2615 1042 37 21 the
2655 1043 56 22 Tost
2721 1043 71 22 Office.

2472 1091 4 3 .
2492 1075 88 22 Oxford
2591 1077 78 26 Agent

2383 1110 27 21 K.
2420 1110 30 22 H.
2463 1103 129 35 PARISH,'
2605 1113 76 22 EAST
2693 1115 119 22 OXFORD

2409 1148 141 28 Eucalyptus
2560 1150 37 21 Oil
2610 1151 31 27 1/-
2653 1158 42 21 per
2702 1153 77 22 bottle.

1267 3972 400 50 BARLOHr
1708 3972 166 41 AND
1920 3970 273 41 PRICE

1450 4026 192 43 Coventry
1680 4023 113 45 Cycle
1840 4021 129 35 W'orlis

1165 4094 5 17 ;
1264 4101 4 15 ;
1315 4084 38 29 88
1376 4079 198 34 COLOMBO
1598 4077 173 35 STREET,
1816 4073 343 33 CHRISTCHURCH.

1148 4146 57 31 We
1220 4147 117 38 having
1352 4146 93 30 taken
1460 4153 74 21 over
1546 4142 53 29 the
1612 4140 72 31 well
1698 4139 114 30 known
1821 4137 111 35 works,
1949 4136 180 40 machinery
2137 4135 61 31 and
2208 4136 89 30 stock

1148 4188 33 28 m
1194 4187 89 29 trade
1297 4188 79 28 wish
1388 4190 35 26 to
1436 4185 112 30 inform
1562 4181 54 30 the
1638 4180 104 39 public
1756 4179 70 30 that
1839 4189 46 20 we
1900 4188 52 19 are
1967 4177 150 39 prepared
2131 4180 33 26 to
2183 4177 112 30 under-

1147 4227 73 31 take
1235 4227 102 31 orders
1351 4228 49 29 for
1413 4235 69 22 new
1495 4222 156 32 niachmes
1651 4224 1 25 i
1668 4221 61 29 and
1743 4222 127 28 execute
1889 4218 117 39 repairs
2028 4221 33 26 at
2084 4217 52 30 the
2160 4218 136 29 shortest

1200 4259 14 16 *
1279 4268 102 31 notice
1394 4268 49 30 for
1464 4266 42 31 all
1520 4264 92 31 kinds
1626 4261 36 32 of
1671 4260 213 41 Engineering
1897 4260 62 29 and
1972 4257 93 43 Cycle
2076 4257 95 33 work.

1310 4322 126 20 SPECIAL
1449 4303 177 38 ATTENTION
1641 4316 94 21 GIV4N
1750 4315 38 21 TO
1801 4313 141 22 COUNTRY
1956 4313 123 22 ORDERS.

1148 4360 120 40 Racing
1281 4358 159 31 Machines
1464 4357 61 31 and
1547 4355 98 40 Light
1666 4352 167 32 Roadsters
1848 4362 19 20 a
1881 4351 155 40 specialty.
2079 4351 49 31 No
2141 4351 153 40 imported

1146 4402 157 31 machines
1316 4400 75 40 kept
1404 4400 33 30 m
1453 4398 98 33 stock,
1567 4397 43 31 all
1623 4395 88 32 work
1724 4395 79 31 done
1817 4403 41 21 on
1870 4393 55 30 the
1946 4393 156 40 premises.
2154 4391 31 32 A
2208 4393 86 40 large

1177 4442 89 33 stock
1280 4441 35 32 of
1324 4442 125 38 Lamps,
1461 4440 94 35 Bells,
1571 4438 62 30 and
1649 4436 127 32 Saddles
1790 4445 40 21 on
1842 4435 85 30 hand
1941 4438 33 26 at
1986 4435 114 30 reduce
2110 4435 130 39 dprices.

1284 156 101 93 R'
1467 163 102 64 TT
1656 163 81 64 P
1764 164 52 63 A

1428 293 197 66 EAST
1670 301 324 60 OXFORD

1382 432 47 30 IS
1460 429 121 33 NOW
1610 431 59 33 IN
1698 432 226 33 RECEIPT
1954 431 65 32 OF

1369 487 35 20 Ex
1413 487 166 22 RIMUTAKA
1589 489 64 21 AND
1663 488 101 21 OTHER
1773 490 113 21 DIRECT
1895 490 165 24 STEAMERS,

1132 560 46 32 .:„..
1636 584 6 8 ,
1679 537 247 55 SEASON,
1999 536 127 47 1895,

1160 632 517 92 PRINTS!
1723 626 485 95 PBISTTS
2228 621 81 98 If

1157 939 290 88 Dress
1514 940 391 86 Tweeds
1945 937 109 89 4Ss
2119 928 192 98 llct

1404 1063 61 21 THE
1477 1064 80 21 FULL
1566 1062 94 21 DRESS
1674 1063 89 21 WITH
1773 1064 112 21 LINING
1898 1064 59 22 FOR
1971 1065 86 22 BODY.

1169 1154 3 39 i
1379 1156 77 31 has
1471 1154 187 33 received
1677 1164 25 23 a
1716 1156 292 47 consignment
2023 1158 44 30 of
2105 1179 21 11 
2257 1169 3 18 :

1156 1205 297 59 Messrs
1510 1207 413 58 <Joliiisoßis
1975 1208 68 57 &
2101 1209 199 56 Sons

1330 1285 264 61 GREAT
1655 1273 445 77 YARMOUTH

1221 1374 225 89 OIL
1527 1369 687 102 CLOTHING

1335 1539 334 47 ENORMOUS
1730 1537 385 53 REDUCTIONS

1156 1638 434 92 MAIDS
1717 1641 587 96 TJLSTESiS

1275 1778 453 86 Reduced
1768 1783 104 84 to
1913 1781 114 88 2s
2070 1783 163 89 6d.

1516 1940 39 29 36
1576 1941 34 28 to
1631 1940 40 29 45
1683 1939 104 31 inches
1808 1941 85 40 deep.

1385 2028 416 17 »♦♦♦♦♦♦♦♦♦♦♦♦♦♦♦♦♦♦♦♦»♦♦♦♦♦♦♦♦
1806 2031 23 15 M
1834 2031 22 16 M
1861 2032 11 15 ♦
1876 2032 23 15 M
1904 2032 10 15 »
1917 2032 11 14 •
1931 2032 29 15 ♦»

1154 2088 81 25 rTHE
1253 2087 115 33 question
1378 2086 23 25 is
1411 2084 100 26 natural
1511 2099 34 4 —
1569 2083 67 33 Why
1648 2084 59 25 send
1721 2085 28 24 to
1760 2084 177 26 Christchurch
1956 2085 39 26 for
2011 2093 62 25 your
2090 2088 109 34 Drapery
2206 2090 13 25 ?
2253 2091 52 25 The

1161 2111 20 35 J.
1218 2122 103 30 drapery
1332 2120 54 24 sold
1394 2120 26 22 m
1428 2117 119 32 thaticity
1558 2125 72 23 every
1641 2125 47 17 one
1699 2117 93 30 knows,
1804 2118 23 24 is
1838 2120 45 23 not
1893 2119 73 25 made
1977 2119 76 29 there,
2072 2119 45 27 but
2127 2122 129 32 imported.
2272 2125 5 4 '
2290 2125 15 24 I

1155 2155 93 31 import
1259 2154 65 25 from
1335 2152 44 25 the
1389 2151 54 25 best
1454 2149 107 33 English
1573 2150 50 25 and
1639 2149 89 27 Scotch
1739 2149 100 27 houses.
1884 2151 72 26 lam
1966 2152 104 26 enabled
2081 2155 26 24 to
2117 2156 122 30 purchase
2256 2156 49 27 low

1132 2200 1 3 -
1155 2188 51 34 apd
1214 2187 46 26 sell
1272 2189 26 24 at
1307 2195 15 16 a
1333 2188 54 22 rate
1398 2184 26 25 of
1433 2184 74 33 profit
1520 2184 53 33 (my
1585 2191 118 24 expences
1714 2183 73 33 being
1797 2184 82 33 small)
1891 2184 57 27 that
1959 2186 82 26 would
2051 2186 30 26 be
2099 2189 144 26 considered
2262 2191 42 25 ab-

1155 2223 59 24 surd
1225 2221 32 31 by
1273 2228 48 23 any
1341 2217 178 26 Christchurch
1542 2216 199 26 establishment.
1751 2225 8 7 •
1792 2217 44 32 My
1858 2218 75 25 Stock
1952 2219 21 24 is
1992 2219 44 25 the
2054 2220 94 33 largest
2165 2223 50 24 and
2236 2226 68 23 most

1154 2253 95 30 t^aried
1259 2253 57 26 that
1325 2252 46 24 has
1382 2259 57 17 ever
1448 2251 63 24 been
1522 2250 87 25 shown
1618 2257 28 18 va.
1657 2249 44 26 the
1711 2250 103 30 district,
1827 2250 50 25 and
1888 2251 38 25 for
1936 2251 91 32 quality
2040 2254 56 24 ,and
2114 2254 72 26 value
2203 2257 58 31 jputs
2277 2257 27 25 m

1154 2290 31 24 he
1197 2288 77 25 shade
1291 2285 76 34 goods
1378 2284 92 25 offered
1481 2283 33 32 by
1525 2283 103 32 visiting
1639 2283 116 25 hawkere
1766 2285 63 23 from
1841 2284 43 25 the
1901 2285 180 26 Christchurch
2093 2296 45 24 rag
2149 2291 87 24 marts.

1156 2363 4 5 .
1187 2341 94 26 Dress
1292 2340 164 30 Materials,
1469 2337 87 26 Plain
1568 2337 60 25 and
1637 2336 105 32 Fancy
1752 2337 80 26 from
1844 2337 51 26 3d.
1907 2344 55 25 per
1969 2339 84 30 yard.

1187 2401 28 26 A
1231 2400 109 29 Strong
1356 2400 88 25 Stout
1459 2398 133 25 Durable
1609 2396 126 32 Kaiapoi
1750 2396 114 26 Tweed
1879 2396 51 33 2/6
1942 2403 54 25 per
2006 2399 77 30 yard

1781 2439 107 26 Makes
1900 2440 153 30 first-class
2070 2442 91 32 Boys'
2178 2443 90 28 Suits.

1187 2496 57 25 Art
1260 2494 139 29 Muslins,
1418 2490 155 32 Cretones,
1592 2490 80 26 Lace
1689 2490 139 26 Curtains
1846 2490 54 25 &c.

1187 2565 26 31 A
1230 2559 110 31 Choice
1357 2561 165 27 Collection
1540 2561 34 25 of
1587 2559 121 33 Gloves,
1735 2560 76 31 Ties,
1841 2559 129 33 Aprons^
1999 2560 164 28 Insertions
2180 2563 54 26 &c.

1187 2614 120 33 Striped
1324 2613 123 27 Galatea
1463 2612 54 33 4/6
1529 2617 54 27 per
1594 2612 106 32 dozen,
1729 2612 103 25 worth
1842 2612 49 25 9d.
1909 2617 55 25 per
1980 2612 83 30 yard.

1187 2677 102 26 Prints
1300 2677 80 24 from
1391 2675 52 24 4d.
1455 2679 55 25 per
1521 2673 83 31 yard.
1617 2672 139 31 Muslins,
1769 2672 138 31 Selesias,
1920 2671 125 33 Calicos,
2058 2672 55 27 &c.

1629 2711 2 2 '
1676 2738 6 6 ,
1768 2715 87 26 With
1870 2715 88 26 other
1974 2715 191 27 Manchester
2181 2718 86 32 lines.

1187 2774 87 30 Hats,
1293 2772 102 31 Fancy
1411 2771 61 26 and
1488 2769 105 31 Sailor,
1611 2770 32 24 m
1659 2768 104 27 White
1780 2769 59 24 and
1856 2767 115 27 Colors.

1726 2812 125 26 Newest
1867 2812 122 32 Shapes.
2023 2812 96 32 Large
2136 2814 130 35 Variety,

1185 2870 148 29 Flowers,
1350 2868 155 29 Feathers,
1522 2865 148 30 Ribbons,
1688 2864 105 31 Laces,
1811 2863 75 32 Jets,
1905 2863 55 26 &c.

1654 2901 87 29 With
1757 2906 41 23 all
1814 2904 183 25 necessaries
2014 2904 47 25 for
2076 2903 193 32 Trimmings^

1186 2960 102 31 Fancy
1304 2958 139 29 Frillings
1461 2956 77 32 3yds
1549 2956 47 25 for
1605 2955 36 33 1/-
1658 2955 102 25 worth
1771 2954 49 31 9d,
1838 2958 55 28 per
1903 2955 83 30 yard,

1717 2998 181 32 Umbrellas,
1916 2998 149 31 Parasols,
2080 2998 185 33 Sunshades,

1300 3080 330 47 SPECIAL
1716 3073 419 56 PVMBABI

1154 3146 109 34 BOYS
1295 3144 88 32 AND
1413 3139 172 34 YOUTHS
1623 3136 215 35 COLONIAL
1870 3134 153 33 TWEED
2050 3136 249 37 OVERCOATS

1634 3200 77 32 with
1732 3199 96 41 Capes

1427 3265 93 29 From
1543 3263 65 29 17s.
1653 3259 50 31 6cL
1746 3258 101 32 worth
1890 3258 66 32 255»
2002 3258 49 31 6d.

1305 3331 195 34 Men's
1543 3327 225 33 T^sreecl
1810 3327 345 34 Overcoats

1625 3379 94 31 From
1743 3380 65 30 15s.

1385 3464 670 58 Slankets

1153 3553 131 42 English
1299 3555 126 40 Witney
1435 3553 148 32 Blankets
1597 3556 33 27 to
1646 3552 37 31 be
1698 3550 68 33 sold
1780 3554 32 27 at
1822 3550 59 31 less
1889 3549 77 31 than
1980 3547 179 33 Melbourne
2172 3548 128 32 Whole-

1153 3607 62 31 sale
1236 3610 84 38 price
1321 3625 40 4 —
1362 3607 120 32 Double
1496 3607 68 29 Bed
1582 3605 67 30 Size
1672 3606 64 28 12s.
1762 3604 48 30 6d.
1861 3602 101 31 worth
1977 3602 65 30 16s.
2081 3601 48 30 6d.
2151 3611 55 30 per
2220 3602 76 39 pair.

1318 3678 130 39 cheaper
1460 3675 78 30 than
1553 3671 224 33 Christchurch
1790 3672 113 30 houses
1917 3670 65 32 will
1996 3670 57 30 sell
2067 3670 94 31 them.

1193 3806 71 32 R.
1291 3803 78 34 H.
1407 3799 314 41 PARISH,
1780 3798 155 32 East
1983 3797 256 33 Oxford.

593 448 249 46 JOSEPH
885 446 237 46 LOUGH.

737 525 243 26 UNDERTAKER.

703 568 111 35 EAST
839 568 182 35 OXEORP.
1087 573 42 27 .V

627 620 102 32 Having
736 620 51 32 just
796 620 123 30 imported
927 619 63 24 from
997 618 126 32 England,

594 671 55 17 new
670 663 116 30 Designs,
821 669 54 17 new
898 662 154 30 .Trimmings
1075 660 49 25 and

594 705 88 30 Robes,
694 707 21 23 is
724 705 117 32 prepared
852 706 26 22 to
887 704 107 25 conduct
1002 704 123 24 Funerals

595 746 95 29 Adults,
708 748 27 21 at
747 745 46 24 £5.
807 744 49 25 and
868 744 122 31 upwards,
1014 743 112 31 polished

595 789 79 29 coffin,
698 789 49 25 and
777 787 192 26 silvermounted
992 787 134 24 Furniture

595 833 76 25 From
683 832 46 25 £8.
748 831 129 32 according
889 832 26 23 to
937 830 114 32 Designs.
1087 829 38 24 No

595 878 69 23 extra
675 876 88 31 cbarge
774 876 39 24 for
824 875 95 24 Hearse
942 882 28 17 or
989 881 64 25 open
1068 872 56 26 Car-

593 919 75 33 riage.
698 942 3 4 .

627 963 32 24 N.
688 962 30 25 B.
748 962 92 25 Coffins
862 961 58 32 kept
942 961 27 25 m
998 960 70 26 stock
1089 959 38 25 for

596 1008 86 30 urgent
701 1013 77 17 cases.
975 1006 84 28 .'"•

615 1159 220 23 O3::fo:e&:d
880 1156 235 25 bakbbt

697 1203 212 30 Established
933 1202 79 29 1862

643 1269 123 28 FLOUR,
778 1268 56 25 best
843 1267 81 25 brand
934 1267 60 32 only
1004 1266 68 32 kept.

595 1312 143 29 SHARPS,
773 1311 205 29 OATMEAL,
1013 1309 109 25 BRAN

684 1354 290 29 CHICKENWHEAT,
992 1355 43 25 &c.

620 1400 41 20 AT
687 1398 123 22 LOWEST
837 1398 141 21 CUEEENT
1005 1396 103 24 EATES,

684 1509 53 45 F.
767 1505 260 57 B.LANE.

700 1582 90 41 (Late
804 1582 39 31 E.
863 1581 159 44 Butcher.)

597 1643 249 35 Watchmaker,
875 1641 182 36 Jeweller,
1073 1639 52 32 &c.

595 1695 124 32 Importer
752 1694 26 24 of
818 1691 106 26 Musical
959 1692 169 24 Instruments

694 1732 110 24 Victoria
826 1731 37 25 St.
894 1730 133 31 Ra.ngiora.

597 1812 98 31 Special
706 1811 70 25 value
799 1810 27 24 in
834 1808 95 25 -Extra
951 1810 88 29 strong
1049 1806 79 26 Cased

595 1855 87 32 highly
691 1853 108 26 finished
811 1852 109 32 English
929 1850 198 26 .-Lever-Watch-

596 1907 34 17 es.
676 1896 189 27 Manufactured
882 1898 26 23 to
930 1902 43 28 my
1001 1894 71 26 order
1093 1894 34 31 by

595 1939 55 24 best
661 1925 104 37 Loriion
783 1935 106 25 makers.
924 1933 157 33 Unequalled
1089 1933 39 25 for

595 1981 122 25 excellent
729 1979 178 30 Timekeeping
922 1977 50 25 and
983 1976 142 32 durability.

627 2024 30 25 F.
675 2024 31 25 B.
719 2022 94 26 LANE
825 2021 141 33 personally
987 2020 71 25 visits
1078 2019 48 26 Ox-

595 2069 54 25 ford
668 2067 124 32 monthly,
816 2066 114 32 carrying
949 2073 15 17 a
986 2064 68 32 large
1077 2064 50 25 and

594 2111 85 25 choice
710 2109 73 26 stock
811 2109 27 25 of
868 2108 127 29 Watches,
1023 2108 103 28 Chains,

594 2155 133 27 Brooches,
738 2153 87 32 Rings,
837 2152 84 29 Studs,
938 2151 129 25 Pendants
1079 2152 47 29 etc,

597 2198 139 32 Spectacles
758 2196 122 33 (Pebbles,
898 2195 167 26 Pantoscopsc
1077 2195 52 24 and'

596 2242 108 33 Crystal)
717 2240 96 29 Clocks,
832 2239 106 33 (Marble
958 2238 51 25 and
1026 2238 100 32 Woody)

616 2280 7 36 ]
694 2283 93 26 Accord
790 2291 59 18 eons
861 2283 50 25 and
922 2282 105 25 Violins.

628 2329 81 26 Exact
720 2328 57 25 date
789 2327 27 26 of
825 2326 62 26 each
898 2326 59 26 visit
980 2325 22 25 is
1013 2324 106 26 notified

741 2372 28 24 m
1001 2367 5 6 '

594 2417 151 33 Repairs.—,
745 2415 40 25 All
795 2414 94 32 repairs
907 2421 41 17 are
966 2412 118 25 executed
1094 2412 32 31 by

593 2460 92 32 myself
705 2468 28 17 or
741 2467 4 10 !
747 2458 81 26 xmder
844 2466 43 23 my
907 2453 220 35 superintendence

595 2506 27 23 s6
644 2504 56 25 that
718 2499 102 36 patrons
832 2509 46 17 can
901 2501 52 31 rely
975 2508 33 17 on
1030 2499 98 33 getting

595 2547 153 26 satisfaction
757 2548 26 23 at
795 2546 44 25 the
849 2553 59 23 very
919 2544 85 25 lowest
1014 2543 111 32 charges.

626 2591 105 34 Repairs
742 2599 28 17 or
779 2590 83 26 orders
871 2597 58 24 may
940 2588 30 25 be
979 2588 44 28 left
1034 2590 26 22 at
1061 2602 33 3 —
1099 2590 11 16 ■'

594 2641 26 25 J.
638 2640 133 29 Weeber's,
785 2633 5 16 ;
806 2640 64 24 East
893 2637 101 26 Oxford.
1043 2652 4 6 <

594 2686 26 24 at
642 2685 40 25 W.
706 2684 35 24 M.
764 2680 40 31 C,
827 2682 64 24 East
915 2680 101 26 Oxford.
1039 2696 2 1 -

594 2728 24 25 J.
635 2728 99 29 Brown,
747 2725 160 30 Bootmaker,
931 2724 70 25 West
1025 2722 100 26 Oxford.

594 2772 39 25 W.
646 2772 24 25 J.
684 2770 118 25 Crothers
811 2771 19 23 &
842 2769 45 25 Co.
894 2787 7 6 .
923 2767 69 26 Cust.

626 2815 50 24 and
691 2814 53 25 will
749 2813 31 25 be
791 2812 126 33 promptly
928 2811 118 25 attended
1057 2812 35 23 to.

595 2859 54 30 All
659 2858 98 31 Work
769 2858 77 29 done
858 2867 40 19 on
911 2856 54 30 the
976 2855 150 30 Premises

717 2909 61 30 and
793 2907 198 41 guaranteed.

597 3012 89 39 MR
707 3000 140 51 W/N.
871 3006 255 46 CATHRO,

635 3082 181 24 BARRISTER
830 3078 68 25 AttD
914 3078 172 23 SOLICITOR.

744 3123 231 32 KANGIORA.

592 3179 132 31 Attends
740 3177 121 30 Oxford
875 3187 38 19 on
926 3176 96 29 Court
1030 3174 95 40 Days.

592 3251 166 27 Instructions
767 3250 33 33 by
810 3251 57 31 post
877 3249 52 26 will
940 3247 92 26 receive
1044 3254 81 25 prom-

756 3292 28 30 pt
812 3288 131 27 attention.

712 3339 108 21 MONEY
847 3338 37 20 TO
912 3337 89 20 LEND.

765 3378 76 14 ■•■..-
892 3376 5 9 '
940 3378 1 1 ■

640 3424 45 55 S.
719 3423 48 44 B.
792 3419 304 51 SEYMOUR,

789 3488 137 27 DENTIST,
1082 3490 4 11 <

632 3536 41 23 215
687 3533 105 22 Colombo
807 3532 81 23 Street,
912 3528 167 23 Christchurch.

759 3606 177 22 CHAEGES:—

658 3649 92 25 Filling,
766 3648 23 20 5&
797 3656 8 16 ;
821 3661 6 5 ■.
839 3646 133 21 Extraction
981 3646 25 19 2s
1021 3644 35 21 6d.

616 3715 95 21 Nitrons
720 3712 61 22 Oxid
846 3709 169 22 Administered
1020 3709 37 21 for
1064 3708 60 21 P^in

588 3759 46 19 less
643 3755 133 22 Extraction
786 3753 23 21 of
818 3753 80 20 Teeth.
933 3752 45 21 Pee
986 3751 37 21 for
1032 3750 92 21 Admin-

589 3795 110 22 istration
709 3793 31 20 ss.

646 3874 106 26 CHILD
764 3871 108 26 BIRTH
886 3870 94 30 SAFE,
994 3869 73 25 AND
1115 3896 5 5 .
1128 3893 2 8 ;

696 3915 136 26 ALMOST
841 3912 172 26 PAINLESS

591 3961 89 69 BY
726 3959 74 31 using
834 3957 48 24 DR
927 3954 195 26 FAWCETT'S

662 4018 13 7 ,
690 3992 145 28 Medicine..

621 4039 71 25 MRS
715 4034 164 27 BURRELL
901 4033 60 30 begs
970 4030 40 25 'to
1032 4031 90 24 inform

589 4077 41 25 the
642 4075 90 26 Ladies
743 4074 57 25 that
809 4073 44 25 she
861 4072 47 24 has
917 4070 63 24 been
989 4069 130 31 appointed

588 4117 65 33 Sole,
664 4116 73 31 agent
759 4114 28 24 m
811 4108 176 30 Christchurch
1014 4108 37 25 for
1078 4108 44 25 the

587 4156 76 24 above
673 4153 125 26 Medicine
809 4153 26 23 to
850 4149 117 25 facilitate
981 4145 139 26 Accouche-

586 4197 87 23 ments.
707 4192 90 25 Ladies
809 4198 52 17 can-
877 4189 31 24 be
929 4186 113 32 supplied
1061 4185 60 24 with

586 4233 41 25 the
649 4232 75 24 above
746 4229 33 38 by
804 4227 104 32 sending
930 4234 28 17 or
980 4224 92 31 calling
1094 4224 27 23 at

585 4272 41 26 Mr
647 4263 127 33 Burrell's'
791 4267 182 33 Photographic
995 4264 70 34 place
1096 4263 27 25 of

585 4306 122 31 business.!
720 4310 105 25 Gould's
847 4307 140 31 Buildings,
1009 4303 111 27 Victoria

586 4350 89 30 Street,
688 4346 181 29 Christchurch,
888 4344 83 26 where
990 4342 34 26 all
1042 4342 77 25 infor-

584 4390 96 25 mation
708 4395 45 20 can
781 4386 31 26 be
839 4382 117 29 obtained
983 4383 57 28 free,
1069 4382 51 26 and

583 4427 117 33 perfectly
743 4425 155 30 satisfactory
929 4422 51 25 and
1013 4420 106 33 genuine

583 4464 165 27 testimonials
760 4470 47 18 can
818 4462 31 25 be
860 4469 66 18 seen.
948 4484 5 7 ,
