2529 4029
1908 135 103 27 ordinary
2029 143 80 20 money
2127 138 81 21 consist
2221 139 23 22 in
2259 138 56 23 solid
2331 139 63 22 small
2409 139 75 23 loaves

1907 162 25 20 of
1943 161 49 26 salt,
2009 162 92 21 marked
2118 163 57 22 with'
2186 164 36 23 the
2240 166 46 21 seal
2302 164 26 23 of
2343 165 37 22 the
2394 166 75 27 prince
2477 175 5 18 ;

1907 187 43 21 and
1967 188 26 21 of
2013 188 43 22 this
2074 189 126 23 merchants
2218 192 64 21 make
2302 194 48 19 vast
2366 192 76 27 profits
2460 193 23 21 in

1907 218 84 17 remote
2005 215 80 27 places,
2101 215 71 22 which
2188 217 53 22 have
2256 218 130 22 abundance
2396 218 26 21 of
2432 219 51 27 gold

1907 240 43 21 and
1958 241 71 26 musk,
2045 241 71 22 which
2125 242 43 22 .the
2182 243 133 23 inhabitants
2330 251 37 15 are
2382 252 65 20 eager
2462 250 22 17 to

1906 265 75 23 barter
1988 267 35 21 for
2032 267 48 28 salt,
2092 271 22 19 to
2124 275 39 15 use
2172 269 53 22 with
2233 270 56 22 their
2382 281 29 5 —
2411 272 73 21 Marco

1906 293 71 21 Polo's
1989 295 83 22 Travels
2081 295 22 20 in
2112 296 36 20 the
2159 297 121 20 Thirteenth
2292 298 94 26 Century.

1934 326 58 22 How
2003 334 27 14 to
2047 328 65 21 Keep
2127 336 45 15 the
2188 330 110 22 Peace.—

1906 352 47 21 said
1964 360 13 14 a
1985 354 95 21 married
2090 362 58 20 man,
2160 356 99 28 stepping
2267 357 48 22 into
2326 364 39 14 our
2374 359 63 21 office
2446 359 39 23 the

1906 378 62 23 other
1978 380 48 27 day,
2120 385 58 19 must
2194 384 54 20 send
2265 391 34 15 me
2316 386 41 18 two
2373 386 73 26 copies
2461 387 27 21 of

1905 413 56 18 your
2051 407 22 21 in
2084 407 78 22 future.
2192 408 48 22 You
2255 410 64 21 make
2327 410 19 20 it
2355 417 23 15 so
2388 418 53 21 very
2449 412 35 22 in-

1905 433 113 27 teresting,
2030 433 47 22 that
2084 440 39 21 my
2129 434 49 22 wife
2188 436 43 21 and
2238 435 12 22 I
2255 436 87 27 quarrel
2348 436 73 23 which
2428 439 26 21 of
2458 446 28 15 us

1905 458 57 21 shall
1978 458 54 23 read
2049 459 18 22 it
2082 459 59 28 first;
2159 461 44 22 and
2218 461 38 23 the
2270 463 52 26 only
2332 469 47 21 way
2390 468 23 17 to
2428 464 58 29 keep

1905 484 37 21 the
1957 491 76 21 peace,
2049 485 15 27 I,
2074 486 53 27 find,
2143 486 21 23 is
2177 488 34 21 for
2219 488 55 23 each
2283 488 27 23 of
2320 495 26 16 us
2361 493 24 18 to
2400 490 56 22 have
2472 498 14 16 a

1905 517 56 21 copy
1968 511 6 22 !
2020 510 53 30 [We
2083 512 56 27 hope
2150 514 49 21 that
2208 514 43 23 this
2259 515 91 28 remedy
2355 516 35 22 for
2398 516 88 24 domes-

1905 539 29 20 tic
1945 538 133 22 dissensions
2088 538 44 23 will
2141 539 29 22 be
2178 542 113 29 generally
2300 542 116 29 adopted.]

1932 571 97 23 Modest
2044 573 94 23 Man.—
2138 574 22 21 A
2175 574 103 24 bachelor
2291 583 50 20 says
2355 577 49 22 that
2416 580 31 19 all
2454 578 30 23 he

1906 598 79 22 should
1995 599 40 21 ask
2040 599 34 22 for
2082 600 24 22 in
2115 608 15 14 a
2135 600 51 22 wife
2193 601 72 23 would
2273 603 27 21 be
2309 610 14 14 a
2327 604 56 25 good
2393 608 91 24 temper,

1904 624 83 27 health,
1998 625 58 27 good
2065 626 181 29 understanding,
2257 630 115 26 agreeable
2381 631 104 29 physiog-

1903 657 76 22 nomy,
1993 652 60 26 good
2061 653 82 26 figure,,
2155 653 106 24 domestic
2278 655 78 27 habits,
2373 664 113 17 resources

1905 678 25 20 of
1932 682 145 24 amusement,
2085 678 58 28 good
2146 681 79 26 spirits,
2233 683 158 27 conversation,
2397 685 87 28 talents,

1905 704 87 27 elegant
2002 712 109 21 manners,
2123 707 107 28 modesty,
2242 708 77 27 virtue,
2330 709 44 22 and
2383 718 87 22 money.

1929 746 29 8 —
1965 738 49 23 The
2023 743 88 23 poorest
2118 740 25 21 of
2150 740 28 21 all
2187 741 75 27 family
2268 741 69 27 goods
2344 749 37 16 are
2385 744 102 23 indolent

1904 764 99 23 females.
2032 765 26 22 If
2063 773 13 14 a
2087 766 48 22 wife
2149 766 76 23 knows
2240 768 94 27 nothing
2344 770 25 21 of
2380 770 106 24 domestic

1904 791 72 22 duties
1985 792 87 27 beyond
2082 792 37 22 the
2128 793 88 27 parlour
2226 801 23 14 or
2259 794 38 23 the
2307 794 99 30 boudpir,
2417 798 38 22 she
2465 799 19 21 is

1904 824 13 15 a
1927 818 124 27 dangerous
2059 823 89 23 partner
2157 820 23 21 in
2190 820 59 22 these
2260 822 64 21 times
2333 822 26 22 of
2359 825 126 27 -pecuniary

1904 845 147 28 uncertainty.
2339 858 4 4 •
2350 850 3 3 '
2373 852 3 5 •

1929 878 51 22 The
1990 878 68 22 Noun
2270 883 22 21 A
2301 889 77 22 young
2386 883 60 29 lady,
2461 889 25 18 at

1903 912 27 14 an
1941 905 148 23 examination
2098 907 24 22 in
2132 913 116 23 grammer,
2260 916 43 15 was
2309 909 69 23 asked
2387 911 50 27 why
2446 912 38 21 the

1903 938 60 16 noun
1973 933 94 20 bachelor
2076 940 44 15 was
2126 935 104 26 singular,
2259 937 44 21 She
2312 937 85 26 replied
2406 938 79 23 imme-

1903 958 89 28 diately,
2003 960 52 26 [and
2063 960 54 22 with
2132 961 68 21 much
2215 962 72 26 naive,
2434 964 17 22 it
2466 965 20 22 is

1903 985 99 27 singular
2011 986 52 27 they
2073 987 62 22 don't
2143 991 40 23 get

1929 1019 106 22 English
2042 1020 190 23 Philanthropy.
2233 1032 28 5 —
2263 1022 131 28 Harnessing
2393 1028 4 8 1
2402 1031 84 16 women

1903 1048 22 18 to
1936 1045 49 22 coal
1995 1050 58 18 carts
2061 1046 24 22 in
2093 1046 37 23 the
2138 1047 113 28 collieries,
2262 1049 91 27 making
2360 1050 60 23 them
2426 1052 60 22 draw

1903 1079 13 14 a
1924 1071 66 22 horse
2000 1072 57 27 load,
2069 1073 46 22 and
2122 1073 52 22 then
2183 1074 76 28 crying
2268 1076 75 21 shame
2351 1078 86 25 against
2442 1078 43 22 this

1903 1102 93 24 country
2006 1100 35 21 for
2049 1100 27 21 its
2086 1100 78 23 slaves.
2166 1112 27 4 —
2193 1102 110 23 American
2307 1109 74 19 paper.

1930 1132 21 22 A
1971 1139 51 15 new
2038 1140 72 14 breed
2131 1141 27 15 of
2178 1135 69 22 Dogs.
2249 1147 26 5 —
2278 1137 21 21 A
2317 1143 49 15 new
2381 1138 45 21 and
2443 1139 43 22 im-

1903 1159 83 31 proved
1996 1159 68 22 breed
2072 1159 24 22 of
2105 1159 54 28 dogs
2169 1160 39 23 has
2217 1162 67 28 lately
2291 1163 55 22 been
2353 1164 132 24 introduced

1903 1189 47 17 into
1971 1186 88 22 Boston.
2097 1187 67 22 Their
2181 1188 60 23 chief
2256 1190 45 22 and
2317 1189 170 31 distinguishing

1903 1212 83 27 quality
1995 1212 26 26 is,
2040 1213 48 21 that
2096 1213 52 28 they
2157 1214 50 27 give
2218 1215 56 23 their
2289 1220 90 19 masters
2388 1225 30 14 no
2427 1221 59 20 trou-

1903 1238 35 22 ble
1945 1246 5 20 ;
1968 1239 83 27 having
2059 1246 14 15 a
2083 1241 85 22 whistle
2177 1245 23 18 at
2214 1242 37 22 the
2262 1243 44 22 end
2315 1243 26 21 of
2353 1243 57 23 their
2424 1245 58 28 tails,

1904 1265 51 28 they
1964 1266 43 22 call
2016 1266 132 24 themselves
2159 1268 63 22 when
2231 1269 53 28 they
2294 1277 37 15 are
2340 1271 94 22 wanted.

1985 1299 146 23 Discerning
2257 1315 28 4 —
2286 1303 74 22 Never
2368 1311 45 15 was
2423 1306 62 22 there

1903 1332 13 15 a
1925 1329 89 23 greater
2022 1326 59 22 farce
2092 1327 52 22 than
2160 1332 22 17 to
2193 1329 44 22 talk
2247 1331 26 20 of
2285 1330 37 22 the
2331 1330 75 27 public
2420 1332 51 23 thus
2479 1341 5 14 :

1903 1353 75 21 —The
1986 1353 74 27 public
2070 1354 19 21 is
2098 1361 13 14 a
2120 1359 58 18 most
2187 1356 82 28 unjust,
2284 1357 100 27 illiberal,
2394 1358 88 29 led-by-

1903 1379 100 22 the-nose
2012 1380 82 27 booby;
2106 1388 14 13 a
2125 1381 80 22 foolish
2209 1389 72 22 goose,
2292 1383 91 23 without
2388 1385 97 23 discern-

1903 1409 68 24 ment,
1986 1406 91 23 without
2092 1414 71 20 sense,
2174 1409 92 23 without
2282 1413 99 25 Honesty,
2393 1413 93 22 without

1903 1440 43 20 any
1964 1433 58 27 good
2040 1433 112 28 quality—
2154 1443 13 14 a
2183 1436 64 26 proof
2259 1437 26 22 of
2299 1436 70 23 which
2389 1446 52 20 may
2454 1440 30 22 be

1902 1460 70 21 found
1985 1460 24 21 in
2027 1460 57 21 their
2098 1466 91 23 support
2202 1463 24 21 of
2239 1463 48 22 that
2299 1467 63 25 great
2374 1464 110 30 lubberly,

1902 1487 166 27 ill-conducted,
2080 1487 110 31 yillanous
2196 1490 59 26 print
2265 1491 36 22 the
2310 1492 110 26 Kentucky
2425 1494 59 20 Mer-

1903 1520 50 20 cury
1960 1522 5 18 ;
1983 1513 64 22 while
2057 1514 42 21 this
2108 1522 74 20 paper,
2201 1518 108 26 managed
2318 1518 52 22 with
2384 1526 24 14 so
2418 1521 67 22 much

1903 1544 55 19 taste
1969 1541 45 22 and
2024 1540 138 28 discreation,
2173 1542 19 22 is
2202 1542 39 23 left
2250 1547 23 19 to
2282 1544 74 28 perish
2360 1545 35 22 for
2404 1546 50 22 lack
2461 1548 25 21 of

1903 1568 132 26 patronage!
2122 1568 124 29 discerning
2372 1572 111 24 forsooth!

1903 1595 45 22 The
1969 1594 73 28 public
2060 1594 18 22 is
2093 1594 57 23 little
2169 1596 72 22 better
2258 1597 53 22 than
2326 1604 14 15 a
2355 1598 131 28 long-eared

1903 1621 94 28 donkey.
1998 1633 28 3 —
2026 1622 109 26 Kentucky
2148 1624 94 21 Warder.

1929 1655 115 23 Poverty:
2045 1667 28 5 —
2074 1656 23 22 It
2109 1656 20 22 is
2136 1659 40 19 not
2188 1661 90 26 poverty
2287 1666 24 15 so
2320 1659 66 22 much
2402 1668 23 15 as
2435 1669 49 20 pre-

1903 1685 62 19 tence
1976 1682 48 22 that
2037 1683 99 21 harasses
2145 1690 14 15 a
2167 1685 79 21 ruined
2259 1693 60 20 man,
2336 1687 37 22 the
2387 1689 97 26 struggle

1903 1710 101 21 between
2010 1716 13 14 a
2031 1709 71 28 proud
2112 1710 62 22 mind
2180 1711 44 22 and
2233 1719 29 15 an
2273 1715 216 27 emytypurserr-the,

1903 1736 93 27 keeping
2005 1741 30 22 Up
2044 1743 14 14 a
2066 1736 83 22 hollow
2158 1737 58 23 show
2227 1739 48 22 that
2289 1744 58 17 must
2356 1747 53 16 soon
2419 1749 63 15 come

1903 1766 22 18 to
1934 1770 30 15 an
1975 1763 51 21 end.
2055 1763 66 22 Have
2135 1763 37 23 the
2189 1772 93 21 courage
2296 1770 23 18 to
2334 1774 82 20 appear
2424 1776 60 20 poor,

1903 1789 44 22 and
1957 1796 45 21 you
2012 1789 81 23 disarm
2107 1794 93 25 poverty
2209 1793 25 21 of
2237 1793 29 21 its
2275 1793 98 28 sharpest
2381 1794 66 28 sting.

1929 1823 113 22 Swiming.
2044 1834 27 4 —
2073 1823 21 21 It
2111 1823 41 23 has
2171 1824 55 23 been
2243 1826 49 22 well
2311 1827 107 23 observed
2437 1829 49 22 that

1903 1857 52 15 man
1965 1850 20 21 is
1994 1850 38 21 the
2042 1850 52 27 only
2103 1851 84 22 animal
2201 1853 48 21 that
2257 1854 71 21 learns
2336 1857 23 18 to
2367 1855 69 28 swim,
2451 1857 35 21 for

1904 1876 79 27 others,
1999 1876 63 23 when
2071 1877 97 27 plunged
2183 1879 47 22 into
2240 1880 37 22 the
2287 1883 73 25 water,
2371 1882 63 22 swim
2449 1883 37 21 in-

1903 1903 135 27 stinctively;
2055 1903 43 22 and
2106 1904 28 22 its
2144 1905 51 22 well
2204 1905 79 23 known
2291 1908 47 21 that
2347 1915 60 20 man,
2418 1909 68 28 being

1903 1930 145 32 spercifically
2056 1930 81 28 lighter
2150 1931 55 23 than
2215 1937 73 24 water,
2304 1934 66 22 could
2379 1939 40 18 not
2428 1936 55 27 sink,

1903 1955 20 24 if
1929 1956 28 23 he
1968 1957 38 22 did
2015 1960 39 19 not
2063 1957 94 23 exhaust
2169 1958 35 22 his
2212 1960 65 27 lungs
2291 1961 29 27 by
2330 1960 102 24 needless
2440 1965 46 20 ter-

1903 1991 43 19 ror,
1962 1984 46 21 and
2023 1984 29 21 its
2066 1989 138 19 consequent
2211 1986 106 27 agitation
2331 1988 26 20 of
2369 1988 59 28 body
2437 1989 45 22 and

1903 2010 70 22 mind.
2002 2010 45 22 Mr.
2062 2010 60 23 John
2139 2008 131 32 Robertson,
2280 2014 87 27 F.R.S.,
2383 2015 79 23 details
2472 2024 14 14 a

1903 2040 33 18 set
1945 2037 27 21 of
1982 2037 128 27 interesting
2120 2039 146 25 experiments
2276 2048 27 14 on
2313 2040 39 21 the
2365 2043 87 27 gravity
2461 2043 26 21 of

1903 2064 36 21 the
1949 2063 84 22 human
2043 2064 65 26 body]
2137 2064 37 22 He
2185 2066 99 27 weighed
2294 2071 36 17 ten
2340 2067 102 24 different
2449 2069 37 22 in-

1903 2090 101 22 different
2012 2088 134 25 individuals
2159 2092 25 21 in
2194 2097 72 23 water,
2283 2095 130 27 comparing
2426 2096 59 22 their

1903 2117 80 27 weight
1992 2116 52 23 with
2058 2117 38 22 the
2106 2118 101 28 quantity
2217 2120 25 21 of
2252 2124 68 18 water
2334 2121 110 28 displaced
2455 2123 30 28 by

1903 2144 57 21 their
1974 2144 82 26 bodies,
2077 2146 44 20 and
2138 2145 68 22 found
2226 2147 53 27 that,
2300 2148 117 28 excepting
2434 2153 50 24 two,

1901 2177 68 20 every
1984 2177 53 15 man
2047 2178 43 14 was
2105 2170 83 28 lighter
2202 2173 52 22 than
2271 2174 35 22 his
2319 2175 66 27 equal
2399 2175 54 23 bulk
2463 2177 26 22 of

1901 2205 38 14 sea
1947 2201 69 18 water
2023 2205 6 19 ;
2040 2198 164 28 consequently,
2215 2201 65 22 could
2289 2208 90 20 persons
2390 2203 48 21 who
2444 2203 42 22 fall

1901 2224 46 21 into
1962 2228 68 17 water
2043 2224 56 21 have
2117 2232 103 19 presence
2235 2228 25 20 of
2275 2228 61 21 mind
2350 2229 99 28 enought
2463 2233 22 19 to

1902 2250 65 22 avoid
1977 2250 37 22 the
2023 2250 64 22 usual
2096 2251 69 27 fright
2175 2259 29 15 on
2218 2254 54 21 such
2282 2254 117 29 accidents,
2415 2264 69 20 many

1902 2277 71 27 might
1978 2278 27 21 be
2013 2278 118 26 preserved
2138 2278 57 22 from
2202 2279 119 29 drowning.
2350 2282 41 22 Dr.
2399 2283 86 22 Frank-

1901 2304 31 22 lin
1953 2304 129 22 considered
2101 2304 38 22 the
2159 2305 107 24 detacked
2285 2308 108 22 members
2410 2309 25 22 of
2447 2311 38 22 the

1901 2331 66 27 body,
1978 2331 142 27 particularly
2128 2332 37 22 the
2174 2332 65 28 head,
2247 2341 25 15 as
2279 2335 25 21 of
2309 2339 88 22 greater
2404 2337 82 27 weight

1901 2357 53 22 than
1965 2358 58 21 their
2032 2358 53 21 bulk
2099 2359 23 21 in
2133 2362 73 24 water,
2221 2360 40 22 but
2270 2362 48 21 that
2327 2369 40 14 our
2376 2363 76 23 bodies
2461 2364 24 22 in

1901 2385 36 21 the
1958 2388 118 24 aggregate
2091 2392 37 15 are
2143 2386 26 21 of
2183 2386 42 23 less
2240 2388 89 28 specific
2343 2390 92 28 gravity,
2456 2391 30 28 by

1901 2419 77 14 reason
1985 2412 27 21 of
2017 2412 37 21 the
2064 2412 133 23 hollowness
2203 2414 25 21 of
2234 2414 37 22 the
2280 2415 75 22 trunk.
2383 2416 38 22 He
2432 2424 52 15 con-

1901 2438 121 23 conceived
2033 2438 46 22 that
2085 2446 14 14 a
2108 2439 59 28 body
2172 2440 119 23 immersed
2300 2443 24 21 in
2329 2445 68 19 water
2406 2444 80 22 should

1901 2466 49 21 sink
1965 2473 30 19 up
2012 2468 22 19 to
2044 2465 37 22 the
2092 2473 58 20 eyes,
2167 2466 39 23 but
2219 2468 49 22 that
2275 2469 22 21 if
2307 2469 38 21 the
2361 2469 58 23 head
2429 2478 57 15 were

1900 2492 98 22 inclined
2007 2492 58 21 back
2072 2500 24 14 so
2104 2500 24 15 as
2137 2496 23 19 to
2167 2494 27 21 be
2201 2495 116 27 supported
2326 2496 30 27 by
2364 2496 38 22 the
2409 2501 72 24 water,

1900 2520 37 21 the
1946 2519 78 22 mouth
2033 2519 44 22 and
2087 2520 89 21 nostrils
2186 2522 70 22 would
2263 2522 85 22 remain
2357 2523 77 28 above,
2446 2525 38 21 the

1900 2546 60 27 body
1969 2546 70 26 rising
2052 2553 43 14 one
2109 2546 55 23 inch
2178 2550 24 19 at
2211 2555 64 21 every
2284 2549 138 29 inspiration,
2439 2551 45 23 and

1899 2573 89 27 sinking
1998 2580 30 14 an
2038 2572 51 22 inch
2099 2576 23 19 at
2131 2581 66 21 every
2207 2576 129 27 expiration.

1927 2607 94 22 Injury.
2023 2617 27 5 —
2052 2607 21 22 A
2082 2607 57 22 little
2148 2615 77 21 wrong
2239 2609 58 23 done
2307 2613 22 19 to
2338 2612 95 22 another
2440 2612 19 22 is
2470 2620 13 15 a

1899 2637 62 24 great
1977 2633 74 28 injury
2065 2634 59 22 done
2140 2638 22 18 to
2180 2636 118 23 ourselves.
2326 2638 47 21 The
2388 2643 98 18 severest

1899 2661 143 24 punishment
2049 2661 25 21 of
2085 2668 28 14 an
2124 2661 76 28 injury
2209 2663 17 20 is
2237 2663 37 22 the
2289 2664 161 23 consciousness
2460 2666 26 22 of

1900 2687 82 27 having
1992 2687 57 23 done
2059 2688 17 21 it
2082 2696 5 18 ;
2103 2689 44 21 and
2157 2696 29 14 no
2197 2696 50 15 man
2264 2690 77 23 suffers
2356 2699 61 15 more
2430 2692 53 23 than

1899 2714 26 22 he
1937 2714 49 22 who
1997 2715 19 21 is
2026 2715 67 21 tuned
2103 2722 53 15 over
2166 2719 23 18 to
2199 2716 36 22 the
2245 2718 52 26 pain
2307 2718 26 21 of
2343 2722 139 24 repentance.

1927 2749 78 21 Life's
2023 2748 146 24 Weariness.
2170 2760 29 5 —
2200 2750 71 29 Many
2286 2751 72 27 things
2378 2760 36 14 are
2431 2753 52 23 tire-

1900 2783 73 15 some:
1988 2776 137 27 ball-rooms,
2143 2777 74 22 where
2232 2778 83 28 beauty
2329 2779 68 22 faints
2413 2783 23 19 to
2451 2784 33 18 at-

1899 2805 56 19 tract
1972 2802 109 22 attention
2089 2810 5 20 ;
2117 2803 104 28 theatres,
2239 2805 53 22 with
2310 2806 90 25 paiuted
2413 2807 71 28 kings,

1899 2830 95 21 odorous
2005 2830 25 21 of
2038 2830 91 21 tobacco
2138 2830 45 22 and
2192 2831 47 28 gin,
2249 2832 45 22 talk
2301 2831 81 23 fustian
2388 2833 24 22 in
2419 2835 65 21 mock

1899 2856 86 22 heroics
1992 2864 5 19 ;
2016 2856 151 28 story-tellers,
2178 2858 48 22 who
2236 2859 52 22 bore
2298 2860 137 27 every-body
2444 2861 40 23 but

1899 2883 134 21 themselves
2047 2883 53 21 with
2112 2884 157 23 interminable
2284 2892 79 21 yarns;
2388 2887 96 28 singers^

1899 2910 49 22 who
1967 2910 65 21 when
2051 2910 53 27 they
2122 2917 116 16 overcome
2259 2911 58 23 their
2338 2912 118 24 diffidence

1899 2936 64 22 ahem
1972 2936 35 22 !—
2009 2936 43 22 and
2061 2936 136 29 hoarseness,
2206 2938 83 27 delight
2298 2943 21 17 to
2331 2940 78 22 muder
2416 2941 68 22 Moor

1898 2964 45 21 and
1952 2964 74 26 lover;
2042 2963 28 21 all
2081 2962 62 23 these
2160 2971 38 15 are
2212 2972 24 14 so
2246 2965 74 27 tiring,
2331 2965 48 22 that
2388 2967 62 22 there
2459 2969 21 21 is

1899 2997 41 15 one
1951 2990 64 27 thing
2025 2989 52 28 only
2087 2997 61 15 more
2159 2990 108 29 tiresome,
2275 2991 43 23 and
2329 2991 47 23 that
2385 2993 19 22 is
2414 2993 68 28 doing

1899 3017 101 27 nothing.

1947 3051 12 21 I
1969 3050 60 22 can't
2037 3051 67 27 speck
2119 3051 22 22 in
2150 3052 102 26 public—
2253 3059 68 16 never
2338 3052 57 23 done
2406 3054 54 22 such
2469 3062 15 14 a

1898 3077 64 27 thing
1975 3077 23 22 in
2014 3077 30 22 all
2058 3084 39 20 my
2193 3080 47 21 said
2256 3087 13 14 a
2288 3080 56 26 chap
2363 3080 37 22 the
2421 3080 63 23 other

1898 3104 70 27 night,
1979 3108 25 18 at
2014 3111 12 14 a
2035 3104 75 27 public
2120 3106 105 27 meeting,
2237 3106 49 22 who
2293 3106 44 23 had
2345 3106 58 23 been
2413 3108 72 23 called

1898 3138 60 20 upon
1978 3134 23 19 to
2016 3131 52 22 hold
2083 3131 67 27 forth,
2243 3134 22 21 if
2279 3140 43 20 any
2336 3133 59 28 body
2409 3134 22 22 in
2446 3134 38 23 the

1899 3157 73 24 crowd
1981 3157 45 23 will
2035 3158 68 27 speak
2111 3158 35 23 for
2157 3167 43 19 me,
2212 3160 36 23 I'll
2257 3160 54 23 hold
2319 3160 35 22 his

1925 3193 22 21 A
1957 3192 84 22 Toast.
2042 3202 28 5 —
2093 3191 47 23 The
2157 3193 80 22 Ladies
2245 3201 6 15 :
2268 3194 38 22 the
2321 3193 54 28 only
2389 3194 94 23 endura-

1897 3219 36 21 ble
1948 3219 141 27 aristocracy,
2108 3218 50 23 who
2174 3220 47 22 rule
2236 3221 92 22 without
2344 3221 138 28 law-rjudge

1898 3245 92 23 without
2002 3246 81 27 jury—
2084 3245 78 23 decide
2172 3247 91 23 without
2279 3247 76 28 appeal
2356 3259 27 4 —
2384 3249 44 22 and
2444 3256 36 15 are

1898 3280 69 14 never
1974 3272 25 22 in
2011 3272 37 22 the
2058 3280 81 21 wrong.

1950 3306 38 23 I'll
1997 3306 28 23 be
2034 3306 88 23 blessed
2127 3306 22 23 if
2157 3307 11 22 I
2237 3316 23 15 as
2271 3309 37 22 the
2317 3308 42 28 girl
2366 3309 47 22 said
2418 3310 63 22 when

1897 3333 40 22 her
1946 3333 64 22 lover
2019 3333 68 22 asked
2096 3333 41 23 her
2146 3337 23 19 to
2179 3335 27 22 be
2218 3336 101 22 married.

1925 3367 105 22 Method
2057 3374 44 15 for
2125 3368 152 24 Destroying
2305 3370 79 22 Slugs.
2385 3381 29 5 —
2414 3371 69 22 Fresh

1897 3393 102 23 brewer's
2008 3393 76 28 grains
2093 3402 38 15 are
2141 3402 30 14 an
2182 3396 110 23 excellent
2302 3397 46 21 bait
2361 3397 35 21 for
2412 3397 67 26 them,

1898 3421 20 21 if
1927 3425 41 24 put
1984 3420 65 23 down
2063 3421 24 22 in
2101 3421 107 23 handfuh
2223 3422 54 23 here
2287 3423 44 22 and
2341 3423 62 22 there
2413 3424 67 21 about

1898 3447 37 23 the
1945 3447 97 23 borders.
2080 3448 35 22 On
2128 3448 55 22 mild
2193 3449 73 28 nights
2274 3451 37 22 the
2321 3449 68 28 heaps
2400 3450 43 22 will
2453 3451 27 21 be

1898 3474 92 22 covered
1998 3474 53 22 with
2060 3473 68 29 slugs,
2138 3475 73 23 which
2223 3484 50 20 may
2288 3477 28 22 be
2332 3477 84 27 readily
2431 3477 49 22 des-

1896 3501 30 28 by
1936 3509 14 15 a
1960 3501 91 28 dusting
2059 3501 26 23 of
2094 3502 118 27 powdered
2223 3503 66 28 quick
2297 3502 53 23 lime
2357 3510 24 15 or
2390 3503 49 22 salt.

1924 3536 23 21 It
1955 3535 21 22 is
1992 3535 86 28 worthy
2096 3534 27 25 of
2139 3536 124 28 observing,
2277 3537 48 22 that
2341 3536 61 23 there
2407 3537 28 21 -is
2452 3544 30 15 no

1897 3562 88 29 passion
2000 3562 25 22 in
2043 3562 37 22 the
2099 3562 65 23 mind
2182 3563 27 22 of
2224 3571 53 14 man
2293 3570 24 15 so
2334 3564 61 21 weak
2414 3563 40 22 but
2463 3565 19 21 it

1897 3593 59 19 mate
1966 3589 45 22 and
2020 3592 93 19 matters
2122 3588 38 23 the
2174 3590 45 21 fear
2228 3590 27 21 of
2265 3589 66 23 death
2338 3596 6 14 :
2355 3589 125 23 and^there-

1897 3616 48 23 fore
1951 3616 70 22 death
2030 3616 19 22 is
2058 3623 29 15 no
2104 3616 55 22 such
2176 3616 88 22 terrible
2280 3623 86 19 enemy,
2385 3616 64 23 when
2467 3625 14 14 a

1898 3650 52 16 man
1965 3642 56 22 hath
2038 3650 23 15 so
2075 3649 69 21 many
2157 3642 127 22 attendants
2293 3642 67 22 about
2369 3642 53 28 him,
2433 3644 49 22 that

1898 3677 40 15 can
1950 3668 52 28 win,
2004 3668 38 23 the
2052 3669 88 22 combat
2146 3669 26 22 of
2178 3669 54 22 him.
2260 3669 105 25 Revenge
2372 3670 109 28 triumphs

1898 3703 51 16 over
1959 3696 81 26 death;
2054 3696 51 21 love
2113 3695 80 27 slights
2202 3695 28 27 it;
2249 3695 86 22 honour
2352 3696 95 27 aspireth
2458 3701 23 19 to

1897 3722 31 28 it;
1939 3723 62 27 grief
2011 3722 101 26 niethit;
2128 3722 49 21 fear
2191 3721 169 34 preoccupateth
2376 3726 33 24 it;
2429 3729 51 23 hay,

1897 3757 32 14 we
1948 3749 61 27 read,
2028 3748 56 23 after
2099 3748 60 22 Otho
2178 3747 40 22 the
2236 3748 109 28 Emperor
2360 3748 46 24 had
2425 3751 55 22 slain

1897 3776 96 27 himself,
2014 3775 54 28 pity,
2089 3774 73 22 which
2179 3773 20 22 is
2218 3773 36 23 the
2275 3774 113 24 tenderest
2407 3777 30 22 tie
2459 3778 27 22 of

1898 3803 121 25 affections,
2035 3800 111 30 provoked
2164 3807 66 21 many
2246 3804 24 19 to
2280 3802 35 22 die
2326 3806 40 18 out
2384 3803 27 22 of
2420 3811 60 15 mere

1898 3828 137 28 compassion
2047 3832 21 17 to
2078 3827 37 22 the
2126 3827 126 27 Sovereign,
2264 3829 45 22 and
2318 3835 25 15 as
2358 3830 37 22 the
2413 3834 70 19 truest

1897 3859 44 18 sort
1951 3855 28 27 of
1988 3854 117 23 followers.
2105 3864 29 5 —
2134 3854 79 22 Bacon.
2315 3860 4 15 ;
2348 3860 11 25 ,-;
2368 3865 3 4 ■

1924 3889 189 21 Compliment.—
2136 3886 37 22 Do
2182 3887 65 23 make
2252 3889 127 28 yourselves
2386 3893 24 19 at
2414 3891 68 22 home

2007 3913 48 22 said
2068 3920 18 14 a
2092 3911 88 25 'female
2190 3917 23 19 to
2222 3915 40 22 her
2272 3915 93 28 visitors,
2377 3924 42 15 one
2430 3918 52 23 dV^.

1920 3941 12 21 I
1941 3946 37 16 am
1988 3944 24 18 at
2021 3940 71 24 home*
2097 3940 87 27 myself,
2196 3942 46 22 and
2251 3943 53 22 wish
2309 3950 46 19 you
2359 3943 31 23 all
2396 3951 18 15 w
2418 3950 28 16 er>

78 130 44 22 any
133 121 101 24 sacrifice
246 121 75 23 rather
332 122 54 23 than
401 123 86 24 that-of
500 132 14 15 a
524 124 56 24 base
591 125 71 24 aban-

76 156 108 22 donment
191 154 26 22 of
226 154 21 22 hi
251 161 15 19 ?.
271 154 82 24 citizen
362 156 127 31 preyilqgg.'
522 157 38 24 No
572 157 89 24 relaxa-

78 189 48 21 tion
137 187 23 22 in
173 186 38 23 the
221 187 106 31 morality
339 187 24 24 of
372 188 38 23 the
417 188 112 33 .hustings
541 190 81 24 should
633 190 28 24 be

77 218 115 28 admitted,
210 218 49 24 that
275 227 53 16 man
346 220 80 25 should
437 222 116 24 forthwith
572 223 44 23 and
626 223 35 24 for

75 259 53 16 ever
146 251 92 24 become
258 253 111 23 infamous
390 255 24 22 in
433 263 43 23 any
498 257 91 27 station,
611 256 49 23 who

76 283 83 24 should
169 284 29 23 be
210 284 130 25 discovered
351 289 127 30 tampering
488 289 55 23 with
554 288 47 24 this
612 290 47 30 pri-

74 317 86 30 vilege.'
194 317 24 23 It
234 317 20 23 is
267 326 14 15 a
292 319 75 23 sacred
380 319 98 33 deposit!
501 321 40 26 .It
558 322 22 22 is
597 326 39 19 not
647 330 14 15 a

75 349 70 31 thing
154 347 73 26 which
244 358 43 16 can
304 352 28 31 b,e
345 352 69 25 called
426 362 41 16 our
484 361 58 16 own.
579 354 25 24 It
621 355 38 23 be-

74 382 68 31 longs
154 387 23 19 to
186 390 36 22 us,
235 391 41 16 our
288 384 106 31 children,
407 387 45 23 and
460 387 57 23 their
528 388 129 30 prosterity.

69 415 31 24 <It
111 416 20 23 is
143 415 39 24 the
192 415 77 24 charm
280 417 35 24 for
325 415 66 34 gold,
408 427 26 16 or
447 420 37 23 the
497 420 53 23 seed
560 420 36 23 for
608 420 49 30 evil,

74 455 26 17 as
175 457 119 22 possessor
311 458 50 25 may
377 451 91 34 dispose
485 453 26 23 it.
548 452 45 24 Let
612 453 47 23 that

71 488 87 24 person
175 482 28 23 be
223 484 124 24 accounted
358 484 42 25 vile
411 485 51 24 who
479 485 31 31 by
521 486 74 23 traffic
606 486 52 23 with

33 531 4 6 ,
76 514 40 23 the
133 514 62 31 tight
214 516 69 31 given
299 516 48 25 him
361 518 24 23 in
397 521 67 26 trust,
483 517 86 25 strikes
579 518 49 24 like
645 527 14 15 a

73 547 81 24 traitor
171 552 24 19 at
212 549 39 23 the
269 549 52 24 best
337 551 139 24 institutions
488 551 25 23 of
529 551 38 23 his
582 552 76 23 native

71 579 75 25 land.-
219 577 11 15 ()

99 611 202 25 Lighthouses.-—
301 614 22 22 A
332 616 75 21 return
416 614 43 23 has
473 614 58 23 been
546 613 65 25 made
631 618 24 20 to

71 637 38 23 the
120 638 79 24 House
208 640 27 21 of
246 641 125 25 Commons,
383 641 32 28 by
424 641 38 23 the
472 641 145 28 Corporation
635 643 25 21 of

71 664 40 22 tlie
120 665 87 28 Trinity
216 666 86 27 House,
313 667 26 21 of
351 667 35 23 the
401 668 85 28 receipt
500 668 44 22 and
561 669 96 31 applica-

71 691 49 23 tion
137 692 27 22 of
173 692 29 22 all
219 693 87 23 monies
320 694 99 23 received
434 702 25 14 as
474 694 51 24 tolls
541 695 34 22 for
589 695 67 28 light-

71 717 90 28 houses;
171 719 24 21 in
204 718 39 22 the
249 727 55 22 year
313 720 79 28 ending
397 723 48 21 31st
455 721 132 28 December,
595 724 60 26 1840,

69 747 111 25 pursuant
197 748 23 19 to
238 743 52 25 'Act
313 747 26 22 of
361 747 143 23 Parliament.
546 748 49 22 The
615 753 41 18 net

69 777 100 16 revenue
179 771 81 28 during
270 772 49 23 that
333 774 75 27 period
422 782 45 14 was
483 775 118 28 £184,717,
618 775 37 23 the

71 797 94 28 charges
186 798 118 28 £102,655,
324 800 43 22 and
384 800 38 22 the
440 801 88 28 surplus
551 801 103 28 £32,062.

149 824 44 22 this
201 825 87 28 susplus
297 825 56 23 have
360 827 56 22 been
422 827 111 23 deducted
538 832 117 25 payments

69 851 37 21 for
114 851 90 37 repairs,
215 852 123 28 insurance,
345 853 82 28 'wages,
438 854 91 23 salaries
539 858 22 19 to
579 863 76 20 super-

70 876 133 29 intendents,
224 879 48 27 &c,
291 879 89 31 leaving
402 888 14 14 a
440 881 59 23 clear
522 882 87 28 surplus
632 883 26 22 of

71 904 105 28 £22,465.
201 904 72 24 which
295 906 40 23 has
346 908 3 3 '
361 908 56 22 been
447 908 89 28 applied
566 912 23 19 to
617 909 37 23 the

72 931 166 23 '"charitable"
262 933 45 22 and
326 933 61 23 other
405 942 58 20 uses,
482 943 111 20 purposes,
610 937 44 21 and

69 958 92 27 intents,
172 958 35 22 for
215 959 72 23 which
297 960 37 22 the
342 961 141 28 Corporation
491 963 26 21 of
523 963 38 22 the
568 963 87 28 Trinity

71 984 79 23 House
160 985 39 22 has
207 985 58 23 been
275 987 130 23 established
421 988 47 23 and
481 989 173 23 maintained.—

74 1012 73 21 Oore'i
156 1013 110 26 Liverpool
273 1015 126 21 Advertiser.

99 1038 89 22 Effect
204 1047 27 14 of
250 1040 202 24 Transplanting.
454 1054 27 5 —
481 1043 49 22 The
546 1043 45 22 late
609 1044 44 23 Ed-

69 1064 61 22 ward
140 1064 110 28 Bellamy,
261 1066 60 28 Esq.,
338 1067 48 22 who
395 1069 45 21 had
448 1077 15 14 a
472 1074 58 18 most
539 1071 111 22 excellent

69 1092 91 24 garden'
165 1093 22 19 at
197 1092 116 27 Starcross,
323 1093 24 21 in
360 1094 147 29 Devonshire,
524 1097 128 27 productive

69 1117 26 21 of
107 1124 66 25 every
182 1117 54 22 kind
246 1119 26 21 of
277 1119 55 21 fruit
341 1120 20 21 in
368 1120 138 29 abundance,
517 1123 46 21 and
573 1131 14 14 a
596 1128 58 18 most

67 1143 198 28 highly-favoured
274 1145 103 23 situation
387 1147 46 21 and
442 1148 48 25 soil,
508 1149 66 22 could
584 1157 68 15 never

68 1170 96 22 succeed
178 1170 23 22 in
217 1177 68 21 green
300 1179 74 20 gages.
401 1189 6 7 .
415 1174 46 22 Mr.
476 1175 110 28 Bellamy,
602 1177 23 21 in
639 1185 14 14 a

67 1196 71 28 freak,
147 1204 32 15 we
189 1204 101 22 suppose,
302 1199 52 22 took
362 1199 61 23 three
439 1201 27 21 of
481 1201 34 22 his
533 1206 58 18 trees
607 1203 45 22 and

68 1223 114 28 conveyed
193 1224 60 22 them
264 1228 23 18 to
302 1226 34 22 his
353 1229 66 19 estate
434 1227 23 22 in
474 1227 148 28 Dorsetshire,
639 1237 13 14 a

68 1250 58 26 cold,
147 1250 72 28 bleak,
231 1252 88 27 chalky,
330 1253 43 22 and
389 1255 155 21 mountanious
559 1255 90 28 district,

68 1277 99 27 exposed
189 1281 23 18 to
234 1279 73 27 north,
331 1279 137 28 north-west,
492 1281 45 22 and
556 1282 94 27 easterly

67 1302 79 23 winds.
189 1304 23 22 It
224 1304 20 22 is
258 1306 136 22 remarkable
410 1307 49 21 that
474 1307 62 23 these
547 1312 58 18 trees
614 1308 36 23 the

45 1333 8 14 '
67 1330 83 22 second
173 1339 60 19 year,
254 1333 71 21 under
342 1333 42 22 this
399 1334 51 22 cold
468 1335 180 28 transportation,

33 1371 12 13 +
66 1356 55 23 bore
130 1358 137 24 abundantly
278 1360 38 21 the
327 1360 64 22 finest
399 1360 55 22 fruit
467 1361 136 27 imaginable
617 1362 34 22 for

67 1383 63 22 three
146 1391 70 20 years,
233 1384 64 24 when
312 1386 51 29 they
381 1387 80 22 ceased
468 1388 94 27 bearing
576 1389 72 27 again,

68 1410 46 21 and
123 1417 59 20 grew
187 1411 47 22 like
243 1412 96 23 willows.
367 1414 43 22 Mr.
422 1414 108 29 Bellamy,
535 1415 45 22 had
589 1416 60 22 them

67 1437 106 22 removed
183 1438 72 28 again,
261 1440 46 21 and
314 1440 63 27 again
384 1441 53 27 they
444 1441 53 23 bore
504 1442 144 28 abundantly;

69 1471 54 14 ever
127 1490 4 5 <
140 1464 56 22 after
213 1465 28 22 he
264 1466 91 27 planted
375 1471 39 18 out
438 1471 37 19 ten
498 1475 68 21 every
588 1476 60 20 year,

68 1490 95 28 keeping
172 1498 29 21 up
211 1499 13 14 a
233 1493 65 21 stock
307 1493 26 22 of
344 1494 63 27 forty,
417 1493 43 23 but
468 1495 82 28 always
559 1496 91 27 moving

69 1520 38 19 ten
125 1518 26 21 of
168 1518 60 22 them
242 1520 78 27 yearly
333 1520 23 22 in
372 1521 71 26 twins,
460 1521 44 22 and
513 1529 69 15 never
593 1522 56 22 after

69 1544 87 22 wanted
165 1544 34 23 for
208 1553 29 14 an
247 1546 113 23 abundant
368 1554 54 21 crop
432 1547 27 22 of
467 1556 70 19 green
548 1556 67 21 gages
624 1549 23 22 in

69 1577 15 15 a
93 1573 49 25 spot
156 1570 71 24 where
245 1573 99 28 scarcely
360 1581 43 20 any
422 1575 65 21 other
503 1575 55 23 fruit
577 1576 71 22 would

34 1605 3 4 •
67 1604 68 20 grow.
170 1598 23 22 It
200 1599 19 22 is
229 1600 113 33 evidently
352 1600 35 22 the
398 1608 50 15 case
465 1601 48 23 that
527 1602 39 22 the
580 1603 68 22 check

68 1624 27 22 of
105 1624 38 23 the
161 1629 48 18 root
222 1626 115 27 produced
350 1627 51 23 fruit
415 1628 87 22 instead
513 1629 26 22 of
549 1629 99 23 wood.—

194 1654 113 22 Chronicle.

93 1679 81 21 Large
199 1681 76 21 Steam
300 1681 94 23 Vessel.
396 1694 28 4 —
426 1683 82 22 Orders
531 1691 58 15 were
612 1692 35 14 re-

66 1705 80 22 ceived
161 1708 23 20 at
198 1706 120 24 Woolwich
332 1709 77 28 during
426 1709 38 23 the
480 1713 50 28 past
539 1711 69 27 week,
625 1714 22 19 to

65 1732 63 22 build
139 1741 12 13 a
161 1740 44 15 war
214 1735 148 23 steam-vessel
378 1736 25 22 of
414 1744 55 20 very
484 1737 62 28 large
563 1737 85 23 dimen-

42 1765 4 5 •
66 1759 66 27 sions,
145 1765 22 16 to
176 1760 28 22 be
215 1761 82 24 named
307 1761 37 23 the
356 1763 92 26 Dragon.
476 1763 49 23 The
535 1764 65 22 order
608 1765 40 22 has

66 1785 57 23 been
133 1788 197 28 countermanded,
341 1796 26 18 a*
378 1793 22 19 to
416 1791 42 21 her
472 1791 69 26 being
556 1791 58 23 built
625 1794 22 19 at

70 1813 118 22 Woolwich
194 1822 6 19 ;
215 1815 40 21 but
268 1815 40 22 she
324 1816 42 22 will
382 1817 27 22 be
424 1817 155 28 immediately
588 1826 60 14 com-

66 1840 94 22 menced
169 1845 23 17 at
201 1841 120 23 Sheerness
337 1850 24 14 or
376 1843 116 28 Chatham,
502 1848 58 18 most
568 1845 80 27 proba-

66 1866 38 28 bly
122 1870 24 18 at
163 1867 37 22 the
219 1868 67 22 latter
302 1873 56 24 port.
395 1872 66 21 Some
478 1871 53 22 idea
548 1879 52 20 may
618 1872 29 22 be

66 1892 92 24 formed-
170 1895 26 21 of
212 1894 38 23 the
266 1897 130 26 stupendous
412 1897 130 28 magnitude
558 1899 26 21 of
604 1897 43 23 this

66 1920 79 27 vessel,
156 1921 64 22 when
229 1921 18 23 it
255 1922 19 22 is
280 1923 71 22 stated
360 1923 39 23 her
408 1926 90 26 engines
508 1932 38 15 are
555 1928 22 18 to
588 1925 26 22 be
624 1926 26 22 of

65 1946 38 22 the
121 1947 108 23 immense
245 1956 73 20 power
334 1951 26 21 of
374 1953 40 20 800
429 1951 84 22 horses.
541 1952 49 22 The
603 1953 44 21 De-

63 1975 109 25 vastation,
196 1975 45 22 and
268 1976 63 22 other
356 1977 113 23 first-class
491 1982 106 19 steamers
621 1983 24 18 at

62 2004 89 23 present
164 2001 25 21 in
203 2002 37 22 the
255 2003 92 27 service,
363 2004 58 22 have
437 2005 53 26 only
509 2006 94 26 engines
622 2007 26 21 of

40 2037 6 4 •
113 2026 153 27 hors&pbwer.
292 2035 4 3 ■

91 2052 22 21 A
128 2052 160 23 Compromise.
290 2065 26 4 —
318 2055 31 21 At
362 2055 60 27 Sligo
438 2055 80 22 assizes
535 2064 14 14 a
567 2057 78 22 widow

64 2078 158 27 compromised
240 2087 28 14 an
280 2081 71 21 action
365 2081 34 22 for
414 2082 82 22 breach
511 2083 26 21 of
548 2085 98 24 promise

62 2104 26 22 of
99 2106 115 26 marriage,
224 2106 30 27 by
262 2108 84 26 paying
354 2108 35 22 the
403 2109 136 27 gentleman,
551 2118 13 12 a
577 2111 69 21 medi-

62 2131 34 22 cal
107 2132 95 27 student,
214 2133 61 23 £250
285 2137 22 18 to
318 2134 98 22 abandon
427 2135 34 22 his
471 2136 50 21 suit.

90 2158 200 23 Extraordinary
317 2161 118 22 Trotting
464 2163 94 21 Match.
568 2165 77 21 —On

62 2184 103 29 Tuesday
173 2186 117 22 afternoon
300 2194 14 14 a
323 2188 92 22 number
426 2189 26 21 of
458 2189 98 28 sporting
567 2191 78 21 noble-

62 2218 52 15 men
123 2212 45 22 and
176 2212 128 28 gentlemen
314 2215 122 22 assembled
447 2219 25 18 at
481 2215 38 23 the
530 2217 114 22 extensive

62 2238 113 23 enclosure
195 2240 104 22 attached
316 2243 23 19 to
358 2242 35 21 the
412 2242 123 28 Rosemary
554 2244 89 22 Branch

48 2264 108 29 vTavern,
167 2266 119 28 Peckham,
295 2268 34 21 for
335 2268 36 21 the
381 2276 93 20 purpose
483 2269 25 22 of
514 2269 131 28 witnessing

62 2292 38 21 the
111 2293 150 27 performance
271 2294 26 21 of
309 2301 28 15 an
352 2296 166 28 extraordinary
528 2297 76 23 mateh
604 2309 27 4 —
631 2305 14 14 a

60 2325 56 21 grey
124 2327 65 20 pony,
200 2320 26 22 of
232 2320 83 22 twelve
320 2321 71 22 hands
400 2322 44 22 and
454 2330 14 14 a
476 2322 52 22 half
534 2323 61 28 high,
607 2325 36 21 the

61 2349 104 25 property
180 2347 27 22 of
219 2347 43 22 Mr.
274 2348 81 28 Burke,
363 2348 70 28 being
447 2349 88 23 backed
548 2351 36 22 for
597 2351 48 25 £50

62 2376 23 18 to
99 2377 45 18 trot
160 2373 99 23 fourteen
276 2375 65 21 miles
357 2376 76 22 within
447 2383 29 15 an
489 2377 62 26 hour,
563 2377 54 23 with
631 2386 14 14 a

60 2400 99 27 monkey
168 2400 33 22 for
210 2401 29 21 its
248 2401 67 22 rider.
344 2402 45 22 The
399 2403 91 27 novelty
500 2404 26 22 of
533 2404 38 22 the
581 2405 64 22 affair

62 2426 115 28 attracted,
193 2428 24 21 in
234 2428 98 22 addition
347 2432 21 19 to
384 2429 37 22 the
431 2430 86 28 betting
533 2439 53 14 men
600 2432 44 22 and

62 2455 128 24 cognoscenti
202 2455 25 21 in
244 2455 65 23 horse
325 2456 61 27 flesh,
398 2464 29 14 an
441 2457 110 23 immense
561 2466 83 14 assem-

62 2480 65 28 blage
147 2482 26 21 of
188 2485 126 24 spectators,
332 2483 116 28 including
468 2485 85 22 several
574 2485 70 23 ladies

64 2508 98 22 resident
170 2508 23 22 in
207 2508 38 22 the
462 2511 23 21 in
502 2511 58 23 their
570 2513 74 28 equip-

62 2541 59 20 ages.
149 2535 47 21 The
205 2536 99 28 monkey
315 2537 26 21 of
347 2544 75 15 course
431 2545 43 15 was
481 2538 37 22 the
551 2539 46 22 lion

62 2561 38 22 the
111 2561 50 28 day,
172 2562 50 28 and,
234 2563 119 28 according
361 2567 22 19 to
393 2564 38 22 the
441 2565 124 23 conditions
575 2567 25 21 of
607 2567 37 21 the

62 2588 82 28 match,
154 2589 28 21 he
192 2596 44 15 was
245 2593 23 19 to
278 2590 29 22 be
316 2591 85 27 booted,
409 2592 99 27 spurred,
516 2593 45 21 and
571 2593 73 23 other-

36 2623 6 3 -
62 2614 53 22 wise
125 2616 78 22 attired
212 2617 57 21 after
277 2617 39 22 the
324 2617 86 23 fashion
427 2619 26 21 of
464 2619 38 21 the
513 2619 94 28 jockeys
621 2623 22 19 at

63 2640 82 28 Epsom
164 2650 23 14 or
205 2643 150 29 Newmarket,
374 2645 45 22 and
438 2652 44 15 was
498 2649 22 19 to
539 2647 48 21 ride
606 2647 37 22 the

62 2674 59 22 pony
130 2669 23 21 in
163 2669 37 23 the
208 2670 65 22 usual
283 2671 56 28 style
353 2671 51 23 with
419 2672 77 22 saddle
506 2673 47 21 and
565 2673 76 23 bridle.

62 2694 49 23 The
125 2696 95 27 monkey
229 2698 116 28 originally
354 2699 97 21 selected
465 2699 35 22 for
509 2699 38 22 the
563 2700 80 22 under-

62 2721 78 28 taking
157 2723 18 21 is
193 2724 38 22 the
249 2729 104 23 property
367 2725 26 22 of
403 2733 14 15 a
432 2726 119 28 foreigner,
567 2727 41 21 but
619 2727 24 22 in

62 2755 151 22 consequence
231 2752 26 20 of
271 2751 36 22 his
318 2751 94 28 making
427 2760 30 14 an
471 2753 77 22 attack
567 2760 29 16 on
610 2753 34 23 his

61 2781 81 22 owner,
153 2777 44 22 and
210 2777 121 28 wounding
339 2778 45 22 him
394 2779 102 27 severely
504 2780 25 21 in
539 2779 38 23 the
587 2787 54 21 arm,

59 2801 19 22 it
90 2809 45 16 was
146 2803 92 23 deemed
247 2805 98 27 prudent
352 2805 29 27 ly
391 2805 45 22 Mr.
447 2805 74 23 Burke
532 2809 22 19 to
567 2807 76 22 obtain

60 2835 15 15 a
85 2830 124 28 substitute,
220 2831 46 22 and
274 2831 53 22 with
337 2831 46 23 that
397 2831 57 23 view
464 2833 45 21 Mr.
520 2833 74 28 Batty,
606 2833 37 23 the

58 2856 128 23 celebrated
201 2858 126 27 equestrian
335 2865 112 21 manager,
459 2866 44 15 was
518 2860 89 28 applied
621 2864 22 18 to

58 2882 36 22 for
102 2884 39 22 the
150 2885 51 21 loan
213 2885 27 21 of
245 2892 49 15 one'
298 2885 25 22 of
330 2885 32 22 his
372 2885 89 23 trained
470 2886 115 28 monkeys,
597 2887 46 23 and

57 2909 50 23 that
111 2911 127 26 gentlemen
245 2911 83 28 having
334 2912 97 22 selected
441 2913 6 11 '
451 2914 6 10 '
461 2913 79 27 Signor
545 2913 80 28 Jocko,

57 2937 51 21 who
118 2938 47 22 had
173 2938 91 27 already
270 2939 81 21 earned
356 2939 152 23 considerable
514 2941 127 28 reputation

55 2963 33 28 by
96 2964 34 22 his
140 2965 166 27 performances
315 2965 22 22 in
346 2965 36 23 the
392 2966 74 27 circle,
473 2970 24 18 at
504 2967 37 22 the
551 2969 89 26 Surrey,

55 2991 46 21 and
112 2991 63 23 other
184 2992 155 28 metropolitan
349 2993 44 22 and
402 2993 123 32 provincial
536 2994 103 23 theatres.

55 3017 34 22 At
101 3017 39 23 the
156 3019 121 28 appointed
285 3019 53 23 time
348 3019 36 23 the
394 3020 76 27 signor
480 3021 66 22 made
554 3021 36 22 his
603 3029 38 21 ap-

52 3051 125 22 pearance,'
184 3046 108 22 attended
304 3047 30 26 by
345 3054 39 15 one
401 3048 26 21 of
439 3047 39 22 the
488 3047 153 28 rough-riders

53 3070 122 30 belonging
192 3077 22 18 to
233 3073 45 22 Mr.
295 3073 84 28 Batty's
398 3074 176 23 establishment.
604 3076 36 22 He

53 3104 46 16 was
109 3098 90 24 dressed
207 3106 14 14 a
230 3101 21 20 la
261 3100 95 28 Chifney
362 3108 25 14 or
397 3101 69 28 Scott,
473 3101 35 23 his
511 3103 80 26 jacket
596 3103 45 22 and

53 3125 122 23 buckskins
184 3126 68 28 being
263 3127 58 22 built
334 3127 32 27 by
374 3134 14 14 a
400 3127 106 24 first-rate
521 3129 120 22 West-end

55 3152 131 28 Schneider,
198 3153 43 23 and
256 3153 36 22 his
299 3155 111 26 top-boots
509 3155 59 23 have
582 3155 58 23 done

53 3178 89 24 honour
160 3187 57 15 even
236 3184 23 18 to
278 3180 38 22 the
338 3181 121 22 renowned
481 3182 77 28 Hoby.
592 3183 48 22 The

53 3206 88 23 colours
150 3207 28 23 he
194 3207 91 28 sported
294 3214 58 16 were
365 3207 41 23 red
420 3207 46 23 and
474 3209 74 28 white,
560 3210 46 21 and
615 3210 24 21 in

52 3232 37 23 his
105 3233 65 28 right-
180 3242 51 19 paw
244 3234 29 22 he
292 3234 88 22 carried-
396 3242 13 15 a
427 3234 125 24 handsome
567 3236 73 27 riding

55 3260 66 29 whip,
127 3261 46 23 and
179 3261 47 23 also
233 3269 59 15 wore
297 3269 14 15 a
316 3261 63 23 small
385 3261 49 29 pair
439 3262 27 22 of
467 3269 70 21 spurs,
544 3263 96 22 buckled

53 3288 72 22 round
129 3288 40 23 -his
178 3289 72 22 boots.
266 3299 3 4 -
278 3289 49 22 The
333 3296 61 21 pony
399 3289 31 22 he
438 3296 48 15 was'
492 3289 108 23 mounted
609 3298 29 14 on

54 3313 19 23 is
83 3322 12 14 a
109 3322 54 21 very
171 3315 45 23 fast
231 3318 87 25 trotter,
327 3316 47 27 but,
390 3316 201 27 notwithstanding
605 3317 35 22 bis

54 3342 172 28 performances,
235 3343 55 22 time
300 3350 45 15 was
353 3343 23 22 in
385 3343 45 22 this
441 3343 101 22 instance
552 3343 86 22 backed
646 3352 4 4 -

55 3371 24 18 at
91 3369 64 23 odd's;
167 3371 5 3 '
181 3370 67 22 After
260 3369 39 23 the
316 3374 156 24 arrangement
488 3370 31 22 of-
525 3370 38 23 the
576 3371 64 21 usual

54 3396 165 28 preliminaries,
236 3397 39 22 the
291 3400 55 19 start
359 3397 51 22 took
425 3397 72 28 place,
509 3397 45 22 Mr.
566 3397 74 22 Burke

55 3423 45 21 and
110 3430 13 15 a
137 3424 137 27 gentleman,
286 3423 37 23 the
339 3424 73 22 friend
421 3425 27 21 of
459 3424 38 22 the
511 3429 66 23 party
589 3424 50 22 who

54 3447 45 25 had
107 3451 67 22 taken
184 3451 37 22 the
231 3451 45 27 bet,
288 3451 113 28 cantering
410 3458 30 15 on
447 3451 56 22 each
513 3451 47 22 side
570 3451 26 22 of
601 3450 38 23 the

55 3482 66 23 pony,
132 3478 54 23 with
195 3480 44 20 two
248 3485 26 15 or
284 3477 63 23 three
358 3478 75 22 others
443 3478 115 33 galloping
567 3479 25 20 in
601 3478 37 21 the

54 3509 56 17 rear.
118 3522 4 3 .
137 3505 38 22 He
189 3504 134 27 performed-
334 3505 36 22 the
386 3505 102 22 distance
503 3512 24 15 in
545 3505 95 27 fifty-six

53 3531 105 22 minutes.
161 3539 44 15 ana
220 3532 126 27 fifty-three
360 3532 94 22 seconds
471 3532 26 22 of
513 3532 38 22 the
570 3531 66 28 given

55 3556 59 29 time,
133 3558 162 29 consequently
313 3558 60 22 three
392 3559 98 22 minutes
508 3559 46 22 and
573 3565 66 16 seven

55 3585 91 22 •econds
155 3588 22 20 to
186 3593 71 21 spare,
275 3585 46 22 and
329 3592 43 15 was
389 3589 41 18 not
438 3589 25 19 at
473 3586 30 23 all
512 3585 126 23 distressed.

55 3609 45 24 The
101 3611 3 12 ;
109 3612 75 28 6ignor
193 3612 55 23 rode
255 3613 25 22 in
289 3612 177 28 first-rate.style,
476 3620 65 15 came
549 3613 25 22 in
584 3612 54 23 with

55 3635 33 24 his
104 3640 59 28 whip
180 3640 25 22 in
223 3640 36 22 his
277 3639 84 27 moutb,
382 3639 47 23 and
446 3640 112 28 appeared
577 3639 61 29 quite

55 3666 111 23 conscious
173 3667 27 22 of
210 3666 36 23 his
255 3673 49 16 own
319 3666 75 23 merits
401 3673 27 16 as
436 3674 29 15 an
475 3666 161 30 equestrian.—

59 3691 83 29 Sunday
153 3695 74 20 Tinted

81 3719 118 25 Fondness
213 3729 27 14 op
255 3721 68 24 Farm
345 3722 72 22 Stock
440 3729 45 14 for
509 3722 67 22 Salt.
578 3733 29 5 —
608 3721 35 27 In.

56 3744 42 24 this
106 3752 93 24 country
209 3755 13 15 a
231 3748 66 23 small
313 3748 87 28 portion
417 3748 54 28 only
485 3748 26 22 of
527 3748 39 23 the
581 3748 57 28 agri-

55 3772 91 25 cultural
161 3775 138 27 community
313 3775 55 22 have
382 3774 58 23 tried
454 3775 38 22 the
510 3775 94 29 efficacy
614 3774 26 23 of

53 3799 42 30 fait
103 3807 59 21 upon
170 3801 59 23 farm
238 3802 71 23 stock.
347 3802 46 23 The
403 3801 87 28 avidity
500 3802 54 23 with
563 3801 73 24 which

53 3827 19 19 it
88 3826 19 23 ig
121 3827 111 24 devoured
246 3829 31 27 by
286 3828 67 23 cattle
367 3826 45 25 and
427 3829 76 28 sheep,
520 3828 47 23 and
581 3835 54 16 even

54 3857 81 23 corses,
158 3855 24 22 is.
200 3856 146 27 astonishing,
370 3855 73 22 while'
461 3855 38 22 the
521 3856 114 22 influence

53 3879 79 24 gained
149 3888 52 16 over
215 3882 63 23 them
294 3882 97 28 through
405 3881 60 24 their
466 3884 2 12 1
480 3889 118 21 eagerness
614 3886 22 19 to

54 3905 73 24 obtain
135 3907 19 22 it
163 3908 18 23 is
191 3909 87 29 equally
443 3909 87 23 Aflock
537 3910 26 21 of
568 3908 76 30 sheep*

55 3937 25 16 or
97 3933 67 23 drove
182 3936 26 22 of
224 3937 66 22 cattle
306 3943 58 21 may,
372 3935 108 29 instantly
495 3936 30 23 be
541 3936 95 28 brought

1397 1682 29 15 BY
1440 1683 75 14 MAJOR
1533 1683 89 15 CALDER
1638 1684 126 16 CAMPBELL.

1370 1707 72 23 Thine
1453 1716 51 20 eyes
1509 1709 6 22 !
1531 1709 62 23 thine
1604 1717 51 20 eyes
1663 1710 7 22 1

1370 1741 48 21 The
1428 1744 71 24 starry
1508 1741 61 22 skies

1315 1771 66 23 Have
1390 1777 47 23 not,
1448 1773 24 22 in
1482 1773 28 22 all
1518 1773 59 22 their
1586 1773 112 28 glittering
1706 1775 85 28 sphere,

1341 1804 23 21 A
1373 1804 67 22 beam
1449 1807 24 19 to
1483 1803 60 24 wake
1555 1805 76 22 within
1640 1814 38 19 my
1688 1807 63 22 heart

1341 1835 60 23 Such
1412 1836 68 23 trains
1490 1836 25 22 of
1520 1836 75 28 happy
1603 1836 94 29 thought
1707 1846 24 14 as
1741 1839 49 22 dart

1369 1869 83 21 Across
1462 1876 36 19 my
1508 1869 69 26 mind,
1590 1869 71 27 when,
1671 1869 24 22 in
1705 1870 61 22 thine
1778 1878 59 21 eyes,

1318 1900 12 21 I
1341 1900 55 22 read
1405 1900 49 22 that
1464 1900 11 21 I
1486 1907 36 14 am
1531 1900 53 22 dear
1592 1901 6 21 !

1370 1940 72 22 Thine
1452 1947 50 21 eyes
1509 1940 6 21 !
1531 1940 62 23 thine
1603 1948 51 21 eyes
1660 1942 6 21 !

1300 1981 5 14 r
1370 1972 48 22 The
1428 1972 75 22 varied
1513 1972 56 29 dyes

1294 2004 55 27 yOf
1355 2003 31 22 all
1395 2003 40 21 the
1444 2003 95 28 gloving
1548 2003 85 23 flowers
1643 2004 48 23 that
1699 2005 66 29 blow,

1341 2034 66 22 Have
1417 2038 40 17 not
1465 2035 39 21 the
1510 2042 75 20 power
1594 2039 23 18 to
1628 2036 42 22 win
1678 2037 58 22 from
1747 2045 36 14 me

1341 2064 60 23 Such
1410 2065 57 27 love,
1478 2071 24 17 as
1511 2066 80 28 fondly
1600 2068 66 22 steals
1676 2071 23 19 to
1708 2068 58 28 thee,

1369 2097 73 21 When
1453 2097 55 27 slyly
1517 2099 97 26 peeping
1626 2099 56 22 from
1693 2100 61 22 thine
1765 2108 53 20 eyes

1315 2128 133 23 Affection's
1457 2128 88 28 glances
1555 2130 56 26 glow
1623 2130 6 22 !

1370 2170 73 22 Thine
1454 2179 50 19 eyes
1512 2170 5 23 !
1534 2171 63 22 thine
1607 2179 52 20 eyes
1665 2173 6 21 !

1372 2202 10 22 I
1394 2202 27 22 do
1432 2206 40 18 not
1481 2203 60 27 prize

1314 2233 50 22 The
1373 2234 109 27 brightest
1489 2242 62 19 gems
1561 2242 30 15 on
1601 2235 113 23 Fashion's
1724 2236 73 23 shrine

1341 2267 29 21 So
1384 2266 68 22 much
1461 2274 25 15 as
1494 2274 41 15 one
1545 2267 57 22 kind
1609 2267 54 23 look
1672 2268 57 22 from
1739 2269 58 28 thee,

1341 2299 56 21 Sent
1407 2298 57 22 back
1473 2299 23 21 in
1506 2299 56 21 fond
1571 2301 74 21 return
1656 2303 21 19 to
1687 2308 47 20 me;

1369 2330 48 22 Nor
1426 2338 51 15 care
1488 2330 17 28 I,
1517 2338 23 15 so
1550 2331 50 22 that
1607 2331 59 23 from
1675 2332 60 23 thine
1746 2341 52 21 eyes

1313 2364 116 22 Affection
1440 2364 64 22 steals
1515 2367 22 19 to
1546 2365 61 22 mine
1613 2365 6 22 !

1283 2398 79 25 Dover,
1372 2398 60 26 July,
1445 2398 61 20 1842.

1312 2435 22 22 A
1343 2435 100 22 Yankee
1454 2435 101 21 Sermon.
1558 2445 27 5 —
1586 2435 12 21 I
1608 2442 55 15 once
1679 2436 72 23 called
1760 2445 28 14 on
1802 2446 14 14 a
1825 2439 48 23 sick

1283 2469 87 20 person,
1382 2462 74 21 whom
1474 2461 36 22 the
1526 2461 88 23 doctors
1629 2462 46 23 had
1689 2463 66 27 given
1770 2472 31 20 up
1818 2473 24 14 as
1860 2475 13 14 a

1282 2496 57 20 gone
1350 2496 59 14 case.
1440 2488 10 21 I
1468 2488 66 23 asked
1550 2489 47 21 him
1612 2489 19 21 if
1649 2490 28 21 he
1692 2490 45 22 had
1753 2492 67 22 made
1837 2492 35 23 his

1282 2523 68 19 peace
1368 2515 53 22 with
1439 2515 102 22 Heaven.
1572 2516 37 21 He
1625 2516 46 22 said
1689 2516 28 23 he
1725 2517 103 29 -thought
1843 2520 28 22 he

1283 2543 46 21 had
1338 2542 97 28 squared
1446 2543 30 21 all
1491 2550 36 19 up.
1558 2542 11 21 I
1579 2543 102 27 inquired
1697 2544 21 22 if
1729 2544 29 23 he
1772 2545 46 22 had
1828 2546 44 23 for-

1282 2569 66 27 given
1359 2570 32 22 all
1400 2569 35 22 his
1451 2569 104 22 enemies.
1585 2570 36 21 He
1636 2570 91 27 replied,
1859 2574 12 21 I

1282 2596 54 22 then
1348 2596 69 23 asked
1426 2596 48 22 him
1484 2596 19 21 if
1513 2596 28 22 he
1553 2596 44 21 had
1612 2596 65 23 made
1692 2597 35 22 his
1736 2605 68 21 peace
1814 2600 52 22 with

1282 2623 36 22 his
1326 2624 92 26 printer.
1449 2623 37 22 He
1502 2623 111 22 hesitated
1629 2623 35 22 for
1679 2631 14 15 a
1710 2630 105 24 moment,
1827 2627 44 22 and

1282 2649 54 22 then
1346 2650 48 22 said
1405 2650 28 22 he
1449 2649 101 22 believed
1568 2650 27 21 he
1611 2650 62 22 owed
1687 2651 47 22 him
1744 2654 127 27 something

1282 2676 44 23 like
1344 2677 69 22 about
1428 2681 41 18 two
1487 2676 80 22 dollars
1586 2676 45 23 and
1645 2677 49 28 fifty
1710 2682 69 23 cents,
1797 2680 72 23 which

1281 2703 30 22 he
1325 2703 87 22 desired
1430 2708 22 17 to
1469 2704 56 22 have
1541 2704 54 27 paid
1608 2704 77 22 before
1701 2705 29 22 he
1746 2706 37 22 bid
1802 2708 69 26 good-

1282 2730 29 28 by
1329 2733 23 19 to
1372 2730 38 23 the
1429 2730 75 23 world.
1549 2730 42 22 His
1611 2730 71 23 desire
1703 2739 45 15 was
1765 2733 104 23 immedi-

1283 2757 59 27 ately
1355 2758 109 26 gratified,
1476 2757 43 23 and
1534 2757 59 22 from
1609 2758 49 21 that
1673 2762 99 19 moment
1788 2760 29 22 he
1831 2762 40 21 be-

1283 2791 63 15 came
1362 2784 164 23 convalescent.
1556 2784 37 22 He
1607 2785 19 21 is
1639 2792 49 15 now
1704 2785 71 28 living
1789 2787 23 22 in
1831 2788 38 22 the

1282 2812 131 26 enjoyment
1428 2812 26 21 of
1465 2811 76 22 health
1557 2811 44 22 and
1616 2812 129 28 prosperity,
1763 2816 25 19 at
1802 2821 68 21 peace

1282 2837 54 23 with
1352 2838 34 22 his
1405 2845 50 15 own
1474 2838 135 27 conscience,
1629 2839 52 22 with
1703 2839 101 29 Heaven,
1824 2842 46 22 and

1282 2864 38 23 the
1340 2865 76 22 world.
1450 2865 42 23 Let
1505 2864 45 23 this
1565 2865 28 22 be
1608 2873 29 14 an
1653 2866 101 28 example
1769 2868 36 21 for
1818 2875 51 21 you,

1282 2898 38 22 my
1338 2892 92 22 friends.
1470 2892 119 22 Patronize
1603 2892 37 23 the
1655 2893 89 27 printer,
1761 2894 51 22 take
1832 2895 38 22 the

1281 2925 87 21 papers,
1388 2927 43 19 pay
1447 2919 36 22 for
1496 2918 63 22 them
1569 2942 3 3 .
1578 2919 24 21 in
1622 2919 107 27 advance,
1750 2920 45 22 and
1812 2929 57 19 your

1282 2945 54 28 days
1351 2946 45 21 will
1414 2946 28 22 be
1457 2946 54 26 long
1528 2953 60 19 upon
1604 2946 38 21 the
1658 2946 69 27 earth,
1744 2947 42 22 and
1805 2955 65 16 over-

1280 2971 92 29 flowing
1382 2973 53 22 with
1446 2972 38 23 the
1492 2972 75 27 honey
1577 2972 27 22 of
1614 2972 126 29 happiness.

1307 3006 53 22 The
1374 3007 106 22 Decline
1491 3014 27 14 of
1535 3006 176 22 Superstition.
1712 3018 29 5 —
1858 3010 11 21 I

1281 3039 44 15 was
1445 3033 46 22 said
1499 3039 30 15 an
1539 3033 38 21 old
1592 3033 95 22 Scottish
1696 3033 54 29 lady
1758 3036 110 28 recently,

1304 3059 58 23 folks
1372 3068 56 15 were
1438 3067 56 15 unco
1503 3059 76 22 feared
1589 3063 23 18 at
1621 3063 68 19 water
1698 3061 85 28 dievils,
1795 3063 75 22 called

1282 3087 172 28 water-kelpies:
1464 3087 40 22 but
1513 3094 44 14 noo
1568 3087 48 21 I've
1626 3087 61 22 lived
1696 3090 22 19 to
1729 3096 37 14 see
1777 3089 60 22 them
1849 3091 21 20 a'

1281 3113 69 28 dead;
1373 3114 45 22 and
1438 3114 12 22 I
1463 3113 65 23 think
1543 3113 24 22 iv
1582 3113 12 22 I
1607 3121 59 15 were
1683 3117 24 19 to
1723 3115 44 23 live
1781 3116 90 23 anither

1280 3141 131 26 generation
1431 3141 11 22 I
1461 3140 71 27 might
1548 3140 94 23 out-live
1661 3141 38 22 the
1713 3149 66 15 veera
1797 3143 72 23 deevil

1306 3200 85 24 Young
1402 3202 106 22 Widows.
1510 3212 29 6 —
1539 3202 23 21 A
1570 3201 54 28 lady
1629 3202 81 28 paying
1715 3210 14 15 a
1736 3203 50 22 visit
1798 3207 22 18 to
1830 3204 40 22 her

1281 3227 116 29 daughter,
1412 3228 50 23 who
1473 3236 42 15 was
1526 3237 14 14 a
1555 3235 75 21 young
1637 3229 85 28 widow,
1739 3230 70 22 asked
1819 3231 51 28 why

1280 3254 39 22 she
1339 3262 58 16 wore
1413 3256 39 21 the
1467 3256 97 22 widow's
1579 3254 54 28 garb
1649 3263 23 14 so
1687 3256 61 28 long.

1280 3288 104 22 mamma,
1397 3282 62 23 don't
1473 3290 44 20 you
1604 3282 85 28 replied
1698 3283 38 22 the
1752 3283 116 28 daughter,

1366 3316 64 15 saves
1449 3309 40 22 the
1504 3316 98 21 expense
1616 3309 26 22 of
1657 3308 134 30 advertising
1806 3311 36 22 for
1856 3319 14 15 a

1279 3334 111 29 husband,
1407 3343 26 15 as
1448 3343 65 21 every
1523 3343 43 15 one
1581 3343 42 15 can
1638 3343 36 15 see
1689 3336 50 22 that
1755 3338 10 21 I
1782 3345 37 15 am
1834 3338 36 22 for

1280 3361 45 23 sale
1336 3362 29 28 by
1376 3363 85 27 private

1306 3395 75 24 Make
1398 3404 30 15 no
1440 3398 124 21 Stranger
1574 3404 26 15 of
1616 3404 39 15 me.
1656 3407 28 6 —
1684 3397 23 22 A
1722 3404 82 21 parson
1820 3398 50 23 who

1280 3421 45 23 had
1340 3430 13 14 a
1363 3423 101 28 scolding
1478 3423 56 28 wife,
1553 3430 42 15 one
1612 3423 44 28 day
1670 3423 97 28 brought
1780 3425 66 22 home
1856 3433 14 15 a

1280 3449 91 23 brother
1389 3450 128 29 clergyman
1536 3452 23 20 to
1579 3449 88 23 dinner.
1703 3450 93 29 Having
1810 3459 60 20 gone

1280 3475 45 23 into
1336 3484 14 14 a
1358 3482 101 23 separate
1476 3480 126 25 apartment
1616 3480 23 19 to
1656 3477 36 22 his
1706 3484 79 21 spouse
1802 3480 69 21 about

1280 3502 38 23 the
1334 3507 81 24 repast,
1435 3504 40 22 she
1491 3503 104 22 attacked
1611 3503 47 22 and
1671 3504 85 23 abused
1774 3505 48 22 him
1835 3506 36 22 for

1280 3529 110 28 bringing,
1398 3538 16 14 a
1427 3530 76 29 parcel
1512 3531 27 21 of
1750 3535 22 18 to
1786 3536 38 18 eat
1838 3539 32 22 up

1281 3555 58 23 their
1344 3557 101 26 .income..
1469 3557 47 23 The
1529 3564 81 21 parson
1620 3557 114 28 provoked
1744 3562 21 18 at
1774 3559 43 22 her
1828 3560 41 23 be-

1280 3582 93 29 havour,
1388 3585 49 21 said
1446 3585 24 23 in
1480 3592 13 14 a
1504 3586 76 26 pretty
1588 3583 52 23 loud
1650 3587 59 25 tone,
1778 3586 19 22 it
1811 3593 58 16 were

1280 3612 41 20 not
1329 3610 36 22 for
1379 3611 38 22 the
1432 3614 100 24 stranger
1547 3611 13 21 I
1569 3611 73 22 would
1656 3611 53 28 give
1724 3619 45 20 you
1784 3619 15 15 a
1811 3614 58 24 good

1551 3637 61 22 cried
1628 3637 37 22 the
1675 3638 83 28 visitor,
1804 3642 12 20 I
1827 3640 43 28 beg

1280 3670 45 21 you
1335 3664 45 23 will
1389 3665 66 22 make
1463 3672 29 15 no
1502 3667 101 24 stranger
1612 3665 25 21 of

1308 3697 96 23 Salt.—
1405 3698 36 22 So-
1450 3698 77 28 plenty
1532 3712 5 3 •
1543 3698 45 22 and
1598 3698 70 28 cheap
1678 3706 25 15 as
1712 3699 43 23 salt
1761 3698 20 24 is
1790 3700 25 22 in
1826 3700 43 23 this

1281 3727 100 29 country,
1400 3733 35 14 we
1451 3732 41 15 can
1510 3724 100 29 scarcely
1628 3726 106 22 conceive
1753 3726 37 23 the
1814 3727 56 28 high

1280 3750 66 23 value
1355 3758 26 15 m
1391 3759 63 15 some
1463 3752 81 22 others.
1580 3752 28 22 In
1622 3759 61 15 some
1694 3756 61 24 parts
1763 3753 27 22 of
1801 3754 70 22 South

1277 3777 118 28 America,
1403 3778 20 22 it
1433 3778 19 22 is
1461 3778 71 22 worth
1537 3778 30 22 its
1577 3779 82 27 weight
1667 3779 24 22 in
1700 3779 55 27 gold
1771 3787 58 15 even
1845 3784 25 19 at

1280 3803 45 22 this
1336 3804 69 22 'time.
1438 3805 54 22 -The
1508 3805 117 27 following-
1638 3809 86 19 extract
1739 3806 72 24 shows
1821 3807 49 23 how

1280 3830 69 23 much
1358 3831 26 23 it.
1392 3839 46 15 was
1452 3832 24 21 in
1490 3835 89 24 request
1588 3832 23 21 in
1621 3839 61 15 some
1696 3836 83 18 remote
1795 3833 75 27 places

1280 3857 136 28 inTartary.
1452 3858 49 22 Th&
1518 3858 105 22 traveller
1636 3858 79 27 speaks
1731 3860 24 20 of
1766 3858 39 22 the
1819 3866 51 22 pro-

1279 3883 68 32 yincs
1376 3887 27 19 of
1431 3884 101 27 Cainda,.
1550 3887 55 19 west
1623 3886 26 20 of
1672 3884 96 22 Thibet.

1409 3917 83 21 money
1508 3910 25 22 in
1553 3910 45 23 this
1612 3913 97 25 country
1720 3911 21 23 is
1757 3912 61 27 gold,
1830 3919 40 15 un-

1280 3937 104 27 stamped
1404 3936 44 22 and
1463 3936 76 23 iwued
1562 3936 31 27 by
1613 3936 88 27 weight.
1740 3938 44 22 But
1796 3960 3 4 .
1808 3938 62 22 there

688 123 101 26 together
799 131 23 14 as
833 124 20 21 if
862 124 32 27 by
903 126 80 26 magic,
1001 126 58 23 from
1075 134 66 20 every
1156 135 77 15 corner
1250 128 25 22 of

689 156 29 14 an
728 150 112 21 extensive
857 154 96 24 pasture,
970 153 108 27 provided
1092 154 55 27 they
1162 162 40 14 can
1219 154 56 22 hear,

689 175 37 21 the
736 176 62 21 voice
808 183 25 15 or
842 184 36 15 see
887 177 37 22 the
941 185 78 20 person
1035 180 25 21 of
1071 180 45 22 him
1132 180 49 22 who
1199 188 73 15 comes

691 202 108 27 prepared
808 203 52 22 with
871 211 12 14 a
891 204 63 23 small
964 207 102 27 quantity
1075 206 26 23 of
1103 206 64 28 .salt;
1183 208 40 26 for,
1242 208 29 21 oh

688 232 87 23 getting
784 236 13 14 a
806 229 48 22 hint
862 230 49 21 that
920 231 42 22 salt
970 239 19 14 is
998 232 67 23 about
1073 236 23 19 to
1103 234 30 21 Ye
1141 233 130 23 distributed

688 255 55 27 they
753 262 61 15 come
824 256 115 27 bonnding
947 258 68 28 along
1024 267 24 14 as
1057 260 49 27 fast,
1110 267 25 15 as
1151 258 58 24 their
1224 261 47 26 legs

689 288 42 15 can
741 288 62 21 carry
813 281 67 24 them.
909 284 95 28 Though
1015 286 37 21 the
1062 293 104 16 common
1175 288 95 26 practice

688 307 18 21 is
716 310 30 30 to^
751 308 86 28 deposit
846 309 37 22 the
894 310 42 22 salt
945 310 24 23 in
984 312 64 21 small
1064 312 54 23 rude
1136 313 97 27 troughs,
1245 321 26 14 or

687 340 61 21 upon
767 335 78 26 planks
863 337 27 20 of
909 338 61 21 wood
989 345 25 14 or
1031 336 40 24 flat
1089 342 79 24 stones,
1188 344 39 23 yet
1245 347 25 14 so

688 361 92 21 anxious
790 369 36 14 are
836 361 61 23 these
914 368 109 18 creatures
1038 368 22 18 to
1074 369 38 23 get
1126 370 24 18 at
1165 366 38 23 the
1219 366 48 26 salt,

688 387 48 21 that
746 388 96 27 scarcely
852 389 36 21 the
897 389 75 28 shyest
981 391 26 20 of
1019 392 61 21 them
1099 392 44 23 will
1159 394 75 21 refuse
1252 393 18 22 it

687 413 59 22 from
760 413 36 22 the
811 414 61 22 hand
887 417 26 20 of
929 417 36 21 the
981 425 80 18 person
1076 419 49 21 who
1134 420 97 27 supplies
1241 420 26 21 it.

688 439 22 22 It
727 440 21 21 is
763 447 28 15 an
805 441 129 28 interesting
951 444 58 26 sight
1028 448 22 17 to
1068 445 88 22 witness
1176 450 43 18 two
1240 453 26 14 or

687 467 63 21 three
763 467 100 23 hundred
881 469 67 28 sheep
963 470 90 27 coming
1067 474 22 19 to
1108 471 38 22 the
1165 472 103 23 farmer's

687 492 50 28 call,
747 492 97 29 bleating
853 495 44 22 and
907 495 124 28 frolicking,
1042 497 45 22 and
1096 498 120 23 somewhat
1231 500 35 21 in-

687 520 153 28 conveniently
849 520 114 29 hemming
970 522 48 23 him
1026 523 25 22 in
1061 523 28 28 by
1098 524 60 23 their
1165 532 101 21 pressure

685 552 29 14 on
719 545 32 23 all
759 546 65 22 sides.
852 547 63 23 With
924 549 78 26 regard
1012 552 24 19 to
1045 550 73 27 cattle,
1129 551 19 22 it
1155 552 19 22 is
1185 552 82 28 hardly

686 572 46 22 safe
742 575 23 19 to
774 576 90 20 venture
873 574 49 22 into
930 582 29 15 an
969 584 57 19 open
1036 581 87 23 pasture
1134 578 52 23 with
1195 579 41 22 salt
1243 580 23 21 in

684 605 58 20 your
749 601 131 26 possession,
890 601 35 22 for
934 609 24 15 so
969 610 65 19 eager
1043 610 37 15 are
1089 603 54 29 they
1152 608 22 19 to
1189 605 75 24 obtain

685 628 23 23 it,
720 625 50 23 that
778 625 51 28 they
840 627 28 21 do
877 631 41 19 not
927 626 64 25 allow
1000 629 55 22 time
1065 630 33 21 for
1103 638 56 20 your
1169 632 97 28 deposit-

684 658 40 21 ing
732 652 19 22 it
759 659 59 20 upon
828 652 38 23 the
875 654 73 27 places
957 655 109 23 intended
1079 657 35 22 for
1128 658 24 27 it,
1169 667 25 14 or
1209 667 56 14 even

684 684 62 23 upon
756 679 37 22 the
805 680 88 27 ground
908 680 21 23 if
944 682 95 28 nothing
1055 683 44 22 else
1116 684 28 23 be
1159 689 24 18 at
1196 686 68 22 hand.

685 704 68 28 Huge
764 712 65 21 oxen,
845 707 53 22 with
911 708 61 27 large
988 709 130 23 formidable
1134 711 73 28 horns,
1226 720 38 15 are

682 731 73 28 rough
777 734 143 26 companions
927 761 5 5 <
941 735 64 22 when
1031 736 52 28 they
1101 744 61 20 press
1181 739 84 27 closely

684 758 86 22 around
787 766 56 21 you;
864 761 44 21 and
925 761 18 22 it
960 763 127 22 sometimes
1101 764 100 28 happens
1216 766 49 22 that

683 792 45 20 you
739 787 130 26 experience
878 788 67 22 much
955 789 108 26 difficulty
1073 790 22 21 in
1108 792 86 27 getting
1208 800 56 21 your

683 812 130 23 formidable
822 813 73 23 friend
905 815 102 23 satisfied.
1038 816 83 23 Horses
1129 825 36 15 are
1173 819 70 22 under
1250 827 14 14 a

683 838 84 23 similar
775 839 116 28 influence,
902 841 105 28 although
1018 843 54 28 they
1080 845 85 22 seldom
1177 845 86 22 exhibit

683 865 59 22 their
749 866 110 29 partiality
868 867 23 22 in
901 875 24 15 so
934 869 95 28 striking
1039 877 12 14 a
1061 876 98 17 manner.
1174 872 89 27 During

683 900 61 14 some
754 900 63 19 years
830 893 10 22 I
851 894 78 22 owned
938 903 14 14 a
965 895 45 23 fine
1026 896 44 22 and
1084 898 65 21 noble
1166 899 82 22 animal
1256 907 5 19 ;

681 919 41 22 but
730 918 64 24 when
803 920 12 22 I
826 920 46 22 first
885 922 124 27 purchased
1024 923 47 22 him
1088 923 28 23 he
1132 932 44 15 was
1190 933 73 15 some-

682 945 60 23 what
757 946 41 28 shy
816 947 45 22 and
876 948 139 24 intractable.
1057 951 28 21 In
1108 951 38 22 the
1166 959 97 15 summer

681 980 79 15 season
769 973 34 27 he,
815 974 66 28 along
891 975 52 23 with
958 979 44 19 two
1020 984 25 14 or
1059 977 62 22 three
1136 979 72 22 others
1219 987 44 14 was

681 1000 81 22 turned
774 1003 37 19 out
827 1005 22 17 to
863 1008 69 21 grass,
950 1003 46 22 and
1014 1003 191 29 notwithstanting
1224 1005 38 22 the

682 1029 111 20 tameness
803 1028 45 22 and
855 1029 127 26 gentleness
996 1030 26 22 of
1033 1030 34 22 his
1083 1032 148 27 companions,
1245 1032 18 22 it

681 1060 44 15 was
736 1053 53 23 with
798 1054 37 22 the
844 1059 97 23 greatest
950 1056 107 29 difficulty
1067 1057 48 22 that
1125 1059 27 21 he
1159 1066 43 15 was
1212 1059 49 22 hal-

681 1080 63 22 tered
754 1081 62 23 when
828 1081 48 23 thus
882 1083 97 28 running
986 1087 22 18 at
1014 1084 66 27 large.
1111 1085 61 27 Oats,
1180 1086 81 21 Indian

681 1114 59 19 corn,
752 1107 43 22 and
804 1108 64 22 other
883 1110 110 27 tempting
1007 1110 82 28 things,
1106 1118 56 15 were
1179 1112 82 22 offered

681 1135 22 19 to
712 1133 48 22 him
770 1134 22 22 in
802 1135 50 21 vain
860 1143 7 19 ;
883 1135 46 28 but,
940 1136 64 22 when
1021 1137 28 21 he
1066 1137 44 22 had
1125 1139 72 22 tasted
1212 1139 48 27 salt,

679 1159 29 21 he
718 1159 113 25 forthwith
841 1161 90 23 became
989 1163 60 22 slave
1064 1164 25 22 of
1100 1164 34 22 his
1149 1166 98 26 passions
1253 1174 6 19 ;

679 1186 27 20 its
723 1186 124 23 talismanic
861 1195 74 20 power
952 1196 44 15 was
1011 1190 131 28 wonderful,
1160 1192 34 22 for
1202 1193 59 22 from

678 1212 50 21 that
738 1212 43 27 day
791 1220 44 20 any
850 1213 123 24 individual
989 1215 68 23 about
1071 1217 38 22 the
1123 1218 58 23 farm
1197 1219 64 22 could

680 1238 69 28 easily
757 1239 50 22 take
816 1240 46 22 him
873 1241 94 28 captive,
976 1243 107 26 provided
1092 1244 52 22 half
1150 1252 27 15 an
1189 1253 71 15 ounce

680 1265 24 21 of
716 1266 44 20 salt
770 1273 42 15 was
823 1267 81 22 offered
914 1268 46 22 him
971 1276 24 14 as
1007 1276 15 14 a
1035 1269 70 23 bribe.
1144 1272 85 23 Indeed
1243 1273 18 21 it

679 1299 44 14 was
734 1295 41 19 not
782 1300 117 21 necessary
909 1297 21 19 to
942 1302 54 15 coax
1006 1295 48 23 him
1064 1300 21 18 to
1096 1298 67 21 suffer
1173 1299 91 22 himself

678 1321 23 18 to
711 1318 29 22 be
751 1319 64 22 taken
823 1327 6 20 ;
845 1327 28 15 on
889 1320 36 22 the
939 1325 110 25 contrary,
1067 1323 27 22 he
1109 1325 74 22 would
1198 1333 62 15 come

678 1344 132 29 voluntarily
824 1350 23 18 to
862 1347 34 22 his
912 1348 106 26 enslaver,
1036 1350 44 22 and
1096 1351 128 24 endeavour
1236 1356 24 19 to

678 1379 56 14 coax
744 1372 45 22 him
798 1377 38 17 out
846 1372 24 22 of
882 1373 34 23 his
926 1375 48 22 salt.
976 1386 27 5 —
1004 1377 65 20 Mark
1076 1379 60 20 Lane
1144 1380 87 20 Eccrets.

705 1403 90 22 Origin
809 1412 27 14 of
851 1412 44 15 the
915 1406 59 22 War
996 1415 25 14 in
1040 1408 221 25 Affghanistan.—

676 1429 112 28 Amongst
798 1431 63 22 other
869 1431 75 23 letters
951 1434 58 22 from
1021 1434 65 23 India
1092 1436 49 26 just
1150 1438 109 28 received,

677 1456 74 22 which
760 1457 68 23 throw
838 1458 57 27 light
903 1466 61 15 more
974 1467 24 15 or
1007 1461 50 22 less
1073 1469 60 20 upon
1151 1464 37 22 the
1203 1468 56 19 state

676 1483 28 21 of
720 1483 73 23 affairs
811 1485 69 27 there,
901 1487 45 21 and
966 1487 37 22 the
1022 1495 145 17 occurrences
1186 1492 73 22 which

676 1511 98 27 brought
782 1514 91 20 matters
882 1513 24 22 in
916 1514 83 22 Cabool
1005 1518 23 18 to
1035 1516 54 21 such
1096 1523 14 14 a
1116 1517 143 29 melancholy

675 1544 57 20 pass,
745 1544 42 15 one
802 1539 26 21 of
843 1546 28 15 an
888 1541 121 27 extremely
1028 1542 98 27 singular
1144 1543 116 24 character

676 1570 52 21 may
748 1564 27 22 be
793 1566 135 28 mentioned,
949 1568 79 27 which,
1047 1569 58 22 from
1123 1570 29 22 its
1172 1572 87 22 curious

676 1591 87 26 details,
787 1592 18 21 is
824 1593 70 28 really
912 1594 85 28 worthy
1016 1595 26 22 of
1058 1597 116 27 attention,
1198 1606 60 15 more

676 1618 127 28 especiallly
812 1626 24 15 as
845 1619 38 22 the
898 1620 53 28 lady
965 1621 75 23 writer
1054 1626 87 24 asserts,
1158 1624 47 23 that
1221 1626 37 22 the

675 1644 56 22 facts
741 1652 52 21 may
802 1645 28 22 be
840 1647 69 22 relied
919 1655 65 21 upon,
1001 1649 44 22 and
1061 1657 36 15 are
1114 1651 49 21 well
1177 1652 80 22 known

675 1678 23 14 in
708 1671 40 22 the
756 1672 79 27 higher
845 1673 76 22 circles
930 1675 26 21 of
967 1675 73 23 India.
1076 1677 22 21 It
1107 1677 73 23 would
1189 1687 67 19 seem,

674 1698 121 28 according
811 1702 23 19 to
849 1700 44 22 this
907 1704 125 26 statement,
1048 1702 48 23 that
1111 1711 92 21 woman,
1221 1706 36 22 the

699 1732 67 15 cause
776 1725 26 22 of
811 1726 31 22 all
853 1728 72 21 man's
941 1728 72 27 woe/
1028 1737 44 14 was
1089 1730 36 22 the
1141 1739 65 15 cause
1224 1733 33 27 (in

674 1751 218 32 perfectinnocence,
901 1754 119 28 however,)
1028 1756 27 22 of
1062 1756 35 22 the
1103 1758 45 21 late
1154 1758 103 24 disasters

674 1785 23 15 in
708 1779 161 27 Afghanistan.
898 1781 47 22 The
955 1785 61 24 story
1023 1790 53 15 runs
1085 1784 52 23 thus
1144 1793 6 14 :
1152 1796 28 5 —

702 1806 129 23 Sometime
847 1807 56 23 after
920 1808 36 22 the
972 1809 82 22 arrival
1068 1810 25 22 of
1110 1811 66 29 Lady
1190 1813 66 22 Mac-

674 1833 115 26 naughten
799 1833 24 22 in
840 1834 77 28 Cabul,
934 1839 22 18 to
976 1836 50 27 join
1042 1836 39 23 her
1094 1837 110 29 husband,
1223 1840 34 22 Sir

675 1859 105 28 William,
786 1859 29 23 he
819 1862 103 22 received
928 1862 38 22 the
971 1869 62 16 news
1040 1864 26 21 of
1069 1864 34 21 his
1107 1866 151 27 appointment

674 1892 24 15 as
708 1886 117 23 Governor
840 1888 26 21 of
876 1888 108 28 Bombay.
1022 1890 72 23 When
1114 1893 142 28 considering

673 1912 38 22 the
726 1920 117 22 necessary
855 1920 166 23 arrangements
1035 1917 35 22 for
1084 1920 135 27 proceeding
1235 1925 22 17 to

673 1939 52 22 take
732 1941 123 27 possession
862 1942 27 21 of
894 1942 35 22 his
937 1943 160 28 Government,
1109 1946 35 21 Sir
1150 1946 106 28 William,

673 1966 24 22 of
706 1974 83 21 course,
800 1968 67 23 could
872 1972 39 19 not
920 1970 40 21 but
968 1970 51 22 look
1029 1974 23 18 to
1062 1971 37 22 the
1110 1972 72 28 safety
1191 1974 26 21 of
1223 1974 34 22 his

669 1993 99 28 journey
777 1995 44 21 and
831 1995 37 22 the
878 1996 105 21 comforts
996 1997 27 20 of
1039 1997 34 21 his
1087 1998 54 28 lady
1158 2000 45 21 and
1212 2000 44 21 'the

673 2019 65 21 other
749 2020 93 22 officers'
860 2022 70 21 ladies
939 2022 50 21 who
1003 2024 110 26 proposed
1129 2028 23 17 to
1169 2032 88 15 accom-

673 2051 60 20 pany
752 2045 46 23 her.
836 2048 32 20 At
883 2048 49 21 that
951 2048 54 22 time
1025 2049 37 22 the
1076 2057 75 19 passes
1161 2050 96 28 through

674 2069 37 22 the
728 2071 87 23 Ghilzie
835 2074 107 27 territory,
963 2074 97 27 through
1073 2075 72 22 which
1163 2076 37 28 lay
1219 2079 37 21 the

673 2099 71 25 route,
751 2105 56 15 were
814 2099 43 22 still
861 2099 97 23 infested
965 2101 45 21 and
1017 2101 109 23 rendered
1132 2102 124 28 dangerous

673 2123 31 26 by
720 2122 38 24 the
774 2126 80 27 unruly
871 2126 66 22 tribes
953 2127 126 28 inhabiting
1097 2128 68 23 them.
1204 2131 53 22 Pre-

673 2150 93 28 viously,
785 2152 23 21 in
829 2153 63 22 order
909 2157 22 18 to
948 2157 86 19 restore
1052 2156 139 29 tranquillity
1210 2158 46 22 and

672 2177 76 22 insure
763 2178 65 22 order
842 2186 83 21 among
937 2180 63 23 those
1016 2181 74 27 tribes,
1111 2183 34 21 Sir
1156 2184 98 22 William

673 2203 176 29 Macnaughten,
860 2214 29 14 on
900 2207 134 28 concluding
1043 2215 13 15 a
1067 2212 70 24 treaty
1150 2210 51 22 with
1218 2211 37 22 the

673 2231 76 26 chiefs,
761 2231 43 23 had
814 2233 67 22 taken
892 2233 37 22 the
938 2235 129 27 precaution
1076 2235 27 22 of
1114 2236 92 28 making
1218 2238 36 21 the

673 2257 111 23 condition
799 2259 48 22 that
861 2268 62 14 some
939 2261 26 21 of
978 2261 38 22 the
1029 2261 125 23 influential
1174 2271 82 21 among

673 2283 61 23 them
744 2285 78 22 should
833 2286 51 22 take
894 2294 30 21 up
934 2287 59 22 their
1005 2288 116 23 residence
1137 2293 23 18 at
1177 2291 77 27 Cabul,

672 2318 24 14 so
706 2318 24 15 as
741 2315 22 18 to
769 2312 26 22 be
803 2313 72 22 under
884 2314 38 21 the
930 2315 145 22 surveillance
1085 2316 26 21 of
1122 2316 37 22 the
1170 2317 86 23 British

672 2338 136 24 authorities.
836 2339 48 23 The
892 2341 69 21 ladies
966 2342 117 27 proposing
1089 2346 22 18 to
1118 2351 138 21 accompany

672 2365 35 22 Sir
728 2365 96 23 William
842 2370 24 18 to
883 2367 108 28 Bombay,
1012 2369 49 22 well
1078 2377 73 15 aware
1171 2372 26 20 of
1218 2372 37 21 the

672 2391 104 23 troubled
793 2396 56 19 state
868 2395 27 21 of
913 2395 36 21 the
969 2395 88 22 Ghilzie
1076 2396 97 23 districts
1183 2398 23 21 in
1218 2398 36 23 the

671 2419 117 22 mountain
810 2428 82 21 passes,
917 2423 120 25 expressed
1056 2424 111 27 naturally
1189 2429 67 23 great

671 2446 94 28 anxiety
775 2447 67 22 about
849 2447 39 22 the
897 2449 66 27 perils
972 2449 26 22 of
1009 2449 38 22 the
1056 2457 98 21 passage,
1162 2452 54 21 -and
1231 2452 23 22 in

671 2473 46 21 fact
735 2480 14 15 a
768 2473 162 24 disinclination
949 2479 22 18 to
989 2476 96 28 proceed
1106 2478 92 22 without
1217 2479 37 22 the

671 2499 49 23 best
729 2500 95 29 security
833 2501 35 22 for
881 2502 78 28 safety.
998 2503 27 22 In
1046 2511 161 21 consequence,
1228 2513 25 15 as

671 2526 38 22 the
720 2530 58 19 most
785 2528 68 27 ready
862 2536 84 20 means,
959 2530 34 21 Sir
1009 2530 99 23 William
1122 2533 132 22 summoned

671 2553 43 32 the^
720 2553 73 23 Gilzie
809 2555 69 22 chiefs
896 2556 25 21 in
935 2556 71 23 Cabul
1021 2560 23 19 to
1061 2565 13 14 a
1083 2558 137 28 conference,
1231 2563 30 19 at

671 2580 74 22 which
754 2581 28 22 he
792 2581 116 23 intimated
917 2586 22 18 to
950 2583 61 22 them
1021 2584 34 22 his
1065 2585 78 27 desire,
1162 2587 91 27 equiva-

670 2606 48 23 lent
727 2610 24 19 to
762 2615 13 15 a
785 2610 125 26 command,
920 2610 49 21 that
974 2611 51 27 they
1033 2611 79 22 should
1118 2619 134 22 accompany

670 2633 34 23 hi
702 2633 19 23 3
715 2638 66 23 party
791 2635 94 28 through
895 2636 36 22 the
941 2637 88 29 unruly*
1040 2638 100 28 districts,
1158 2647 24 14 so
1191 2647 25 15 as
1224 2640 30 28 by

670 2661 59 21 their
747 2668 105 21 presence
871 2663 45 22 and
934 2664 112 23 influence
1071 2669 21 18 to
1116 2673 77 16 secure
1217 2667 37 22 the

669 2688 104 26 peaceful
782 2689 119 22 behaviour
912 2690 25 22 of
948 2691 57 22 their
1014 2692 75 23 tribes.
1118 2693 37 22 On
1162 2693 92 29 retiring

670 2715 58 21 from
739 2715 37 22 the
786 2716 137 29 conference,
934 2717 37 22 the
982 2718 89 23 Ghilzie
1088 2720 70 22 chiefs
1174 2720 53 23 held
1241 2729 13 14 a

670 2742 78 27 parley
756 2746 101 24 amongst
867 2744 138 28 themselves,
1017 2753 44 15 ana
1069 2747 117 28 expressed
1196 2747 58 22 their

671 2768 92 23 distrust
773 2769 25 22 of
807 2770 38 22 the
854 2771 135 27 proposition
998 2779 24 16 as
1032 2773 68 27 being
1109 2781 14 14 a
1137 2781 66 16 snare
1220 2774 35 22 for

671 2796 104 27 carrying
780 2796 60 22 them
848 2798 34 21 off
885 2798 124 28 prisioners,
1017 2800 46 22 and
1070 2800 115 27 confining
1192 2800 62 23 them

670 2829 25 15 in
706 2823 133 27 Hindostan,
851 2831 24 14 as
885 2832 44 15 was
938 2825 38 22 the
987 2833 49 16 case
1047 2827 52 22 with
1109 2828 37 22 the
1163 2828 92 22 Kakeer

671 2848 66 28 chief,
749 2849 70 28 Hadji
835 2850 75 23 Khan.
952 2852 63 29 They
1028 2854 134 25 formedvthe
1172 2855 82 22 resolu-

669 2878 56 23 tion,
735 2883 23 14 in
769 2883 158 22 consequence,
947 2884 40 17 not
1002 2884 23 17 to
1040 2876 163 32 proceln*with
1219 2882 35 22 Sir

670 2902 112 28 William;
796 2903 47 27 but,
851 2911 25 15 as
886 2904 155 25 disobedience
1049 2908 79 28 would,
1136 2909 26 21 of
1169 2916 83 20 course,

669 2929 88 28 subject
776 2930 60 22 them
857 2933 24 20 to
902 2932 150 28 punishment,
1073 2934 52 28 they
1144 2936 107 26 resolved,

669 2956 55 27 also,
736 2964 24 14 as
770 2957 38 22 the
817 2958 53 27 only
879 2965 49 22 way
937 2963 24 18 to
976 2967 77 21 escape
1068 2961 38 22 the
1115 2962 137 27 alternative,

669 2986 25 19 to
702 2984 59 22 raise
772 2991 27 14 an
807 2984 153 29 insurrection,
971 2986 38 23 the
1017 2988 54 26 plan
1080 2988 28 22 of
1119 2990 71 21 which
1210 2997 43 14 was

669 3010 89 23 formed
768 3018 28 15 on
806 3011 37 22 the
854 3016 62 24 spot;
932 3013 45 24 and
993 3014 43 23 this
1046 3022 44 15 was
1097 3019 23 18 to
1131 3016 74 22 attack
1218 3016 36 22 the

668 3037 114 23 residence
789 3038 26 22 of
826 3039 34 21 Sir
869 3040 130 23 Alexander
1008 3042 80 26 Burns,
1106 3050 24 14 as
1144 3043 38 22 the
1192 3050 61 16 more

668 3064 133 23 formidable
810 3068 64 26 party
883 3067 53 28 they
945 3067 46 23 had
1000 3071 23 19 to
1033 3068 50 23 deal
1094 3069 60 28 with,
1172 3070 45 22 and
1231 3073 22 19 to

667 3091 98 27 plunder
777 3092 37 22 the
831 3096 106 26 treasury,
955 3094 80 29 which,
1051 3098 90 26 strange
1158 3098 94 27 enough,

668 3125 45 15 was
723 3118 54 23 held
784 3119 22 22 in
816 3119 38 22 the
862 3125 56 18 next
926 3118 70 26 house
1005 3125 24 19 to
1040 3122 40 28 his,
1091 3124 46 21 and
1143 3124 109 26 unguard-

668 3145 35 22 ed.
736 3154 4 3 •
761 3146 35 22 Sir
818 3146 129 25 Alexander
970 3149 73 22 Burns
1065 3150 126 28 murdered,
1217 3151 36 21 the

668 3176 101 24 treasury
785 3173 131 29 plundered,
942 3175 37 23 the
1001 3176 138 29 population,
1162 3177 92 28 already

668 3200 162 26 discontented,
844 3208 50 15 rose
910 3209 24 15 as
951 3210 42 15 one
1009 3211 53 15 man
1072 3207 27 21 .to
1109 3208 91 25 support
1209 3204 43 22 this

667 3225 160 29 improvidised
840 3228 151 24 insurrection.
1034 3231 48 22 The
1096 3235 71 19 result
1176 3232 19 22 is
1203 3231 50 22 well

667 3252 91 24 known.
799 3255 33 21 At
847 3254 37 23 the
901 3263 67 21 news,
984 3265 68 20 every
1068 3258 92 28 district,
1172 3258 80 27 valley,

667 3280 46 22 and
723 3280 84 23 hamlet
815 3280 24 23 in
850 3282 72 23 Cabul
929 3284 85 27 poured
1025 3284 58 22 forth
1093 3285 29 23 its
1139 3293 52 15 man
1209 3285 43 22 and

667 3305 74 29 horse,
752 3308 138 23 contributed
899 3309 28 23 its
937 3310 72 22 sword
1019 3311 45 22 and
1073 3312 95 27 musket,
1176 3317 22 18 to
1205 3311 48 29 join

667 3332 24 23 in
700 3336 39 20 the
750 3334 94 28 plunder
854 3336 25 22 of
898 3337 71 22 Cabul
984 3338 45 22 and
1045 3338 37 23 the
1098 3339 116 28 expulsion
1231 3338 25 22 of

668 3360 37 22 the
711 3360 144 30 Feringhees.

694 3397 48 22 The
751 3398 70 23 moral
831 3402 23 19 to
863 3399 29 22 be
902 3400 75 23 drawn
993 3402 55 22 from
1062 3402 45 23 this
1122 3403 71 23 lesson
1209 3403 44 27 (for

668 3423 37 22 the
715 3424 57 23 facts
781 3433 43 15 can
833 3426 81 28 hardly
922 3428 28 22 be
959 3428 108 28 doubted)
1077 3430 76 22 would
1161 3437 60 15 seem
1231 3433 22 19 to

667 3451 64 27 point
741 3455 22 18 to
774 3452 35 23 the
819 3453 106 29 impolicy
933 3454 46 23 and
988 3456 164 29 inexpediency
1167 3458 26 21 of
1204 3463 49 21 per-

667 3480 90 26 mitting
776 3479 37 22 the
833 3482 193 26 accompaniment
1043 3483 27 22 of
1090 3484 39 22 the
1147 3484 68 22 wives
1229 3490 24 15 or

668 3505 64 21 other
742 3506 81 23 female
831 3506 104 24 relatives
942 3508 27 23 of
979 3510 86 22 officers
1080 3510 25 23 in
1116 3518 31 15 an
1163 3510 91 29 expedi-

667 3531 89 29 tionary
774 3533 67 27 force,
857 3537 42 19 not
916 3535 100 24 destined
1032 3536 35 23 for
1075 3537 39 22 the
1123 3539 131 27 permanent

667 3559 119 27 ocupation
809 3560 26 22 of
855 3568 13 15 a
887 3564 127 26 conquered
1034 3567 128 24 country.—
1162 3565 91 26 Englith

666 3585 83 27 Paper.

694 3618 48 22 The
752 3619 95 23 Thames
861 3620 88 23 Tunnel
963 3621 19 22 is
998 3629 13 15 a
1019 3621 62 28 large
1090 3623 92 23 bricked
1191 3623 61 27 tube,

666 3646 74 21 which
757 3653 76 21 passes
851 3647 71 23 under
939 3647 38 23 the
995 3649 45 22 bed
1059 3649 26 23 of
1104 3650 39 23 the
1161 3654 91 18 stream.

666 3671 48 22 The
723 3679 96 21 purpose
828 3673 34 23 for
874 3674 73 23 which
962 3675 18 22 it
995 3682 45 16 was
1056 3677 141 22 constructed
1212 3676 41 22 has

666 3705 69 16 never
744 3699 58 23 been
810 3699 83 30 clearly
902 3702 147 27 ascertained,
1057 3703 40 22 but
1107 3710 62 16 some
1176 3703 77 28 highly

666 3725 109 23 scientific
783 3726 135 24 individuals
923 3728 58 23 have
988 3729 121 23 conceived
1117 3730 49 22 that
1173 3729 81 28 during

664 3759 15 15 a
688 3760 78 15 severe
781 3753 79 23 winter
874 3754 20 22 it
908 3755 19 22 is
939 3755 111 23 intended
1059 3759 23 19 to
1091 3756 28 22 be
1130 3757 61 22 filled
1200 3756 54 23 with

663 3778 86 29 boiling
760 3783 73 25 water,
843 3781 46 23 and
898 3789 25 15 so
938 3782 76 23 insure
1024 3783 43 21 .the
1082 3783 172 28 uninterrupted

663 3806 130 27 navigation
802 3807 26 22 of
838 3807 38 23 the
887 3808 59 23 river
960 3809 31 28 by
999 3809 135 28 preventing
1147 3817 29 15 an
1185 3817 67 15 accu-

664 3832 111 23 mulation
784 3834 26 22 of
820 3833 42 23 ice.
892 3835 82 23 Others
984 3835 58 23 have
1055 3836 114 27 imagined
1177 3836 49 22 that
1234 3836 20 22 it

663 3858 20 22 is
692 3863 23 19 to
724 3860 30 22 be
763 3861 120 22 converted
892 3861 47 23 into
949 3869 14 15 a
972 3862 93 27 powder
1073 3863 125 26 magazine,
1209 3863 44 21 and

663 3885 24 22 in
695 3893 53 15 case
757 3887 27 21 of
793 3894 29 15 an
831 3887 108 28 invasion,
949 3891 24 19 to
982 3888 28 22 be
1026 3888 56 22 used
1090 3895 25 15 as
1125 3896 28 14 an
1163 3886 90 25 Ameri-

664 3920 42 15 can
722 3913 100 28 torpedo,
838 3914 44 22 and
897 3918 33 18 set
942 3914 39 22 the
998 3914 96 22 Thames
1113 3922 28 15 on
1160 3915 47 27 fire,
1228 3922 25 16 or

662 3938 60 24 blow
732 3946 31 21 up
774 3939 35 22 the
820 3941 98 26 enemy's
927 3940 59 26 fleet,
997 3940 74 22 whilst
1085 3948 41 15 our
1141 3948 48 16 own
1200 3949 52 15 men

579 36 99 47 urije
705 37 119 41 XfU)
851 37 210 42 Ztalano
1086 40 190 47 ©ajctte
1302 43 91 40 anH
1417 44 299 47 ©EUUtngton
1741 41 251 52 gtwctator.

1300 128 27 22 of
1337 136 46 15 war
1396 137 38 15 are
1450 131 70 27 safely
1528 131 112 22 anchored
1641 142 27 5 —
1668 133 23 20 in
1706 132 86 22 Puddle
1808 133 72 23 Dock.

1299 165 27 5 —
1327 156 82 21 Punch.
1447 166 5 5 ■
1472 175 4 3 ,

1306 189 6 3 '
1325 189 49 22 The
1384 190 153 28 emancipated
1546 198 93 20 negroes
1649 192 22 21 in
1684 192 38 21 the
1732 192 63 23 West
1804 193 77 22 Indies

1299 222 44 19 are,
1354 215 20 22 it
1381 216 19 22 is
1410 217 56 27 said,
1475 217 87 27 rapidly
1571 218 118 27 becoming
1696 220 140 26 proprietors.

1325 248 23 22 It
1353 249 20 21 is
1383 254 40 18 not
1428 250 114 27 generally
1548 250 81 23 known
1640 251 47 22 that
1696 258 139 22 newspapers
1842 260 38 15 are

1297 279 50 18 sent
1354 276 46 22 and
1410 277 100 22 received
1520 276 96 28 through
1625 277 36 22 the
1671 282 56 23 post,
1743 279 45 22 free
1800 280 26 21 of
1837 287 44 20 any

1298 300 87 28 charge,
1398 307 21 17 to
1430 303 38 22 the
1483 302 112 28 following
1609 303 118 28 kingdoms
1746 305 44 22 and
1809 309 71 19 towns

1298 331 39 18 not
1346 328 72 22 under
1426 330 38 21 the
1473 330 114 21 dominion
1594 331 25 21 of
1626 331 68 22 Great
1699 331 92 28 Britain,
1803 333 35 21 viz
1845 340 35 14 :—

1297 352 122 30 Denmark,
1438 356 73 28 Spain,
1533 356 140 28 Hamburgh,
1696 357 98 28 Lubeck,
1820 361 58 21 Cux-

1297 379 80 29 haven,
1407 383 103 26 Bremen,
1541 382 76 28 Hayti,
1652 384 61 26 Peru,
1749 382 128 31 Honduras,

1297 406 92 29 Brazils,
1400 409 90 21 Buenos
1498 406 79 30 Ayres,
1590 410 33 21 La
1638 410 97 27 Guayra,
1753 412 124 27 Columbia,

1297 434 45 21 and
1352 434 114 25 Caraccas.
1467 446 26 5 —
1497 436 69 21 Globe.

1323 468 37 22 St.
1372 469 96 23 Rqllox
1480 471 118 21 Chimney.
1600 481 26 5 —
1626 470 54 23 This
1686 474 65 24 great
1758 472 120 23 undertak-

1295 493 40 28 ing
1341 501 45 16 was
1402 495 94 23 finished
1504 496 56 28 July
1567 496 38 23 the
1614 497 45 27 6th,
1670 497 69 29 being
1748 499 37 22 the
1795 499 45 28 day
1850 502 27 21 12

1296 521 88 23 months
1393 522 59 22 from
1467 523 36 22 the
1518 524 54 21 time
1581 524 64 22 when
1655 524 37 23 the
1702 524 48 23 first
1758 526 64 21 brick
1834 534 44 15 was

1294 545 52 29 laid,
1365 548 45 22 and
1425 549 38 22 the
1478 549 82 22 British
1574 551 77 27 ensign
1665 558 50 20 was,
1727 552 23 22 in
1758 552 87 23 honour
1855 554 27 21 of

1295 572 37 23 the
1352 578 74 28 event,
1445 576 105 22 unfurled
1567 577 57 22 from
1642 578 28 21 its
1693 579 97 22 summit.
1828 580 49 22 The

1295 599 102 30 chimney
1405 608 55 16 naes
1468 603 41 21 450
1517 603 48 22 feet
1572 604 58 21 from
1643 604 37 22 the
1692 605 93 27 ground,
1800 606 44 22 and
1854 611 24 18 at

1293 625 56 23 least
1357 629 41 21 600
1412 629 46 21 feet
1473 629 70 22 above
1558 629 39 22 the
1612 638 61 15 more
1682 631 92 29 densely
1783 632 95 28 peopled

1292 653 99 25 portions
1406 655 25 21 of
1446 655 38 22 the
1497 656 46 27 city
1553 657 46 21 and
1612 657 38 22 the
1666 658 44 21 bed
1727 658 26 22 of
1762 658 38 23 the
1811 660 65 22 river.

1294 679 28 22 In
1332 680 92 23 relative
1434 681 83 28 height,
1524 683 151 27 independent
1680 684 26 21 of
1712 684 38 23 the
1755 685 122 24 elevations

1292 705 26 22 of
1329 706 29 22 its
1377 708 60 27 base,
1454 709 19 21 it
1489 707 19 23 is
1523 708 57 22 little
1597 710 90 22 inferior
1703 715 21 18 to
1740 712 38 21 the
1792 712 85 24 loftiest
1884 708 2 32 \

1293 737 173 23 superstructure
1475 735 22 22 in
1506 735 37 22 the
1555 736 79 27 world;
1649 737 24 22 in
1683 737 100 23 absolute
1799 738 78 28 height

1292 763 17 17 it
1319 763 79 19 towers
1405 761 49 22 into
1460 761 36 23 the
1504 762 33 22 air
1541 762 168 29 incomparably
1713 763 86 29 higher.
1828 766 49 23 The

1292 789 64 22 great
1371 787 105 28 Pyramid
1492 788 87 28 Cheops
1594 789 53 22 rises
1661 792 42 20 498
1717 791 52 27 feet,
1780 792 41 22 but
1833 793 43 22 this

1291 813 102 22 includes
1402 822 15 14 a
1425 815 53 22 base
1492 815 26 21 of
1525 817 46 21 150.
1600 817 116 28 Strasburg
1726 818 118 23 Cathedral
1857 820 20 23 is

1290 839 57 27 474;
1374 841 31 22 St.
1426 841 83 23 Peter's
1527 843 24 21 in
1572 843 79 27 Rome,
1670 843 57 23 from
1746 846 89 26 ground
1853 850 23 19 to

1290 867 112 28 pinnacle,
1412 869 48 26 450,
1471 868 65 28 being
1546 869 88 27 exactly
1642 870 38 22 the
1696 871 92 23 altitude
1798 873 26 22 of
1838 873 37 23 the

1290 895 91 19 monttre
1390 894 103 29 chimney
1502 903 6 14 :
1525 897 32 21 St.
1569 896 80 27 Paul's,
1666 898 23 21 in
1706 898 102 28 London,
1826 900 48 23 870.

1290 919 49 22 The
1350 920 51 22 base
1411 921 26 22 of
1440 921 38 23 the
1487 921 105 29 chimney
1600 923 157 28 underground
1765 926 19 21 is
1793 928 29 20 46
1830 926 47 23 feet

1290 952 23 15 in
1331 946 119 29 diameter;
1466 952 24 18 at
1498 949 38 22 the
1550 950 88 27 ground
1647 952 38 26 40;
1701 956 23 17 at
1740 952 36 22 the
1793 957 44 24 top,
1849 956 26 20 13

1290 972 46 22 feet
1346 975 14 20 6
1369 974 84 23 inches.
1482 975 87 28 During
1583 977 31 22 all
1629 977 37 22 the
1676 977 52 23 time
1744 979 43 22 this
1801 980 74 27 prodi-

1289 1006 64 19 gious
1372 1008 58 15 mass
1447 1002 25 22 of
1487 1002 132 23 brick-work
1638 1004 40 22 has
1697 1005 56 22 been
1769 1006 104 28 erecting,

1290 1029 40 19 not
1339 1026 38 23 the
1391 1027 101 28 slightest
1506 1029 101 23 accident
1621 1031 40 21 has
1673 1032 111 23 accurred.
1817 1033 58 27 [The

1290 1052 86 27 foreign
1386 1062 111 14 measures
1507 1062 36 15 are
1552 1056 104 28 French.]

1319 1087 149 23 Chantrey's
1484 1089 67 22 First
1567 1090 110 23 Work*—
1678 1092 119 29 Chantrey,
1810 1093 65 23 when

1290 1120 13 15 a
1321 1114 53 28 boy,
1391 1122 46 15 was
1456 1115 107 23 observed
1581 1117 28 27 by
1624 1125 14 14 a
1654 1119 128 27 gentleman
1800 1121 24 21 in
1837 1121 38 22 the

1290 1140 183 28 neighbourhood
1480 1142 24 21 of
1507 1142 105 23 Sheffield
1617 1152 54 20 very
1675 1146 94 28 intently
1776 1148 99 26 engaged

1289 1166 23 23 in
1323 1168 87 26 cutting
1419 1176 14 14 a
1442 1169 55 22 stick
1508 1169 53 22 with
1570 1177 14 14 a
1600 1171 173 28 penknife,.and,
1786 1174 89 22 excited

1289 1194 30 26 by
1332 1195 113 27 curiosity,
1466 1195 27 22 he
1508 1196 71 22 asked
1597 1197 37 22 the
1652 1198 38 22 lad
1709 1199 58 22 what
1784 1199 30 23 he
1831 1208 44 15 was

1289 1220 75 28 doing,
1375 1222 72 26 when,
1457 1222 52 22 with
1524 1227 64 23 great
1604 1223 118 29 simplicity
1736 1226 26 21 of
1774 1234 99 19 manner,

1288 1246 41 23 but
1339 1248 53 22 with
1402 1252 102 24 courtesy
1510 1248 29 23 he
1549 1250 91 28 replied,
1694 1259 35 15 am
1742 1253 86 28 cutting
1837 1254 38 22 old

1289 1273 67 23 Fox's
1477 1276 47 22 Fox
1532 1284 46 15 was
1588 1277 38 23 the
1639 1278 156 23 schoolmaster
1805 1281 25 21 of
1837 1281 38 22 the

1289 1300 88 28 village.
1409 1302 36 23 On
1461 1302 43 23 this
1521 1302 40 23 the
1574 1304 126 26 gentleman
1717 1306 69 24 asked
1804 1310 22 18 to
1836 1314 37 16 see

1289 1327 59 22 what
1358 1328 28 22 he
1396 1328 46 23 had
1451 1329 64 27 done,
1527 1330 46 22 and
1589 1333 142 25 pronounced
1741 1333 17 21 it
1769 1337 22 17 to
1802 1333 28 22 he
1844 1341 29 15 an

1288 1355 112 22 excellent
1419 1356 105 27 likeness,
1543 1358 118 26 presented
1677 1359 40 21 the
1735 1359 72 28 youth
1822 1360 53 22 with

1288 1381 113 28 sixpence,
1413 1382 44 22 and
1466 1382 43 22 this
1518 1390 54 21 may
1578 1385 93 28 perhaps
1680 1386 29 21 be
1713 1386 112 22 reckoned
1835 1387 38 23 the

1287 1407 50 22 first
1347 1416 81 20 money
1439 1409 111 29 Chantrey
1560 1417 67 21 every
1635 1412 103 22 received
1754 1413 34 22 for
1798 1421 13 14 a
1823 1421 52 20 pro-

1288 1434 89 23 duction
1395 1436 26 21 of
1436 1436 33 22 hi
1477 1436 8 22 3
1486 1440 39 19 art.
1555 1437 68 22 What
1640 1439 67 21 effect
1722 1440 37 22 the
1775 1440 100 22 incident

1287 1467 53 21 may
1359 1462 57 22 have
1431 1462 46 23 had
1491 1470 29 14 on
1533 1463 36 22 his
1583 1464 73 23 future
1673 1466 94 27 destiny,
1787 1467 33 22 let
1834 1468 39 22 the

1287 1487 144 29 philosopher
1440 1497 25 14 or
1480 1490 91 22 learned
1584 1490 24 23 in
1623 1492 53 22 such
1686 1496 90 20 matters
1786 1493 87 24 decide.

1286 1526 29 5 —
1317 1516 142 22 Gentleman's
1468 1518 119 25 Magazine.

1400 1579 363 28 MISCELLANEOUS.

1479 1641 100 23 THINE
1600 1643 84 22 EYES.
