2529 4029
1894 123 218 27 WHOLESALE
2142 123 125 26 PRICES
2301 123 179 25 CURRENT.

1993 162 131 15 CORRECTED
2140 163 27 14 UP
2181 163 30 14 TO
2225 163 56 14 LAST
2298 162 80 15 NIGHT.

2131 3063 122 23 DUTIES.
2265 3063 6 4 V

1897 3085 99 22 British
2006 3086 91 22 Spirits
2200 3102 19 12 .
2312 3090 32 21 4s.
2354 3097 40 19 per
2402 3090 80 27 gallon.

1897 3112 105 23 Foreign
2011 3112 57 23 ditto
2312 3117 31 21 ss.
2354 3124 39 20 per
2401 3118 81 26 gallon.

1896 3138 104 24 Tobacco
2009 3141 178 28 manufactured,
2313 3144 31 21 Is.
2353 3151 40 20 per
2402 3145 32 21 lb.

2008 3167 208 24 Unmanufactured
2304 3170 94 27 .fld-tper
2406 3171 31 22 lb.

1898 3194 84 21 Snuff.
1990 3209 5 6 .
2002 3210 5 5 .
2015 3210 6 5 .
2029 3210 18 14 v
2058 3192 31 25 I,'.
2301 3217 4 5 ,
2312 3198 80 26 2s.,per
2400 3198 32 22 lb.

1898 3220 87 23 Cigars
2004 3237 6 6 .
2018 3237 5 6 .
2031 3237 6 6 .
2044 3237 6 6 .
2056 3238 9 10 ,.
2074 3219 3 24 '.
2148 3242 1 6 ,
2309 3224 35 21 -2s.
2354 3231 40 20 per
2402 3224 32 22 lb.

1898 3247 82 23 Wines
2100 3264 7 5 .
2293 3251 36 20 .15
2342 3257 40 21 per
2391 3254 58 20 cent.

1896 3274 57 28 Tea,
1967 3276 84 27 Sugar,
2061 3276 93 28 ,Fl.our,
2157 3292 12 11 u
2171 3276 99 28 Wheat,,
2329 3288 3 8 >

1915 3302 46 22 and
1971 3303 61 22 other
2042 3302 87 28 Grain,
2140 3305 12 20 5
2161 3310 41 20 per
2211 3308 59 18 cent.
2284 3298 4 28 I
2329 3318 11 12 A
2381 3319 14 6 

1898 3328 39 23 All
1946 3328 61 24 other
2016 3329 106 22 Foreign
2127 3330 144 28 productions
2282 3320 14 43 f
2314 3320 29 20 ad
2350 3320 108 22 valorem-

1912 3356 44 22 and
1960 3356 166 23 manufactures
2134 3358 24 21 10
2164 3363 105 21 per.cent.
2282 3352 7 27 I

2096 3381 190 30 jEX.CjttA:NGE.
2310 3392 2 9 -

1899 3424 67 21 Bank
1974 3423 49 23 bills
2033 3431 29 15 on
2072 3424 95 24 London
2187 3408 134 35 'JSO-days
2336 3416 65 28 sight,
2418 3419 26 19 2.
2446 3424 36 21 per

1902 3464 15 4 „
1943 3464 14 7 „
1980 3464 7 7 ,
2091 3452 72 13 •»•.'•
2207 3443 11 24 L
2237 3460 4 4 .
2257 3446 186 25 cent.j>remram.

1900 3464 35 21 On
1943 3464 97 28 5ydney.
2047 3479 20 7 ...
2075 3479 142 9 ............
2305 3486 2 4 ,
2317 3469 73 23 Ditto.
2399 3488 4 3 .
2410 3488 4 2 .
2437 3486 4 4 .

1900 3490 87 24 Private
1995 3491 50 23 bills
2063 3493 21 26 ;\
2089 3507 11 11 .,
2241 3511 5 8 ,
2281 3512 3 5 ,
2294 3496 114 23 Nominal.
2435 3509 4 7 .

1919 3549 39 17 The
1969 3549 156 29 NevZka^p
2133 3552 58 21 jGAZE
2187 3568 6 5 J
2192 3554 80 19 TSJBand
2275 3563 3 8 I
2283 3554 135 19 W*i,LiNGXON
2430 3556 54 17 Swc-

1899 3570 367 26 XATOBispubbshpd.every.Wedaesday
2275 3575 37 17 and
2322 3575 96 22 Saturday.
2439 3577 45 17 Sub-

1897 3591 62 21 joined
1964 3594 31 14 are
2000 3591 31 17 the
2038 3593 57 17 terms
2098 3590 30 20 J—
2137 3596 4 5 '
2154 3587 8 14 r
2204 3594 3 5 '
2274 3593 4 6 '
2308 3594 4 4 '
2327 3596 4 2 •
2349 3593 5 5 *

1888 3624 3 5 ,
1904 3623 2 6 ,
1920 3612 93 17 Paice.ov
2018 3617 42 13 thb
2067 3613 97 19 Po.vsß.—
2164 3615 56 21 Forty
2225 3615 129 22 shillingsTjefi
2357 3621 77 17 annum,
2444 3623 35 15 pay

1899 3633 40 17 able
1944 3633 20 16 in
1971 3633 88 22 advance.;
2070 3639 62 15 or.one
2138 3636 110 21 shillingtfor
2253 3637 59 21 single
2317 3638 94 17 numbers.
2416 3643 3 8 <

1920 3654 153 18 Advertisements
2080 3656 39 17 will
2124 3659 32 14 not
2162 3662 67 16 appear
2237 3658 21 16 in
2268 3658 210 22 the,e.nsuiug\numl>or

1900 3674 16 17 if
1923 3674 81 19 received
2009 3676 47 17 later
2063 3676 45 17 than
2120 3678 20 16 10
2147 3677 73 20 o'clock,
2227 3682 48 17 a.m.,
2313 3679 32 17 the
2350 3681 94 20 mornings
2452 3682 30 17 be-

1900 3696 36 17 fore
1943 3696 124 20 .publication.
2087 3698 157 18 Advertisements
2258 3699 38 17 will
2306 3700 22 16 be
2339 3701 99 18 continued
2445 3702 36 17 and

1900 3716 77 21 charged
1987 3718 47 16 until
2042 3720 159 17 counter-ordered
2204 3717 11 22 ;1
2220 3720 47 17 such
2272 3720 54 17 order
2330 3723 51 16 must
2417 3725 41 15 sent
2463 3725 20 14 to

1900 3737 31 19 tie
1940 3737 54 18 Office
2005 3740 35 16 two
2047 3749 3 4 •
2122 3740 61 18 before
2187 3740 123 21 .publication,
2314 3754 3 6 ,
2320 3742 39 16 and
2368 3746 52 15 must
2423 3745 33 16 the.
2461 3744 20 16 in

1900 3758 78 21 writing.
1999 3760 156 19 Advertisements
2167 3761 84 18 received
2268 3762 53 18 after
2338 3764 23 16 10
2374 3765 68 17 o'clock
2456 3768 25 13 on

1900 3779 82 21 Tuesday
1993 3780 37 17 and
2040 3780 66 23 Friday
2116 3782 94 21 mornings
2221 3782 39 18 will
2268 3784 23 16 be
2302 3784 78 21 charged
2390 3786 52 17 twice
2450 3786 31 16 the

1900 3799 54 18 usual
1958 3802 52 15 rates.
2155 3812 6 4 -
2317 3809 4 4 •
2325 3802 11 6 "'

1920 3821 32 17 All
1957 3822 66 20 orders,
2033 3822 159 21 advertisements,
2201 3824 38 17 and
2249 3825 164 19 communications
2423 3829 19 14 to
2453 3827 31 16 thtf

1901 3842 69 20 Editor,
1975 3847 29 12 are
2011 3844 97 19 requested
2113 3846 20 15 to
2139 3845 21 16 be
2166 3845 100 17 addressed
2272 3847 19 16 to
2298 3847 38 16 this
2341 3847 63 16 Office.

1901 3888 75 18 Printed
1988 3889 35 17 and
2036 3890 98 21 published
2150 3887 55 25 'every
2221 3891 114 23 Wednesday
2350 3887 37 23 ani
2397 3893 85 19 Saturday

1922 3910 87 21 morning,
2022 3910 25 21 by
2065 3911 85 17 Samuel
2162 3911 32 17 Re
2195 3916 58 16 vans,
2269 3915 20 15 at
2303 3913 32 17 the
2345 3910 66 21 'Office'
2420 3914 21 16 of
2448 3914 34 16 the

1922 3931 49 16 N.bw
1984 3931 96 17 Zealand
2092 3932 92 17 Gazette
2195 3937 42 13 and
2251 3934 134 17 Wellington
2401 3935 81 16 Specta-

1922 3956 44 14 tor,
1976 3952 157 22 Mannen-itreet,
2140 3953 116 22 Wellington,
2268 3955 43 18 Port
2318 3955 110 22 .Nicholson,
2441 3954 41 18 N«W

1922 3973 83 18 Zealand.
2275 3980 5 7 »

565 37 98 47 2Ft?
687 37 118 42 Weto
831 36 205 42 Zealand
1060 37 189 46 <ffia?me
1272 37 92 40 aim
1389 35 299 47 KatUtngton
1713 33 254 49 £j)cctatoi\

2231 190 17 17 £
2270 195 15 12 s.
2310 190 18 17 d.
2383 190 17 17 £
2422 194 16 12 ■•
2463 190 19 17 d.

1895 217 50 22 Ale
1952 225 6 14 :
1972 225 39 19 per
2019 216 48 23 hhd
2233 219 13 22 7
2274 220 14 21 0
2316 221 48 20 0..
2383 219 14 22 7
2425 218 14 23 7
2467 220 14 19 0

2067 252 40 20 per
2112 245 100 23 barrel...
2230 246 14 20 5
2273 248 14 19 0
2314 248 14 19 0
2345 260 19 5 ..
2382 248 14 19 0
2419 247 20 23 ,0
2467 248 13 19 0

2041 293 2 6 ,
2067 279 38 19 per
2114 272 42 21 don
2232 274 14 19 0
2260 270 26 24 13
2315 274 14 19 0
2346 286 18 6 ..
2383 274 14 20 0
2424 274 14 19 0
2465 274 15 19 0

1895 296 98 23 Arrack
2001 304 5 15 :
2020 296 43 23 Per
2072 298 43 26 gal.
2126 298 24 22 in
2159 298 61 23 bond
2234 300 13 19 0
2276 300 11 19 1
2316 300 13 19 9
2347 301 50 21 0
2425 300 14 20 2
2466 303 14 19 0

1893 323 80 22 Bread
1982 331 5 14 :
2002 323 42 22 Per
2052 324 44 23 21b.
2107 324 52 23 loaf
2236 326 13 21 0
2276 328 14 19 0
2317 326 14 20 6
2348 339 6 6 .
2361 338 6 7 .
2385 327 14 20 0
2426 327 15 19 0
2467 327 14 18 0

1884 367 3 8 ,
1894 350 74 22 Beef:
1983 350 75 27 Fresh,
2071 357 95 16 .carcase
2181 359 41 20 per
2365 364 3 3 ■

2009 376 30 22 lb.
2140 378 72 21 :.....
2231 380 14 20 0
2265 380 19 21 ,0
2302 380 26 20 10
2340 381 57 21 .0
2424 379 15 20 0
2465 380 14 19 0

2001 402 52 28 Salt,
2063 410 40 21 per
2117 404 66 21 tierce
2197 418 5 7 .
2210 419 6 6 .
2255 413 60 15 none
2346 406 93 24 ...0.0
2466 406 13 19 0

2001 430 42 21 Do.
2053 436 40 20 per
2107 430 73 22 barrel
2197 445 19 6 ..
2255 439 59 15 none
2345 427 18 25 .'.
2382 435 14 19 0
2423 433 14 20 0
2465 433 14 19 0

1895 456 93 22 Butter
1995 460 14 18 :'
2016 456 66 27 lrish,
2092 461 40 23 pet
2140 456 30 23 lb.
2196 459 52 20 ..0
2276 460 10 19 1
2316 460 13 19 9
2346 472 18 7 ..
2383 461 14 20 0
2424 459 15 20 2
2467 460 13 19 0

2013 482 96 23 Fresh.'.
2118 486 131 19 »...j..u.'O
2277 487 14 20 2
2317 486 14 20 6
2349 495 21 10 ...
2385 488 14 19 0
2426 486 15 21 0
2467 486 15 19 0

2011 509 66 22 -First
2082 510 92 27 quality,
2183 517 40 20 per

2039 534 82 29 gallon'
2125 536 25 22 in
2160 536 62 22 bond
2235 538 13 19 0
2276 539 13 20 6
2317 540 49 19 0..
2382 540 15 21 0
2397 556 4 9 f
2426 540 14 19 8
2467 540 14 19 0

1895 562 85 22 Brown
2000 563 72 22 Stout
2079 570 6 14 :
2108 570 41 21 per
2161 562 55 23 hhd.
2231 564 14 19 6
2260 564 27 21 10
2314 566 13 19 0
2383 566 14 22 7
2404 562 3 7 '
2424 562 14 24 6
2465 568 14 17 0

1895 590 87 21 Cigars
1989 597 5 14 :
2005 588 101 28 Manilla,
2114 597 41 21 per
2159 591 61 25 1000,
2235 590 13 21 3
2277 592 13 19 0
2317 592 13 19 0
2347 604 5 6 .
2360 605 5 6 .
2379 594 18 19 ,0
2425 592 14 20 0
2467 593 13 19 0

1997 613 101 25 'Inferior
2116 620 100 17 .....:..
2236 617 11 20 1
2263 618 27 20 18
2317 618 14 21 0
2348 620 49 28 ..,2
2425 619 15 22 0
2467 620 14 19 0

1988 648 3 7 '
2002 643 135 27 Havannah,
2143 650 40 20 per
2189 642 31 23 lb.
2228 659 3 3 .
2255 650 62 18 none,
2346 645 133 20 ..000

2002 669 124 22 Chinsurah
2129 677 40 19 per
2175 671 71 21 10001
2263 672 26 20 10
2317 672 13 20 0
2347 684 19 7 ..
2384 672 13 21 0
2425 672 14 20 0
2465 672 13 19 0

2001 696 212 23 Alexandrian....
2234 698 11 20 1
2262 699 26 20 10
2316 698 13 21 0
2347 698 62 28 ..,0'
2425 698 14 20 0
2466 699 13 20 0

1895 723 87 22 Coffee
1988 730 6 14 :
2004 722 63 27 Java,
2077 730 41 20 per
2126 724 23 21 lb
2234 726 13 20 0
2276 726 13 20 0
2305 725 25 20 10
2347 738 6 6 .
2360 738 6 7 .
2385 726 12 20 0
2425 724 15 21 0
2467 726 12 19 0

1895 750 102 22 Cheese:
2011 749 106 22 Cheshire
2234 753 14 20 0
2277 752 11 19 1
2317 752 12 20 6
2347 765 19 6 ..
2385 752 13 22 0
2425 752 15 19 0
2467 752 14 20 0

2009 776 56 22 Pine
2074 776 75 29 Apple
2234 780 13 20 0
2276 780 13 21 0
2316 780 50 21 0.
2384 780 13 19 0
2426 778 12 19 1
2466 778 14 21 2

2009 803 77 22 Dutch
2236 807 12 20 0
2276 807 13 20 0
2317 806 13 20 0
2347 818 19 7 ..
2385 806 13 21 0
2427 805 12 20 1

1895 830 105 22 Candles
2007 837 4 14 :
2018 830 94 27 English
2119 839 56 19 wax,
2182 838 41 21 per

2034 856 33 22 lb.
2089 861 75 18 .....;
2236 860 12 20 0
2276 860 13 20 3
2317 860 14 19 0
2349 853 50 27 ..6
2427 860 14 19 0
2467 860 14 19 U

2001 888 4 7 '
2022 883 82 22 Mould
2235 886 13 20 0
2277 886 11 19 1
2307 900 3 5 .
2317 886 14 20 3
2349 898 5 6 .
2361 898 6 7 .
2386 886 13 20 0
2427 886 14 19 0
2468 886 13 19 0

2023 910 70 27 Dips.
2234 913 14 20 0
2276 913 12 19 1
2317 912 12 19 0
2347 924 19 7 ..
2385 910 12 23 0
2426 913 14 19 0
2467 914 14 18 0

1891 936 97 28 .Flour:
1997 936 130 28 lstquality,
2138 940 83 25 perton
2427 950 4 9 .
2450 956 4 5 .

2015 963 26 22 of
2051 964 54 21 2000
2115 964 35 22 lbs
2220 964 26 21 15
2275 966 13 21 0
2316 959 22 26 0'
2338 978 14 11 v.20v
2359 966 38 21 .20
2425 966 25 20 0'
2466 967 13 18 0

1994 990 109 22 2ndditto
2236 993 12 20 0
2276 994 13 19 0
2317 993 13 20 0
2343 990 55 23 ..12
2426 993 14 19 0
2467 994 13 19 0

1896 1018 63 21 Giwr
1976 1016 52 23 Pale
2044 1018 25 21 in
2079 1017 61 22 bond
2235 1020 13 19 0
2276 1020 18 20 3'
2316 1020 13 19 0
2347 1032 17 7 ..
2383 1021 13 19 0
2423 1019 16 20 4
2466 1020 13 19 0

1944 1044 62 26 Case,
2013 1044 57 26 4gal
2079 1046 37 19 4-5
2124 1045 25 22 in
2157 1045 61 22 bond
2234 1046 10 19 1
2275 1047 13 20 8
2316 1047 12 19 0
2347 1059 17 6 ..
2385 1046 10 19 1
2412 1045 27 20 10
2467 1046 13 19 0

1895 1070 82 22 Hams:
1992 1070 127 28 Yorkshire,
2125 1069 2 5 '
2134 1079 39 20 per
2182 1072 23 21 lb
2213 1088 6 5 .
2235 1074 13 20 0
2276 1074 13 19 0
2317 1074 14 19 0
2349 1086 17 6 ..
2385 1074 14 19 0
2427 1072 14 20 0
2469 1072 13 19 0

1895 1097 124 23 Mustard:
2035 1097 44 22 Per
2087 1098 72 23 dozen
2236 1101 12 20 0
2264 1100 26 20 18
2318 1100 13 19 0
2349 1100 50 21 ...0
2428 1099 13 20 0
2469 1100 14 18 0

1895 1124 101 23 Mutton
2003 1133 20 16 :,.
2028 1125 94 22 Carcase
2131 1132 40 21 per
2180 1125 23 22 lb
2214 1141 6 6 .
2236 1128 13 19 0
2277 1127 13 19 0
2317 1126 14 19 9
2349 1123 50 24 ..'0
2427 1125 53 21 011

1895 1151 121 22 Muskets:
2030 1150 94 23 Walnut
2130 1152 93 21 stocked
2237 1154 13 19 0
2277 1153 15 20 0
2349 1166 19 6 ..
2387 1154 12 19 0
2415 1152 26 21 15
2470 1154 14 19 0

1895 1178 77 22 Milk:
1988 1178 41 22 Per
2035 1175 100 31 pint...'.
2236 1179 13 21 0
2277 1176 53 23 o'3
2349 1179 24 20 ..'
2387 1180 12 20 0
2427 1180 14 20 0
2467 1180 14 19 4

1895 1205 43 22 Oil
1946 1213 5 14 :
1967 1202 102 27 Linseedj
2079 1211 40 21 per
2128 1204 76 28 gallon
2214 1206 34 20 .0
2277 1207 14 19 0
2319 1206 37 20 0.
2363 1219 5 6 .
2400 1212 65 15 none.

1968 1231 76 27 Black,
2048 1231 25 21 in
2077 1231 174 27 cask,pertonl7
2279 1233 14 20 0
2313 1233 20 25 ,0
2351 1246 18 7 ..
2387 1234 14 20 0
2429 1234 14 20 0
2469 1234 14 20 0

2004 1258 78 26 Sperm
2194 1255 52 25 .'.60
2274 1260 12 19 0
2315 1260 12 19 0
2345 1260 50 21 ..65
2424 1260 13 19 0
2465 1260 12 19 0

1895 1284 76 23 Pork:
1987 1284 75 28 Fresh,
2080 1291 88 16 carcase
2183 1292 42 20 per

2009 1311 30 21 lb.
2060 1311 46 20 ...'.
2235 1314 13 20 0
2276 1314 13 20 0
2316 1312 13 21 5
2348 1327 18 6 ..
2385 1315 12 20 0
2418 1315 22 24 .0
2467 1316 13 19 0

1895 1338 76 21 Pork:
1987 1337 64 27 Irish,
2062 1344 41 20 per
2111 1338 74 22 barrel
2197 1340 52 21 ..0
2276 1341 14 20 0
2317 1341 14 20 0
2348 1354 19 7 ..
2385 1341 12 21 5
2426 1342 13 19 5
2468 1343 15 19 O

1895 1364 128 23 Potatoes:
2044 1364 57 22 New
2114 1365 108 27 Zealand,

2068 1399 41 19 per
2117 1395 39 19 ton
2234 1394 12 20 5
2276 1395 13 20 0
2317 1396 13 19 0
2336 1415 2 7 ,
2347 1408 7 7 .
2359 1408 7 7 .
2385 1396 12 21 8
2425 1396 15 20 0
2467 1397 13 19 0

1895 1418 93 22 Porter
1997 1426 5 14 :
2029 1418 103 28 Dunbar,
2143 1420 24 21 in
2175 1420 45 21 bot.

2059 1452 40 20 per
2109 1446 42 22 doz
2234 1448 13 21 0
2263 1448 26 21 13
2316 1450 13 19 0
2347 1462 19 6 ..
2385 1450 12 20 0
2426 1450 14 20 0
2467 1451 14 19 0

2002 1472 84 27 Bryant
2096 1473 45 22 and
2150 1474 70 21 Davis
2235 1476 54 20 013
2316 1476 14 20 0
2348 1488 5 7 .
2360 1488 6 7 .
2385 1477 13 20 0
2426 1477 15 20 0
2467 1477 14 20 0

1895 1498 98 23 Pickles
2003 1507 5 14 :
2039 1500 115 28 Assorted,
2183 1508 41 20 per

2065 1526 58 27 doz.,
2147 1531 75 23 quarts
2237 1530 11 19 1
2279 1530 11 19 1
2319 1530 13 20 0
2350 1543 19 6 ..
2387 1531 13 19 0
2429 1531 14 20 0
2470 1531 19 18 0'

1896 1552 73 22 Pitch
1982 1560 5 14 :
2016 1552 138 30 Stockholm,
2183 1562 41 20 per

2042 1580 95 28 barrel.,.
2237 1585 13 19 0
2277 1585 15 19 0
2319 1584 13 20 0
2349 1596 19 7 ..
2389 1584 10 19 1
2428 1584 14 20 5
2470 1584 15 20 0

1896 1606 92 22 Plank:
2015 1607 54 22 Port
2091 1607 131 29 Nicholson,
2277 1610 2 3 '
2308 1624 2 4 .

2041 1641 40 21 per
2090 1636 41 21 100
2140 1636 45 21 feet
2199 1650 5 6 .
2211 1650 6 5 .
2237 1638 12 20 0
2277 1638 14 19 0
2318 1638 13 19 0
2349 1650 5 7 .
2362 1651 6 6 .
2387 1638 10 19 1
2428 1638 12 20 1
2468 1639 15 19 0

1895 1660 59 21 Rice
1960 1667 4 14 :
1978 1661 107 22 Common
2094 1669 41 19 per
2140 1666 49 17 cwt.
2200 1678 6 5 .
2213 1677 6 6 .
2238 1665 13 20 0
2278 1665 14 19 0
2319 1665 13 20 0
2350 1678 5 5 .
2363 1678 5 5 .
2387 1666 12 20 0
2427 1667 14 18 0
2469 1668 13 17 O

1977 1688 63 21 Good
2237 1691 10 20 1
2277 1692 15 20 4
2319 1692 48 20 0..
2386 1693 13 19 0
2427 1693 14 19 0
2468 1694 14 19 0

1895 1714 55 21 Rum
1957 1721 5 14 :
1980 1714 23 23 P.
2013 1714 26 22 B.
2049 1715 35 26 P.,
2098 1723 40 19 per
2147 1716 76 27 gallon

2014 1742 24 21 in
2052 1742 165 23 b0nd........
2236 1745 13 20 0
2270 1746 21 23 ,4
2318 1745 12 20 0
2349 1758 18 7 ..
2386 1747 13 19 0
2426 1745 14 21 5
2468 1747 14 19 0

1896 1768 87 22 Sugar:
2000 1768 119 23 Mauritius
2128 1777 40 20 per
2175 1773 48 19 cwt.
2239 1773 13 20 0
2279 1773 15 20 0
2321 1773 49 19 0..
2401 1778 59 15 none

2003 1795 80 22 Brown
2097 1796 55 22 ditto
2235 1799 10 20 1
2274 1799 14 21 2
2316 1800 79 20 0..1
2425 1801 14 19 8
2467 1801 14 19 0

2002 1822 96 23 Refined
2113 1824 53 28 loaf,
2183 1832 40 20 per

2027 1849 23 22 lb
2237 1854 12 20 0
2277 1854 16 20 O
2319 1854 13 20 9
2349 1860 19 12 .-.
2386 1854 14 20 0
2427 1855 15 19 0
2469 1855 22 19 0-

2004 1876 94 23 Manilla
2117 1885 40 20 per
2170 1881 48 19 cwt.
2234 1881 13 19 0
2275 1881 14 20 0
2317 1881 49 21 0,.
2385 1879 68 23 None

1895 1902 59 22 Salt
1962 1909 6 14 :
1983 1903 125 28 Liverpool,
2117 1912 41 20 pcr
2157 1904 4 9 1
2167 1908 39 19 ton
2214 1921 6 6 .
2236 1907 12 21 3
2276 1908 15 20 0
2317 1907 14 21 0
2348 1921 6 7 .
2361 1920 7 6 .
2385 1908 15 20 4
2427 1909 14 19 0
2469 1909 14 19 0

1895 1929 59 22 Soap
1963 1937 5 14 :
1995 1930 100 22 Hawes's
2118 1932 104 27 London,

2016 1965 42 18 per
2064 1960 39 19 ton
2220 1960 26 20 35
2275 1961 14 20 0
2316 1962 14 20 0
2347 1974 7 6 .
2360 1973 6 7 •
2386 1961 12 19 0
2428 1963 14 19 0
2469 1964 14 18 O

2009 1983 120 27 Liverpool
2220 1987 27 19 26
2276 1988 90 22 0,0j..
2385 1989 13 18 0
2427 1988 56 18 O>O

1895 2008 90 21 Starch
1993 2016 4 13 :
2013 2008 43 21 Per
2063 2009 23 20 lb
2237 2012 13 20 0
2278 2012 15 20 0
2319 2012 14 19 9
2350 2024 6 7 .
2363 2024 6 7 .
2387 2013 14 19 0
2429 2013 14 19 0
2470 2013 14 19 0

1895 2034 140 21 Scantling:
2051 2034 44 21 Per
2102 2036 41 21 100
2151 2036 68 21 feet..
2238 2039 13 19 0
2267 2038 27 21 18
2320 2039 14 20 0
2351 2051 18 6 ..
2389 2039 11 19 1
2430 2040 13 20 0
2470 2041 14 19 0

1896 2060 124 23 Shingles:
2037 2061 43 22 Per
2086 2062 63 28 1000,
2156 2062 29 22 N.
2194 2063 27 22 Z.
2237 2064 11 20 1
2279 2066 12 19 1
2319 2066 49 19 0..
2388 2066 11 20 1
2429 2066 13 20 5
2470 2067 13 19 0

2022 2088 71 28 Ditto,
2115 2089 28 22 V.
2154 2090 29 21 D.
2194 2090 27 22 L.
2236 2092 13 20 2
2277 2093 14 19 0
2318 2093 14 19 0
2349 2106 6 5 .
2362 2105 6 6 .
2386 2094 14 20 0
2427 2095 14 19 0
2469 2095 13 19 0

1894 2114 63 23 Tar:
1973 2115 52 22 Coal
2237 2118 11 21 1
2277 2119 12 20 1
2319 2119 13 20 0
2350 2132 18 7 ..
2387 2121 14 20 0
2429 2121 13 19 0
2469 2122 14 18 0

1977 2142 127 22 Stockholm
2119 2147 12 16 .*
2238 2146 11 20 I
2279 2147 11 19 1
2319 2147 13 19 0
2350 2159 5 6 .
2363 2159 5 6 .
2387 2148 12 18 0
2428 2148 13 19 0
2469 2149 14 18 0

1895 2168 62 23 Tea:
1966 2169 79 28 Hyson
2049 2169 56 27 skin,
2112 2177 40 21 per
2161 2170 63 23 chest
2236 2174 15 20 4
2277 2175 15 19 0
2319 2173 13 20 0
2349 2186 19 7 ..
2387 2173 12 22 7
2428 2173 13 22 7
2469 2176 14 17 0

1969 2196 91 28 Congou
2157 2199 94 23 .....10
2278 2201 15 20 0
2319 2201 81 21 0..0
2427 2202 14 20 0
2468 2203 14 19 0

1894 2222 117 23 Tobacco:
2025 2223 143 29 Negrohead,
2183 2233 42 19 per

2051 2250 31 22 lb.
2095 2250 24 23 in
2135 2251 60 22 bond
2236 2255 13 20 0
2278 2255 10 20 1
2318 2255 50 19 0..
2386 2255 13 20 0
2427 2255 14 20 0
2469 2256 14 20 0

1895 2276 161 23 Turpentine:
2072 2277 147 29 Pergallon..
2237 2283 14 19 0
2279 2282 14 20 8
2319 2282 14 20 0
2350 2294 19 6 ..
2387 2283 14 19 0
2429 2283 13 19 0
2469 2284 14 18 0

1895 2303 148 23 Whalebone
2049 2312 8 14 i
2072 2304 43 22 Per
2123 2309 39 18 ton
2173 2320 45 7 ....
2225 2308 26 21 90
2279 2310 14 19 0
2319 2309 14 19 0
2350 2309 50 20 ..95
2428 2310 14 19 0
2469 2311 14 18 0

1895 2329 82 23 Wine:
1992 2331 87 28 Sherry,
2089 2339 42 20 per
2138 2333 51 27 pipe
2199 2335 50 21 ..28
2277 2337 15 19 O
2318 2336 82 20 0..40
2427 2337 14 19 0
2467 2337 16 19 O

2001 2358 71 28 Ditto,
2087 2366 41 20 per
2142 2360 78 22 dozen.
2225 2363 31 26 -1,
2276 2363 91 19 40..
2385 2363 14 19 2
2427 2363 14 20 0
2468 2365 14 18 0

2002 2385 60 28 Port,
2072 2393 40 20 per
2122 2386 49 28 pipe
2197 2382 59 28 ..28'
2276 2390 15 20 0
2316 2390 14 20 0
2347 2390 51 20 ..60
2425 2391 14 19 0
2466 2391 14 20 0

2069 2420 40 20 per
2119 2415 48 21 doz.
2198 2417 49 20 ..1
2276 2417 14 20 8
2317 2417 14 20 0
2347 2429 19 6 ..
2383 2417 14 20 2
2425 2417 14 20 8
2466 2419 14 19 0

2002 2439 150 28 Champagne,
2166 2441 56 22 ditto
2235 2444 14 20 2
2276 2443 14 20 5
2317 2444 14 19 0
2348 2455 18 7 ..
2384 2444 13 20 3
2413 2443 27 21 10
2467 2445 14 19 0

1895 2465 118 23 Poultry:
2028 2466 81 27 Fowls,
2115 2474 40 20 per
2162 2468 49 27 pair
2217 2484 6 6 .
2237 2472 14 19 0
2279 2471 14 19 8
2319 2471 14 19 0
2350 2483 18 6 ..
2387 2471 13 19 0
2415 2471 26 20 16
2469 2474 14 17 0

2027 2493 85 28 Ducks,
2124 2494 55 22 ditto
2199 2497 92 21 ..016
2318 2498 13 19 0
2349 2510 5 6 .
2362 2510 6 6 .
2386 2499 13 19 0
2427 2499 14 19 0
2468 2499 15 19 0

2028 2521 81 26 Geese,
2121 2521 54 22 each
2199 2537 4 5 .
2211 2536 6 6 .
2237 2525 10 19 1
2276 2525 15 19 0
2317 2525 14 19 0
2349 2537 5 7 .
2361 2537 6 6 .
2385 2525 14 20 0
2426 2525 14 20 0
2467 2526 15 20 0

2027 2547 109 28 Turkeys,
2148 2549 54 21 each
2238 2551 10 21 1
2277 2551 15 21 0
2318 2552 37 20 0.
2363 2565 5 5 .
2387 2553 14 19 0
2428 2553 13 19 0
2469 2553 14 20 0

2028 2574 104 28 Pigeons,
2142 2575 78 28 (wild,)

2053 2608 41 21 per
2102 2602 49 27 pair
2171 2605 78 20 ....0
2277 2605 14 21 0
2318 2605 82 22 0..0
2426 2606 14 20 2
2469 2607 14 19 0

2026 2627 86 28 Ducks,
2121 2629 34 22 do.
2167 2629 51 22 do..
2237 2633 13 19 0
2278 2632 13 20 5
2319 2633 13 18 0
2350 2645 18 6 ..
2387 2634 14 20 0
2429 2635 12 19 0
2469 2636 14 18 O

1894 2655 73 22 Eggs:
1984 2655 41 23 Per
2035 2655 73 22 dozen
2238 2661 13 19 0
2279 2660 14 20 2
2319 2660 14 19 0
2350 2673 19 5 ..
2387 2661 14 19 0
2429 2661 13 20 0
2469 2662 15 18 O

1896 2709 78 21 Cows:
1987 2709 71 22 Milch
2226 2712 26 21 15
2280 2714 14 19 0
2320 2714 14 19 0
2351 2714 51 20 ..25
2430 2715 13 19 0

1896 2735 96 25 Mares:
2006 2736 74 22 Brood
2212 2739 39 22 .50
2278 2741 14 20 0
2319 2741 14 20 0
2350 2742 56 22 ..80,
2428 2742 14 19 0

1896 2762 115 23 Working
2027 2763 132 23 Bollocks:
2181 2764 44 23 Per

1922 2789 50 28 pair
2051 2788 6 23 i,
2202 2794 52 21 ..40
2281 2794 55 21 0,0
2352 2795 52 20 ..60
2431 2796 13 25 Q

1897 2816 64 22 Hire
1972 2823 25 16 of
2007 2824 67 15 ditto
2081 2825 5 14 :
2102 2817 45 24 Per
2153 2818 51 28 day,
2213 2827 14 14 a
2227 2839 4 8 ;

1924 2846 60 19 team
1993 2844 44 21 and
2044 2841 75 26 driver
2224 2848 41 24 .1,,
2281 2848 15 21 0
2322 2849 14 20 0
2352 2861 20 8 ..
2388 2849 15 20 2
2430 2849 14 21 0

1898 2870 86 21 Sheep:
1999 2870 61 22 Each
2207 2888 4 7 t
2213 2888 7 5 .
2239 2876 24 19 l-
2279 2876 15 19 0
2320 2876 14 19 0
2350 2888 19 7 ..
2388 2876 11 20 1
2429 2877 21 21 8;

1896 2897 71 24 Boat.
1971 2896 71 23 Hire:
2056 2897 44 22 Per
2106 2898 49 30 day,
2160 2896 70 24 with-

2084 2928 41 19 out
2133 2925 89 22 hands.
2237 2928 14 24 Q
2266 2928 27 20 10
2319 2928 14 21 0
2350 2940 19 7 ..
2388 2928 10 21 1
2429 2930 20 20 0,

1897 2976 86 23 Wages
1989 2985 5 14 :
2020 2977 140 29 Mechanics,
2185 2987 43 20 per

2044 3004 177 26 .week.........
2239 3008 15 20 2
2281 3009 15 20 0
2313 3009 23 21 .0
2352 3010 51 21 ..,3
2431 3011 21 20 0.

2030 3031 127 24 Labourers
2174 3048 6 6 .
2187 3048 33 7 ....
2239 3035 55 21 TlO
2321 3036 14 21 0
2352 3049 5 6 .
2364 3048 7 8 .
2390 3037 11 20 1
2418 3037 26 21 16

164 128 78 21 Land
252 127 40 21 for
308 127 60 20 Sale
382 127 29 20 at
425 124 105 23 Karori.

57 160 89 49 TEN
158 158 101 22 ACRES
274 157 25 22 of
311 157 88 22 Yule's
418 156 109 23 favourite
546 155 92 26 section,

132 185 101 27 together
247 191 25 14 or
286 188 107 22 separate,
410 183 84 26 having
509 189 13 14 a
540 182 100 26 frontage

55 216 56 19 next
126 212 37 21 the
177 211 63 27 road,
256 210 71 23 which
341 210 21 22 is
376 210 90 27 already
475 208 66 22 made
556 211 50 25 past
615 209 24 21 it.

55 239 76 27 Apply
141 242 22 17 to
268 243 2 10 •

430 262 45 22 Mr.
490 262 121 22 Brandon.

82 292 101 26 January
194 292 34 26 13,
240 292 60 21 1843.

55 343 86 25 Land,
153 344 55 20 and
222 341 158 22 unselected
393 341 76 20 Land
485 339 98 21 Orders
597 338 43 21 for

178 370 71 24 Sale,
265 374 35 14 on
313 367 97 21 liberal
426 369 90 19 terms.

55 404 69 48 TO
139 403 38 21 BE
193 401 87 26 SOLD,
297 401 29 26 by
339 400 86 28 private
442 401 107 24 contract,
570 398 70 26 single

118 430 94 21 sections
221 435 31 15 on
261 426 36 23 the
307 426 200 28 principalilines'in
516 424 38 22 the
563 424 77 23 vallies

54 458 26 20 of
93 457 37 21 the
141 456 64 21 Hutt.
209 454 47 23 and
259 454 43 21 .the
318 452 269 27 Horokiwi/and-onsthe
596 451 44 22 Po-

54 484 61 21 rirua
125 482 64 22 Road
196 480 68 28 ji.also
275 480 81 22 .blocks
365 478 104 28 'ofMandj
482 478 31 21 iof
525 482 43 17 two
576 478 64 21 'hun-

54 510 56 21 dred
128 508 46 22 and
192 508 63 21 three
271 506 115 23 hundred;
396 513 61 14 acres
468 504 70 27 .each,
557 505 24 21 in
602 503 38 22 the

53 535 128 22 immediate
191 534 92 26 vicinity
294 530 153 32 of'.thjeJlowji
451 532 32 21 -of
494 531 146 27 Wellington.

54 562 63 26 Also,
130 560 76 23 orders
220 561 35 22 for
272 562 95 25 country
374 558 54 23 land
444 558 45 22 still
499 557 141 26 .unselected,

54 589 71 21 either
135 588 81 27 singly,
221 595 24 14 or.
254 586 24 22 in
286 583 169 32 lotSy'aqdfwith
466 592 24 15 or
501 583 97 23 without
602 583 38 22 the

54 616 69 21 Town
134 615 78 25 Acres,
223 618 23 17 to
255 612 49 23 suit.
307 612 136 28 purchasers.

83 642 75 27 Apply
168 644 22 19 to
201 640 39 23 Dr.
252 640 82 26 Evans,
347 638 110 22 Lambton
468 638 73 27 Quay.

55 673 22 21 A
86 671 80 23 liberal
176 671 71 23 credit
255 670 67 27 given
332 673 23 18 to
365 669 136 28 respectable
511 668 129 28 purchasers

144 698 118 26 intending
271 700 21 18 to
304 697 63 22 settle
378 703 58 21 upon
447 696 37 22 the
493 695 62 22 land.

292 750 40 20 To
347 750 57 23 Let,

52 785 90 49 FOR
157 784 56 21 such
223 791 13 14 a
247 786 56 19 term
313 783 25 21 of
343 790 64 20 years
417 789 23 15 as
456 790 53 18 may
518 782 30 21 be
560 781 80 28 agreed

127 818 35 19 on,
174 813 35 20 six
216 817 64 15 acres
297 809 65 27 along
379 809 38 23 the
427 809 46 23 Kai
487 805 153 30 Warra-road,

54 846 28 14 on
93 839 88 22 Section
191 838 44 21 No.
244 838 22 25 4,
280 837 24 21 in
320 845 42 15 one
379 843 25 16 or
421 844 60 14 more
496 838 52 21 lots.
576 836 64 27 Also,

53 866 89 21 wanted
161 873 13 14 a
193 867 124 20 contractor
334 865 36 20 for
386 863 109 29 building,
506 872 14 13 a
535 863 105 23 weather-

52 892 100 22 boarded
166 892 76 26 house,
261 890 52 23 with
330 891 63 22 brick
412 888 117 31 chimnies,
544 898 30 15 on
592 890 48 22 said

53 920 93 21 section.
177 919 75 27 Apply
262 921 22 18 to

243 950 50 21 Mr.
307 950 154 26 Macdonald,
473 949 45 23 Kai
527 950 86 22 Warra.

81 977 45 22 Kai
135 976 86 28 Warra,
234 977 53 27 July
300 979 18 25 8,
330 978 61 21 1842.

53 1028 40 19 To
110 1027 163 20 Gentlemen
287 1026 146 28 intending
447 1028 28 19 to
490 1028 78 19 enter
580 1028 60 21 into

80 1054 45 20 the
153 1053 144 26 profitable
325 1054 107 25 pursuit
462 1054 31 21 of
519 1054 121 26 Grazing

82 1080 53 21 and
156 1080 136 25 Breeding
311 1080 91 25 Stock,
424 1080 42 21 for
486 1080 90 21 which
596 1082 44 19 the

80 1106 88 21 fertile
189 1106 111 21 Islands
320 1107 31 20 of
367 1106 69 21 New
454 1108 122 20 Zealand
595 1113 45 16 are

79 1139 33 15 so
127 1133 157 26 peculiarly,
291 1134 127 25 adapted.

54 1167 91 49 THE
156 1166 153 27 undersigned
317 1167 45 27 beg
370 1170 22 18 to
400 1167 83 23 inform
492 1167 148 24 theirfriends

124 1193 44 23 and
186 1193 37 22 the
238 1193 75 34 public
329 1194 121 27 generally,
466 1195 49 21 that
532 1195 53 28 they
595 1195 45 23 will

47 1223 106 19 •contract
175 1221 37 21 for
231 1216 37 26 the
293 1220 99 28 delivery
418 1221 25 22 of
464 1220 38 23 the
526 1221 114 28 following

52 1247 136 28 description
202 1247 26 21 of
235 1246 72 28 Stock,
315 1248 24 21 in
348 1254 44 21 any
402 1247 54 23 Port
465 1248 25 22 of
504 1247 40 27 the.
553 1249 87 22 Islands

53 1274 27 22 of
87 1274 54 22 New
152 1273 102 23 Zealand
262 1281 34 13 :—
464 1277 2 3 '
500 1273 4 13 '
513 1278 2 5 '

80 1301 96 21 ■Horned
191 1300 68 22 cattle
276 1300 125 28 (improved
414 1301 89 27 breeds)
519 1301 27 22 of
557 1302 31 22 all
603 1302 37 22 de-

53 1328 126 27 scriptions,

81 1356 92 25 Horses,
195 1355 58 21 from
275 1353 36 23 the
334 1355 50 21 best
403 1355 94 27 English
517 1355 46 22 and
579 1355 61 23 Arab

52 1381 73 27 studs,
141 1381 94 23 suitable
251 1381 34 21 for
304 1381 84 27 racing,
403 1382 84 27 saddle,
498 1389 25 15 or
536 1382 92 23 harness
635 1391 5 20 ;

52 1407 47 22 and
108 1408 107 27 breeding
224 1415 87 19 mares,'
501 1414 2 6 '
616 1407 2 25 ',

80 1435 58 21 Pure
149 1435 82 21 Saxon*
235 1435 44 21 and
289 1435 86 21 merino
385 1442 64 20 ewes,

64 1472 2 7 <
80 1461 122 22 Half-bred
218 1461 112 22 Leicester
344 1461 45 22 and
404 1463 87 21 merino
511 1470 63 19 ewes,
590 1470 50 21 par-

48 1487 109 28 ticularly
166 1487 97 28 adapted
276 1487 34 23 for
320 1488 43 22 this
372 1492 102 24 country,
485 1496 24 14 as
518 1489 122 28 they*nnite

54 1515 81 25 weight
146 1515 26 21 of
178 1522 91 14 carcass,
275 1514 51 22 with
336 1515 96 22 fineness
443 1516 26 21 of
476 1516 64 22 wool.

80 1541 48 22 The
152 1540 150 28 undersigned
325 1549 42 14 can
394 1543 169 22 accommodate
590 1551 50 20 pur-

48 1568 95 22 chasers
158 1569 27 21 of
193 1567 63 23 .their
266 1568 66 22 Stock
349 1568 53 26 wi|h
419 1569 115 22 extensive
549 1571 91 26 grazing

47 1602 68 17 •runs,
123 1594 80 26 within
214 1597 40 20 100
264 1595 63 21 miles
337 1595 25 21 of
368 1594 44 22 this
422 1595 60 22 Port.

315 1628 34 21 W.
366 1628 25 21 B.
407 1628 96 23 Rhodes
517 1630 45 21 and
576 1630 38 22 Co.

250 1674 70 20 Flax
333 1674 106 21 School.

50 1708 54 49 A
118 1707 122 22 SCHOOL
250 1707 34 21 for
294 1707 103 27 teaching
407 1707 37 22 the
454 1708 99 22 children
565 1709 24 22 of
596 1717 44 19 any

130 1734 26 21 of
167 1734 39 22 the
222 1734 92 27 settlers,
325 1734 38 21 the
378 1734 81 22 Native
475 1735 65 22 mode
555 1736 26 22 of
591 1743 49 21 pre-

46 1761 132 27 •paringjthe
188 1761 56 22 New
253 1761 101 22 Zealand
364 1761 62 27 Flax,
437 1762 19 21 is
467 1762 87 26 opened
560 1763 26 22 in
598 1770 42 15 one

50 1788 28 22 of
90 1787 37 22 the
137 1788 133 27 emigration
278 1787 88 28 houses,
377 1788 121 23 Thorndon
509 1789 58 22 Flat.

45 1821 80 20 .Hours
127 1820 70 25 from,
200 1821 35 19 ten
246 1821 20 19 to
276 1821 77 25 twelve,
365 1821 42 20 and
415 1821 61 25 from
489 1823 40 19 two
540 1823 34 19 till
575 1822 65 26 four.

79 1851 125 23 December
214 1852 35 25 31,
262 1852 60 21 1842.

293 1897 30 20 of
334 1897 179 25 Manewatu..

43 1924 101 40 ■rfiHE
167 1929 214 23 PROPRIETORS
406 1931 25 21 of
456 1931 38 22 the
515 1931 62 23 three
593 1932 47 22 first

59 1952 29 26 X
139 1955 90 23 choices
245 1959 23 19 at
276 1957 39 21 the
332 1957 44 21 last
389 1957 108 22 Selection
508 1959 26 20 of
548 1962 92 24 country

48 1983 74 26 lands,
134 1983 86 27 having
239 1983 137 22 determined
390 1990 61 19 upon
459 1996 2 4 ■
468 1984 38 22 the
523 1985 41 21 site
574 1985 39 22 'for
628 1993 12 14 a

64 2016 93 23 TOWN
174 2016 43 23 ON
232 2016 65 23 THE
312 2017 189 23 MANEWATU
516 2018 107 28 RIVER,

40 2049 68 21 .after
111 2049 80 20 several
199 2049 60 20 visits
268 2052 22 18 to
299 2049 37 21 the
344 2049 189 28 neighbouroood,
545 2050 46 22 and
601 2051 39 22 the

48 2078 60 19 most
125 2075 87 23 careful
231 2075 44 22 and
294 2076 83 21 minute
396 2077 152 21 examination
563 2078 26 21 of
602 2078 38 22 the

50 2107 72 17 entire
137 2103 94 26 district,
247 2102 65 22 aided
327 2103 31 27 by
367 2103 37 21 the
420 2103 147 28 professional
580 2105 58 27 skill,

49 2128 139 29 knowledge,
208 2129 44 22 and
267 2130 130 27 experience
413 2131 24 21 of
448 2130 39 22 the
504 2135 61 18 most
579 2138 61 16 com-

49 2159 78 24 petent
134 2156 89 27 judges,
240 2163 92 20 propose
348 2159 22 19 to
386 2157 54 22 offer
451 2157 34 22 for
502 2157 104 29 disposal,
615 2163 25 17 at

200 2180 39 24 tlie
253 2187 88 23 present
350 2184 61 26 time,
422 2184 68 22 about

50 2214 220 22 TWENTY-FIVE
305 2214 106 27 ACRES,
450 2215 36 22 IN
523 2216 117 23 ALLOT-

50 2241 113 27 MENTS,
181 2241 85 22 EACH
288 2241 39 21 OF
352 2241 63 21 ONE
435 2242 149 24 QUARTER
599 2244 40 21 OF

269 2267 44 22 AN
329 2268 90 21 ACRE.

76 2303 48 22 The
133 2307 51 24 spot
193 2303 51 22 thus
253 2302 97 22 selected
361 2309 110 20 possesses
480 2302 38 22 the
528 2307 58 19 most
601 2312 39 14 ex-

46 2331 89 21 tensive
149 2330 103 27 frontage
266 2332 23 18 to
306 2329 56 27 deep
373 2332 69 19 water
456 2330 27 21 of
494 2337 44 20 any
553 2338 29 15 on
601 2332 37 22 the

48 2358 67 21 river.
144 2357 22 21 It
184 2357 19 21 is
222 2356 96 22 situated
332 2356 48 26 just
393 2359 23 18 at
431 2356 49 22 that
498 2358 65 26 point
579 2358 59 22 from

113 2383 73 23 which
196 2391 14 13 a
219 2383 54 22 road
283 2382 73 22 would
365 2383 84 22 branch
461 2383 33 22 off
500 2388 22 17 to
534 2384 36 22 the

49 2418 106 14 WOODED'
169 2418 47 14 AND
238 2417 97 15 FERTILE
355 2417 117 15 DISTRICTS
494 2418 75 15 ALONG
593 2420 45 14 THE

222 2444 55 14 BASE
292 2444 27 14 OF
334 2444 45 14 TUB
393 2444 75 19 HILLS,

49 2464 45 22 and
107 2464 71 22 above
188 2463 74 22 which
271 2463 37 22 the
322 2463 128 27 navigation
464 2465 35 21 for
509 2465 81 22 vessels
600 2465 40 22 be-

50 2498 74 15 comes
134 2492 87 24 tedious,
232 2491 25 25 if
261 2493 36 18 not
306 2491 87 26 difficult
429 2491 23 21 Tt
460 2491 17 21 is
483 2491 110 23 therefore
600 2493 38 21 the

250 2518 62 27 point
320 2517 73 22 whore
404 2517 36 21 the

52 2552 89 22 LAND
155 2552 70 21 AND
240 2551 113 22 WATER
367 2551 163 22 CARRIAGE
544 2552 94 24 MEET,

50 2583 45 22 and
105 2583 74 22 where
188 2590 13 15 a
210 2583 69 22 Town
297 2591 59 14 must
371 2591 27 14 be
414 2590 92 16 formed
523 2585 65 22 when
600 2586 39 22 the

50 2610 85 22 district
150 2610 20 22 is
179 2610 88 22 settled.
296 2610 22 22 It
327 2618 43 14 was
381 2610 96 22 selected
493 2611 32 27 by
535 2611 37 23 the
584 2613 54 21 Sur-

50 2637 80 27 veying
141 2637 59 22 Staff
212 2644 24 15 as
246 2637 36 21 the
292 2637 136 22 rendezvous
436 2637 38 22 for
489 2638 58 22 their
561 2639 60 28 body
631 2648 5 19 ;

50 2664 44 22 and
103 2664 40 21 has
153 2664 58 22 been
221 2671 50 15 now
284 2664 78 27 found,
372 2664 56 22 after
439 2665 87 21 several
543 2667 95 21 months'

49 2690 105 27 location,
165 2694 23 18 to
201 2691 29 21 be
239 2690 37 22 the
287 2694 57 19 most
358 2691 167 27 advantageous
534 2693 103 28 position,

49 2717 59 22 from
123 2718 28 20 its
166 2717 99 28 peculiar
285 2718 84 27 facility
386 2718 26 22 of
422 2719 114 26 approach
546 2719 52 23 both
609 2721 30 26 by

49 2744 54 22 land
113 2744 45 22 and
167 2747 76 19 water.

79 2771 27 21 In
118 2771 153 23 confirmation
281 2771 26 21 of
313 2771 37 21 the
361 2772 131 27 superiority
502 2772 27 21 of
537 2772 42 23 this
589 2777 51 24 spot

47 2804 55 15 over
111 2804 45 20 any
167 2797 64 23 other
239 2801 37 24 yet
285 2797 89 27 known,
386 2797 38 23 the
435 2799 91 21 Messrs.
535 2799 102 29 Kebbell,

50 2824 59 22 after
125 2824 38 22 the
184 2825 150 21 examination
351 2825 25 21 of
393 2825 36 21 the
448 2825 60 23 river
523 2825 58 24 from
600 2827 38 23 the

50 2851 90 22 Paneiri
151 2851 46 22 Pah
207 2855 24 18 to
240 2851 28 22 its
277 2851 86 28 mouth,
374 2851 140 23 determined
529 2860 28 16 on
568 2858 70 18 erect-

290 2879 37 26 ing
341 2878 57 22 their

50 2911 67 22 SAW
130 2909 82 25 MILL
233 2911 230 24 IMMEDIATELY
478 2912 160 26 OPPOSITE.

48 2943 49 21 The
115 2944 71 21 works
205 2943 25 21 of
245 2943 49 21 that
312 2944 169 22 establishment
499 2952 38 15 are
556 2950 23 18 at
595 2947 45 22 this

49 2973 102 19 moment
168 2971 23 21 in
207 2970 62 28 rapid
285 2977 106 21 progress,
410 2971 42 22 and
473 2971 36 22 the
529 2975 109 26 proposed

48 2998 70 20 Town
128 2997 45 21 will
182 2998 133 26 necessarily
320 2998 92 26 partake
419 2999 25 21 of
450 2998 44 22 this
504 2999 134 29 advantage.

76 3024 49 22 The
144 3024 94 22 nucleus
254 3024 23 20 of
294 3031 12 14 a
324 3025 69 21 Town
401 3025 33 27 -is,
443 3025 25 22 in
482 3026 54 27 fact,
547 3027 92 29 already

50 3050 96 25 created,
156 3051 31 27 by
196 3050 38 22 the
245 3051 165 21 concentration
423 3052 27 21 of
464 3052 39 22 the
507 3054 13 29 '
520 3054 119 29 Surveying

50 3077 59 21 Staff
116 3084 29 14 on
154 3077 49 21 that
213 3080 55 24 spot,
279 3084 24 14 as
312 3077 39 21 the
360 3081 74 19 centre
447 3079 29 21 of
487 3081 152 23 communica-

50 3104 46 21 tion
108 3106 22 19 to
141 3104 38 21 the
188 3104 149 27 surrounding
346 3104 97 28 district;
459 3106 38 22 the
507 3109 98 21 erection
616 3109 24 22 of

50 3130 91 22 Messrs.
153 3130 117 22 Kebbell's
285 3131 48 21 Saw
350 3131 63 22 Mills
426 3133 101 27 opposite
535 3140 6 21 ;
556 3135 30 27 by
600 3135 38 23 the

50 3160 166 24 arrangements
230 3157 34 21 for
278 3164 30 14 an
325 3158 113 22 extensive
449 3160 99 22 General
560 3163 63 22 Store
631 3171 6 20 ;

49 3184 46 22 and
104 3184 30 27 by
141 3183 40 23 the
190 3184 45 21 late
243 3184 133 28 application
382 3185 34 23 for
425 3193 14 14 a
445 3186 110 25 Licensed
561 3189 77 22 House

49 3218 29 14 on
87 3210 38 22 the
132 3213 53 28 part
195 3210 26 22 of
233 3217 28 14 an
269 3210 124 22 individual
407 3212 49 23 who
471 3213 47 28 has,
530 3214 60 24 sirice
601 3217 39 21 the'

48 3238 120 20 formation
186 3237 26 21 of
228 3237 36 21 the
280 3238 91 27 Colony,
387 3240 97 25 pursued
500 3248 14 14 a
532 3241 107 24 lucrative

48 3264 70 28 trade,
123 3264 54 21 with
187 3264 37 21 the
235 3264 92 28 natives,
339 3265 45 21 and
395 3265 73 23 whose
478 3267 132 30 knowledge
617 3271 23 21 of

49 3291 38 21 the
99 3290 136 28 advantages
245 3291 25 21 of
276 3292 38 20 the
323 3292 101 28 position,
433 3295 118 27 prompted
560 3296 47 22 him
617 3300 23 19 at

50 3325 57 14 once
118 3321 22 18 to
148 3318 75 27 prefer
232 3316 49 23 that
293 3318 141 27 application.

76 3344 49 22 The
135 3344 95 21 Natives
244 3344 30 28 by
283 3345 73 21 whom
371 3345 45 22 this
424 3347 56 22 land
490 3355 46 15 was
545 3349 95 23 claimed

31 3384 3 8 .
48 3379 39 13 are
99 3371 59 27 quite
168 3370 110 28 prepared
287 3375 22 17 to
316 3372 52 26 give
374 3379 31 20 up
411 3375 133 28 possession,
551 3377 45 21 and
602 3385 38 14 are

33 3410 2 5 -
48 3398 149 27 exceedingly
207 3398 94 21 anxious
314 3402 22 17 to
351 3398 58 22 have
417 3407 14 14 a
440 3400 121 30 European
569 3411 71 21 popu-

47 3425 71 21 lation
128 3424 167 27 among'them,'
300 3424 83 28 having
400 3425 57 23 been
465 3433 62 24 upon
537 3429 37 23 the
582 3434 58 19 most

48 3451 194 28 friendlyfooting
250 3451 53 21 with
312 3452 37 21 the
361 3453 126 28 Surveying
496 3455 60 23 Staff
560 3457 80 28 during

46 3479 101 22 the.four
155 3478 79 22 o^five
244 3478 88 22 months
340 3478 54 28 they
404 3479 67 23 ihave
487 3482 57 22 been
553 3483 87 24 loda'ted

47 3506 71 23 there.
146 3511 12 17 ',
179 3517 19 13 .•-
251 3516 24 13 ,i;
390 3520 63 10 ...
472 3514 36 14 ..-.-„

73 3533 39 26 As,
119 3532 37 22 the
165 3532 140 27 Proprietors
313 3539 94 21 purpose
415 3537 23 18 to
447 3533 90 29 dispose
546 3537 26 22 of
578 3537 41 23 but

47 3559 87 23 limited
142 3559 97 28 .portion
256 3559 26 21 of
344 3559 17 22 1
365 3566 60 17 own-/
429 3565 30 17 at.
463 3566 104 25 /present,
587 3565 53 28 they';

46 3586 81 28 pledge
137 3586 134 25 themselves
279 3586 55 26 that,
346 3589 61 19 a'frno
417 3587 82 23 -future
504 3587 68 31 'safes}
578 3591 62 24 'shall

48 3612 41 27 the,
98 3614 129 22 allotments
236 3612 28 22 be
271 3616 42 23 put
319 3620 30 19 up
359 3616 23 18 at
391 3620 15 15 a
414 3611 105 27 /ess-sum
527 3616 56 23 than
591 3625 49 16 now

47 3639 92 24 offered.
320 3645 2 6 '
395 3655 3 5 .
419 3651 2 4 ■
440 3648 7 5 '
464 3648 35 14 -v
512 3648 12 13 a
541 3648 3 4 •
567 3649 11 13 ,\

76 3669 23 20 A
118 3667 133 28 Prospectus
269 3666 46 22 and
334 3666 56 23 Plan
410 3668 79 22 ofithe
506 3670 70 23 Town
595 3673 45 22 will

47 3693 87 28 shortly
141 3694 29 24 .be
181 3693 69 28 ready
259 3693 35 22 for
301 3694 125 27 inspection
441 3698 24 19 at
471 3695 45 23 'the
527 3697 82 24 Offices
618 3700 22 21 of

48 3721 91 21 Messrs.
151 3720 70 22 Waitt
230 3720 45 22 and
281 3721 80 27 -Tyser,
372 3721 31 23 Te
413 3723 55 21 Arti.

78 3753 146 27 Wellington,
236 3753 64 24 April
309 3756 35 23 22,
356 3756 59 21 1842.
447 3761 8 12 '■

48 3799 54 20 For
113 3797 71 27 Sale,
195 3799 45 20 the
252 3805 88 21 cargo.
346 3800 31 22 of
389 3801 45 21 the

51 3833 103 32 QAA
174 3829 81 23 TONS
274 3831 78 22 BEST
370 3829 138 27 CHILIAN
526 3834 114 31 FLOUR;

47 3856 34 25 O
85 3856 71 29 \J\J;
183 3856 61 27 fresh
254 3859 95 25 ground.
351 3858 145 25 direct-fromr
498 3861 133 28 Valparaiso
639 3873 2 8 j

28 3918 48 33 '\
96 3937 4 3 ■
108 3944 6 5 .
164 3932 2 4 •
237 3919 36 20 •l
301 3926 3 12 :
318 3918 46 21 •''''"'
367 3925 36 12 VfII
403 3921 84 24 WAiTT
492 3922 5 10 l
497 3918 140 31 andTVsER.

50 3945 144 27 Wellington,
205 3945 129 24 November
343 3949 21 26 4,
376 3948 62 23 1842.

667 126 53 20 For
732 124 70 24 Sale,
812 125 46 20 the
876 129 79 21 cargo
972 123 32 21 of
1015 123 45 21 the

675 156 16 34 1
710 155 62 35 £fcft
801 155 80 23 TONS
904 155 27 22 of
949 156 37 21 the
1009 156 49 21 best
1079 155 61 22 fresh
1161 155 98 28 ground-

788 182 90 23 Chilian
892 182 63 27 flour,
969 190 59 14 now-
1036 183 89 26 landing
1139 183 56 22 from
1212 183 38 21 the

790 210 103 27 Cheerful,
909 209 70 24 direct
993 209 58 22 from
1068 209 130 28 Valparaiso
1199 221 28 5 —
1228 212 23 19 at

668 236 49 22 £20
725 242 40 21 per
776 239 45 20 ton.

980 263 84 21 Waitt
1078 269 44 15 and
1137 263 85 22 Tyser.

697 290 49 21 Oct.
756 290 34 26 23,
802 290 61 21 1842.
1021 306 3 4 .

847 336 43 21 Ex

672 367 66 35 Ofk
756 368 80 23 TONS
849 369 48 21 first
912 368 58 22 fresh
984 367 87 29 ground
1087 368 92 28 Sydney
1189 369 61 22 flour

667 390 69 26 Ov
769 397 26 19 15
810 395 74 22 chests
892 395 70 28 hyson
972 398 44 24 tea,

757 423 40 21 100
810 423 74 21 chests
893 428 65 20 green
969 425 44 24 tea,
1124 437 3 6 .
1250 421 9 9 ''

771 450 27 20 10
810 448 58 27 bags
876 448 74 27 coffee,
1013 463 4 3 -
1080 468 4 3 .

799 495 3 8 (
810 473 57 29 bags
875 482 87 21 pepper,

872 504 3 5 '
910 504 3 4 '
964 504 2 4 '
982 501 84 23 Waitt
1080 502 44 22 and
1139 503 84 22 Tyser.
1238 499 6 7 '
1245 502 3 10 !
1258 500 2 30 j

697 527 99 23 October
804 528 34 26 25,
850 529 61 21 1842.
925 529 6 7 J
973 525 2 6 '
1009 527 5 8 v
1095 528 5 7 '
1127 527 4 6 '
1258 522 2 22 I

784 579 55 21 For
852 579 70 25 Sale,
937 572 198 28 ex^Nelsbn.V

670 610 108 49 PALE
793 605 98 27 INbtA
904 610 67 27 ALE,
977 611 26 22 in
1006 604 4 11 !
1017 609 78 29 bottle,
1106 610 85 28 Bryant
1204 605 48 29 'and

742 637 98 27 Davis'si
844 659 3 11 (
873 635 2 9 '
1183 662 3 4 .

697 661 77 30 Stout,'
778 663 92 28 Bryant,
874 663 44 22 and
927 665 96 26 Davis's,
1248 664 8 27 '.

666 691 2 7 '
697 691 63 22 Bass'
770 688 92 25 Burton'
867 691 41 26 ale,
965 715 2 3 .
993 707 2 11 :
1042 710 9 10 
1255 710 3 7 ,

659 735 11 10 
697 717 62 23 Pale'
867 717 44 23 and
926 717 110 28 Madeira,
1056 717 135 24 Rutherford
1207 718 45 23 and

666 745 99 28 X>rury's
772 745 80 27 brand,
856 745 2 6 1

669 773 2 6 '
697 770 61 28 Very
768 771 39 22 old'
814 771 110 27 Madeira,
934 774 49 24 port
997 771 45 22 and
1056 771 76 28 sherry
1139 772 25 22 in
1179 772 70 26 wood,

670 798 135 23 Rutherford
810 797 50 23 'and
866 798 75 28 Drury
944 798 16 22 's
969 798 81 27 brand,

697 826 46 21 Old
747 830 90 22 .coghac
845 823 87 30 brandy
940 826 22 21 in
970 825 80 26 hottle,
1082 837 2 7 -

697 852 88 27 Cherry'
791 852 176 30 brandyin^case
965 876 6 8 %
969 860 17 20 s,

697 879 119 27 Sparkling
825 876 146 31 champagne,*

697 904 143 25 Marasch'ion
848 906 48 23 and
901 907 73 27 punch
985 913 97 20 essence,

696 933 51 22 Eau
756 933 28 22 de
798 932 104 28 Cologne,

697 962 12 19 1
720 968 50 15 case
779 959 90 23 French
877 967 59 20 rugs.

696 987 109 22 Assorted
814 987 104 27 anchors,

678 1023 10 14 r
697 1014 71 22 Chain
779 1015 80 25 cables,
871 1015 86 22 various
966 1014 64 26 sizes,

668 1061 3 4 .
694 1041 83 22 Patent
786 1046 94 24 carpets,

680 1068 119 27 •'Glasses,'

683 1094 138 30 'Tifmblers,
903 1097 12 24 ',

659 1127 15 18 •',
697 1122 96 26 Pickles,

696 1150 79 21 Butter
782 1150 25 21 in
813 1149 57 28 jars,'

667 1179 4 8 '
694 1177 57 22 Pine
763 1176 85 28 cheese,
863 1178 39 21 &c.
913 1178 38 21 &c.

978 1204 84 22 Waitt
1076 1204 44 22 and
1138 1205 85 23 Tyser.

697 1235 146 28 Wellington,
854 1237 127 27 September
990 1239 35 25 30,
1037 1239 60 21 1842.
1251 1244 3 5 '

788 1282 43 20 Ex
1090 1284 44 21 &c.

673 1319 66 34 Ofk
755 1317 144 24 BARRELS
913 1319 56 22 Irish
983 1320 71 27 prime
1065 1327 57 15 mess
1133 1320 62 28 pork,

768 1347 28 20 30
810 1345 84 23 barrels
903 1347 121 22 American
1036 1347 71 27 prime
1117 1355 62 14 mess
1187 1348 62 28 pork,

769 1372 138 28 Westphalia
916 1373 67 27 hams^
1007 1388 3 7 ,

696 1397 28 21 45
733 1398 79 23 firkine
822 1399 58 22 Cork
885 1400 82 28 .butter,

697 1423 64 30 Rice,
917 1449 3 3 .
964 1447 3 4 .
986 1447 4 4 .
1012 1437 5 7 '
1244 1444 2 4 .
1258 1435 1 18 |

697 1451 28 21 38
733 1453 56 27 bags
798 1453 77 26 coffee,
1022 1452 4 6 l
1099 1464 5 3 -
1246 1470 2 4 .

697 1479 28 20 19
731 1477 72 24 h'oxes
814 1480 76 22 mould
901 1480 94 28 candles,
1067 1495 4 8 ,•,
1073 1493 2 5 •
1094 1493 2 5 ■

696 1505 22 20 s.cases.
721 1514 62 14 cases
793 1507 77 22 Dutch
878 1507 82 27 cheese,

697 1531 109 28 Tobacco,
817 1534 69 27 pipes,
1022 1554 2 8 ,

696 1559 29 22 10
733 1563 51 18 tons
795 1561 118 22 Mauritius
922 1568 71 20 sugar,

696 1587 42 21 ■140
746 1587 54 27 bags
810 1588 96 21 Manilla
914 1595 76 25 sugar^

696 1614 29 20 30
734 1621 62 14 cases
805 1614 79 27 cherry
894 1613 96 29 brandy,'
1016 1625 2 4 •

697 1639 79 23 Wines
795 1642 33 21 of-
837 1648 66 20 every
921 1641 130 28 description
1072 1642 26 23 in
1118 1643 65 22 wood
1205 1644 46 22 and

697 1667 47 26 ttle,

697 1695 27 20 10
733 1701 62 14 cases
803 1694 96 28 English
906 1695 63 22 boots
979 1696 45 21 and
1034 1696 70 27 shoes,

697 1721 53 27 Slop
760 1721 107 27 clothing,
877 1722 79 21 beaver
964 1722 59 27 hats,
1033 1724 40 21 &c.
1084 1724 38 21 &c.

941 1752 2 8 '
981 1755 23 21 J.
1019 1755 33 22 M.
1068 1755 101 28 Taylor,

1121 1783 32 22 Te
1169 1784 52 21 Aro.

695 1806 123 29 December
818 1806 47 29 26,
877 1809 60 21 1842.
1246 1816 13 14 m

899 1861 40 20 On
953 1861 69 21 Sale.
1035 1880 2 4 .

671 1891 136 48 SILVER
821 1892 122 22 PLATED
958 1893 111 28 GOODS,

736 1917 73 28 Kings
826 1922 88 23 pattern
929 1919 63 22 'table
1012 1928 87 19 spoons,
1118 1921 69 27 forks,
1209 1922 42 22 fish

669 1943 72 26 slices,
751 1952 65 15 sauce
826 1945 75 26 ladles,
912 1950 59 18 meat
985 1947 101 27 skewers,
1098 1948 83 21 dessert
1190 1948 59 23 forks

669 1971 45 21 and
729 1978 87 20 spoons,
828 1975 36 19 tea
880 1979 84 20 spoons,
980 1980 66 19 sugar
1060 1976 70 25 tongs,
1141 1977 37 19 tea
1192 1979 56 22 pots,

669 1997 75 22 butter
767 1998 92 27 coolers,
884 2006 63 19 sugar
969 1999 88 26 basons,
1077 2001 94 26 waiters,
1195 2001 55 21 cake

669 2023 95 28 baskets,
786 2024 135 27 christening
943 2026 73 27 bowls,
1039 2026 104 22 decanter
1165 2027 83 28 stands,

670 2054 62 18 cruet
747 2051 45 21 and
805 2051 89 28 liqueur
905 2053 88 26 frames,
1011 2053 58 22 table
1085 2053 44 22 and
1145 2054 106 21 chamber

669 2077 157 27 candlesticks,
837 2078 79 27 lamps,
928 2079 37 22 &c.

696 2105 125 21 Rosewood
830 2105 174 28 andmahogany
1010 2107 60 21 work
1078 2107 76 26 boxes,
1162 2107 89 28 writing

669 2131 72 27 desks,
750 2131 100 28 dressing
859 2140 66 19 cases,

696 2159 87 21 Bronze
793 2159 99 27 pedestal
901 2159 43 23 and
953 2160 131 28 suspension
1092 2161 79 28 lamps,
1180 2162 39 21 &c.
1227 2164 24 19 at

925 2192 20 23 J.
960 2194 36 21 M.
1011 2194 100 26 Taylor,

976 2220 124 22 Wholesale
1110 2222 71 26 Store,

1124 2248 31 22 Te
1166 2249 54 21 Aro.

695 2272 128 23 December
830 2275 34 24 26,
876 2274 60 21 1842.

788 2319 43 21 Ex
873 2319 117 22 Thomas

668 2352 97 48 AND
783 2352 44 22 will
843 2353 28 22 be
885 2353 80 22 landed
981 2354 24 21 in
1015 2361 14 14 a
1037 2354 42 22 few
1089 2354 59 28 days,
1160 2363 14 13 a
1188 2356 61 27 large

747 2379 46 22 and
812 2380 87 27 elegant
915 2384 129 19 assortment
1063 2382 24 21 of
1101 2382 77 27 goods,
1195 2390 54 15 con-

668 2406 76 26 sisting
755 2406 36 21 of:
793 2417 28 5 —

695 2432 93 23 Printed
800 2433 145 22 mousselaine
964 2434 29 22 de
1012 2434 65 28 lame,
1092 2435 96 28 foulard,

667 2459 112 22 balcerine
789 2460 91 27 dresses,

695 2486 87 28 Striped
790 2494 52 20 gros
852 2487 44 22 and
904 2487 68 22 ch6ne
982 2488 44 22 silk
1035 2488 91 28 dresses,

695 2513 76 27 Black,
783 2514 74 27 white,
868 2514 45 22 and
922 2515 102 21 coloured
1034 2516 73 26 satins,

695 2540 67 27 Satin,
783 2544 105 24 sarsanet,
906 2541 122 28 lutestring,
1045 2542 101 29 louisine,
1164 2544 84 28 taffeta,

667 2567 46 22 and
722 2574 71 20 gauze
802 2568 92 22 ribbons
900 2568 23 21 in
930 2572 62 24 great
1002 2569 90 28 variety,

694 2594 23 22 A
722 2594 61 27 large
792 2598 133 19 assortment
931 2596 25 22 of
960 2596 77 22 ladies'
1044 2597 43 21 and
1093 2600 72 24 gents,
1173 2597 76 27 gloves

667 2621 25 21 of
701 2629 66 19 every
777 2621 141 29 description,

694 2648 23 22 A
726 2648 43 22 few
773 2649 158 22 .embroidered
939 2657 85 20 purses,

696 2675 78 22 Gents,
782 2675 86 27 figured
877 2676 57 22 satin
943 2677 75 27 scarfs,
1030 2677 78 28 stocks,
1115 2678 75 27 Opera
1199 2679 49 28 ties,

668 2702 45 22 and
722 2702 178 27 handkerchiefs,

696 2729 64 21 India
769 2730 88 26 rubber,
868 2730 47 21 rich
924 2730 47 27 silk,
983 2730 44 22 and
1037 2734 75 23 patent
1123 2732 83 29 braces,

694 2756 76 21 White
781 2756 45 22 and
835 2752 65 26 black
909 2757 81 22 beaver
999 2757 45 22 and
1052 2757 42 23 silk
1101 2759 56 28 hats,

696 2783 64 21 Cloth
770 2790 51 20 caps
831 2784 45 21 and
885 2784 79 26 youths
972 2784 68 27 fancy
1049 2792 57 21 caps,
1252 2782 2 9 '

671 2822 2 6 ■
695 2810 145 27 Wellington,
859 2810 99 28 Cossack,
977 2811 114 28 Clarence,
1108 2813 44 22 and
1172 2814 79 23 Albert

666 2836 72 26 boots,

695 2863 136 28 Long-cloth
849 2864 73 27 shirts,
941 2864 53 22 with
1013 2865 95 23 cambric
1125 2867 45 23 and
1186 2867 63 24 linen

668 2891 77 25 fronts,

695 2917 58 23 Rich
762 2917 69 28 fancy
842 2918 75 22 velvet
930 2919 168 28 waistcoatings,
1110 2921 44 22 and
1164 2929 13 15 a
1185 2923 66 22 small

668 2947 132 19 assortment
819 2945 26 21 of
861 2945 76 22 choice
954 2946 127 28 perfumery
1097 2948 44 22 and
1159 2949 92 22 scented

668 2978 59 20 soap,

695 2998 48 27 For,
748 2998 45 22 sale
803 3004 24 16 at
836 2999 37 22 the
884 2999 71 23 Stores
965 3000 27 21 of

1035 3027 73 23 Levin
1124 3029 45 22 and
1182 3029 39 23 Co.

695 3052 115 27 Fehruary
819 3054 21 25 3,
853 3054 60 21 1843.

720 3104 22 22 X
759 3098 134 28 THOMAS'
896 3106 144 21 SPARKS—

746 3131 37 22 7-8
797 3132 72 26 prints
877 3133 24 21 in
913 3133 62 25 smajl
984 3133 116 27 packages,

696 3159 57 26 10-4,
765 3159 58 25 11-4,
835 3159 45 21 and
890 3161 48 20 12-4
946 3160 111 27 blankets,

685 3188 3 6 1
694 3184 90 22 Trunks
793 3185 26 22 of
826 3185 111 23 labourers
946 3186 118 25 andother
1072 3188 71 28 boots,
1182 3182 3 10 '

678 3218 2 4 1
696 3212 85 27 Sperm,
791 3220 57 19 wax,
859 3213 44 21 and
913 3212 94 24 London
1017 3210 75 28 mould
1101 3217 107 27 candles,,

676 3237 2 5 '
690 3238 229 28 -Barclay's'superior
934 3240 92 23 London
1036 3241 34 23 ale
1080 3243 44 22 and
1138 3248 74 23 porter
1227 3245 29 22 in'

668 3265 50 22 four
728 3265 72 22 dozen
808 3263 72 29 casks,
935 3270 2 4 '
1050 3271 2 7 '
1064 3267 3 5 '
1215 3270 4 20 ]

693 3292 104 28 •Bottled',
800 3293 73 27 fruits^
889 3294 64 27 jams,
971 3294 81 27 jellies,
1070 3296 100 29 pickles,,
1179 3300 46 21 and
1239 3307 13 14 a

668 3319 91 27 general
769 3324 133 18 assortment
910 3321 24 21 of
940 3321 29 22 oil
979 3321 45 22 and
1035 3321 80 24 Italian

697 3346 75 22 White
782 3347 44 21 and
835 3347 76 23 brown
921 3348 105 22 Windsor
1035 3351 63 26 soap,'

670 3379 14 10 '■
697 3373 44 22 For
750 3373 52 28 sale,
814 3374 52 22 with
877 3382 13 14 a
897 3375 87 28 variety
993 3375 26 22 of
1024 3376 63 23 other
1096 3378 75 25 goods,
1183 3383 23 18 at
1214 3380 44 21 the-

669 3400 75 22 Stores
753 3401 26 21 of
821 3408 3 7 >
1019 3408 3 5 .
1096 3394 12 11 °
1165 3396 17 18 ',

675 3437 2 8 1
742 3439 4 6 v
1012 3444 4 4 ■
1038 3430 73 23 Levin
1127 3432 44 22 and
1184 3434 40 22 Co.

669 3462 8 9 »
698 3454 113 28 February
819 3457 21 25 3,
853 3456 65 23 1843..
1113 3467 4 7 >

659 3512 6 12 r
785 3500 52 21 Per
879 3502 128 21 Thomas:
1193 3511 26 6 -■
1236 3499 2 4 '

669 3533 52 48 A
735 3532 68 22 FEW
819 3540 62 16 cases
894 3534 78 28 Edum,
990 3535 111 29 Cheshire,
1113 3538 143 28 Gloucester,'

749 3559 51 22 arid.
803 3560 115 23 Wiltshire
927 3562 97 28 cheeses,
1164 3565 3 5 '

660 3594 3 10 1
687 3594 32 11 '•'
753 3593 3 5 '
804 3593 19 6 ''
845 3605 3 3 •
866 3594 3 9 '
947 3590 3 13 '
988 3595 7 23 ;
1037 3589 74 24 Levin
1125 3593 44 22 and
1184 3594 38 23 Co.
1234 3612 25 7 .

691 3613 121 28 February
821 3616 21 25 3,
854 3615 59 22 1843.
1144 3622 3 8 •
1208 3619 3 8 '

880 3643 11 9 ■•»
926 3645 6 5 *
948 3646 3 4 ■

882 3686 3 4 .
894 3667 57 23 For,
960 3669 75 21 Sale..
1045 3686 6 9 ,
1070 3684 2 5 .

670 3698 95 22 HRHE
786 3699 106 22 CARGO
908 3700 38 23 OF
960 3702 104 23 MAIZE
1077 3710 40 21 per
1129 3706 68 22 Ariel.

701 3752 11 11 t
810 3730 110 33 o'»,-,o^o'
1042 3730 83 23 Levin-
1132 3733 44 23 and
1186 3735 40 22 Co.

686 3769 3 4 .
697 3752 103 27 January
809 3753 35 26 27,
857 3754 60 21 1843.

717 3798 20 21 O
758 3798 39 22 BE
813 3798 86 28 SOLD,
921 3799 42 25 the,
975 3801 103 24 valuable
1101 3804 70 23 Lease
1195 3808 27 21 of
1241 3815 14 14 a

669 3849 6 7 •
715 3850 28 11 ■nr
744 3824 18 22 s
760 3824 50 37 ?'^
821 3826 64 21 Store
891 3833 13 15 a
904 3833 14 28 ?
921 3826 11 22 d
944 3827 113 29 Dwelling
1067 3829 84 31 House,
1158 3833 97 24 situated

667 3857 23 16 in
699 3866 4 3 •
707 3853 81 23 jVillis
789 3864 9 16 r
799 3855 76 25 street,
895 3853 89 30 already
994 3873 4 6 ,
1006 3855 67 28 doing
1091 3865 29 15 an
1143 3861 113 22 excellent

794 3880 69 22 Term
872 3881 27 24 14
913 3887 70 22 years,
988 3882 91 24 ,held-at
1087 3887 108 26 aground
1204 3892 52 19 rent

667 3906 117 26 oOoTper
793 3914 61 19 year.
863 3928 4 5 ,
934 3913 3 18 ;
974 3921 16 10 
1011 3908 14 24 /
1057 3913 4 4 '
1127 3911 19 12 •'
1172 3926 2 7 ,

666 3931 104 38 ™APJW
777 3937 23 17 t0
808 3934 36 22 W-
854 3934 91 29 Waring
954 3936 91 27 Taylor,
1052 3945 29 16 on
1091 3938 38 23 the

666 3958 148 29 Wellington,
826 3960 127 24 November
962 3964 35 27 29,
1010 3965 59 23 1842.

1305 123 40 20 To
1357 122 198 26 Ship-builders
1570 124 56 20 and
1641 123 198 25 Ship-owners.

1280 154 73 48 ON
1366 153 78 23 SALE
1459 153 30 28 by
1498 153 38 23 the
1545 154 152 28 undersigned
1704 162 5 14 :
1711 165 28 5 —

1343 180 104 23 Anchors
1459 181 26 21 of
1495 181 30 21 all
1534 182 64 26 sizes,

1306 207 72 22 Chain
1388 206 73 23 cables
1471 207 44 22 and
1529 207 61 23 short
1604 207 80 23 linked
1699 207 85 27 chains.,
1794 207 73 22 tested

1278 234 31 27 by
1318 240 14 15 a
1340 233 135 28 hydrostatic
1485 234 87 27 engine,
1581 234 100 22 assorted
1689 234 58 22 sizes
1756 233 44 23 and
1807 241 59 17 .war-

1278 261 86 26 ranted,
1379 266 2 4 '
1723 256 4 7 '
1831 275 2 7 ,

1270 296 3 3 -
1306 287 106 22 Bitheads
1421 286 46 22 and
1476 294 62 21 spare
1548 287 110 26 shackles,
1679 303 3 3 ■
1857 304 3 4 .

1305 313 113 22 Windlass
1428 311 67 24 metal
1504 314 25 21 in
1539 314 110 27 complete
1658 316 61 24 setts,

1306 339 113 23 Mariners
1429 347 130 20 compasses,
1714 361 7 5 ..
1774 342 7 8 '

1282 371 3 5 '
1306 366 47 22 Sail
1363 374 92 14 canvass
1464 367 45 21 and
1519 367 73 26 twine,

1306 393 72 27 Pitch,
1390 396 40 24 tar,
1441 394 41 22 &c.
1492 394 40 22 &c.

1285 420 5 11 {
1312 419 4 4 '
1384 420 2 4 '
1572 426 4 3 '
1607 435 4 3 ■
1641 420 90 25 WjLLIS
1738 427 50 19 AND
1798 420 40 22 Co.

1270 445 223 28 -October'll,.lß42.
1557 443 26 12 <''
1610 463 2 4 ■
1627 447 24 28 „'.
1663 444 24 31 /
1713 459 45 16 ,„»
1798 444 3 7 '
1832 449 21 25 j,
1865 469 5 4 .

1277 498 5 5 -
1300 499 21 12 '■>
1335 491 140 22 Torstahd
1487 494 29 19 to
1526 498 87 15 -cover
1626 492 71 25 .ttiis.
1703 498 108 20 season,
1833 503 2 15 i
1853 498 8 8 ''

1425 523 45 24 'At
1479 527 140 26 Berhampare
1630 525 73 28 TFaiin,
1709 546 3 6 ,
1791 524 6 25 ,'
1832 520 4 8 '
1863 525 10 12 v

1280 553 93 22 rriHE
1398 551 61 34 yell'
1477 554 80 22 known
1585 553 111 28 thorough
1708 553 66 30 ,bred
1793 553 73 29 .liorse

1287 576 31 25 1L
1328 605 6 5 _
1345 579 96 28 Figaro,
1453 580 38 22 the
1499 583 107 25 property
1615 581 30 21 of'
1647 577 78 26 James
1734 576 131 31 Watt^Esq.

1307 605 81 28 Figaro
1397 614 43 14 was
1450 607 74 22 foaled
1532 607 26 22 in
1567 607 134 26 December,
1715 605 61 29 1837
1772 605 19 29 i
1787 614 15 20 S
1804 610 23 18 oi
1836 607 30 27 by

1282 633 115 27 ©perator,
1409 633 56 22 dam'
1473 630 108 26 Adelaide
1588 630 146 30 Tby'Teorum.
1743 633 3 4 '

1307 659 111 29 Operator
1426 667 46 17 was
1481 660 76 22 foaled
1564 660 25 22 in
1602 662 61 25 1832,
1673 665 40 22 got
1721 661 32 31 by
1762 659 103 28 Einilius,

1273 685 59 22 •dam
1513 687 98 28 Walton,
1609 685 3 9 1
1623 691 40 19 out
1671 687 25 22 of
1704 684 124 27 Altisidora
1835 687 31 28 by

1270 712 70 23 ''Dick
1350 713 116 23 Andrews.

1272 745 3 7 '
1307 743 75 29 Every
1390 745 105 22 attention
1505 745 50 22 will-
1564 745 29 22 be
1608 746 53 28 paid
1670 748 23 19 to
1701 752 73 15 mares
1784 748 51 19 sent
1844 748 22 19 to
1866 751 3 4 1

1278 771 56 21 him.
1503 772 3 4 '
1532 790 4 3 .
1548 771 4 7 '
1648 788 4 5 .
1757 770 4 6 '

1308 797 104 28 Charges,
1437 798 54 23 with
1512 803 128 23 guarantee,
1649 818 2 4 ,
1667 806 69 15 seven
1759 798 92 28 guineas
1859 807 5 19 ;

1280 824 94 23 without
1388 829 127 24 guarantee,
1533 826 50 23 five,
1592 826 101 28 guineas,
1703 833 120 20 groomage
1832 826 31 22 in-

1280 851 89 22 cluded.

1308 878 144 28 Wellington,
1463 880 97 21 October
1567 880 35 27 25,
1614 882 62 21 1832.
1806 892 2 5 ■

1313 926 4 12 •'
1350 924 55 22 New
1414 924 100 22 Zealand
1519 925 14 29 '
1533 925 126 29 Company's
1670 926 84 26 Survey
1764 925 78 27 Office,

1410 951 146 28 Wellington,
1567 951 101 28 January
1677 953 35 26 23,
1724 953 61 21 1843.

1280 982 148 50 NQTICE
1449 984 28 22 IS
1496 985 135 26 .HEREBY
1654 985 109 27 GIVEN,
1786 985 51 22 that
1854 993 12 14 a

1333 1032 6 8 H
1348 1011 111 31 Surveyor
1477 1011 19 23 is
1510 1018 52 14 now
1580 1011 24 22 in
1624 1012 140 27 attendance,
1788 1014 24 19 at
1830 1012 36 22 the

1279 1037 86 28 Survey
1374 1037 94 27 Station,
1477 1037 59 22 Kare
1547 1037 68 28 Kare,
1623 1039 137 27 Manawatu,
1772 1039 45 21 and
1823 1039 43 22 will

1279 1064 86 22 remain
1381 1064 57 22 until
1454 1064 116 28 Saturday,
1589 1065 53 22 11th
1661 1065 87 28 March,
1764 1067 60 26 1843,
1845 1069 21 18 to

1278 1091 63 27 point
1351 1094 39 19 out
1399 1091 36 21 the
1447 1091 99 22 Sections
1557 1091 83 23 chosen
1649 1092 25 22 in
1684 1092 43 23 this
1740 1093 95 22 District
1844 1096 22 19 to

1279 1117 39 22 the
1323 1118 133 27 proprietors
1462 1126 5 19 ;
1482 1118 42 22 and
1531 1118 21 22 if
1556 1126 92 20 persons
1652 1120 120 22 interested
1779 1119 88 27 neglect

1279 1144 117 28 attending
1405 1145 77 22 within
1491 1145 38 22 the
1539 1145 54 22 time
1604 1146 71 22 above
1684 1147 79 26 stated,
1775 1154 43 19 any
1828 1154 38 20 ap-

1278 1171 110 26 plication
1404 1171 57 22 from
1484 1171 61 22 them
1569 1179 29 16 on
1620 1173 38 22 the
1677 1171 96 29 subject*
1783 1174 26 21 of
1823 1174 42 22 ,the

1278 1198 133 22 boundaries
1421 1199 44 21 will
1475 1202 39 19 not
1522 1199 29 22 be
1560 1200 106 22 attended
1676 1204 30 17 to.

1442 1234 94 22 Samuel
1550 1234 108 22 Charles
1672 1235 85 27 Brees,

1722 1262 117 27 Surveyor.

1348 1305 56 22 New
1413 1306 99 21 Zealand
1521 1305 135 29 Company's
1668 1307 84 26 Survey
1764 1306 78 27 Office,

1411 1332 143 28 Wellington,
1565 1333 103 27 January
1677 1334 35 26 26,
1723 1334 61 21 1843.
1790 1347 3 5 .

1279 1366 147 48 NOTICE
1451 1366 28 22 IS
1502 1366 130 22 HEREBY
1655 1366 109 26 GIVEN,
1786 1366 49 21 that
1854 1367 23 20 a'

1362 1393 111 26 Surveyor
1481 1393 46 21 will
1540 1393 28 21 be
1578 1393 24 21 in
1612 1393 141 26 attendance,
1766 1392 45 22 and
1823 1392 43 22 will

1279 1419 64 22 leave
1362 1419 42 22 this
1423 1420 71 21 Office
1513 1427 30 14 on
1563 1419 150 27 Wednesday,
1735 1421 33 20 Ist
1785 1419 80 24 March

1279 1449 62 24 next,
1353 1449 22 19 at
1385 1449 12 19 9
1415 1447 88 21 o'clock
1520 1446 118 28 precisely,
1649 1446 46 22 and
1710 1446 44 22 will
1770 1446 96 28 proceed

1279 1475 22 19 to
1310 1470 42 25 the
1370 1473 84 21 district
1471 1474 25 20 of
1512 1474 104 26 Ohariu,
1633 1473 36 21 for
1679 1473 37 21 the
1732 1480 95 20 purpose
1845 1474 25 20 of

1278 1500 104 32 pointing
1391 1503 38 18 out
1437 1503 24 18 to
1477 1500 43 21 the.
1529 1500 139 27 Proprietors
1678 1500 43 21 and
1731 1501 88 26 Agents
1829 1500 37 21 the

1280 1526 148 28 Preliminary
1437 1527 99 27 Country
1552 1526 102 22 Sections
1671 1526 82 22 chosen
1768 1527 100 27 January

1278 1553 53 26 2nd,
1352 1554 45 26 3rd,
1414 1553 45 22 and
1474 1554 46 26 4th,
1536 1553 47 22 and
1600 1554 23 20 if
1636 1560 93 21 persons
1747 1554 119 22 interested

1278 1580 89 26 neglect
1376 1580 116 27 attending
1508 1587 28 15 on
1548 1580 38 21 the
1597 1581 44 26 day
1651 1581 71 21 above
1733 1581 78 24 stated,
1823 1588 43 19 any

1278 1606 135 28 application
1429 1606 59 23 from
1498 1607 62 21 them
1576 1614 30 14 on
1622 1608 38 21 the
1677 1607 85 27 subject
1773 1608 26 21 of
1811 1607 56 22 their

1278 1633 135 23 boundaries
1423 1634 45 22 will
1477 1637 37 19 not
1523 1634 29 22 be
1562 1634 107 22 attended
1681 1637 29 19 to.

1439 1668 94 21 Samuel
1549 1668 109 21 Charles
1673 1668 84 26 Brees,

1598 1694 112 28 Principal
1721 1696 118 26 Surveyor.

1347 1740 57 22 New
1412 1740 100 22 Zealand
1523 1741 135 27 Company's
1668 1741 85 27 Survey
1764 1740 80 28 Office,

1410 1766 143 29 Wellington,
1564 1768 104 27 January
1677 1769 34 25 26,
1723 1769 62 21 1843.

1277 1801 149 48 NOTICE
1449 1801 29 22 IS
1501 1801 131 22 HEREBY
1656 1801 109 27 GIVEN,
1786 1801 51 22 that
1854 1809 14 14 a

1361 1828 111 27 Surveyor
1479 1828 45 22 will
1537 1828 28 21 be
1581 1828 23 22 in
1614 1828 142 27 attendance,
1767 1827 51 22 and'
1823 1828 44 23 will

1277 1853 66 23 leave
1353 1854 43 21 this
1412 1855 70 22 Office
1492 1862 31 15 on
1538 1855 107 27 Monday,
1657 1855 39 22 6th
1712 1855 81 22 March
1804 1858 60 25 next,

1279 1884 23 17 at
1311 1882 13 20 9
1339 1881 86 22 o'clock
1439 1882 116 27 precisely,
1567 1882 45 22 and
1626 1882 46 23 will
1684 1882 98 26 proceed
1792 1886 22 17 to
1828 1882 38 23 the

1275 1907 91 22 .district
1374 1908 26 21 of
1407 1907 38 22 the
1455 1908 126 23 Herokiwi
1596 1910 67 21 Road
1679 1908 46 22 and
1740 1908 126 23 Herokiwi

1279 1934 105 27 Valley,
1394 1935 36 21 for
1438 1935 39 22 the
1485 1942 96 20 purpose
1591 1936 27 21 of
1628 1936 105 26 pointing
1747 1938 39 19 out
1795 1938 24 18 to
1829 1936 37 22 the

1278 1961 137 27 Proprietors
1423 1961 45 21 and
1475 1962 86 25 Agents
1569 1962 36 21 the
1612 1962 148 26 Preliminary
1766 1962 99 27 Country

1279 1987 102 21 Sections
1400 1987 82 21 chosen
1500 1988 25 20 in
1545 1988 44 21 this
1608 1988 87 21 district
1717 1992 24 17 at
1763 1988 38 20 the
1824 1988 42 21 last

1278 2012 114 27 selection,
1398 2013 52 27 viz.,
1457 2021 28 14 on
1494 2014 37 21 the
1542 2014 53 27 2nd,
1602 2014 47 25 3rd,
1658 2014 45 21 and
1711 2014 39 21 4th
1757 2014 108 27 January,

1279 2041 66 25 1843;
1361 2039 45 22 and
1415 2039 20 21 if
1447 2046 92 21 persons
1546 2040 122 22 interested
1681 2040 90 27 neglect
1780 2040 86 22 attend-

1278 2066 39 27 ing
1326 2074 29 14 on
1365 2066 37 22 the
1412 2066 45 27 day
1466 2067 70 21 above
1546 2067 80 26 stated,
1637 2074 47 19 any
1693 2067 133 28 application
1837 2074 28 14 on

1278 2093 39 21 the
1336 2093 87 27 subject
1440 2093 26 22 of
1487 2093 58 22 their
1562 2094 136 21 boundaries
1716 2094 46 21 will
1781 2096 41 19 not
1839 2094 27 22 be

1271 2120 115 23 -attended
1395 2124 30 18 to.

1441 2147 94 22 Samuel
1550 2148 109 21 Charles
1673 2147 84 28 Brees,

1543 2178 4 17 :
1606 2174 113 27 Principal
1729 2175 118 26 Surveyor.

1347 2219 56 22 New
1411 2218 101 23 Zealand
1522 2220 136 29 Company's
1668 2220 85 27 Survey
1764 2220 78 26 Office,

1411 2246 144 27 Wellington,
1565 2246 103 28 January
1677 2248 36 25 30!
1723 2248 61 21 1843.

1278 2279 148 50 NOTICE
1450 2279 28 23 IS
1501 2279 130 23 HEREBY
1654 2280 108 28 GIVEN,
1786 2281 50 21 that
1854 2289 13 14 a

1361 2307 110 26 Surveyor
1480 2307 44 22 will
1532 2307 29 21 be
1571 2307 25 22 in
1611 2307 142 28 attendance,
1764 2308 45 21 and
1823 2308 43 22 will

1277 2333 65 22 leave
1352 2333 43 22 this
1405 2332 71 24 Office
1485 2341 31 17 on,
1524 2334 111 27 Monday,
1651 2334 40 22 6th
1706 2334 80 22 March
1802 2339 63 24 next,

1278 2363 25 19 at
1311 2362 14 20 9
1335 2360 86 22 o'clock
1429 2361 116 27 precisely,
1560 2361 46 22 and
1623 2361 43 21 will
1680 2362 98 26 proceed
1795 2365 23 18 to
1828 2362 38 22 the

1278 2387 87 22 district
1373 2387 28 21 of
1405 2387 37 22 the
1458 2387 89 22 Upper.
1552 2387 71 22 Hutt
1639 2388 35 21 for
1682 2388 38 21 the
1734 2396 94 19 purpose
1844 2390 26 21 of

1278 2414 103 27 pointing
1391 2417 38 19 out
1438 2417 23 19 to
1471 2415 37 21 the
1519 2415 139 27 Proprietors
1672 2414 45 22 and
1732 2416 87 26 Agents
1829 2416 37 22 the

1279 2441 147 27 Preliminary
1436 2441 98 27 Country
1546 2442 101 21 Sections
1654 2458 4 4 .
1665 2442 81 21 chosen
1764 2443 101 28 January

1277 2467 53 27 2nd,
1348 2468 45 23 3rd,
1412 2468 46 21 and
1471 2469 51 26 4th;
1543 2468 46 22 and
1605 2469 21 21 if
1638 2476 91 20 persons
1745 2470 121 22 interested

1278 2495 89 27 neglect
1381 2495 116 28 attending
1506 2502 30 15 on
1545 2495 38 22 the
1594 2496 45 27 day
1647 2496 70 21 above
1731 2496 80 27 stated,
1823 2503 42 21 any

1278 2521 133 28 application
1424 2522 58 22 from
1491 2522 62 22 them
1569 2530 30 14 on
1614 2523 39 21 the
1668 2523 88 27 subject
1770 2524 26 21 of
1807 2523 59 22 their

1277 2549 135 22 boundaries
1421 2549 46 26 wjll
1475 2552 40 19 not
1521 2549 29 22 be
1559 2549 109 22 attended
1675 2552 30 19 to.

1441 2577 94 22 Samuel
1548 2577 109 22 Charles
1671 2577 84 27 Brees,

1595 2603 111 28 Principal
1718 2605 119 26 Surveyor.

1277 2647 184 50 WANTED,
1470 2656 14 14 a
1493 2649 57 21 Man
1550 2661 10 16 r
1561 2652 92 18 servant
1663 2649 51 25 and,
1716 2650 92 26 Groom,
1816 2650 49 22 who

1373 2674 135 29 thoroughly
1526 2676 151 22 understands
1697 2672 35 26 his
1750 2677 114 28 business;

1279 2709 26 14 or
1315 2709 13 14 a
1337 2702 96 21 married
1443 2709 53 15 man
1505 2702 94 22 without
1611 2703 172 28 encumbrance,
1793 2706 73 20 whose

1278 2728 51 22 wife
1345 2728 74 22 Avould
1432 2730 125 21 undertake
1574 2730 38 22 the
1628 2730 64 22 office
1708 2728 26 24 of
1745 2731 62 22 Cook
1822 2732 44 22 and

1279 2756 166 28 Housekeeper.
1474 2756 75 28 Apply
1559 2760 23 18 at
1591 2757 37 23 the
1641 2758 87 20 Gazette
1738 2757 79 23 Office.

1306 2789 101 28 January
1416 2791 35 26 31,
1463 2792 59 21 1843.

1492 2837 39 21 To
1547 2837 34 21 be
1597 2838 59 26 Let,

1280 2870 174 50 SUITABLE
1468 2871 57 27 plots
1543 2871 26 22 of
1579 2872 90 26 ground
1678 2872 34 22 for
1722 2872 108 28 Building
1840 2881 27 15 on

1345 2897 135 27 Wellington
1498 2898 102 28 Terrace,
1621 2899 80 22 within
1714 2907 41 14 one
1766 2900 101 23 toinutes

1278 2923 58 23 walk
1343 2924 26 22 of
1375 2924 36 21 the
1420 2924 81 23 Beach.
1530 2925 56 22 Also
1593 2933 13 16 a
1610 2926 61 26 good
1677 2933 189 16 wooden-house.

1278 2951 46 22 For
1332 2955 75 23 terms,
1420 2952 65 28 apply
1494 2956 23 18 to
1533 2952 46 22 Mr.
1589 2952 109 23 Brandon
1707 2960 25 15 or
1743 2954 45 21 Mr.
1800 2954 66 22 Park.

1306 2984 128 23 November
1445 2987 32 26 11,
1489 2987 61 21 1842.

1381 3031 82 27 Villa,
1470 3031 153 21 Residence
1637 3031 45 20 for
1696 3031 71 26 Sale,

1461 3069 75 14 TERMS
1551 3069 132 15 MODERATE.

1279 3096 59 48 A.
1354 3094 86 22 NEAT
1463 3094 57 30 well,
1530 3095 98 22 finished
1651 3095 102 23 Wooden
1765 3119 8 4 „
1780 3097 86 28 House,

1358 3121 53 22 with
1421 3121 73 23 offices
1503 3121 45 23 and
1557 3122 92 28 garden,
1658 3128 54 22 very
1723 3123 145 24 comfortable

1279 3147 46 23 arid
1350 3149 156 26 commodious,
1527 3149 47 21 and
1596 3149 25 22 in
1646 3149 111 23 excellent
1778 3151 74 27 repair
1861 3160 5 17 ;

1280 3175 130 23 commands
1428 3180 19 17 a'
1460 3175 67 23 noble
1546 3176 58 22 view
1622 3177 27 21 of
1668 3177 38 21 the
1730 3178 70 22 Town
1825 3179 41 22 and

1282 3203 108 26 Harbour,
1402 3202 45 22 and
1459 3203 23 21 is
1494 3203 78 21 within
1586 3203 65 22 three
1666 3204 98 23 minutes
1773 3205 59 22 walk
1847 3206 25 22 of

1280 3229 38 23 the
1328 3229 70 23 Bank.
1426 3229 76 28 Apply
1512 3233 23 19 to

1508 3262 50 22 Mr.
1574 3262 75 28 Yule,

1579 3293 23 19 at
1611 3290 72 22 Waitt
1691 3291 46 22 and
1746 3292 95 27 Tyser's.

1308 3320 143 28 Wellington,
1463 3321 114 28 February
1586 3323 21 26 4,
1616 3323 61 21 1843.

1465 3365 94 21 House
1574 3366 30 21 to
1623 3367 59 20 Let.

1280 3398 169 49 A;GOOD
1470 3398 131 23 substantial
1620 3399 75 28 house,
1711 3401 54 22 with
1778 3401 92 24 kitchen

1360 3425 44 21 and
1414 3425 135 28 out-house's,
1560 3429 30 18 to.
1593 3427 33 21 let
1634 3426 25 22 in
1674 3427 194 25 Manners-street.

1270 3464 4 5 ■
1281 3452 45 21 For
1332 3452 147 27 {particulars,
1489 3453 67 27 apply
1566 3455 24 19 to
1602 3454 45 22 Mr.
1658 3453 121 24 Brewer's
1791 3456 78 25 Office.

1298 3515 26 11 ,i
1347 3516 3 7 ,
1406 3503 56 23 For
1477 3503 60 22 Sale
1541 3510 14 18 i,
1562 3509 67 21 very
1642 3504 101 28 Cheap.
1876 3497 2 37 j

1287 3546 4 8 »
1299 3538 19 21 A
1447 3536 140 23 WOODEN
1602 3537 153 29 COTTAGE,
1764 3539 71 31 fitted,
1840 3548 30 22 up

1283 3566 51 21 X3L
1362 3563 54 22 with
1425 3570 67 21 every
1501 3564 113 22 attention
1623 3568 24 18 to
1657 3565 96 22 comfort
1762 3566 46 23 and
1818 3575 54 16 con-

1282 3591 110 23 venience
1402 3590 86 27 (within
1494 3593 44 20 .ten
1550 3591 98 22 minutes
1656 3592 58 21 walk
1723 3593 27 22 of
1762 3594 110 24 Barrett's

1284 3617 88 28 Hotel),
1384 3617 54 22 with
1449 3619 10 24 J
1470 3619 28 20 of
1502 3625 30 14 an
1546 3625 52 15 acre
1609 3618 25 22 of
1640 3619 56 24 land
1705 3620 107 23 attached
1822 3625 23 24 £o
1853 3623 19 22 it

1281 3644 51 24 well
1339 3644 84 28 .found,
1440 3645 46 22 and
1499 3645 25 22 in
1534 3652 14 15 a
1563 3645 56 28 high
1632 3648 57 19 state
1699 3647 26 21 of
1732 3647 137 30 cultivation,

1282 3671 55 23 with
1346 3679 14 14 a
1373 3679 70 15 never
1451 3671 80 28 failing
1545 3674 83 21 stream
1644 3673 26 21 of
1683 3674 112 23 eXcellerit
1803 3679 69 20 water

1282 3698 99 28 running
1390 3699 96 27 through
1494 3699 25 22 it.
1524 3708 3 5 -
1549 3699 61 22 Both
1618 3699 39 22 the
1666 3699 53 23 land
1729 3701 45 22 and
1784 3706 88 25 cottage

1284 3732 38 15 are
1329 3726 25 23 in
1364 3733 14 15 a
1386 3725 111 23 sheltered
1501 3725 115 28 situation,
1625 3726 47 22 and
1681 3726 58 23 have
1743 3728 39 22 the
1788 3728 89 25 benefit'

1284 3753 27 22 of
1316 3752 38 23 the
1364 3760 47 19 sun.
1414 3752 41 23 the.
1461 3753 71 22 whole
1542 3752 51 27 day.
1781 3757 30 4 ''
1830 3757 4 11 '
1855 3773 2 6 ,

1310 3780 48 23 The
1369 3780 70 22 above
1454 3787 42 15 can
1511 3779 30 22 be
1555 3779 136 27 confidently
1699 3784 178 22 recommended'

1284 3814 24 15 as
1318 3814 13 15 a
1338 3806 115 23 residence
1463 3806 34 23 for
1505 3813 14 16 a
1528 3806 86 28 private
1629 3807 86 28 family.
1743 3809 49 23 The
1806 3812 71 22 terms'

1284 3833 47 23 will
1347 3834 29 22 be
1393 3833 66 23 made
1473 3836 22 19 to
1509 3833 46 22 suit
1570 3833 39 22 the
1623 3834 134 27 purchaser:
1779 3845 14 14 a
1808 3838 65 23 small

1284 3860 86 28 deposit
1378 3860 45 23 will
1432 3860 29 22 be
1469 3859 110 29 required,
1585 3860 44 23 and
1641 3861 39 22 the
1685 3864 129 22 remainder
1821 3872 52 21 may

1283 3888 85 22 remain
1378 3895 27 14 on
1415 3891 116 24 mortgage
1534 3887 37 22 for
1576 3895 15 15 a
1600 3892 56 19 term
1664 3889 27 22 of
1695 3897 72 20 years.
1797 3892 77 28 Apply

1284 3918 23 19 to
1318 3914 95 24 Robert
1428 3914 73 28 Park,
1517 3914 61 28 Esq.,
1590 3922 25 15 or

1684 3944 65 23 John
1764 3945 82 23 Wade.

1311 3968 34 22 Te
1353 3968 55 26 Aro,
1419 3967 100 27 January
1529 3970 33 24 13,
1574 3970 62 21 1843.
