4212 5970
170 2514 141 29 NOTICE
338 2514 46 28 TO
411 2511 357 31 CORRESPONDENTS.

155 2608 133 32 Uno-Ho,
304 2606 254 37 (Westport.)—We
572 2606 70 27 have
652 2615 36 18 no
700 2604 87 28 desire

188 2649 28 24 to
238 2648 45 33 get
308 2644 136 28 ourselves
468 2644 58 27 into
550 2643 115 27 trouble.
716 2642 71 27 Send

188 2693 70 26 your
285 2682 90 38 poetic
422 2681 114 29 effusion
586 2681 87 28 either
691 2684 28 25 to
740 2679 47 30 the

346 2729 96 27 papers
462 2730 30 17 or
510 2720 47 27 the
577 2720 90 26 Police
690 2720 96 33 Carnp.

188 2759 59 28 The
259 2758 81 29 latter
350 2758 24 28 is
387 2756 132 39 probably
533 2757 46 28 the
591 2756 60 29 best
662 2756 76 38 place
759 2759 28 24 to

347 2797 30 28 it.

174 2873 248 196 Lyell
472 2873 298 196 Times.

250 3069 206 32 SATURDAY,
475 3069 96 28 JULY
589 3071 25 30 3,
634 3070 76 27 1886.

197 3160 35 29 In
245 3159 45 30 the
303 3158 103 30 United
424 3158 97 38 Alpine
534 3157 42 30 for
587 3157 47 30 the
647 3161 62 35 past
718 3157 76 31 week

162 3199 46 28 the
227 3197 78 29 usual
327 3203 115 22 amount
467 3198 29 27 of
518 3199 107 34 stoping
651 3199 50 26 has
726 3198 67 27 been

160 3236 104 28 earned
277 3244 35 19 on
322 3236 28 26 in
364 3236 45 26 the
422 3235 81 32 mine,
519 3235 52 27 and
587 3244 34 18 no
634 3235 104 36 change
762 3236 29 26 of

162 3284 55 26 any
236 3273 168 37 importance
423 3273 49 27 has
491 3272 82 29 taken
592 3273 75 36 place
691 3274 29 27 in
745 3272 46 29 the

162 3312 145 34 workings.
344 3311 58 28 The
408 3320 60 19 new
475 3310 80 28 make
563 3311 29 28 of
600 3317 77 23 stone
684 3312 110 35 coming

162 3350 81 28 south
264 3350 23 27 is
300 3349 55 28 still
378 3349 109 36 looking
508 3349 69 33 well,
592 3349 57 28 and.
666 3350 90 28 shows
777 3359 16 18 a

161 3389 136 34 tendency
310 3392 28 23 to
360 3387 87 28 widen
461 3392 47 23 out
529 3387 73 28 since
616 3387 52 28 last
689 3395 100 28 report.

161 3427 57 28 The
232 3425 170 37 prospecting
421 3429 132 25 cross-cut
573 3430 28 23 to
614 3426 47 28 the
674 3430 58 25 east
751 3426 41 29 for

162 3465 82 30 north
258 3464 78 30 block
349 3465 22 28 is
383 3474 61 19 now
456 3465 29 28 in
500 3474 62 19 over
571 3465 33 28 20
616 3464 62 34 feet,
689 3464 103 38 having

160 3504 58 28 liad
231 3504 68 27 hard
313 3507 114 32 country
441 3507 27 24 to
482 3504 116 27 contend
613 3504 73 32 with,
703 3504 49 28 but
764 3509 28 23 at

163 3542 47 28 the
237 3545 109 33 present
370 3541 67 27 time
468 3541 88 27 shows
580 3542 209 35 improvement,

242 3591 30 18 as
285 3584 27 25 to
325 3579 107 38 driving
454 3580 53 28 and
517 3579 84 37 likely
621 3589 168 28 appearance

163 3620 27 26 of
218 3619 57 27 reef
302 3618 119 36 bearing.
475 3618 57 28 The
562 3618 54 28 late
645 3618 148 27 iuclement

162 3656 127 34 weather,
312 3655 193 38 accompanied
526 3655 34 38 by
585 3656 90 37 heavy
695 3656 47 28 fall
767 3656 28 28 of

163 3705 84 22 snow,
261 3696 49 27 has
333 3696 148 27 somewhat
500 3695 145 28 interfered
658 3695 66 28 with
747 3695 46 28 the

162 3732 125 37 trucking
299 3733 161 37 operations,
474 3733 125 28 however
609 3743 15 18 a
635 3733 94 36 steady
737 3733 53 28 and

162 3772 91 36 ample
275 3771 98 37 supply
392 3771 30 28 of
443 3775 76 25 stone
543 3771 50 28 has
615 3772 65 27 been
706 3771 69 28 main-

162 3810 92 28 tained
268 3815 26 22 to
308 3810 45 28 the
367 3810 115 35 battery.
519 3810 36 28 At
569 3810 45 28 the
628 3809 106 36 battery
745 3810 46 28 the

162 3853 134 31 stampers
309 3848 69 27 have
392 3847 67 28 been
472 3848 116 35 steadily
600 3848 89 36 going.
736 3848 57 28 The

162 3890 167 24 contractors
341 3890 40 24 tor
394 3885 82 29 lower
488 3886 109 37 portion
611 3886 29 28 of
656 3886 46 28 the
723 3886 70 28 head

161 3934 62 19 race
236 3934 45 18 are
299 3925 114 35 making
425 3934 28 17 as
473 3925 70 35 good
556 3934 123 26 progress
691 3934 30 18 as
743 3934 51 18 can

162 3963 33 28 be
205 3963 128 36 expected
342 3962 170 37 considering
519 3963 45 28 the
574 3963 120 29 weather
702 3963 89 28 which

164 4001 50 28 has
228 4001 127 28 obtained
367 4001 92 35 lately.

197 4048 58 28 The
303 4046 137 30 Sunbeam
489 4047 143 38 Company
643 4047 105 29 arrived
766 4050 28 26 at

164 4088 78 37 Lyell
266 4088 53 28 late
340 4086 142 38 yesterday
501 4088 124 35 evening,
650 4087 54 29 and
725 4097 68 19 were

164 4126 196 35 consequently
369 4126 98 26 unable
477 4132 26 20 to
510 4135 70 26 open
587 4135 29 18 as
623 4126 170 28 announced.

162 4164 68 28 This
249 4165 116 32 evening
385 4163 66 33 they
475 4163 53 28 will
549 4163 79 28 make
652 4164 72 27 their
747 4173 30 26 ap-

162 4210 131 28 pearance
306 4201 28 28 in
347 4201 71 27 their
427 4201 86 35 justly
533 4201 151 28 celebrated
705 4206 72 23 enter-

163 4241 135 27 tainment
325 4239 113 29 entitled
736 4240 58 27 The

164 4277 139 35 evening's
324 4281 187 31 performance
531 4278 22 26 is
575 4278 95 35 Lighly
692 4279 102 35 spoken

161 4316 32 28 of
204 4315 136 28 wherever
352 4315 65 36 they
430 4315 69 28 have
516 4315 104 29 shown.
722 4328 10 13 \

197 4363 59 27 The
286 4366 66 24 next
386 4361 108 36 sittings
525 4363 29 27 of
587 4363 46 30 the
664 4363 131 30 Resident

165 4401 183 37 Magistrate's
361 4401 54 28 and
430 4400 143 30 Warden's
587 4403 97 28 Courts
696 4403 56 28 will
762 4402 32 29 be

164 4440 65 30 held
242 4446 27 23 at
282 4440 78 39 Lyell
373 4450 34 19 on
427 4440 172 38 Wednesday
612 4441 48 30 7th
681 4443 113 34 instant,

162 4480 56 27 and
232 4484 28 23 at
272 4479 158 28 Murchison
443 4489 34 18 on
491 4480 45 28 the
548 4482 126 34 previous
687 4482 61 35 day.

200 4526 44 28 Mr
256 4525 92 29 Alfred
363 4526 161 34 Greenfield,
538 4527 214 30 Commissioner
769 4528 26 29 of

162 4565 99 29 Crown
280 4565 101 35 Lands,
401 4566 95 36 passed
521 4566 118 37 through
665 4568 77 36 Lyell
767 4572 27 24 to

166 4605 102 26 Nelson
293 4605 153 35 yesterday,
460 4605 102 35 having
580 4606 128 29 returned
726 4607 69 26 from

167 4640 141 38 Westport
332 4642 89 28 whore
440 4642 34 28 he
493 4652 55 19 was
567 4644 120 36 engaged
707 4644 28 27 in
754 4644 41 27 his

166 4680 100 29 official
291 4685 122 33 capacity
432 4681 28 27 in
479 4683 160 26 connection
658 4681 66 29 with
750 4683 45 27 the

163 4720 58 29 sale
232 4720 29 27 of
271 4720 98 27 Crown
386 4720 79 28 Land
484 4730 119 19 reserves
613 4721 29 28 in
654 4721 60 28 that
724 4724 71 25 town

163 4757 58 28 and
239 4757 144 28 Addisons.

201 4805 57 28 The
276 4806 79 27 usual
369 4806 125 34 monthly
513 4806 136 28 directors'
664 4807 133 36 meetings

162 4842 34 31 of
205 4842 45 31 the
263 4843 55 38 Tyr
330 4843 113 28 Connell
456 4842 54 29 and
525 4843 100 29 United
640 4844 72 37 Italy
723 4854 54 19 com-

166 4884 93 35 panies
280 4883 55 28 wiU
353 4883 32 28 be
405 4883 62 28 held
487 4893 35 18 on
542 4884 121 35 Monday
682 4885 115 33 evening

164 4923 74 30 next,
253 4920 45 27 sth
313 4921 110 26 instant.
473 4921 42 26 On
536 4921 125 35 Tuesday
682 4923 115 34 evening

166 4958 285 36 directors'meetings
463 4958 29 28 in
506 4959 46 28 the
575 4959 101 28 United
698 4960 99 36 Alpine

164 4996 55 30 and
233 4997 108 29 Croesus
353 4998 158 36 companies
524 4997 55 28 will
593 4998 31 27 be
645 4998 71 27 held.
763 4999 33 27 In

165 5038 67 28 each
245 5042 121 24 instance
380 5037 46 28 the
440 5037 133 36 meetings
581 5037 56 29 will
647 5038 61 28 take
722 5038 75 37 place

163 5081 30 22 at
207 5076 44 27 Mr
263 5076 95 27 James
372 5076 95 34 luglis'
487 5076 86 28 office.

200 5123 57 28 The
276 5123 163 33 Inangahua
453 5123 108 37 County
586 5123 112 30 Council
712 5124 85 30 invite

166 5161 109 28 tenders
288 5161 41 28 for
343 5161 65 36 dray
433 5163 65 26 road
523 5172 36 27 up
584 5163 164 28 Matikatika
769 5163 28 28 in

166 5199 75 27 three
261 5200 124 32 sections,
406 5200 102 34 closing
532 5210 34 17 on
592 5201 64 28 27th
680 5201 113 28 instant.

168 5236 203 39 Specifications
384 5242 27 24 to
435 5238 32 28 be
481 5248 61 19 seen
566 5244 26 24 at
607 5239 115 30 Reefton
744 5240 53 28 and

167 5282 27 22 at
206 5276 86 28 Rait's
305 5277 92 31 Hotel,
414 5277 166 28 Murchison.

201 5323 58 27 The
290 5322 67 28 Rev.
384 5323 30 27 A.
441 5323 181 28 Innes-Jones
652 5325 56 27 will
733 5325 64 29 hold

167 5361 91 28 divine
276 5361 101 28 service
402 5362 28 28 in
444 5362 39 27 St.
510 5362 155 29 Matthew's
689 5364 108 28 Church

167 5405 157 23 to-morrow
347 5402 126 34 morning
493 5401 54 27 and
567 5402 115 35 evening
704 5405 27 25 at
754 5403 43 27 the

168 5438 79 28 usual
259 5438 92 28 hours.

203 5487 21 25 A
239 5486 171 34 parishoners
422 5488 121 34 meeting
553 5488 29 25 of
593 5488 38 26 St.
645 5488 154 28 Matthew's

169 5522 107 28 Church
300 5522 54 28 will
386 5523 31 27 be
448 5523 63 27 held
541 5523 55 28 this
626 5524 116 34 evening
772 5529 27 23 at

168 5564 16 25 8
198 5561 102 29 o'clock
311 5562 27 27 in
351 5561 45 28 the
410 5566 100 32 vestry,
525 5563 40 28 for
578 5561 46 29 the
638 5572 115 27 purpose
774 5563 25 29 of

168 5600 116 37 electing
305 5601 155 27 committee
473 5603 40 24 lor
534 5601 45 27 the
593 5601 115 35 ensuing
727 5611 72 27 year,

168 5640 54 28 and
237 5641 44 26 the
294 5639 198 30 consideration
506 5645 27 22 ot
546 5639 77 29 other
636 5646 113 23 matters
772 5642 27 27 in

167 5679 160 28 connection
341 5678 66 28 with
420 5678 46 27 the
480 5678 118 28 Church.

201 5726 24 28 A
244 5725 211 37 representative
480 5726 29 28 of
530 5726 45 29 the
589 5726 79 29 Bank
687 5726 30 28 of
735 5726 66 29 New

171 5764 86 29 South
273 5765 88 27 Wales
374 5764 55 28 will
443 5765 62 27 visit
519 5765 77 28 Lvell
610 5774 34 18 on
659 5765 142 37 Thursday

169 5810 65 21 next
264 5804 42 28 for
337 5803 165 29 transaction
528 5804 37 28 of-
579 5804 77 28 usual
683 5804 118 36 banking

168 5840 133 25 business.

830 223 34 26 In
879 222 45 28 the
947 223 54 36 Tyr
1022 223 113 28 Connell
1156 223 36 27 all
1206 222 53 27 ban
1269 222 24 27 Is
1307 231 44 17 are
1366 231 59 18 now

796 262 120 36 engaged
929 262 109 36 stoping
1061 271 34 18 on
1116 262 45 27 the
1183 260 86 28 block.
1307 260 81 27 Some
1402 260 29 27 of

797 301 45 26 the
869 304 76 23 stone
971 300 82 28 taken
1084 306 47 22 out
1157 300 22 27 is
1203 300 29 26 of
1259 298 169 35 exceptional

798 337 128 27 richness.
963 338 57 27 The
1034 338 90 27 leader
1137 336 50 28 has
1205 345 62 18 now
1289 336 67 26 been
1380 336 36 26 fol-

799 375 85 29 lowed
899 376 49 28 170
961 375 53 30 feet
1029 379 26 25 to
1069 375 46 29 the
1129 375 78 29 south
1222 373 62 35 end,
1298 373 54 29 and
1366 382 46 20 con-

799 421 88 21 tinues
909 420 95 31 strong
1023 417 28 26 in
1074 416 45 27 the
1141 416 56 27 face
1222 414 66 28 with
1312 413 114 36 payable

798 453 70 35 gold.
919 453 66 27 This
1009 454 22 26 is
1053 453 47 27 the
1126 453 58 27 first
1207 451 91 28 leader
1322 450 107 29 worked

799 491 78 28 south
902 491 29 28 of
950 491 46 28 the
1020 491 45 35 big
1084 491 71 36 dyke
1178 502 29 17 or
1227 490 83 29 break
1331 499 33 19 on
1384 488 45 29 the

799 530 164 33 Eight-Mile
990 530 68 33 Hill,
1084 530 53 27 and
1164 530 46 27 the
1234 528 105 35 ground
1370 537 61 17 now

800 568 78 33 being
899 568 159 36 penetrated
1080 568 35 36 by
1136 569 54 27 this
1213 569 146 34 Company
1381 566 50 27 has

800 610 47 22 not
860 615 36 25 up
911 611 26 21 to
951 606 46 26 the
1011 611 107 30 present
1138 606 66 27 been
1227 604 159 37 prospected
1399 613 30 17 or

799 643 166 36 thoroughly
985 643 86 28 tested
1093 643 66 28 with
1178 643 45 28 the
1244 643 138 34 exception
1407 641 28 26 of

800 682 46 29 the
860 683 90 28 leader
963 692 61 19 now
1037 683 124 33 showing
1180 683 28 28 in
1230 682 46 28 the
1297 681 66 33 face,
1377 679 54 30 and

801 722 19 25 it
845 722 22 26 is
893 722 170 34 satisfactory
1095 726 27 23 to
1147 721 57 28 find
1227 722 61 26 that
1317 719 114 36 payable

802 763 76 25 stone
893 759 81 30 exists
988 760 27 28 in
1030 770 16 19 a
1060 759 180 30 well-defined
1264 757 89 30 leader
1366 756 66 30 such

802 810 28 17 as
846 800 44 27 the
904 809 52 18 one
969 810 61 17 now
1044 799 80 36 being
1137 798 127 38 operated
1278 808 81 26 upon.

839 847 59 29 The
913 846 128 30 tributors
1054 847 122 35 working
1189 847 28 27 in
1232 846 115 27 Potter's
1361 844 68 28 level

803 888 27 26 in
856 887 46 27 the
930 886 101 28 United
1057 887 74 34 Italy
1162 897 44 17 are
1237 886 121 35 meeting
1387 884 46 28 the

804 924 90 28 leader
924 924 66 27 with
1021 924 132 27 extended
1190 924 168 27 dimensions
1388 923 45 26 the

803 963 105 29 further
921 963 64 37 they
999 962 73 30 drive
1087 973 34 18 on
1135 963 29 33 it,
1179 961 53 30 and
1249 961 45 30 the
1317 965 75 25 stone
1413 960 22 28 is

804 1003 55 26 also
870 1003 155 35 improving
1036 1003 27 26 in
1075 1002 114 36 quality.
1225 1001 57 28 The
1293 1001 141 35 Company

803 1040 93 28 intend
924 1040 113 34 making
1062 1050 15 17 a
1102 1040 50 27 call
1177 1038 55 29 this
1254 1039 107 32 month,
1382 1038 53 27 and

804 1080 115 31 starting
932 1080 88 25 active
1034 1079 152 35 operations
1207 1078 34 34 by
1255 1078 109 35 putting
1378 1078 26 25 in
1419 1086 15 17 a

804 1121 119 23 crosscut
947 1119 27 25 to
1006 1116 45 28 the
1083 1116 141 28 eastward.
1273 1115 58 27 The
1357 1114 77 36 point

804 1156 69 26 from
887 1154 90 29 which
992 1156 54 26 this
1060 1154 72 28 work
1147 1155 54 27 will
1220 1154 31 27 be
1265 1153 103 28 started
1383 1153 52 27 will

804 1198 28 23 to
846 1203 15 18 a
874 1198 75 31 great
961 1197 92 24 extent
1063 1192 106 37 depend
1184 1201 32 18 an
1227 1192 46 27 the
1283 1192 152 36 operations

804 1242 61 18 now
889 1232 81 35 being
994 1232 104 28 carried
1122 1241 35 19 on
1178 1231 30 28 in
1227 1231 46 28 the
1297 1229 138 38 adjoining

805 1269 90 31 claim,
910 1269 46 27 the
971 1269 115 28 Maruia.

839 1316 118 29 Tenders
987 1317 40 27 for
1050 1314 108 36 driving
1182 1316 50 28 800
1256 1314 53 30 feet
1333 1314 28 28 of
1391 1313 45 29 the

807 1356 101 28 United
933 1355 98 37 Alpine
1057 1356 166 35 Company's
1248 1354 50 26 No.
1319 1355 15 26 7
1359 1353 77 30 level,

806 1394 70 28 close
889 1397 27 25 at
930 1394 44 27 Mr
986 1394 94 28 James
1093 1392 93 35 Inglis'
1204 1392 76 28 office
1301 1401 36 18 on
1357 1392 64 27 Tues-

806 1434 54 35 day
872 1437 72 28 next,
958 1432 47 28 Gth
1017 1433 105 27 instant
1131 1434 28 25 at
1171 1432 17 26 4
1202 1430 103 29 o'clock
1324 1440 18 27 p
1354 1440 36 17 m.

841 1480 83 27 From
954 1480 47 27 the
1025 1478 94 28 Public
1148 1478 98 28 Works
1274 1478 163 31 Statement,

807 1517 134 29 delivered
954 1518 29 27 in
994 1516 45 30 the
1049 1517 93 27 House
1154 1525 34 19 on
1199 1516 46 27 the
1256 1515 65 28 25th
1331 1515 107 32 ultimo,

808 1567 38 19 we
860 1566 41 19 see
914 1557 61 28 that
988 1565 112 27 surveys
1113 1556 29 28 of
1162 1565 16 17 a
1190 1555 49 27 site
1252 1554 42 28 for
1307 1564 16 18 a
1344 1553 94 34 bridge

807 1605 64 17 over
883 1596 46 26 the
939 1595 103 32 Buller,
1053 1598 28 23 at
1091 1594 87 34 Lyell,
1192 1593 70 27 have
1272 1593 67 26 been
1349 1592 90 32 made,

808 1632 54 28 and
875 1632 46 28 the
936 1632 103 34 design,
1052 1631 90 29 which
1165 1631 55 26 will
1236 1631 107 35 require
1356 1633 28 24 to
1406 1629 33 28 be

808 1672 29 28 of
855 1681 16 19 a
893 1671 150 29 somewhat
1057 1669 168 38 exceptional
1247 1669 148 34 character,
1417 1668 23 29 is

808 1711 85 26 under
907 1710 209 27 consideration.

843 1757 50 28 We
914 1756 69 28 have
1006 1760 27 25 to
1053 1755 191 35 acknowledge
1269 1754 46 29 the
1340 1754 100 37 receipt

808 1795 69 28 from
893 1795 43 26 Mr
950 1795 96 32 Lewis,
1062 1794 131 33 Manager
1203 1794 32 26 of
1250 1794 46 26 the
1310 1794 129 26 National

810 1832 79 29 Bank
902 1833 29 28 of
942 1833 67 28 New
1029 1832 127 33 Zealand,
1171 1831 129 35 Limited,
1316 1831 115 28 Reefton

809 1872 30 28 of
857 1872 46 27 the
929 1875 157 32 prospectus
1109 1871 29 27 of
1156 1871 46 27 the
1227 1871 68 27 New
1322 1870 119 27 Zealand

811 1910 123 28 Midland
964 1910 125 35 Railway
1124 1909 153 36 Company,
1309 1908 128 28 Limited.

808 1948 225 35 Accompanyiug
1046 1948 45 27 the
1105 1952 156 31 prospectus
1274 1948 23 25 is
1305 1957 15 16 a
1331 1947 107 27 colored

810 1996 65 27 map
897 1986 125 35 showing
1046 1985 46 30 the
1116 1984 132 38 proposed
1272 1988 87 29 route,
1385 1985 54 28 and

810 2034 63 19 area
885 2024 97 28 within
994 2025 90 26 which
1093 2024 45 27 the
1152 2025 97 26 Crown
1263 2024 77 26 Land
1353 2024 23 27 is
1400 2033 28 18 re-

810 2063 94 30 served
917 2063 42 28 for
971 2062 131 29 selection
1115 2062 30 29 of
1154 2062 65 28 land
1237 2064 88 35 grant.

844 2111 24 28 A
879 2111 211 37 representative
1112 2110 30 28 of
1151 2110 46 27 the
1220 2109 129 28 National
1359 2110 81 27 Bank

811 2150 125 32 Reefton,
950 2150 56 26 will
1027 2149 32 27 be
1079 2149 29 27 in
1130 2148 163 28 attendance
1318 2152 27 24 at
1357 2148 84 36 Lyell,

811 2191 65 25 next
886 2187 144 37 Saturday,
1037 2187 40 29 for
1083 2187 47 28 the
1138 2187 169 28 transaction
1319 2186 30 28 of
1359 2187 66 27 bank-

811 2229 47 34 ing
875 2227 133 28 business.

846 2273 57 27 The
917 2272 100 27 second
1036 2272 113 34 reading
1161 2272 29 27 of
1208 2272 45 26 the
1265 2273 61 33 Dog
1349 2272 79 34 Regis-

812 2310 101 30 tration
925 2309 64 34 Bill,
1003 2309 90 29 which
1106 2310 83 28 raises
1212 2309 45 29 the
1271 2309 53 34 dog
1344 2312 48 25 tax
1415 2312 28 26 to

814 2352 47 31 £l,
873 2350 51 27 has
935 2350 69 26 been
1024 2349 104 27 carried
1148 2349 29 27 in
1197 2349 46 27 the
1266 2349 95 27 House
1375 2349 68 27 after

812 2387 184 31 considerable
1013 2387 161 37 opposition.

849 2437 34 26 In
896 2436 46 27 the
956 2436 94 27 House
1060 2436 65 27 25th
1136 2436 49 27 ult.
1196 2436 83 27 much
1291 2436 151 27 discussion

813 2473 64 29 took
890 2473 76 37 place
980 2482 35 18 on
1029 2473 89 27 clause
1131 2474 42 32 70,
1189 2473 142 36 providing
1343 2473 42 27 for
1398 2474 46 26 the

813 2513 115 30 election
941 2511 29 31 of
980 2511 141 30 chairman
1135 2511 36 38 by
1180 2512 45 30 the
1235 2512 109 37 County
1354 2512 70 30 Coun-

815 2552 34 26 cil
861 2552 70 24 from
945 2560 100 24 among
1058 2551 35 25 its
1106 2552 145 25 members.
1288 2552 57 25 The
1358 2552 68 26 West-

814 2587 65 29 land
889 2587 136 28 members
1034 2587 101 36 stoutly
1144 2587 130 37 objected,
1283 2587 54 28 and
1347 2587 99 35 sought

815 2630 27 23 to
853 2626 69 26 have
936 2625 58 26 him
1008 2625 102 27 elected
1123 2626 34 35 by
1180 2627 45 25 the
1239 2627 114 33 popular
1375 2631 70 22 vote.

815 2663 76 28 After
898 2662 86 35 along
994 2662 96 28 debate
1102 2662 45 28 the
1159 2663 90 28 clause
1258 2672 56 18 was
1324 2663 122 27 retained

815 2702 36 35 by
863 2703 34 26 40
910 2707 27 23 to
952 2703 40 25 15.
1030 2702 92 27 Sutter
1135 2702 66 27 then
1216 2702 96 27 moved
1328 2707 26 23 to
1363 2702 83 28 strike

816 2739 39 27 off
861 2738 47 28 the
921 2739 166 27 chairman's
1100 2739 98 36 salary,
1210 2739 90 27 which
1313 2748 56 18 was
1389 2749 42 17 car-

816 2776 56 30 ried
886 2776 37 37 by
935 2777 34 28 28
982 2779 26 25 to
1023 2777 42 27 23.

851 2817 25 26 A
888 2815 153 36 paragraph
1058 2815 30 28 in
1110 2815 47 28 the
1178 2815 91 35 Anglo
1291 2817 67 26 New
1380 2816 49 27 Zed-

818 2853 98 28 lander
924 2862 159 27 newspaper
1095 2853 153 37 respecting
1263 2853 46 28 the
1323 2854 124 27 Midland

817 2892 112 34 railway
942 2901 63 24 says
1019 2891 60 28 that
1091 2891 47 27 the
1150 2891 64 33 line,
1229 2891 90 28 which
1340 2893 54 26 will
1417 2892 30 27 be

818 2931 51 25 225
883 2929 77 27 miles
972 2928 29 27 in
1014 2928 103 36 length,
1131 2930 23 26 is
1167 2933 28 23 to
1208 2929 32 27 be
1255 2930 35 26 let
1300 2929 28 27 in
1338 2930 32 27 35
1382 2939 48 17 con-

819 2971 92 30 tracts,
925 2967 54 28 and
992 2966 59 30 that
1065 2967 45 29 the
1124 2967 138 29 Directors
1271 2968 55 28 had
1337 2968 110 28 decided

819 3010 28 25 to
871 3016 158 18 commence
1052 3006 67 28 with
1144 3007 47 27 the
1216 3006 176 29 Brunnerton
1418 3011 26 24 to

820 3045 115 28 Reefton
949 3045 111 34 section,
1074 3044 30 29 of
1114 3044 83 28 about
1208 3046 35 27 40
1258 3046 87 27 miles.
1382 3046 65 27 This

820 3093 64 25 may
898 3087 27 24 to
938 3092 75 18 some
1027 3086 91 24 extent
1131 3083 108 36 explain
1253 3084 46 27 the
1318 3084 129 35 telegram

819 3120 90 28 which
934 3129 55 18 was
1010 3120 142 36 published
1177 3121 46 27 the
1244 3122 78 27 other
1341 3121 63 35 day,
1418 3126 27 23 to

819 3159 47 30 the
888 3158 78 31 effect
987 3159 59 29 that
1067 3169 16 19 a
1103 3160 34 28 30
1156 3159 65 29 mile
1246 3164 122 25 contract
1393 3160 54 29 had

821 3199 67 27 been
910 3199 38 27 let
965 3198 104 31 subiect
1092 3202 29 25 to
1146 3199 46 28 the
1217 3200 111 35 passing
1352 3201 30 26 of
1403 3200 44 28 the

820 3236 156 27 Validation
993 3236 63 26 Bill.

853 3274 58 28 The
924 3274 138 33 following
1073 3274 124 28 business
1218 3285 56 18 was
1293 3276 155 28 transacted

820 3317 28 24 at
870 3313 47 27 the
941 3313 52 27 last
1016 3314 122 35 meeting
1161 3314 29 26 of
1216 3314 46 27 the
1286 3314 163 36 Inangahua

820 3352 108 34 County
941 3351 207 27 Council:—Re
1169 3351 26 28 J.
1210 3352 119 28 Cullen's
1350 3352 81 28 claim
1442 3362 6 24 ;

819 3389 133 36 proposed
973 3389 36 36 by
1030 3389 43 28 Cr.
1095 3389 150 36 Campbell,
1260 3391 133 27 seconded
1415 3392 34 35 by

820 3428 42 27 Cr.
878 3427 132 33 Gardner,
1025 3437 29 18 as
1074 3436 34 19 an
1128 3428 187 33 amendment,
1329 3429 62 29 that
1403 3429 46 28 the

820 3466 79 29 claim
914 3465 31 28 be
957 3468 49 27 not
1024 3465 131 35 allowed;
1174 3467 47 28 the
1241 3467 94 37 voting
1354 3477 36 19 on
1404 3468 45 28 the

820 3505 177 28 amendment
1008 3514 56 19 was
1086 3515 29 18 as
1136 3505 213 37 follows—Ayes
1360 3516 6 19 :
1389 3508 57 27 Crs.

820 3542 149 36 Campbell,
985 3542 132 31 Gardner,
1131 3543 127 33 Duncan,
1270 3544 54 27 and
1338 3544 94 36 Irving
1443 3553 6 24 ;

820 3588 81 22 noes:
930 3580 57 29 Crs.
1011 3580 125 34 Twohill,
1159 3581 106 37 Lynch,
1288 3582 88 35 Craig,
1397 3582 53 29 and

821 3620 157 35 M'Ginley;
998 3620 46 26 the
1064 3620 149 27 Chairman
1236 3631 67 24 gave
1324 3622 43 26 his
1387 3629 61 20 vote

820 3657 66 29 with
908 3657 46 29 the
975 3666 73 28 ayes,
1061 3657 54 28 and
1138 3657 122 29 declared
1282 3658 46 29 the
1341 3660 90 28 amend-

820 3700 77 24 ment
907 3696 111 28 carried.
1047 3696 83 28 From
1140 3697 28 28 J.
1180 3697 153 36 M'Gregor,
1344 3699 84 36 Hamp-

820 3735 61 33 den,
904 3733 140 43 enclo|ing
1066 3744 35 18 an
1123 3735 135 28 amended
1282 3742 115 22 account
1410 3737 41 28 for

820 3772 145 36 travelling
1005 3782 138 27 expenses,
1175 3773 54 28 and
1258 3775 132 36 referring
1419 3776 29 27 in

816 3811 107 35 jocular
952 3815 85 24 terms
1067 3814 27 24 to
1125 3811 46 28 the
1201 3811 100 30 refusal
1334 3813 30 28 of
1402 3814 47 27 the

821 3848 113 28 Council
959 3852 27 24 to
1011 3858 54 27 pay
1089 3849 47 28 the
1160 3850 51 27 full
1231 3850 89 28 claim.
1367 3851 83 28 From

821 3887 279 36 Surveyor-General,
1131 3887 139 35 enclosing
1300 3888 78 37 plans
1408 3890 42 28 for

820 3925 137 36 widening
980 3926 159 28 Murchison
1160 3927 75 32 road,
1255 3928 55 26 and
1331 3933 104 30 request-

820 3963 47 36 ing
889 3964 61 28 that
974 3963 46 29 the
1044 3964 78 37 plans
1144 3964 32 28 be
1196 3965 153 29 forwarded
1362 3972 27 22 to
1403 3967 45 28 the

821 4003 80 26 Chief
912 4003 145 34 Surveyor,
1072 4003 110 33 Nelson,
1192 4003 42 27 for
1246 4005 43 26 his
1311 4006 137 34 approval.

821 4040 82 28 From
924 4040 80 27 Chief
1024 4040 146 36 Surveyor,
1185 4041 111 34 Nelson,
1310 4044 141 34 returning

821 4079 76 37 plans
910 4078 66 38 duly
989 4079 137 37 approved
1147 4079 36 38 by
1200 4079 74 36 him;
1295 4081 43 29 Cr.
1352 4081 97 37 Lynch

821 4118 56 27 said
891 4118 61 28 that
964 4118 160 36 everything
1136 4118 81 36 being
1238 4129 61 19 now
1313 4121 83 35 ready
1409 4121 42 28 for

821 4156 45 28 the
891 4156 172 36 prosecution
1088 4157 31 27 of
1138 4157 47 27 the
1206 4158 75 27 work
1301 4158 34 27 he
1361 4159 88 27 would

821 4203 79 18 move
922 4193 60 28 that
1003 4194 109 27 tenders
1131 4194 33 28 be
1186 4195 85 28 called
1293 4196 139 28 forthwith
1444 4205 6 24 ;

821 4231 45 29 the
881 4231 148 28 Chairman
1051 4232 59 27 said
1131 4232 44 28 the
1197 4234 186 28 Government
1396 4235 53 27 had

820 4271 99 35 agreed
940 4274 27 23 to
988 4271 60 34 give
1071 4272 73 26 £SOO
1164 4272 118 27 towards
1303 4272 46 28 the
1368 4273 83 33 work,

821 4308 46 27 the
880 4308 68 27 total
961 4312 57 23 cost
1031 4307 31 28 of
1072 4309 87 27 which
1173 4309 91 28 would
1286 4310 31 27 be
1343 4311 19 28 £
1367 4312 66 26 1000
1444 4319 7 26 ;

821 4347 44 27 Cr.
879 4346 80 36 Craig
971 4347 134 27 seconded
1115 4347 46 27 the
1173 4348 111 32 motion,
1295 4348 89 28 which
1395 4358 55 18 was

821 4388 48 33 put
882 4385 54 28 and
949 4384 112 29 carried.
1098 4386 82 27 From
1194 4391 138 32 secretary
1345 4387 84 37 Hamp-

821 4424 52 28 den
895 4424 174 34 Athenisum,
1082 4424 138 36 enclosing
1240 4434 95 19 mines
1348 4426 30 27 of
1387 4427 46 26 sub-

822 4462 112 30 scribers
948 4467 27 24 to
987 4463 121 36 building
1120 4463 76 29 fund.
1234 4465 83 28 From
1331 4466 31 27 A.
1377 4466 32 27 A.
1425 4466 26 27 S.

824 4502 151 31 Menteath,
989 4502 126 33 M.H.R.,
1128 4512 29 17 re
1169 4502 76 27 track
1258 4503 71 27 from
1342 4504 111 35 Larry's

823 4539 85 29 Creek
922 4544 27 24 to
962 4539 58 29 Dee
1034 4539 67 34 Hill,
1115 4540 54 28 and
1182 4540 97 36 asking
1291 4540 42 28 for
1345 4542 105 27 further

823 4579 160 36 particulars
1004 4579 28 27 in
1055 4583 113 32 support
1190 4579 29 28 of
1237 4580 61 28 that
1310 4580 84 33 work,
1408 4581 29 27 ob-

819 4617 101 36 jection
934 4617 102 34 having
1053 4617 68 27 beeu
1134 4618 89 27 raised
1236 4618 35 35 by
1286 4619 46 26 the
1346 4619 90 34 depart-

823 4660 75 23 ment
912 4655 59 27 that
985 4655 45 28 the
1044 4655 76 28 track
1133 4655 121 36 running
1266 4657 112 35 parallel
1388 4657 64 28 with

824 4693 45 29 the
888 4693 137 37 Westport
1045 4693 67 28 road
1135 4694 88 27 would
1248 4699 48 23 not
1321 4704 68 27 open
1415 4705 36 27 up

823 4735 83 25 count
920 4742 18 26 y
960 4733 201 35 proportionate
1183 4737 28 23 to
1232 4738 75 29 cost;
1331 4743 27 18 re
1373 4735 78 27 horse

824 4770 91 35 bridge
940 4779 64 19 over
1028 4770 110 37 Larry's
1158 4770 94 33 Creek,
1276 4771 55 29 and
1352 4772 102 36 stating

824 4809 60 27 that
896 4809 75 26 there
985 4818 54 18 was
1051 4819 36 16 no
1102 4810 67 33 hope
1180 4808 31 28 of
1221 4810 138 34 provision
1373 4811 80 34 being

825 4845 125 29 obtained
963 4846 41 28 for
1015 4845 46 29 the
1074 4845 92 38 bridge
1180 4846 54 28 this
1254 4848 102 27 session
1368 4856 5 26 ;
1388 4848 65 28 with

825 4887 134 26 reference
979 4890 27 23 to
1027 4885 46 28 the
1096 4886 133 28 Cannibal
1254 4887 88 35 Gorge
1368 4887 85 33 track,

825 4923 52 27 and
891 4923 78 26 other
982 4923 109 35 County
1112 4928 122 27 matters,
1249 4924 44 27 Mr
1312 4925 141 28 Menteath

827 4961 88 28 writes
928 4961 60 28 that
1001 4970 104 19 success
1118 4961 29 28 in
1169 4961 141 37 obtaining
1322 4962 52 29 due
1389 4973 45 18 con-

825 5000 146 28 sideratiuii
989 5000 41 27 for
1051 5000 75 27 these
1148 5000 89 27 works
1250 5010 56 18 was
1319 5001 134 36 impeded,

825 5049 80 27 every
918 5038 165 38 application
1098 5039 80 37 being
1197 5043 58 25 met
1268 5040 65 29 with
1348 5044 46 25 the
1408 5040 29 29 ob-

820 5079 101 35 jection
936 5078 35 35 by
985 5078 45 28 the
1044 5078 187 28 Government
1245 5079 60 27 that
1323 5089 29 18 as
1373 5080 81 27 much

825 5116 28 28 of
863 5116 45 28 the
922 5116 65 28 land
1000 5116 30 28 of
1048 5116 47 29 the
1108 5116 108 37 County
1239 5117 89 28 would
1349 5117 106 37 shortly

825 5165 62 27 pass
899 5156 58 26 into
970 5155 46 27 the
1031 5155 86 28 hands
1129 5155 30 27 of
1178 5155 45 28 the
1237 5155 122 35 Railway
1375 5157 58 27 Com-

825 5203 82 26 pany,
929 5193 117 35 nothing
1065 5193 79 27 could
1164 5193 31 28 be
1209 5193 70 28 done
1293 5194 33 35 by
1340 5195 47 26 the
1401 5195 34 27 Go-

826 5236 150 23 vernment.
1014 5231 82 28 From
1112 5232 31 28 A.
1157 5231 93 34 Rowe,
1263 5242 30 19 re
1314 5232 99 29 refusal
1427 5232 28 28 of

825 5271 113 27 Council
959 5275 28 23 to
1009 5271 127 28 continue
1157 5271 111 35 subsidy
1287 5276 27 23 to
1340 5272 57 27 him
1415 5273 40 26 for

825 5308 92 36 bridge
931 5311 28 24 at
972 5309 157 35 Hampden,
1143 5309 54 28 and
1218 5309 96 36 asking
1334 5311 41 26 for
1387 5320 15 17 a
1416 5320 25 17 re-

826 5346 198 28 consideration
1034 5348 29 26 of
1073 5346 42 29 his
1129 5347 81 29 claim
1222 5355 5 26 ;
1248 5348 45 27 the
1305 5348 148 27 Chairman

826 5394 55 18 saw
903 5394 36 18 no
961 5394 95 18 reason
1079 5386 41 27 for
1133 5385 44 28 the
1192 5386 157 36 re-opening
1362 5387 32 28 of
1410 5387 45 28 the

826 5426 116 31 matter;
971 5431 16 19 a
1006 5423 69 36 good
1096 5423 77 28 horse
1192 5424 91 35 bridge
1309 5424 54 28 had
1389 5424 66 29 been

827 5462 104 28 erected
954 5466 52 24 two
1028 5462 77 28 miles
1129 5462 72 29 from
1227 5463 104 29 Rowe's
1353 5464 101 37 bridge,

827 5500 54 25 and
894 5500 46 25 the
953 5500 81 25 latter
1048 5509 54 17 was
1113 5510 34 17 no
1162 5502 93 32 longer
1272 5502 30 25 of
1321 5502 134 27 sufficient

828 5544 46 19 use
888 5539 26 23 to
928 5535 93 28 entitle
1035 5536 81 27 Rowe
1129 5542 27 21 to
1166 5537 125 35 subsidy;
1306 5538 43 27 Cr.
1362 5538 93 37 Lynch

828 5574 58 28 said
899 5575 82 27 Rowe
994 5574 54 28 had
1061 5576 122 34 recently
1197 5577 138 35 expended
1356 5588 15 17 a
1392 5588 48 17 con-

828 5612 132 28 siderable
974 5621 61 19 sum
1057 5622 34 18 on
1112 5613 45 28 the
1178 5614 92 34 bridge
1290 5616 28 27 in
1340 5616 45 27 the
1408 5616 47 27 full

828 5652 80 27 belief
929 5653 60 27 that
1013 5652 46 27 the
1083 5652 110 36 subsidy
1217 5655 90 27 would
1332 5654 32 29 be
1395 5664 46 19 con-

827 5690 104 33 tinued,
945 5690 53 27 and
1013 5690 105 28 neither
1137 5690 88 30 before
1238 5701 51 18 nor
1301 5693 98 33 during
1411 5693 46 27 the

828 5739 93 18 course
943 5729 29 28 of
994 5728 60 29 that
1076 5728 93 37 outlay
1191 5739 55 19 was
1268 5730 33 29 he
1322 5732 135 27 informed

828 5766 61 28 that
902 5767 45 27 the
967 5766 113 36 subsidy
1099 5768 89 27 would
1209 5768 31 27 be
1262 5770 112 35 stopped
1387 5777 6 26 ;
1413 5770 45 26 the

829 5805 92 33 bridge
952 5816 55 18 was
1038 5806 43 28 500
1081 5806 29 28 ft
1150 5806 80 36 long;
1267 5807 44 28 Cr.
1343 5808 115 28 Twohill

829 5843 119 31 thought
978 5843 83 27 Howe
1092 5844 98 27 should
1229 5844 69 27 have
1337 5846 121 26 received

1456 233 74 18 some
1554 224 158 27 reasonable
1735 229 46 22 not
1785 224 3 27 :
1794 234 28 17 ce
1846 225 29 26 of
1898 224 44 27 the
1954 224 135 27 intention

1455 266 27 23 to
1498 269 60 28 stop
1572 264 46 25 the
1632 262 111 35 subsidy
1756 271 5 24 ;
1783 264 26 26 It
1829 272 56 19 was
1904 264 89 26 unfair
2007 266 26 24 to
2047 269 43 21 act

1456 301 117 27 without
1586 301 157 27 reasonable
1757 301 99 33 notice,
1866 302 53 26 and
1932 301 33 27 he
1975 301 117 36 thought

1460 339 80 25 Howe
1554 338 53 26 had
1622 347 13 16 a
1648 339 70 31 good
1740 339 81 25 claim
1835 343 27 22 to
1876 339 198 26 consideration
2085 347 7 19 ;

1457 375 34 30 lie
1505 375 98 29 moved
1617 375 61 29 that
1692 375 105 29 flowe's
1817 375 82 29 claim
1921 377 42 28 for
1984 377 27 28 i'
2011 377 27 28 33
2061 375 31 29 be

1457 414 73 36 paid,
1544 415 62 28 that
1625 415 81 35 being
1723 415 45 28 the
1782 424 60 19 sum
1857 415 140 35 expended
2011 415 29 28 in
2053 425 25 18 re-

1457 453 72 35 pairs
1539 461 6 24 ;
1566 452 42 28 Cr.
1624 453 96 34 Lynch
1744 453 134 27 seconded
1897 454 47 26 the
1967 454 103 26 motion
2083 461 6 25 ;

1459 490 45 28 the
1525 490 150 28 Chairman
1697 490 58 28 said
1781 490 82 29 llowe
1886 492 122 27 received
2031 501 15 18 a
2063 490 19 28 li-

1458 538 79 18 cense
1550 529 41 27 for
1606 530 36 27 £1
1657 539 48 26 per
1718 539 104 17 annum
1845 530 28 26 in
1895 530 197 27 consideration

1459 567 40 28 for
1521 567 45 28 the
1591 568 181 27 convenience
1794 567 120 28 afforded
1934 568 46 28 the
2003 567 89 36 public

1458 605 35 35 by
1505 605 60 26 him
1577 614 6 23 ;
1603 605 43 26 Cr.
1662 605 124 26 Gardner
1799 605 58 27 said
1878 606 33 27 he
1933 606 89 26 would
2045 615 30 25 op-

1458 651 64 27 pose
1538 651 54 25 any
1606 642 105 27 further
1725 652 61 17 sum
1797 642 80 35 being
1886 643 64 35 paid
1961 647 27 23 to
1999 643 92 30 Rowe,

1459 681 61 28 who
1543 680 54 29 had
1618 680 67 29 been
1705 690 65 28 very
1793 680 123 38 liberally
1937 680 105 30 treated
2060 681 34 37 by

1460 720 46 27 the
1520 720 114 27 Council
1647 721 41 26 for
1706 730 79 25 years
1808 725 75 30 past;
1904 722 33 25 he
1951 722 100 26 moved
2066 730 28 17 as

1460 767 35 19 ail
1519 756 180 30 amendment
1718 758 61 28 that
1801 758 47 29 the
1870 758 112 37 petition
2000 758 31 28 be
2047 763 47 23 not

1460 797 139 34 received;
1620 797 47 28 the
1689 798 179 28 amendment
1889 807 56 19 was
1967 802 49 32 put
2041 797 53 29 and

1460 835 115 34 carried,
1599 836 47 26 the
1671 836 96 35 voting
1802 835 195 37 being—ayes:
2034 836 56 27 Crs.

1462 875 124 32 Duncan,
1608 874 151 37 Campbell,
1782 875 132 33 Gardner,
1934 875 89 36 Craig,
2039 873 53 29 and

1463 915 46 26 the
1532 913 146 27 Chairman
1690 922 6 23 ;
1725 922 81 18 noes:
1827 915 56 25 Crs.
1906 914 114 26 Twohill
2042 914 53 26 and

1463 951 114 37 Lynch;
1603 950 124 28 resolved
1750 959 35 19 on
1806 951 54 28 the'
1878 951 104 28 motion
2005 950 29 27 of
2052 951 43 26 Cr.

1464 990 95 28 Lvnch
1574 989 60 29 that
1653 1000 16 17 a
1689 1000 60 17 sum
1772 990 30 27 of
1821 991 37 27 £5
1882 990 33 28 be
1937 989 112 35 granted
2069 995 26 22 to

1463 1029 42 28 W.
1523 1029 115 32 Hunter,
1653 1028 157 36 Hampden,
1824 1029 42 27 for
1886 1029 66 27 road
1973 1028 121 36 repairs;

1465 1068 45 28 the
1523 1071 153 23 contractor
1688 1072 40 21 tor
1739 1067 191 27 maintenance
1942 1067 29 27 of
1982 1066 114 28 Newton

1464 1105 98 35 Bridge
1576 1113 55 19 was
1644 1104 143 36 requested
1806 1109 27 23 to
1847 1114 113 26 arrange
1975 1104 63 28 with
2055 1104 42 26 Mr

1464 1144 103 28 Oxnam
1583 1143 40 27 for
1641 1143 113 35 injuries
1776 1143 131 33 received,
1921 1143 54 28 and
1990 1152 55 18 was
2058 1151 25 19 re-

1465 1181 110 28 minded
1589 1181 59 27 that
1662 1182 33 26 lie
1716 1181 23 27 is
1763 1181 165 35 responsible
1940 1190 7 24 ;
1967 1181 130 35 proposed

1466 1221 34 36 by
1519 1221 44 27 Cr.
1577 1219 108 35 Lynch,
1700 1219 135 28 seconded
1858 1219 35 37 by
1915 1219 43 28 Cr.
1973 1218 123 34 Twohill,

1465 1259 53 27 and
1541 1258 112 31 carried,
1668 1259 60 25 that
1810 1258 31 27 be
1864 1258 140 35 expended
2017 1259 30 26 in
2059 1268 26 16 re-

1467 1297 69 36 pairs
1549 1301 28 22 to
1591 1295 65 28 road
1670 1295 68 28 from
1762 1295 92 28 White
1876 1296 90 27 Horse
1986 1296 111 26 Terrace

1465 1343 27 20 to
1507 1334 163 29 Matakitaki
1684 1335 77 27 Plain
1773 1343 7 25 ;
1799 1334 123 28 resolved
1940 1334 61 28 that
2012 1335 38 28 £2
2063 1334 31 28 be

1465 1373 140 36 expended
1632 1372 42 28 for
1697 1372 75 28 hand
1796 1372 50 28 rail
1877 1381 64 19 over
1969 1372 126 28 Six-Mile

1465 1411 95 34 Creek,
1575 1410 149 37 Hampden
1737 1419 6 25 ;
1763 1410 123 29 resolved
1897 1412 60 27 that
1967 1411 28 27 in
2010 1412 87 26 future

1465 1456 167 22 contractors
1654 1459 53 26 pay
1728 1450 35 27 all
1787 1459 129 26 expenses
1930 1449 126 28 incurred
2069 1449 27 27 in

1465 1489 142 33 obtaining
1639 1497 143 26 necessary
1807 1489 152 33 signatures
1987 1492 26 24 to
2038 1497 45 18 con-

1467 1531 92 23 tracts.

1467 1612 92 27 EAST
1573 1611 79 26 AND
1667 1611 105 27 WEST
1786 1612 114 26 COAST
1914 1612 77 26 AND
2012 1612 65 26 NEL-

1548 1649 67 28 SON
1637 1649 178 27 MIDLAND
1836 1649 184 28 RAILWAY.

1501 1735 50 29 We
1565 1739 102 23 extract
1681 1735 45 27 the
1737 1734 140 35 following
1888 1736 69 26 from
1973 1736 45 27 the
2027 1736 72 27 Hon.

1468 1774 34 27 E.
1532 1774 196 28 Richardson's
1759 1773 94 29 Public
1885 1774 98 28 Works
2015 1774 70 28 State-

1469 1817 75 22 ment
1554 1820 42 19 :

1503 1851 57 28 The
1591 1851 103 36 subjgct
1724 1851 30 28 of
1782 1850 46 29 the
1859 1851 186 28 construction
2072 1851 30 28 of

1469 1889 55 28 this
1545 1889 113 37 railway
1672 1889 49 27 has
1741 1890 66 27 been
1822 1898 28 19 so
1871 1890 69 35 fully
1963 1890 136 27 discussed

1469 1929 28 27 in
1511 1928 53 28 this
1587 1928 94 28 House
1702 1927 60 29 that
1774 1929 21 27 it
1817 1927 22 28 is
1853 1937 184 26 unnecessary
2061 1928 42 28 for

1469 1975 44 18 me
1528 1968 26 25 to
1568 1966 80 26 make
1663 1966 83 26 much
1757 1966 136 27 reference
1904 1970 26 23 to
1940 1968 21 26 it
1970 1966 129 33 .to-night.

1472 2004 48 34 My
1533 2004 111 35 opinion
1657 2013 29 19 as
1701 2010 26 22 to
1741 2004 46 28 the
1810 2003 197 29 desirableness
2020 2004 31 28 of
2068 2004 34 28 its

1470 2043 183 28 construction
1685 2043 23 26 is
1738 2042 61 28 well
1830 2042 110 34 known,
1954 2042 55 28 and
2040 2051 62 19 ever

1470 2083 73 27 since
1558 2081 46 28 the
1618 2081 94 28 Public
1736 2081 96 28 Works
1851 2081 110 29 scheme
1983 2081 117 36 brought

1470 2120 116 28 forward
1599 2119 37 37 by
1650 2129 46 27 my
1715 2119 65 28 lion,
1792 2119 139 36 colleague
1956 2121 43 26 Sir
2011 2120 90 27 Julius

1470 2159 86 33 Vogel
1569 2159 28 26 in
1613 2159 75 32 1870,
1703 2159 13 26 I
1730 2159 69 27 have
1813 2159 81 27 taken
1909 2168 81 26 every
2007 2168 79 26 oppor-

1472 2197 89 36 tunity
1576 2196 60 28 that
1651 2196 49 28 has
1723 2196 98 28 offered
1846 2196 75 28 itself
1931 2200 28 24 to
1982 2200 122 32 promote

1470 2236 113 35 railway
1609 2236 185 28 construction
1820 2235 121 29 between
1966 2235 45 29 the
2034 2236 67 28 East

1471 2274 54 25 and
1546 2274 76 25 West
1642 2274 94 25 Coasts
1756 2274 31 25 of
1807 2274 47 25 the
1877 2274 103 25 Middle
2001 2274 103 26 Island.

1472 2311 26 28 It
1512 2318 55 20 was
1580 2309 144 36 suggested
1738 2314 27 24 to
1780 2319 43 19 me
1837 2309 188 38 immediately
2036 2309 69 29 after

1472 2351 52 26 last
1538 2349 102 28 session
1653 2349 62 28 that
1728 2349 78 28 fuller
1829 2349 54 28 and
1895 2359 76 18 more
1994 2349 110 28 reliable

1472 2387 176 29 information
1660 2397 29 18 as
1698 2392 26 23 to
1735 2387 47 28 the
1792 2397 138 18 resources
1944 2387 53 28 and
2008 2393 96 22 nature

1472 2429 30 26 of
1512 2428 45 27 the
1573 2432 116 31 country
1708 2427 98 28 should
1819 2427 31 28 be
1863 2427 132 36 procured
2008 2427 28 28 in
2059 2427 46 28 the

1472 2469 81 23 event
1566 2465 29 27 of
1616 2465 135 35 anything
1764 2465 141 33 occurring
1926 2469 28 23 to
1967 2474 80 18 cause
2060 2465 45 27 the

1473 2507 121 26 contract
1629 2512 62 20 now
1721 2503 111 38 happily
1869 2502 97 30 settled
1996 2507 28 25 to
2059 2502 47 30 fall

1472 2544 129 34 through,
1615 2543 54 27 and
1694 2544 135 26 therefore
1855 2544 15 26 I
1890 2543 150 27 instructed
2064 2543 43 27 Mr

1472 2580 85 32 Blair,
1588 2580 136 27 Assistant
1766 2579 281 34 Engineer-in-Chief,
2078 2587 27 19 to

1473 2619 63 26 visit
1549 2617 47 28 the
1618 2618 112 27 District
1752 2617 54 28 and
1829 2628 26 17 re
1877 2621 42 24 orfc
1941 2627 75 18 more
2037 2617 69 36 fully

1474 2655 64 27 than
1550 2655 56 26 had
1616 2655 65 26 been
1695 2655 156 36 previously
1860 2655 78 31 done,
1950 2655 54 26 and
2013 2655 94 27 collect

1474 2693 66 29 such
1552 2693 178 28 information
1743 2703 29 18 as
1784 2693 90 28 would
1884 2692 130 38 probably
2025 2692 32 29 be
2065 2703 26 18 re-

1474 2732 94 34 quired
1583 2732 35 34 by
1632 2733 165 25 Parliament
1810 2733 29 25 in
1852 2742 60 16 case
1925 2732 46 26 the
1985 2733 103 25 Govern-

1476 2773 76 23 ment
1573 2769 54 27 had
1646 2768 82 28 asked
1741 2768 41 28 for
1804 2779 16 17 a
1842 2775 62 21 vote
1924 2769 40 27 for
1977 2768 47 28 the
2046 2778 45 18 con-

1475 2809 128 26 struction
1617 2808 29 27 of
1657 2808 54 27 this
1724 2808 63 28 line.
1824 2808 57 27 The
1897 2812 89 31 report
2007 2807 56 28 will
2076 2807 31 29 be

1476 2855 64 25 very
1554 2846 96 31 useful,
1664 2846 54 27 and
1732 2846 46 27 the
1796 2855 78 27 maps
1888 2846 128 30 attached
2038 2850 27 23 to
2087 2846 20 27 it

1475 2884 54 28 will
1543 2884 65 32 also,
1622 2884 13 27 I
1656 2893 46 18 am
1716 2893 69 24 sure,
1799 2884 32 28 be
1860 2893 66 27 very
1947 2885 161 35 interesting

1475 2926 27 23 to
1516 2922 64 27 lion,
1594 2922 145 32 members,
1754 2922 54 27 and
1821 2923 30 26 of
1861 2926 76 29 great
1950 2932 100 17 service
2069 2922 40 27 for

1475 2960 88 27 future
1578 2959 144 29 reference.
1759 2960 57 27 The
1830 2960 58 27 first
1902 2960 29 27 of
1943 2960 73 27 these
2031 2968 77 28 mftps

1475 2998 89 29 shows
1594 2998 47 28 the
1672 3003 109 31 present
1806 2999 169 28 settlements
2004 2999 30 28 in
2051 2998 58 32 jfche

1476 3041 115 32 country
1603 3045 6 25 ;
1629 3036 46 28 the
1700 3038 98 26 second
1823 3038 47 27 the
1895 3037 163 36 description
2081 3037 32 27 of

1476 3075 80 28 land:
1571 3075 72 28 third
1654 3075 163 37 description
1829 3076 53 27 and
1891 3085 64 18 area
1962 3076 29 27 of
1998 3075 111 34 forests;

1476 3114 53 26 and
1540 3114 90 26 fourth
1640 3114 130 26 localities
1780 3114 30 27 of
1817 3115 102 25 several
1930 3113 178 35 descriptions

1476 3151 31 29 of
1518 3152 129 28 minerals
1660 3161 29 18 as
1702 3152 40 28 far
1756 3161 29 19 as
1797 3153 23 27 is
1833 3156 28 24 at
1877 3156 110 34 present
2010 3151 99 29 known

1477 3191 167 35 throughout
1669 3191 46 28 the
1740 3191 113 29 district.
1904 3192 41 28 On
1972 3191 37 28 all
2034 3191 76 28 these

1477 3238 78 26 maps
1568 3230 45 27 the
1627 3230 125 35 railways
1772 3230 180 31 constructed,
1966 3231 28 26 in
2016 3239 93 18 course

1476 3268 29 27 of
1516 3266 191 33 construction,
1723 3267 54 28 and
1791 3267 69 28 lines
1873 3276 61 19 now
1948 3267 86 28 under
2047 3276 45 18 con-

1477 3309 78 28 tract,
1578 3314 30 18 as
1630 3306 60 26 well
1711 3316 29 17 as
1763 3306 76 27 those
1862 3306 67 27 lines
1951 3306 90 28 which
2064 3306 45 26 the

1477 3343 188 28 Government
1675 3343 137 29 considers
1825 3344 54 28 will
1893 3344 31 27 be
1942 3343 125 37 required
2083 3344 27 26 in

1477 3382 46 27 the
1547 3381 132 27 northern
1703 3387 61 30 part
1785 3383 29 27 of
1824 3382 46 28 the
1890 3382 102 28 Middle
2016 3382 93 28 Island

1477 3429 44 19 are
1547 3419 100 36 clearly
1671 3420 123 28 marked.
1843 3421 66 27 This
1933 3424 92 33 report
2044 3419 66 29 with

1477 3468 78 26 maps
1569 3458 56 27 will
1639 3459 31 27 be
1681 3459 108 36 printed
1801 3460 54 27 and
1867 3459 54 28 laid
1935 3469 35 18 on
1982 3459 45 28 the
2038 3459 71 28 table

1477 3497 28 28 in
1519 3508 16 18 a
1548 3497 54 36 day
1615 3506 30 20 ar
1661 3501 62 25 two.
1761 3498 73 29 lam
1856 3508 62 19 now
1937 3497 123 38 justified
2081 3498 28 27 in

1477 3545 157 25 expressing
1646 3545 16 17 a
1675 3537 70 34 hope
1760 3537 60 26 that
1833 3537 88 26 before
1942 3537 47 26 the
2011 3537 96 26 House

1478 3577 86 24 meets
1577 3576 64 24 next
1653 3582 75 27 year,
1741 3573 88 30 works
1843 3583 34 19 on
1892 3574 54 28 this
1959 3579 77 31 great
2045 3574 50 27 rail-

1478 3622 60 25 way
1552 3612 54 28 will
1623 3612 31 27 be
1663 3612 80 36 fairly
1756 3613 109 28 started.
1904 3614 33 27 In
1949 3613 161 28 connection

1477 3650 66 28 with
1558 3650 55 27 this
1636 3651 113 36 railway
1763 3652 20 26 it
1805 3661 22 17 is
1850 3652 132 35 proposed
1998 3656 29 22 to
2050 3660 46 18 con-

1477 3692 85 25 struct
1592 3688 134 29 branches
1761 3689 71 29 from
1862 3689 47 29 the
1946 3689 165 36 Inangahua

1477 3728 131 27 Junction
1621 3730 27 25 to
1666 3727 143 36 VVestport,
1820 3728 54 28 and
1884 3728 70 27 from
1965 3728 146 35 Tophouse

1479 3770 27 23 to
1519 3765 157 33 Blenheim,
1691 3765 47 28 but
1751 3775 29 19 as
1794 3766 107 28 neither
1914 3766 30 28 of
1954 3766 75 28 these
2043 3766 69 27 lines

1478 3805 69 28 have
1562 3813 28 18 as
1603 3810 47 28 yet
1671 3804 69 27 been
1762 3805 133 35 surveyed
1915 3805 41 27 for
1980 3807 132 29 contract,

1477 3843 21 26 it
1511 3842 90 27 would
1614 3845 48 23 not
1676 3842 31 27 be
1721 3842 116 36 possible
1862 3847 28 23 to
1914 3843 35 26 do
1963 3852 55 26 any
2039 3842 74 27 work

1478 3889 72 27 upon
1564 3880 75 28 them
1663 3880 97 28 within
1783 3883 46 26 the
1850 3883 109 33 present
1981 3880 131 28 financial

1477 3929 73 26 year,
1564 3918 55 28 and
1633 3918 14 27 I
1662 3918 135 29 therefore
1811 3920 65 35 only
1888 3929 115 26 propose
2017 3923 26 24 to
2065 3918 48 28 ask

1477 3957 42 27 for
1550 3956 136 28 sufficient
1716 3957 141 36 authority
1888 3962 28 23 to
1942 3957 95 28 enable
2065 3957 46 28 the

1479 4005 142 25 necessary
1635 4005 114 25 surveys
1763 3996 55 27 this
1831 4005 74 25 year.

1657 4081 274 30 ARRIVAL

1745 4138 33 19 OF
1797 4139 55 18 THE

1480 4178 99 40 SAN
1629 4177 300 41 FRANCISCO
1987 4179 128 40 MAIL

1590 4240 58 27 AT
1693 4239 307 30 AUCKLAND.

1791 4299 16 20 o

1567 4341 157 36 (European
1737 4340 76 28 dates
1827 4344 27 24 to
1871 4340 72 28 June
1957 4341 68 36 4th.)

1513 4389 58 28 The
1593 4387 141 29 workmen
1757 4387 146 37 employed
1919 4391 28 24 at
1960 4388 46 28 the
2021 4389 92 35 Queen

1479 4427 95 29 Island
1595 4427 83 37 yards
1699 4427 126 28 attacked
1849 4436 34 19 on
1908 4427 72 28 June
2002 4429 47 27 4th
2069 4429 46 28 the

1479 4467 111 28 navvies
1612 4466 145 37 employed
1779 4466 36 37 by
1835 4466 47 28 the
1907 4467 109 28 Harbor
2035 4468 58 29 Com-

1479 4506 165 31 missioners,
1660 4506 203 34 overpowering
1884 4506 76 26 them
1974 4507 54 26 and
2041 4507 57 26 beat-

1479 4544 47 35 ing
1539 4542 76 29 them
1628 4542 92 37 badly,
1734 4542 54 28 and
1811 4543 82 27 drove
1907 4543 74 28 them
1996 4544 58 28 into
2067 4544 47 28 the

1480 4587 91 23 water.
1611 4582 28 27 It
1652 4592 55 17 was
1720 4581 67 29 with
1797 4582 45 28 the
1853 4585 117 32 greatest
1982 4582 133 38 difficulty

1480 4621 60 27 that
1550 4621 47 27 the
1608 4620 116 35 injured,
1733 4620 157 32 exhausted,
1898 4621 56 27 and
1964 4622 151 35 struggling

1480 4667 68 19 were
1561 4659 121 27 rescued.
1719 4658 58 28 The
1792 4659 172 32 Orangemen
1976 4659 80 28 made
2067 4660 46 27 the

1481 4697 102 28 assault
1597 4697 113 28 because
1729 4697 46 28 the
1797 4697 122 35 navvies,
1933 4697 21 28 it
1966 4699 23 26 is
2002 4699 112 35 alleged,

1480 4736 55 27 had
1557 4736 155 36 previously
1733 4736 125 27 attacked
1881 4746 76 18 some
1975 4737 138 36 Royalists

1481 4774 40 27 for
1533 4774 140 36 aspersing
1686 4774 47 27 the
1748 4774 90 27 Home
1853 4774 69 27 Rule
1945 4779 166 24 movement.

1482 4813 84 27 Great
1590 4814 163 26 excitement
1782 4813 138 34 prevailed
1945 4823 103 26 among
2067 4814 46 27 the

1480 4850 70 28 local
1578 4850 137 27 Catholics
1740 4850 28 27 in
1800 4859 187 27 consequence
2013 4852 29 27 of
2069 4851 45 28 the

1480 4889 101 29 attack.
1618 4889 58 27 The
1691 4889 173 34 Orangeman
1875 4889 152 29 numbered
2037 4892 77 31 2000,

1480 4927 55 26 and
1548 4927 45 26 the
1607 4928 112 25 navvies
1733 4927 47 26 but
1800 4928 118 25 1000—a
1929 4929 144 32 repetition
2087 4930 29 25 of

1480 4965 46 28 the
1557 4964 139 29 historical
1726 4963 76 30 riots.
1856 4964 157 29 Policemen
2045 4965 69 38 fully

1481 5003 94 27 armed
1589 5003 133 35 patrolled
1734 5003 47 27 the
1794 5003 63 35 city,
1869 5003 54 26 and
1934 5003 46 27 the
1992 5004 122 36 military

1481 5052 69 19 were
1563 5041 62 30 held
1639 5042 29 28 in
1688 5041 139 30 readiness
1839 5040 97 30 within
1960 5041 72 31 their
2054 5042 44 30 bar-

1481 5081 87 27 racks.
1618 5081 96 35 Thirty
1740 5080 136 28 Catholics
1901 5090 70 18 were
1997 5082 116 32 iniured,

1483 5119 54 28 and
1551 5120 32 27 12
1595 5128 70 19 were
1679 5118 81 29 taken
1773 5121 29 25 to
1816 5118 45 28 the
1884 5118 127 37 hospital.
2058 5120 56 28 The

1481 5158 72 34 body
1566 5158 29 27 of
1604 5158 96 28 James
1713 5157 94 35 Corry,
1821 5166 51 18 one
1886 5157 29 27 of
1925 5158 46 27 the
1993 5159 121 33 navvies,

1482 5196 61 27 who
1557 5205 56 17 was
1626 5195 114 34 missing
1753 5195 40 27 for
1806 5205 15 17 a
1835 5195 75 30 time,
1925 5195 49 27 has
1988 5196 66 28 been
2068 5206 26 18 re-

1482 5234 120 28 covered.
1650 5234 43 27 He
1707 5242 55 19 was
1776 5233 46 28 the
1836 5232 55 29 sole
1906 5238 114 32 support
2032 5235 30 27 of
2071 5234 43 28 his

1482 5273 97 27 widow
1601 5273 115 27 mother.

1518 5312 185 26 Boucicanlt's
1716 5310 58 26 first
1786 5309 137 36 reception
1936 5320 36 17 on
1986 5311 129 35 reaching

1483 5349 124 33 London,
1622 5358 61 27 says
1699 5358 16 18 a
1734 5347 122 36 dispatch
1871 5347 32 28 of
1922 5348 66 36 May
2002 5350 41 31 21,
2057 5359 56 18 was

1482 5388 36 35 by
1528 5397 15 18 a
1556 5388 139 27 constable
1709 5387 91 28 officer
1813 5387 109 35 serving
1935 5396 16 18 a
1965 5397 144 19 summons

1482 5427 41 27 for
1553 5426 108 27 divorce
1686 5428 27 25 at
1739 5425 45 27 the
1815 5424 124 29 instance
1965 5425 30 28 of
2024 5427 91 35 Agnes

1484 5465 152 28 Robertson
1659 5463 171 34 Boucicault,
1843 5462 87 31 under
1949 5464 46 30 the
2021 5464 93 30 advice

1483 5504 29 25 of
1522 5504 71 25 their
1607 5503 130 28 children,
1753 5503 89 25 whose
1860 5503 147 31 birthright
2028 5504 24 26 is
2064 5504 34 25 im-

1485 5539 108 37 pugned
1606 5539 34 35 by
1652 5538 45 28 the
1712 5538 156 28 Australian
1888 5540 133 36 marriage
2044 5548 56 19 cere-

1485 5588 89 26 mony.
1615 5578 26 27 It
1654 5578 22 27 is
1690 5576 58 29 said
1771 5576 61 29 that
1843 5586 47 19 use
1912 5578 57 28 will
1981 5578 32 29 be
2035 5578 81 28 made

1485 5617 29 28 of
1524 5616 183 28 Boucicanlt's
1722 5615 120 28 affidavit
1855 5615 131 39 charging
1998 5617 61 28 that
2068 5616 45 28 the

1485 5656 58 28 first
1560 5657 135 33 marriage
1716 5654 23 28 is
1762 5654 77 34 legal.
1889 5655 66 29 New
1978 5656 72 29 York
2063 5655 39 29 dis-

1487 5694 153 36 tinguished
1654 5693 110 28 counsel
1777 5703 45 16 are
1836 5694 141 35 employed
2000 5695 35 35 by
2058 5695 57 26 Mrs

1486 5732 170 29 Boucicault.
1693 5731 56 29 The
1759 5731 101 29 friends
1874 5733 30 27 of
1912 5733 45 28 the
1970 5733 146 29 defendant

1486 5780 48 27 say
1570 5771 60 28 that
1666 5771 46 26 the
1744 5771 53 26 suit
1827 5771 54 26 will
1918 5771 32 28 be
1979 5773 137 26 contested

1486 5809 131 35 strongly.

1522 5848 48 24 Dr.
1592 5848 88 25 Knox,
1692 5846 96 33 bishop
1810 5847 31 25 of
1859 5848 148 31 Dornwell,
2018 5849 98 26 Down.

2122 222 55 30 will
2194 220 33 30 be
2258 220 47 28 the
2330 229 61 19 new
2421 219 158 30 Protestant
2607 220 97 39 bishop
2729 222 28 29 of

2123 260 118 28 Ireland.

2155 300 41 27 On
2218 298 65 36 May
2307 296 64 29 lltli
2393 295 45 29 the
2462 295 149 30 Commons
2631 298 124 36 repealed

2120 339 45 26 the
2180 337 105 26 motion
2301 339 27 23 to
2341 334 106 27 abolish
2461 335 100 34 capital
2570 337 181 33 punishment

2121 376 33 36 by
2168 384 16 19 a
2197 379 61 23 vote
2273 372 29 28 of
2314 373 48 27 117
2377 375 28 24 to
2424 372 42 27 62.

2153 415 36 27 At
2201 414 53 27 last
2269 416 103 32 reports
2386 410 107 29 cholera
2506 410 23 30 is
2544 412 125 36 reported
2683 415 26 26 to
2723 412 32 30 be

2120 462 33 18 on
2182 452 44 26 the
2251 452 121 26 increase
2395 451 29 25 in
2450 450 96 33 Rome,
2567 452 111 33 Venice,
2701 452 54 27 and

2121 488 131 32 Brindisi.

2154 529 58 27 The
2227 528 95 27 Prince
2337 527 29 28 of
2379 525 90 29 Wales
2483 527 123 28 declined
2620 532 28 23 to
2661 528 93 28 attend

2120 568 46 28 the
2198 565 150 29 Gladstone
2375 564 95 29 dinner
2501 575 34 18 on
2561 566 47 28 the
2640 566 115 35 Queen's

2121 605 136 34 birthday.
2294 604 57 27 The
2365 604 99 26 refusal
2486 604 101 27 caused
2601 614 74 18 some
2698 614 42 18 sur-

2122 643 79 36 prise.

2155 680 57 29 The
2226 679 88 29 infant
2328 688 47 20 son
2391 682 26 25 ot
2433 678 45 28 the
2492 678 94 36 Queen
2600 679 107 34 Regent
2729 683 26 25 of

2123 722 83 34 Spain
2220 730 55 16 was
2289 718 154 28 christened
2457 728 35 18 on
2509 720 65 35 May
2593 720 38 28 '27
2631 720 26 28 th
2681 720 74 27 amid

2121 762 75 33 great
2203 756 139 37 rejoicing.
2380 756 61 27 Don
2450 756 94 28 Carlos
2552 757 50 27 has
2610 757 145 38 published

2123 809 14 17 a
2148 797 146 29 manifesto
2309 795 172 38 repudiating
2494 796 55 29 this
2571 796 182 37 posthumous

2122 836 74 28 child
2219 835 29 27 of
2266 836 122 31 Alfonso,
2402 835 54 26 and
2480 835 139 34 declaring
2641 836 60 26 that
2723 836 32 27 he

2123 874 54 28 will
2191 882 83 20 never
2287 882 134 20 renounce
2434 872 44 29 his
2491 883 61 19 own
2572 874 72 36 right
2659 879 27 24 to
2709 875 46 28 the

2122 915 108 25 throne.

2159 951 99 27 Mount
2271 950 74 27 Etna
2366 958 56 19 was
2443 950 28 27 in
2486 951 125 36 eruption
2630 960 35 18 on
2691 951 64 33 May

2123 992 42 26 22.
2209 988 177 38 Earthquake
2409 989 99 28 shocks
2530 1000 68 19 were
2621 989 133 39 frequent.

2123 1029 57 27 The
2193 1028 169 28 inhabitants
2375 1028 52 27 had
2449 1028 53 27 fled
2515 1030 71 26 from
2611 1030 144 33 Miolosise,

2124 1076 66 19 near
2203 1066 123 34 Catania,
2340 1066 89 28 before
2441 1066 46 29 the
2498 1070 100 25 stream
2613 1068 30 28 of
2654 1069 101 27 molten

2125 1106 69 26 lava.

2159 1143 57 28 The
2235 1143 96 28 Comte
2346 1142 32 28 de
2393 1143 61 27 Pari
2460 1153 17 22 5,
2492 1147 28 24 at
2542 1144 76 28 Paris
2632 1154 34 18 on
2692 1144 66 37 May

2124 1182 81 32 22nd,
2215 1185 28 24 to
2250 1181 92 28 attend
2351 1182 46 27 the
2404 1181 126 36 wedding
2535 1183 31 27 of
2576 1183 41 27 his
2626 1183 133 34 daughter

2125 1224 27 25 to
2166 1219 46 29 the
2227 1219 98 28 Crown
2339 1219 95 28 Prince
2448 1219 30 28 of
2491 1220 135 38 Portugal,
2640 1231 55 19 was
2710 1225 46 25 not

2126 1258 145 35 permitted
2285 1263 28 23 to
2327 1261 76 24 enter
2421 1259 113 27 France.

2159 1297 58 26 The
2248 1296 164 27 Committee
2437 1297 30 26 of
2494 1297 45 26 the
2570 1297 138 28 Chamber
2734 1298 29 27 of

2126 1334 132 37 Deputies
2271 1334 112 29 decided
2396 1344 35 18 on
2444 1335 72 28 June
2531 1336 72 28 22nd
2616 1336 35 36 by
2665 1346 16 18 a
2697 1341 61 24 vote

2126 1374 29 27 of
2165 1374 39 26 six
2218 1377 27 23 to
2260 1373 52 28 five
2325 1373 61 27 that
2398 1374 46 26 the
2458 1374 141 35 expulsion
2621 1384 138 23 measures

2127 1412 98 28 should
2238 1412 32 28 be
2284 1412 173 36 compulsory
2465 1412 53 28 and
2530 1416 47 25 not
2585 1413 170 36 permissive.

2127 1450 144 36 Secondly,
2285 1450 61 28 that
2358 1452 21 26 it
2392 1450 98 28 should
2504 1451 31 27 be
2550 1452 107 35 applied
2671 1455 28 25 to
2725 1452 36 27 all

2127 1489 116 28 families
2257 1489 59 28 that
2329 1489 69 27 have
2410 1491 28 25 at
2452 1498 54 26 any
2526 1489 67 28 time
2603 1489 106 29 resided
2732 1490 28 27 in

2128 1527 112 27 France.
2295 1526 123 36 Thirdly,
2438 1526 61 29 that
2530 1527 47 28 the
2607 1527 95 28 decree
2732 1529 26 26 ot

2128 1565 176 28 banishment
2316 1564 32 29 be
2361 1565 176 35 pronounced
2550 1565 36 37 by
2600 1565 45 30 the
2669 1567 76 37 Legis-

2128 1605 87 26 lature
2229 1604 54 27 and
2297 1607 49 23 not
2358 1604 35 33 by
2405 1604 45 27 the
2462 1604 160 28 Executive.

2163 1642 57 26 The
2233 1642 68 26 New
2322 1640 72 28 York
2415 1641 133 28 Herald's
2569 1642 114 28 London
2705 1652 42 18 cor-

2128 1679 166 38 respondent
2306 1679 29 29 of
2357 1679 64 36 May
2435 1681 59 27 31st
2507 1690 61 27 says
2655 1681 14 27 I
2693 1682 67 28 have

2129 1719 156 27 discovered
2307 1718 60 26 that
2393 1718 46 27 the
2462 1720 183 33 organisation
2664 1722 30 25 of
2715 1721 47 26 the

2128 1766 79 26 army
2220 1756 29 28 of
2259 1755 92 30 Ulster
2360 1755 48 28 has
2419 1757 158 35 progressed
2589 1761 28 24 to
2628 1767 34 18 an
2676 1761 72 25 extra-

2129 1795 129 34 ordinary
2283 1795 103 33 degree,
2412 1795 54 26 and
2495 1795 14 26 I
2535 1795 71 28 have
2633 1796 130 35 gathered

2129 1831 126 34 startling
2272 1832 171 36 particulars,
2461 1832 87 29 which
2570 1842 45 19 are
2628 1834 29 27 in
2678 1840 85 22 secret

2129 1871 159 28 circulation
2302 1880 101 26 among
2420 1871 46 27 the
2490 1872 171 35 Orangemen
2674 1873 28 27 in
2716 1873 47 28 the

2129 1910 64 36 city.
2231 1908 57 29 The
2301 1908 110 35 leading
2424 1908 54 30 fact
2491 1910 22 28 is
2528 1909 60 29 that
2598 1910 45 28 the
2656 1911 90 35 organi-

2130 1950 87 26 sation
2228 1948 29 26 of
2267 1948 46 27 the
2327 1948 123 34 Loyalist
2462 1948 106 28 Protest
2575 1953 42 23 mt
2626 1949 73 36 body
2711 1950 54 26 and

2130 1995 63 19 men
2207 1985 114 36 pledged
2333 1988 27 24 to
2370 1985 79 28 resist
2457 1995 56 26 any
2523 1989 117 34 attempt
2650 1991 26 24 to
2687 1997 77 27 cany

2130 2030 47 23 out
2198 2025 91 26 Home
2312 2025 69 26 Rule
2400 2025 29 26 in
2452 2025 109 27 Ireland
2582 2025 35 35 by
2632 2026 46 28 the
2701 2026 48 27 Par-

2130 2063 93 29 nellite
2245 2061 71 37 body
2337 2062 49 28 has
2412 2061 148 38 developed
2585 2063 175 38 enormously

2130 2102 116 28 without
2273 2101 128 35 anybody
2426 2101 102 36 having
2560 2103 46 27 the
2638 2103 126 34 slightest

2131 2140 136 37 suspicion
2291 2139 30 28 of
2341 2139 33 28 its
2396 2140 115 32 growth.
2560 2141 57 28 The
2640 2151 79 27 army
2743 2142 22 28 is

2131 2179 111 34 already
2267 2178 160 34 practically
2447 2179 128 33 enrolled,
2590 2180 55 27 and
2658 2181 36 26 all
2718 2181 45 26 the

2132 2216 121 37 military
2266 2215 97 30 details
2377 2216 70 28 have
2461 2216 67 29 been
2542 2217 132 37 arranged
2695 2218 67 29 with

2132 2257 46 27 the
2192 2259 116 32 greatest
2321 2255 144 36 precisiou.
2501 2257 24 27 A
2539 2258 116 27 number
2666 2258 29 27 of
2715 2258 39 28 dis-

2132 2293 156 33 tinguished
2319 2293 145 26 noblemeu
2492 2293 55 27 and
2579 2294 134 27 members
2739 2298 26 22 ot

2132 2331 169 29 Parliament
2311 2340 45 19 are
2367 2329 123 30 enrolled
2498 2341 100 27 among
2609 2332 45 28 the
2664 2333 103 28 officers

2133 2371 29 27 of
2415 2370 54 27 and
2483 2380 74 17 arms
2570 2371 70 28 have
2657 2372 110 36 already

2132 2409 68 29 been
2215 2407 138 39 provided.
2390 2408 215 36 Arrangements
2618 2409 70 30 have
2701 2410 66 29 been

2132 2448 80 27 made
2238 2448 41 27 for
2304 2448 123 34 securing
2451 2458 109 18 cannon
2585 2449 55 28 and
2661 2450 104 27 horses.

2133 2486 66 27 This
2214 2488 74 32 story
2301 2485 23 27 is
2338 2486 79 31 given
2433 2486 42 26 for
2484 2486 74 27 what
2568 2486 21 27 it
2600 2487 22 26 is

2168 2525 42 29 On
2226 2524 61 36 Maj
2305 2524 64 29 29th
2384 2524 45 29 the
2451 2524 85 38 police
2556 2524 89 31 seized
2658 2528 28 27 at
2708 2526 43 29 Bel-

2125 2565 60 25 fast
2205 2573 16 16 a
2248 2564 126 33 quantity
2396 2564 30 25 of
2447 2564 81 31 rifles,
2549 2565 140 32 bayonets,
2714 2566 53 26 and

2134 2599 102 29 swords
2260 2609 35 19 on
2316 2599 84 28 board
2414 2609 14 18 a
2449 2604 118 24 steamer
2588 2601 70 28 from
2680 2602 73 28 Fleet-

2134 2639 88 31 wood,
2236 2648 16 17 a
2265 2643 62 29 port
2340 2639 29 26 of
2379 2639 165 27 Lancashire
2555 2640 54 27 and
2621 2640 146 34 consigned

2135 2680 26 23 to
2175 2676 101 34 parties
2286 2676 28 26 in
2327 2675 129 33 Armagh.

2168 2715 57 27 The
2239 2724 75 18 news
2326 2714 70 28 from
2410 2715 124 28 Burmah
2548 2716 90 28 shows
2660 2726 34 18 an
2719 2726 32 18 un-

2135 2752 98 27 settled
2246 2756 68 23 state
2325 2752 31 27 of
2366 2752 100 27 affairs.
2504 2754 200 26 Incendiarism
2716 2755 54 25 and

2135 2789 131 29 rebellion
2280 2798 43 19 are
2337 2790 144 36 spreading
2491 2791 35 28 all
2538 2800 65 19 over
2615 2791 92 38 Upper
2716 2791 54 29 and

2137 2829 96 27 Lower
2246 2829 134 27 Burmah.
2417 2831 24 25 A
2455 2830 116 27 number
2584 2834 26 23 ot
2632 2833 46 26 the
2699 2831 57 28 lead-

2135 2867 48 33 ing
2214 2867 158 27 merchants
2400 2867 54 28 and
2479 2868 91 27 others
2601 2869 70 28 have
2703 2869 67 28 been

2136 2904 120 28 arrested
2271 2914 34 18 on
2328 2904 113 36 charges
2454 2906 31 27 of
2500 2906 160 37 complicity
2672 2907 30 28 in
2725 2907 45 28 the

2135 2944 248 33 inssnrrectionary
2417 2949 181 23 movements.
2653 2945 34 27 In
2726 2945 44 27 the

2137 2981 148 28 meantime
2297 2980 45 29 the
2354 2980 144 30 difference
2508 2981 121 29 between
2641 2982 129 37 Eugland

2137 3021 55 27 and
2224 3020 87 27 China
2337 3029 64 18 over
2425 3021 124 27 Burmah
2575 3023 149 25 continues,
2744 3027 26 21 to

2138 3059 98 32 widen,
2251 3058 53 28 and
2318 3058 46 28 the
2378 3058 89 28 affairs
2482 3060 30 27 of
2528 3059 47 28 the
2590 3064 53 23 two
2668 3060 102 27 Powers

2137 3097 69 27 have
2222 3105 82 20 never
2315 3097 68 27 been
2396 3098 28 26 in
2439 3107 15 18 a
2468 3107 74 19 more
2556 3098 210 35 unsatisfactory

2138 3135 149 27 condition.

2338 3172 56 29 San
2415 3173 164 32 Francisco,
2599 3174 73 29 June
2694 3176 38 27 15.

2172 3214 97 33 Owing
2286 3216 27 25 to
2336 3212 154 29 difficulties
2512 3214 66 27 with
2591 3214 47 27 the
2662 3214 103 27 Sailors'

2139 3251 93 27 Union
2258 3250 46 27 the
2323 3255 118 22 steamer
2461 3251 138 35 Mariposa
2622 3252 85 27 sailed
2729 3252 36 26 for

2138 3288 143 28 Auckland
2302 3290 28 26 at
2352 3287 62 29 date
2439 3288 66 28 with
2532 3299 16 17 a
2573 3288 51 29 full
2648 3299 70 19 crew
2746 3292 19 26 oS

2139 3327 163 26 Chinamen.

2173 3365 58 27 The
2255 3365 140 35 Secretary
2419 3365 26 28 of
2469 3365 85 34 State,
2569 3366 98 27 Daniel
2693 3367 65 27 Man

2138 3403 76 34 ning,
2231 3403 129 27 tendered
2382 3403 43 28 his
2446 3404 167 36 resignation
2634 3408 28 25 to
2685 3405 73 28 Presi

2139 3441 65 28 dent
2216 3441 146 28 Cleveland
2376 3451 35 18 on
2424 3442 73 27 June
2507 3442 58 27 4th.

2173 3480 43 37 By
2229 3479 46 30 the
2289 3479 140 37 discovery
2443 3481 29 28 of
2482 3480 142 37 dynamite
2632 3481 58 29 rifle
2703 3484 55 26 cart-

2138 3519 97 35 ridges,
2249 3519 55 27 and
2317 3519 78 28 other
2408 3520 152 36 explosives
2580 3521 94 35 placed
2687 3521 85 28 under

2140 3557 106 27 various
2260 3556 184 35 outbuildings
2457 3559 28 25 in
2500 3557 119 34 Chicago
2634 3559 45 26 the
2690 3559 82 26 belief

2138 3596 23 28 is
2172 3595 113 36 gaining
2297 3595 104 37 ground
2416 3594 60 30 that
2489 3594 47 30 the
2559 3596 139 29 Socialists
2717 3596 55 29 had

2139 3644 15 17 a
2176 3634 110 27 scheme
2310 3639 27 22 to
2360 3634 69 27 burn
2442 3634 54 28 and
2519 3635 55 27 loot
2588 3636 60 26 that
2668 3636 55 35 city
2744 3637 27 25 in

2141 3672 74 37 May,
2230 3671 54 28 and
2305 3671 61 29 that
2388 3672 66 36 they
2475 3672 47 28 did
2541 3676 48 25 not
2611 3682 33 25 go
2665 3673 107 37 beyoud

2139 3712 102 35 rioting
2253 3714 28 24 at
2293 3711 61 27 that
2363 3712 66 26 time
2441 3721 55 18 was
2506 3711 52 29 due
2569 3716 27 24 to
2605 3712 46 28 the
2663 3718 109 31 prompt

2140 3750 92 27 action
2245 3749 30 27 of
2284 3749 46 27 the
2345 3749 96 35 police.

2174 3787 192 36 Preparations
2375 3797 67 18 were
2453 3787 80 35 being
2542 3788 79 29 made
2629 3789 29 28 in
2670 3788 102 29 'Frisco

2141 3829 27 25 to
2181 3827 102 26 receive
2297 3834 75 19 some
2387 3827 95 31 15,000
2503 3826 112 36 visiting
2637 3827 135 28 members

2141 3864 30 26 of
2180 3864 46 26 the
2237 3863 94 27 Grand
2342 3864 86 34 Army
2439 3864 29 27 of
2479 3864 45 28 the
2537 3864 140 36 Republic.
2714 3865 58 27 The

2141 3899 108 37 general
2270 3905 193 33 encampment
2488 3902 56 28 will
2557 3902 32 28 be
2610 3902 64 30 held
2697 3902 75 30 there

2141 3940 28 27 in
2180 3940 115 34 August.

2176 3979 49 27 Dr.
2241 3978 104 28 Melton
2362 3978 120 33 Bowers,
2496 3989 16 17 a
2533 3979 150 37 practising
2705 3979 50 38 phy-

2142 4017 84 27 sician
2251 4017 28 26 in
2306 4017 110 31 'Frisco,
2441 4027 56 17 was
2521 4019 146 26 sentenced
2691 4022 28 24 to
2743 4021 28 25 be

2143 4053 106 37 hanged
2272 4064 35 17 on
2327 4054 72 28 June
2421 4055 63 33 2nd,
2499 4055 41 28 for
2556 4055 46 28 the
2617 4061 110 22 murcler
2747 4057 24 27 of

2143 4093 42 28 his
2201 4093 69 28 wife.

2176 4132 150 28 Alderman
2347 4132 125 33 Jachine,
2485 4133 31 27 of
2526 4133 68 28 New
2614 4133 82 33 York,
2711 4135 62 28 who

2142 4179 56 19 was
2221 4170 140 28 convicted
2384 4170 30 28 of
2432 4170 106 35 bribery
2558 4172 29 26 in
2611 4173 162 26 connection

2143 4208 66 28 with
2235 4208 46 27 the
2307 4208 152 36 Broadway
2481 4208 125 37 Railway
2627 4210 146 33 franchise,

2143 4255 54 19 was
2211 4255 35 19 on
2261 4246 67 36 May
2343 4247 34 27 20
2397 4246 146 28 sentenced
2557 4252 27 22 to
2604 4257 15 18 a
2632 4257 66 26 year
2719 4248 54 28 and

2144 4289 44 23 ten
2200 4285 120 27 months'
2331 4285 212 35 imprisonment
2552 4286 28 27 in
2590 4286 67 33 Sing
2669 4286 74 36 Sing.

2178 4322 57 27 The
2263 4323 147 35 polygamy
2438 4323 121 27 convicts
2583 4324 29 29 in
2639 4324 84 33 Utah,
2746 4328 27 24 to

2143 4360 92 27 whom
2258 4360 78 27 offers
2350 4360 29 27 of
2392 4361 141 35 clemency
2553 4371 70 18 were
2637 4362 80 29 made
2738 4362 35 37 by

2143 4398 46 29 the
2216 4398 160 29 authorities
2402 4400 22 27 if
2451 4399 66 37 they
2543 4400 87 29 would
2655 4401 118 37 promise

2143 4438 144 28 obedience
2311 4441 27 25 to
2359 4438 46 28 the
2426 4438 61 33 law,
2502 4439 118 36 spurned
2633 4440 46 28 the
2699 4450 60 19 over-

2144 4481 72 25 tures
2237 4477 182 36 indignantly.
2463 4478 35 28 In
2520 4478 70 29 their
2610 4480 78 36 reply
2709 4480 64 36 they

2143 4516 58 26 said
2213 4524 5 18 :
2258 4516 56 26 Our
2324 4525 82 17 wives
2416 4516 91 28 would
2517 4516 77 28 deem
2607 4518 67 26 such
2685 4518 88 27 action

2142 4563 29 19 as
2183 4553 82 34 cruel,
2278 4553 159 34 inhumane,
2449 4554 54 28 aud
2514 4559 165 24 monstrous.
2717 4556 56 28 Our

2142 4592 121 28 children
2284 4592 91 29 would
2384 4592 80 29 blush
2475 4593 42 28 for
2538 4593 106 34 shame,
2658 4594 55 28 and
2734 4605 39 19 we

2142 4631 97 27 should
2254 4631 110 27 deserve
2377 4631 46 27 the
2434 4641 79 18 scorn
2526 4633 55 26 and
2594 4636 141 33 contempt
2747 4634 26 27 of

2141 4669 36 27 all
2191 4669 148 27 honorable

2178 4709 54 27 San
2246 4708 146 28 Francisco
2408 4717 59 20 was
2478 4708 104 29 shaken
2606 4709 36 37 by
2655 4719 15 19 a
2691 4710 69 36 sligh

2141 4746 167 35 earthquake
2324 4756 35 19 on
2374 4747 66 34 May
2458 4747 57 28 6th.

2176 4785 73 28 Herr
2267 4784 112 29 Johann
2400 4785 72 29 Most
2494 4786 53 28 and
2571 4786 44 28 his
2636 4786 136 29 anarchist

2141 4824 180 35 companions
2342 4832 70 19 were
2435 4824 84 28 found
2545 4825 89 35 guilty
2659 4826 30 26 of
2710 4827 47 26 mis-

2141 4861 148 28 demeanor
2301 4869 28 19 m
2342 4860 116 37 inciting
2467 4864 27 24 to
2508 4862 53 28 riot
2569 4862 27 27 in
2609 4862 119 37 Chicago
2739 4871 33 19 on

2143 4901 65 35 May
2221 4901 74 33 29th,
2309 4901 55 27 and
2380 4901 66 28 each
2460 4911 55 18 was
2529 4902 147 28 sentenced
2687 4906 27 24 to
2723 4902 33 28 im-

2141 4939 180 32 prisonment.

2140 5026 210 30 JUDGMENT
2363 5026 42 29 IN
2420 5027 104 28 RYAN
2543 5026 42 31 V.
2606 5026 165 31 CROWEL'S

2409 5067 103 27 CASE.

2176 5152 57 28 The
2248 5151 83 30 above
2343 5161 60 19 case
2416 5161 55 19 was
2484 5152 86 29 heard
2591 5156 28 25 at
2638 5153 81 37 Lyell
2741 5163 35 19 on

2141 5190 72 28 June
2231 5190 58 33 9th,
2303 5190 55 27 and
2376 5190 146 35 judgment
2545 5192 134 32 reserved,
2693 5197 28 23 to
2744 5192 32 28 be

2141 5228 136 28 delivered
2300 5228 29 27 in
2355 5228 138 36 Westport
2518 5228 53 28 and
2597 5230 111 27 entered
2739 5238 37 28 up

2141 5270 64 25 next
2224 5267 84 28 Court
2328 5267 54 36 day
2404 5272 28 23 at
2453 5267 86 36 Lyell.
2578 5267 130 34 Through
2729 5268 46 29 the

2142 5308 124 32 courtesy
2284 5306 30 27 of
2332 5305 93 28 Frank
2445 5306 75 32 Bird,
2541 5307 76 34 Esq.,
2637 5307 86 32 R.M.,
2736 5316 40 18 we

2142 5352 45 19 are
2202 5343 114 28 enabled
2335 5346 28 25 to
2384 5343 107 36 publish
2515 5343 46 28 the
2580 5343 147 37 judgment
2747 5345 29 26 iu

2143 5381 54 28 this
2210 5381 80 30 issue,
2305 5391 29 18 as
2348 5381 104 28 follows
2464 5389 42 19 :

2204 5420 66 27 This
2283 5420 23 27 is
2318 5430 35 17 an
2367 5420 91 27 action
2467 5424 27 23 to
2505 5429 109 18 recover
2621 5420 153 36 possession

2143 5458 29 29 of
2181 5468 16 19 a
2210 5459 102 28 certain
2325 5468 115 29 waggon
2453 5458 55 28 and
2530 5458 102 35 horses,
2646 5459 55 28 and
2713 5459 58 30 also

2143 5498 129 35 damages
2296 5498 42 27 for
2364 5499 45 26 the
2434 5499 131 32 wrongful
2590 5499 140 27 detention
2750 5500 26 26 of

2143 5543 83 18 same.
2264 5534 27 27 It
2312 5543 113 26 appears
2446 5535 60 25 that
2528 5543 36 18 on
2586 5543 30 18 or
2634 5536 84 26 about
2731 5536 45 25 the

2144 5573 41 28 Ist
2198 5571 156 30 November
2365 5571 53 30 last
2437 5571 47 30 the
2507 5571 147 30 defendant
2666 5573 110 29 entered

2144 5611 57 28 into
2216 5620 35 18 an
2264 5614 155 32 agreement
2442 5611 66 28 with
2531 5611 121 36 plaintiff
2667 5612 41 27 for
2731 5613 45 27 the

2144 5649 131 38 purchase
2298 5650 29 28 of
2344 5659 16 19 a
2380 5653 73 25 team
2478 5649 30 29 of
2531 5650 101 34 horses,
2652 5649 122 37 harness,

2144 5689 54 26 and
2218 5698 124 26 waggon,
2356 5698 35 17 on
2411 5689 103 26 certain
2536 5689 163 33 conditions,
2713 5690 44 26 viz
2769 5699 6 18 :

2145 5726 60 29 that
2219 5726 46 28 the
2278 5726 73 37 price
2365 5726 97 29 should
2482 5725 32 29 be
2529 5727 81 33 £l3O,
2625 5731 27 24 to
2666 5727 32 29 be
2712 5727 64 38 paid

2145 5766 35 34 by
2194 5766 45 26 the
2254 5766 99 33 freight
2375 5775 36 17 on
2432 5766 83 33 goods
2538 5769 27 23 at
2590 5768 38 26 £4
2650 5776 49 26 per
2720 5771 56 24 ton.

2144 5802 121 39 plaintiff
2274 5802 135 39 engaging
2428 5806 28 26 to
2477 5813 54 28 pay
2553 5803 146 31 defendant
2722 5804 54 29 half

2144 5843 100 32 freight
2266 5852 35 16 on
2324 5843 130 30 delivery,
2468 5844 45 24 the
2536 5844 156 26 remainder
2703 5848 28 23 to
2745 5845 31 25 be

2783 222 62 29 held
2859 222 28 30 in
2901 230 132 31 payment
3047 224 40 30 for
3097 225 47 29 the
3155 229 82 25 team.
3276 225 58 29 The
3346 228 73 25 team

2783 271 56 19 was
2853 262 118 29 handed'
2984 273 65 19 over
3070 268 27 24 to
3119 264 157 33 defendant,
3290 263 54 29 and
3364 273 40 18 cer-

2783 299 57 29 tain
2864 301 84 33 goods
2970 311 69 19 were
3063 302 133 29 delivered
3211 306 27 25 to
3252 301 121 39 plaintiff
3383 310 36 28 up

2782 346 28 19 to
2823 339 125 35 January
2963 341 51 31 Ist,
3028 341 45 26 the
3087 341 100 33 freight
3207 351 36 17 on
3268 341 90 27 which
3373 349 29 18 ac-

2784 375 113 35 cording
2907 380 28 23 to
2949 377 147 34 plaintiff's
3109 381 148 25 statement
3268 377 150 28 amounted

2782 418 28 25 to
2828 415 55 28 .£SO
2901 415 39 34 ss,
2954 415 54 29 and
3030 414 146 39 according
3199 421 27 25 to
3247 416 172 29 defendant's

2782 456 28 24 to
2836 454 53 26 i'6l
2916 456 39 25 ss.
2999 455 66 26 This
3090 456 177 35 discrepancy
3291 464 57 17 was
3370 459 49 22 not

2782 490 167 37 thoroughly
2973 492 142 37 explained
3137 502 30 19 or
3188 502 70 26 gone
3280 493 68 33 into,
3362 491 55 29 and

2783 530 134 28 therefore
2931 531 14 27 I
2968 537 100 23 cannot
3090 541 49 26 say
3162 533 63 27 who
3249 533 22 27 is
3292 532 75 35 right
3388 530 28 28 in

2782 568 61 28 that
2856 568 156 37 particular.
3050 570 26 28 It
3089 570 23 28 is
3125 570 105 37 alleged
3250 570 37 35 by
3300 568 122 38 plaintiff

2784 607 59 26 that
2857 615 34 18 on
2905 607 124 34 January
3041 609 40 26 Ist
3090 608 147 28 defendant
3248 608 55 28 told
3314 608 58 27 him
3386 607 33 27 he

2783 643 92 28 would
2888 644 68 27 have
2971 645 116 35 nothing
3100 655 74 18 more
3188 649 27 24 to
3229 646 35 27 do
3286 645 67 28 with
3373 645 46 26 the

2785 686 82 29 team,
2881 691 30 19 as
2933 682 34 29 he
2988 683 79 28 could
3089 687 48 26 not
3160 683 80 30 make
3255 684 22 29 it
3289 693 62 28 pay,
3365 682 54 29 and

2784 722 60 27 that
2866 722 123 35 plaintiff
3007 723 129 28 intended
3158 724 59 27 him
3241 728 27 23 to
3291 722 62 29 take
3372 722 47 28 the

2784 769 113 24 waggon
2913 760 79 28 down
3003 762 46 26 the
3059 761 74 32 road,
3146 762 53 27 and
3210 767 49 31 put
3268 762 45 27 the
3323 761 95 27 horses

2784 798 28 28 in
2837 798 132 30 Christies
2993 800 124 36 paddock
3141 798 70 31 until
3237 800 33 29 he
3291 803 60 26 sent
3375 799 42 29 for

2786 838 84 31 them,
2885 838 90 28 which
2996 848 56 18 was
3076 840 79 26 done.
3200 840 68 27 This
3288 839 129 27 evidence

2785 885 55 19 was
2875 876 123 36 strongly
3028 876 189 30 corroborated
3249 877 36 38 by
3317 877 102 28 Messrs

2785 916 88 26 Carne
2887 916 54 27 and
2959 916 113 32 Larsen,
3086 916 53 28 and
3162 918 55 26 also
3240 917 37 35 by
3297 916 46 28 the
3365 916 41 28 evi-

2785 953 84 27 dence
2882 953 29 28 of
2922 953 157 33 defendant,
3092 963 30 19 as
3146 954 34 27 he
3200 955 102 27 admits
3323 955 97 34 saying

2786 1002 33 18 on
2835 1002 50 19 one
2899 991 125 30 occasion
3073 992 34 29 he
3127 993 89 29 would
3235 993 70 29 have
3318 996 28 25 to
3360 993 60 36 give

2786 1031 45 27 the
2845 1035 73 23 team
2932 1040 36 27 up
2981 1031 92 28 unless
3083 1033 33 26 he
3128 1037 46 30 got
3184 1033 116 27 another

2786 1069 123 28 Plaintiff
2919 1069 58 28 also
2987 1073 92 28 states,
3090 1070 54 27 and
3153 1071 14 26 J
3179 1070 123 28 consider
3312 1079 107 27 proves,

2786 1107 60 27 that
2859 1108 34 26 he
2907 1107 62 36 paid
2983 1108 149 28 defendant
3154 1118 65 18 over
3241 1109 56 27 4:40
3318 1117 35 18 on
3373 1108 47 27 the

2786 1145 101 35 freight
2899 1145 30 28 of
2950 1145 92 36 goods,
3057 1143 54 31 and
3126 1145 132 29 therefore
3271 1145 144 36 according

2788 1189 26 22 to
2828 1184 41 27 his
2883 1188 148 24 statement
3044 1184 66 36 only
3129 1186 57 27 i'lo
3207 1186 54 26 had
3275 1184 69 28 been
3357 1184 62 36 paid

2787 1221 116 29 towards
2916 1221 46 29 the
2981 1223 133 36 purchase
3134 1231 111 28 money,
3258 1231 31 20 or
3310 1223 41 27 for
3372 1223 47 26 the

2786 1270 49 18 use
2856 1261 29 26 of
2901 1261 47 27 the
2967 1264 75 25 team
3066 1261 43 28 for
3130 1265 54 24 two
3205 1261 122 29 months.
3364 1261 58 28 The

2787 1297 128 28 evidence
2928 1307 35 18 no
2977 1298 84 27 doubt
3078 1299 23 26 is
3122 1299 166 35 conflicting,
3303 1299 54 26 and
3377 1299 30 26 de-

2786 1336 114 28 fendant
2937 1346 100 19 swears
3068 1336 61 29 that
3159 1336 47 29 the
3237 1336 128 30 evidence
3396 1336 30 29 of

2788 1374 125 36 plaintifl,
2927 1375 97 32 Carne,
3043 1376 56 26 and
3120 1376 103 28 Larsen
3243 1376 25 27 is
3287 1375 36 28 all
3345 1376 78 31 false,

2788 1413 54 27 and
2855 1413 61 27 that
2928 1412 35 28 he
2977 1412 54 29 had
3044 1423 36 17 no
3095 1415 135 27 intention
3244 1414 30 28 of
3283 1414 94 35 giving
3386 1423 37 26 up

2788 1452 151 35 possession
2951 1460 6 25 ;
2977 1452 35 28 he
3025 1452 57 28 also
3096 1457 83 23 states
3200 1452 35 28 he
3257 1452 58 29 told
3336 1453 87 27 Carne

2788 1490 34 27 lie
2835 1490 90 27 would
2937 1490 61 35 give
3012 1499 36 28 up
3060 1490 46 28 the
3119 1494 73 24 team
3206 1500 31 18 or
3258 1492 49 26 sell
3329 1492 31 32 it,
3373 1490 49 28 but

2788 1537 36 18 on
2836 1527 46 29 the
2895 1529 139 27 condition
3055 1529 61 28 that
3138 1529 47 28 the
3198 1532 116 25 account
3327 1529 42 28 for
3381 1537 26 19 re-

2788 1567 73 37 pairs
2880 1576 56 19 was
2958 1565 65 38 paid
3045 1567 53 28 and
3119 1566 35 30 he
3174 1567 103 29 receive
3303 1567 57 30 £3O
3384 1567 42 28 for

2789 1605 118 32 himself,
2930 1605 74 28 what
3026 1606 41 27 for
3091 1606 35 28 he
3151 1605 141 36 neglected
3315 1610 28 24 to
3366 1616 58 25 say,

2789 1642 54 28 and
2865 1643 15 27 I
2904 1647 102 23 cannot
3026 1644 129 34 imagine,
3167 1644 93 27 unless
3281 1644 22 27 it
3322 1653 56 18 was
3397 1647 27 23 to

2789 1680 80 30 make
2882 1690 37 28 up
2933 1680 42 29 for
2987 1680 84 30 losses
3095 1681 126 29 incurred
3242 1681 119 36 through
3380 1691 32 19 en

2791 1722 87 32 tering
2901 1722 59 26 into
2984 1731 36 16 an
3045 1722 155 35 unpayable
3225 1724 133 24 contract.
3409 1720 14 27 I

2792 1757 79 29 think
2892 1757 46 29 the
2959 1757 121 37 plaintiff
3095 1758 55 28 had
3170 1758 47 28 the
3239 1758 74 37 right
3334 1764 28 22 to
3376 1758 46 28 the

2791 1795 159 29 immediate
2962 1797 153 35 possession
3128 1797 30 28 of
3169 1797 45 28 the
3228 1797 93 35 goods,
3335 1797 55 28 and
3411 1807 15 16 a

2791 1833 118 28 demand
2923 1843 56 19 was
3002 1835 81 28 made
3095 1834 37 37 by
3144 1835 146 36 plaintiff's
3304 1835 120 28 solicitor

2791 1872 41 28 for
2845 1872 45 28 the
2905 1872 120 36 delivery
3038 1882 36 19 on
3084 1873 125 37 January
3221 1873 76 29 28tli.
3334 1873 14 28 I
3362 1883 47 18 con-

2792 1910 70 28 sider
2875 1910 75 29 there
2963 1920 58 19 was
3033 1920 36 19 no
3088 1911 133 28 bailment
3242 1920 51 19 nor
3312 1917 47 30 yet
3381 1912 33 27 ab

2791 1948 87 28 solute
2891 1950 65 32 sale,
2970 1950 65 35 only
3047 1959 35 18 an
3096 1955 146 30 executory
3254 1953 167 30 agreement,

2792 1986 90 28 which
2904 1995 56 19 was
2981 1990 48 25 not
3049 1987 125 32 fulfilled,
3188 1988 55 27 and
3266 1988 60 28 that
3346 1998 17 18 a
3386 1997 26 18 re-

2793 2026 118 35 delivery
2924 2035 57 18 was
3002 2026 80 28 made
3104 2036 35 18 on
3162 2026 125 35 January
3309 2028 50 31 Ist,
3373 2026 54 29 and

2795 2063 132 29 therefore
2941 2073 55 28 any
3008 2063 55 30 lien
3076 2073 36 20 on
3125 2065 47 28 the
3186 2069 129 33 property
3330 2065 34 35 (if
3373 2074 55 28 any

2795 2102 111 34 existed)
2921 2113 56 18 was
2990 2113 69 24 gone
3069 2113 30 18 or
3110 2104 52 28 lost
3172 2103 35 38 by
3218 2104 67 28 such
3296 2104 130 36 delivery.

2795 2141 41 37 By
2850 2150 16 19 a
2878 2140 80 30 letter
2972 2141 81 30 dated
3067 2142 66 36 May
3144 2144 50 32 Ist,
3205 2143 65 27 from
3282 2142 147 29 defendant

2794 2183 27 24 to
2846 2180 128 34 plaintiff,
3005 2181 21 26 it
3056 2190 114 27 appears
3201 2182 37 27 all
3279 2182 148 27 defendant

2797 2216 105 30 wanted
2916 2226 55 20 was
2985 2217 46 29 the
3044 2221 133 35 payment
3195 2218 31 29 of
3243 2223 131 24 accounts
3386 2219 44 28 for

2794 2258 103 34 repairs
2909 2260 28 26 to
2950 2267 123 25 waggon,
3087 2262 56 24 and
3155 2259 22 27 if
3193 2258 35 28 he
3243 2268 54 18 was
3310 2258 115 29 entitled

2795 2297 27 23 to
2843 2294 104 26 receive
2969 2303 76 17 same
3064 2295 35 25 he
3122 2296 54 25 had
3198 2296 43 26 his
3261 2296 114 34 remedy
3394 2296 35 35 by

2795 2330 90 30 action
2897 2331 108 38 against
3018 2332 48 29 the
3078 2331 126 35 plaintiff.

2857 2380 77 27 After
2956 2381 131 32 carefully
3106 2382 148 34 reviewing
3265 2381 36 28 all
3315 2382 47 27 the
3376 2383 39 26 evi-

2795 2417 94 36 dence,
2903 2418 88 29 which
3005 2420 23 27 is
3041 2428 30 20 as
3084 2420 14 27 I
3118 2420 70 29 have
3210 2420 112 38 already
3341 2420 89 29 stated

2796 2466 65 27 very
2892 2458 167 35 conflicting,
3082 2460 54 26 and
3160 2460 96 35 taking
3278 2461 59 26 into
3367 2469 47 18 con-

2796 2494 147 28 sideration
2970 2496 35 27 all
3030 2496 46 28 the
3101 2496 71 37 legal
3197 2505 106 28 aspects
3327 2496 31 28 of
3384 2498 46 26 the

2796 2533 177 36 transaction,
2999 2534 15 30 I
3038 2534 70 31 have
3133 2545 77 20 come
3235 2540 28 25 to
3289 2535 45 30 the
3365 2545 48 20 con-

2796 2574 104 25 clusion
2920 2578 61 22 that
2994 2574 46 26 the
3054 2574 120 33 plaintiff
3192 2576 50 24 has
3267 2585 16 15 a
3306 2574 75 33 right
3405 2580 28 21 to

2797 2619 118 21 recover,
2929 2609 56 29 aud
3006 2611 134 28 therefore
3158 2611 47 28 the
3216 2611 146 36 judgment
3376 2611 56 28 will

2798 2649 30 26 be
2842 2649 41 25 for
2896 2649 64 29 iGO,
2976 2653 27 22 to
3016 2648 33 27 be
3062 2649 116 26 reduced
3201 2654 28 22 to
3255 2651 56 25 <£lo
3331 2659 35 16 on
3386 2650 47 26 the

2798 2684 120 37 delivery
2932 2685 30 28 of
2977 2685 46 28 the
3044 2694 115 28 waggon
3181 2686 55 28 and
3259 2686 115 28 harness
3398 2687 35 35 by

2798 2724 148 28 defendant
2966 2729 29 23 to
3016 2724 125 36 plaintiff.
3178 2726 24 26 A
3216 2725 88 35 larger
3318 2731 113 22 amount

2798 2762 91 26 would
2902 2762 32 26 be
2947 2762 115 27 allowed
3084 2771 29 17 as
3134 2762 131 33 damages
3288 2763 23 26 if
3334 2763 22 26 it
3379 2764 54 26 had

2797 2798 67 29 been
2878 2799 103 36 clearly
2994 2799 102 37 proved
3117 2800 61 28 that
3192 2799 146 38 plaintiff's
3353 2804 65 25 state-

2800 2844 75 21 ment
2890 2847 28 18 as
2932 2843 27 22 to
2972 2838 100 36 freight
3085 2848 57 19 was
3155 2844 112 28 correct,
3280 2849 31 18 as
3337 2839 8 27 I
3372 2849 46 18 con-

2800 2876 71 27 sider
2882 2875 61 28 that
2955 2885 57 18 was
3024 2886 16 18 a
3053 2881 97 24 uiattei
3172 2881 28 24 to
3221 2877 33 28 be
3275 2877 158 28 considered

2800 2914 27 27 in
2840 2914 47 27 the
2897 2914 155 35 judgment.
3089 2915 79 28 Costs
3180 2915 30 28 of
3226 2915 93 33 Court,
3386 2918 30 25 5s
3428 2924 5 24 ;

2799 2957 54 22 two
2868 2957 146 27 witnesses,
3030 2953 38 27 £3
3080 2961 7 24 ;
3104 2953 141 27 Counsel's
3258 2953 50 32 fee,
3323 2955 38 26 .£3

2902 3049 121 28 NOTES
3043 3042 106 35 FROM
3169 3050 158 28 NELSON.

2869 3151 84 34 (from
2966 3158 56 19 our
3033 3158 62 20 own
3109 3151 251 34 correspondent.)

2965 3246 112 26 Behind
3096 3247 46 26 the
3165 3247 98 26 Times.

2833 3291 87 28 There
2945 3301 56 19 was
3025 3291 184 30 considerable
3239 3294 115 29 interest
3382 3294 48 29 felt

2799 3330 64 27 here
2877 3340 30 18 as
2919 3335 28 22 to
2961 3331 45 26 the
3018 3331 86 27 result
3117 3331 30 28 of
3165 3331 46 28 the
3226 3332 131 28 Hawke's
3370 3333 60 36 Bay

2799 3368 184 37 steeplechase
3007 3369 130 35 meeting,
3149 3378 51 19 run
3213 3370 54 27 last
3277 3371 155 36 Thursday,

2799 3416 30 18 as
2848 3416 16 18 a
2885 3406 103 28 Nelson
3010 3407 90 34 horse,
3114 3408 95 28 Forest
3231 3408 82 36 King,
3337 3418 56 19 was
3418 3420 15 17 a

2800 3446 171 35 competitor,
2983 3445 54 28 and
3051 3446 103 29 carried
3163 3456 73 18 some
3243 3447 71 28 local
3323 3448 109 36 capital.

2799 3484 57 28 The
2870 3484 79 28 horse
2962 3484 56 28 had
3029 3485 101 36 proved
3143 3485 114 29 himself
3275 3495 16 19 a
3305 3488 52 26 last
3371 3496 59 24 one,

2799 3522 54 29 and
2877 3523 133 36 tolerably
3029 3524 55 28 safe
3107 3534 66 19 over
3192 3524 108 35 timber,
3324 3524 49 30 but
3399 3526 34 28 he

2799 3560 56 27 had
2866 3570 84 17 never
2962 3570 63 18 seen
3039 3570 16 18 a
3064 3562 59 27 stiff
3131 3565 85 24 water
3225 3563 80 35 jump
3316 3572 31 18 or
3356 3566 76 25 stone

2799 3598 71 29 wall.
2909 3599 36 28 So
2959 3598 60 31 that
3032 3599 79 30 when
3126 3599 43 30 his
3190 3599 112 30 backers
3324 3601 108 37 eagerly

2800 3638 119 27 scanned
2932 3638 46 27 the
2992 3640 122 34 sporting
3126 3639 125 28 columns
3263 3640 31 27 of
3303 3639 45 28 the
3368 3641 65 35 Slop

2801 3675 106 28 Bucket
2921 3684 35 19 on
2970 3676 102 37 Friday
3085 3677 137 36 morning,
3235 3678 54 27 and
3302 3678 83 27 found
3397 3688 35 17 no

2800 3719 101 31 report,
2915 3714 65 37 they
2993 3715 87 28 called
3090 3715 61 29 that
3160 3716 97 36 highly
3267 3716 165 36 respectable

2796 3752 111 36 journal
2928 3762 15 18 a
2964 3753 105 36 measly
3090 3763 49 26 rag
3159 3754 55 27 aud
3233 3754 78 28 other
3337 3764 79 27 oppro-

2801 3791 90 27 brious
2905 3791 117 36 epithets
3039 3792 42 28 for
3100 3794 49 26 not
3169 3792 102 34 having
3290 3792 143 37 published

2801 3829 46 27 the
2877 3829 107 28 records
3014 3829 31 28 of
3072 3831 47 27 the
3149 3831 162 34 interesting
3340 3836 90 23 event.

2801 3866 136 36 Saturday
2958 3867 151 36 morning's
3130 3876 86 28 paper
3236 3869 58 27 also
3306 3869 82 27 failed
3401 3874 28 23 to

2800 3904 140 36 enlighten
2959 3904 85 35 them,
3058 3905 56 29 and
3135 3905 22 29 it
3169 3915 55 19 was
3237 3910 49 25 not
3298 3907 42 28 till
3356 3907 57 29 Mon-

2801 3944 53 34 day
2867 3944 61 27 that
2940 3943 47 28 the
3001 3944 29 27 S.
3044 3945 34 26 B.
3091 3953 70 26 gave
3180 3944 36 28 its
3235 3945 164 28 subscribers
3418 3956 15 17 a

2801 3980 68 28 hash
2883 3990 37 27 up
2934 3981 30 29 of
2975 3981 46 29 the
3034 3985 92 34 report
3138 3982 31 29 of
3184 3982 46 29 the
3243 3992 71 23 race,
3327 3983 106 37 clipped

2800 4020 71 26 from
2884 4020 47 26 the
2945 4020 167 34 Wellington
3127 4031 105 26 papers.
3269 4022 58 26 The
3347 4026 71 31 sport-

2800 4058 48 34 ing
2860 4066 64 19 men
2936 4066 46 19 are
2995 4067 66 27 very
3082 4058 154 36 indignant,
3250 4059 49 28 but
3321 4060 14 26 I
3356 4059 76 28 don't

2800 4105 44 19 see
2867 4095 61 30 that
2952 4095 66 38 they
3038 4097 86 36 ought
3147 4100 29 26 to
3200 4097 124 30 consider
3345 4098 70 29 them-

2800 4135 88 33 selves
2902 4145 84 18 worse
2999 4136 104 29 treated
3116 4137 68 28 than
3204 4146 55 27 any
3278 4138 79 27 other
3378 4147 41 19 sec-

2801 4174 57 26 tion
2870 4173 31 27 of
2910 4173 46 28 the
2973 4173 65 37 Slop
3050 4175 131 27 Bucket's
3193 4175 181 33 subscribers;
3393 4175 40 28 for

2799 4210 24 28 if
2838 4211 67 35 they
2926 4212 77 27 don't
3015 4216 45 30 get
3081 4212 55 29 late
3159 4222 84 24 news,
3256 4213 110 35 nobody
3379 4213 54 28 else

2801 4248 72 33 does,
2888 4258 29 18 so
2930 4248 66 37 they
3009 4250 96 28 havn't
3117 4253 46 31 got
3182 4260 30 19 so
3233 4251 83 27 much
3338 4260 95 19 reason

2801 4291 27 23 to
2841 4297 61 17 cuss
2916 4288 47 27 the
2976 4298 67 25 poor
3054 4288 46 28 old
3112 4289 80 36 thing
3214 4299 30 18 as
3266 4289 66 36 they
3344 4290 89 27 would

2800 4325 60 27 lead
2874 4334 32 18 us
2919 4328 27 25 to
2959 4325 113 34 believe,
3085 4326 55 28 and
3153 4336 30 18 as
3196 4337 16 17 a
3225 4330 100 24 matter
3340 4327 30 27 of
3380 4328 53 27 fact

2801 4363 46 28 the
2860 4363 130 37 Evening
3005 4365 116 36 Granny
3140 4375 56 18 was
3213 4368 57 34 just
3291 4375 31 18 as
3342 4365 44 28 lax
3405 4366 28 27 in

2801 4401 93 37 giving
2907 4402 46 28 the
2966 4411 85 25 news,
3063 4403 90 28 which
3174 4413 77 19 came
3274 4403 75 38 quite
3368 4413 65 19 scon

2801 4440 108 38 enough
2931 4441 43 29 for
2992 4441 79 30 those
3095 4442 63 29 who
3182 4442 56 29 had
3260 4442 104 29 backed
3386 4443 46 29 the

2802 4480 87 28 horse.

2949 4533 57 27 The
3023 4533 81 28 Bible
3123 4534 31 27 in
3173 4534 121 27 Schools.

2835 4578 72 29 Year
2919 4579 69 29 after
2999 4590 66 27 year
3083 4585 132 34 attempts
3237 4591 45 20 are
3304 4581 79 30 made
3406 4585 28 26 to

2801 4618 142 28 introduce
2964 4619 78 28 Bible
3062 4620 114 36 reading
3197 4620 59 29 into
3274 4621 47 28 the
3343 4621 91 36 public

2802 4656 106 28 schools
2921 4664 6 25 ;
2946 4656 55 28 and
3014 4666 30 18 as
3057 4658 74 27 often
3145 4667 30 18 as
3187 4658 47 28 the
3244 4662 132 32 attempts
3388 4668 46 19 are

2801 4694 80 29 made
2894 4694 66 37 they
2974 4705 44 19 are
3032 4695 155 30 frustrated.
3224 4697 56 28 Our
3289 4696 144 29 education

2801 4733 23 27 is
2836 4732 133 37 supposed
2981 4737 28 25 to
3021 4732 33 30 be
3067 4734 55 29 free
3132 4734 54 29 and
3199 4735 115 34 secular,
3324 4736 54 28 and
3388 4736 45 29 the

2802 4772 184 27 introduction
3000 4772 30 27 of
3040 4773 47 27 the
3101 4772 72 28 bible
3186 4774 50 26 has
3249 4774 102 35 always
3364 4774 67 28 been

2802 4809 197 36 objectionable
3019 4815 28 24 to
3069 4810 47 30 the
3135 4811 149 38 majority;
3304 4812 46 29 the
3364 4812 74 30 chief

2802 4856 96 18 reason
2911 4848 82 33 being
3004 4849 47 26 the
3063 4849 59 26 fear
3139 4850 30 26 of
3187 4851 134 26 sectarian
3344 4852 74 26 teach-

2801 4886 56 36 ing.
2893 4885 64 30 And
2977 4886 23 29 if
3018 4886 47 31 the
3078 4886 91 39 public
3182 4887 107 31 schools
3303 4898 70 21 were
3385 4889 47 30 the

2803 4926 65 33 only
2898 4926 75 34 place
3002 4926 89 27 where
3112 4927 66 26 such
3202 4928 129 35 teaching
3355 4929 79 27 could

2802 4962 63 28 take
2884 4962 76 37 place
2980 4962 76 29 there
3079 4963 88 35 might
3186 4964 33 28 be
3240 4974 76 19 some
3337 4974 97 21 reason

2802 5000 41 28 for
2855 5000 46 28 the
2915 5000 136 37 advocacy
3064 5002 30 28 of
3111 5002 40 33 it;
3169 5002 50 28 but
3237 5013 30 18 as
3279 5004 22 28 it
3312 5004 33 33 is,
3359 5005 75 28 there

2802 5047 45 20 are
2868 5039 114 38 Sunday
3002 5040 108 29 schools
3131 5039 146 40 belonging
3298 5047 27 24 to
3350 5052 83 27 every

2803 5082 56 24 sect
2868 5089 29 17 in
2917 5079 151 36 the-place;
3087 5080 54 28 and
3163 5080 46 28 the
3222 5081 123 29 teachers
3359 5082 75 29 there

2803 5126 50 19 can
2866 5117 79 36 guide
2959 5117 47 28 the
3023 5119 121 27 scholars
3156 5128 29 18 in
3198 5129 56 26 any
3267 5124 88 24 tenets
3367 5121 66 34 they

2804 5164 64 28 may
2898 5155 53 29 feel
2981 5155 122 30 inclined
3132 5160 38 31 to,
3194 5157 116 29 without
3339 5158 94 37 giving

2803 5193 102 28 offence
2919 5198 28 23 to
2960 5194 46 28 the
3019 5195 126 35 opinions
3157 5196 30 28 of
3196 5196 100 27 others.
3335 5197 27 28 It
3374 5199 22 25 is
3406 5198 26 27 iu

2804 5231 75 28 these
2892 5232 108 28 schools
3019 5232 55 28 and
3094 5236 28 24 at
3143 5233 82 28 home
3239 5233 61 29 that
3312 5234 122 29 children

2804 5270 99 29 should
2915 5270 32 29 be
2960 5271 98 37 taught
3070 5272 122 36 religion.

2837 5310 24 26 A
2874 5309 46 28 the
2937 5309 52 27 last
3008 5310 114 28 election
3145 5311 29 28 of
3192 5310 47 29 the
3263 5314 74 26 town
3362 5322 54 19 com-

2804 5346 94 28 mittee
2913 5355 15 19 a
2941 5347 113 27 decided
3075 5353 41 23 set
3136 5357 57 19 was
3206 5349 80 28 made
3299 5353 27 25 to
3339 5353 93 25 return

2804 5385 134 28 members
2950 5385 62 29 who
3030 5395 70 19 were
3121 5386 100 29 known
3243 5387 145 31 advocates
3409 5390 30 28 of

2804 5422 70 29 bible
2887 5423 135 37 teaching,
3036 5425 54 27 and
3105 5425 118 36 through
3239 5427 44 27 the
3293 5437 104 27 agency
3410 5430 30 26 of

2804 5461 46 30 the
2863 5460 99 31 absurd
2985 5463 166 30 cumulative
3172 5468 102 34 system
3295 5467 31 28 of
3343 5468 94 38 voting

2804 5511 75 18 some
2892 5511 59 18 new
2973 5501 80 29 blood
3075 5513 56 17 was
3151 5503 171 30 introduced.
3359 5508 77 33 They

2804 5538 106 34 opened
2928 5539 46 26 the
2994 5541 144 33 campaigu
3155 5545 30 22 at
3204 5550 16 17 a
3242 5548 122 30 meeting
3381 5545 56 26 this

2804 5574 84 35 week,
2909 5575 53 30 and
2987 5576 71 30 their
3084 5578 94 29 tactics
3198 5588 69 20 were
3288 5580 31 30 of
3335 5592 16 18 a
3371 5591 68 29 very

2804 5614 82 28 artful
2897 5619 105 25 natuiv.
3040 5616 58 28 The
3108 5617 68 29 Rev.
3184 5618 45 29 Mr
3239 5620 199 37 Kempthorne,

2804 5651 61 31 who
2878 5653 23 29 is
2914 5663 36 19 an
2963 5654 151 34 Angelican
3127 5660 94 33 pastor
3235 5658 56 30 and
3314 5670 15 19 a
3350 5670 66 19 mem-

2806 5692 46 27 ber
2865 5693 29 26 of
2915 5693 45 28 the
2981 5694 92 27 school
3094 5698 169 33 committee,
3276 5700 100 27 waited
3396 5701 43 26 his

2806 5729 66 30 time
2892 5731 71 29 until
2985 5731 46 30 the
3053 5731 128 41 ordinary
3204 5734 123 32 business
3350 5737 31 29 of
3394 5738 45 30 the

2805 5769 121 35 meeting
2939 5781 55 17 was
3007 5781 73 22 over,
3094 5773 55 27 and
3170 5774 67 27 then
3256 5778 154 34 attempted
3424 5789 16 17 a

2805 5807 128 38 surprise.
2971 5809 43 28 He
3028 5809 87 38 began
3134 5810 36 38 by
3192 5813 113 38 reading
3323 5825 17 19 a
3361 5815 79 30 letter

2806 5847 70 26 from
2896 5847 112 28 himself
3027 5850 54 25 and
3103 5860 17 17 a
3141 5851 110 28 brother
3272 5862 99 25 parson
3394 5857 30 25 ad-

3446 221 110 30 dressed
3571 225 27 25 to
3612 220 47 28 the
3678 217 168 33 committee,
3863 217 98 34 asking
3975 217 42 27 for
4033 226 42 27 per-

3446 262 115 28 mission
3572 265 27 23 to
3613 269 47 18 use
3674 258 47 28 the
3735 264 74 20 town
3821 257 107 27 schools
3951 255 42 29 for
4017 255 71 28 bible

3446 300 114 35 reading
3581 298 91 28 before
3695 296 55 28 and
3773 295 69 28 after
3864 295 94 27 school
3984 295 101 33 hours;

3446 339 55 27 and
3514 336 140 34 evidently
3667 334 56 28 had
3737 333 118 28 counted
3871 342 87 22 noses,
3973 333 54 27 and
4040 343 29 17 ex-

3446 374 110 37 pedite
3581 377 27 24 to
3633 380 80 27 cany
3736 371 43 27 his
3804 371 78 35 point
3906 370 61 28 that
3992 371 89 34 night.

3446 413 58 30 The
3525 412 144 29 chairman
3692 420 56 19 was
3758 410 57 36 just
3829 419 16 19 a
3859 408 68 30 little
3941 413 45 25 too
4000 408 64 29 wide-

3446 453 93 28 awake
3553 452 42 27 for
3614 451 58 27 him
3684 458 6 23 ;
3711 449 55 28 and
3784 448 113 28 showed
3911 452 27 24 to
3951 448 45 28 the
4018 457 53 19 com-

3448 490 103 31 mittee,
3565 498 28 18 in
3615 498 30 18 so
3667 486 112 29 forcible
3791 496 15 18 a
3820 492 129 26 manner,
3963 486 59 27 that
4043 486 46 27 the

3446 534 109 31 request
3585 537 56 18 was
3672 536 30 18 so
3733 525 131 36 palpably
3897 535 16 16 a
3942 533 62 19 one-
4013 523 76 29 sided

3446 568 86 31 affair,
3546 566 55 28 and
3613 564 153 30 indefinite,
3780 562 145 30 inasmuch
3944 571 31 18 as
4000 562 24 28 it
4042 562 46 27 did

3446 611 49 23 not
3508 615 68 18 even
3589 605 125 26 mention
3728 603 47 26 the
3788 602 68 36 days
3869 601 55 28 and
3939 601 95 31 ;hours
4052 610 36 17 on

3447 643 89 28 which
3551 643 47 26 the
3612 641 59 27 said
3683 639 130 34 teaching
3825 649 55 17 was
3894 645 27 21 to
3935 638 61 27 take
4013 638 75 35 place

3447 681 60 29 that
3519 680 47 28 the
3587 678 158 30 committee
3766 676 112 29 decided
3901 682 27 22 to
3950 681 137 32 postpone

3447 721 46 28 the
3507 719 162 29 discussion.

3482 759 69 27 Now
3565 758 45 26 the
3624 755 158 29 Education
3803 756 52 26 Act
3877 755 64 27 does
3957 758 48 22 not
4027 763 43 26 spe-

3447 797 116 35 cifically
3577 794 120 40 prohibit
3718 793 71 29 bible
3811 792 122 38 reading.
3970 792 26 29 It
4010 792 75 37 gives

3446 838 46 26 the
3506 837 157 27 committee
3677 834 98 35 liberty
3789 838 28 23 to
3830 833 79 27 allow
3928 832 47 28 the
3997 841 48 18 use
4059 831 31 29 of

3446 876 47 28 the
3507 874 106 28 schools
3624 874 43 27 for
3679 872 79 28 other
3767 881 130 26 purposes
3906 871 67 28 than
3981 869 104 29 secular

3447 915 155 28 education.
3652 912 26 28 It
3704 912 22 28 is
3751 911 135 28 therefore
3911 910 74 36 quite
4010 919 55 19 com-

3448 956 93 33 petent
3554 952 42 26 for
3608 951 78 27 them
3700 954 29 23 to
3745 950 80 26 allow
3838 949 47 26 the
3898 949 191 26 schoolrooms

3448 996 28 24 to
3489 990 32 29 be
3536 988 67 31 used
3617 989 42 28 for
3677 997 55 28 any
3752 996 126 29 purpose.
3915 986 63 28 And
3998 986 14 27 I
4036 994 33 19 un-

3447 1029 130 29 derstand
3591 1029 60 28 that
3664 1028 37 35 by
3714 1027 47 28 the
3775 1027 66 27 time
3864 1026 46 27 the
3929 1026 158 27 committee

3448 1071 72 24 meet
3535 1067 55 27 this
3605 1066 97 28 month
3725 1066 67 34 they
3814 1064 57 28 will
3892 1064 69 28 have
3985 1073 16 18 a
4024 1073 47 19 con-

3448 1106 133 27 siderable
3594 1105 118 27 number
3726 1103 32 27 of
3777 1102 181 37 applications
3972 1102 40 28 for
4028 1112 45 26 per-

3449 1144 113 28 mission
3584 1148 28 23 to
3634 1152 48 18 use
3707 1142 48 27 the
3779 1140 194 28 schoolrooms.
4011 1140 27 28 It
4065 1141 23 27 is

3448 1182 150 29 rumoured
3610 1182 61 27 that
3683 1182 47 26 the
3750 1180 87 28 whole
3860 1179 31 27 of
3907 1179 47 28 the
3977 1179 110 27 various

3448 1225 70 23 sects
3536 1220 71 28 from
3629 1220 47 27 the
3699 1219 111 27 Church
3880 1218 86 25 Home
3991 1221 28 23 to
4040 1217 47 28 the

3450 1260 142 28 Salvation
3606 1259 84 34 Army
3699 1257 57 28 will
3771 1257 65 28 send
3850 1257 29 27 in
3890 1255 195 38 applications;

3449 1298 60 27 that
3525 1302 52 22 two
3599 1297 76 26 brass
3695 1295 87 28 bands
3804 1295 56 26 will
3883 1295 156 26 endeavour
4057 1299 29 22 to

3450 1345 63 19 save
3526 1337 61 27 rent
3605 1333 35 37 by
3663 1333 114 38 gaining
3789 1332 150 29 admission
3959 1340 35 20 on
4015 1332 71 28 their

3450 1373 116 37 practice
3592 1374 146 34 evenings;
3767 1372 60 28 that
3848 1371 47 28 the
3918 1371 168 28 Caledonian

3452 1412 108 36 Society
3573 1421 62 18 now
3648 1411 119 35 forming
3787 1408 98 30 intend
3906 1413 27 24 to
3955 1408 100 37 import
4069 1418 16 18 a

3450 1460 76 27 gross
3548 1450 30 28 of
3596 1449 139 36 bagpipes,
3756 1457 31 19 so
3810 1457 30 19 as
3862 1452 28 24 to
3909 1448 117 27 instruct
4041 1447 47 28 the

3450 1489 85 34 rising
3559 1489 159 34 generation
3749 1488 28 27 in
3807 1487 48 27 the
3886 1487 114 27 hideous
4031 1495 57 18 row

3453 1527 87 27 which
3555 1527 65 27 does
3632 1526 68 35 duty
3714 1526 41 27 for
3773 1525 87 27 music
3883 1524 28 27 in
3931 1524 46 27 the
4000 1524 69 34 High-

3452 1565 78 29 lands
3539 1574 8 26 ;
3559 1565 55 28 and
3627 1565 61 32 last,
3699 1567 49 26 not
3758 1564 76 32 least,
3845 1563 46 28 the
3900 1562 190 36 Freethought

3451 1605 171 28 Association
3636 1603 58 28 talk
3707 1603 30 28 of
3755 1602 110 38 putting
3877 1603 27 26 in
3920 1611 35 18 an
3969 1602 102 36 applica-

3454 1642 55 27 tion
3535 1643 41 26 for
3599 1651 77 18 room
3702 1646 28 23 to
3755 1641 97 35 spread
3883 1640 75 26 their
3986 1640 102 34 gospel.

3452 1680 78 37 They
3554 1678 82 30 claim
3658 1684 27 23 to
3707 1679 70 28 have
3799 1688 16 18 a
3837 1678 46 36 big
3903 1678 139 35 following
4055 1677 33 27 Jo

3453 1720 46 27 the
3522 1718 204 29 Freethinkers.
3763 1718 15 28 I
3799 1716 107 37 happen
3928 1720 28 24 to
3975 1716 80 28 know
4073 1725 17 18 a

3453 1757 51 27 few
3516 1757 31 27 of
3558 1757 85 32 them,
3656 1756 54 27 and
3725 1756 66 36 they
3812 1765 45 17 are
3878 1765 15 17 a
3916 1763 66 27 very
3995 1754 95 27 liberal

3454 1796 38 27 lot
3504 1795 83 27 taken
3600 1805 30 17 as
3643 1805 16 17 a
3672 1795 100 32 whole,
3784 1803 73 19 more
3870 1792 177 37 particularly
4060 1794 29 25 in

3454 1834 46 27 the
3515 1843 60 26 way
3589 1833 65 36 they
3667 1833 177 28 disseminate
3857 1832 71 27 their
3940 1831 148 26 literature.

3455 1873 36 28 Of
3508 1873 34 27 its
3556 1873 110 35 literary
3680 1871 126 37 qualities
3820 1871 14 27 I
3848 1870 55 28 will
3916 1872 49 25 not
3978 1869 70 28 refer
4061 1873 28 23 to

3454 1911 22 27 it
3495 1911 106 27 further
3622 1910 68 27 than
3714 1915 27 22 to
3763 1918 49 26 say
3833 1909 20 26 it
3868 1911 21 24 is
3900 1908 188 34 broad—very

3455 1949 82 28 broad
3540 1949 61 27 —in
3617 1948 35 28 its
3666 1949 91 27 views.
3794 1948 58 27 One
3866 1947 87 28 friend
3966 1947 30 27 of
4015 1946 75 28 mine

3455 1987 54 27 had
3525 1987 42 27 his
3580 1986 79 28 mind
3683 1995 29 19 so
3733 1987 42 26 far
3796 1985 139 35 unhinged
3948 1984 36 35 by
3997 1984 96 35 taking

3456 2030 44 23 too
3516 2026 43 28 bit?
3572 2035 17 18 a
3600 2025 64 28 dose
3678 2026 30 28 of
3729 2024 31 34 it,
3774 2024 60 28 that
3857 2023 35 28 he
3914 2022 179 37 straightway

3455 2063 161 28 committed
3630 2073 15 17 a
3659 2064 73 31 libel,
3745 2063 54 27 and
3820 2062 65 36 only
3904 2066 47 32 got
3972 2062 72 27 clear
4066 2064 27 23 ot

3455 2113 35 17 an
3502 2109 89 21 action
3604 2102 36 37 b}'
3653 2102 47 28 the
3713 2101 184 29 intervention
3911 2101 29 28 of
3960 2111 16 18 a
3998 2100 94 36 couple

3455 2142 30 27 of
3500 2141 110 33 friends,
3625 2141 61 27 who
3699 2141 79 27 knew
3798 2141 47 27 the
3869 2149 90 23 cause,
3973 2139 54 27 and
4049 2148 28 18 ex-

3457 2180 108 36 plained
3579 2181 46 26 the
3638 2184 101 24 matter
3751 2189 78 25 away
3844 2184 27 22 to
3885 2179 47 26 the
3946 2177 147 36 indignant

3455 2217 107 37 injured
3576 2227 60 18 one.
3674 2218 56 27 But
3749 2217 76 27 there
3838 2217 22 26 is
3874 2226 15 17 a
3902 2216 49 27 sad
3973 2219 74 24 want
4066 2216 30 26 of

3457 2257 158 36 unanimiiy
3636 2267 17 18 a
3666 2267 73 23 nong
3758 2256 77 29 these
3860 2256 153 35 Agnostics.
4050 2254 44 29 No

3457 2299 53 21 two
3535 2295 30 26 of
3586 2301 76 19 tiiem
3689 2295 65 25 hold
3779 2295 47 25 the
3852 2303 75 17 same
3958 2294 135 33 opinion?.

3458 2330 67 29 Talk
3540 2330 30 29 of
3580 2330 101 29 schism
3696 2331 28 28 in
3738 2331 45 28 the
3794 2330 110 28 Church
3914 2330 30 28 of
3954 2329 139 34 England,

3457 2381 29 17 or
3499 2381 54 25 any
3566 2371 79 27 other
3657 2375 65 23 sect.
3759 2370 82 35 Why,
3862 2370 164 28 Romanism
4038 2369 57 27 and

3458 2409 46 27 the
3519 2409 149 36 Vlymout'i
3691 2408 192 28 Brotherhood
3904 2417 45 18 are
3972 2414 48 21 not
4042 2408 39 26 far-

3458 2449 62 27 ther
3532 2454 80 30 apart
3624 2449 66 27 than
3715 2449 75 27 these
3807 2447 139 29 advanced
3960 2446 134 33 thinkers,

3458 2487 61 26 who
3545 2487 65 31 only
3632 2496 79 23 agree
3735 2496 75 25 upon
3835 2487 46 25 the
3913 2496 51 16 one
3993 2485 103 26 radical

3459 2524 132 38 principle
3622 2524 30 29 of
3679 2524 106 39 pulling
3815 2523 80 29 down
3932 2523 163 37 everything

3459 2565 84 26 that's
3563 2574 47 24 up,
3631 2565 117 26 without
3775 2564 202 34 endeavouring
4001 2569 28 21 to
4053 2573 27 17 re-

3461 2600 75 36 place
3549 2602 22 25 it
3583 2600 37 36 by
3632 2602 136 34 anything
3780 2601 61 26 half
3850 2610 30 17 as
3893 2601 79 34 good.
4010 2601 63 25 How-

3461 2647 72 24 ever,
3546 2638 81 28 when
3641 2639 36 27 all
3697 2639 75 27 these
3795 2638 180 36 applications
3994 2647 34 25 go
4052 2637 28 28 be-

3461 2675 56 27 fore
3531 2676 46 25 the
3592 2681 63 22 next
3669 2677 93 26 school
3780 2676 158 26 committee
3953 2676 74 27 there
4040 2676 56 26 will

3460 2713 33 29 be
3508 2713 89 37 ample
3611 2724 77 19 room
3700 2714 42 28 for
3754 2714 161 28 discussion.

3580 2770 56 26 The
3657 2769 156 35 Champion
3835 2770 150 34 Company.

3498 2816 57 28 The
3577 2820 75 32 great
3673 2817 120 34 meeting
3813 2816 30 28 of
3859 2816 46 29 the
3925 2816 65 28 29tii
4012 2826 56 18 was
4081 2826 15 18 a

3462 2855 145 28 miserable
3627 2856 106 27 failure.
3778 2856 58 27 The
3860 2856 150 35 capitalists
4034 2856 62 26 who

3463 2903 70 17 were
3546 2894 134 36 supposed
3694 2899 27 22 to
3734 2893 33 28 be
3786 2903 80 24 eager
3885 2899 29 21 to
3934 2894 88 27 invest
4042 2893 54 27 had

3463 2932 89 26 either
3561 2932 123 34 changed
3704 2932 71 26 their
3796 2932 91 26 minds
3910 2941 30 17 or
3961 2932 135 32 forgotten

3463 2974 28 22 to
3516 2969 67 27 send
3606 2970 29 26 in
3661 2969 180 36 applications
3862 2970 42 26 for
3922 2969 173 35 preferential

3462 3007 103 32 shares,
3579 3008 52 27 and
3646 3008 46 27 the
3706 3007 78 35 thing
3800 3012 69 23 went
3891 3007 39 28 off
3949 3017 65 26 veiy
4034 3007 58 28 flat.

3462 3045 85 28 There
3561 3055 88 18 seems
3662 3050 28 23 to
3708 3046 31 27 be
3761 3057 15 16 a
3799 3055 63 23 very
3883 3055 66 27 poor
3970 3050 125 32 prospect

3461 3087 29 24 at
3502 3087 108 32 present
3623 3083 88 29 before
3734 3083 75 28 them
3831 3085 31 27 of
3878 3083 116 37 keeping
4006 3091 48 22 out
4066 3085 30 27 of

3462 3122 169 35 liquidation.
3681 3122 88 27 Those
3800 3127 107 30 present
3937 3123 156 27 subscribed

3462 3160 71 26 JCL'2S
3556 3165 27 22 to
3606 3160 82 27 smelt
3708 3159 74 28 what
3802 3169 45 18 ore
3868 3160 75 28 there
3965 3160 22 27 is
4007 3165 27 23 at
4048 3160 45 28 the

3462 3198 126 30 machine
3601 3199 49 29 site
3663 3198 29 29 in
3706 3198 46 29 the
3775 3198 70 38 hope
3866 3198 59 29 that
3945 3199 25 28 if
3989 3199 60 29 that
4070 3200 24 28 is

3460 3239 146 25 successful
3627 3238 61 27 that
3711 3249 74 15 more
3808 3238 155 27 confidence
3985 3239 56 26 will
4059 3239 33 26 be

3460 3275 48 26 felt
3521 3277 26 24 in
3561 3275 47 27 the
3622 3280 113 23 venture
3747 3276 35 35 by
3795 3276 46 27 the
3864 3276 148 35 capitalists
4031 3277 63 26 who

3462 3322 45 18 are
3521 3313 113 35 holding
3646 3313 77 28 back.

3596 3374 57 27 The
3666 3374 135 35 Borough
3813 3375 153 27 Elections.

3494 3421 58 28 The
3564 3421 188 28 nominations
3765 3423 30 26 of
3805 3423 46 27 the
3864 3423 129 33 Borough
4005 3423 71 27 Coun-

3460 3460 90 27 cillors
3563 3470 45 18 are
3619 3467 27 21 to
3660 3460 31 27 be
3701 3461 79 27 made
3791 3471 35 18 on
3840 3461 130 35 Monday.
4007 3461 88 28 There

3460 3498 23 28 is
3495 3506 47 20 not
3556 3497 82 29 much
3653 3498 56 29 talk
3723 3498 82 29 about
3822 3499 20 28 it
3855 3506 63 29 yet;
3938 3499 54 28 and
4015 3501 64 26 noth-

3459 3537 46 35 ing
3519 3537 110 28 definite
3642 3538 23 27 is
3685 3538 98 27 settled
3806 3539 63 27 who
3881 3549 23 17 is
3917 3543 28 23 to
3966 3539 33 28 be
4009 3539 69 27 nomi-

3460 3574 81 28 nated
3552 3583 7 24 ;
3578 3576 48 26 but
3639 3576 77 26 there
3729 3576 56 26 will
3798 3576 32 26 be
3844 3586 16 16 a
3872 3576 53 26 fair
3934 3577 156 34 proportion

3460 3613 30 29 of
3499 3623 59 18 new
3582 3613 88 32 blood,
3683 3613 55 29 and
3760 3615 28 27 iu
3809 3624 48 26 my
3872 3620 63 22 next
3951 3614 14 28 I
3986 3614 55 28 will
4064 3614 31 29 bo

3460 3653 59 26 able
3538 3657 28 22 to
3584 3654 60 32 give
3664 3661 57 26 you
3739 3663 75 17 some
3839 3654 61 26 idea
3919 3655 28 25 of
3969 3654 46 26 the
4034 3664 46 17 can-

3460 3690 104 28 didates
3601 3690 54 28 and
3691 3690 71 28 their
3798 3691 212 38 performances,
4038 3691 57 29 and

3460 3729 117 28 chances
3589 3730 29 26 in
3632 3730 46 27 the
3691 3733 90 24 event.

3636 3790 56 27 The
3712 3790 101 28 Buller
3836 3791 87 27 Road.

3493 3837 125 28 Auother
3638 3838 76 28 work
3733 3838 24 28 is
3779 3842 28 24 to
3825 3839 33 27 be
3872 3839 103 28 started
3994 3849 36 18 on
4051 3840 46 28 the

3460 3875 64 27 road
3538 3875 122 28 between
3679 3877 102 27 Nelson
3801 3877 56 26 and
3869 3878 47 26 the
3937 3878 83 27 Coast
4042 3878 57 26 this

3460 3913 84 29 week.
3580 3913 58 29 The
3655 3917 155 26 contractor
3822 3915 42 28 for
3884 3915 47 28 the
3953 3915 142 29 Motueka-

3462 3951 143 37 Motupiko
3629 3952 94 36 bridge
3747 3962 174 19 commences
3942 3954 156 36 operations

3460 3995 27 22 at
3501 4000 76 18 once.
3615 3990 86 28 There
3712 3990 49 28 has
3770 3991 68 28 been
3849 4001 16 18 a
3876 3991 82 35 slight
3970 4002 109 26 passage-

3460 4032 124 28 at-arms,
3597 4030 28 25 in
3639 4029 46 27 the
3701 4029 65 36 Sloj)
3780 4030 117 33 Bucket,
3910 4030 122 28 between
4050 4031 47 27 the

3460 4070 153 24 contractor
3629 4066 55 27 aud
3697 4076 36 18 an
3754 4068 186 28 unsuccessful
3962 4068 135 33 tenderer,

3460 4105 101 36 calling
3586 4105 112 29 himself
3932 4106 59 30 The
4015 4107 82 29 latter

3460 4144 23 27 is
3508 4145 140 27 notorious
3674 4145 42 27 for
3739 4146 114 32 rushing
3876 4146 59 28 into
3960 4148 74 35 print
4059 4157 36 17 011

3460 4191 80 26 every
3549 4183 172 26 conceivable
3731 4183 112 35 subject,
3855 4185 49 26 but
3912 4185 23 27 is
3944 4185 148 35 especially

3460 4225 75 27 great
3548 4220 80 27 when
3642 4221 33 26 he
3688 4221 50 27 has
3751 4231 15 17 a
3780 4221 107 28 fancied
3900 4223 143 34 grievance
4066 4229 27 22 to

3461 4258 138 27 ventilate.
3665 4258 124 29 Colonial
3834 4269 68 19 once
3916 4260 63 28 held
3992 4270 16 18 a
4022 4261 54 27 Gov-

3463 4300 127 23 ernment
3600 4297 191 35 appointmeut
3803 4308 31 17 as
3847 4308 36 17 an
3896 4300 138 34 engineer,
4045 4299 54 27 and

3460 4334 42 26 his
3519 4334 101 27 talents
3641 4343 70 19 were
3736 4338 49 24 not
3810 4336 174 35 appreciated
4005 4346 31 18 as
4060 4337 34 27 ho

3461 4371 158 29 considered
3632 4372 66 36 they
3712 4372 98 28 should
3829 4374 70 28 have
3912 4375 68 27 been
3992 4374 37 36 by
4048 4375 47 27 the

3462 4410 94 28 Public
3571 4411 98 28 Works
3691 4411 183 36 department,
3888 4413 55 27 and
3955 4413 34 28 he
4010 4412 85 30 found

3461 4453 27 25 to
3505 4449 44 28 his
3568 4450 202 29 astonishment
3791 4461 36 19 on
3852 4461 15 19 a
3889 4452 55 28 fine
3967 4454 129 33 morning

3461 4489 60 28 that
3534 4488 46 29 the
3593 4489 189 30 Government
3795 4500 70 20 were
3875 4491 98 29 insane
3986 4492 109 36 enough

3462 4532 26 22 to
3502 4527 80 27 think
3597 4528 64 35 they
3674 4528 80 28 could
3767 4538 53 18 run
3833 4530 46 27 the
4019 4532 61 26 with-

3461 4569 47 24 out
3526 4565 43 28 his
3588 4566 157 29 assistance.
3791 4567 75 29 Ever
3890 4568 74 29 since
3989 4569 34 28 he
4048 4569 49 27 has

3461 4604 67 28 been
3552 4606 172 34 aggressive;
3743 4606 56 29 and
3823 4617 108 27 anyone
3956 4608 62 29 who
4039 4607 56 28 will

3461 4643 81 27 listen
3555 4649 27 21 to
3596 4644 59 27 him
3667 4645 23 26 is
3710 4644 182 29 buttonholed
3904 4647 55 27 aud
3972 4647 43 27 his
4036 4656 59 18 ears

3460 4680 101 29 dinned
3598 4681 66 29 with
3690 4682 45 28 the
3760 4684 212 37 incompetency
3991 4687 28 26 ot
4048 4685 46 27 the

3462 4720 113 28 P.W.D.
3597 4721 55 27 and
3674 4722 48 27 the
3746 4724 103 27 virtues
3873 4724 56 27 and
3952 4725 95 35 genius
4071 4723 29 27 of

3676 4760 166 29 Sometimes
3861 4762 29 28 in
3907 4762 44 28 his
3973 4763 105 27 lucubra-

3461 4797 70 28 tions
3552 4798 29 27 iu
3604 4799 74 35 print
3699 4799 35 28 he
3747 4800 110 28 catches
3880 4810 16 18 a
3905 4801 115 33 Tartar;
4040 4800 55 28 and

3461 4846 36 17 011
3517 4836 56 27 this
3594 4839 126 26 occasion
3743 4839 34 27 he
3790 4840 102 33 caught
3913 4845 64 27 two,
3991 4840 40 28 for
4050 4839 45 28 Mr

3462 4873 78 28 Mace
3553 4882 77 20 came
3643 4879 28 24 to
3686 4875 44 28 Mr
3739 4875 122 30 Thomas
3874 4877 148 28 assistance
4041 4876 54 28 and

3462 4913 121 28 between
3613 4914 47 28 the
3686 4919 53 24 two
3764 4922 28 22 ot
3818 4916 78 29 them

3461 4955 46 30 got
3520 4960 17 18 a
3550 4960 65 27 very
3628 4953 123 36 salutary
3763 4954 143 35 gruelling.

3945 4993 116 27 Korari.

3502 5089 84 31 THE
3611 5089 138 33 GREAT
3774 5092 111 32 BANK
3909 5092 147 32 FRAUD.

3781 5199 126 37 Sydney,
3926 5200 70 31 Mav
4010 5201 45 29 28.

3502 5247 84 38 Holt,
3615 5249 195 43 ex-Manager
3837 5253 32 31 of
3900 5253 50 31 the
3982 5252 116 41 Sydney

3463 5301 112 32 branch
3591 5303 32 31 of
3647 5304 51 32 the
3713 5305 80 32 bank
3808 5306 31 32 of
3860 5307 73 31 New
3957 5305 138 36 Zealand,

3463 5364 60 21 was
3537 5354 130 43 brought
3681 5357 98 33 before
3795 5359 49 31 the
3860 5359 121 32 Central
4005 5358 73 32 Crim-

3463 5407 63 32 inal
3537 5408 93 33 Court
3639 5413 31 28 at
3681 5411 222 42 Darlinghurst,
3911 5413 59 31 and
3978 5411 120 42 pleaded

3464 5452 95 42 guilty
3568 5458 30 27 to
3609 5453 120 44 larceny
3740 5456 33 31 of
3782 5467 16 20 a
3809 5456 113 42 cheque
3933 5457 44 32 for
3988 5457 108 31 £4OOO.

3465 5498 47 31 He
3526 5509 61 21 was
3608 5501 162 32 remanded
3794 5502 45 31 for
3862 5506 148 27 sentence.
4051 5500 46 31 He

3465 5541 104 30 looked
3596 5543 77 37 pale,
3696 5545 59 28 and
3782 5555 66 19 wan
3876 5546 59 28 and
3958 5544 138 39 dejected.

3467 5583 62 33 The
3554 5585 151 43 following
3729 5590 170 35 statement,
3923 5587 115 33 written
4061 5585 37 42 by

3467 5628 83 37 Holt,
3566 5640 61 21 was
3641 5632 70 31 read
3725 5634 32 30 to
3771 5633 51 31 the
3833 5634 96 30 Judcre
3942 5644 48 19 :

3539 5674 82 33 Your
3669 5676 114 38 Honor,
3831 5677 98 33 before
3982 5675 117 43 passing

3467 5722 139 29 sentence
3618 5731 80 30 upon
3710 5732 47 21 me
3769 5722 15 30 I
3795 5722 105 31 should
3912 5722 57 30 like
3981 5726 30 26 to
4021 5721 78 29 draw

3467 5774 73 28 your
3555 5765 149 32 atteution
3718 5769 31 29 to
3763 5778 17 19 a
3794 5767 56 31 few
3863 5769 133 32 matters,
4005 5762 95 33 which

3469 5806 14 31 I
3498 5810 78 30 trust
3590 5819 69 32 may
3677 5809 76 33 have
3768 5821 81 21 some
3874 5810 84 32 effect
3972 5809 31 32 in
4024 5806 61 33 miti-

3468 5853 104 38 gating
3592 5854 51 29 the
3669 5856 193 35 punishment
3877 5856 96 29 which
3989 5855 14 28 1
4029 5863 71 19 nave

1405 80 117 42 THE
1578 85 184 41 LYELL
1817 87 186 45 TIMES,
2060 83 307 47 SATURDAY,
2420 81 137 54 JULY
2609 95 34 39 3,
2703 84 102 39 ISB6.

305 207 116 32 Public
447 209 149 31 Notices.

136 289 114 40 THE
314 291 218 40 WINTER
588 292 181 41 STOCK

396 367 33 21 AT
449 367 55 21 TIIE

275 410 113 38 NEW
412 411 221 37 ZEALAND

141 470 305 78 Clothing
477 473 294 74 Factory

217 564 138 31 PALME
360 565 129 31 RSTON
524 564 168 36 STREET,

354 621 212 33 WESTPORT,

139 672 59 60 IS
211 682 60 20 now
286 672 99 38 replete
397 674 64 29 witli
476 685 14 17 a
501 674 84 36 really
595 672 177 39 Magnificent

351 713 171 27 Assortment
535 714 30 26 of

139 762 120 42 Men's,
271 763 140 32 Youths'
424 764 69 32 and
505 764 99 40 Boys'

277 809 313 39 Fashionably-Cut
604 809 168 39 Clothing,

140 861 45 29 Ail
203 860 80 29 made
303 860 70 29 from
397 859 66 30 New
482 860 120 29 Zealand
614 860 87 35 Wool,
716 860 43 29 tho-

301 899 115 36 roughly
429 900 114 32 shrunk,
558 900 54 27 and

141 966 24 29 A
187 965 94 37 Single
293 964 106 30 Article
414 965 66 29 Sold
492 967 31 27 at
536 966 122 36 Factory
672 964 102 30 Prices.

142 1070 26 31 A
204 1068 141 41 Splendid
377 1068 189 34 Assortment
611 1068 31 32 of
681 1068 96 30 Men's
786 1068 1 41 j

222 1112 125 33 Youths'
377 1112 60 32 and
470 1113 87 42 Boys'
593 1111 187 41 Waterproof
786 1110 1 45 j

301 1157 149 40 Clothing,
466 1157 40 31 all
518 1157 120 30 marked
649 1156 31 31 in
692 1155 86 31 Plain

380 1201 132 41 Figures,
550 1199 58 33 and
647 1199 70 33 Sold
748 1200 30 30 at

457 1245 125 40 Factory
606 1244 108 31 Prices.

248 1354 235 30 FIRST-CLASS
503 1354 170 28 CUTTERS

143 1408 74 38 Only
231 1418 44 19 are
294 1407 121 38 engaged
437 1406 29 29 in
488 1406 46 28 the
556 1406 86 28 Order
664 1406 97 36 Depart-

374 1449 77 25 ment
463 1449 27 24 at
504 1446 46 28 the

145 1500 90 38 New
254 1497 162 40 Zealand
431 1496 166 52 Clothing
613 1496 163 51 Factory.

143 1605 33 31 A
193 1604 115 39 Single
327 1603 76 32 Suit
419 1603 104 30 Made
548 1604 36 28 to
609 1602 110 30 Order
745 1603 35 28 at

314 1651 146 40 Factory
477 1650 133 33 Prices!

433 1710 56 19 AND

148 1756 167 31 Remember
329 1753 97 32 !—All
452 1753 76 31 from
553 1752 50 32 the
626 1752 87 30 finest
738 1761 28 21 se-

147 1797 95 33 lected
256 1798 71 31 New
343 1797 129 32 Zealand
493 1796 95 37 Wool,
604 1794 179 40 thoroughly

146 1842 124 37 shrunk,
286 1841 58 32 and
358 1851 18 21 a
390 1840 114 32 Perfect
518 1840 49 32 Fit
583 1837 197 35 Guaranteed.

221 1947 93 28 Terms
334 1946 109 28 CASH.
480 1946 43 27 No
540 1945 173 27 Abatement.

148 2038 104 38 Agents
281 2037 41 30 for
351 2036 46 30 the
428 2035 160 30 Unrivalled
617 2034 164 30 Wertheim

323 2076 114 29 Sewing
456 2076 154 28 Macaines.

149 2180 82 64 New
262 2179 151 64 Zealand
442 2179 159 78 Clothing
625 2179 158 75 Factory,

185 2270 328 32 PALMERSTON-ST.,
536 2269 214 29 WESTPORT.

242 2375 36 31 T.
297 2373 439 41 BLENNERHASSETT,

350 2427 132 33 Manager
494 2425 139 35 Westport
647 2424 120 28 Branch.
