2520 3999
48 31 378 223 NEW
552 31 882 223 ZEALAND
1560 31 882 223 GAZETTE

1223 254 99 32 AND

48 286 1197 152 WELLINGTON
1365 286 1077 152 SPECTATOR

578 488 218 37 PUBLISHED
840 484 131 40 EVERY
1015 482 254 40 WEDNESDAY
1315 481 87 37 AND
1448 481 224 37 SATURDAY
1719 482 204 37 MORNING.

2237 597 98 40 [Vol.
2357 596 67 32 111.

579 604 127 31 PORT
729 603 284 36 NICHOLSON,
1037 596 257 37 SATURDAY
1319 596 238 38 MORNING,
1580 598 171 32 MARCH
1774 603 30 32 4,
1830 602 88 28 1843.

51 611 58 30 No.
124 609 85 38 225.]

132 700 107 25 SEEAR,
256 699 139 21 Carpenter
409 696 44 23 and
466 696 113 26 Builder,
585 701 36 15 re-

51 719 38 33 >V
106 739 10 9 •
146 726 119 26 spectfully
273 731 129 16 announces
409 723 66 22 to'the
484 722 136 21 inhabitants

44 757 19 22 of
77 755 52 21 Port
146 752 129 26 Nicholson,
294 751 49 22 that
357 751 28 21 he
395 750 41 21 has
445 748 126 28 completed
586 748 34 21 his

43 790 39 16 new
101 780 132 26 workshops,
245 779 43 22 and
301 778 18 21 is
338 785 48 14 now
405 776 68 27 ready
491 780 22 17 to
530 776 50 26 give
595 775 24 20 in

44 807 88 25 Tenders
143 807 35 21 for
188 806 37 21 the
235 806 97 21 erection
343 804 25 21 of
375 803 123 27 Buildings.

66 835 189 24 Manners-street,
265 833 31 21 Te
306 832 54 26 Aro,
372 831 59 22 Nov.
441 832 20 19 9.

45 878 174 51 WANTED,
236 876 60 22 three
313 875 50 28 pair
383 875 26 21 of
424 875 116 21 Sawyers.
579 874 42 20 For

131 904 137 29 particulars,
278 903 66 27 apply
355 906 22 17 to

225 931 29 21 R.
269 930 67 26 Seed,
352 928 57 22 Shoe
423 928 89 25 Maker,

405 954 186 27 Lambton-quay.

66 986 78 23 March
152 987 20 24 3,
184 984 61 22 1843.

45 1035 80 20 Room
147 1030 87 26 Paper
245 1028 6 21 !
279 1029 90 20 Room
391 1025 116 28 Paper!!
532 1026 88 19 Room

261 1055 86 25 Paper
358 1053 5 21 !
373 1053 6 21 !
388 1053 5 21 !

46 1084 82 51 THE
141 1082 157 26 undersigned,
311 1080 81 27 having
402 1078 125 28 purchased
536 1086 14 13 a
559 1077 61 27 large

111 1110 44 22 and
164 1108 76 23 varied
247 1110 132 19 assortment
389 1106 25 22 of
419 1105 36 22 the
465 1105 48 21 best
522 1107 98 24 patterns

45 1140 18 21 of
68 1145 59 14 room
136 1143 71 21 paper
214 1136 35 20 for
256 1134 106 26 hanging,
369 1133 54 26 begs
433 1132 63 22 leave
506 1135 22 17 to
537 1131 82 21 inform

44 1166 29 21 the
89 1164 73 27 public
176 1162 49 21 that
240 1161 28 21 he
284 1162 17 20 is
318 1167 49 15 now
384 1158 95 23 enabled
494 1161 23 19 to
527 1157 41 22 sell
584 1157 35 21 the

44 1199 52 15 same
106 1194 23 18 at
138 1196 54 20 very
203 1187 98 23 reduced
310 1188 78 26 prices.

118 1224 96 21 George
230 1222 95 25 Briggs,
338 1220 90 22 Painter
438 1219 44 22 and
496 1218 94 26 Glazier,

45 1257 111 24 Thomdon
167 1257 73 25 Quay,
245 1263 53 14 near
308 1254 155 28 Couper's,the
473 1253 84 22 Thistle
568 1253 52 21 Inn.

66 1291 97 24 January
172 1289 36 25 27,
219 1289 61 20 1843.

259 1333 52 20 For
327 1332 69 20 Sale.

47 1369 82 49 THE
144 1366 105 23 HOUSE
265 1365 42 22 and
322 1364 149 25 KITCHEN,
486 1362 95 23 situated
592 1369 29 14 on

113 1395 109 21 Lambton
233 1394 73 25 Quay,
315 1392 45 21 late
370 1391 23 21 in
405 1390 37 21 the
456 1389 131 27 occupation
597 1389 25 20 of

46 1424 30 20 the
87 1420 124 23 Wakefield
221 1419 63 22 Club.
313 1418 43 21 For
372 1417 138 27 particulars,
522 1415 66 28 apply
598 1418 22 19 to

275 1446 108 21 Richard
398 1444 87 26 Baker,

340 1471 119 26 Honorary
470 1472 122 23 Secretary.

68 1502 141 26 Wellington,
221 1500 112 24 February
346 1500 33 24 14,
392 1498 59 21 1843.

221 1545 37 21 W.
275 1545 31 21 M.
323 1543 107 26 SMITH,

47 1589 49 14 lATE
106 1585 235 16 SURVEYOR-GENERAL
352 1583 27 14 TO
392 1583 45 14 THE
452 1582 51 14 NEW
519 1581 102 15 ZEALAND

256 1620 5 2 -
273 1610 114 19 COMPANY,

69 1640 138 23 Surveyor,
223 1636 210 26 Draughtsman,
449 1634 56 21 and
519 1633 74 20 Land

282 1663 99 25 Agent.

47 1695 167 26 Tinakori-road,
225 1695 99 25 January
338 1695 20 24 4,
371 1694 61 21 1843.

232 1741 43 20 Ex

49 1777 78 48 FOR
139 1774 84 27 SALE,
240 1774 29 26 by
280 1773 35 21 the
325 1771 152 27 undersigned
484 1779 5 13 :
492 1782 28 4 —

111 1803 54 20 Fine
176 1801 36 22 old
226 1799 121 23 Yorkshire
358 1799 34 21 ale
407 1799 23 21 in
447 1798 69 25 casks,
528 1797 57 21 from
596 1797 25 20 18

47 1830 75 27 gallons
132 1832 21 18 to
163 1830 34 25 45,
209 1826 141 28 particularly
360 1823 172 24 recommended
543 1824 35 20 for
584 1822 37 22 the

49 1865 30 13 use
89 1857 25 20 of
118 1855 85 28 private
212 1854 101 25 families,

70 1884 33 20 An
113 1884 131 20 assortment
254 1881 24 20 of
285 1880 45 25 kip,
341 1878 68 26 welts,
419 1877 44 22 and
472 1877 47 21 sole
529 1876 90 27 leather,

70 1909 69 22 Men's
150 1909 43 21 and
204 1906 118 23 children's
332 1906 63 22 boots
404 1905 44 21 and
458 1904 71 26 shoes,

69 1937 49 20 Port
128 1935 41 22 and
179 1935 77 26 sherry
266 1933 23 21 in
298 1932 70 25 wood,

69 1961 87 28 English
174 1961 44 21 silk
234 1959 178 26 handkerchiefs,
432 1957 102 26 oatmeal,
551 1956 44 22 and
608 1963 13 14 a

49 1991 75 25 vnriety
134 1989 25 21 of
164 1988 64 22 other
237 1987 94 22 articles.

292 2020 37 21 W.
345 2020 25 21 B.
386 2020 96 21 Rhodes
497 2018 44 21 and
555 2017 38 21 Co.

69 2049 75 23 March
153 2050 21 24 3,
186 2050 61 19 1843.
502 2059 4 4 •

259 2093 53 21 For
327 2092 68 20 Sale.

49 2131 41 46 A
118 2125 287 25 DWELLING-HOUSE
433 2131 26 14 on
485 2123 137 27 Wellington

117 2156 100 24 Terrace,
228 2152 96 28 adapted
334 2152 37 21 for
378 2159 13 14 a
400 2151 65 22 small
475 2151 85 25 family.

70 2183 39 21 For
117 2180 137 29 particulars,
264 2179 90 27 enquire
365 2182 23 17 at
398 2178 37 21 the
447 2178 61 21 Store
519 2178 26 20 of

184 2215 32 21 H.
232 2214 95 22 Taylor
343 2213 20 21 &
378 2212 47 26 Co.,
436 2211 159 22 Willis-street.

70 2250 106 26 February
186 2250 20 24 3,
219 2249 60 20 1843.

263 2293 51 20 For
329 2292 71 23 Sale,

51 2328 79 30 rpHE
144 2326 144 24 COTTAGE
303 2325 95 22 situated
408 2325 24 21 in
449 2325 100 21 Oriental
566 2323 55 27 Bay,

55 2347 22 30 _L
113 2354 42 23 and
171 2354 67 27 lately
249 2352 105 28 occupied
369 2352 30 26 by
409 2351 37 22 the
463 2351 158 26 undersigned.

51 2382 15 21 A
77 2382 50 26 long
143 2381 60 22 lease
221 2381 26 21 of
263 2379 37 22 the
314 2378 86 23 section
414 2385 58 21 upon
492 2377 73 22 which
585 2377 36 21 the

51 2408 55 23 house
116 2408 74 22 stands
200 2407 45 22 will
254 2407 27 21 be
291 2405 102 28 granted.

69 2436 63 21 Town
141 2434 54 23 land
204 2434 45 21 will
258 2434 27 21 be
294 2432 67 22 taken
372 2432 23 21 in
405 2431 123 27 exchange.

72 2463 36 20 For
117 2461 83 22 further
208 2460 135 28 particulars,
355 2459 66 27 apply
431 2462 23 17 to

357 2495 97 22 George
468 2495 90 26 Duppa,
573 2501 24 14 or

356 2522 35 21 W.
408 2521 29 21 V.
452 2521 102 22 Brewer,

138 2569 179 25 Preliminary
331 2568 79 20 Land
425 2566 92 21 Order.

52 2603 54 47 TO
120 2602 37 22 BE
172 2601 88 26 SOLD,
280 2608 26 14 an
326 2598 72 23 Order
414 2598 35 22 for
465 2598 39 21 the
524 2598 98 27 Country

113 2629 67 26 Land,
191 2631 39 24 yet
237 2626 129 23 unselected
367 2638 28 3 —
396 2631 67 17 terms
472 2625 88 22 liberal:
580 2625 42 21 For

52 2656 122 26 particulars,
186 2654 68 28 apply
264 2657 23 18 to

155 2688 92 21 Messrs.
263 2686 100 22 Brewer
379 2685 46 22 and
438 2685 155 21 Blathwayt.

73 2721 92 27 January
175 2723 32 23 11,
221 2721 60 21 1843.

204 2766 89 20 Beach
310 2765 146 25 Frontage.

55 2799 53 48 TO
122 2800 37 22 BE
173 2799 65 27 LET,
254 2798 70 22 beach
333 2798 103 25 frontage
450 2798 44 21 lots
504 2798 24 21 in
539 2799 83 19 section

113 2828 39 21 490
162 2833 36 15 on'
207 2826 37 22 the
256 2822 54 25 Plan
321 2825 27 21 of
355 2824 37 22 the
402 2824 68 22 Town
484 2824 27 21 of
518 2823 104 26 Welling-

53 2856 34 22 ton,
98 2853 111 27 adjoining
219 2853 43 22 Mr.
270 2852 90 22 Taine's
366 2855 59 18 store
430 2859 5 18 ;
451 2850 45 22 and
505 2851 24 21 in
539 2850 83 22 section

53 2880 35 26 616,
96 2880 95 22 between
200 2880 77 27 Major
284 2878 90 22 Baker's
385 2878 44 21 and
437 2878 45 21 Mr.
490 2877 132 22 Swainson's

53 2904 74 25 houses.

73 2933 49 22 Also
131 2933 36 22 the
175 2933 115 27 following
299 2935 96 19 sections
405 2938 30 15 on
444 2930 38 23 the
489 2930 57 23 Plan
555 2930 25 22 of
587 2930 35 22 the

54 2958 63 29 Town,
126 2961 45 21 viz:
172 2972 29 4 —

141 2988 26 20 55
303 2987 42 20 319
494 2985 41 21 922

129 3013 49 23 240'
304 3013 41 21 718
357 3010 5 3 '
481 3012 55 21 1079

73 3040 68 27 Apply
154 3044 23 18 to

215 3067 25 21 E.
258 3067 21 21 J.
294 3066 150 26 Wakefield,
461 3072 24 14 or

213 3098 36 20 W.
264 3097 28 22 V.
308 3097 108 26 Brewer,
431 3097 191 21 Manners-street.

54 3142 54 49 TO
126 3143 38 22 BE
184 3142 87 26 SOLD,
287 3142 23 22 in
324 3142 43 21 lots
382 3144 23 19 to
425 3142 44 21 suit
487 3140 135 28 purchasers

106 3170 38 21 the
158 3170 71 21 whole
245 3169 26 22 of
282 3172 59 19 town
357 3175 50 16 acre
422 3168 45 22 No.
478 3169 47 25 134,
543 3174 29 15 on
586 3166 36 22 the

52 3194 40 26 plan
104 3196 24 21 of
131 3196 45 21 the
176 3196 62 21 Town
245 3196 25 21 of
274 3196 142 26 Wellington,
423 3195 83 26 having
512 3194 110 27 frontages

52 3224 15 18 to
75 3222 186 23 Taranaki-street
270 3222 45 21 and
324 3223 196 27 Ingestrie-street.
548 3222 74 22 Terms

51 3245 74 25 liberal.
153 3248 74 28 Apply
237 3252 23 18 to
270 3266 3 3 .

373 3276 37 21 W.
421 3275 28 22 V.
461 3276 108 27 Brewer,

432 3302 190 23 Manners-street.

73 3328 54 22 June
137 3328 32 25 17,
180 3330 62 20 1842.

233 3374 26 19 J.
272 3374 39 19 M.
324 3374 111 25 Taylor,

64 3405 142 24 LICENSED
232 3407 237 22 CUSTOM-HOUSE
494 3408 115 26 AGENT,

172 3434 6 14 :
288 3441 27 14 TE
329 3440 52 15 ARO.

55 3476 76 49 FOR
144 3479 84 27 SALE,
245 3485 28 16 ex
285 3480 116 26 Margaret,
413 3479 48 26 &c,

115 3508 26 20 25
153 3507 79 21 tierces
242 3506 57 26 beef,
310 3506 5 7 v

76 3533 11 20 3
99 3535 48 20 tons
156 3532 94 23 colonial
259 3532 52 28 hay,

75 3559 12 20 3
98 3561 48 21 tons
155 3560 59 22 Siam
224 3567 72 20 sugar,
346 3569 12 12 „•
381 3564 3 4 '

75 3586 24 21 30
110 3585 80 23 barrels
198 3586 86 22 bottled
295 3585 40 25 ale,

75 3612 23 21 50
110 3612 65 23 boxes
185 3616 43 24 tea,

76 3638 22 21 SO
110 3640 38 21 ash
157 3647 55 18 oars,

75 3665 23 21 30
110 3668 46 19 tons
165 3665 66 27 coals,

75 3689 53 30 Port,
139 3692 83 28 sherry,
233 3693 44 22 and
288 3693 103 23 Madeira
405 3692 25 23 in
438 3692 78 28 bottle,
528 3692 94 23 Ruther-

57 3715 37 24 'ord
103 3719 43 22 and
155 3719 95 28 Drury's
259 3720 77 27 brand,

76 3742 91 30 Liquers,
178 3746 24 21 in
213 3746 72 22 dozen
295 3754 68 20 cases,

77 3770 139 29 Champagne,

76 3795 88 31 Brandy,
174 3806 56 19 rum,
242 3799 47 22 and
295 3799 36 27 gin
342 3800 24 22 in
376 3800 73 27 hhds.,

76 3824 23 21 30
110 3827 48 20 tons
166 3825 49 22 best
225 3826 89 27 Sydney
322 3826 64 27 flour,

76 3849 23 22 50
110 3853 47 20 tons
166 3852 86 22 Chilian
261 3851 63 28 flour,
335 3860 34 16 ex.
375 3855 104 25 Cheerful.

110 3894 3 4 •
232 3896 4 5 •
351 3886 82 23 Waitt
449 3888 45 23 and
496 3896 3 5 1
508 3889 85 22 Tyber.

76 3907 102 31 February
191 3913 32 26 10,
235 3913 60 21 1843.

880 693 117 20 Observe
1004 691 5 21 !

654 726 71 50 ON
740 726 85 25 SALE,
837 728 22 19 at
868 724 37 22 the
916 724 74 21 Stores
998 723 25 22 of
1029 723 37 21 the
1076 722 155 27 undersigned,

730 753 93 25 Raisins,
833 750 107 26 almonds,
952 750 42 22 and
1001 750 94 21 walnuts
1106 749 24 21 of
1137 748 97 28 superior

652 780 91 27 quality,
755 779 53 22 with
825 787 12 13 a
853 778 75 22 choice
945 778 104 21 selection
1065 776 26 21 of
1098 776 76 26 cigars,
1190 774 44 22 and

651 806 111 28 groceries
773 806 26 21 of
806 813 65 19 every
882 804 138 27 description.

867 836 33 21 M.
917 836 88 25 Asher,
1020 834 186 26 Lambton-quay.

773 882 40 20 To
828 882 85 19 Cover
930 881 53 20 this
999 880 109 20 Season.

653 916 90 48 THE
758 914 108 29 imported
886 912 173 28 thordugh-bred
1066 912 69 26 .horse

712 943 30 26 by
753 941 138 25 St.'Patrick,
903 944 39 18 out
951 941 25 20 of
988 936 90 25 Pastille
1087 939 30 27 by
1128 938 103 26 Rubens;

652 969 73 22 foaled
741 969 22 21 in
776 970 59 20 1836.
870 968 42 20 For
926 966 162 28 performances
1099 973 36 14 see
1147 966 86 25 Racing

652 995 108 22 Calander
775 995 36 21 for
830 996 59 24 1839,
906 993 45 22 and
961 994 60 21 1840.
1062 993 48 22 Ten
1119 993 92 26 guineas
1220 999 13 14 a

652 1030 67 14 mare.

678 1056 48 21 The
741 1055 111 27 imported
868 1052 172 29 thorough-bred
1050 1053 65 21 horse
1131 1051 102 22 Riddles-

651 1082 78 26 worth,
739 1082 29 27 by
781 1081 98 26 Emilius,
896 1084 38 18 out
951 1080 25 22 of
988 1079 99 22 Be-in-a-
1091 1079 96 25 Bonnet,
1204 1079 28 26 by

651 1108 122 23 Blacklock
793 1111 39 18 out
851 1108 25 21 of
901 1107 104 26 Maniac;
1030 1105 76 23 foaled
1128 1105 25 21 in
1173 1106 58 21 1837.

651 1136 47 21 Ten
707 1136 93 26 guineas
810 1142 13 14 a
832 1142 67 14 mare.

733 1162 73 27 Apply
816 1164 23 19 to

821 1194 62 22 Hon.
898 1194 50 22 Mr.
964 1194 84 26 Petre,
1060 1192 145 26 Wellington.

679 1227 113 26 February
808 1227 31 25 16,
851 1227 59 20 1843.

861 1275 155 21 Harmonic.

652 1309 91 31 npHE
759 1309 92 21 Friends
866 1309 26 20 of
908 1308 118 26 Harmony
1039 1314 36 14 are
1094 1305 140 28 respectfully

659 1329 30 28 X
726 1335 109 22 iniormed
845 1335 48 21 that
901 1342 14 14 a
922 1334 97 25 meeting
1029 1334 43 21 will
1081 1333 50 21 take
1140 1333 62 26 place
1212 1335 23 18 at

652 1362 21 21 J.
691 1362 120 25 Fuller's,
823 1361 36 21 the
877 1361 53 27 Ship
945 1361 76 25 Hotel,
1037 1366 67 20 every
1118 1358 117 27 Thursday

652 1389 103 26 evening,
763 1392 25 17 at
797 1390 12 20 8
819 1388 93 21 o'clock.

679 1421 114 25 February
807 1421 32 25 14,
851 1421 60 20 1843.

838 1466 113 20 Gazette
966 1465 87 19 Office.

654 1499 198 24 STATIONERY
867 1498 194 23 WHOLESALE
1076 1497 20 21 &
1112 1496 123 22 RETAIL.

652 1535 88 48 WE
764 1534 43 27 beg
829 1536 22 19 to
875 1539 115 16 announce
1008 1532 37 21 the
1067 1531 87 26 arrival,
1178 1530 58 22 from

748 1561 111 26 England,
871 1561 25 21 of
903 1560 37 21 the
956 1559 48 21 first
1012 1563 48 22 part
1069 1557 25 22 of
1105 1565 40 14 our
1159 1561 78 17 exten-

653 1588 45 22 sive
708 1588 75 22 orders
792 1588 24 21 in
826 1587 44 22 this
880 1587 140 27 department
1030 1585 24 21 of
1061 1584 108 22 business.
1191 1583 46 22 Our

653 1615 62 21 stock
726 1615 90 27 already
826 1615 91 21 consists
933 1614 25 21 of
971 1619 65 20 every
1045 1611 75 22 article
1135 1610 102 28 requi/ed

653 1642 34 21 for
701 1641 98 27 Schools,
816 1641 80 26 Banks,
913 1641 85 24 Courts,
1017 1639 52 21 Law
1086 1638 88 24 Offices,
1194 1637 43 21 and

654 1668 88 27 Artists,
753 1669 41 21 &c.
804 1676 5 19 ;
825 1667 72 22 whilst
906 1667 37 22 the
960 1665 136 23 ornamental
1108 1664 43 22 and
1167 1665 70 21 draw-

654 1697 37 26 ing
703 1702 63 15 room
781 1695 122 26 stationery
917 1694 40 22 has
972 1696 39 18 not
1023 1693 58 20 been
1096 1691 139 21 overlooked.

654 1723 46 22 The
711 1721 126 24 difficulties
848 1721 114 26 attending
971 1719 38 21 the
1018 1719 47 21 first
1072 1717 166 24 establishment

654 1750 81 27 having
743 1750 58 21 been
818 1756 121 19 overcome,
950 1746 45 23 and
1006 1753 64 20 every
1087 1745 80 22 arrival
1182 1745 54 21 from

654 1777 104 27 England
776 1776 84 26 adding
874 1775 60 22 fresh
950 1773 109 23 additions
1073 1775 23 19 to
1114 1778 38 15 our
1167 1771 68 26 stock,

654 1804 44 23 will
715 1803 78 22 enable
808 1810 25 13 us
843 1806 22 17 to
882 1802 80 21 reduce
980 1808 39 14 our
1034 1800 91 26 charges
1135 1806 30 14 on
1180 1802 57 17 most

654 1832 87 21 articles
750 1834 24 18 at
781 1830 58 21 least
847 1830 27 21 50
883 1836 39 21 per
931 1832 57 18 cent.

680 1865 156 26 Storekeepers
854 1862 42 22 and
914 1861 118 22 wholesale
1050 1860 85 21 dealers
1154 1867 42 14 can
1209 1859 28 22 be

654 1891 99 30 supplied
769 1894 23 18 to
807 1897 44 20 any
861 1892 82 23 extent,
962 1888 44 22 and
1021 1895 28 14 on
1067 1892 67 17 terms
1150 1886 87 27 equally

654 1918 164 26 advantageous
827 1921 23 17 to
860 1923 43 20 any
910 1915 106 22 obtained
1024 1914 23 22 in
1058 1914 97 28 Sydney,

680 1944 94 26 Writing
783 1950 75 21 paper,

682 1970 111 28 Imperial,

680 1997 80 28 Royal,

680 2025 115 26 Foolscap,
808 2024 86 21 various
904 2022 107 29 qualities,

681 2053 71 26 Large
760 2051 62 21 thick
830 2054 56 29 post,
898 2057 61 15 wove
969 2050 45 21 and
1024 2049 51 26 laid,

680 2079 59 21 Thin
747 2081 57 24 post,
815 2077 62 27 ditto,

682 2106 55 21 Fine
746 2105 54 21 bath
811 2108 54 23 post,
877 2104 47 27 gilt.

681 2131 88 23 Double
785 2131 111 27 elephant,
912 2130 146 28 antiquarian,
1075 2129 107 27 imperial,
1194 2128 44 22 and

654 2159 62 26 royal
726 2159 99 26 drawing
833 2165 73 20 paper,

682 2185 91 28 Oblong
782 2185 90 26 clasped
882 2184 166 22 memorandum
1058 2183 77 26 books,
1148 2187 2 6 '

681 2213 86 21 French
776 2211 86 28 tracing
871 2218 74 21 paper,

682 2240 87 21 Ladies'
779 2238 46 22 and
834 2238 146 27 gentlemen's
989 2236 54 22 card
1051 2244 69 18 cases,

682 2267 63 21 Ditto
815 2265 34 21 do.
906 2264 72 22 tinted
987 2264 45 21 and
1043 2262 116 23 embossed
1166 2262 70 27 cards,

682 2294 93 26 Sponge,
787 2292 78 22 wafers
874 2291 22 21 in
906 2293 13 20 2
929 2298 34 14 oz.
973 2291 75 25 boxes,

682 2320 68 22 Black
766 2319 56 27 edge
841 2318 45 22 and
904 2318 115 26 bordered,
1040 2318 63 20 letter
1122 2316 45 22 and
1187 2319 50 18 note

655 2354 73 20 paper.

682 2374 91 22 Invoice
783 2373 75 26 books,
869 2372 51 21 with
931 2372 99 26 indexes,
1042 2370 87 22 various
1138 2370 64 26 sizes,

683 2400 56 22 Cash
746 2400 79 25 books,
834 2399 64 22 ruled
907 2398 87 27 double,
1006 2398 87 21 various
1103 2398 62 25 sizes,
1209 2408 7 10 •=

682 2427 132 27 Envelopes,

683 2455 84 21 Pewter
773 2453 122 26 inkstands,

682 2481 79 31 Ebony
770 2480 123 26 inkstands,
904 2478 53 23 with
966 2479 100 25 drawers,

682 2508 72 22 Broad
766 2507 44 22 and
819 2514 84 14 narrow
913 2512 68 21 green
990 2505 42 22 silk
1044 2504 85 26 ribbon,

682 2535 64 21 Brief
753 2534 46 22 and
809 2533 57 23 deed
873 2540 75 20 paper,

682 2561 72 23 Ruled
764 2568 69 21 paper
842 2561 33 21 for
884 2559 40 22 bill
933 2559 75 25 heads,

682 2588 71 27 Royal
770 2587 67 27 nand,
850 2587 79 22 double
947 2586 61 22 hand
1024 2586 83 26 brown,
1125 2584 44 22 and
1177 2584 62 27 royal

654 2616 75 21 brown
740 2615 113 26 wrapping
862 2620 73 21 paper,
1103 2623 4 9 '

682 2641 98 27 Ledgers
782 2643 3 5 1
790 2641 45 22 and
845 2643 95 20 account
947 2639 78 27 books,
1035 2639 89 21 various
1133 2638 64 26 sizes,

682 2669 82 21 Pocket
772 2668 88 27 ledgers
870 2667 42 23 and
922 2666 169 22 memorandum
1100 2665 76 27 books,

682 2695 120 26 Engraved
812 2702 55 20 copy
874 2694 53 27 slips
936 2693 46 21 and
990 2692 77 27 books,

684 2722 50 21 Best
744 2721 79 22 Welch
833 2722 65 20 slate*
914 2721 62 26 large
984 2719 43 21 and
1036 2718 71 28 small,

682 2748 73 22 Blank
765 2748 71 22 music
846 2747 56 22 book

682 2776 103 26 Message
795 2774 71 27 cards,

682 2801 110 23 Coloured
804 2808 78 21 papers

683 2830 70 26 Sugar
762 2835 86 21 papers,

684 2855 59 22 Isote
753 2862 86 20 papers,

682 2882 92 27 Playing
784 2881 70 26 cards,
866 2881 103 23 coloured
979 2881 43 21 and
1028 2880 52 27 gold
1090 2880 74 27 backs,

683 2910 60 27 Copy
753 2909 77 25 books,
851 2925 2 5 ,

682 2935 70 23 Black
760 2935 53 22 lead
821 2934 89 29 pencils,

683 2963 65 22 India
756 2961 89 27 rubber,
856 2962 69 21 bottle
935 2961 45 21 and
993 2964 83 24 patent,

682 2990 68 27 Ivory
759 2989 82 21 folders
851 2987 45 23 and
904 2988 86 25 knives,

683 3017 46 21 Pen
741 3015 85 27 knives,

683 3043 85 26 Rulers,
779 3041 82 33 pocket
870 3042 76 26 books,

684 3070 73 22 Blank
764 3069 54 22 bills
827 3068 24 21 of
859 3069 122 26 exchange,

684 3097 75 21 Letter
768 3095 46 22 and
823 3094 39 22 bill
873 3095 55 27 files,

684 3123 42 21 Ink
736 3121 43 23 and
787 3121 41 22 ink
837 3121 104 28 powders,

682 3149 76 23 Bibles
767 3148 44 22 and
822 3151 133 24 testaments,

684 3176 97 27 Spelling
790 3175 76 27 books,
876 3175 93 27 various,

684 3203 100 25 Primers,

684 3229 125 22 Children's
818 3229 69 21 books
896 3229 23 21 in
929 3231 64 24 great
1000 3227 92 29 variety,

684 3255 113 23 Seamen's
808 3255 86 22 articles
904 3255 25 21 of
936 3259 134 22 agreement.

683 3283 74 21 Blank
767 3282 168 22 Custom-house
950 3282 76 26 forms,
1042 3281 35 22 for
1093 3282 144 27 auctioneers,

656 3309 45 22 and
711 3309 28 22 all
749 3309 38 21 the
804 3308 64 22 other
877 3307 169 23 Custom-house
1056 3309 66 21 forms
1134 3308 33 23 for
1177 3309 60 22 Mer-

656 3336 85 22 chants.

684 3361 113 23 Seamen's
807 3361 98 23 advance
915 3364 72 20 notes.

684 3388 138 28 Log-books.

684 3415 75 23 Blank
767 3415 68 25 writs,

670 3460 71 21 First
770 3460 115 21 Carrier,
901 3459 71 22 from
996 3460 170 27 Wellington
1195 3462 28 19 to

894 3485 105 23 Petoni.

658 3520 169 23 /CHARLES
842 3519 86 28 BELL,
944 3519 116 27 Carrier,
1073 3520 54 28 begs
1143 3523 96 26 respect-

659 3551 40 18 V^
727 3547 57 27 fully
793 3550 24 18 to
833 3546 81 22 inform
924 3546 33 22 his
967 3546 83 22 friends
1060 3546 44 22 and
1114 3548 36 21 the
1161 3548 76 28 public

656 3575 24 21 in
695 3574 97 27 general,
813 3574 48 21 that
875 3573 29 22 he
919 3573 85 23 started
1018 3581 14 14 a
1046 3581 142 21 conveyance
1209 3581 29 15 on

656 3600 107 27 Monday,
774 3600 54 22 Feb.
844 3602 34 25 20,
894 3600 45 22 and
947 3600 90 22 intends
1052 3600 67 28 doing
1133 3608 24 14 so
1171 3608 66 20 every

655 3627 133 26 succeeding
797 3626 109 28 Monday,
913 3629 23 19 at
945 3626 52 22 nine
1006 3626 93 28 o'clock,
1110 3631 23 17 to
1143 3628 94 26 proceed

654 3654 58 21 from
720 3653 43 22 Mr.
771 3653 82 27 Lyon's
859 3654 68 26 Store,
934 3653 35 22 for
979 3650 85 30 Petoni,
1071 3657 22 18 to
1103 3657 48 25 stop
1158 3658 23 18 at
1191 3654 44 22 Mr.

655 3680 136 26 Burcham's,
802 3679 45 22 and
855 3682 76 19 return
941 3680 38 21 the
988 3687 60 14 same
1058 3680 50 28 day.

682 3707 94 25 Letters,
794 3706 117 28 packages,
936 3706 92 26 parcels,
1049 3707 47 27 &c,
1121 3708 115 27 conveyed

654 3733 138 29 punctually,
803 3732 45 23 and
855 3739 28 16 on
893 3732 36 22 the
941 3735 58 19 most
1006 3733 130 22 reasonable
1147 3737 73 19 terms.

682 3760 56 22 N.B.
739 3771 28 4 —
769 3760 84 22 Parties
875 3759 181 22 accommodated
1073 3760 53 22 with
1145 3769 13 13 a
1176 3769 59 14 com-

653 3786 94 23 fortable
757 3793 44 16 van
813 3793 28 15 on
850 3785 37 22 the
898 3786 99 24 shortest,
1001 3786 79 22 notice.

682 3819 113 25 February
806 3819 34 24 14,
852 3817 60 22 1843.

654 3862 176 31 /CHARTER
839 3861 173 28 PARTIES,for
1021 3862 120 25 sai&attne
1150 3866 85 21 Gazette

654 3893 42 20 \^f
711 3890 77 23 Office.
1043 3907 5 3 .
1122 3908 4 3 .
1244 3890 2 19 !

831 3916 76 26 Office,
919 3916 57 23 Nov.
990 3918 32 26 19,
1035 3918 59 22 1842.

1387 687 42 20 Ex
1472 687 118 20 Thomas

1266 719 92 48 ONE
1372 719 61 27 large
1453 726 56 18 case,
1531 719 35 26 (11
1584 722 48 18 cwt.
1651 720 10 20 1
1679 719 40 26 lb.)
1743 719 102 27 directed,

1343 746 61 21 John
1414 747 27 20 R.
1453 745 122 26 Buckland,
1587 745 141 27 Wellington.

1292 772 11 22 I
1315 780 49 14 case
1374 772 106 24 directed,
1492 772 43 22 Mr.
1548 772 24 21 C.
1590 771 106 28 Mitchell,
1704 771 141 28 Wellington.

1458 805 34 22 Ex
1509 806 78 24 George
1596 805 60 25 Fyfe.

1292 839 11 21 I
1314 839 63 21 small
1392 846 50 14 case
1460 837 103 28 directed,
1581 839 45 21 Mr.
1643 838 97 22 William
1755 838 90 27 Taylor,

1263 866 64 25 Jun.,
1339 865 146 27 Wellington.

1291 893 61 25 Also,
1366 891 52 23 I.H.
1428 892 25 21 in
1463 899 13 14 a
1486 891 115 26 diamond,'
1609 893 21 24 6,
1642 893 9 20 1
1662 898 59 15 ease.

1289 919 49 21 The
1348 919 70 21 above
1429 926 36 14 are
1474 918 67 27 lying,
1550 917 131 27 unclaimed,
1691 921 23 18 at
1724 918 37 22 the
1772 919 73 21 Stores

1263 945 26 22 of
1295 945 38 21 the
1343 945 157 26 undersigned,
1512 945 45 21 and
1571 952 51 19 may
1633 945 25 21 be
1672 944 44 22 had
1733 952 28 14 on
1778 945 67 27 appli-

1262 972 83 26 cation,
1357 971 44 22 and
1410 971 83 27 paying
1502 971 38 22 the
1551 978 107 21 expences
1666 971 101 21 thereon.

1453 1004 131 27 Ridgways,
1602 1004 104 26 Guyton,
1722 1004 45 22 and
1782 1005 38 22 Co.

1291 1036 145 27 Wellington.
1448 1036 116 26 February
1573 1037 33 24 28,
1618 1037 59 20 1843.

1458 1081 28 22 It.
1501 1080 154 27 BARNETT,

1362 1114 175 22 Whitesmith
1561 1115 55 20 and
1641 1114 111 26 Farrier,

1454 1156 125 15 THORNDON
1595 1156 63 19 FLAT,

1263 1176 107 49 BEGS
1386 1178 22 19 to
1422 1176 84 21 inform
1515 1175 39 22 the
1564 1175 85 26 Public,
1660 1175 47 21 that
1717 1175 28 21 he
1755 1175 51 26 will,
1817 1182 28 14 on

1331 1202 106 28 Monday,
1450 1202 113 27 February
1573 1204 33 24 13,
1614 1209 126 14 commence
1747 1201 98 22 business

1263 1237 25 14 as
1298 1230 70 21 above
1378 1230 22 21 in
1410 1230 29 21 all
1449 1229 28 22 its
1486 1228 114 27 branches,
1613 1229 43 21 and
1665 1227 76 28 hopes,
1751 1228 31 27 by
1787 1229 58 21 strict

1263 1256 110 21 attention
1392 1256 45 21 and
1456 1255 112 22 moderate
1587 1255 96 27 charges,
1704 1258 22 18 to
1751 1255 67 21 merit
1834 1262 11 14 a

1263 1283 65 21 share
1338 1282 25 21 of
1371 1282 57 22 their
1436 1286 129 24 patronage.

1292 1309 91 27 Having
1392 1309 45 21 had
1449 1309 112 21 extensive
1575 1308 128 27 experience
1717 1308 25 21 in
1757 1307 88 28 shoeing

1263 1336 24 21 in
1307 1343 43 14 one
1369 1336 25 21 of
1411 1336 38 21 the
1466 1335 109 28 principal
1591 1335 96 27 sporting
1707 1335 101 21 counties
1827 1335 18 21 of

1264 1362 112 27 England,
1393 1362 28 21 he
1432 1365 66 18 trusts
1514 1365 22 18 to
1548 1362 53 26 give
1616 1361 134 22 satisfaction
1766 1362 23 21 in
1801 1361 44 22 that

1263 1389 86 22 branch
1359 1390 25 20 of
1390 1390 38 20 the
1435 1389 108 21 business.

1293 1416 53 21 Iron
1353 1415 61 22 work
1420 1415 25 22 of
1452 1422 65 20 every
1524 1415 132 26 description
1665 1415 31 21 for
1706 1415 139 26 agricultural

1264 1442 149 28 implements,
1424 1448 101 15 common
1536 1441 44 22 and
1589 1441 75 28 spring
1672 1445 64 23 caits,
1749 1441 40 22 &c.
1799 1442 46 27 &c,

1265 1469 66 21 made
1341 1472 21 18 to
1374 1469 64 21 order
1448 1476 27 14 on
1486 1468 37 21 the
1534 1472 57 17 most
1601 1468 109 27 approved
1721 1468 124 27 principles,

1265 1495 45 22 and
1322 1503 28 14 on
1359 1495 129 22 reasonable
1500 1498 74 18 terms.

1293 1522 97 27 Engines
1409 1522 45 21 and
1471 1521 97 28 printing
1588 1528 83 21 presses
1695 1521 88 22 erected
1806 1521 39 21 and

1265 1549 108 27 repaired.

1293 1576 28 21 R.
1334 1576 98 26 Barnett,
1449 1575 84 26 having
1546 1574 46 22 also
1608 1574 86 22 worked
1710 1575 34 21 for
1767 1582 13 14 a
1799 1582 46 14 con-

1267 1602 108 21 siderable
1391 1602 77 27 period
1484 1602 23 21 in
1517 1602 38 21 the
1566 1602 108 21 Chatham
1689 1601 127 27 Dockyard,
1832 1602 13 21 is

1265 1629 108 27 perfectly
1390 1631 133 19 conversant
1541 1628 53 22 with
1613 1629 31 21 all
1658 1628 82 27 species
1759 1629 26 20 of
1801 1628 44 27 ship

1268 1656 113 26 smithing.

1439 1690 55 13 BELL
1510 1689 113 19 HANGING,
1641 1682 36 21 &C.

1294 1716 121 22 Thomdon
1426 1715 56 27 Flat,
1495 1715 51 22 Port
1558 1714 123 28 Nicholson,

1376 1742 113 27 February
1497 1743 20 25 4,
1529 1743 61 21 1843.

1517 1788 91 20 Seeds.

1269 1822 72 47 ON
1352 1822 85 27 SALE,
1448 1825 24 18 at
1481 1822 36 21 the
1528 1823 85 19 Gazette
1619 1821 74 27 Office,
1702 1821 23 22 in
1732 1822 113 27 quantities

1347 1852 21 17 to
1376 1848 44 22 suit
1429 1848 137 28 purchasers,
1578 1848 36 22 the
1625 1848 110 27 following
1745 1848 63 22 seeds
1816 1856 5 14 :
1823 1860 22 4 —

1294 1875 77 22 Sword
1380 1876 109 26 long-pod
1498 1875 64 27 bean,

1296 1902 120 28 Long-pod
1427 1903 64 25 bean,

1294 1928 110 27 Speckled
1414 1928 74 22 dwatf
1495 1928 83 28 kidney
1588 1929 65 26 bean,

1294 1956 74 21 Broad

1295 1982 73 21 Horse
1378 1982 64 27 bean,

1295 2008 86 22 Scarlet
1390 2016 91 20 runner,

1295 2035 68 27 Early
1373 2035 109 22 Warwick
1491 2043 48 21 pea,

1296 2062 66 27 Early
1373 2062 116 22 Mazarine
1499 2070 48 20 pea,

1296 2088 104 22 Prussian
1410 2089 52 22 blue
1472 2097 48 19 pea,

1295 2115 108 22 Nonsuch
1413 2123 50 19 pea,

1296 2142 55 21 Blue
1361 2142 102 27 imperial
1473 2149 48 20 pea,

1296 2169 95 27 Spanish
1401 2169 73 22 dwarf
1479 2176 49 20 pea,

1296 2196 72 26 Large
1378 2196 99 26 cabbage
1486 2196 89 26 lettuce,

1296 2222 132 22 Drumhead
1438 2222 98 27 cabbage
1545 2223 89 27 lettuce,

1296 2249 115 22 Battersea
1421 2249 105 27 cabbage,

1296 2276 132 21 Drumhead
1437 2276 105 27 cabbage,

1296 2302 50 22 Red
1356 2302 75 22 Dutch
1441 2302 105 27 cabbage,

1296 2329 94 22 Puller's
1401 2329 59 26 early
1472 2329 104 28 cabbage,

1296 2356 105 21 Prussian
1411 2356 66 21 white
1488 2358 80 26 turnip,

1296 2382 85 22 Yellow
1393 2382 77 23 Swede
1482 2384 80 26 turnip,

1297 2409 79 27 Purple
1388 2413 36 23 top
1434 2410 77 21 Swede
1521 2410 80 28 turnip,

1296 2436 74 21 White
1381 2440 63 18 stone
1456 2436 82 28 turnip,

1297 2462 73 22 White
1381 2463 56 22 horn
1448 2463 80 27 turnip,

1297 2490 71 21 Silver
1376 2490 80 21 leaved
1466 2490 57 26 beet,

1296 2516 50 22 Red
1355 2516 58 26 beet,
1498 2519 2 9 '

1296 2543 112 27 Mangold
1419 2543 94 27 wurtsel,

1296 2570 142 26 Altringham
1449 2575 79 21 carrot,

1296 2596 68 27 Early
1373 2597 57 21 horn
1441 2601 79 22 carrot,

1296 2623 66 27 Long
1371 2630 82 20 orange
1465 2627 77 23 carrot,

1296 2650 74 21 White
1381 2650 107 27 mustard,

1296 2677 82 21 Curled
1387 2684 66 19 cress,

1285 2703 76 27 *Long
1370 2703 83 22 scarlet-
1459 2704 80 26 radish,

1295 2730 74 22 White
1380 2730 73 28 turnip
1463 2730 80 27 radish,

1296 2756 50 22 Red
1355 2757 75 26 turnip
1439 2756 82 28 radish,

1296 2784 134 26 Strasburgn
1439 2783 76 27 onion,

1296 2810 80 22 Brown
1388 2810 96 28 Spanish
1495 2810 71 27 onion,

1296 2836 98 28 Parsnip,

1296 2864 82 22 Curled
1388 2864 94 27 parsley,

1297 2891 74 22 Green
1382 2890 77 22 curled
1472 2890 79 23 endive

1296 2917 108 22 Batavian
1415 2917 87 28 endive,

1297 2944 68 26 Leek,

1296 2971 135 27 Asparagus,

1296 2997 44 22 Sea
1349 2997 53 27 kail,

1297 3024 72 21 Globe
1380 3031 87 21 savoys,

1298 3050 80 22 Curled
1388 3051 92 24 brocoli.

1295 3078 51 21 Red
1355 3078 56 21 solid
1421 3078 74 27 celery
1504 3079 45 21 and
1559 3078 66 22 white
1636 3078 78 28 celery,

1296 3104 103 27 Cabbage
1412 3104 90 28 lettuce,

1296 3131 105 22 Summer
1410 3138 86 21 savory,

1295 3158 88 21 Winter
1394 3165 86 20 savory,

1296 3185 65 26 Sage,

1296 3211 75 22 White
1380 3212 59 26 beet,

1294 3237 94 28 Thyme,
1403 3240 5 5 v

1295 3264 100 23 Brussels

1294 3290 95 28 Borage,

1295 3318 118 27 Angelica,
1445 3337 2 5 ,

1294 3344 77 24 White
1380 3345 79 22 selesia
1468 3345 89 28 lettuce,

1294 3370 82 23 Brown
1387 3371 46 23 and
1442 3372 65 22 white
1517 3380 49 20 goss
1575 3372 91 28 lettuce,

1294 3398 95 28 Salsafy,
1415 3402 4 5 '

1294 3424 75 22 Vanal
1378 3425 111 27 cabbage,-

1294 3450 79 28 Sorell,

1294 3477 93 27 Fennel,

1294 3504 123 28 Lavender,

1294 3530 67 28 Long
1369 3532 85 27 prickly
1465 3532 125 26 cucumber,

1294 3558 73 21 Sweet
1376 3558 55 22 basil
1441 3558 45 22 and
1495 3558 56 22 bush
1561 3558 62 26 basil,

1294 3584 98 28 Hyssop,

1291 3610 71 28 Early
1373 3610 140 23 cauliflower.

1272 3647 3 3 •
1293 3637 57 22 Also
1360 3645 13 14 a
1389 3637 88 27 variety
1486 3638 26 21 of
1517 3637 75 22 flower
1604 3638 70 27 seeds,
1684 3638 55 23 both
1750 3639 95 23 Colonial

1266 3664 44 22 and
1320 3664 104 27 English.

1318 3709 66 21 Port
1398 3709 152 21 Nicholson
1566 3710 54 20 and
1631 3709 161 28 Wanganui.

1267 3740 165 49 SEVERAL
1446 3741 69 21 Town
1531 3740 43 22 and
1592 3742 98 32 Country
1708 3742 100 23 Sections
1825 3743 20 22 in

1330 3767 62 22 these
1402 3767 96 22 districts
1507 3770 22 19 to
1540 3767 26 22 be
1576 3768 51 21 sold
1636 3775 25 14 or
1675 3768 37 22 let.
1742 3769 44 22 For
1799 3777 46 21 par-

1265 3793 90 23 ticulars
1364 3793 46 22 and
1420 3798 75 23 terms,
1505 3795 65 26 apply
1581 3798 23 17 to

1568 3821 96 22 Robert
1678 3822 25 21 R.
1719 3821 101 24 Strang.

1291 3847 90 26 August
1388 3849 21 24 4,
1421 3849 62 20 1842.

1267 3891 69 48 ON
1352 3892 85 25 SALE,
1453 3894 24 20 at
1488 3892 43 22 this
1543 3891 72 27 office,
1625 3892 69 23 blank
1703 3893 58 22 Bill
1773 3893 72 23 Books

1330 3918 28 22 ..'-'
1365 3918 94 22 Gazette
1496 3918 70 23 office,
1578 3918 56 22 Dec.
1643 3920 21 21 4.

1882 687 90 47 MR.
1988 686 84 22 JOHN
2088 686 87 23 WADE
2191 687 43 22 will
2249 687 41 23 sell
2303 689 29 25 by
2342 689 114 28 Auction,

1971 720 28 14 on
2124 717 59 23 next,
2196 714 36 22 the
2243 714 36 22 6th
2297 715 85 28 March,
2394 717 60 26 1843,

1879 743 24 18 at
1922 740 36 22 the
1980 740 73 21 Stores
2071 740 24 21 of
2112 740 89 22 Messrs.
2223 741 101 22 Macleod
2345 742 43 22 and
2406 743 48 26 Co.,

1881 766 155 26 Willis-street,
2048 766 29 22 all
2087 767 32 21 the
2127 767 112 21 extensive
2248 768 45 21 and
2303 768 48 22 well
2359 770 98 21 assorted

1879 793 63 21 stock
1954 794 24 20 in
1994 789 61 25 trade
2072 794 26 20 of
2111 794 59 20 those
2189 794 136 26 gentlemen,
2342 796 116 28 positively

1881 819 91 22 without
1981 825 93 20 reserve,
2086 818 113 28 consisting
2210 820 26 21 of
2241 828 13 14 a
2263 821 60 27 large
2331 822 44 22 and
2382 823 76 21 varied

1879 848 131 20 assortment
2020 846 35 21 of:
2057 856 29 5 —

1908 872 63 26 Silks,
1983 872 112 28 mouslins,
2105 872 40 22 and
2157 872 98 28 ribbons,

1909 899 86 22 Ladies'
2004 898 63 22 boots
2077 899 40 22 and
2130 898 70 28 shoes,

1909 925 74 22 Men's
1991 925 63 22 boots
2066 927 43 21 and
2117 924 69 28 shoes,

1908 948 110 26 Moleskin
2026 950 84 28 jackets
2117 952 46 22 and
2171 955 108 25 trowsers,

1908 978 70 23 Blach
1987 978 116 28 stockings,
2114 978 63 26 mitts,
2189 979 44 22 and
2243 979 59 23 duck
2313 980 80 28 frocks,

1908 1006 58 21 Siam
1976 1004 45 22 and
2032 1005 88 22 Manilla
2130 1012 73 20 sugar,

1908 1031 68 22 Black
1987 1031 44 22 and
2041 1039 66 19 green
2115 1035 41 22 tea,
2166 1032 101 27 oatmeal,

1908 1058 83 26 Butter,
2003 1058 105 28 mustard,
2114 1058 43 22 and
2169 1059 98 27 candles,

1907 1084 93 27 Pickles,
2012 1084 78 28 cigars,
2101 1084 39 23 and
2150 1085 77 27 coffee,

1908 1111 124 28 Raspberry
2043 1112 94 26 vinegar,

1907 1138 21 21 A
1939 1138 85 26 variety
2032 1138 28 21 of
2065 1145 71 16 sauces
2145 1138 46 21 and
2200 1138 101 28 anchovy
2308 1143 68 24 paste,

1907 1164 76 22 Jellies
1992 1164 45 21 and
2044 1165 58 26 jams
2111 1164 24 23 of
2140 1172 66 20 every
2216 1165 138 29 description,

1908 1190 169 26 Confectionary
2088 1192 40 22 and
2136 1191 49 22 best
2196 1192 74 22 Lucca
2281 1193 36 27 oil,

1907 1218 86 27 Capers,
2005 1216 79 28 starch,
2096 1218 40 23 and
2145 1218 118 28 Liverpool
2274 1227 59 21 soap,

1907 1244 105 22 Assorted
2027 1245 100 27 crockery
2137 1244 41 22 and
2190 1244 75 23 tinder
2273 1246 76 26 boxes,

1907 1269 109 29 Together
2026 1271 51 22 with
2089 1279 11 14 a
2110 1272 80 26 variety
2196 1272 26 21 of
2228 1272 86 22 articles
2324 1277 35 18 too
2368 1281 89 15 numer-

1881 1305 41 14 ous
1932 1302 21 17 to
1962 1298 157 28 particularize,
2129 1300 22 19 to
2161 1298 73 22 which
2244 1300 94 26 especial
2348 1302 108 21 attention

1881 1325 19 21 is
1910 1324 91 22 invited.

2074 1359 69 15 TERMS
2157 1359 29 14 AT
2201 1359 63 16 SALE,

1908 1377 79 23 March
1997 1380 20 23 3,
2030 1380 60 20 1843.

2041 1423 59 21 Sale
2117 1423 35 26 by
2168 1423 129 22 Auction.

1882 1456 159 48 MESSRS.
2065 1456 88 26 HORT,
2170 1456 157 30 MOCATTA,
2349 1467 45 14 and
2413 1460 46 22 CO.

1981 1483 56 21 have
2058 1479 96 26 received
2177 1483 142 24 instructions
2342 1486 56 21 from
2422 1486 38 22 the

1882 1509 110 29 Principal
2002 1510 75 25 Agent
2088 1512 24 20 of
2117 1510 35 21 the
2163 1510 55 21 New
2229 1510 99 23 Zealand
2340 1512 118 28 Company,

1881 1536 45 21 and
1943 1536 44 22 will
2003 1536 54 21 offer
2065 1536 35 22 for
2114 1536 75 23 Public
2206 1537 56 24 Sale,
2276 1542 22 17 at
2307 1538 57 22 their
2378 1540 82 26 Stores,

1882 1563 32 22 Te
1923 1564 46 21 Aro
1987 1563 56 26 Flat,
2062 1570 27 15 on
2100 1563 134 27 Wednesday
2244 1568 61 23 next,
2318 1565 38 21 Bth
2372 1566 86 27 March,

1882 1591 61 25 1843,
1955 1592 21 19 at
1987 1591 24 20 11
2030 1590 89 28 o'clock,
2128 1590 36 21 the
2180 1590 113 27 following
2309 1592 74 26 goods,
2394 1592 66 28 being

1881 1620 50 24 part
1942 1617 24 21 of
1973 1616 37 22 the
2016 1616 141 28 unexpended
2164 1620 71 18 stores
2243 1618 26 21 of
2274 1618 37 21 the
2319 1618 111 29 Company
2431 1630 29 5 —

1909 1651 27 20 45
1952 1657 60 15 cases
2023 1650 94 22 London
2124 1657 59 20 soap,

1911 1678 26 20 12
1951 1683 60 15 cases
2021 1677 83 21 marine
2113 1684 56 19 soap,

1911 1705 11 19 1
1939 1710 49 15 case
2006 1703 95 28 shaving
2114 1704 70 26 boxes,
2201 1703 101 28 dressing
2317 1706 83 26 combs,
2415 1707 45 21 and

1883 1734 121 23 pomatum,

1910 1759 14 19 2
1940 1764 60 14 cases
2011 1756 66 29 fancy
2085 1758 72 26 prints,

1910 1785 14 19 4
1940 1790 59 15 cases
2009 1783 89 27 printed
2105 1778 173 33 handkerchiefs,
2290 1785 102 28 assorted,

1911 1812 13 20 2
1940 1817 59 15 cases
2008 1811 95 21 cambric
2114 1811 86 25 dresses,

1910 1839 14 19 4
1939 1844 60 15 cases
2009 1837 37 21 4-4
2056 1840 69 19 cotton
2135 1837 64 27 duck,

1912 1865 11 20 1
1940 1870 49 15 case
1999 1864 38 20 4-4
2047 1871 54 20 grey
2109 1864 96 27 shirting,

1911 1892 11 20 1
1938 1897 49 15 case
1997 1891 38 30 3^4
2043 1891 102 21 furniture
2156 1890 78 27 check,

1912 1919 10 19 1
1939 1923 48 15 case
1996 1916 106 28 gingham
2111 1917 123 27 umbrellas,

1912 1945 10 20 1
1938 1944 49 21 bale
1997 1944 58 20 duck
2065 1947 101 23 trowsers,

1912 1972 10 20 1
1938 1970 49 22 bale
1996 1970 52 22 blue
2058 1974 94 18 trowsers
2160 1970 45 22 and
2213 1973 105 21 women's
2326 1973 133 29 bed-gowns,

1912 1997 12 21 I
1938 1997 49 22 bale
2002 1997 39 21 red
2057 1997 45 21 and
2115 1997 48 21 Hue
2174 1997 91 23 woollen
2279 1999 71 27 shirts,
2367 2001 93 23 woollen

1884 2027 107 22 trowsers,
2019 2024 53 25 girls
2105 2024 131 27 bed-gowns,
2264 2027 122 26 petticoats,
2415 2029 45 21 and

1884 2051 92 21 worsted
1987 2057 57 19 caps,
2056 2051 45 21 and
2110 2050 77 27 striped
2197 2054 75 20 cotton
2283 2052 72 27 shirts,

1912 2079 11 19 1
1940 2077 48 21 bale
1998 2075 52 23 blue
2061 2084 42 20 pea
2107 2077 90 28 jackets,

1910 2106 15 20 2
1938 2104 61 22 bales
2009 2103 50 22 blue
2069 2104 88 22 woollen
2168 2111 115 22 wrappers,
2290 2105 60 23 lined
2360 2107 46 25 red,

1912 2132 12 20 1
1939 2130 50 22 bale
1999 2130 50 21 blue
2058 2138 44 20 pea
2107 2130 89 28 jackets,

1912 2159 11 19 1
1939 2158 48 20 bale
1997 2156 51 22 blue
2058 2157 91 27 flushing
2157 2161 101 19 trowsers
2265 2159 45 21 and
2318 2167 42 20 pea
2366 2161 93 27 jackets,

1913 2185 11 19 1
1939 2184 49 22 bale
1998 2183 138 28 bluejackets
2145 2184 45 22 and
2200 2188 107 25 trowsers,

1912 2212 14 20 2
1941 2211 59 21 bales
2009 2210 83 22 fustian
2103 2211 54 27 suits,

1913 2239 11 19 1
1940 2238 49 20 bale
1999 2236 59 28 plaid
2069 2238 74 26 cloaks,

1913 2266 11 19 1
1940 2271 48 15 case
2012 2264 104 22 coloured
2134 2264 87 27 thread,
2241 2265 97 26 needles,
2358 2268 101 27 worsted,

1886 2291 97 27 buttons,
1995 2291 46 26 &c,

1912 2319 14 19 6
1940 2324 60 15 cases
2010 2318 67 26 pipes,

1914 2346 10 19 1
1940 2351 49 15 case
2000 2345 59 21 Jews
2072 2344 66 28 harps,

1912 2372 14 20 2
1940 2377 61 15 cases
2009 2374 77 24 patent
2095 2372 79 21 leather
2183 2372 63 26 belts,

1914 2399 9 19 1
1939 2404 60 15 cases
2009 2398 74 21 tinder
2094 2399 70 26 boxes,

1914 2426 10 19 1
1940 2431 50 15 case
2001 2424 129 28 accordions,
2140 2426 13 20 6
2163 2425 45 21 and
2218 2427 13 20 8
2241 2426 59 27 pearl
2309 2427 61 28 keys,

1914 2453 11 19 1
1941 2458 49 14 case
1998 2450 71 22 China
2079 2452 181 22 andMeachaum
2269 2454 62 27 pipes
2337 2455 43 23 and
2390 2455 72 28 magic

1886 2478 123 26 lanthorns,

1914 2506 10 19 1
1941 2512 49 14 case
2001 2504 60 28 clasp
2070 2505 80 27 knives,
2161 2507 107 27 assorted,

1915 2533 11 19 1
1942 2538 49 14 case
2001 2539 74 14 razors
2085 2532 43 21 and
2135 2532 59 27 clasp
2203 2532 86 28 knives,

1912 2559 14 19 5
1942 2565 60 14 cases
2011 2558 80 27 starch,

1915 2586 9 19 1
1942 2591 48 15 case
2001 2584 158 29 kallidescopes,

1914 2613 14 19 6
1941 2615 42 17 sets
1994 2610 78 22 knives
2081 2612 44 22 and
2132 2612 65 26 forks,

1913 2639 14 20 9
1943 2638 98 28 superior
2050 2638 61 22 cloth
2120 2641 54 19 coats
2185 2639 44 22 and
2238 2643 107 24 trowsers,

1913 2666 14 20 3
1940 2666 73 26 pieces
2023 2664 50 22 blue
2083 2672 55 15 cross
2149 2672 58 20 over,

1915 2693 11 20 1
1942 2699 48 14 case
2001 2692 88 26 printed
2098 2693 38 21 and
2147 2692 69 22 Lama
2227 2692 92 29 dresses,

1916 2719 8 20 1
1942 2725 48 15 case
2004 2718 79 22 Scotch
2098 2726 53 20 caps,
2170 2719 46 22 and
2230 2726 13 15 a
2260 2721 85 28 variety
2361 2722 27 22 of
2398 2723 64 22 other

1886 2745 76 27 goods.

2082 2780 68 14 TERMS
2164 2780 29 14 AT
2208 2781 62 14 SALE.

1915 2799 98 28 Samples
2030 2806 53 20 may
2097 2800 27 22 be
2136 2806 52 16 seen
2202 2804 24 18 at
2244 2801 37 21 the
2300 2805 70 19 stores
2388 2803 25 22 of
2424 2803 38 23 the

1887 2826 144 22 Auctioneers
2041 2833 29 14 on
2081 2826 36 22 the
2126 2827 38 26 day
2174 2827 102 26 previous
2286 2831 22 19 to
2319 2829 36 21 the
2366 2829 51 23 sale.

1914 2852 79 22 March
2002 2853 20 25 3,
2034 2854 68 20 1843.-

2033 2898 86 21 Town
2133 2897 27 22 of
2176 2899 136 22 Moreton.

1887 2932 86 48 FOR
1987 2930 86 27 SALE,
2088 2931 36 22 the
2138 2931 51 22 land
2201 2932 97 22 situated
2312 2937 25 18 at
2351 2934 36 23 the
2399 2935 64 28 point

1968 2958 84 22 formed
2072 2958 29 27 by
2119 2958 33 22 the
2172 2958 130 23 confluence
2318 2961 26 21 of
2358 2961 38 22 the
2413 2962 51 22 four

1884 2986 70 21 rivers
1964 2993 5 14 :
1978 2995 29 5 —
2018 2984 63 26 Hutt,
2108 2985 105 26 Oukoutu,
2239 2986 56 21 Awa
2321 2987 71 27 Motu,
2416 2989 46 22 and

1972 3011 109 22 Waiwatu
2090 3012 49 21 with
2149 3011 36 22 the
2195 3019 43 19 sea,
2250 3012 45 22 laid
2305 3016 38 20 out
2352 3022 24 14 as

1886 3047 21 21 A
1935 3044 98 26 TOWN,
2063 3043 36 23 IN
2133 3044 205 25 ALLOTMENTS
2372 3048 38 22 OF
2438 3050 22 21 A

1940 3071 147 25 QUARTER
2107 3071 34 23 OF
2155 3071 45 22 AN
2215 3073 83 21 ACRE
2314 3074 91 27 EACH,

2069 3098 52 22 with
2130 3099 148 22 commodious

1885 3131 138 27 STREETS,
2060 3131 106 22 PUBLIC
2200 3132 94 26 QUAY,
2329 3134 133 24 MARKET

1912 3158 106 26 PLACE,
2034 3158 131 26 CHURCH,
2182 3158 155 29 CEMETRY,
2348 3161 84 24 &c.&c.

1884 3186 54 22 This
1947 3189 48 25 spot
2003 3184 19 23 is
2034 3184 47 23 well
2091 3185 76 22 known
2178 3192 23 15 as
2211 3186 39 21 the
2260 3186 52 28 only
2321 3187 62 28 place
2392 3188 22 22 in
2424 3190 37 22 the

1886 3213 69 21 River
1971 3212 59 22 Hutt
2045 3212 73 21 where
2127 3219 11 15 a
2145 3212 70 22 vessel
2232 3212 26 22 of
2270 3221 61 15 more
2347 3214 51 23 than
2412 3216 51 22 four

1884 3243 49 19 tons
1949 3239 45 22 and
2008 3238 101 27 upwards
2124 3242 19 18 to
2153 3236 74 30 eighty
2239 3246 41 15 can
2295 3241 68 21 reach
2371 3241 42 23 and
2423 3243 37 28 lay

1884 3267 23 21 in
1926 3266 71 26 safety
2007 3264 23 21 in
2048 3272 44 20 any
2109 3264 96 28 weather,
2213 3266 54 22 'and
2281 3266 24 22 in
2322 3267 55 28 deep
2394 3274 69 18 water

1884 3293 59 21 close
1953 3295 22 19 to
1984 3290 38 23 the
2032 3290 71 23 shore.
2132 3292 17 22 It
2159 3291 18 22 is
2185 3292 91 26 pointed
2291 3297 38 17 out
2344 3294 28 27 by
2381 3299 78 19 nature

2139 3325 22 15 as
2170 3314 37 28 tlie

1884 3354 103 23 DEPOT
2007 3353 62 21 FOR
2087 3353 59 22 THE
2170 3352 144 23 PRODUCE
2335 3354 38 22 OF
2396 3354 64 25 THE

1997 3401 4 7 ,
2051 3379 83 22 HUTT
2144 3378 150 23 DISTRICT.

1884 3407 47 22 The
1942 3406 119 23 advertiser
2070 3406 72 22 leaves
2148 3406 18 22 it
2175 3408 23 18 to
2206 3405 38 22 the
2255 3407 57 26 good
2323 3415 63 15 sense
2396 3410 25 21 of
2428 3410 34 22 his

1885 3434 72 21 fellow
1967 3432 102 23 colonists
2085 3436 22 18 to
2121 3432 64 28 judge
2202 3433 26 21 of
2240 3432 37 23 the
2286 3433 99 24 ultimate
2396 3436 64 23 value

1883 3461 26 21 of
1915 3467 14 14 a
1939 3461 88 26 quarter
2042 3459 26 21 of
2080 3466 28 14 an
2124 3466 52 19 acre,
2192 3458 73 23 which
2279 3463 24 18 at
2317 3461 38 22 the
2371 3466 89 22 present

1883 3489 99 20 moment
1989 3486 20 22 is
2018 3485 82 22 offered
2112 3489 21 19 at
2142 3486 33 21 the
2184 3485 43 22 low
2236 3485 59 27 price
2306 3487 27 22 of
2342 3488 47 23 £\Q
2389 3504 5 11 t
2406 3488 53 23 with

1884 3521 14 14 a
1906 3513 59 27 right
1979 3512 26 22 of
2016 3512 91 27 priority
2123 3513 22 21 of
2154 3511 84 27 choice,
2255 3513 113 26 regulated
2379 3515 27 30 by
2420 3516 38 22 the

1882 3540 102 28 priority.
1992 3539 27 22 of
2032 3539 112 26 purchase.
2171 3537 47 23 The
2237 3544 44 17 rest
2300 3541 27 20 of
2341 3541 37 22 the
2393 3535 62 33 land,

1882 3566 106 27 reaching
1997 3565 58 22 from
2065 3565 40 21 Dr.
2117 3564 87 28 Healy's
2213 3565 38 22 old
2262 3572 68 16 warre
2338 3570 23 19 to
2378 3568 48 22 that
2434 3570 28 24 of

1884 3593 37 22 the
1942 3592 144 25 advertiser's,
2106 3591 63 28 being
2187 3591 45 22 laid
2251 3595 39 19 out
2308 3592 23 22 in
2349 3595 109 22 suburban

1882 3620 129 22 allotments
2024 3618 25 21 of
2062 3621 43 19 two
2125 3625 56 15 acres
2199 3617 62 22 each.
2288 3618 134 25 Purchasers
2436 3622 26 22 of

1882 3649 60 19 town
1950 3644 54 24 land
2013 3644 57 22 have
2081 3652 12 14 a
2103 3645 77 21 chance
2190 3644 26 22 of
2229 3645 103 28 securing
2340 3654 15 14 a
2363 3647 61 28 piece
2434 3648 26 22 of

1881 3672 85 27 garden
1989 3670 54 24 land
2065 3671 26 22 in
2115 3671 33 22 the
2170 3670 128 22 immediate
2321 3673 92 28 vicinity
2436 3676 26 21 of

1882 3700 112 22 Moreton.

1909 3725 81 28 Apply,
2006 3732 29 13 on
2052 3724 104 27 Tuesday,
2168 3723 148 28 Wednesday,
2335 3723 121 33 Thursday,

1881 3751 89 28 Friday,
1981 3751 44 23 and
2037 3751 107 26 Saturday
2156 3750 125 27 mornings,'
2288 3755 23 17 at
2326 3751 37 23 the
2380 3753 77 24 adver-

1881 3779 71 21 tiser's
1975 3777 69 26 office,
2069 3781 56 17 next
2144 3777 51 21 door
2217 3779 23 19 to
2263 3777 37 23 the
2319 3778 137 30 Wellington

1881 3805 94 27 Tavern,
1987 3804 72 22 where
2069 3803 36 22 the
2115 3803 48 28 plan
2179 3802 48 27 lays
2237 3803 35 22 for
2280 3804 122 29 inspection
2410 3815 5 20 ;
2432 3815 25 15 or

1881 3836 23 16 at
1912 3838 44 21 any
1971 3831 60 26 time,
2042 3830 57 22 from
2116 3828 102 28 Saturday
2228 3829 34 22 till
2281 3831 99 30 Monday
2390 3842 67 15 even-

1879 3858 45 27 ing,
1936 3862 23 18 at
1968 3857 33 23 his
2011 3856 120 27 residence,
2144 3862 26 16 on
2180 3856 37 22 the
2229 3856 66 23 Hutt.

2087 3890 102 22 Charles
2204 3889 26 22 E.
2246 3890 52 23 Yon
2312 3893 117 22 Alzdorp.

1864 3914 1 27 I
1907 3925 111 26 February
2029 3925 34 24 24,
2076 3924 60 20 1843.
2146 3938 3 4 •
2183 3937 4 4 •
2278 3922 5 9 '
