3290 4320
91 161 47 19 THE
149 157 85 19 HOUSE
243 155 35 18 ON
290 154 123 18 PUKEROA.

75 213 17 15 As
99 206 50 21 much
157 204 77 17 interest
246 202 34 20 ha?
293 201 48 18 boon
355 199 80 19 aroused
449 206 20 10 as

75 222 8 26 A
91 222 8 26 0
107 222 8 26 t
118 230 29 17 itl(.
155 227 59 17 under
222 225 60 17 which
291 224 32 17 Mr
329 223 70 23 Taylor
404 222 64 18 claims

53 244 69 31 'iVliui'l
136 256 23 13 on
174 248 60 18 which
247 248 30 16 his
292 248 58 16 house
364 246 65 17 stands
444 251 25 11 on

54 281 68 17 Pnkcroa
131 279 25 13 we
169 272 30 22 lay
213 271 64 17 before
294 275 35 12 our
345 269 75 17 readers
436 268 32 17 the

56 291 5 30 |
68 307 17 14 tt(
87 308 10 11 ,,-
104 299 69 17 written
183 295 24 22 by
214 293 37 19 him
258 294 20 16 to
285 293 31 17 the
323 292 145 18 Commissioner

64 329 5 15 f
76 326 56 16 Crown
141 317 61 20 Lands
210 317 18 18 in
235 322 72 11 answer
316 317 20 16 to
345 315 32 17 the
387 314 81 18 demand

68 348 27 18 ado
110 344 38 18 that
163 342 23 16 he
205 340 68 17 should
291 340 20 16 at
327 344 46 11 once
385 343 81 14 remove,

93 369 27 18 tlie
134 364 50 23 reply
200 362 84 18 received
297 362 48 17 from
360 361 32 18 Mr
405 360 62 18 Muel-

70 418 20 17 To
98 415 28 17 the
134 409 140 20 Commissioner
282 408 21 17 of
315 408 67 17 Crown
397 406 69 17 Lands.

58 444 5 8 ,
77 435 73 21 .jjiund:-
168 434 33 18 Sir,
204 432 33 17 —I
261 432 47 16 have
324 430 32 17 the
370 430 62 17 honor
448 430 20 16 to

63 465 30 17 laco
99 458 58 19 before
166 462 36 16 you
211 455 33 17 the
251 453 100 23 following
361 453 47 17 facts
421 458 45 12 con-

55 472 49 33 Ljted
119 481 42 17 with
178 479 50 22 piece
242 478 19 17 of
276 477 44 17 land
337 476 37 17 and
392 477 76 21 cottage

56 506 48 23 ownod
119 505 23 16 In-
156 507 29 13 roe
201 507 24 11 on
242 500 92 18 Pukeroa.
377 500 16 15 1.
407 499 60 16 When

70 539 7 11 r
89 526 67 22 Donald
172 525 83 17 McLean
273 529 37 11 was
325 523 43 16 here
385 522 19 16 in
424 522 6 16 1
434 522 33 17 S7-'i

86 548 84 27 promised
187 547 42 18 that
249 547 25 17 all
296 545 55 18 small
377 545 91 22 holdings

56 580 28 17 that
102 575 70 22 pioneer
192 570 73 17 settlers
286 575 49 11 were
359 568 62 22 living
444 574 23 11 on

56 598 49 22 should
124 596 21 17 be
160 593 94 23 respected
272 592 36 17 and
324 591 106 20 conserved,
447 591 20 17 in

56 618 40 25 \roof
113 620 18 17 of
144 616 58 19 which
220 616 10 17 I
246 615 63 17 would
326 615 48 17 refer
390 620 38 16 you
447 615 21 16 to

58 645 45 22 James
110 641 71 22 Mncky,
192 640 51 21 Esq.,
254 638 80 22 Captain
342 638 23 17 G.
374 637 57 21 Mair,
444 638 23 16 A.

79 669 15 17 T.
103 666 63 18 Alloin,
176 662 110 21 Veterinary
298 661 91 21 Surgeon,
404 661 38 16 and
458 661 9 16 I

56 693 57 19 believe,
131 688 29 17 Mr
169 686 82 19 Travers,
262 685 19 17 of
299 684 122 22 Wellington.
450 685 17 15 2.

58 719 15 16 In
90 713 36 17 1«74
143 710 9 17 I
173 709 66 17 settled
260 709 18 16 in
300 707 116 17 Ohinemutu
430 707 38 17 and

58 737 38 20 made
108 733 138 21 arrangements
260 731 45 17 with
320 730 73 17 native's
411 731 30 16 for
457 736 11 11 a

58 762 36 20 pieco
101 759 18 16 of
126 756 43 18 land
178 761 23 11 on
214 755 86 16 Pukeroa
314 754 38 17 and
364 754 20 16 in
400 754 44 17 1875
458 754 10 17 I

58 772 17 25 L
77 790 7 11 s
90 783 16 16 in
114 778 106 23 occupation
231 778 20 16 of
259 777 32 17 the
305 783 51 11 same
369 777 38 17 and
420 777 48 17 have

58 811 33 18 been
97 809 38 13 ever
142 802 55 20 since,
205 800 29 24 (21
241 799 68 25 years).
335 802 16 15 3.
365 800 24 17 In
399 801 44 17 1577
458 801 10 17 I

56 827 58 22 tntered
126 827 38 16 into
179 830 23 11 an
217 824 108 22 agreement
338 823 46 17 with
398 824 70 17 several

58 853 54 21 natives
120 851 17 15 to
146 848 47 17 lease
202 848 20 16 to
232 853 28 11 me
269 848 38 15 two
315 846 68 23 pieces,
391 848 20 16 of
423 847 45 16 land

65 884 8 3 _
80 874 75 19 pukeroa
164 870 37 18 and
210 876 37 10 was
256 870 92 22 promised
357 876 11 10 a
376 870 52 22 piece
443 870 25 17 bv

58 901 24 17 jft
89 896 51 19 ahout
148 894 42 17 that
199 893 50 17 time.
274 894 17 16 4.
306 893 22 17 In
341 893 68 17 March
425 893 43 17 1880

58 916 4 24 n
70 923 39 17 niece
117 918 17 18 of
142 917 45 18 laud
194 916 104 21 belonging
307 918 19 15 to
336 916 31 17 the
381 917 87 16 AmolMiu

57 943 48 22 faniilv
113 946 34 13 was
157 940 54 22 given
221 941 19 15 to
249 945 28 11 me
287 940 24 21 by
320 939 49 17 their
378 945 43 11 own
430 940 38 16 free

57 970 30 17 will,
102 965 32 17 and
152 963 54 17 when
221 963 63 20 Judge
305 963 73 16 Fenton
397 963 71 17 wished

58 996 43 15 p.,,,111
113 990 16 15 to
145 986 85 17 Amohnu
244 987 21 16 to
278 985 42 21 sign
335 985 29 17 his
378 986 55 17 share
448 987 19 16 in

56 1015 66 19 Pukeroa
131 1010 21 17 he
161 1009 73 18 refused
244 1010 19 16 to
272 1009 40 21 sign
322 1014 44 11 over
379 1009 32 17 the
425 1011 44 20 part

57 1041 8 17 ),
65 1045 8 12 c
77 1035 33 21 kad
117 1034 54 22 given
177 1033 20 17 to
211 1037 35 13 me.
272 1033 17 15 5.
303 1032 58 16 When
376 1032 33 17 the
423 1033 45 17 hind

58 1063 35 16 went
100 1056 79 21 through
192 1056 33 16 the
239 1055 58 17 Court,
310 1054 37 18 imd
362 1061 38 11 was
418 1056 40 17 indi-

57 1080 83 23 vidualized
149 1079 32 17 the
197 1084 72 12 owners
280 1078 70 17 wished
366 1084 32 17 my
414 1086 54 11 name

58 1110 22 18 put
87 1107 34 16 into
129 1103 31 17 the
167 1102 67 17 Crown
240 1103 56 20 grant
301 1102 73 16 instead
382 1102 20 17 of
411 1103 57 17 theirs

58 1130 43 18 which
110 1132 35 11 was
153 1125 80 17 refused.
243 1124 63 21 Judge
319 1124 68 18 Clarke
401 1126 68 22 saying

57 1155 27 18 flint
93 1153 12 16 it
113 1149 59 17 would
181 1149 33 17 not
223 1148 22 18 be
254 1147 49 23 legal
316 1149 19 15 to
350 1148 23 17 do
390 1155 26 11 so.
450 1151 17 15 (5.

57 1178 43 18 When
108 1174 28 17 Mr
144 1171 88 18 Ballanco
247 1177 37 10 was
298 1171 68 18 Native
381 1172 87 18 Minister

57 1202 22 18 Qie
84 1197 64 20 natives
157 1194 57 23 spoke
223 1195 19 16 to
251 1194 37 17 him
298 1194 58 18 about
364 1201 32 17 my
413 1196 55 17 claim

57 1224 24 18 and
89 1223 18 16 lie
117 1218 89 24 promised
216 1217 4 25 t
225 1225 10 9 o
249 1223 28 12 sec
294 1217 38 18 into
350 1219 32 17 the
399 1220 70 16 matter

56 1246 57 19 nndsee
128 1243 41 17 that
183 1242 9 16 I
207 1248 38 10 was
262 1242 55 22 fVrly
331 1241 47 18 done
393 1242 31 22 by.
451 1243 16 17 7.

56 1271 31 17 Tim!
97 1272 37 13 now
143 1267 10 16 T
162 1272 29 11 am
205 1266 33 17 not
252 1265 78 17 allowed
345 1266 19 16 to
378 1265 54 18 fence
447 1271 22 12 or

56 1293 45 18 utilize
110 1291 29 16 the
148 1288 73 22 ground
230 1288 42 18 that
280 1288 59 22 really
355 1288 83 24 belongs-
448 1290 20 15 to

56 1323 19 13 iae
82 1321 18 11 en
108 1313 84 18 Pnkcroa
200 1312 37 17 and
249 1312 54 17 think
317 1312 41 16 that
374 1312 9 16 I
401 1312 67 18 should

56 1342 16 17 be
77 1336 69 21 allowed
153 1337 21 17 to
182 1341 32 12 use
223 1341 32 16 my
263 1333 74 24 ground
350 1341 21 11 or
385 1335 38 17 else
436 1337 32 20 get

57 1364 25 20 fnir.
84 1359 132 24 compensation
223 1359 30 17 for
257 1359 20 17 it.
304 1359 16 16 S.
334 1359 134 16 Thatitseoms

56 1397 6 4 .
68 1391 35 16 very
110 1384 61 17 unfair
178 1382 36 18 and
224 1382 91 20 arbitrary
326 1382 36 16 law
373 1382 94 22 whereby,

56 1406 97 25 I.asonold
168 1406 64 18 settler
247 1405 35 17 f.nr]
300 1406 5 16 .!
326 1410 47 17 may
383 1411 33 16 say
434 1411 34 11 one

56 1436 14 18 of
74 1434 26 17 the
108 1431 80 24 pioneers
199 1431 19 15 of
226 1429 89 17 Rotorua,
327 1427 66 18 should
403 1430 34 15 not
445 1429 24 16 be

56 1458 30 19 able
91 1458 17 16 to
117 1454 57 18 retain
183 1453 32 16 the
224 1451 79 23 holding
312 1452 41 16 that
363 1452 9 17 I
381 1451 51 18 lived
444 1458 24 11 on

58 1483 18 17 (or
82 1484 46 16 years
141 1477 37 17 and
193 1476 32 17 the
238 1476 65 16 natves
320 1481 48 10 were
383 1475 38 16 and
437 1481 32 11 are

58 1504 54 20 willing
119 1503 18 16 to
146 1501 42 22 give
206 1505 29 12 me
249 1498 98 23 peaceablo
363 1498 105 22 possession

57 1529 16 17 of,
93 1529 14 14 11.
120 1526 8 16 I
145 1531 33 11 can
195 1523 56 21 bring
267 1521 71 17 natives
355 1521 37 17 and
409 1521 48 18 docu-

58 1541 42 29 ments
108 1551 18 15 to
134 1552 56 18 prove
200 1547 51 17 what
260 1545 8 18 I
279 1551 38 15 say.
343 1545 9 16 I
361 1544 62 20 think,
433 1544 36 21 Sir,'

56 1575 35 18 after
96 1571 86 24 perusing
189 1570 33 19 tho
233 1569 59 18 above
307 1575 36 15 yon
358 1568 38 17 will
413 1574 56 15 agree

57 1598 30 17 with
96 1602 30 11 me.
137 1596 41 16 that
187 1595 10 16 I
206 1601 30 10 am
246 1592 104 18 entirled-in
359 1591 24 17 all
390 1591 78 17 fairness

57 1620 24 19 and
88 1619 59 23 equity
155 1619 20 17 to
184 1615 145 25 compensation.
355 1615 10 16 I
381 1614 63 17 would
458 1621 11 10 a

58 1645 35 18 <;iv:>t
112 1641 38 18 deal
169 1647 65 12 sooner
256 1639 59 17 retain
333 1638 31 17 the
381 1638 52 26 piece
449 1638 20 17 of

58 1666 53 19 .-round
121 1666 8 17 I
138 1665 55 17 chose
199 1666 20 16 to
227 1665 36 17 live
272 1668 24 11 on
305 1664 65 21 nearly:
380 1662 21 16 T2
415 1667 54 16 years,

56 1697 24 13 nso
86 1688 104 19 afterwards
200 1688 54 18 <riven
263 1687 87 18 tomebv
358 1687 33 17 the
397 1690 71 11 owners

57 1714 23 17 ■nd
88 1712 66 18 ratified
164 1712 66 16 bv.the
244 1711 60 17 wliole
318 1711 53 15 tribe.
398 1708 9 16 I
425 1713 43 17 may

56 1737 63 19 oration
131 1730 49 22 that'
190 1735 30 17 Mr
237 1735 47 19 Win,
303 1734 62 20 Kelly,

56 1761 28 17 (dig
92 1765 25 13 me
126 1759 40 17 that
176 1759 31 16 the
215 1758 50 17 Hon.
276 1758 86 16 Minister
371 1757 21 16 of
404 1754 64 18 Lands

55 1785 22 17 has
91 1782 87 23 promised
195 1783 19 15 to
230 1782 44 16 look
290 1781 39 17 into
345 1780 37 17 this
394 1781 74 17 'matter

56 1808 37 17 when
101 1806 21 16 he
130 1811 60 11 comes
202 1805 44 17 here
260 1804 36 17 nnd
310 1804 19 16 of
342 1804 38 16 this
394 1804 73 16 month.

56 1829 60 23 Hopinir
124 1829 42 16 that
174 1834 37 16 you
220 1828 37 17 will
266 1834 32 10 use
312 1832 48 17 your
376 1827 92 18 influence

56 1858 12 11 'n
80 1853 46 16 .assist
141 1856 30 13 me
187 1852 19 16 in
224 1852 76 22 getting
317 1851 151 22 my'rights.—l

56 1879 36 15 Lave.
102 1876 34 20 &c,

291 1897 18 18 J.
319 1898 25 16 11.
354 1898 89 16 TaYLOH.
461 1897 1 18 .

70 1930 19 16 Tn
98 1929 27 16 Mr
133 1928 17 17 J.
160 1928 26 16 H.
196 1927 72 22 Taylor.
278 1926 83 18 Rotorua
368 1932 13 11 :-
389 1927 36 16 -Re
431 1932 24 11 un-

56 1952 47 18 lawful
112 1951 106 22 occupation
234 1951 19 16 of
266 1951 86 16 Pukeroa
366 1956 78 11 reserve.
446 1960 22 2 —

56 1975 80 21 Deferring
144 1976 19 15 to
172 1979 48 17 your
228 1974 56 17 letter
293 1973 19 18 of
373 1973 42 16 11th
430 1973 39 17 inst,

57 1999 47 18 [have
112 2004 40 11 now
166 1999 19 15 to
198 1998 67 16 inform
284 2003 36 15 yon
331 1996 48 19 .that
395 1996 73 19 further

56 2022 68 23 inquiries
133 2021 47 17 have
195 2020 48 18 been
259 2020 54 17 made
330 2020 37 16 and
384 2019 52 19 there
453 2020 15 16 is

56 2044 62 23 notfn'ng
137 2045 95 16 whatever
247 2045 20 15 to
283 2043 24 16 lie
324 2043 58 17 found
434 2043 35 19 tho

56 2069 40 17 >li.if»>
114 2068 19 17 of
147 2067 80 18 'record'
245 2067 20 17 at
267 2066 3 20 -
286 2067 59 16 either
355 2066 4 20 -
369 2066 98 17 Auckland

56 2100 12 9 „r
80 2090 109 19 'WeHinsrtoit
203 2092 20 15 to
240 2090 51 17 show
303 2090 47 17 -that
364 2090 105 17 voudiave.

56 2123 5 10 s
68 2121 12 11 iv
86 2114 47 23 righT
141 2120 7 11 c
153 2120 9 11 r
170 2114 41 17 title
220 2114 20 16 to
249 2114 87 16 ativrrirt
347 2111 22 17 '>f
374 2111 93 26 Pnkovoa.

56 2141 16 16 As
78 2136 69 24 regards'
211 2137 55 17 letter
275 2136 9 17 I
294 2136 46 17 shall
350 2135 73 22 sbov+Ty
438 2142 20 11 re-

56 2163 20 21 ply
84 2163 16 15 to
111 2166 46 17 your
172 2160 68 18 several
256 2161 117 15 state'ren's.
400 2160 15 16 1.
429 2159 39 16 The

55 2185 60 23 promise
120 2179 4 29 ;
125 2182 61 19 oi'Sir
198 2182 77 19 Donald
277 2179 4 29 1
286 2182 84 17 McLean
385 2182 19 17 in
424 2183 43 16 IK7:S

55 2207 81 19 aiiiriuntod
145 2208 20 16 to
174 2206 42 19 this,
233 2206 42 17 that
287 2206 25 16 he
325 2205 62 17 wculd
403 2205 24 17 do
435 2206 33 16 the

55 2232 27 17 licst
89 2231 21 17 he
118 2230 53 17 could
180 2230 30 17 for
218 2229 32 17 the
258 2229 66 19 nonple
331 2229 42 17 who
380 2229 88 22 occupied

54 2260 36 13 some
98 2254 17 17 of
123 2253 31 17 the
163 2253 53 17 lands
229 2253 36 16 and
280 2253 40 16 that,
336 2252 81 17 nromise
431 2258 37 13 was

54 2278 39 17 undo
100 2277 60 16 hefore
169 2280 37 18 you
214 2276 55 17 sett'o
275 2276 7 16 1
294 2281 23 11 on
450 2276 15 16 '!■

54 2301 30 18 This'
93 2300 109 21 requirosno
207 2305 77 11 answer.
322 2299 59 16 When
392 2304 17 16 y<
417 2305 11 10 u

54 2324 37 18 tered
96 2325 35 15 into
138 2328 47 16 your
305 2322 44 17 with
357 2322 32 17 the
395 2322 74 17 natives'

54 2354 25 10 v.iu
87 2346 61 18 should
157 2347 47 16 have
213 2346 56 17 taken
279 2351 40 11 can?
329 2346 43 16 that,
380 2346 15 15 it
406 2351 37 10 was
458 2351 10 10 a.

53 2371 50 17 lawful
121 2375 34 12 one
175 2369 38 17 and
232 2369 48 17 have
298 2368 36 17 had
352 2368 15 17 it
388 2369 35 20 put
444 2374 24 11 en

54 2401 6 9 a
66 2399 57 17 proper
132 2393 79 20 footing.
237 2393 16 17 4.
265 2392 21 18 If
294 2393 31 17 the
334 2392 133 16 nntives-could

54 2418 30 18 jive
91 2423 34 11 vou
133 2417 33 16 the
174 2415 51 18 laud,
241 2421 37 15 you
293 2415 66 17 should
374 2415 48 17 have
437 2421 21 11 ac-

54 2440 49 19 quired
121 2445 48 16 your
189 2439 41 16 title
246 2438 83 21 through
347 2438 43 23 the'
401 2438 67 17 Native

54 2464 39 17 Land
102 2463 60 17 Court.
188 2462 38 17 The
235 2462 63 16 native
308 2462 40 16 who
357 2461 75 17 refused
448 2462 20 16 to

90 2487 25 16 his
124 2487 52 15 share
186 2486 19 16 of
212 2485 85 17 Pukeroa
304 2491 22 10 on
335 2491 48 10 vonr
390 2485 79 17 account

54 2511 23 16 lias
84 2509 82 19 sisne'dnr
317 2508 151 17 Yourownstate

54 2535 35 15 mint
94 2533 44 18 .that
147 2532 62 20 .Tudjre
218 2532 66 17 Clarke
293 2531 39 16 said
341 2532 42 15 that
393 2532 14 15 it
414 2531 54 17 could

54 2558 21 15 nut
82 2556 20 16 he
110 2555 69 23 legally
188 2555 47 17 done
244 2555 14 17 is
268 2554 82 18 of'itself
358 2554 56 21 proof
428 2554 41 17 su'-'

54 2579 48 17 ticiont
108 2579 42 17 that
157 2584 38 17 you
211 2578 36 17 had
263 2584 24 10 no
301 2578 51 17 ri<rlit
368 2579 21 15 to
404 2578 21 16 it.
448 2580 21 14 •(>.-

53 2603 31 16 This
91 2603 78 21 requires
178 2608 24 11 no
211 2607 77 11 answer.
314 2601 15 17 7.
344 2601 67 16 Where
418 2601 51 16 there

53 2626 9 16 is
69 2632 18 10 no
96 2626 48 17 riirht
153 2626 19 16 to
181 2624 32 17 tlie
223 2624 73 21 ground
305 2624 52 17 there
370 2629 34 11 can
413 2624 23 16 be
444 2630 25 11 no

54 2648 40 18 claim
112 2649 29 17 for
161 2648 145 19 compensation.
343 2647 38 18 For
397 2653 12 11 a
424 2653 45 14 vc:y

53 2672 38 23 large
98 2671 77 17 number
183 2671 19 17 of
211 2677 53 15 years
272 2677 38 15 you
324 2671 47 16 have
385 2670 37 17 had
437 2670 32 18 the

54 2701 21 11 use,
83 2695 17 17 of
113 2695 86 17 Pnkcroa
213 2694 29 17 for
254 2700 49 16 your
314 2694 65 17 horses
396 2694 36 16 and
450 2694 18 16 in

54 2718 41 17 other
101 2718 50 23 way's
159 2717 80 24 enjoyed
253 2717 99 19 privileges
370 2718 21 16 to
407 2716 61 18 which

54 2748 24 15 yon
87 2748 44 10 were
140 2742 33 16 not
181 2741 84 17 entitled.
291 2741 16 16 S.
320 2740 55 18 Laws
388 2746 44 15 may
446 2740 23 16 be

54 2765 77 22 arbitrary
139 2765 35 16 but
181 2770 28 11 we
223 2764 47 17 have
284 2765 20 16 to
320 2763 44 17 take
381 2763 51 17 them
449 2769 20 11 as

54 2788 59 17 we'find
131 2786 50 19 them
195 2787 38 17 and
249 2787 59 16 under
324 2787 84 20 existing
423 2787 46 16 laws

53 2817 27 15 ynu
95 2817 31 11 can
143 2811 50 17 shew
209 2817 25 11 no
249 2810 48 17 title.
323 2811 16 15 '.K
354 2810 115 16 Documents

54 2834 46 17 which
120 2840 56 16 prove
192 2834 123 16 transactions
334 2833 46 17 with
397 2833 72 17 natives

53 2857 26 17 nnd
87 2859 29 15 not
125 2857 89 17 endorsed
223 2857 24 21 by
256 2856 50 24 legal
315 2855 98 18 authority
425 2862 33 11 can-

53 2882 23 15 not
83 2881 20 16 he
112 2880 89 17 admitted
210 2886 20 11 as
239 2880 41 16 title
293 2881 20 15 to
327 2880 32 16 the
367 2879 51 18 land.
425 2880 43 17 and.

54 2903 13 17 in
73 2903 107 21 conclusion,
189 2903 11 17 I
207 2903 49 17 have
262 2903 20 17 to
300 2904 47 15 state
364 2902 43 18 that
423 2902 16 18 it
454 2902 15 18 is

54 2927 64 22 entirely
127 2933 23 11 on
159 2926 63 23 public
231 2926 83 22 grounds
322 2926 43 16 that
378 2925 62 17 action
456 2926 13 16 is

54 2949 49 18 taken.
135 2950 85 17 Pukci-oa
237 2950 50 17 must
303 2949 23 17 be
343 2949 72 16 cleared
433 2949 36 16 and

54 2973 31 17 that
93 2975 17 15 at
119 2979 43 11 once
171 2973 36 17 and
217 2973 15 16 if
240 2979 37 16 you
286 2978 31 11 are
326 2972 36 16 still
373 2972 59 17 found
446 2978 23 10 on

54 2996 23 16 the
85 2996 68 21 ground
163 2996 24 17 bv
195 2996 33 17 the
242 2996 36 16 end
294 2996 19 16 of
327 2995 98 22 February
439 2995 30 17 tin?

54 3019 44 17 house
106 3026 20 10 or
141 3019 46 18 shed
201 3019 38 17 will
254 3019 22 16 be
289 3019 57 16 taken
362 3018 55 17 down
434 3018 35 17 and

54 3042 23 17 the
86 3048 84 17 expenses
179 3043 20 16 of
207 3042 58 22 doing
274 3048 19 11 so
311 3042 99 17 recovered
422 3042 47 18 from

54 3071 31 16 you.

178 3088 101 18 GERHABD
292 3088 107 18 MrEI.T.KU,

120 3112 143 15 Commissioner
271 3111 20 16 of
300 3111 67 16 Crown
376 3111 70 16 Lands.

1163 85 59 20 THE
1248 84 57 21 HOT
1332 84 94 21 LAKEB
1454 84 172 23 CHEONICLE,
1653 84 190 23 WEDNESDAY,
1872 84 158 21 FEBRUARY
2057 85 31 22 26,
2106 84 48 18 1896

54 3154 92 18 DISEASE
154 3154 105 18 DEFIED!

109 3177 106 19 HEALTH
226 3177 120 17 INSURED!

55 3222 120 22 CLEMENTS
183 3223 78 19 TONIC

112 3247 84 18 HOLDS
203 3247 53 18 THE
262 3247 110 17 RECORD.

71 3293 46 18 More
130 3294 45 17 lives
191 3293 56 17 saved
262 3293 25 22 by
304 3292 95 19 Clements
415 3292 58 17 Tonic

55 3316 34 18 than
97 3317 23 22 by
140 3317 25 17 all
183 3316 54 18 other
252 3316 101 17 medicines
374 3315 98 19 combined

57 3363 10 16 A
76 3363 113 17 GENUINE
198 3362 110 17 ARTICLE

105 3386 143 18 COMMANDS
264 3385 114 18 SUCCESS.

56 3431 120 19 CLEMENTS
185 3432 77 17 TONIC

111 3456 24 17 IS
144 3455 124 18 GENUINE.

158 3478 135 18 CLEMENTS
301 3478 78 17 TONTf

274 3501 23 17 IS
306 3501 166 17 SUCCESSFUL.

111 3548 69 17 READ
192 3548 52 17 THE
262 3547 140 17 EVIDENCE.

57 3568 30 21 Mr.
97 3571 26 19 H.
134 3571 93 18 Charles
241 3570 60 19 Kerr
315 3570 100 18 Cathedral
434 3570 38 19 So.,

120 3594 74 19 Cured
203 3593 26 19 of
318 3591 154 23 Chrjsfcnurch.

113 3617 128 23 Neuralgia.
321 3617 48 16 New
385 3615 88 20 Zealnnd,

355 3639 61 19 e
416 3639 3 19 1
427 3640 44 16 lime

57 3662 83 19 I'niffercd
146 3664 101 18 occasional
257 3664 54 16 acute
319 3662 74 19 attacks
400 3662 19 18 of
428 3668 45 12 neu-

119 3688 30 17 the
166 3687 44 22 pain
226 3692 38 12 was
280 3686 73 17 intense
370 3686 56 17 while
443 3686 32 16 the

57 3710 50 18 »TOick
123 3710 106 18 continued.
254 3710 43 17 Yon
311 3715 44 11 mav
371 3709 74 17 depend
464 3709 9 16 I

57 3732 37 20 tnqd
106 3739 54 17 oveiy
162 3733 55 23 thing
222 3734 21 17 to
252 3737 42 13 cure
311 3738 30 11 me
357 3731 39 18 and
403 3733 33 18 trot
445 3737 19 12 re-

57 3753 28 21 lief.
97 3756 51 19 Soirio
165 3756 129 23 preparations
302 3755 63 17 would

57 3782 56 21 poravy
118 3780 57 21 relief,
185 3779 38 18 and
230 3779 33 18 the
271 3778 45 23 pain
336 3784 39 11 was
396 3778 24 17 all
442 3778 32 17 the

57 3805 38 15 more
114 3803 112 17 unbearable
247 3801 115 18 afterwards.
389 3800 86 22 Reading

57 3829 17 12 im
82 3826 139 18 advertisement
229 3826 21 17 of
261 3827 59 16 vorirs
330 3825 19 17 in
360 3830 36 12 one
410 3825 21 17 of
439 3830 34 11 our

57 3845 57 23 dailies.
125 3850 8 17 T
142 3849 74 22 bought
224 3855 11 11 a
255 3848 60 18 bottle
335 3848 20 16 of
381 3847 94 17 Clements

57 3868 46 22 Tonic
111 3871 17 24 (I
135 3878 39 12 was
190 3873 19 16 in
223 3873 53 20 great
283 3871 43 23 pain
335 3872 20 16 at
365 3871 32 18 the
414 3870 59 23 time),

57 3894 28 17 «nd
93 3901 21 11 on
124 3896 82 18 arriving
215 3896 20 16 at
252 3901 31 15 my
302 3900 63 11 rooms
386 3894 10 17 I
403 3894 44 17 took
464 3899 11 11 a

57 3914 41 25 largo
105 3918 42 19 dose
163 3918 38 17 and
208 3919 50 16 went
262 3919 20 16 to
294 3917 36 17 bed
344 3916 38 18 and
395 3916 67 18 immed-

56 3937 45 26 i'ltoly
112 3942 29 17 fell
153 3942 40 17 into
202 3948 11 10 a
222 3941 58 17 sound
290 3941 56 18 sleep.
361 3940 28 16 On
399 3939 77 21 waking

59 3961 63 21 ifound
135 3965 24 17 all
175 3965 43 22 pain
227 3964 36 17 had
273 3963 97 18 vanished.
405 3963 50 17 That
461 3963 15 16 is

57 3986 42 22 I'iito
103 3988 132 18 threomonths
244 3993 42 14 ago,
296 3986 37 17 and
343 3987 9 16 I
363 3991 30 13 am
400 3984 76 21 pleased

57 4009 14 15 lo
78 4015 28 17 say
114 4012 9 16 I
132 4011 46 18 have
190 4016 57 12 never
260 4010 46 17 been
321 4009 87 18 troubled
430 4009 45 16 with

57 4033 84 24 neuralgia
149 4034 56 19 since,
215 4032 106 20 thoroforol
331 4038 34 12 can
375 4032 45 17 with
431 4037 34 12 eon-

57 4053 57 22 ftdonco
125 4059 57 16 assert
190 4057 41 18 that
241 4057 14 16 it
264 4057 15 16 is
285 4062 10 11 a
304 4055 77 18 reliable
394 4061 44 11 cure
447 4055 30 16 for

56 4080 89 19 Monralgia:
170 4080 51 17 AVith
234 4085 56 13 manv
300 4078 70 18 thanks
387 4078 29 17 for
429 4083 9 16 sroi5
439 4078 3 21 r
443 4083 16 11 oi
468 4082 9 11 r

57 4101 73 22 valuable
137 4103 92 19 Clement*
238 4102 57 18 Tonic
302 4102 9 17 T
320 4108 38 12 am,
368 4106 57 17 yours
432 4105 44 16 vory

58 4125 95 21 mutofullv,
163 4127 25 17 11.
208 4125 77 19 Charles
301 4125 55 17 Kerr.
374 4122 103 19 Cathedral

57 4144 64 25 Kquaro,
132 4149 137 20 ChrLtcburch,
280 4149 46 16 New
339 4146 89 19 Zoaland,

492 147 430 59 HIHEMOA_STOKK.

529 217 127 20 7TILLIAM
682 216 104 20 ROGERS
803 216 73 19 directs
893 217 21 18 at-

510 254 5 7 i
529 248 7 13 r
569 244 76 19 tention
656 245 20 16 to
684 243 36 18 the
728 242 106 25 following
840 242 53 19 lines
904 242 21 19 of

492 274 431 43 €IIISfMM6##IS

493 323 98 25 Bycroft's
601 322 111 19 Snowdrift
722 322 52 19 N.Z-
783 322 62 19 Flour

490 349 102 23 Sultanas,
603 348 100 19 Muscatel
712 348 41 18 and
762 348 97 19 Valencia
873 348 39 19 Rai-

542 375 47 20 sins,
601 374 40 19 and
650 374 98 19 Currants

492 401 48 23 Figs
548 401 39 19 and
597 400 111 19 Preserved
718 399 84 26 Ginger,
814 399 71 26 Spices

490 427 76 18 Lemon
576 426 40 19 and
626 426 81 24 Orange
718 425 49 19 Peel

546 453 69 19 White
625 452 113 24 Sugar—A.
755 451 115 25 Speciality.

492 479 49 19 New
553 478 89 19 Zealand
650 477 63 25 Dairy
720 477 145 19 Association's
872 477 39 19 But-

595 507 34 15 ter.

515 529 61 20 TEA.
635 529 112 19 COFFEE.
803 528 94 20 COCOA.

490 579 87 19 General
590 579 127 18 Assortment
734 578 21 19 of
772 578 152 25 Storekeeper's

549 656 159 42 HINEMOA
737 656 125 41 STORE.

490 721 46 42 TO
551 721 24 41 &
591 721 93 41 FROM
704 721 70 41 THE
801 721 121 42 BATHS,

492 815 150 47 CBIRSS
658 822 50 12 runs
725 822 12 12 a
755 818 120 22 wagonette,
888 816 24 20 ho-

536 852 8 8 •
574 845 64 15 tween
653 841 34 19 the
705 841 39 19 Old
759 842 109 25 Township
884 843 39 19 and

490 869 35 18 the
536 868 64 18 Baths
610 867 125 24 throughout
745 868 34 18 the
790 868 45 25 day.

491 931 49 18 Also
563 929 197 24 Whakarewarewa,
786 929 73 20 Sodom
883 930 40 19 and

527 956 112 19 Gonior:nh
649 956 40 18 and
700 956 58 18 other
767 956 67 25 sights
842 963 48 12 near

652 982 35 19 the
698 984 61 17 town.

589 1034 79 22 Fares
682 1033 141 23 Moderate.

491 1082 76 23 Sixth
580 1081 74 23 Year.
702 1081 74 23 Price
786 1081 136 29 Sixpence.

741 1109 87 17 FostiiLro
838 1109 32 18 2d.

535 1257 344 33 ILLUSTRATED

492 1317 162 40 ALMANAC
679 1316 71 41 AND
783 1316 137 44 DIARY,

630 1389 65 22 FOR
708 1389 69 22 1896.

594 1421 67 18 useful
672 1422 83 17 Annual
765 1422 37 17 has
817 1427 44 12 now
879 1427 33 19 per-

500 1441 20 22 -B-
558 1446 102 25 raanently
678 1446 61 19 taken
756 1448 27 17 its
801 1447 56 25 place
873 1453 23 13 as
912 1453 12 12 a

492 1473 115 19 Handbook
619 1473 21 18 of
657 1473 55 22 daily
729 1474 102 18 reference
850 1473 20 18 in
889 1473 35 19 the

491 1500 102 23 Counting
605 1499 68 18 House
684 1501 39 16 and
736 1500 72 17 Homo.
838 1499 21 19 It
866 1498 57 20 is.tb.io

490 1525 95 20 standard
599 1524 51 19 book
664 1525 21 19 of
695 1525 101 19 reference
812 1525 32 19 for
863 1525 49 19 Busi-

490 1559 46 11 ness
549 1551 53 22 Men,
615 1551 99 22 Farmers,
727 1551 106 22 Mariners,
843 1551 67 19 House-

492 1578 88 25 keepers,
591 1577 38 22 and
642 1577 34 20 the
688 1574 87 22 General
786 1577 78 19 Public.

517 1604 28 19 To
556 1604 24 18 be
590 1601 48 21 had'
649 1603 21 19 of
687 1603 28 19 all
731 1600 133 22 Booksellers
883 1603 40 19 and

491 1630 147 25 Storekeepers,.
725 1630 3 25 .
746 1630 12 25 '.

490 1752 113 19 BAhT.ER
626 1752 59 18 AND
715 1752 207 23 HAIRDRESSER,

494 1786 87 43 BEGS
592 1788 20 18 to
624 1793 104 12 announce
739 1787 44 18 that
790 1787 29 19 ho.
827 1787 37 18 has
871 1794 39 12 com-

558 1813 80 18 menced
652 1813 92 18 busincis
755 1813 19 18 in
787 1813 36 19 the'
837 1813 52 25 shop
903 1813 19 19 in

490 1839 82 21 the-old
579 1842 68 18 .town,
669 1839 95 24 formerly
784 1839 95 25 occupied
897 1839 26 25 by

491 1865 164 23 MivMcEadyeu,
666 1865 94 23 saddler,,
769 1865 40 19 and
826 1865 97 25 hopes.to

490 1893 58 19 merit
560 1893 79 19 a-sharp
652 1892 20 17 of
683 1891 113 25 thoTpuhlic
807 1895 89 21 support.

527 1916 3 29 1
542 1925 9 10 ''
570 1917 105 27 ftiZ'O
685 1925 55 19 RS'
759 1925 87 20 SET.-
859 1916 31 21 "'■

488 1975 3 20 ■
513 1977 21 18 A
544 1975 82 19 Choice
629 1975 1 20 :
638 1975 151 19 Assortment
802 1975 28 18 of
840 1975 70 18 Tobac-

483 2005 52 17 -oos,
546 1999 85 26 Cigars,
642 1998 131 23 Cigarettes
780 1998 20 19 &
807 1998 116 19 Smoker's

489 2020 146 26 ■Requisites/
668 2024 22 16 '<::■
724 2025 48 12 ■'■■•'
831 2023 5 9 '■
847 2020 2 26 ■

490 2071 181 33 AUCKLAND
693 2071 51 22 and
762 2069 161 24 WAIKATO

482 2095 120 40 :..,'"'"!..•;;
606 2095 211 33 -i'agency-'.-
832 2095 2 40 ■
860 2109 27 15 ■•-=

497 2141 62 22 .Near
672 2138 87 25 Church,
775 2137 135 22 ROTORUA.
922 2137 8 9 ''

528 2201 206 40 FURMITIM
759 2199 127 46 depot,

553 2251 4 30 '
579 2261 17 16 ;.
609 2251 2 30 '
629 2251 2 30 ■
662 2253 78 20 "'AND
781 2251 3 30 ■
795 2252 27 29 ,*;
858 2253 15 25 ';

490 2289 245 28 GEEPEHAL
753 2288 168 27 STORE.

514 2349 79 19 Local-
607 2349 80 23 Agent
711 2348 37 18 for
755 2347 170 19 •Commercial

490 2373 79 18 Union
582 2372 56 19 Fire'
648 2372 135 18 Assurance
796 2371 129 23 Company,.

490 2396 106 18 Limited.
615 2396 3 18 -
784 2396 1 18 .
795 2396 1 18 •
820 2396 1 18 ■
840 2402 7 4 -
865 2396 2 18 '
896 2396 1 18 ■

676 2441 223 56 OTRM

541 2510 212 27 Commission
767 2510 111 32 Agent

523 2577 47 45 R.
585 2565 309 57 .fiRLFFITJiS,

603 2638 213 31 ROTORtTA,

491 2679 138 30 GENERAL
638 2677 287 27 CARTER&CARRIER.

518 2739 67 19 Goods
595 2737 102 20 delivered
708 2740 20 16 to
737 2737 26 18 all
779 2739 57 25 parts
854 2735 30 23 of.
891 2735 35 20 the

491 2765 77 19 district
577 2767 19 16 at
605 2764 37 20 low
652 2767 61 17 rates.

572 2794 62 19 ALL
647 2794 113 18 TRAINS
774 2793 69 19 MET.

517 2851 137 19 N.B.—Good
661 2848 264 28 paddockiugforalimited

492 2878 85 19 number
587 2878 21 18 of
617 2878 76 17 horses.
711 2874 106 28 Spencer's
827 2874 98 26 paddock,

493 2903 144 20 well-watered
663 2902 41 19 and
736 2909 59 16 every
827 2901 99 19 attention

496 3109 217 45 Rotorua
754 3107 169 44 Tours.

496 3190 186 44 IJASSENGKERS
691 3191 20 16 to
721 3190 84 18 Rotorua
814 3195 31 10 arc
852 3188 76 17 advised

558 3214 43 17 that
609 3220 12 11 a
635 3214 75 22 regular
722 3213 50 22 daily
786 3212 57 17 coaoh
861 3211 67 19 service

494 3238 90 17 between.
587 3236 91 19 Okoroiro
687 3236 38 18 and
735 3236 85 18 Rotorua
835 3235 38 17 and
889 3234 40 17 vice

495 3268 51 11 versa
556 3261 15 17 is
580 3266 41 12 now
631 3260 90 21 running,
747 3260 2 21 .
832 3260 4 21 .
860 3273 10 2 ..

518 3285 38 17 The
565 3283 117 23 advantages
688 3283 20 18 of
715 3283 36 17 this
758 3282 53 17 route
817 3286 102 16 aro.miuior-

495 3313 39 16 -OUB,
544 3313 12 12 a
564 3306 104 19 somewliiit
682 3306 73 17 tedious
764 3304 78 23 railway
850 3304 80 22 journey

495 3331 15 17 is
519 3330 76 20 broken,
606 3329 37 17 and
652 3330 33 16 the
701 3331 54 15 route
772 3329 92 17 traverses
880 3332 50 11 some

495 3355 20 15 of
534 3354 31 16 the
582 3353 86 17 loveliest
683 3352 53 17 Bush
754 3351 80 21 Scenery
850 3350 20 17 in
882 3350 48 17 New

495 3376 88 19 Zealand.
644 3379 9 13 t
746 3391 45 7 ...

535 3407 105 22 FARES,
656 3407 42 21 lOf?
707 3405 84 19 EACH
804 3404 83 20 WAY.

495 3435 92 24 Special
604 3435 167 22 Conveyances
787 3438 44 14 can
851 3433 29 17 be
897 3437 23 13 ar-

642 3457 88 24 ranged
739 3456 42 19 for.

496 3504 213 20 Leave—Okoroire
718 3503 36 19 for
767 3503 104 19 Rotorua
885 3501 47 19 and

566 3527 221 22 Whakare\yarewa
816 3524 62 24 daily
906 3525 26 18 at

569 3552 29 18 10
606 3551 52 23 a|[m.

497 3574 206 20 Leave—Rotorua
711 3572 46 21 and
765 3571 151 19 Whakarewa-

566 3603 62 14 rewa
644 3598 37 18 tor
694 3595 118 22 Okoroire,
828 3594 63 23 daily
907 3595 25 17 at

569 3621 29 19 10
606 3626 51 14 a.m.

520 3649 31 17 All
572 3654 111 17 passengers
703 3652 32 12 are
751 3645 77 18 advised
849 3646 19 16 to
883 3644 49 18 avail

497 3673 112 17 themselves
617 3671 20 18 of
645 3671 38 17 this
701 3671 61 16 Route
777 3675 20 11 as
812 3668 90 19 Okoroiro
917 3668 15 17 is

498 3702 34 11 one
548 3695 20 18 of
579 3694 32 19 the
620 3695 51 16 show
681 3693 62 23 places
760 3692 20 18 of
845 3690 87 19 Thoranl

499 3718 83 19 District,
605 3717 37 17 and
657 3723 25 11 no
698 3716 44 18 visit
757 3715 68 17 to-the
840 3715 60 16 Lakes
917 3714 15 16 is

498 3741 92 24 complete
599 3740 81 17 without
685 3740 25 17 its
716 3738 98 19 inclusion.

522 3764 72 23 Special
603 3763 94 18 attention
709 3762 16 17 iH
738 3760 59 19 called
812 3762 19 18 to
845 3760 31 17 the
894 3760 38 17 fact

498 3788 43 17 that
549 3793 11 11 a
569 3787 56 17 coach
635 3786 61 17 loaves
707 3785 87 21 Rotoma
803 3784 37 16 and
851 3783 67 17 Whaka-

499 3816 99 12 r<!warewa
606 3815 25 11 on
640 3809 78 21 Sunday
726 3809 20 16 at
756 3808 21 17 10
786 3812 44 13 a.m.

633 3854 163 17 HGENTS:

497 3878 73 18 THOS.
584 3876 69 21 COQK
670 3877 16 15 &
704 3872 56 23 SON,
778 3873 99 18 Auckland
895 3873 37 17 and

669 3899 91 16 Rotorua.

526 3941 168 23 F1BEW00D!
741 3939 165 23 FIEEWOOD!
925 3939 2 25 .

596 3994 76 20 RATA
685 4000 42 13 and
741 3993 92 19 TAWA.

501 4031 106 21 Delivered
628 4030 27 26 hy
673 4030 85 20 Kusahs
778 4028 58 19 Bros,
854 4030 20 17 to
893 4034 39 18 any

499 4060 47 24 part
558 4057 21 20 of
589 4057 35 20 the
635 4056 100 25 township
746 4057 19 18 at

572 4083 85 21 LoWRsT
669 4082 100 20 Cuiuient
781 4081 76 18 Rates.

526 4110 74 20 Orders
609 4108 93 21 received
714 4111 20 17 at
745 4108 34 19 the
789 4107 68 25 yards,
866 4105 55 20 Iline-

499 4143 45 12 moa
553 4137 73 18 Street,

1055 148 158 54 THE
1261 146 154 55 HOT
1469 146 259 54 LAKES
1780 145 393 54 DISTRICT

1183 230 91 19 Tourists
1284 228 41 20 and
1336 229 92 20 InvalicL

1135 271 440 77 GRAND
1666 268 428 78 HOTEL

948 428 80 28 rpHE
1042 430 52 17 most
1104 428 87 25 elegant,
1202 426 132 20 comfortable
1343 425 39 19 and
1393 425 45 19 best
1449 425 110 25 appointed
1569 423 155 20 establishment
1734 424 22 18 in
1776 423 50 19 New
1843 422 98 24 Zealand,
1960 422 16 18 it
1995 422 63 25 being
2074 422 84 24 replete,
2168 422 125 24 throughout

962 451 16 21 ■_
1419 451 49 19 with
1478 451 34 19 the
1523 453 53 16 most
1589 449 83 19 modern
1687 449 149 19 conveniences.

973 480 58 19 THE
1044 479 94 20 HOTEL
1155 480 18 18 is
1191 479 21 19 in
1231 479 35 18 the
1284 477 117 20 immediate
1416 475 171 27 neighbourhood
1604 475 23 19 of
1644 475 35 19 tho
1698 475 73 23 Priest,
1792 474 83 24 Rachel,
1896 474 125 19 Postmaster
2044 473 41 19 and
2100 473 59 18 other
2173 472 68 23 baths,
2259 472 34 19 the

947 506 90 19 curative
1046 506 113 25 properties
1169 505 22 19 of
1201 504 64 20 which
1282 510 34 13 are
1332 502 149 20 world-famed.
1510 501 54 19 Bath
1576 501 65 19 chairs
1653 501 39 18 and
1703 501 119 18 attendants
1832 506 34 13 are
1876 499 99 26 provided
1987 503 19 15 to
2019 505 76 18 convey
2111 498 86 19 invalids
2214 499 21 18 to
2253 498 40 19 and

947 533 52 18 from
1009 532 35 18 tho
1054 532 82 19 various
1148 531 140 19 bath-houses.
1317 528 45 20 The*
1369 529 108 19 bedrooms
1488 528 40 18 and
1547 527 87 25 retiring
1655 533 68 12 rooms
1743 533 35 12 are
1796 526 59 19 fitted
1872 526 49 19 with
1951 524 76 26 special
2040 524 75 25 regard
2129 526 20 17 to
2163 524 34 19 the
2213 524 80 24 require

947 561 66 15 ments
1023 558 21 18 of
1053 560 70 22 guests
1133 557 21 18 in
1164 557 70 19 search
1243 556 21 18 of
1273 555 92 19 renewed
1375 554 100 25 strength.

973 583 43 20 The
1030 583 62 19 Baths
1103 585 21 17 at
1135 583 35 18 the
1178 581 129 21 Sanatorium
1318 581 52 19 have
1381 579 100 20 attracted
1490 585 61 13 niaDV
1561 579 81 19 visitors
1662 579 21 18 of
1702 578 41 19 late
1764 584 70 19 years;
1862 578 95 24 amongst
1973 576 59 19 those
2044 576 45 19 who
2098 575 52 19 have
2162 575 63 19 found
2235 575 58 18 relief

948 609 32 20 bei
991 610 33 18 tho
1034 609 146 23 convalescent,
1190 614 92 16 nervous,
1293 606 119 22 rheumatic,
1424 606 41 19 and
1475 604 101 26 sleepless.

974 635 91 20 Rotorua
1075 635 17 19 is
1102 635 35 19 the
1154 637 67 16 centre
1239 634 53 19 from
1310 632 65 19 which
1395 632 28 19 all
1444 632 69 25 points
1523 631 21 18 of
1552 630 85 19 interest
1647 630 21 19 in
1686 630 34 19 the
1730 630 95 18 Thermal
1836 629 87 25 Springs
1939 628 86 19 District
2041 633 47 19 may
2103 626 27 20 be
2144 626 92 24 reached,
2253 626 40 19 and

947 661 73 26 special
1032 661 95 19 facilities
1138 666 33 14 are
1180 660 97 25 provided
1286 660 32 18 for
1325 658 58 19 those
1390 658 22 19 in
1422 657 70 20 search
1502 658 22 17 of
1531 656 35 19 the
1576 656 101 19 beautiful
1689 656 40 18 aud
1745 655 127 19 marvellous.

1041 692 182 18 MAGNIFICENT
1236 689 177 19 APARTMENTS.
1543 688 85 17 LOFTY
1639 687 148 18 BEDROOMS.
1905 686 117 17 PERFECT
2038 683 162 19 SANITATION.

1093 717 26 18 In
1130 715 56 19 short
1195 722 13 11 a
1217 719 125 14 pikst-class
1355 713 174 18 Establishment
1538 711 88 25 offering
1635 710 60 25 equal
1704 710 96 19 comforts
1809 712 20 17 to
1840 710 34 18 the
1884 709 46 19 best
1945 709 65 19 hotels
2019 710 22 17 in
2050 708 88 24 Europe.

1190 766 87 23 Suites
1293 765 29 23 of
1333 764 170 30 Apartments
1512 762 68 24 with,
1590 762 98 30 special
1701 762 156 23 attendance
1872 761 40 23 for
1927 760 124 23 Families

947 802 102 26 Spacious
1059 801 127 20 Promenade
1196 800 112 23 Balconies,
1318 799 58 25 Snug
1388 799 92 22 Alcoves,
1491 797 40 19 and
1548 796 127 24 luxuriously
1692 796 109 25 appointed
1812 795 104 25 Drawing,
1936 795 71 21 Music,
2025 793 151 23 Conversation,
2192 792 99 26 Reading,

1399 824 101 25 Smoking
1510 823 38 19 and
1560 823 86 19 Billiard
1657 823 82 21 Rooms.
1768 822 69 18 Baths.

1187 863 36 22 03-
1239 860 116 19 SPECIAL
1369 858 162 20 ATTENTION
1545 857 68 19 PAID
1625 857 35 18 TO
1674 856 119 19 CUISINE
1807 855 60 20 AND
1881 854 126 21 SERVICE,
2022 856 36 23 «£j)

974 895 34 20 All
1019 894 180 20 communications
1211 893 26 24 by
1248 892 59 18 letter
1317 898 22 12 or
1350 890 98 24 telegram
1460 889 40 19 will
1510 889 77 19 receive
1597 891 80 23 prompt
1687 888 106 19 attention.

1006 945 77 45 W.
1111 945 57 43 A.
1196 941 311 51 BOULTON,

1420 1001 60 24 (Late
1489 1001 21 18 of
1519 999 114 19 Grosveuor
1643 997 69 23 Hotel,
1724 997 81 24 Sydney
1814 997 7 24 )

1980 938 252 55 Manager.

1147 1094 486 66 STREWS

952 1212 164 55 HOT
1161 1207 339 60 SPRINGS
1549 1203 281 62 HOTEL,
1917 1192 45 53 J.

1860 1063 165 42 ROTORUA
2048 1062 92 42 BOOT
2161 1062 24 41 &
2203 1062 89 42 SHOE

2013 1121 125 41 DEPOT,

1051 1449 19 20 A
1091 1448 117 21 First-class
1222 1448 39 19 and
1279 1448 45 19 well
1335 1446 110 26 appointed
1453 1446 71 18 House
1536 1444 120 19 convenient
1666 1447 20 14 to
1696 1442 35 19 ih<i

948 1502 95 33 HOT
1059 1500 202 35 SPRINGS
1284 1500 34 33 &
1336 1497 235 35 NATUBAL
1589 1491 246 37 WONftKRS,

974 1561 56 19 HOT
1054 1560 93 19 BATHS
1170 1566 25 12 on
1212 1559 34 19 the
1265 1559 103 25 premises.
1405 1558 43 18 Tho
1458 1557 96 24 stopping
1564 1555 71 19 House
1645 1554 32 19 for

1060 1591 68 22 THE
1152 1590 61 23 SPA
1236 1589 107 24 HOTEL
1368 1587 170 24 COACHING
1559 1583 165 26 COMPANY.

975 1642 90 21 Coaches
1079 1643 66 19 arrivo
1155 1644 52 18 from
1217 1642 72 25 Taupd
1298 1641 117 25 Thursdays
1425 1640 39 20 and
1482 1639 98 24 Sundays,
1592 1637 40 20 and
1646 1637 57 19 leave
1719 1637 32 18 for
1766 1635 70 25 Taupo

946 1669 254 26 'Fridays'and'Mondays'.
1213 1669 218 26 ■'

1079 1713 49 23 '--."'
1194 1719 194 21 MODERATE
1411 1716 175 22 CHARGES.
1639 1713 2 29 .
1681 1738 7 4 .

1928 1479 40 19 and
1978 1480 92 20 Colonial
2081 1481 62 19 Boots
2153 1481 76 24 always

2023 1507 21 19 in
2062 1507 67 19 Stock.

1859 1542 68 20 BEST
1935 1543 153 19 MATERIAL.
2124 1543 68 20 BEST
2201 1543 90 20 WORK.

1938 1580 159 19 AUCKLAND
2107 1580 106 20 PRICES.

1860 1629 165 24 Hand-sewn
2034 1630 79 23 Boots
2123 1637 15 16 a
2152 1630 138 29 Specialty.

1056 1813 37 39 pi.
1096 1813 2 39 :
1160 1813 16 39 ,'
1183 1815 9 20 •':
1202 1813 273 25 BEFORE'ORDERING
1488 1814 61 20 ELSE-

1060 1876 28 29 *£
1100 1863 52 8 '"
1284 1877 59 19 THE
1362 1875 105 20 PUBLIC
1481 1874 55 19 ARE
1555 1873 28 19 1N-

1125 1938 47 12 .,...«
1204 1936 87 23 ivtfTED.
1306 1936 34 19 T0
1353 1935 71 20 CaLL
1438 1933 58 20 AND
1509 1933 50 19 SEE

1125 1975 18 40 I
1245 1986 69 30 NE\V'
1328 1993 146 23 MATERIAL
1491 1992 37 23 IN.
1534 1987 30 28 '".,

1033 2034 112 54 JS&H
1168 2055 162 28 SUITINGS,

1013 2104 43 22 "-.'
1057 2098 74 30 --..M
1193 2105 138 23 --COAT.

1041 2135 20 49 P
1084 2150 61 34 m
1225 2135 3 49 ;
1267 2135 2 49 •
1312 2153 19 24 *

1028 2172 70 18 '■•■A-.;-.
1110 2172 36 18 &VA
1195 2182 21 7 ■•-.

1246 2104 170 27 COATINGS,

1312 2151 172 28 VESTINGS,

1361 2208 52 23 and
1448 2213 15 7 ■'-

1364 2258 237 27 TROUSERINGS,

1196 2382 31 42 B;
1260 2381 40 40 W.
1337 2371 240 48 NEIGHBOUR'S,

1398 2476 328 80 HOTEL

973 2679 41 18 One
1023 2678 37 18 arid
1069 2684 12 11 a
1088 2677 41 18 half
1138 2676 52 17 miles
1199 2675 48 17 from
1255 2674 33 17 the
1296 2674 47 16 Post
1352 2672 63 18 Office.
1430 2667 2 30 ■
1441 2671 31 17 All
1479 2670 82 18 Coaches
1567 2669 49 17 from
1622 2667 97 22 Tokaanu,
1726 2667 70 23 Napier
1801 2667 37 17 and

950 2703 85 18 Rotorua
1044 2707 31 12 are
1084 2702 39 16 met
1131 2699 25 23 by
1289 2696 88 20 Coaches,
1387 2695 38 17 aud
1434 2693 74 18 visitors
1517 2692 94 23 conveyed
1623 2693 21 16 to
1658 2692 33 16 the
1728 2692 38 20 Spa
1800 2692 38 15 tree

1340 2719 19 17 of
1368 2718 75 23 charge.

975 2754 43 19 Tho
1158 2752 16 18 is
1187 2750 34 19 the
1232 2749 66 19 Dome
1309 2749 20 17 of
1340 2747 33 19 the
1384 2747 88 18 Famous
1488 2745 92 23 Crow's
1595 2744 66 22 Nest
1677 2742 107 31 Geyser,
1803 2742 41 22 the.

950 2780 82 18 Witches
1041 2779 101 20 Cauldron;
1157 2777 122 21 Champagne
1293 2775 75 21 Geyser,
1385 2773 63 21 Milky
1462 2772 69 21 Geyser
1555 2770 107 22 Flesh-pot,
1679 2768 91 24 Porridge
1780 2768 57 22 Tots,

949 2803 123 20 Blow-holes,
1082 2799 167 23 HaivnahGoyser,
1259 2798 33 17 tho
1300 2798 66 17 Lesser
1380 2796 70 17 Crow's
1463 2794 53 21 Nest,
1531 2793 64 19 Vends
1610 2792 57 21 Bath,
1682 2792 75 18 Satan's
1773 2792 64 23 Glory,

950 2827 40 18 Salt
1000 2826 75 23 Spring,
1086 2819 146 24 Paddle-wheel,
1243 2822 37 16 and
1289 2820 70 18 several
1368 2819 54 18 oth.tr
1430 2819 61 22 sights
1498 2818 19 17 of
1525 2819 83 15 interest.
1635 2817 60 16 Guide
1703 2822 8 10 s
1721 2817 28 16 fee
1757 2817 20 15 2s
1794 2817 45 15 each

949 2856 23 16 PC
973 2873 39 17 The
1020 2863 77 26 iIUKA
1110 2869 86 19 FALLS.
1221 2868 79 17 Visitors
1310 2868 19 16 to
1338 2866 32 17 the
1462 2863 93 23 conveyed
1564 2864 38 16 free
1611 2862 20 17 of
1639 2862 70 22 charge

973 2919 39 18 The
1019 2916 161 19 accommodation
1188 2916 21 16 at
1216 2914 33 18 the
1364 2912 26 17 all
1399 2912 42 16 that
1456 2916 35 12 can
1506 2910 24 17 he
1547 2909 78 17 desired.
1658 2908 63 22 Every
1737 2908 102 18 Bed-room

950 2942 108 18 over-looks
1067 2941 33 18 the
1109 2939 89 19 Gardens.
1224 2937 75 18 Private
1309 2936 61 16 Suites
1379 2935 20 17 of
1408 2935 128 21 Apartments.
1566 2932 61 22 Large
1642 2932 155 22 Drawing-room
1811 2932 30 17 for

950 2966 73 17 Ladies.
1049 2962 127 20 Comfortable
1186 2960 160 23 Smokm'g-roorn.

973 2988 54 18 THE
1040 2987 86 18 MAORI
1138 2984 101 19 CARVED
1253 2982 96 18 DINING
1361 2981 72 17 HALL
1442 2981 48 17 seats
1502 2986 36 10 one
1550 2979 87 17 hundred
1651 2983 77 17 persons
1743 2979 37 15 and
1795 2984 33 10 eon-

950 3012 50 17 tains
1009 3011 25 17 all
1044 3010 85 19 separate
1138 3008 59 18 tables
1206 3008 29 16 for
1244 3006 72 23 private
1324 3005 71 22 parties
1404 3010 21 12 or
1435 3003 77 17 friends.

974 3034 53 18 THE
1036 3033 86 18 LARGE
1131 3032 58 19 HOT,
1199 3030 66 18 COLD
1276 3030 14 16 &
1299 3028 79 18 TEPID
1384 3026 138 19 SWIMMING
1530 3025 69 17 RATH
1608 3024 74 22 adjoins
1690 3024 33 17 the
1731 3024 108 17 Bedrooms.

973 3058 40 17 The
1023 3055 122 19 SULPHUR
1154 3053 69 19 BATH
1230 3053 16 17 is
1255 3052 76 22 equally
1339 3051 105 16 efficacious
1453 3055 19 12 as
1479 3049 32 18 the
1517 3050 73 16 famous
1598 3048 60 17 Priest
1664 3048 50 16 Bath
1721 3047 21 18 of
1750 3047 89 18 Rotorua.

974 3081 39 17 The
1021 3079 79 18 TEPID
1114 3078 68 17 BLUE
1195 3076 68 17 BATH
1272 3076 16 16 is
1296 3081 45 16 very
1350 3073 112 23 refreshing.

1161 3100 51 19 ALL
1220 3099 83 17 BATHS
1313 3098 37 17 free
1359 3099 20 15 to
1388 3097 80 17 Visitors
1477 3097 19 16 to
1505 3095 33 17 the
1568 3094 35 17 5P,
1604 3095 5 11 4
1606 3107 13 4 ..

1004 3126 44 20 The
1056 3125 96 20 (Grounds
1162 3120 63 22 are''lf
1228 3123 20 18 id
1259 3125 35 15 out
1310 3121 19 19 in
1347 3121 68 18 choice
1435 3118 120 24 Rose-bids,
1576 3116 141 23 Shrubberies,
1736 3116 103 19 Beautiful

952 3154 95 21 Flowers,
1059 3152 50 18 Pine
1120 3149 133 23 Plantations,
1264 3147 51 19 Turf
1324 3147 77 19 Tennis
1418 3146 69 22 Lawn,
1502 3144 127 19 Promenade
1649 3143 40 18 and
1710 3142 129 20 Ornamental

952 3180 79 20 Lawns.

1004 3204 58 20 Good
1074 3204 61 18 Grass
1145 3200 110 23 Paddocks,
1268 3199 101 25 btabhng,
1381 3199 67 18 Horse
1460 3199 59 21 l'eed,
1531 3199 31 16 &c.

1396 3231 10 10 o

954 3254 117 24 Visitors
1085 3250 135 29 conveyed
1227 3250 55 22 free
1292 3248 132 28 of.charge
1434 3248 26 24 to
1468 3247 70 22 meet
1548 3245 36 23 all
1600 3244 109 23 coaches
1722 3245 105 29 proceed-

1237 3276 46 28 ing
1296 3276 28 21 to
1339 3274 121 23 different
1474 3273 79 29 parts.

1087 3325 125 26 TARIFF
1223 3320 4 31 :
1246 3326 35 17 10s
1293 3323 55 19 PER
1459 3321 28 19 £2
1505 3320 97 20 10sPEI1
1616 3320 94 20 WEEK.

980 3377 79 27 Special
1067 3376 125 20 concessions
1198 3377 20 16 to
1225 3373 97 20 Families
1328 3372 40 19 and
1376 3372 56 24 large
1441 3371 74 25 parties
1522 3370 85 24 making
1613 3376 12 11 a
1633 3369 124 24 lengthened
1764 3372 51 22 stay.

955 3428 87 20 Visitors
1053 3433 47 17 may
1109 3423 121 24 confidently
1242 3425 61 16 count
1312 3428 53 19 upon
1376 3427 59 18 every
1446 3427 44 13 care
1501 3419 40 19 and
1550 3419 99 19 attention
1660 3421 21 16 to
1691 3418 53 19 their
1750 3419 91 22 comfort,

1256 3448 39 19 and
1306 3448 76 24 civility
1390 3448 51 18 from
1451 3447 35 18 tho
1496 3446 54 19 staff.

1060 3476 115 21 First-class
1185 3475 69 19 Table.
1388 3473 126 19 Abundance
1525 3472 20 18 of
1554 3471 59 19 Fruit
1623 3471 20 19 in
1654 3471 82 19 Season.

954 3506 41 19 Tea
1006 3504 41 21 and
1056 3504 69 20 Coffee
1136 3502 70 19 served
1217 3501 18 19 in
1252 3501 36 19 tho
1305 3500 78 24 Dining
1399 3499 49 19 Hall
1467 3499 104 24 mornings
1590 3497 40 19 and
1648 3498 122 18 afternoons.
1806 3497 35 19 No

1325 3530 57 15 extra
1392 3525 81 24 charge.

1089 3581 103 34 TBOK
1382 3575 241 35 COACHING
1646 3575 62 33 CO,

1135 3622 43 17 Run
1187 3621 81 17 Coaches
1277 3621 21 16 to
1307 3620 31 16 the
1346 3619 99 21 following
1453 3617 62 24 places
1524 3617 19 18 of
1551 3617 88 24 interest:
1641 3626 23 3 —

956 3657 135 23 Tokaanu,
1101 3652 115 25 Thursdays
1227 3652 39 19 ar.d
1281 3650 100 25 Sundays.
1410 3650 51 18 Fare
1472 3650 28 18 ss.

1110 3679 119 29 Geysers,
1240 3678 61 24 daily,
1313 3676 94 25 Sundays
1417 3674 100 20 included:
1545 3674 51 18 Fare
1607 3676 22 16 2s
1639 3673 32 19 Cd.

956 3712 152 20 ARATEATEA
1117 3711 98 18 RAPIDS,
1226 3709 56 23 daily.
1308 3709 47 16 Fare
1368 3709 20 15 (is
1397 3708 29 17 (id.
1599 3725 5 5 .
1627 3702 3 30 '
1648 3702 47 28 ~'•';

955 3735 146 21 ROTOKAWA
1114 3734 121 18 SULPHUR
1247 3732 76 17 LAKE.
1348 3731 49 17 Pare
1406 3732 19 16 7s
1434 3730 29 20 (id,
1473 3735 37 16 any
1519 3730 50 16 time.

1012 3818 108 44 DAVID
1149 3814 184 46 SHERRIFF,

1040 3886 114 22 FAMILY
1171 3883 137 24 BUICHER,

1010 3941 81 18 Abawa.
1114 3936 90 21 Street,
1227 3934 107 19 Eotoku.v.

1015 3963 2 2 ■

966 3982 38 27 'is
1023 3993 45 14 now
1087 3984 94 25 carrying
1199 3989 25 13 on
1243 3982 34 19 the
1294 3981 94 19 business

956 4015 62 21 latelv
1040 4010 110 23 conducted
1169 4007 27 27 by
1214 4008 75 19 Messrs
1307 4006 80 20 Jecklin

956 4042 40 20 and
1007 4041 75 21 Cotter,
1096 4036 39 20 and
1145 4036 17 19 is
1171 4034 98 26 prepared
1280 4036 20 16 to
1314 4032 73 27 supply

955 4069 36 19 the
1001 4066 71 27 public
1081 4062 47 22 with
1140 4062 63 26 prime
1211 4060 78 26 quality
1300 4059 21 19 of
1333 4062 54 16 meat

955 4094 41 20 and
1005 4091 60 22 small
1074 4089 62 27 goods

1029 4125 36 20 AT
1079 4122 116 23 LOWEST
1210 4120 105 21 PEICES.

1455 3800 31 41 i
1512 3800 37 40 f.
1582 3799 215 43 ttasmti

1540 3866 171 21 FRUITERER.

1437 3903 58 20 Next
1504 3901 99 21 Saddler's
1618 3901 56 24 shop,
1684 3902 132 20 Ohineimitu.

1415 3935 41 19 Has
1467 3935 75 24 always
1556 3940 11 13 a
1583 3932 51 26 g'od
1649 3934 72 24 supplv
1738 3935 22 18 of
1780 3935 62 20 Fresh

1486 3960 64 24 Fiuit,
1561 3959 48 20 both
1625 3959 49 22 loca.l
1684 3960 38 19 and
1735 3960 22 19 im-

1536 3985 70 27 ported
1618 3991 25 13 on
1655 3984 59 23 hand.
1726 3984 3 28 .
1743 3998 5 5 ■•

1579 4010 90 24 Also,

1535 4038 17 20 A
1573 4037 43 20 well
1627 4040 91 17 assorted

1463 4064 57 20 strtk
1531 4064 21 19 of
1564 4063 85 24 Biscuit,
1662 4064 117 20 Confection-

1410 4097 35 20 ery
1455 4091 40 20 and
1505 4093 91 17 Summer
1611 4089 77 20 Drinks
1700 4092 22 17 at
1738 4091 105 20 Moderate

1587 4115 76 21 Prices.

1884 1691 116 24 Visitors
2011 1693 27 21 to
2051 1692 46 22 the
2112 1692 54 23 Hot
2173 1692 91 24 Lakes.

1888 1770 176 46 Palace
2100 1771 160 57 Hotgl,

1863 1827 63 19 •ituat
1940 1827 11 19 d
1976 1828 20 18 in
2022 1829 34 18 the
2080 1828 49 20 New
2153 1828 64 19 G.voi
2224 1831 64 17 iimonl

1858 1853 111 24 To\ytiKh!|V
1980 1855 21 18 in
2010 1859 62 15 :c,os©
2089 1855 108 25 proximity
2218 1854 76 22 toiVtbe.

1858 1878 71 26 Bath?,
1946 1878 148 27 Sanatorium,.
2102 1881 49 19 Post
2173 1881 61 19 Office
2253 1881 38 21 a;.d

1858 1906 91 25 Rai.wi.y
1958 1906 100 25 Station.,
2102 1912 7 19 '.
2126 1906 2 25 ~
2151 1906 2 25 '
2174 1917 11 8 -,
2203 1906 1 25 ~
2227 1906 3 25 ■

1890 1959 36 19 I'he
1937 1959 61 19 Hotel
2011 1959 16 19 is
2043 1959 132 26 luxuriously-
2187 1959 104 20 fu'rhi.-hed

1858 1985 38 19 and
1909 1985 78 21 replete
1997 1986 47 18 with
2052 1992 58 18 every
2120 1986 133 19 convenience
2261 1986 32 19 for

1859 2011 85 21 tourists
1954 2011 137 26 aodjotb§rp...
2109 2013 20 18 It
2150 2020 11 11 c
2176 2020 30 11 tnu
2216 2012 49 19 ands
2281 2019 10 11 a

1858 2037 92 25 splendid
1962 2038 48 19 vieiv
2021 2039 22 18 of
2053 2038 98 19 th-rLake
2163 2039 36 18 and
2211 2039 15 19 is
2236 2039 44 19 «iih-

1858 2064 19 19 in
1889 2071 45 18 easy
1945 2071 68 13 access
2025 2065 23 19 of
2065 2064 34 20 the
2116 2065 77 25 Gejeer
2209 2065 82 25 Springs

1858 2090 4 26 <
1873 2090 6 19 f
1892 2091 65 18 VVliak
1964 2097 113 13 irewarewa
2088 2091 40 19 ai.d
2138 2091 26 19 all
2178 2091 33 19 the
2229 2091 63 25 sights

1851 2117 2 20 '
1872 2117 7 18 f
1891 2117 34 19 the
1935 2117 85 20 district.

1874 2143 32 19 All
1917 2142 106 26 telegrams
2036 2143 102 26 promptlj
2148 2144 95 20 attended
2251 2146 28 17 to.

1926 2180 287 48 JOHN~JOHNSTON
2218 2222 7 11 S

1994 2234 170 18 PROPRIETOR.

1890 2284 184 46 Robert
2108 2283 155 47 Wake

1863 2348 38 44 I)
1909 2347 50 19 FGS
1968 2350 20 16 to
1997 2347 93 18 intimate
2098 2347 45 18 that
2154 2347 24 17 lie
2196 2347 36 18 Irs
2249 2352 44 14 now

1888 2370 16 22 y
1934 2373 110 19 concluded
2055 2373 35 18 the
2103 2372 117 20 alterations
2232 2376 20 16 to
2263 2373 31 18 his

1860 2399 97 26 premises
1972 2399 20 19 in
2002 2399 2 26 •
2010 2399 52 19 Pent
2064 2402 25 15 oh
2098 2399 80 22 'Street,
2194 2399 99 25 (opposite

1860 2426 34 18 the
1905 2425 68 19 Grand
1985 2425 130 25 Hotel,)'a'iicl
2125 2425 36 18 has
2171 2425 122 22 a.hirifeand

1862 2452 42 19 well
1916 2451 90 20 assorted
2017 2451 55 19 stock
2083 2451 21 19 of
2118 2451 34 18 the
2161 2449 3 23 ,
2172 2449 122 23 ui'id'eriii'o.ii-'

1861 2478 67 19 tinned
1939 2478 69 24 goods,

1863 2512 66 42 FOR
1949 2512 89 41 CASH
2053 2512 24 41 &
2091 2511 87 42 CASH
2190 2511 102 42 ONLY.

1887 2568 49 18 This
1946 2567 54 19 Rule
2012 2567 39 19 will
2069 2568 24 18 bo
2109 2566 77 24 strictly
2206 2567 87 19 adhered

1862 2596 19 16 to
1891 2601 23 11 so
1924 2600 26 12 no
1961 2600 38 13 one
2010 2594 50 18 need
2072 2594 23 18 te
2105 2592 117 20 offeudedif
2232 2593 63 19 credit

1861 2620 17 18 is
1889 2620 94 19 refused.'

1862 2655 82 22 Men's
1956 2654 127 29 Mercery,
2093 2654 75 27 Hats,
2180 2654 42 23 &c.

1864 2685 83 22 Men's
1963 2685 52 22 and
2029 2685 77 29 Boys'
2123 2685 121 29 Clothing

1967 2733 15 11 ~
2093 2716 78 23 Boots
2183 2716 21 23 &
2215 2716 79 24 Shoes

1862 2747 137 28 Blankets,
2013 2747 82 29 Rugs,
2106 2747 97 28 Prints,
2218 2747 62 23 Flan-

1916 2779 121 27 nelettes,
2050 2780 47 21 etc.

1863 2811 115 28 Saddles,
1989 2810 111 28 Bridles,
2116 2812 47 22 etc.

1975 2881 104 25 Complete
2090 2881 60 19 Stock
2161 2882 21 18 of

1864 2912 91 29 Fancy
1968 2911 92 28 Goods,
2078 2911 151 31 Stationery
2244 2913 52 23 and

1915 2944 87 22 Books

1863 2975 195 24 Tobacconist's
2074 2975 92 28 Goods,
2178 2977 41 22 etc

1867 3007 113 23 Musical
1995 3007 177 23 Instruments

1864 3038 112 28 Fishing
1990 3037 96 23 Tackle

1863 3069 122 23 Window
1992 3069 71 29 glass
2072 3069 21 23 &
2101 3069 79 30 Lamp
2187 3070 108 29 glasses.

1863 3121 94 20 LARGE
1973 3121 59 19 AND
2063 3120 234 21 WELL-ASSORTED

1952 3150 7 6 *
1992 3150 106 25 .STOCK
2113 3153 34 19 OF

1878 3184 186 28 BIRTHDAY,
2095 3185 93 23 XMAS
2214 3185 70 27 AND

1917 3217 80 23 NEW
2018 3216 93 24 YEAR
2131 3217 112 23 CARDS.

1904 3269 67 18 Maori
1983 3268 74 20 Curios
2068 3268 20 20 in
2098 3269 63 19 Great
2171 3269 89 26 Variety.

1930 3321 120 19 First-class
2066 3321 86 19 Billiard
2161 3321 70 19 Table.

1865 3368 118 25 Prescripts
1991 3374 24 13 ns
2025 3368 108 25 dispensed
2144 3370 25 23 hy
2178 3375 11 13 a
2199 3369 99 21 Qualified

2024 3394 90 19 Chemist
2124 3398 21 16 at

1943 3426 128 32 ROBERT
2089 3427 135 32 WAKE'S.

2003 3483 160 24 ROTORUA.

2053 3540 63 14 T.H.U-

1868 3560 419 89 Langham,

1888 3657 48 23 (One
1943 3657 89 18 minute's
2041 3659 50 17 walk
2099 3660 49 16 from
2155 3660 32 17 the
2193 3660 72 18 Govern-

2017 3683 53 16 ment
2079 3682 74 20 Baths.-)

1986 3734 189 24 T6RMS:

1893 3768 45 24 35s
1946 3775 46 23 per
2011 3770 87 29 week;
2118 3770 29 23 6s
2162 3778 45 22 per
2215 3771 57 30 day.

1895 3798 61 23 Two
1967 3799 90 23 weeks
2066 3807 28 16 or
2103 3800 99 29 longer,
2219 3801 54 24 30s.

1902 3847 28 31 c.
1963 3836 303 52 hawkeFwilson,

1993 3890 186 21 PROPRIETOR.

1895 3935 177 24 WYNYARD
2084 3937 191 31 &PURCHAS,

1928 3969 130 20 Barristers
2067 3976 42 13 and
2119 3971 122 26 Solicitors,

1867 4005 78 22 B.N.Z.
1956 4008 119 25 Chambers,
2084 4009 69 21 Queen
2158 4010 29 25 St,
2195 4011 106 21 Auckland

1962 4069 53 20 have
2025 4076 73 20 money
2107 4075 21 15 to
2138 4071 47 20 lend
2197 4079 25 13 on
2239 4073 50 21 Mort-

1881 4090 31 23 *T
1957 4102 54 19 gage
2021 4097 22 18 of
2058 4097 101 19 Freehold
2174 4099 41 19 and
2229 4099 60 21 Lease-

1867 4120 48 19 hold
1925 4125 96 20 property
2031 4124 22 17 at
2065 4127 80 15 current
2154 4127 61 17 rates.

974 4219 101 45 Ask
1109 4217 72 44 for
1208 4210 268 49 FaPCQCIs'S
1504 4207 277 50 Celebrated
2024 4212 113 51 AJes
2176 4218 97 46 apd
2298 4218 151 48 Stout,

2352 283 272 64 NOTiee
2657 283 103 64 TO
2788 283 377 68 TOURISTS.

2755 355 11 10 o

2350 370 64 26 The
2433 370 215 32 undersigned
2668 377 54 19 are
2740 377 73 20 now
2827 372 140 31 running-
2981 374 140 32 Buggies
3138 375 61 25 and

2316 402 142 27 Coaches
2479 403 33 25 to
2531 403 54 25 the
2598 403 164 32 following
2775 403 106 32 places
2894 404 34 26 of
2942 405 134 28 interest
3093 407 34 26 in
3146 407 53 26 the

2315 435 241 32 neighborhood
2573 440 33 21 at
2624 436 128 32 greatly
2776 436 136 26 reduced
2935 438 94 26 rates.
3076 440 123 32 Special

2316 468 184 26 reductions
2507 468 49 25 for
2568 468 90 31 large
2665 468 129 32 parties.

2315 508 75 19 WHA
2394 509 23 18 K
2421 509 16 18 A
2441 508 189 19 RBWAEEWA
2639 513 5 17 ;
2680 508 166 19 WAIRAKEI
2865 509 21 18 &
2905 510 102 19 TAUPO
3016 508 4 25 ;
3044 512 142 19 TIKITERE
3196 508 3 25 ■

2456 532 144 18 TIKITERE
2613 531 20 19 &
2646 531 104 19 OKERE
2764 531 108 24 PALLS;
2886 532 174 22 WAIOTAPU.

2329 578 94 27 Special
2434 580 168 25 Conveyances
2613 578 47 20 and
2670 578 87 20 Saddle
2768 579 83 20 H©rses
2861 583 23 15 to
2895 580 26 20 all
2933 584 61 23 parts
3010 583 23 19 of
3046 583 39 19 the
3100 583 85 20 district

2640 609 23 15 at
2675 605 115 23 |W©derate
2801 605 77 24 Rates.

2363 652 48 19 Bus
2416 652 78 19 leaves
2501 653 64 18 Lake
2570 653 86 22 House,
2665 653 84 23 calling
2755 654 26 17 at
2787 653 31 18 all
2824 653 82 19 Hotels
2912 655 46 20 and
2964 655 116 25 Boarding
3086 657 90 18 Houses

2339 676 36 18 for
2383 676 225 22 Whakarewarewa,
2618 677 69 17 twice
2696 676 117 22 forenoon,
2823 676 68 19 twice
2900 677 127 21 afternoon.

2505 708 45 45 J.
2585 706 310 47 FALLOONA
2915 708 48 45 &
2985 710 98 55 Co.,

2815 772 323 56 Proprietors.

2329 837 132 27 BOOKING
2475 837 106 27 OFFICE
2591 837 61 28 AND
2666 837 133 27 STABLES
2813 836 146 27 OPPOSITE
2968 837 102 27 GRAND
3086 840 102 26 HOTEL.

2317 892 240 47 KUSABS
2591 891 154 47 BROS
2756 891 4 48 I
2829 891 39 40 W.
2896 891 30 40 A.
2959 891 183 44 WILLIAMS'

2424 957 218 33 MAMAKtT
2774 962 222 24 pioneer
3038 965 114 24 stof

2315 997 75 40 SAW
2406 997 24 40 &
2457 996 152 41 PLANING
2630 995 117 40 MILLS.
2851 991 18 30 6
2872 1007 12 19 P
3058 1002 67 21 Hotel.

2611 1065 138 24 RII^U,

2477 1110 42 14 TILE
2530 1109 55 15 ONLY

2317 1144 136 20 GENUINE
2467 1143 59 19 DRY
2542 1142 79 20 LAND
2639 1141 112 20 TIMBER

2422 1179 29 17 IN
2464 1178 53 18 THE
2529 1177 115 18 MAEKET.

2317 1225 129 44 MESSRS
2465 1224 99 18 KUSABS
2581 1223 72 17 BROS,
2667 1223 38 23 beg
2721 1228 20 12 re-

2383 1246 4 26 •
2394 1247 101 25 spectfully
2500 1249 20 16 to
2528 1247 70 18 inform
2607 1247 32 16 the
2652 1246 67 17 Public
2731 1246 21 17 of

2317 1272 79 17 Kotorua
2404 1272 35 16 and
2446 1270 75 22 -vicinity
2529 1270 40 16 that
2576 1270 42 21 they
2633 1270 44 15 have
2692 1271 49 14 estab-

2317 1294 55 16 lished
2381 1299 10 10 a
2401 1293 42 20 yaid
2452 1292 18 16 in
2483 1292 126 18 Iliuemoa-Bt.,
2618 1292 33 14 and
2667 1296 31 10 can
2712 1295 38 11 now

2315 1316 64 20 supply
2388 1315 32 18 Ihe.
2426 1314 51 15 finest
2484 1313 43 16 class
2541 1313 19 15 of
2574 1313 27 15 Bu
2609 1312 48 19 ldirifr
2670 1311 79 16 Material

2316 1336 17 16 in
2343 1337 29 15 the
2381 1336 75 16 Market.
2472 1336 18 14 It.
2497 1335 15 15 is
2519 1339 28 11 urn
2551 1333 69 21 quailed
2630 1334 16 14 in
2656 1333 93 20 durability

2316 1358 34 15 and
2359 1357 106 22 impervious
2474 1358 17 15 to
2500 1357 29 15 the
2538 1356 67 15 attacks
2620 1354 19 16 of
2652 1355 50 15 borer
2716 1354 33 15 and

2315 1379 32 20 dry
2360 1382 32 13 rot.
2415 1378 53 15 Their
2477 1377 81 16 sawmills
2567 1382 28 10 lire
2604 1376 48 16 fitted
2663 1376 41 14 with
2719 1375 29 15 the

2315 1404 45 12 most
2369 1400 69 16 modern
2448 1399 97 20 appliances
2555 1398 33 15 and
2598 1398 29 15 the
2634 1398 39 15 firm
2686 1397 14 16 is
2710 1396 38 16 able

2315 1425 18 12 to
2350 1421 62 21 supply
2429 1426 34 15 any
2479 1419 80 22 quantity
2575 1419 18 16 of
2609 1418 37 22 Dry
2664 1418 84 20 Building

2316 1443 81 15 Material
2406 1448 21 10 on
2436 1443 30 15 the
2474 1443 74 15 shortest
2555 1440 62 16 notice.

2774 962 222 24 PIONEER
3038 965 164 27 STORE,

2851 1001 102 25 Opposite
2968 1002 74 19 Palace
3058 1002 67 21 Hotel.

2773 1052 137 25 GROCERY,

2814 1084 137 19 OILMEN'S
2966 1084 111 24 STORFS,

2855 1113 218 26 IRONMONGERY,

2905 1145 251 25 CROCKERYWARE,

2958 1180 143 26 DRAPERY,
3117 1183 42 23 Ac,
3169 1183 33 19 &c-

2802 1213 16 15 A
2835 1209 148 21 w(l!-assorted
3000 1211 57 20 stock
3076 1212 19 20 in
3111 1212 27 20 all
3154 1212 50 20 lines

2774 1236 21 20 of
2806 1236 33 20 the
2848 1237 62 19 above
2920 1240 21 16 at
2950 1237 72 20 lowest
3032 1239 71 22 prices.

2774 1272 49 19 New
2835 1271 87 20 Zealand
2931 1272 63 25 Dairy
3003 1272 146 20 Association's
3156 1273 36 20 Fac-

2776 1297 4 27 .
2809 1299 46 23 Tory
2866 1297 75 20 Butter
2951 1298 55 19 fresh
3017 1298 58 20 twice
3086 1299 80 25 weekly.

2848 1333 50 19 New
2909 1333 50 19 Laid
2970 1333 61 24 E«gs,
3043 1334 41 23 &c,
3096 1334 35 19 &c.

2317 1486 141 28 Skirtings,
2466 1484 178 27 Architraves,
2649 1482 83 23 Mould-

2352 1517 69 28 ings,
2433 1516 51 23 and
2493 1514 113 24 Dressed
2615 1513 102 25 Timber

2383 1547 27 23 of
2419 1553 81 23 every

2409 1578 110 28 Always
2530 1583 33 16 on
2572 1575 84 23 Hand.

2343 1612 121 23 HENAU
2475 1611 107 23 HOUSE
2592 1609 130 24 BLOCKS.

2337 1660 50 16 Fiiee
2395 1660 48 15 Lists
2451 1665 21 10 on
2482 1658 103 21 application
2595 1659 18 14 to

2315 1689 226 35 KUSABS
2578 1687 171 36 BROS,,

2391 1732 117 17 MAMAKU
2521 1735 24 14 oh
2559 1729 114 19 OHAUPO.

2444 1761 28 18 Or
2479 1762 21 16 at
2507 1760 32 17 the
2552 1759 68 21 Yards,

2339 1789 124 18 HINEMOA
2477 1788 101 18 STREET,
2598 1785 127 19 ROTORUA.

2788 1386 163 20 GOVERNMENT
2972 1386 50 21 LIFE
3043 1387 136 22 INSURANCE

2902 1412 120 14 Established
3031 1414 37 13 1870.

2803 1436 6 13 I
2817 1436 33 13 OW
2858 1435 116 16 PREMIUMS.
2990 1437 70 14 LARGE
3070 1438 97 14 RONUSES.

2788 1460 144 17 Reversionary
2942 1461 87 14 Bonuses
3038 1462 107 14 declared—

2804 1493 5 3 .
2820 1478 17 13 In
2848 1478 33 12 l«B0
3080 1479 100 19 £125,000

2820 1494 19 12 In
2848 1494 33 12 l»a>
3080 1496 100 16 £319.000

2820 1510 18 14 In
2848 1511 33 12 1B1K)
3077 1513 103 16 £396,000

2820 1528 19 13 In
2848 1527 32 13 1893
2886 1527 52 15 (three
2943 1531 47 12 years
2994 1527 59 17 0n1y)...
3077 1528 103 18 £277,000

2926 1548 14 14 J.
2950 1549 19 13 H.
2978 1548 137 18 RICHARDSON,

2775 1623 152 45 Rotor
2930 1636 62 33 ua
3011 1623 193 57 Bakery

2775 1754 160 52 T.S.J

2787 1823 104 32 BAKER
2902 1824 26 30 &
2939 1824 253 32 CONFECTIONER.

2316 1863 35 19 TO
2366 1862 58 19 THE
2439 1860 105 21 rUBI.IO
2559 1860 35 20 OF:
2611 1858 138 23 JSOTOEUA.
2760 1858 2 38 j

2322 1916 13 17 f
2355 1914 56 20 BEG
2423 1915 19 18 to
2453 1898 109 35 thaiicThe
2575 1911 73 20 Public
2659 1911 21 18 of
2688 1910 61 19 Koto-
2827 1902 85 24 Bread
2924 1903 134 23 delivered
3073 1903 77 30 daily.

2317 1930 23 28 X
2370 1948 40 12 rua
2428 1941 33 18 for
2475 1939 52 20 their
2534 1939 82 18 favours
2628 1937 75 25 during
2715 1936 34 19 the
3097 1936 74 18 •'•'.•■

2315 1970 46 23 past
2372 1967 70 19 fifteen
2452 1972 63 19 years,
2528 1964 40 19 and
2582 1968 26 15 to,
2619 1964 66 23 notify
2704 1962 45 19 that
2826 1970 164 25 GKOCEKIES,

2315 1994 32 19 for
2357 1994 35 19 the
2400 1992 136 22 .convenience
2546 1990 22 19 of
2577 1990 99 20 residents
2686 1989 21 19 in
2715 1988 34 19 the

2316 2021 51 18 New
2378 2018 115 24 Township,
2507 2016 40 20 and
2557 2022 31 20 my
2602 2015 58 19 trade
2679 2021 70 19 gener-
2969 2012 145 17 Ut&&riUH.X,

2315 2046 49 25 ally,
2374 2046 13 19 I
2396 2045 53 19 have
2459 2041 72 24 built'.
2599 2041 2 30 ■
2648 2041 1 30 '
2964 2045 45 13 asm

2343 2081 53 19 New
2404 2080 105 19 Premises
2517 2084 21 12 in
2547 2078 43 18 Ff.k
2595 2083 39 13 ton.
2638 2076 84 22 Street,
2761 2069 2 31 I
2775 2073 121 18 GENERAL
2903 2073 207 19 STOREKEEPER'S
3117 2074 82 19 GOODS

2317 2117 65 19 which
2394 2122 33 13 aio
2437 2122 45 12 now
2494 2121 50 19 open
2554 2114 31 19 for
2596 2113 99 22 business,
2711 2110 40 21 and
2823 2118 134 24 TjADnPU
2980 2121 114 21 OTIfIWH
3104 2122 43 20 DIP

2315 2143 56 19 lam
2390 2141 99 27 prepared
2511 2139 107 26 to'supply
2637 2135 4 33 ■
2680 2152 18 7 ■.
2703 2135 2 33 :
2724 2135 4 33 ..
2823 2135 134 32 11,1/fi/VUfi
2969 2135 2 33 .
2980 2135 37 26 O'i
3027 2135 18 26 h
3052 2135 22 26 W
3079 2135 45 26 Ail
3133 2135 31 28 1,.

2458 2173 76 22 Prime,

2316 2216 20 19 in
2349 2215 49 19 both
2410 2214 51 19 New
2473 2213 39 19 and
2523 2212 38 19 Old
2571 2210 127 25 Townships.

2640 2277 78 23 vited.

2526 2318 102 20 HENRY
2644 2316 79 20 KIRK.

2822 2121 136 41 HORACE
2980 2121 177 41 STEWART,

2775 2168 107 24 saddle,
2896 2165 126 27 Barnes's,
3036 2170 53 19 and
3107 2172 100 18 collar,

2942 2195 100 21 MAKER,
3093 2190 2 26 :
3117 2191 9 24 ;

2818 2222 179 22 FENTON-ST.,
3012 2222 151 20 ROTORUA.

2775 2251 40 16 Has
2823 2250 40 22 just
2872 2249 71 23 opened
2949 2255 11 12 a
2966 2250 68 17 Choice
3040 2251 117 17 Assortment
3164 2251 19 18 of

2776 2273 102 22 Saddles,
2895 2272 94 23 Bridles,
3005 2274 93 22 Collars,
3114 2274 90 23 Chains,

2761 2296 3 27 I
2798 2296 56 22 Bits,
2862 2296 78 23 Spurs,
2949 2296 105 19 Harness
3067 2298 66 22 Soap,
3142 2297 38 18 &c.

2336 2341 2 25 ,
2400 2341 2 25 .
2417 2341 2 25 .
2762 2341 3 25 j
2798 2343 118 20 Coaclialine,
2926 2349 10 11 a
2952 2343 115 23 waterproof
3083 2343 123 23 preservative

2762 2366 4 63 I
2775 2367 29 17 for
2813 2366 26 17 all
2846 2366 55 17 kinds
2910 2367 19 16 of
2941 2366 78 18 leather.
3078 2369 48 18 ~*
3143 2366 3 63 |

2799 2390 84 18 Axleihc.
2901 2396 9 10 u
2925 2390 72 22 perfect
3013 2390 95 18 lubricant
3121 2390 29 18 for
3165 2397 31 11 car-

2775 2413 67 21 riages,
2852 2411 138 24 waggons,'&c.
3150 2409 53 16 ■:>••

2318 2446 81 23 BOOT
2414 2444 70 23 AND
2501 2441 82 26 SHOE
2603 2438 147 28 MAKERS,
2799 2437 71 17 Collars
2880 2436 53 17 made
2947 2439 20 14 to
2980 2442 85 13 measure
3078 2443 24 12 on
3117 2437 32 17 the
3164 2443 32 17 prr-

2414 2460 24 8 **
2462 2460 53 22 s,:~
2593 2474 11 3 ..
2761 2461 5 16 I
2775 2465 54 12 raises
2838 2466 11 10 a
2858 2460 103 21 speciality.
2999 2460 122 22 Lengthened
3133 2466 73 16 expen-

2376 2477 93 20 FkNXOM:
2479 2478 89 20 fctfBEET,
2593 2477 103 18 K.OTOBUA.
2773 2489 45 11 onee
2825 2483 20 17 in
2854 2482 28 18 all
2889 2482 67 18 classes
2965 2483 19 17 of
2990 2481 94 20 Saddler's
3092 2484 57 17 work.
3174 2484 36 16 Alf

2319 2511 43 18 And
2387 2512 21 17 at
2437 2507 83 21 Parnell
2543 2505 39 20 aid
2611 2502 138 22 Newmtuket.
2773 2506 64 18 orders
2844 2506 99 23 promptly
2951 2506 94 20 attended
3054 2507 26 17 to.

2344 2564 66 23 Large
2420 2561 39 19 and
2471 2560 65 19 vmied
2554 2557 61 20 Stick
2627 2556 21 20 of
2658 2556 91 23 EnglißP,

2319 2590 85 21 Foreign
2416 2587 39 20 and
2467 2586 40 19 Col.
2517 2585 40 21 nial
2569 2585 61 19 Boots
2641 2583 37 20 and
2688 2583 62 18 Shoes

2378 2616 23 19 t'i
2412 2614 71 20 choose
2495 2613 49 19 from
2555 2613 22 17 at
2588 2611 35 18 the
2633 2611 52 18 m«i»t

2353 2644 214 35 REASONABLE
2588 2641 127 33 PRICES.

2385 2687 94 22 GRKAT
2494 2685 85 20 RIDTJi
2592 2684 92 19 TLONS.

2337 2721 102 24 .Clearing
2459 2721 35 16 out
2514 2716 61 20 Stoik
2595 2716 32 20 for
2650 2714 75 25 Spti'ig

2472 2743 122 26 Shipments.

2320 2779 33 20 AH
2368 2778 71 20 orders
2456 2776 38 20 and
2512 2782 26 18 re|
2547 2775 40 19 airs
2602 2770 148 25 exreditiously

2482 2810 29 12 ex<
2519 2801 65 20 cutetl.

2426 2863 216 62 BELL,

2318 2938 434 40 CIEPENTKB.

2425 2984 103 19 FENTON
2545 2982 102 21 STREET,

2413 3019 99 20 Opposite
2561 3017 80 17 Grand.
2667 3015 3 24 ,

2343 3050 68 17 Sashes
2419 3048 54 17 made
2482 3048 19 16 to
2511 3046 59 18 order.

2414 3108 30 40 F.
2488 3104 172 47 GOODSOH,

2463 3156 151 35 ROTORUA

2321 3205 84 34 COAL
2422 3204 27 32 &
2468 3201 168 34 FIREWOOD
2656 3198 98 37 YARD,

2407 3248 143 19 PUKUATUA
2562 3246 103 20 STREET,

2345 3331 64 18 Goods
2418 3329 93 19 delivered
2519 3329 50 16 after
2582 3326 69 19 anival
2665 3326 20 18 of
2697 3326 60 17 trains

2322 3357 20 16 to
2351 3355 26 17 all
2385 3356 53 21 parts
2446 3354 20 17 of
2474 3353 33 17 the
2515 3356 50 13 town
2576 3351 46 17 with
2630 3351 125 21 promptness.

2322 3387 62 23 Large
2393 3386 58 18 Stock
2463 3385 21 17 of
2500 3384 45 18 Coal
2561 3383 38 18 and
2615 3381 98 19 Firewood
2728 3380 19 18 al-

2392 3415 52 17 ways
2453 3414 24 11 on
2486 3407 52 18 hand
2547 3406 38 18 and
2592 3405 95 18 delivered

2463 3432 20 17 at
2491 3431 32 17 the
2536 3429 82 19 shortest

2505 3453 68 18 notice.

2369 3526 157 19 L'CKLAND
2540 3523 217 19 ADVERTISING

2351 3542 17 28 L
2482 3547 110 20 AGENCY,

2347 3575 98 16 Victoria
2458 3573 89 18 Arcade,
2561 3571 72 19 Queen
2650 3570 84 17 Street.

2378 3596 123 23 Advertising
2507 3595 19 17 in
2535 3594 25 17 all
2573 3594 24 16 its
2606 3592 96 18 branches.

2392 3620 75 21 Unique
2484 3618 37 17 and
2535 3617 85 17 Tasteful
2637 3614 122 24 Advertising

2496 3641 91 17 Medium.

2348 3666 68 18 Orders
2426 3665 48 17 from
2483 3664 25 17 all
2517 3664 52 22 parts
2579 3661 90 20 attended
2677 3663 20 16 to
2711 3660 47 18 with

2324 3695 42 12 care
2376 3689 37 17 and
2422 3687 114 24 expedition.

2473 3798 268 34 MITCHELL,

2423 3859 116 19 SUitfoortssct)
2549 3857 112 23 jotitbcjior,

2471 3909 142 26 ROTORUA.

2350 3960 43 45 G
2406 3959 45 19 EO
2454 3958 76 44 'M
2544 3959 15 18 C
2568 3958 45 43 A
2625 3958 103 17 ULEY
2729 3970 6 8 '

2326 4030 123 23 Plumber
2465 4027 22 25 &
2498 4027 111 24 General
2622 4026 136 24 Mechanic

2418 4079 130 20 Tutanekai
2568 4076 92 23 Street,

2992 2595 35 41 M.
3063 2596 117 48 SIMON,

2970 2648 61 24 (Late
3038 2648 22 19 of
3069 2649 135 25 Melbourne.)

2979 2697 114 18 Practical
3112 2698 82 19 Tailor.

2969 2770 105 24 Clothes
3086 2773 74 23 made
3179 2778 27 19 to

2996 2797 74 23 order
3086 2805 33 17 on
3135 2794 45 28 the

2994 2823 4 25 '
3022 2823 133 25 shortest

3041 2850 92 23 notice.

2980 2945 85 25 Style-a'
3074 2946 11 18 d
3097 2945 35 21 Fit
3142 2949 35 17 not
3188 2949 20 17 to

2971 2973 23 17 bo
3004 2973 94 24 equalled
3114 2979 21 12 in
3152 2976 55 18 town

2969 3008 111 19 Address:
3097 3009 111 20 ArawaSt.

3041 3034 99 19 Rotorua.

2778 3119 136 24 BARBER
2928 3121 22 23 &
2965 3121 224 26 HAIRDRESSER-

2778 3284 62 18 HAS
2857 3284 111 19 removed
2981 3285 27 18 to
3023 3285 37 19 his
3074 3286 75 18 NEW
3164 3287 34 18 SA-

2802 3316 82 19 LOON
2892 3316 180 23 Fenton-street,
3083 3318 106 23 opposite

2903 3345 66 22 Kirk,
2984 3345 105 21 butcher.

2820 3411 88 20 Setting
2921 3411 83 20 Razors
3016 3418 13 13 a
3044 3412 120 20 Specialtv.

2803 3460 108 19 Choicest
2925 3460 90 19 Brands
3029 3461 86 24 Cigars,
3129 3462 85 20 Tobao

2780 3481 45 24 cosj
2835 3483 40 19 &c.

2784 3537 50 43 B.
2876 3536 43 44 S.
2967 3537 36 45 C

2993 3539 10 17 1
3023 3538 16 18 O
3056 3539 18 17 R
3092 3539 16 17 L
3125 3540 16 17 E
3159 3540 16 18 T
3191 3541 20 17 T,

2886 3594 17 18 A
2914 3592 194 25 RCHITECT,

2860 3627 98 26 Building
2972 3629 108 25 Surveyor,
3098 3631 35 18 &c.

2782 3667 69 22 Agent
2872 3665 32 19 for
2923 3665 41 20 the'
2982 3666 96 20 National
3103 3667 46 20 Fue
3173 3667 40 20 ar.d

2873 3691 81 20 Marine
2961 3692 113 20 Insurance
3086 3693 35 19 Co.

2781 3825 245 33 BOARDING
3043 3827 168 32 HOUSK

2780 3884 111 27 Opposite
2907 3884 39 20 the
2962 3886 54 18 Post
3027 3886 46 19 and
3085 3885 125 28 Telegraph

2958 3911 78 21 Office.

2782 3942 45 19 And
2848 3948 48 13 near
2916 3942 35 20 the
2970 3942 119 21 Celebrated
3114 3941 96 21 PRIEST

2821 3968 117 19 R.-iCUEL
2954 3969 40 19 and
3007 3969 56 20 other
3072 3968 96 23 BATHS,

2924 3994 143 21 ROTORUA.

2780 4045 110 24 TERMS:
2900 4046 43 18 25s
2950 4051 41 18 per
3002 4046 65 23 week,
3078 4046 26 18 4s
3111 4050 39 19 per
3156 4045 54 24 day.

2813 4076 116 42 MRS
2972 4076 206 45 YOUNG.

2912 4125 172 23 Pbopbietbess.
