3290 4320
2828 150 51 18 THE
2896 150 68 19 NEW
2980 151 108 18 RATING
3106 151 51 18 ACT.

2831 206 85 17 SOMETH
2924 209 34 13 IJH;
2968 210 52 13 LIKE
3029 210 13 13 -V
3050 209 108 15 BLUNDER.

2804 236 41 18 The
2856 235 93 21 Havrke'a
2960 237 39 24 Buy
3013 237 74 19 Herald
3097 237 66 24 points
3174 241 34 17 out

2780 262 42 18 that
2831 263 33 17 th-
2874 263 178 20 well-underptood
3062 263 97 25 principle
3168 264 42 20 that

2780 288 48 18 local
2839 288 70 20 bodies
2921 292 75 16 cannot
3006 296 80 12 recover
3097 297 53 11 more
3164 291 46 19 than

2780 317 40 16 two
2831 315 64 23 years'
2907 319 54 15 rates
2972 316 33 18 has
3015 315 52 19 been
3079 316 91 23 repealed
3189 318 23 23 by

2782 339 35 21 the
2821 339 79 27 Rating
2906 341 41 20 Act
2956 342 135 19 Amendment
3101 343 45 22 Act,
3156 343 55 19 1895.

2782 368 79 17 Section
2881 370 12 16 U
2911 369 77 24 repeals
3002 368 77 19 section
3099 369 26 19 23
3140 369 21 18 of
3180 370 33 18 the

2785 393 75 19 Vanier
2869 393 81 20 Harbor
2963 394 61 18 Board
3034 395 56 18 Loan
3102 395 46 23 Act,
3158 396 54 23 1892,

2782 419 38 18 and
2840 421 78 17 certain
2928 420 57 18 other
3000 421 46 18 Acts
3061 420 40 19 and
3123 421 90 21 portions

2782 445 21 19 of
2815 445 49 19 Acts
2874 447 139 22 incorporated
3033 447 47 18 with
3092 447 34 18 the
3143 447 60 24 princi-

2785 471 32 25 pal
2826 471 38 19 Act
2872 478 22 13 so
2902 472 33 19 far
2945 472 79 24 as-they
3032 479 34 12 are
3073 473 139 25 inconsistent,

2784 498 3 26 1
2800 498 95 24 provided
2907 498 45 20 that
2961 499 184 25 notwithstanding
3161 500 47 19 such

2786 525 66 23 repeal
2871 525 28 18 all
2918 527 55 17 rates
2988 531 22 13 or
3029 531 78 13 arrears
3127 525 22 19 of
3164 529 51 16 rates

2785 550 57 19 made
2852 551 55 23 prior
2918 553 21 17 to
2949 552 47 18 31st
3006 551 79 23 March,
3097 552 58 24 1895,
3173 558 41 19 may

2787 576 22 18 be
2828 576 48 24 duly
2887 576 104 23 collected,
3006 578 49 19 sued
3074 578 39 23 for,
3129 578 38 19 and
3187 585 20 12 re-

2786 603 83 18 covered
2889 605 22 17 at
2921 609 39 19 any
2971 603 48 19 time
3033 604 118 23 thereafter,
3161 610 22 13 as
3201 605 15 19 if

2786 628 38 19 this
2836 630 39 17 Act
2885 629 38 19 bad
2935 631 36 17 not
2980 629 49 19 been
3051 630 85 22 passed.'
3165 630 52 19 Thus

2787 654 15 19 it
2820 655 40 19 will
2871 656 24 19 be
2905 662 46 12 seen
2963 656 44 19 that
3023 656 24 24 by
3067 656 34 19 the
3117 656 65 23 letter,
3201 657 16 19 if

2789 683 33 16 not
2833 681 34 18 the
2878 681 60 25 spirit
2954 681 22 19 of
2987 682 34 19 tbe
3034 683 44 22 Act,
3099 682 24 19 all
3135 689 82 17 arrears,

2788 713 25 12 no
2824 710 73 17 matter
2906 708 44 19 how
2960 708 47 24 lont;
3019 708 94 26 running,
3124 715 33 13 are
3176 715 42 14 now

2787 733 125 21 collectable.

2815 777 129 21 Subscribers
2955 778 41 20 will
3005 779 68 25 please
3091 779 57 19 leavo
3166 781 53 19 word

2789 807 21 15 at
2819 804 33 19 the
2862 804 63 24 office,
2946 805 73 18 should
3037 805 49 25 they
3104 807 36 18 not
3157 807 62 19 reeivo

2789 830 53 18 their
2851 837 63 18 paper
2922 831 108 25 regularly,
3039 832 39 18 and
3085 832 35 19 t.'ie
3128 832 91 20 omission

2791 856 38 17 will
2839 856 26 19 bo
2875 856 138 25 immediately
3022 858 95 18 rectified.

1171 90 59 22 the
1244 93 59 20 hot
1318 93 94 19 lakes
1427 93 174 24 chronicle,
1618 94 192 23 Wednesday,
1847 95 159 21 febe.itart
2017 97 33 20 26.
2068 96 57 21 h-90,

2781 4104 70 17 Printed
2864 4106 34 16 and
2910 4106 90 21 published
3019 4107 28 16 for
3063 4107 29 17 the
3109 4109 100 20 proprietor,

2803 4130 17 12 al.
2836 4127 27 16 his
2884 4128 94 19 registered
2984 4128 133 19 printiniroffioe
3131 4130 76 16 Rutirua

2802 4147 22 20 by
2833 4148 59 18 Pkhcy
2903 4149 58 17 James
2971 4149 99 20 Hammond,
3084 4151 18 16 of
3112 4151 76 17 Rotorua

2800 4177 164 20 WEDNESDAY.
2973 4179 133 21 FEBRUARY
3114 4181 88 23 19,13Q6,

200 161 247 71 LAKE
506 157 346 79 HOUSE,

174 262 308 47 Hydropathic
502 258 145 41 Hotel,
661 259 210 35 Rotorua.

364 313 221 30 Established
604 312 87 27 1881.

80 355 72 21 Under
165 357 35 19 the
217 359 112 24 patronage
345 355 22 19 of
385 355 32 19 Sir
426 353 33 20 W.
476 352 86 24 Jervois,
578 351 50 19 Earl
644 351 40 19 and
700 351 99 20 Countess
813 350 21 19 of
843 349 8 19 1

251 383 34 19 the
295 382 55 19 Hon.
364 379 90 20 Premier
463 378 42 19 and
518 378 103 19 Members
635 378 21 19 of
665 377 132 20 Parliament.

134 435 43 19 The
186 435 62 19 Hotel
257 435 18 18 is
284 433 87 19 situated
381 438 25 13 on
416 438 26 13 an
452 430 91 20 elevated
552 430 88 26 position
649 436 26 13 on
684 429 35 20 the
729 429 68 19 shores
806 427 22 20 of
841 426 56 20 Lake
903 426 51 19 Roto-

81 468 43 17 rua,
136 461 117 19 convenient
266 462 21 16 to
297 459 28 19 all
334 459 35 19 the
378 458 65 25 sights
453 458 20 18 in
482 457 37 19 the
528 456 83 20 district.

157 494 133 21 SULPHUR
301 494 15 19 &
326 492 132 20 MINERAL
467 491 92 20 BATHS
568 491 22 19 in
599 491 34 19 the
644 490 94 20 Grounds
748 490 21 18 of
778 489 34 19 the
822 487 69 20 Hotel.

132 546 122 20 N.B.Mrs
264 546 89 19 Graham
363 545 41 19 will
412 545 41 19 also
463 545 94 18 continue
567 545 20 17 to
598 542 102 26 supervise
710 541 35 20 the

99 578 172 27 GEYSER
288 576 145 28 HOUSE
452 572 317 30 HYDROPATHIC
789 570 154 32 HOTEL,

371 613 152 24 WAIR
535 613 24 23 A
573 612 24 23 K
611 612 21 23 E
648 611 18 26 I,

80 649 67 19 which
165 649 37 19 has
216 648 81 20 become
316 654 13 12 a
337 647 87 26 popular
442 646 40 19 and
499 645 101 20 favourite
618 645 64 18 resort
697 644 95 23 amongst
806 641 106 20 travellers
926 640 40 19 and

478 672 94 19 invalids.

522 703 11 11 o

224 728 19 18 A
252 727 105 19 reduction
365 727 18 19 is
392 726 59 19 made
459 727 21 18 to
494 724 78 24 weekly
581 731 23 12 or
617 722 93 25 monthly
718 722 104 19 boarders.

93 759 66 19 Guide
169 759 68 19 Books
246 759 39 19 and
296 759 131 19 information
444 757 63 25 gratis
517 758 21 16 at
548 755 55 20 Cook
618 754 40 20 and
668 753 57 20 Sons'
738 753 50 26 (sole
797 753 81 25 agents)
888 752 66 20 offices

385 779 128 29 Throughout
523 782 34 18 the
573 781 85 24 Colony.

80 839 104 38 MRS
214 839 40 37 R.
275 836 207 44 GRAHAM,
534 856 17 6 -
592 855 16 7 -
649 854 16 7 -
714 833 251 46 Proprietress.

82 934 463 77 ATIAMURI
615 931 347 78 HOTEL,

315 1033 34 20 On
358 1032 35 19 the
402 1030 65 21 banks
477 1030 22 19 of
507 1030 36 19 the
659 1029 70 20 River.

103 1082 121 21 Patronised
241 1082 29 24 by
282 1080 36 21 the
331 1080 50 19 Earl
397 1079 41 20 and
447 1079 98 19 Countess
564 1077 21 19 of
595 1077 87 23 Onslow,
698 1076 97 20 Countess
810 1074 21 20 of
841 1073 95 25 Glasgow

261 1107 41 20 and
316 1106 63 21 Suite.
407 1105 32 20 Sir
447 1105 89 19 Thomas
550 1104 41 19 and
599 1103 59 25 Lady
672 1101 133 21 Mcllwraith.

908 1174 30 16 rpt

108 1195 111 25 Situated
233 1193 101 32 halfway
343 1193 109 24 between
464 1192 117 26 Rotorua,
594 1190 88 30 Taupo
694 1188 47 23 and
755 1186 124 25 Lichfield,

75 1230 103 31 starting
202 1228 67 32 place
287 1227 37 24 for
342 1227 41 23 the
393 1224 181 25 Aniwhaniwha
597 1222 75 27 Falls,
691 1221 40 24 the
755 1219 158 25 Orakei-Kor
914 1216 49 16 aKO

75 1263 43 23 red
132 1263 47 23 and
191 1261 72 24 white
275 1260 126 27 Terraces,
415 1258 114 31 Geysers,
550 1256 75 24 Alum
647 1255 89 27 Caves,
755 1253 54 37 &c,
822 1258 25 18 to
859 1249 77 27 which
948 1258 14 15 a

75 1305 53 15 new
147 1295 47 24 and
214 1303 57 23 easy
294 1293 67 24 track
374 1293 20 22 is
414 1300 51 15 now
490 1289 145 32 completed.
672 1287 117 24 Distance
808 1286 55 23 nine
883 1284 79 25 miles,

74 1329 54 24 four
137 1329 26 24 of
174 1319 138 33 which'can
331 1326 31 24 be
381 1325 85 23 driven
489 1332 59 15 over
569 1322 17 24 if
604 1320 104 25 desired.
752 1320 53 23 Hot
823 1318 71 25 baths
913 1315 49 26 and

73 1362 54 24 falls
146 1361 80 25 within
242 1368 29 16 10
283 1360 104 23 minutes
400 1357 77 24 drive.

141 1445 73 25 Good
226 1449 65 19 trout
303 1443 88 32 fishing
403 1442 46 24 and
468 1441 115 31 shooting
595 1440 23 23 in
632 1439 40 24 the
685 1435 207 35 neighbourhood.

520 1484 12 13 o

73 1519 77 20 Guides
157 1517 40 21 and
204 1517 74 20 Saddle
286 1516 78 19 Horses
370 1514 99 26 supplied.
484 1513 50 20 Post
541 1512 40 19 and
590 1510 116 26 Telegraph
712 1510 60 19 Office
779 1515 26 13 on
811 1508 34 19 the
855 1507 104 27 premises.

507 1546 11 12 o

164 1571 40 19 For
213 1569 80 20 further
302 1567 130 20 information
446 1566 62 26 apply
522 1565 75 19 Messrs
608 1563 56 20 Cook
674 1562 40 20 and
724 1562 46 23 Son,
781 1561 85 26 Agents.

282 1634 55 45 C.
374 1629 372 51 OROWTHER,

369 1685 289 34 PROPRIETOR.

150 1780 145 60 Pupe
350 1779 47 58 JI
404 1792 97 45 era
506 1775 100 60 ted
643 1774 239 67 Waters.

219 1910 44 20 One
277 1909 22 20 of
313 1909 35 20 tho
358 1907 113 21 necessities
489 1907 20 19 of
517 1906 36 20 the
563 1905 80 26 coming
653 1904 76 20 Season
738 1902 41 22 will
789 1903 25 18 be

73 1959 30 29 A
127 1960 128 29 COOL
278 1959 106 28 AND
409 1954 351 31 REFRESHING
790 1950 172 30 DRINK

100 2002 139 21 Untinctured
249 2002 26 26 by
285 2008 39 19 any
340 2000 127 21 deleterious
479 1998 101 21 Chemical
590 1997 127 26 Compound.
757 1996 19 19 A
785 1995 61 20 drink
858 1997 19 18 at
885 2000 51 13 once

231 2034 245 33 Exhilarating
495 2033 70 27 and
583 2031 216 32 Refreshing,

74 2080 41 20 and
124 2079 66 21 which
199 2079 41 21 will
249 2085 62 20 prove
321 2085 11 13 a
342 2077 116 27 preventive
468 2076 22 19 of
504 2075 115 27 Dyspepsia
637 2074 41 20 and
694 2073 28 20 all
739 2072 93 21 Internal
850 2071 112 21 Disorders.

100 2132 88 20 Aerated
198 2132 81 20 Waters
289 2131 41 19 and
337 2130 98 24 Cordials,
445 2129 124 25 comprising
579 2128 33 19 the
623 2127 75 20 Purest
713 2125 120 25 Lemonade,
854 2124 34 21 the
907 2123 56 20 Most

74 2159 102 20 Delicious
186 2158 77 26 Ginger
273 2157 44 25 Ale,
329 2156 165 26 Higly-charged
504 2155 53 20 Soda
567 2154 80 24 Water,

74 2253 13 12 a
96 2251 45 14 new
154 2244 149 26 Invigorating,
314 2242 147 21 non-alcoholic
474 2241 111 25 Beverage;
597 2241 58 19 Lime
675 2239 58 20 Juice
743 2237 87 25 Cordial,
839 2236 123 27 Raspherry,

73 2272 136 26 Peppermint,
221 2270 76 24 Cloves,
310 2270 50 19 Pine
370 2269 72 26 Apple,
454 2268 40 20 and
503 2267 78 19 Lemon
594 2267 78 26 Syrups
688 2265 41 20 and
743 2264 134 26 Sarsaparilla
892 2270 35 13 are
938 2263 28 20 all

336 2295 155 21 manufactured
506 2300 25 13 on
545 2294 36 18 the
594 2294 104 25 premises.

266 2349 117 20 Lemonade
393 2349 40 19 and
442 2348 77 25 Ginger
529 2347 43 24 Ale,
583 2347 71 24 quarts
664 2345 40 19 and
711 2345 61 26 pints.

170 2427 64 75 C.
287 2424 64 76 A.
405 2422 340 90 CLARKE,
797 2420 85 77 Jr.

285 2564 463 70 SEDDON'S

130 2653 336 49 L-AJECIE!
540 2649 365 51 VIEW.-

191 2726 137 26 Overlooking
337 2725 35 20 the
386 2726 35 24 Pa,
433 2725 82 26 Boiling
525 2724 85 26 Springs
626 2723 40 20 and
680 2723 91 20 Rotorua
779 2722 65 20 Lake.

152 2818 144 29 TERMS
311 2818 107 28 :3os
430 2824 61 27 per
504 2816 107 34 week,
628 2823 39 21 or
686 2816 38 27 5s
736 2822 63 27 per
811 2815 75 33 day.

75 2873 134 36 Special
230 2873 273 34 Arrangements
527 2872 54 28 for
602 2879 21 19 a
643 2870 211 35 lengthened
879 2870 67 28 resi-

335 2914 105 26 dence
459 2912 71 27 and
547 2911 155 27 lamilies.

336 2980 170 22 CUISINE.A
524 2978 172 21 SPECIALITY.

124 3031 122 20 References
263 3029 128 27 throughout
408 3029 51 20 New
473 3027 91 21 Zealand
574 3027 41 20 and
631 3027 35 20 the
679 3027 119 20 Australian
816 3025 92 22 Colonies

388 3060 52 20 from
449 3059 95 27 previous
558 3058 86 21 Visitors

107 3146 122 29 NOTE.
231 3147 90 25 Ask
334 3147 37 25 for
382 3145 173 32 Seddon'S,
569 3144 48 24 and
630 3152 42 16 see
681 3152 48 24 you
741 3151 40 17 are
794 3142 44 26 left
851 3142 74 26 there,

306 3298 414 65 Proprietress.

94 3432 271 68 WHERE
411 3432 87 67 TO
559 3432 377 68 PURCHASE

455 3528 119 28 FROM

71 3697 162 45 Lamps
510 3697 3 57 I
522 3697 158 36 Cruets

304 3742 195 38 Brushes
510 3732 3 65 |
784 3742 168 38 Knives

71 3790 180 40 Trunks
523 3791 168 45 Spoons

362 3836 139 37 Locks
812 3836 141 37 Forks

70 3885 161 35 Razors
522 3883 141 46 Trays

314 3930 187 45 Teapots
775 3929 177 38 Churns

173 3981 76 34 LAWN
270 3981 125 37 MOWERS,
417 3982 77 35 HOES,
510 3982 92 36 RAKES,
625 3981 112 37 SPADES,
759 3981 92 38 FORKS,

115 4026 60 36 At
235 4024 184 44 Greatly
478 4024 206 37 Reduced
746 4024 158 37 Prices.

71 4125 34 33 U
132 4149 18 6 _
197 4111 82 45 &G
322 4114 35 40 J
385 4146 17 7 -
442 4111 386 44 J3IC/JKIIEj
854 4131 47 24 jl
931 4149 17 21 j

124 4167 87 29 (Fourth
219 4167 52 27 shop
281 4166 52 21 from
340 4164 192 29 Wellealey-Street.
596 4172 50 24 304
661 4169 16 20 &
692 4167 50 28 306
751 4166 92 29 QUEEN
853 4166 41 25 ST.

2387 178 18 23 S

985 332 59 26 HIGH
1062 332 34 26 ST.
1117 332 39 26 and
1174 332 110 27 YICTORIA
1305 334 35 26 ST.
1361 330 67 31 EAST,

1011 440 44 19 The
1069 440 65 19 above
1151 440 109 20 Favourite
1272 441 43 19 and
1324 438 91 22 Commod-

985 466 44 19 ious
1062 466 62 19 Hotel
1156 467 76 19 affords
1263 464 167 23 EXCELLENT

985 491 242 21 ACCOMMODATION
1240 494 32 18 for
1288 490 142 23 TOURISTS,

985 518 181 20 TRAVELLERS
1196 520 16 18 &
1239 518 129 21 VISITORS
1385 516 45 19 who

985 543 42 19 will
1036 544 76 19 receive
1122 551 61 19 eveiy
1198 545 92 20 Comfort
1305 544 40 19 and
1359 543 59 19 Atten-

985 570 49 18 tion.

1011 668 105 20 Excellent
1139 669 89 19 Cuisine.
1269 668 97 26 Spacious
1391 666 41 19 and

989 702 179 21 Well-Ventilated
1187 704 116 19 Bedrooms.

985 736 65 20 Room
1060 737 50 20 with
1119 740 39 17 two
1168 737 105 20 first-class
1288 737 71 20 tables.
1387 735 45 19 Hot

985 836 16 18 &
1011 835 52 20 Cold
1076 836 81 25 Plunge
1166 837 17 18 &
1194 835 82 20 Shower
1285 836 71 19 Baths.

985 861 71 20 Wines
1092 862 72 25 Spirits
1180 862 41 19 and
1236 862 48 19 Ales
1303 862 21 20 of
1342 862 34 19 the
1386 861 45 20 best

1137 888 79 19 Brands
1224 889 53 24 only.

2342 454 80 26 Sample
2441 455 66 19 Room
2528 455 32 18 for
2570 453 189 20 COMMERCIAL

2317 491 179 22 TRAVELLERS
2519 492 102 20 available
2640 493 20 17 at
2671 491 27 19 all
2707 492 59 18 times

2344 591 89 28 Charges
2481 595 112 21 Moderate.
2653 595 115 19 SPECIAL

2241 621 26 47 lljjjj
2318 630 88 20 RATES
2421 632 33 19 TO
2478 633 182 21 PERMANENT
2685 633 66 20 BOAR-

2252 660 15 34 II
2323 668 79 19 DERS.

2438 768 36 37 J.
2509 771 135 45 BUCK,

2448 889 207 46 Proprietor.

1116 981 638 59 WAIWERA
1864 981 755 73 SANATORIUM

1825 1047 124 34 AND

1465 1092 547 78 HOT-SPRINGS
2092 1097 278 82 HOTEL

984 1194 85 34 Only
1102 1196 42 27 30
1174 1196 100 27 miles
1307 1195 112 28 North
1451 1195 36 27 of
1513 1195 192 31 Auckland,
1737 1195 86 27 with
1850 1196 97 33 daily
1978 1201 294 30 communication
2303 1207 86 26 with
2418 1208 110 27 Coach
2560 1216 40 20 or
2626 1209 148 27 steamer

1312 1237 54 21 See
1380 1236 167 21 advertised
1558 1236 84 21 Time
1658 1236 78 21 table
1747 1236 30 21 of
1786 1242 45 15 s.s.
1846 1237 79 21 Rose
1935 1238 99 28 Casey
2045 1241 57 20 and
2119 1242 129 24 Butler's
2259 1247 25 20 R
2305 1248 29 20 M
2361 1249 97 21 Coach

984 1272 101 43 fHE
1110 1273 119 24 ABOVE
1243 1273 299 24 ESTABLISHMENT
1552 1272 140 24 STANDS
1706 1272 232 25 UNRIVALLED
1951 1283 26 14 as
1996 1283 14 15 a
2022 1275 90 25 Health
2123 1286 26 15 or
2162 1279 110 31 pleasure
2286 1283 98 29 Resort,
2398 1284 45 25 and
2458 1285 41 23 has
2513 1286 88 29 special
2625 1286 150 29 advantages

995 1306 22 26 ,l[
1067 1306 38 23 for
1117 1306 78 24 either
1218 1306 112 24 Tourists
1345 1315 27 15 or
1387 1306 116 24 Invalids,
2732 1306 15 13 &

1345 1404 148 28 BeutifiT
1516 1405 157 33 Scenery,
1701 1405 244 35 Sea-Bathing,
1977 1408 157 36 Boating,
2154 1413 145 34 Fishing
2321 1416 47 27 &c

1532 1439 126 26 Ousin'i
1672 1439 68 26 and
1754 1440 209 27 attendance
1982 1441 36 28 of
2039 1444 58 26 the
2121 1446 84 30 best.
2302 1439 4 37 '

980 1479 92 24 Famed
1082 1479 38 24 for
1132 1479 30 24 its
1175 1480 110 23 curative
1298 1480 95 23 natural
1407 1480 105 24 medical
1527 1481 53 23 Hot
1592 1481 103 33 Springs
1707 1482 50 23 and
1771 1482 80 23 Baths.
1888 1483 36 22 As
1938 1483 40 24 the
1994 1484 101 32 Springs
2107 1488 47 22 and
2170 1488 73 24 Baths
2256 1498 41 16 are
2308 1491 41 23 the
2357 1497 118 26 .property
2488 1493 25 23 of
2526 1492 39 25 the
2580 1494 74 23 Motel
2678 1494 86 24 visitor
2765 1494 10 16 13

1010 1521 43 15 are
1061 1512 112 32 supplied
1183 1513 56 24 with
1249 1514 105 28 Towels,
1368 1514 47 23 and
1429 1522 43 15 can
1483 1514 57 23 take
1550 1522 30 15 an
1594 1514 127 24 unlimited
1734 1516 102 23 number
1848 1516 26 23 of
1886 1516 74 24 Baths
1973 1522 26 18 at
2010 1526 46 23 any
2068 1519 60 24 time
2142 1521 24 23 of
2178 1521 39 25 the
2231 1523 46 31 day
2292 1524 78 26 FREE
2382 1525 63 23 from
2459 1533 45 24 any
2511 1525 89 32 charge
2613 1527 122 24 whatever

1163 1554 227 41 TARIFF
1408 1556 121 39 PER
1543 1556 142 47 DAY,
1705 1556 55 40 7s
1778 1558 65 46 8s;
1891 1557 122 40 PER
2028 1559 192 51 WEEK,
2240 1563 65 41 SI
2353 1566 79 39 15s
2450 1568 48 37 to
2525 1568 71 40 2
2613 1570 68 39 3s.

1388 1610 159 33 Cottages
1561 1611 34 26 to
1609 1610 48 27 let
1669 1611 48 33 by
1729 1611 59 28 the
1806 1612 106 32 week,
1924 1614 131 33 month,
2070 1622 39 20 or
2129 1617 56 27 the
2205 1625 131 21 season.

978 1658 49 26 For
1045 1668 46 23 any
1103 1660 157 25 information
1272 1660 113 33 required
1399 1660 82 32 please
1493 1660 72 32 apply
1578 1666 25 18 to
1617 1661 145 32 Proprietor.
2031 1667 102 23 __p
2135 1676 26 15 po
2164 1673 9 18 t
2182 1669 48 23 and
2240 1669 142 33 Telegraph
2393 1671 92 24 Offices
2493 1672 126 32 adjoining
2643 1674 41 24 the
2698 1675 75 23 Hotel

1537 1702 59 45 A.
1624 1703 53 39 A.
1706 1703 203 49 SMITH,
2032 1707 279 49 Proprietor.

1004 1889 72 20 Under
1091 1889 35 20 the
1143 1888 152 26 distinguished
1311 1890 118 25 Patronage
1446 1890 21 19 of
1482 1890 30 19 his
1523 1890 123 25 Excellency
1658 1891 35 19 the
1704 1890 106 21 Governor
1820 1891 35 20 the

1332 1916 50 19 Earl
1406 1917 21 18 of
1437 1916 86 20 Onslow.

1042 1978 140 65 HOT
1215 1977 302 66 SPRINGS
1567 1978 246 75 HOTEL,

1216 2073 38 29 T
1269 2073 40 30 e
1364 2073 149 31 KRO
1531 2074 111 28 HK.

1049 2133 53 25 The
1116 2133 59 25 best
1199 2133 129 29 Situated,
1350 2133 47 25 the
1411 2135 67 23 most
1492 2133 186 30 Comfortable,
1693 2134 44 24 the
1751 2133 57 25 best

1216 2166 140 32 appointed
1371 2166 79 25 Hotel
1460 2166 28 25 in
1500 2167 34 24 Te
1553 2168 97 24 Aroha.

1016 2203 110 33 Adjoins
1151 2203 75 33 (with
1249 2205 105 24 Private
1382 2204 140 32 Entrance)
1549 2205 45 25 the
1627 2205 122 25 Thermal
1772 2206 105 32 Springs

983 2238 120 32 Domain,
1115 2238 96 24 Tennis
1224 2238 83 25 Court
1317 2238 28 24 in
1357 2238 120 25 Domain.

984 2311 48 43 W.
1059 2314 41 40 a
1128 2311 163 52 KJiOGR,

1651 2315 223 44 Proprietor.

1009 2400 42 20 The
1069 2399 60 21 baths
1147 2399 40 20 and
1207 2399 97 24 drinking
1323 2401 66 18 water
1407 2405 34 14 are
1456 2399 109 25 especially
1586 2400 115 20 efficacious
1721 2401 19 19 in
1764 2401 57 20 Gout
1837 2401 38 19 a,nH

982 2427 123 20 Rheumatic
1115 2426 116 24 affections,
1241 2426 90 20 Chronic
1339 2425 122 25 Dyspepsia,
1473 2426 107 19 Disorders
1601 2427 21 19 of
1633 2427 34 19 the
1678 2427 89 26 Urinery
1789 2427 88 26 Organe,

983 2454 116 20 Cutaneous
1109 2453 100 24 Diseases,
1224 2452 81 26 Splenic
1315 2452 39 21 and
1372 2453 86 25 llepalic
1473 2453 115 23 Diiorders,
1609 2453 91 20 Diseases
1716 2455 38 19 due
1763 2455 114 19 toExeesst

985 2480 89 26 Acidity,
1082 2479 120 27 Neuralgia,
1213 2479 96 21 Sciatica.

1425 2518 11 12 :
1439 2518 3 12 0.

1104 2547 62 21 Town
1181 2547 49 20 Hall
1241 2547 39 20 and
1291 2546 80 23 Sample
1382 2546 78 20 Rooms
1475 2547 110 20 connected
1601 2548 44 20 with
1656 2548 34 20 the
1701 2547 70 23 Hotel,

1060 2626 52 20 New
1122 2626 86 20 Billiard
1217 2625 66 21 Room
1292 2625 50 21 with
1356 2631 38 14 one
1408 2625 20 20 of
1438 2625 106 20 Bennett's
1555 2625 51 21 New
1617 2626 86 20 Billiard
1712 2626 80 20 Tables.

985 2793 455 62 GEYSER
1464 2793 384 62 HOUSE

1029 2868 328 48 Hydropathic
1389 2868 154 42 Hotel,
1561 2869 257 40 Wairakei.

1178 2919 37 20 Six
1223 2920 60 19 miles
1291 2920 53 19 from
1354 2920 57 19 Lake
1420 2920 71 25 Taupo
1502 2919 101 26 (Kotorua
1613 2920 59 25 side).

1106 2960 220 33 SUPERIOR
1357 2960 387 33 ACCOMMODATION

1174 3003 55 20 ALL
1237 3003 59 21 THE
1305 3003 145 21 COMFORTS
1460 3003 35 20 OP
1505 3003 17 20 A
1533 3003 82 20 HOME
1625 3003 55 21 FOR

1213 3059 156 28 Tourists
1388 3059 68 27 and
1486 3059 165 29 Invalids.

2045 2485 153 24 ERYOLDSPLI!/

2483 2549 71 27 AND

2344 2580 146 35 FINEST

2180 2763 37 25 ~h
2250 2752 206 48 Proprietors-

2180 2987 49 39 L.
2259 2988 53 41 D.
2342 2990 263 45 NATHAN
2632 2998 114 41 &Co.

979 3153 70 28 Hot
1069 3152 203 33 Swimming
1286 3150 120 34 Baths,
1421 3150 197 29 Kiri-o-Kai
1632 3158 40 21 or
1685 3152 85 27 New
1784 3151 83 29 Skin

1030 3186 99 33 Bath,
1149 3186 73 28 Hot
1239 3184 141 29 Douche
1404 3186 115 32 Baths,
1536 3186 121 28 Grand
1670 3186 150 31 Climate.

1079 3224 314 34 Elevationl,36o
1404 3224 68 28 feet
1486 3224 109 28 above
1608 3232 60 20 sea
1679 3224 96 28 level.

1411 3268 25 15 iO:
1436 3268 36 15 '

978 3301 257 31 COMPETENT
1251 3301 162 29 GUIDES
1425 3311 155 24 accompany
1592 3302 107 26 tourists
1709 3304 26 23 to
1744 3302 44 25 the
1801 3302 52 25 vari-

1077 3346 45 16 ous
1135 3337 85 32 places
1232 3337 28 24 of
1271 3335 117 33 interest,
1403 3336 86 25 which
1497 3335 75 26 baffle
1585 3337 45 25 the
1643 3338 66 23 most
1721 3335 75 26 facile
1807 3345 58 23 pen,

1076 3370 51 26 and
1138 3378 49 17 can
1198 3370 61 33 only
1271 3370 32 25 he
1315 3370 110 25 realized
1437 3370 77 25 when
1531 3377 68 19 seen.

978 3467 193 26 GEYSER
1185 3466 194 27 VALLEY
1390 3466 93 23 containe
1490 3466 36 23 the
1533 3466 109 28 following
1649 3466 122 28 unequalled
1782 3466 83 20 Natura

1056 3495 256 23 wonders:Tuhuatahi,
1333 3502 23 13 or
1376 3495 65 20 Great
1460 3495 132 24 Champagne
1613 3494 117 24 Cauldron;
1747 3494 32 19 ihe
1798 3493 66 20 Groat

1168 3522 91 25 Geyser;
1267 3521 36 20 the
1313 3522 88 25 Donkey
1411 3522 80 24 Engine
1499 3516 4 31 ;
1516 3516 34 25 the
1561 3520 84 21 Fairies'
1655 3520 52 20 Bath
1717 3516 4 31 ;
1733 3520 34 19 the
1778 3520 73 24 Lightn-

1055 3548 38 25 ing
1103 3546 62 27 Pool;
1177 3547 36 20 the
1222 3548 50 19 Cac
1286 3548 24 19 de
1321 3548 85 25 Geyser,
1421 3554 22 14 or
1455 3547 101 26 Dragon'e
1568 3548 70 19 mouth
1649 3546 4 27 ;
1665 3547 34 19 the
1707 3546 59 20 black
1778 3546 85 24 Geyser;

1055 3574 34 21 the
1096 3574 52 20 Mud
1160 3574 78 24 Geyser
1247 3572 4 27 ;
1269 3574 35 19 the
1314 3574 52 20 Blue
1379 3574 53 20 Lake
1441 3583 5 16 ;
1455 3574 35 20 the
1509 3574 33 19 Oil
1556 3573 51 20 Bath
1617 3572 4 27 ;
1640 3574 35 19 the
1698 3572 78 26 Eagle's
1796 3572 68 24 Nest;

1056 3601 35 20 the
1101 3600 78 21 Devil's
1190 3600 70 20 Punch
1272 3598 68 27 Bowl;
1352 3601 35 20 the
1400 3601 70 20 Prince
1484 3600 22 20 of
1517 3600 76 20 Wales'
1604 3600 111 24 Feathers;
1724 3602 33 16 the
1774 3598 76 21 Mirror
1858 3598 4 27 ;

1056 3627 33 20 the
1097 3627 56 20 Twin
1164 3627 77 26 Geyser
1251 3635 5 16 ;
1267 3626 35 21 the
1312 3628 59 20 Coral
1383 3628 78 25 Geyser
1471 3624 4 29 ;
1488 3626 34 21 ihe
1532 3626 67 21 Green
1616 3624 61 29 Pool;
1697 3624 131 26 Terekorehc,
1841 3633 22 12 or

1055 3654 49 20 Hell
1115 3654 91 24 Geyser;
1216 3653 35 20 the
1262 3654 67 19 S;earn
1341 3654 103 20 Hammer.
1473 3652 85 22 Guide's
1570 3654 31 19 fee
1612 3655 22 18 to
1645 3654 79 24 Geyser
1744 3652 77 24 Valley,
1833 3654 28 22 Os;

1055 3681 92 20 distance
1157 3680 52 20 from
1220 3680 34 19 the
1265 3680 61 25 hotel,
1335 3688 39 12 ouj
1385 3680 51 21 mile.

976 3733 96 25 THE
1091 3732 338 26 AREATEATEA
1461 3739 23 14 or
1494 3732 81 21 Ladder
1584 3732 86 27 Rapids.
1697 3731 42 21 The
1757 3732 101 21 Grandest

1053 3760 78 25 Bapids
1143 3760 20 19 in
1174 3760 35 19 the
1219 3760 101 19 Southern
1333 3755 137 30 Hemisphere
1478 3755 4 30 ;
1493 3759 73 25 falling
1578 3760 19 19 in
1618 3760 29 19 six
1666 3759 86 19 distinct
1768 3759 91 20 cascades

1054 3788 93 24 amongt
1164 3786 61 19 weird
1236 3786 40 19 and
1288 3787 73 25 rugged
1378 3793 89 19 scenery.
1495 3786 98 19 Distance
1604 3786 52 19 from
1668 3786 35 19 the
1723 3786 61 24 hotel,
1803 3785 57 21 three

1055 3812 62 21 miles.
1146 3812 75 20 Saddle
1230 3812 71 21 horses
1314 3815 22 16 to
1347 3812 47 20 visit
1404 3812 33 20 the
1446 3812 83 26 Kapids,
1540 3812 22 21 7s
1573 3812 26 20 6d
1609 3812 56 21 each,

1316 3845 27 8 ..
1405 3842 21 12 :o:
1469 3842 1 12 1
1479 3845 11 5 .
1503 3845 11 6 -.

1224 3866 22 14 or
1256 3859 36 21 the
1302 3860 77 20 Devil's
1389 3861 97 24 Trumpet
1496 3860 16 20 is
1530 3861 42 19 said
1592 3863 21 17 to
1635 3861 50 19 emit
1704 3868 12 12 a
1738 3867 91 18 pressure
1839 3861 21 19 oF

1052 3887 71 20 1801bs
1133 3887 23 19 of
1169 3889 64 17 steam
1244 3889 21 17 to
1276 3887 34 19 the
1317 3886 53 24 inch,
1386 3887 51 19 from
1448 3892 25 14 an
1489 3889 96 23 aperture
1596 3887 21 19 of
1637 3888 63 19 about
1719 3888 25 18 12
1760 3887 68 19 inches
1838 3887 19 19 in

1051 3913 104 20 diameter,
1183 3913 100 20 Distance
1295 3913 51 20 froji
1359 3913 53 19 hotel
1421 3913 56 20 three
1488 3916 38 17 and
1540 3921 11 12 a
1563 3913 41 20 half
1615 3914 68 23 miles;
1703 3913 69 20 saddle
1789 3913 69 21 horses

1051 3942 21 18 to
1084 3940 47 20 visit
1140 3939 36 21 the
1185 3939 70 25 above,
1266 3941 55 19 2s(id
1332 3940 56 20 each.

1384 3972 53 14 ALSO

976 3992 94 27 THE
1090 3991 133 26 HUKA
1241 3991 170 33 FALLS,
1430 3992 34 20 the
1472 3992 114 27 [Grandest
1598 3993 55 19 Falls
1664 4000 20 12 in
1704 3992 34 20 the
1758 3991 99 21 Southern

1051 4023 140 25 Hemisphere.
1220 4023 41 20 The
1272 4023 55 20 Falls
1338 4030 45 19 may
1400 4025 22 18 he
1432 4024 71 19 visited
1511 4029 25 14 on
1547 4023 34 20 the
1592 4031 53 12 same
1652 4023 115 25 expadition
1781 4031 21 12 as
1824 4026 34 20 the

1051 4049 78 21 Devil's
1135 4050 104 25 Trumpet.
1268 4049 98 21 Distance
1377 4049 51 20 from
1440 4049 53 21 hotel
1503 4050 59 20 three
1571 4050 39 20 and
1622 4057 10 13 a
1643 4050 43 20 half
1697 4050 61 20 miles.
1784 4052 73 21 Saddle

1052 4077 59 19 horse
1127 4083 22 13 or
1159 4076 68 26 buggy
1242 4076 51 20 2cod
1303 4076 54 20 each.

1105 4115 87 29 MRS
1206 4116 36 27 R,
1262 4115 194 33 GRAHAM,
1476 4115 243 35 Proprietress.

1888 3110 176 69 THE
2109 3114 301 72 GIUND
2470 3120 298 73 HOTEL

2368 3275 204 32 stbe:

1904 3446 5 6 _
1918 3408 149 27 First-class
2077 3412 92 33 family
2182 3413 89 26 Hotel.
2312 3415 129 25 Situation
2460 3419 174 30 unsurpassed
2681 3420 73 25 Patro-

1883 3446 73 25 nised
1969 3447 34 33 hy
2017 3448 69 25 their
2100 3450 180 26 iixcelleTicies
2295 3453 45 24 the
2359 3454 133 24 Governor
2504 3455 51 24 and
2568 3456 125 26 Admiral.

1995 3534 145 33 Telegrams
2165 3536 51 24 and
2238 3537 90 26 letters
2338 3540 131 32 promptly
2481 3541 122 25 attended
2615 3544 35 23 to.

1953 3617 90 39 MRS
2072 3619 272 48 GALLAGHER,
2375 3622 284 51 Proprietress.

2151 3743 348 31 TKURKNGK

1880 3776 81 41 Smith
1991 3777 54 40 and-
2057 3777 114 52 Carriage
2194 3779 105 46 Works,
2330 3780 79 39 Coach
2436 3781 48 39 and
2515 3781 111 52 Waggon
2662 3783 103 52 Factory

2085 3840 214 24 ESTABLISHED
2314 3842 80 21 OVER
2412 3842 26 21 10
2453 3842 106 22 YEARS.

1898 3887 37 16 The
1944 3887 114 20 undersigned
2068 3892 29 12 aro
2105 3888 138 17 manufacturers
2251 3889 18 16 of
2277 3901 22 4 ....

1898 3908 37 16 Our
1945 3908 109 17 well-known
2064 3909 97 21 reputation
2169 3916 20 9 as
2196 3910 85 17 IWtio.il
2297 3911 99 18 Meohauioa
2413 3912 33 15 and
2461 3911 58 18 W.P'a
2532 3914 19 16 27
2567 3919 51 15 years
2629 3915 99 20 experience
2747 3915 16 15 in

1877 3929 29 18 the
1910 3929 118 17 Australasian
2038 3929 84 22 Colonies,
2130 3930 65 23 justify
2203 3932 46 16 uiin
2266 3932 83 21 olaiminjj
2360 3933 39 17 that
2416 3939 24 10 we
2457 3939 31 11 can
2502 3934 70 16 furnish
2587 3940 11 10 a
2613 3935 57 17 better
2685 3935 43 17 class
2747 3937 18 15 of

1877 3951 73 16 vehicles
1958 3952 95 15 consistent
2064 3952 40 15 with
2112 3953 61 15 honest
2184 3953 45 16 work
2238 3955 19 14 at
2265 3959 10 10 a
2284 3955 74 19 cheaper
2370 3958 36 12 rate
2415 3955 40 15 than
2466 3960 34 15 any
2508 3955 18 16 nf
2535 3961 31 10 our
2575 3958 117 19 competitors.

1897 3972 37 16 The
1942 3972 61 16 Public
2012 3972 33 16 will
2058 3972 34 17 find
2102 3973 13 16 it
2126 3975 17 14 to
2159 3974 44 16 their
2218 3975 99 21 advantage
2333 3978 17 13 to
2366 3976 148 17 ENCOURAGE
2535 3977 79 16 LOCAL
2633 3977 130 23 INDUSTttY,

1877 3993 56 16 where
1940 3994 42 20 they
1998 3999 31 11 can
2038 3993 43 17 have
2088 3995 29 15 the
2123 3995 78 21 pleasure
2209 3996 17 15 tf
2234 3997 60 20 seeing
2309 3997 90 17 ftrsi-class
2415 3998 78 16 material
2506 3998 34 16 aui
2558 3999 126 21 workmanship
2700 4002 32 18 put
2747 4001 16 15 in

1897 4015 41 19 olosi
1946 4015 49 16 made
2003 4017 17 14 to
2029 4015 44 16 their
2080 4016 60 15 valued
2148 4017 64 16 orders.

1897 4036 46 18 N,B.
1944 4035 101 17 Vehicles
2053 4037 18 15 of
2077 4037 23 15 all
2108 4038 113 21 descriptions
2231 4039 85 21 repaired,
2327 4040 77 21 palutod,
2415 4040 93 16 renovated
2518 4041 33 16 and
2561 4042 49 15 raado
2625 4044 18 14 to
2658 4042 39 17 look
2714 4043 50 20 equal

1876 4059 17 14 to
1902 4063 43 11 new.

1876 4105 200 28 WILLIAM
2096 4093 457 47 PAPvKE^Co^chbuilder

2229 4146 143 27 JAMES
2391 4148 134 31 HAUA,
2546 4148 224 32 Blacksmith,

2177 4178 147 20 DBVONFOKr
2335 4180 73 21 E.QXD,
2426 4180 146 21 TA.UIUNGA..

2838 921 159 51 Steele
3036 922 136 53 Bros.

2795 1006 193 42 MARAEROA
3044 1008 174 44 SAWMILL.

2794 1088 45 26 X-S
2871 1095 46 22 past
2925 1093 68 19 favors
3001 1094 38 19 and
3048 1094 37 25 beg
3093 1098 18 15 to
3119 1102 103 14 announce

2792 1119 44 19 that
2853 1118 75 26 having
2947 1126 12 12 a
2980 1120 57 25 large
3055 1121 57 19 stt,ck
3132 1122 22 19 of
3172 1123 40 19 well-

2792 1147 95 17 seasoned
2909 1147 105 18 first-class
3032 1147 74 19 timber
3124 1154 25 13 on
3171 1148 51 20 hand

2792 1171 48 26 they
2850 1178 33 12 are
2895 1173 97 24 prepared
3012 1178 19 13 to
3049 1173 52 19 fulfil
3118 1175 71 19 orders
3199 1178 20 16 at

2792 1197 86 20 reduced
2889 1204 60 14 rales.

2795 1256 38 41 T
2875 1251 52 46 IVf
2972 1258 41 30 h
3023 1258 124 21 akrlson
3150 1251 4 46 .
3166 1260 18 19 B
3187 1251 3 46 -
3192 1261 19 18 A
3213 1275 10 9 ->

2809 1315 161 20 BARRISTER
2984 1317 61 19 AND
3056 1317 155 25 SOLICITOR,

2808 1348 43 23 lIS,
2863 1347 110 21 Victokia
2983 1349 93 24 Ahcade,
3088 1350 125 20 Auckland.

2983 1383 57 20 Also

2796 1412 101 20 Barrister
2908 1413 39 19 and
2958 1414 92 20 Solicitor
3060 1415 22 19 of
3089 1416 34 18 the
3130 1415 95 26 Supreme

2873 1440 71 23 Court,
2956 1441 92 24 Ontario,
3059 1441 88 21 Canada.

2797 1667 81 21 Losses
2903 1669 55 20 Paid
3090 1670 136 25 20,000,000

2796 1720 54 20 FittE
2860 1722 106 20 Pbesiium
2976 1722 98 20 Exceeds
3116 1724 59 25 1,6Cl
3184 1726 42 19 100

2795 1774 163 20 Accumulated
3005 1775 71 20 Fund?

2796 1799 89 21 Exceed
3115 1804 107 20 IOOOOOO

2795 1851 24 23 W.
2836 1853 58 22 WARD
2904 1854 65 21 BAKER
3030 1855 28 21 W.'
3070 1856 17 20 A.
3101 1856 101 23 WILLIAMS

2831 1879 71 21 District
2909 1879 78 26 Manager
3059 1880 52 22 Local
3125 1881 51 26 Agent

2883 1904 98 21 Auckland.
3104 1905 78 22 Rotorua,

2796 1975 165 42 ROTOKUA
2980 1977 167 41 SAWMILL
3172 1978 51 42 CO.

2896 2083 60 19 finest
2974 2083 79 26 quality
3071 2084 41 19 and
3129 2084 96 25 carefully

2793 2160 90 24 Matai,
2912 2161 128 27 Pukatea,
3072 2163 52 21 and
3149 2163 77 22 Tawa

2820 2188 134 25 Shingles,
2968 2189 115 26 Palings,
3099 2190 86 21 Blook

2933 2215 51 21 and
3008 2215 83 22 Posts-

2818 2258 18 18 A
2851 2258 53 25 good
2914 2258 40 20 and
2963 2258 89 20 assorted
3067 2259 73 26 supply
3150 2259 74 26 always

2792 2290 26 13 on
2828 2285 56 19 hand
2895 2288 20 16 at
2925 2285 33 19 the
2968 2285 82 19 Timber
3060 2285 64 25 Yard,

2938 2317 138 20 ROTORUA.

2792 2365 161 27 N.B.Spocial
2962 2373 44 13 care
3016 2366 62 20 taken
3094 2367 22 19 in
3133 2367 33 20 tho
3184 2374 31 13 sea-

2973 2393 79 25 soning'.

2805 2440 99 20 PRICES
2919 2441 35 19 AT
2968 2441 133 20 CURRENT
3116 2441 95 20 RATES.

2842 2500 33 21 W.
2890 2500 153 25 HENSHAW,
3065 2500 113 21 Manaoek.

2839 2556 165 37 Rotopua
3017 2556 162 44 Libpapy.

2792 2622 114 47 OPEN
2921 2623 54 20 from
2985 2625 23 18 10
3021 2631 44 12 a.m.
3075 2626 21 17 to
3107 2625 12 18 5
3128 2631 44 19 p.m.
3183 2624 39 20 and

2851 2651 12 18 G
2872 2652 26 17 30
2906 2655 20 14 to
2938 2652 23 18 10
2970 2658 14 18 p.
2991 2658 22 12 m.
3026 2652 93 23 Sundays
3129 2651 30 19 till
3167 2652 54 24 9p.ni

2792 2682 192 22 Subscription:
2993 2682 51 18 SJOs
3058 2687 48 17 per*
3119 2686 99 14 annum

2817 2712 88 20 Visitors
2925 2719 43 18 may
2987 2719 84 20 procure
3087 2713 68 19 Books
3171 2713 52 20 from

2791 2739 34 19 the
2841 2739 87 26 Library
2945 2746 26 13 on
2987 2740 82 25 making
3086 2747 12 12 a
3112 2740 79 25 deposit
3201 2740 21 19 of

2792 2768 36 17 not
2843 2765 40 21 less
2901 2766 49 19 than
2966 2767 29 23 ss,
3012 2766 41 20 and
3068 2766 121 26 purchasing
3199 2768 21 18 Is

2791 2798 79 19 Coupon
2881 2793 32 19 for
2994 2793 56 19 Pour
3060 2793 70 19 books.

2817 2819 42 19 The
2879 2819 86 26 Library
2983 2819 18 20 ia
3024 2826 52 19 open
3099 2820 73 25 during
3190 2819 33 20 the

2791 2845 92 25 evening.

2814 2898 45 40 M
2866 2899 16 14 K
2912 2898 42 37 W
2988 2898 41 38 J.
3059 2900 30 36 N
3096 2898 72 16 APIER
3170 2898 3 40 '

2842 2944 152 19 BARRISTER
3004 2945 18 18 &
3030 2944 141 20 SOLICITOR.

2792 2973 145 19 Commissioner
2945 2975 20 17 of
2973 2975 31 17 the
3021 2975 89 22 Supreme
3125 2975 59 18 Court
3197 2975 18 18 of

2983 2997 54 25 Fiji.)

2791 3020 88 19 Solicitor
2891 3023 19 16 to
2919 3021 32 18 tlie
2959 3022 24 17 N.
2994 3022 19 17 Z.
3024 3022 126 17 Government
3165 3022 56 17 aiider

2899 3044 96 19 Advances
3003 3048 19 15 to
3031 3044 76 19 Settlers

2790 3080 98 18 Victoria
2898 3081 88 23 Arcade,
2995 3081 77 19 Queen-
3076 3086 33 17 st.,
3119 3081 102 18 Auckland

2813 3116 70 24 Money
2893 3119 18 15 to
2921 3116 10 18 I
2936 3117 35 17 end
2980 3122 25 13 on
3014 3116 82 19 freehold
3110 3118 80 22 security
3202 3121 18 14 at

2790 3139 36 19 low
2834 3142 49 16 rates
2889 3140 20 18 of
2912 3140 82 18 interest.
3020 3141 71 22 Money
3100 3142 85 17 invested
3192 3141 28 18 for

2790 3163 67 18 clients
2867 3163 38 18 free
2914 3164 20 17 of
2943 3164 73 22 charge.

2841 3215 31 28 J.
2886 3215 51 33 W,
2950 3216 217 34 WRIGLEY,

2791 3257 429 26 ARCHITECT,

2933 3292 144 20 ROTORUA.

2816 3325 67 24 Agent
2891 3325 33 19 for
2935 3325 33 19 the
2979 3325 63 20 South
3057 3325 78 20 British.
3145 3326 47 20 Fire
3204 3327 16 19 &

2790 3351 82 20 Marine
2882 3352 112 19 Insurance
3004 3352 110 26 Company.

2846 3432 73 20 Wh-sn
2933 3433 22 19 in
2968 3432 124 21 Auckland
3102 3433 59 22 Visit

2862 3464 33 28 E.
2916 3464 227 29 SPENCERS

2827 3503 142 25 CURIO
2992 3504 184 33 DEPOT,

2875 3533 34 21 (Ou
2921 3533 59 19 Quean
2989 3534 55 16 Street
3055 3534 75 22 Wharf.)

2827 3576 41 20 For
2877 3576 28 19 all
2914 3576 61 20 kinds
2984 3577 21 19 of
3022 3577 51 20 New
3084 3578 91 20 Zealand

2860 3603 72 19 Curios
2942 3603 40 19 and
2996 3603 140 21 Greenstones.

2809 3677 68 46 W.
2903 3677 289 57 THOMAS,

2810 3740 253 23 MONUMENTAL,
3074 3743 118 21 MASON

2832 3782 136 21 VICTORIA
2980 3782 104 22 STREET
3094 3785 74 24 EAST,

2914 3824 170 22 AUCKLAND.

2816 3876 94 26 Orders
2930 3877 28 24 in
2979 3878 109 29 Marble,
3109 3878 107 26 Granite

2782 3909 50 24 and
2841 3910 87 25 Stone,
2938 3912 131 32 promptly
3079 3912 51 25 and
3136 3912 66 25 faith-

2782 3943 68 32 fully
2862 3945 134 25 executed.

2813 4003 108 33 Designs
2933 4005 50 24 and
2996 4005 81 31 prices
3086 4005 55 26 free
3153 4013 34 18 on

2915 4038 164 32 application.
