2529 4029
69 269 1811 38 THE

69 307 659 61 NEW
947 307 1537 61 ZEALAND

69 368 2415 60 AND

69 428 1150 60 WELLINGTON
1334 428 1150 60 SPECTATOR.

594 497 217 40 PUBLISHED
858 497 131 36 EVERY
1032 497 257 38 WEDNESDAY
1331 497 86 36 AND
1464 497 226 37 SATURDAY
1734 497 204 39 MORNING.

587 610 130 32 PORT
738 597 285 52 NICHOLSON,
1047 597 305 47 WEDNESDAY
1372 612 238 48 MORNING,
1631 614 172 42 MARyH
1825 618 49 35 16?,
1899 620 90 30 1842.

2262 618 101 40 [Vol.
2384 616 48 33 11.

93 621 64 32 Nq.
176 618 84 40 124,]

1893 705 39 21 To
1942 705 44 21 the
1997 706 157 22 Mercantile
2165 707 53 22 and
2233 705 131 31 Shipping
2377 698 88 33 inter*

2011 735 56 19 ests
2078 733 31 20 of
2119 734 63 20 Port
2191 733 157 24 Nicholson.

1892 764 154 49 THOMAS
2062 766 106 23 BEVAN
2184 767 45 22 and
2244 767 81 27 SONS,
2335 768 56 22 Naw
2408 769 58 21 Zea-

1951 799 59 14 land
2029 799 58 15 ROPE
2105 800 44 15 AND

1890 816 43 28 beg
1947 820 24 19 to
1979 818 86 27 inform,
2069 818 57 23 their
2133 819 84 22 friends
2229 820 44 22 and
2281 820 132 28 the;-public,'
2418 822 49 22 that

1891 843 53 28 they
1951 844 57 23 have
2015 846 113 22 /removed
2142 848 23 19 to
2179 846 58 21 their
2252 854 49 15 new
2315 848 105 26 premise's
2436 855 33 14 on.-

1890 869 186 30 Lambton-quay,
2091 879 77 15 corner
2182 872 26 22 of
2224 873 155 27 Willis-street,
2392 874 75 22 where

1891 903 66 21 every
1966 898 75 21 article
2050 905 24 14 m
2081 898 38 21 the
2128 898 68 23 above
2205 899 73 22 trades
2286 907 52 20 may
2347 900 28 22 be
2384 900 43 22 had
2436 908 31 14 on

1890 922 38 23 the
1937 924 93 22 shortest
2039 924 82 23 notice.
2460 924 4 8 '

1918 950 90 28 Fishing
2015 954 56 24 nets,
2081 954 63 24 mats,
2154 951 49 27 &c,
2213 951 64 23 made
2286 950 46 24 and
2339 953 108 27 repaired.

1916 983 26 22 T.
1950 983 26 23 B.
1987 984 45 22 and
2041 985 56 21 Sons
2107 991 35 15 are
2150 984 68 27 ready
2228 988 21 18 to
2259 985 122 22 undertake
2388 989 77 24 export

1890 1009 74 23 orders
1974 1013 23 19 to
2006 1011 48 27 any'
2058 1013 82 25 extent,
2151 1018 29 15 on
2189 1011 129 23 reasonable
2327 1015 74 19 terms.

1916 1044 126 23 November
2050 1046 33 25 30,
2095 1046 59 20 1841.
2313 1037 3 6 '

1889 1089 40 21 To
1949 1090 46 21 the
2014 1090 164 24 Merchants,
2199 1090 198 26 Ship-owners,'
2410 1091 55 25 &c.,

2039 1116 32 21 of-
2081 1117 65 20 Port
2159 1113 168 25 Nicholson^
2400 1124 3 4 •
2420 1115 9 12 T
2433 1114 5 5 '

1888 1146 105 47 TD.
2016 1149 102 24 PRATT
2138 1149 53 26 begs
2206 1151 59 19 most
2281 1148 146 28 respectfully
2437 1150 29 20 :to

1936 1183 11 11 •
1977 1177 74 20 return
2067 1175 35 22 his
2113 1175 79 22 thanks
2207 1173 35 24 for
2259 1175 38 22 the
2309 1175 90 22 favours
2413 1180 53 16 con-

1950 1201 72 22 ferred
2038 1209 29 14 on
2082 1201 53 27 him,
2140 1209 4 11 >
2145 1201 65 22 while
2225 1202 24 21 in
2265 1201 138 28 partnerslup
2413 1198 54 25 with

1889 1226 43 22 Mr.
1942 1227 27 23 T.
1979 1228 83 27 Bevan,
2073 1228 46 22 and
2126 1228 53 27 begs
2188 1230 23 20 to
2220 1228 82 22 inform
2311 1227 62 22 them
2382 1227 46 23 that
2436 1227 30 22 Ke

1889 1253 19 21 is
1917 1260 51 16 now
1977 1255 175 26 manufacturing
2161 1262 64 18 ropes
2227 1270 5 16 ;
2241 1255 64 26 lines,
2314 1254 74 27 twine,
2399 1254 26 22 of
2436 1253 31 23 all

1890 1279 156 30 descriptions;
2061 1284 59 19 mats
2132 1281 26 22 of
2170 1281 30 21 all
2214 1288 64 20 sizes,
2298 1281 39 21 &c.
2374 1280 93 27 Fishing

1889 1309 49 19 nets
1956 1307 64 22 made
2037 1307 45 22 and
2099 1307 106 28 repaired,
2224 1307 43 24 and
2286 1314 74 20 every,
2370 1307 55 21 kind
2443 1307 27 21 of

1889 1333 77 22 article
1979 1334 24 22 in
2019 1333 37 23 the
2071 1334 69 22 above
2155 1333 53 28 line,
2225 1333 30 25 all
2269 1333 58 22 from
2342 1333 56 23 New
2410 1333 57 22 Zea-

1888 1359 55 22 land
1958 1359 51 28 flax,
2020 1361 45 21 and
2079 1368 30 14 on
2118 1360 36 22 the
2163 1363 59 19 most
2229 1360 129 22 reasonable
2368 1360 98 27 charges.

1891 1393 42 22 No.
1950 1395 20 25 1,
1994 1394 226 26 Molesworth-street,
2246 1394 144 28 Wellington,
2413 1394 54 23 Port

1938 1437 7 3 -
2019 1426 3 3 '
2114 1421 129 22 Nicholson.
2402 1443 4 4 .
2424 1441 3 5 ,
2440 1423 6 2 *
2460 1450 6 1 _

2030 1465 140 22 CHARLES
2184 1464 139 28 HARVEY,
2360 1468 3 4 '
2396 1460 5 3 '
2418 1469 6 23 ;
2441 1459 19 12 '"'

2093 1498 99 25 Tailor,
2206 1498 54 25 &c,

2014 1533 113 26 Adjoining
2139 1533 70 19 Kuinu
2225 1533 51 19 Toto
2288 1533 56 25 Pah,

2102 1573 154 21 WELLINGTON,

1888 1599 108 48 BEGS
2010 1602 21 19 to
2048 1603 76 19 return
2139 1599 80 23 thanks
2236 1603 23 19 to
2275 1599 38 23 the
2328 1602 80 25 gentry
2421 1599 45 23 and

1964 1626 73 27 public
2048 1627 23 21 of
2079 1627 57 22 New
2145 1626 99 22 Zealand
2252 1626 34 22 for
2293 1627 38 21 the
2339 1629 90 25 support
2436 1626 30 22 he

1888 1652 41 22 lias
1944 1653 101 22 received
2058 1653 59 22 from
2132 1653 59 22 them
2206 1653 60 22 since
2280 1653 29 22 he
2323 1652 144 23 commenced

1888 1679 108 27 business,
2013 1679 44 23 and
2075 1679 29 23 he
2121 1687 84 15 assures
2220 1679 61 23 them
2297 1679 48 23 that
2360 1679 20 22 it'
2394 1679 20 22 is
2431 1679 35 22 his

1888 1705 111 22 intention
2008 1709 22 19 to
2040 1707 103 21 continue
2152 1706 33 22 his
2201 1709 59 19 most
2274 1709 116 19 strenuous
2404 1707 63 26 exer'r

1890 1732 57 22 tions
1957 1735 23 19 to
1990 1733 64 21 merit
2062 1740 14 14 a
2086 1733 145 22 continuance
2241 1733 25 21 of
2273 1733 57 21 their
2338 1736 128 25 patronage.

1916 1766 24 21 C.
1950 1766 29 22 H.
1990 1766 60 23 takes
2065 1766 45 23 this
2129 1766 142 28 opportunity
2285 1766 26 22 of
2319 1766 83 27 stating
2419 1765 58 26 tha.t-

1888 1792 35 22 his
1932 1793 64 22 stock
2005 1793 91 22 consists
2105 1794 25 21 of
2140 1801 14 14 a
2162 1793 58 27 good
2229 1794 84 26 variety
2323 1793 27 22 of
2355 1792 111 31 superfine

1888 1819 78 27 cloths,
1977 1820 108 26 doeskins,
2101 1820 86 25 tweeds,
2203 1820 127 26 moleskins,
2340 1819 124 26 velveteen,

1888 1845 56 27 pilot
1958 1846 64 27 cloth,
2034 1847 40 21 &c.
2084 1847 48 27 &c,
2146 1846 44 22 and
2205 1846 34 22 his
2255 1846 92 28 charges
2358 1846 45 26 (for
2416 1847 50 20 cash

1888 1874 58 24 only)
1958 1873 119 22 moderate.

2093 1926 29 20 E.
2136 1925 124 25 Stafford,

1973 1959 77 25 Tailor,
2063 1959 179 25 Lambton-quay,.
2252 1958 133 26 Wellington,

1888 1992 53 47 IN
1954 1992 204 28 returningj&anks
2166 1994 23 19 to
2198 1992 64 21 those
2275 1992 128 27 gentlemen
2417 1991 50 22 who

1944 2018 58 21 have
2010 2016 151 32 Jfavore6^himr
2165 2014 120 25 withT-tKeir
2292 2017 81 26 orders,
2382 2024 85 15 assures

1888 2043 61 22 them
1958 2044 48 21 that
2013 2044 59 21 from
2081 2043 39 22 his'
2125 2043 60 22 stock
2195 2050 30 15 on
2234 2043 66 27 hand,
2311 2043 46 22 and
2365 2044 57 21 from
2429 2051 38 14 re-

1889 2074 51 18 cent
1949 2070 89 22 arrivals
2046 2070 58 22 from
2114 2069 109 28 England,
2233 2069 29 23 he
2271 2069 50 23 will
2328 2070 28 22 be
2373 2071 95 22 enabled

1888 2100 23 18 to
1921 2097 64 21 make
1996 2104 28 20 up
2034 2097 87 21 articles
2128 2097 24 21 in
2160 2096 37 22 the
2206 2096 48 22 first
2263 2096 55 27 style
2329 2097 27 21 of
2365 2097 101 28 fashion';

1888 2123 71 22 which
1969 2123 44 22 will
2021 2123 81 22 render
2110 2123 17 21 it
2135 2130 148 20 unnecessary
2290 2123 35 22 for
2338 2123 39 22 the
2392 2124 76 27 public

1887 2152 24 19 to
1921 2150 54 22 send
1989 2152 22 20 to
2027 2150 37 22 the
2080 2149 161 28 neighbouring
2250 2150 104 22 Colonies
2361 2150 35 22 for
2410 2150 59 23 their

1887 2177 98 26 wearing
1996 2177 95 27 apparel.

1914 2210 58 22 N.B.
1973 2222 28 4 —
2002 2210 73 28 Every
2089 2210 74 22 article
2177 2210 125 22 warranted
2319 2211 27 21 of
2366 2210 37 22 the
2418 2211 50 23 best

1888 2237 91 28 quality,
1991 2240 43 24 cut,
2045 2237 44 22 and
2099 2236 168 30 workmanship,
2277 2238 45 22 and
2336 2245 30 15 on
2378 2245 89 15 reason-

1888 2264 50 22 able
1947 2267 74 19 terms.

2108 2309 29 22 H.
2152 2309 93 26 READ,
2335 2295 10 4 '
2393 2323 3 3 •
2429 2307 3 3 '

2023 2346 115 20 Tinman
2149 2346 53 20 and
2211 2345 118 25 Brazier,
2355 2350 3 4 '

1965 2378 60 22 Near
2082 2378 152 27 Court-house,
2245 2378 145 28 Wellington*
2398 2384 3 2 '
2408 2385 3 5 '

1888 2429 198 51 WNEAL,
2107 2431 85 27 Watch
2213 2429 46 23 and
2279 2431 76 21 Clock
2371 2430 94 28 Maker,

1961 2469 11 10 •
1985 2466 3 4 •
2014 2457 53 28 begs
2085 2456 142 28 respectfully
2243 2460 22 18 to
2283 2457 83 22 inform
2381 2457 37 22 the
2432 2457 34 22 in-

1888 2484 113 22 habitants
2018 2485 25 21 of
2058 2484 54 22 Port
2119 2483 127 27 Nicholson,
2264 2484 48 26 &c,
2329 2483 50 22 that
2386 2483 28 23 he
2427 2483 41 23 has

1889 2511 106 22 removed
2006 2511 33 21 his
2053 2511 99 22 business
2168 2510 50 22 S.E.
2229 2511 26 21 of
2265 2511 91 21 Messrs.
2366 2510 102 22 Bethune

1889 2539 46 21 and
1944 2538 113 31 Hunter'Sj
2069 2537 46 22 and
2123 2535 78 30 hopes,'
2207 2537 31 27 by
2247 2537 62 21 strict
2318 2537 114 28 attention,
2445 2540 22 19 to

1890 2565 66 22 merit
1970 2572 14 14 a
1999 2568 146 18 continuance
2161 2564 25 21 of
2201 2563 57 22 their
2272 2563 97 28 favours,
2386 2563 83 28 having

1890 2592 45 22 had
1943 2593 27 20 20
1980 2591 69 28 years'
2059 2591 130 28 experience
2198 2591 25 21 in
2232 2590 101 22 London.
2347 2613 3 4 .
2424 2605 10 10 r

1917 2625 40 22 All
1973 2624 66 23 kinds
2053 2624 28 22 of
2091 2624 100 27 foreign,.
2199 2624 89 26 British,
2424 2624 45 22 and

1889 2652 115 27 repeating
2009 2651 95 22 watches
2111 2651 43 22 and
2163 2650 81 28 clocks,
2252 2650 45 22 and
2303 2650 166 23 chronometers

1891 2678 93 23 cleaned
1992 2678 44 22 and
2045 2678 107 27 repaired.

1998 2713 56 21 N.B.
2055 2723 29 4 —
2084 2711 94 23 Musical
2187 2711 69 23 boxes
2265 2711 108 28 repaired.

2097 2756 159 22 Education.

1890 2791 145 49 HENRY
2050 2790 158 23 ATKINSON
2224 2790 54 27 begs
2292 2790 64 22 leave
2365 2793 58 19 most
2435 2797 34 15 re-

1964 2831 4 3 -
1977 2817 117 29 spectfully
2110 2821 22 18 to
2146 2817 82 22 inform
2245 2817 43 22 the'
2295 2815 137 24 inhabitants
2446 2817 25 22 of

1892 2845 140 27 Wellington,
2048 2844 49 22 that
2109 2845 28 21 he
2152 2844 40 22 has
2211 2844 86 28 opened
2316 2851 14 14 a
2346 2843 76 23 school
2439 2851 30 15 on

1889 2872 121 22 Thorndon
2027 2871 56 27 Flat,
2092 2871 25 22 in
2131 2871 36 22 the
2175 2878 50 14 rear
2234 2871 26 21 of
2272 2871 18 21 B
2286 2894 6 8 ;
2292 2871 87 22 arrett's
2392 2871 77 26 Hotel,

1890 2899 35 21 for
1938 2899 38 21 the
1993 2905 92 20 purpose
2104 2898 25 21 of
2145 2897 103 26 teaching
2261 2897 98 27 reading,
2374 2897 95 27 writing,

1890 2925 134 26 arithmetic/
2038 2925 43 21 and
2095 2923 103 26 practical
2212 2924 168 27 mensuration,-
2389 2931 30 15 on

1964 2954 29 18 ■:•
2076 2951 111 26 following
2199 2953 82 19 terms:
2300 2972 5 3 .
2350 2958 22 16 .-•
2402 2948 3 16 !

1917 2984 107 28 Reading,
2032 2984 73 23 under
2113 2984 13 22 7
2134 2991 63 21 years
2206 2984 26 21 of
2239 2991 47 20 age,
2294 2983 36 22 6d.
2337 2991 41 20 per
2386 2984 69 23 week.

1916 3012 44 21 Do.
2034 3012 69 21 above
2112 3010 48 22 that
2172 3018 62 20 age..
2243 3013 32 18 ..'•
2293 3012 56 20 Is.-,
2385 3011 35 22 do.

1917 3038 61 22 With
1985 3038 103 26 Writing.
2096 3035 8 22 .'
2293 3039 31 20 Is.
2332 3037 36 22 6d.
2384 3038 36 21 do.

1916 3065 62 22 With
1985 3064 133 23 Arithmetic
2290 3065 32 21 2s.
2384 3064 36 22 do.

1916 3092 62 23 With
1987 3091 109 22 Practical
2112 3091 153 22 Mensuration
2292 3092 30 24 2.5.
2330 3090 38 23 6d.
2385 3091 35 22 do.

1888 3124 122 23 Thorndon
2019 3124 57 27 Flat,
2088 3123 78 23 March
2175 3125 20 26 1,
2206 3125 61 21 1842.

2098 3175 161 22 Education.

1891 3210 107 49 MRS.
2016 3209 45 22 and
2079 3209 71 22 MISS
2172 3208 202 25 WAKEFIELD.,
2385 3210 86 23 receive

1980 3236 71 28 pupils
2060 3243 31 15 on
2100 3236 37 21 the
2146 3235 114 29 following
2269 3240 67 19 terms
2342 3245 6 14 :
2349 3248 30 5 —
2406 3237 4 6 '

1918 3270 43 24 For
1978 3271 75 26 board,
2072 3270 54 22 with
2142 3270 101 27 washing
2257 3271 45 22 and
2316 3271 36 22 in-

1944 3297 106 23 struction
2054 3297 24 22 in
2082 3297 91 28 general
2178 3297 94 28 English
2277 3297 74 23 litera-
2379 3308 3 3 •

1944 3328 55 23 ture,
2014 3325 96 26 writing,
2124 3324 44 22 and
2179 3324 116 27 aritmetic,
2311 3332 41 19 per

1944 3354 88 25 quarter
2350 3352 13 20 8
2389 3352 13 20 8
2429 3352 16 20 0

1916 3378 79 22 Under
2003 3379 12 21 7
2023 3385 65 20 years
2098 3378 26 22 of
2135 3385 39 20 age
2350 3377 14 22 7
2390 3377 13 22 7
2429 3379 16 19 0

1918 3405 51 28 Day
1978 3405 113 22 boarders.
2389 3405 16 20 4
2430 3405 15 20 0

1918 3432 53 32 Day;
1978 3431 72 28 pupils
2350 3431 14 20 2
2390 3431 14 21 2
2430 3432 15 20 0

1918 3459 81 22 Junior
2007 3459 54 21 ditto
2207 3461 4 17 '.
2351 3457 51 22 11l
2431 3458 14 21 6

1891 3492 94 28 French,
2001 3492 88 28 Italian,
2104 3492 45 23 and
2162 3491 112 27 Drawing,
2284 3490 32 22 £1
2332 3487 45 25 llsl
2387 3490 35 23 6d.
2432 3497 40 21 per

2132 3521 96 26 quarter.

1918 3553 88 23 Private
2015 3553 85 22 lessons
2108 3553 24 21 in
2141 3551 76 26 music,
2229 3557 24 15 or
2264 3557 45 20 any
2318 3549 27 22 of
2354 3549 38 23 the
2401 3550 70 22 above

1890 3580 110 22 branches
2009 3581 26 21 of
2045 3579 123 25 education,
2184 3584 43 15 one
2240 3577 75 21 hour's
2330 3577 140 26 instruction,

1890 3608 51 22 four
1949 3607 84 22 lessons
2050 3607 36 21 for
2095 3613 42 15 one
2145 3605 89 27 guinea.

1918 3641 133 22 References
2060 3643 23 19 to
2093 3639 36 22 the
2137 3637 113 27 following
2255 3636 129 29 gentlemen
2392 3635 80 28 kindly

1888 3668 133 28 permitted:
2022 3678 29 5 —

1919 3703 62 23 Capt.
1992 3701 33 22 W.
2036 3700 34 23 M.
2081 3699 77 26 Smith,
2169 3697 67 28 R.A.,
2245 3696 229 27 Surveyor-General

1919 3729 70 22 T.M.
2000 3727 121 26 Partridge,
2132 3725 51 28 Esq.
2275 3732 4 2 '
2401 3731 4 3 ■
2445 3730 4 4 '

1920 3757 22 20 S.
1952 3756 96 25 Revans,
2058 3753 53 27 Esq.
2206 3760 2 5 '
2418 3760 2 5 '
2446 3760 6 5 *
2468 3772 17 7 -,

2038 3798 40 21 To
2093 3798 33 20 be
2140 3795 73 24 Sold,
2219 3800 30 16 or
2264 3795 57 25 Let,
2377 3814 6 7 t
2399 3785 89 41 '<Zfs&

1892 3835 51 47 A
1956 3830 187 25 BAKEHOUSE
2153 3828 45 22 and
2207 3828 86 22 OVEN
2302 3828 24 23 in

1970 3859 37 27 ing
2017 3857 120 23 condition.
2165 3854 76 29 Apply
2251 3857 23 20 to
2417 3866 7 19 ;
2448 3852 14 11 *

1969 3892 124 22 Anderson
2102 3889 45 23 and
2155 3889 109 26 Rowand,
2274 3888 199 29 Thoxndon-qwy.

1920 3925 141 27 Wellington,
2072 3922 112 31 February
2192 3923 36 26 24,
2239 3923 60 21 1842.
2354 3926 3 4 '
2422 3943 4 3 .

135 702 27 31 '"'.
205 711 55 20 For
273 707 103 25 JTelson
394 705 103 23 Haven,

171 746 29 20 To
213 743 42 23 sail
267 748 25 14 on
308 740 109 25 Thursday
428 738 110 25 morning,'

98 776 73 33 .jgjgT
224 768 163 34 TTAVYnG
401 775 38 22 the
454 777 87 25 greater
554 775 51 26 part
618 773 26 21 of

87 798 114 36 '•iwKij^v
223 798 57 31 -tl
318 810 40 15 ncr
377 810 64 20 cargo
498 800 88 27 board,
603 799 39 23 the

86 825 137 35 JlnSrsiK'
236 839 45 15 nne
296 831 45 22 fast
354 830 62 21 sauin
419 835 13 25 g
450 829 108 21 schooner
571 827 71 25 Ariel,

75 851 143 30 Jmu&fiT-
237 859 89 22 Robert-
330 855 143 24 Mulholland
481 857 88 20 master.
597 854 45 22 For

62 879 161 37 Sggjggfp
237 884 81 28 freight
327 891 25 15 or
361 889 99 22 passage,
470 881 66 28 apply
546 884 23 19 to

109 933 15 11 -,
143 919 5 3 '
319 918 26 22 F.
360 917 29 21 V.
404 917 96 21 Martin
515 914 46 22 and
574 914 39 21 Co.

68 970 3 4 '
98 961 4 3 '
261 964 52 20 For
326 961 113 24 Nelson,

56 1001 29 20 In
94 1001 49 20 lime
152 999 42 26 for
209 999 36 20 the
260 996 95 21 selection
371 994 28 25 of
413 993 49 21 land
476 999 27 14 on
518 992 36 21 the
569 992 33 21 Ist
618 992 27 25 of

289 1024 2 5 '
313 1022 72 26 April.
483 1031 3 5 '
585 1036 3 5 .
625 1023 3 5 '

211 1058 91 32 npiHE
319 1058 47 21 fine
380 1057 43 22 fast
438 1056 80 27 sailing
531 1055 110 22 schooner

92 1079 100 37 JPjSwL
218 1079 29 29 JL
282 1085 99 25 Lop%-in,
398 1084 92 21 Cannon
510 1084 89 24 master,
620 1081 20 22 is

62 1104 149 39 ■HtletE^P
223 1112 68 26 ready
298 1111 35 22 for
339 1110 111 26 receiving
460 1116 71 20 cargo,
541 1107 44 23 and
594 1107 46 23 will

60 1134 150 35 «gKMBHg
223 1138 58 23 clear
295 1140 39 19 out
348 1145 33 13 on.
528 1133 38 23 ihe
587 1133 53 23 19th

60 1157 150 39 tJgggj^^P
224 1168 94 19 current.
354 1164 50 21 Has
423 1163 111 22 excellent
552 1168 87 15 accom-

224 1191 114 22 modation
361 1190 35 22 for
418 1196 136 21 passengers.
578 1187 63 28 ,iFor

56 1221 82 27 freight
148 1227 24 16 or
181 1226 99 22 passage,
291 1217 66 29 apply
367 1220 23 19 to

480 1242 30 22 A.
524 1241 87 23 Perry.
639 1260 3 5 .

84 1273 80 22 March
174 1275 32 25 12,
218 1273 59 21 1842.
545 1266 6 8 '

205 1319 54 20 For
273 1317 105 21 Nelson
391 1316 102 24 Haven,

191 1352 5 8 *
225 1353 28 20 To
263 1352 44 21 sail:
312 1352 24 19 in
344 1357 13 14 a
360 1350 47 26 few
416 1350 65 25 days,'

209 1385 113 30 npHAT
350 1391 50 15 new
422 1383 44 21 fine
489 1382 44 25 fa&t
559 1380 80 28 sjiilipg

79 1410 114 33 JEMjBk.
215 1406 29 28 JL
281 1411 110 22 schooner
407 1411 42 20 The
458 1410 78 20 Nelson
550 1409 88 30 Packet,

218 1439 65 26 (built
287 1438 25 22 in
318 1438 82 26 Queen,
403 1436 131 22 Charlotte's
543 1435 94 27 Sound,)

57 1458 149 32 HHejSgaßa
218 1466 74 22 James
300 1461 97 25 Jackson
404 1466 90 19 master;
507 1463 44 21 For
557 1462 82 26 freight

56 1485 149 37 qQfi^EP
218 1500 24 14 or
251 1494 104 25 passage,'
361 1491 65 27 apply
435 1493 23 18 to

190 1526 122 26 Wallace,
326 1524 93 27 White,
430 1523 46 22 and
491 1523 120 22 Wallace.

84 1561 80 21 March
171 1561 22 26 4,
202 1561 61 21 1842.
454 1551 2 4 '

205 1604 54 21 For
273 1603 105 21 Nelson
390 1602 103 24 Haven,

224 1638 30 20 To
263 1638 40 19 sail
310 1637 23 19 in
341 1642 13 14 a
362 1636 45 25 few
418 1635 57 25 days,

65 1660 107 41 s^jlQ^L
215 1668 92 33 npHE
324 1667 51 23 well
392 1667 82 21 known
494 1666 43 22 fast
559 1666 82 27 sailing

89 1688 98 38 Jjf^Wh
221 1704 31 12 -■-
288 1694 110 22 schooner
407 1695 54 25 Gem,
474 1694 61 26 Capt.
544 1693 82 22 Pearce
632 1701 5 19 ;

59 1715 150 36 /JmFcW^.
228 1717 40 26 has
278 1728 13 14 a
307 1721 61 26 large
378 1721 85 27 portion
480 1720 25 21 of
518 1720 40 22 her
573 1727 66 20 cargo

56 1743 154 30 naBMBKE
228 1747 91 28 already
329 1747 106 27 engaged,
447 1747 45 22 and
505 1747 46 22 will
565 1747 76 22 there-

254 1801 53 21 This
318 1800 66 22 offers
400 1808 13 14 a
421 1800 59 28 good
496 1800 143 27 opportunity

54 1828 35 22 for
98 1828 99 27 shippers
207 1827 27 23 of
246 1827 69 27 stock,
327 1827 49 22 who
387 1827 43 21 will
439 1827 57 21 have
506 1825 37 23 the
555 1827 85 21 benefit

56 1855 26 21 of
93 1855 36 22 the
146 1855 114 27 Captain's
270 1854 130 27 experience
414 1853 24 22 in
455 1853 48 23 that
510 1853 92 22 -branch
616 1853 27 22 of

52 1881 73 23 trade.
154 1882 45 22 For
207 1881 83 27 freight
300 1888 24 14 or
334 1888 98 19 passage,
444 1880 66 27 apply
519 1883 23 19 to

408 1913 87 22 Willis
509 1912 46 23 and
569 1913 39 22 Co.

228 1960 54 20 Fox
303 1958 156 25 Auckland,

208 1996 30 19 To
250 1993 42 20 sail
304 1993 22 19 in
341 1998 12 14 a
360 1992 47 25 few
421 1992 58 25 days,

229 2027 91 50 THE
343 2027 45 22 fine
405 2026 48 22 first
475 2027 56 21 class
552 2027 84 27 barque

320 2055 54 20 New
398 2055 55 19 York
475 2055 87 26 Packet,
586 2055 48 25 269,

86 2078 113 36 oSSPCj^v
242 2081 94 28 Captain
346 2081 110 27 Gregory;
476 2081 40 21 has
527 2080 110 22 excellent

83 2102 135 38 JT/jr/irNgjy
242 2108 190 22 accommodation
448 2107 34 22 for
498 2114 137 21 passengers.

61 2129 155 38 iWrmirF~\
261 2142 24 15 or
294 2135 13 21 f
305 2142 22 14 re
328 2134 49 27 ish'
390 2142 25 14 or
428 2140 98 21 Passage,
537 2134 67 27 apply
613 2137 23 19 to

60 2156 161 36 l^i^^U^S
242 2161 37 23 the
291 2161 95 28 Captain
395 2168 29 14 on
438 2161 81 26 board,'
526 2168 24 14 or
559 2164 23 18 to

281 2195 75 26 Hort,
374 2194 119 27 Mocatta,
510 2194 45 23 and
570 2194 38 21 Co.

80 2223 32 21 Te
122 2223 54 25 Aro,
185 2221 82 23 March
275 2224 20 24 9,
306 2222 61 21 1842.

250 2268 53 20 For
317 2266 116 26 Sydney,

63 2297 104 38 -<^i^^L
206 2304 91 22 riIHE
311 2303 43 22 fine
371 2303 118 22 American
502 2303 51 27 brig
564 2304 74 20 Maria

213 2325 29 28 JL
256 2328 3 4 '
281 2326 97 31 Thiresa,
399 2330 91 28 Captain
509 2330 72 27 Clark,
596 2332 42 20 229

58 2351 146 40 /^lPjPjiSv
220 2361 53 23 tons,
285 2353 53 26 'will
355 2356 42 23 sail
414 2365 28 14 on
461 2356 91 28 Sunday
568 2360 67 24 next;

54 2379 151 40 ja||S|i3»g
219 2385 41 22 has
277 2391 61 15 room
355 2384 35 22 for
407 2391 14 14 a
439 2384 43 22 few
505 2384 65 21 cabin
593 2384 45 21 and

220 2414 97 25 steerage
324 2418 134 21 passengers.
486 2410 76 28 Apply
571 2413 22 19 to

355 2445 64 22 John
432 2445 81 26 Wade,
529 2445 80 27 Agent.

197 2491 53 21 For
265 2491 125 23 Calcutta
406 2490 91 21 direct.

61 2529 105 34 •■^jjgg,
209 2530 91 23 riIHE
327 2530 46 22 fine
399 2530 48 21 first
475 2529 56 22 class
554 2529 85 28 barque

217 2551 29 29 JL
282 2558 94 26 Birrnan,
388 2556 92 22 Cleland
493 2559 89 23 master,
595 2556 44 21 will

57 2577 145 40 >7ffli?C3y
223 2584 40 22 sail
273 2584 70 22 direct
351 2584 36 21 for
401 2583 101 22 Calcutta
511 2590 29 14 on
556 2583 83 27 Friday

56 2605 148 40 Hgßß9sH|
223 2614 66 24 next;
307 2611 38 22 she
363 2610 41 22 has
423 2610 110 21 excellent
552 2617 88 14 accom-

57 2632 142 32 hnSbSSm?
223 2638 125 21 modations
366 2637 34 22 for
420 2643 144 21 passengers.'
595 2636 44 22 For

221 2664 82 28 freight
317 2672 26 14 or
357 2671 99 21 passage,
474 2664 66 27 apply
557 2666 24 19 to
599 2664 40 21 the

58 2691 94 28 Captain
160 2699 31 14 on
199 2691 75 27 board,
285 2699 25 14 or
319 2694 24 19 to
499 2694 3 6 '
519 2694 3 3 '
536 2695 4 3 '

453 2717 62 22 John
530 2716 81 23 Wade.

81 2744 57 22 N.B.
138 2756 29 4 —
167 2745 23 21 A
199 2744 66 23 letter
272 2744 43 27 bag
324 2744 45 22 will
384 2744 28 22 be
421 2744 53 27 kept
485 2751 58 20 open
559 2747 24 18 at
599 2744 38 21 the

57 2770 94 28 Agent's
160 2771 73 28 office,
275 2768 60 14 '•'-•-

83 2804 144 27 Wellington,
239 2804 80 22 March
331 2806 33 25 13,
376 2805 59 21 1842.
548 2809 3 6 '

280 2850 54 19 For
343 2849 70 25 Sale,

59 2885 3 3 '
81 2874 75 40 jjj|i§L
180 2880 97 34 npHE
304 2880 51 22 well
383 2880 89 27 known,
497 2881 139 28 fast-sailing,

78 2906 95 24 fiffik
190 2902 24 25 JL
225 2907 5 4 '
247 2909 72 19 cutter
336 2906 77 27 Royal'
423 2908 98 24 William,
540 2909 28 21 43
587 2911 50 19 tons

61 2928 115 39 J^Sm
225 2931 97 29 register,
340 2934 53 20 with
408 2934 29 21 all
509 2938 76 23 stores,
597 2935 40 21 &c.

59 2956 117 32 qQ§P
195 2959 40 22 &c.
251 2960 40 21 &c.
319 2960 71 21 Stows
405 2967 13 14 a
428 2960 61 28 large
505 2968 72 20 cargo,
594 2961 45 22 and

125 2996 3 4 •
190 2986 82 21 -makes
286 2993 31 20 up
331 2986 50 22 four
396 2987 74 21 berths
483 2988 24 21 in
519 2988 118 22 the-cabin.

56 3011 45 23 She
115 3011 42 22 has
164 3012 85 30 proved
257 3012 85 23 herself
352 3021 14 14 a
377 3014 105 29 gppdsea
494 3015 60 26 boat,
565 3014 45 22 and
618 3015 20 21 is

55 3038 51 23 well
120 3038 96 28 adapted
230 3039 35 21 for
278 3036 89 31 trading
382 3040 99 22 between
496 3041 38 21 the
550 3041 89 23 various

57 3064 138 24 settlements
205 3073 28 14 on
244 3065 38 22 the
292 3069 61 18 coast
363 3066 25 22 of
399 3066 54 22 New
463 3064 110 26 Zealand.'

83 3092 44 22 For
134 3092 233 28 further'particulars,
378 3094 66 26 apply
449 3096 28 20 .to

269 3125 21 23 J.
301 3126 34 22 M.
344 3126 100 27 Taylor,
455 3127 154 27 Ship-Broker,

380 3153 31 22 Te
422 3150 55 25 Aro.

278 3199 55 20 For
347 3199 69 25 Sale,

88 3240 71 27 sS^
180 3234 26 33 A
310 3232 45 22 fast
360 3232 80 28 sailing
446 3232 114 29 schooner,
567 3234 68 23 about

69 3262 149 32 sSwS^-£3L
245 3260 28 22 70
287 3262 53 20 tons
354 3259 103 27 burthen,
465 3264 6 4 '
477 3261 110 26 coppered
601 3262 35 21 for

57 3288 109 25 ftfgggg*
180 3287 49 26 five.
233 3294 72 21 years,
319 3286 46 22 and
375 3294 79 20 copper
462 3286 103 23 fastened
571 3295 6 20 ;
593 3288 49 22 this.

73 3322 4 2 •
96 3321 4 3 •
140 3321 8 8 T
181 3314 76 28 yessel'
263 3314 19 21 is
290 3313 81 28 nearly
380 3320 55 21 new,
444 3313 45 22 and
496 3313 52 22 well
557 3314 78 23 found.

55 3341 45 22 For
107 3341 86 22 further
200 3339 138 30 particulars,
350 3340 67 28 apply
426 3344 23 18 to

371 3374 81 22 Waitt
465 3374 47 22 and
524 3374 84 24 Tyser.

82 3400 143 28 Wellington,
235 3401 99 27 January
345 3402 33 26 13,
387 3402 60 22 1842.
574 3401 3 3 '

83 3446 84 38 !!!s!&*
192 3439 181 39 KTQTiCE.—
373 3450 55 23 The'
444 3451 93 27 Cap.tain
556 3452 27 21 of
599 3452 38 22 the

75 3479 90 31 ■jgaTflfg
192 3474 44 33 JL^I
271 3478 72 25 Qlaria
360 3479 88 20 Theresa
457 3478 45 22 will
510 3482 40 18 not
564 3479 28 22 be
601 3487 36 14 re-

56 3503 135 29 «SspkSw
199 3501 116 31 'sppnsible
322 3529 3 4 .
334 3505 35 22 for
386 3513 44 19 any
449 3504 62 23 debts
528 3505 35 22 his
580 3513 56 15 crew

61 3530 44 10 (.a.*
125 3529 15 10 >•>
159 3528 20 10 .-•
202 3537 54 20 may
265 3534 106 19 contract.
379 3530 2 5 '

351 3558 62 22 John
427 3558 80 26 Wade,
524 3558 83 28 Agent.

218 3600 89 22 Beach
323 3602 142 28 Frontage.
582 3602 5 8 ''

54 3635 66 48 TO
134 3633 40 23 BE
189 3633 65 28 LET,
269 3634 71 22 beach
347 3635 100 28 frontage
461 3637 44 22 lots
515 3638 25 22 in
550 3638 84 23 section

125 3662 42 20 490
177 3667 29 15 on
222 3660 38 22 the
270 3661 55 22 Plan
336 3662 25 21 of
368 3663 38 21 the
414 3663 67 22 Town
495 3665 26 21 of
527 3664 108 28 Welling-

51 3691 47 25 ton,
110 3687 115 28 adjoining
235 3687 42 22 Mr.
285 3687 88 23 Taine's
381 3692 66 24 store;
460 3691 47 22 and
516 3691 24 22 in
550 3692 84 22 section

51 3717 47 26 616,
108 3715 99 25 between
215 3714 74 27 Major
297 3715 91 24 Bakery's
399 3716 42 23 and
449 3718 44 23 Mr.
501 3718 134 24 Swainson's

52 3742 87 23 houses.

77 3767 55 24 Also
143 3767 38 23 the
189 3767 114 28 following
312 3768 95 23 sections
416 3776 29 16 on
454 3770 37 23 the
498 3772 57 22 Plan
563 3772 27 22 of
596 3772 38 23 the

49 3795 78 28 Town,
137 3795 48 22 viz:
186 3806 29 4 —

152 3823 28 20 55
315 3823 42 20 319
503 3827 41 20 922

139 3850 43 23 240
315 3849 42 22 718
491 3852 52 23 1079

77 3875 75 29 Apply
166 3878 24 19 to

224 3902 27 22 E.
267 3902 20 22 J.
303 3902 148 28 Wakefield,
468 3911 25 14 or

223 3929 37 22 W.
271 3926 31 25 V.
317 3929 106 29 Brewer,
432 3929 198 26 'Manners^street.
636 3942 5 4 ■

839 701 244 23 TO-MORROW.

773 734 45 21 •To
833 735 35 21 be
882 735 66 21 Sold
966 736 38 25 by
1016 735 131 25 Auction,

674 768 71 50 ON
759 757 176 41 THUR's^Y'
945 771 69 28 nextfc
1020 768 37 22 the
1074 768 50 22 17th
1133 767 87 27 March,
1230 769 23 20 at

750 792 183 31 Lambton-qu'ay,
945 792 50 25 WeT
1001 797 73 25 strong
1086 794 57 22 built
1151 795 44 21 fast
1204 794 49 22 sail-

671 821 39 28 ing
719 822 103 22 schooner
831 823 98 26 Blossom,
942 822 25 21 of
973 819 87 25 Hobari
1068 821 74 27 Town,
1153 821 53 21 with
1214 820 39 22 her

670 848 80 28 tackle,
766 849 95 27 apparel,
877 849 45 21 and
936 846 79 28 stores';
1030 846 72 23 about'
1110 849 27 20 60
1146 850 48 19 tons
1202 848 50 28 bur^

670 874 59 22 then.
759 875 43 21 She
813 875 23 21 is
849 874 50 22 well
910 874 78 26 'found,
988 871 4 5 I
1004 872 78 24 carries
1091 881 15 14 a
1117 874 61 27 large
1188 881 65 20 cargo

670 903 24 19 at
708 908 14 14 a
733 901 57 27 light
804 901 96 27 draught
914 900 28 22 of
950 903 72 25 water,
1038 900 44 22 and
1094 900 42 22 has
1146 899 111 24 excellent'

670 928 210 21 accommodations.*
915 924 14 8 J>
992 927 3 3 '
1057 925 12 20 '•
1088 953 5 5 _
1104 948 7 5 „
1241 924 7 22 i

697 954 32 22 As
738 961 14 14 a
761 960 138 20 conveyance
908 952 35 23 for
956 952 67 29 stqck,
1034 952 41 26 she,
1087 953 19 22 is

658 980 35 26 ,in
707 980 37 21 the
760 980 49 21 Van
828 980 115 21 Dieman's
958 979 65 22 Land
1039 979 45 22 and
1093 980 63 24 _Port
1166 979 87 25 'Phillip

669 1006 69 26 trade,
749 1006 49 26 and.
801 1006 45 22 will
859 1003 34 24 be'
902 1006 69 24 found
985 1013 29 15 an
1029 1006 144 28 exceedingly
1181 1004 72 25 useful

669 1032 69 23 vessel
746 1032 58 26 here,
816 1032 46 21 and
871 1039 13 14 a
893 1032 113 27 profitable
1015 1032 137 23 investment.
1164 1037 3 3 '

872 1059 80 22 Terms
960 1059 84 22 liberal.

697 1084 49 23 Sale
755 1087 21 20 to
785 1084 53 23 take
845 1084 64 28 place
919 1088 24 19 at
951 1087 11 20 1
973 1085 85 24 o'clock
1064 1086 116 28 precisely.

858 1131 4 4 .
879 1119 3 3 ■
929 1119 63 20 also,
1033 1117 2 9 i
1069 1119 6 3 -
1117 1114 18 5 —
1140 1115 6 2 -

696 1138 75 27 15,000
788 1138 47 21 feet
852 1137 51 24 Van
918 1138 115 31 pieman's
1051 1139 65 23 Land
1133 1138 47 24 and
1196 1139 57 23 New

669 1164 99 23 Zealand
775 1164 94 23 timber.-
880 1164 16 8 "'
922 1163 174 15 ;''"":'■

875 1192 114 23 Bethune
1003 1192 44 22 and
1060 1192 111 27 Hunter,

850 1236 4 7 ,
943 1220 21 3 —
985 1220 5 3 -
1010 1220 5 3 -
1072 1220 151 21 Auctioneers.

670 1263 96 21 Public
783 1263 59 20 Sale
860 1264 30 20 at
909 1264 46 20 the
969 1264 163 26 Company's
1152 1265 99 25 Stores,

823 1307 4 3 .
861 1297 18 13 :-.
895 1290 120 20 .Pfitoni.

670 1323 160 48 MESSRS.
844 1323 148 22 BETHUNE
1006 1320 54 29 'and.
1065 1323 131 22 HUNTER
1215 1330 36 15 are

747 1350 123 21 instructed
883 1353 23 18 to
922 1350 41 22 sell
971 1350 31 27 by
1016 1350 75 27 public
1098 1350 107 27 'auction,
1222 1347 29 25 <fn

669 1376 107 28 Monday,
787 1378 48 20 21st
844 1375 87 28 March,
976 1378 26 19 12
1011 1376 84 22 o'clock
1103 1377 115 28 precisely,
1229 1380 23 19 at

868 1421 15 9 o
901 1403 91 22 Petoni:
1044 1410 3 3 ■

669 1429 89 28 Sundry
767 1432 70 19 stores
853 1429 46 22 and
914 1430 69 27 goods
997 1429 38 22 the
1051 1432 106 25 property
1173 1430 26 22 of-
1213 1430 37 23 the

749 1463 72 22 NEW
837 1464 151 22 ZEALAND
1008 1464 159 27 COMPANY,

656 1496 2 7 '
704 1516 4 3 .
818 1497 3 3 '
884 1498 122 27 consisting
1015 1498 26 21 of

696 1523 155 23 Blacksmith's
861 1524 79 28 anvils,
949 1524 98 28 bellows,
1058 1524 45 23 and
1112 1524 64 23 other
1185 1524 63 29 tools,

696 1548 44 25 Bar
749 1551 45 22 and
802 1551 48 22 bolt
858 1552 61 26 iron,'

696 1577 101 22 Tobacco
807 1577 66 28 (duty
882 1578 70 28 paid,)

696 1603 68 22 Flour
774 1604 71 27 (more
853 1613 27 13 -or
886 1609 43 18 less
940 1604 125 28 damaged,)

656 1634 2 17 i
696 1631 64 27 Soap,
771 1631 159 27 earthenware,
999 1649 4 6 ,

696 1658 169 26 Ironmongery!
876 1658 64 26 tools,
950 1658 141 28 agricultural
1100 1657 148 29 implements,

669 1691 60 21 axes,
741 1684 142 28 tomahawks,,
999 1686 47 26 &c.,
1060 1683 3 9 (
1076 1682 4 9 l

696 1711 52 27 Slop
763 1711 106 27 clothing,
875 1711 85 23 'cotton'
966 1712 45 22 and
1026 1711 93 24 woollen
1134 1712 115 22 manufac-

670 1740 66 25 tures,

698 1765 36 21 Oil
742 1765 60 21 butts
812 1765 47 22 and
869 1768 75 26 erpDty
954 1766 68 26 casks,
1034 1762 44 25 and
1093 1772 14 15 a
1116 1765 102 28 quantity
1228 1765 25 22 of

668 1791 70 27 goods
748 1791 44 22 and
794 1795 4 4 1
802 1792 64 21 other
875 1793 87 22 articles
978 1792 91 23 suitable
1084 1792 34 22 for
1132 1791 39 23 the
1180 1792 69 22 Euro-

656 1818 2 24 i
668 1825 58 20 pean
739 1825 24 15 or
771 1819 76 21 native
858 1819 69 22 trade.

866 1853 74 16 TERMS
949 1853 29 14 AT
989 1853 61 15 SALE.

670 1878 64 22 After
748 1878 80 28 which,
839 1881 24 19 at
877 1879 38 22 the
928 1882 90 25 request
1033 1879 26 22 of
1069 1878 37 22 the
1116 1878 132 28 Proprietor,

695 1905 58 22 That
761 1905 48 22 well
827 1905 95 22 finished
931 1907 75 21 native
1022 1905 69 23 house
1107 1905 69 27 lately
1185 1913 65 14 occu-

667 1932 53 27 pied
733 1932 29 27 by
780 1933 62 26 Capt.
860 1932 120 27 Campbell,
991 1934 34 20 on'
1035 1933 38 21 the
1082 1932 72 22 beach
1163 1932 85 27 Petoni,

667 1958 104 27 adjacent
781 1962 23 18 to
814 1959 39 21 the
863 1959 133 26 Company's
1006 1959 80 26 Store's,

693 1986 14 19 2
717 1985 99 26 superior
824 1992 78 20 young
917 1985 87 27 heifers,
1014 1987 13 19 2
1037 1985 94 27 English
1140 1992 56 15 sows
1205 1984 53 24 and.

665 2010 63 26 boar,
916 2025 4 2 •
946 2027 3 7 ,
1189 2021 31 6 •--

693 2036 22 21 A
723 2036 102 27 quantity
832 2036 26 21 of
863 2036 89 28 poultry
953 2048 27 4 —
983 2036 98 28 (turkies,
1089 2044 73 20 ggese,
1172 2036 76 28 ducks,

666 2062 46 22 and
720 2063 79 26 fowls.)

774 2096 72 28 Slight
860 2097 158 22 refreshments
1027 2097 113 28 provided.

669 2141 157 49 MESSRS.
848 2142 94 28 HORT,
966 2144 155 26 MOCATTA,
1139 2143 45 22 and
1202 2143 47 22 CO.

758 2168 56 22 have
830 2170 102 22 received
945 2170 143 22 instructions
1097 2173 23 18 to
1131 2170 82 21 submit
1227 2173 22 19 to

666 2195 75 28 public
757 2196 150 27 competition,
919 2204 29 14 on
964 2196 106 28 Monday,
1081 2196 37 23 the
1132 2198 48 20 21st
1187 2197 61 27 inst.,

781 2225 23 18 at
813 2224 28 19 12
850 2223 93 27 o'clock,
954 2231 30 14 on
993 2224 37 21 the
1038 2224 95 26 ground,

667 2255 79 23 NINE
756 2255 85 23 VERY
849 2255 169 25 VALUABLE
1031 2257 156 22 BUILDING
1196 2258 53 21 AL-

826 2297 9 18 ;
870 2283 170 28 LOTMENTS,

667 2309 80 22 situate
762 2309 25 22 in
801 2309 187 28 Dickson-street,
1002 2311 73 27 being!
1084 2313 51 25 part
1149 2311 26 21 of
1189 2314 59 19 town

701 2343 50 15 acre
760 2336 44 22 No.
813 2338 42 21 203
866 2344 29 15 on
905 2337 237 28 Surveyor-General's
1151 2338 64 21 Plan.
1239 2340 4 4 '

696 2363 28 21 In
733 2363 66 21 order
806 2366 23 19 to
845 2364 51 27 give
905 2365 122 21 additional
1035 2365 65 21 value
1114 2367 22 19 to
1147 2365 42 22 this
1198 2372 51 21 pro-

667 2393 70 24 perty,
755 2389 37 22 the
807 2390 125 28 proprietor
946 2391 40 22 has
999 2391 102 22 reserved
1116 2399 13 14 a
1145 2395 66 18 street
1227 2393 26 20 of

667 2419 27 19 20
703 2417 45 21 feet
756 2415 204 30 running'through
969 2418 38 22 the
1017 2422 81 18 centre-
1108 2419 25 21 of
1143 2419 37 22 the
1189 2426 58 20 acr,e,

668 2450 57 15 so.as
735 2446 22 19 to
767 2443 64 23 allow
841 2445 55 21 each
910 2440 117 27 allotment
1041 2445 38 22 the
1088 2445 125 28 advantage
1227 2446 26 21 of

668 2470 150 23 considerable
828 2471 109 28 frontage.

695 2492 47 26 The
759 2498 139 22 auctioneers
911 2497 43 29 beg
961 2499 142 28 particularly
1116 2502 22 19 to
1156 2499 42 22 call
1211 2499 38 22 the

668 2524 108 22 attention
785 2525 24 21 of
816 2524 37 22 the
860 2525 75 28 public
943 2531 21 16 to
970 2525 37 22 the
1013 2529 88 24 present
1108 2527 142 27 opportunity

668 2551 35 21 for
719 2551 36 21 the
772 2551 109 28 purchase
898 2553 25 21 of
939 2555 58 19 town
1015 2553 60 26 land,
1090 2553 43 22 the'
1145 2554 104 21 situation

668 2577 67 27 being
748 2585 42 15 one
804 2579 28 21 of
843 2579 38 22 the
895 2582 59 19 most
968 2580 83 21 central
1064 2580 24 21 in
1095 2580 153 27 'Wellington,

668 2605 46 21 and
722 2605 48 21 best
780 2605 95 28 adapted
883 2606 36 21 for
928 2607 139 22 commercial
1079 2607 103 27 pursuits,
1193 2607 58 22 from

667 2631 29 22 its
714 2632 121 27 proximity
856 2638 23 16 to
902 2633 38 22 the
962 2636 73 24 water,
1048 2634 58 21 t-and
1128 2634 39 21 the
1175 2647 2 5 ■
1188 2637 63 24 great

668 2658 169 28 thoroughfares
864 2659 26 22 of
919 2660 193 28 Manners-street,
1140 2660 110 23 Dickson-

668 2688 74 25 street,
747 2685 51 27 .and
806 2686 159 23 Willis-street.
977 2687 13 19 '*?

792 2713 79 22 Terms
879 2713 66 22 made
954 2714 82 22 known
1046 2716 23 20 at
1078 2714 53 23 sale.

835 2746 77 29 Hort,
927 2747 119 28 Mocatta,
1063 2747 45 23 and
1122 2749 47 26 Co.,

1047 2791 10 9 j.
1070 2775 155 23 Auctioneers.

695 2799 32 22 Te
736 2800 55 26 Aro,
803 2800 81 22 March
895 2802 31 26 10,
939 2803 59 20 1842.

669 2844 159 48 MESSRS.
846 2845 95 27 HORT,
961 2846 156 27 MOCATTA,
1138 2847 45 22 and
1202 2847 47 22 CO.

766 2870 57 22 have
841 2872 104 22 received
961 2873 136 22 instructions
1116 2874 25 21 to'
1158 2874 53 21 offer
1229 2876 22 19 to

667 2896 73 27 public
754 2898 139 26 competition
911 2906 29 14 on
948 2899 101 28 Tuesday
1063 2903 58 24 next,
1137 2901 38 21 the
1193 2901 58 22 22nd

667 2924 87 25 instant,
771 2927 23 17 at
808 2925 27 20 12
844 2925 85 21 o'clock
943 2926 112 27 precisely,
1066 2934 13 14 a
1093 2927 103 22 valuable
1200 2927 4 6 v
1206 2927 45 22 and

667 2957 54 24 very
729 2950 111 22 extensive
850 2954 128 20 assortment
990 2953 26 21 of
1026 2953 161 28 merchandize,
1199 2961 51 15 con-

667 2977 76 27 sisting
753 2977 24 21 of
782 2984 35 14 :—

696 3004 63 27 Soap,
777 3003 86 28 pickles
880 3004 45 23 and
945 3012 80 21 sauces,
1048 3006 87 23 bottled
1152 3007 35 22 ale
1206 3007 45 23 and

668 3033 81 24 porter,-
792 3038 157 10 -•..,.

666 3077 3 7 ,
695 3057 69 26 Lead,
773 3057 104 29 muskets,
888 3058 55 27 shot,
953 3058 67 29 paint.

696 3083 73 28 Shoes,
779 3084 132 29 perfumery,
922 3086 49 21 flint
980 3088 44 20 and
1032 3085 57 28 plate
1099 3087 65 28 glass.

696 3111 107 27 Crockery
811 3111 46 23 and
866 3113 120 27 glassware,
992 3113 121 31 ironybolt
1122 3114 45 22 and
1175 3115 47 26 bar,

695 3137 156 29 Ironmongery
860 3139 45 22 and
919 3139 94 28 cooking
1024 3141 95 27 utensils,
1130 3141 62 27 nails,
1202 3142 49 21 iron

667 3167 54 24 pots,
775 3165 6 5 '
1060 3169 3 3 '
1181 3167 4 8 '

675 3191 180 28 -Cheese/pork,
863 3192 44 22 and
916 3192 69 29 hams,
995 3196 39 26 pot
1042 3193 44 22 and
1093 3195 63 27 pearl
1164 3195 84 27 barley,

667 3217 86 28 timber,

694 3244 53 22 And
761 3252 13 15 a
786 3245 86 28 variety
879 3247 26 21 of
917 3247 61 22 other
991 3247 74 28 goods,
1075 3247 74 22 which
1162 3248 45 22 will
1221 3249 28 21 be

668 3272 141 22 enumerated
819 3271 24 23 iii
852 3273 62 22 hand
922 3274 57 21 bills.

694 3305 32 22 Te
735 3306 52 26 Aro,
800 3306 79 22 March
890 3308 32 26 15,
935 3308 60 21 1842.

870 3351 89 26 Cheap
979 3352 76 26 Sale,,
1087 3356 2 5 '

823 3384 40 21 For
877 3391 12 14 a
903 3385 59 20 short
976 3386 49 20 time
1037 3388 57 24 only,

667 3417 52 49 IN
738 3417 49 23 that
807 3417 54 33 shop,
884 3418 68 27 lately
970 3419 106 28 occupied
1097 3421 32 28 by
1149 3422 43 21 Mr.
1213 3422 36 21 W.

713 3462 4 6 ,
724 3445 96 26 Murray,
832 3443 70 28 tailor,
914 3452 12 15 a
936 3445 72 23 select,
1016 3450 129 19 assortment
1153 3449 28 22 of,
1184 3449 66 21 milli-

666 3478 61 20 nery,
738 3471 58 26 silks,
806 3471 74 27 satinsj
892 3473 48 26 &c,
951 3472 116 29 consisting
1081 3474 25 22 of
1117 3475 39 21 the
1166 3475 83 22 follow-

667 3497 45 28 ing,
723 3497 41 23 viz.
766 3509 28 4 —
1031 3499 3 6 '
1086 3524 3 3 _

694 3525 46 28 Cap
749 3525 43 21 and
802 3525 82 21 bonnet
989 3525 23 23 in
1021 3529 61 25 great
1090 3528 92 28 variety,

693 3551 109 22 Artificial
811 3551 91 28 flowers,

693 3578 61 29 Nets,
766 3578 99 28 edgings,
874 3579 66 26 laces,
950 3579 44 22 and
1004 3579 81 28 collars,

693 3605 57 22 Silks
759 3605 33 23 for
806 3602 90 31 dresses,
907 3606 74 27 satins,
991 3607 60 28 plain
1060 3606 45 23 and
1118 3608 90 28 figured,
1215 3607 40 23 for'

665 3631 99 28 bo'nnetsj

688 3658 92 27 'Challis,
803 3659 145 22 mousselaine
967 3659 27 23 de
1012 3660 65 27 lame,
1092 3661 45 22 and
1155 3661 88 28 printed

667 3685 88 27 dresses,

693 3712 88 27 Shawls,
789 3712 177 31 handkerchiefs,
978 3713 44 23 and
1030 3713 82 28 gloves,

693 3739 85 24 Merino
788 3739 44 22 and
841 3739 83 28 fringes
932 3740 34 22 for
975 3738 45 24 bed
1030 3741 99 26 curtains,

692 3762 73 26 White
775 3766 45 22 and
828 3767 104 21 coloured
943 3765 115 30 stockings'.

691 3793 116 28 Buckram,
818 3793 137 28 pasteboard,
967 3801 41 20 cap
1017 3795 43 21 and
1063 3794 88 22 'bonnet
1159 3794 70 27 wires,

660 3830 1 5 ■
691 3820 55 22 Men
755 3820 157 22 andlwomen's
922 3820 69 22 shoes.
1027 3830 3 3 •

691 3853 57 22 N.B.
750 3864 27 4 —
777 3852 72 23 These
858 3853 68 27 goods
934 3853 68 27 being
1011 3852 96 23 selected
1114 3853 24 22 in
1145 3854 103 26 England

663 3880 30 28 by
708 3879 37 22 the
759 3879 124 27 advertiser
900 3880 130 27 personally,
1042 3881 40 20 not
1098 3880 44 22 five
1160 3880 88 22 months

663 3903 97 30 ago^'are
769 3906 25 22 of
806 3904 38 24 the
858 3908 82 21 newest
952 3908 102 26 patterns,
1065 3906 44 22 and
1118 3906 26 22 of
1153 3906 36 24 the
1199 3906 49 23 best

663 3932 91 28 quality.
1122 3929 3 8 '
1178 3930 4 3 '
1231 3930 12 25 J

1285 700 153 27 Important
1446 703 30 23 tp
1485 703 91 25 newly
1583 702 105 23 arrived
1695 703 162 27 Emigrants.

1285 733 88 50 MR.
1389 735 85 22 JOHN
1486 735 94 23 WADE
1594 735 40 22 has
1644 736 37 21 the
1690 736 86 22 honour
1786 740 23 18 to
1819 743 39 15 an-

1365 768 89 16 nounce
1474 762 48 21 that
1528 762 36 21 'he
1580 762 46 22 will
1641 762 84 28 shortly
1740 763 82 22 submit
1837 766 22 20 to

1480 788 74 28 public
1564 789 95 27 auction,

1282 820 28 22 20
1324 820 203 24 ALLOTMENTS
1543 822 41 22 OF-
1593 822 88 22 LAND
1692 823 34 23 IN
1740 823 118 23 WADE'S

1507 863 4 2 -
1520 848 99 22 TOWN.

1283 880 60 28 Also,
1354 889 14 14 a
1382 889 55 21 very
1450 885 53 19 neat
1517 889 94 16 wooden
1629 890 105 20 cottage,
1745 883 79 22 situate
1832 884 26 22 in

1270 926 6 4 ,
1283 906 86 24 Wade's
1377 909 81 22 Town.-
1478 909 53 22 This
1540 909 44 22 will
1593 909 29 22 be
1630 909 49 22 sold
1688 910 69 22 either
1767 910 90 23 without

1283 933 37 22 the
1329 935 51 22 land
1390 936 85 26 subject
1484 939 23 19 to
1521 943 14 14 a
1547 935 112 23 moderate
1673 936 85 27 ground
1769 940 55 22 rent,
1835 945 23 14 or

1281 961 52 21 with
1342 961 56 22 from
1406 962 51 21 half
1468 970 29 14 an
1512 970 50 15 acre
1578 965 23 19 to
1617 969 29 15 an
1662 969 50 16 acre
1722 963 45 22 and
1775 963 51 22 half
1836 964 25 21 of

1281 986 56 23 land
1343 989 105 21 attached
1464 992 22 19 to
1500 989 24 28 it,
1535 992 24 19 at
1568 991 19 20 a'
1596 996 54 21 very
1659 988 111 24 extended
1783 990 74 23 credit.

1281 1013 47 23 The
1350 1015 54 22 land
1419 1015 87 28 adjoins
1523 1014 141 29 Wellington^
1688 1016 42 23 and
1736 1018 2 4 '
1747 1017 64 21 abuts
1830 1025 28 14 on

1283 1039 139 30 Park-street,
1434 1043 45 21 and
1493 1043 40 21 has
1547 1050 14 14 a
1575 1049 69 15 never
1657 1042 80 31 failing
1750 1043 77 29 supply
1837 1044 25 21 of

1281 1074 53 20 pure
1349 1072 67 18 water
1433 1076 30 14 on
1479 1069 23 25 it,
1513 1069 44 22 and
1570 1076 14 14 a
1599 1076 54 20 very
1669 1070 74 27 tastily
1757 1070 46 21 laid
1821 1074 37 18 out

1281 1094 89 26 garden.
1397 1095 48 22 The
1453 1095 75 28 public
1538 1096 130 21 are-invited
1683 1098 23 20 to
1721 1097 87 27 inspect
1817 1097 41 22 this

1280 1125 103 24 property
1397 1122 30 27 by
1439 1122 136 28 .application
1589 1124 24 19 to
1628 1123 38 21 the
1683 1124 128 26 proprietor,
1829 1124 28 22 A.

1283 1147 64 28 Reidj
1357 1149 51 27 Esq.
1570 1156 3 3 •

1529 1175 67 27 Also,-
1601 1182 22 14 a-
1634 1183 3 4 •

1281 1206 166 24 VALUABLE
1476 1208 184 22 LEASEHOLD
1688 1208 168 29 PROPERTY,

1366 1261 4 4 .
1378 1241 63 25 .wjth
1451 1249 14 14 a
1474 1249 54 20 very
1537 1241 96 28 thriving
1644 1242 108 22 business.

1270 1286 3 4 .
1307 1267 53 23 This
1366 1270 106 25 .property
1480 1268 18 22 is
1507 1268 65 22 taken
1582 1269 34 21 for
1625 1270 26 20 10
1659 1276 64 20 years
1731 1272 25 19 at
1765 1269 47 23 £30
1821 1277 38 20 per

1280 1300 53 21 year
1339 1302 7 19 ;
1361 1298 49 23 part
1419 1295 27 21 of
1456 1295 72 21 which
1540 1295 19 21 is
1573 1295 82 22 sub-let
1668 1295 34 22 for
1710 1296 46 21 £31
1767 1298 43 20 10s.
1820 1303 38 21 per

1327 1328 90 21 annum,
1427 1321 91 27 leaving
1527 1321 37 22 the
1573 1322 95 26 original
1676 1322 137 23 leaseholder

1454 1355 224 22 RENT-FREE.
1694 1354 29 28 ,'"

1307 1387 46 23 The
1362 1388 70 22 house
1446 1389 19 21 is
1480 1390 27 20 32
1516 1389 45 21 feet
1570 1389 31 27 by
1604 1390 9 26 '
1613 1390 30 26 24,
1651 1389 100 22 .weather
1761 1389 97 23 boarded

1281 1415 44 21 and
1348 1415 114 28 shingled,'
1478 1415 51 22 and-
1544 1415 100 28 occupies
1662 1423 14 14 a
1699 1417 104 21 situation
1825 1417 33 22 for

1279 1441 101 23 business
1390 1441 84 23 second
1482 1445 22 19 to
1514 1449 58 15 none
1581 1443 25 21 in
1615 1442 142 28 Wellington.

1307 1468 93 22 Persons
1401 1470 5 9 l
1409 1469 134 21 desirousof
1548 1469 124 28 inspecting
1677 1469 62 22 these
1745 1470 112 27 premises,

1279 1495 44 22 will
1332 1499 38 24 get
1385 1502 33 15 an'
1431 1495 65 22 order
1507 1498 34 19 to-
1548 1495 28 22 do
1590 1503 25 14 so
1617 1503 2 5 1
1630 1496 30 27 by
1670 1496 103 28 applying
1788 1500 23 19 to
1822 1497 36 22 the

1281 1522 142 22 Auctioneer.

1359 1566 99 21 Scotch
1466 1566 187 26 Presbyterian
1664 1567 113 21 Church.

1279 1599 52 50 IN
1342 1603 68 19 terms
1420 1600 26 21 of
1453 1600 36 22 the
1501 1600 125 21 intimation
1636 1607 28 15 on
1680 1600 97 22 Sabbath
1785 1600 49 27 last,
1845 1608 13 14 a

1326 1627 75 21 Public
1408 1627 153 27 Meeting-will
1564 1627 30 21 'be
1601 1626 51 22 held
1659 1630 23 18 at
1691 1627 37 21 the
1737 1627 120 27 Exchange

1279 1653 31 21 Te
1322 1653 51 27 Aro,
1386 1661 29 14 on
1425 1653 81 28 Friday
1515 1657 59 23 next,
1585 1653 38 22 the
1634 1653 50 22 16th
1693 1654 58 27 inst.,
1758 1656 24 19 at
1790 1661 67 15 seven

1279 1680 86 22 o'clock
1376 1680 25 22 in
1416 1680 39 22 the
1465 1680 102 27 evening;
1576 1680 35 21 for
1618 1680 36 21 the
1664 1688 94 20 purpose
1770 1681 24 21 of
1805 1688 52 14 con-

1279 1707 99 27 sidering
1385 1707 37 21 the
1430 1707 141 26 best-means,
1587 1707 45 21 and
1642 1707 77 26 taking
1733 1707 38 22 the
1780 1714 75 15 neces-

1279 1740 50 20 sary
1336 1737 60 24 steps
1411 1733 141 23 towardsthe
1563 1734 95 21 erection
1668 1734 24 21 in
1704 1734 41 22 this
1754 1734 70 27 placej

1279 1767 14 13 a
1312 1760 93 22 Church-
1421 1761 25 21 in
1456 1768 4 4 •
1470 1760 131 22 connection
1620 1760 52 22 with
1695 1760 36 22 the
1751 1761 104 21 National

1281 1787 87 21 Church
1387 1787 29 21 of-
1432 1787 118 28 Scotland,-
1568 1787 45 21 and
1631 1787 35 21 for
1684 1787 114 28 obtaining
1820 1787 37 22 the

1281 1813 153 22 Government
1439 1817 73 24 -grant
1520 1814 34 21 for
1564 1813 47 22 that
1620 1813 50 22 end.
1677 1822 6 4 -
1706 1823 4 4 •
1737 1817 3 5 '

1306 1839 46 23 The
1371 1840 131 22 attendance
1522 1841 25 21 of
1563 1840 29 22 all
1611 1840 122 22 connected
1751 1840 53 22 with
1820 1840 36 22 the

1279 1865 153 30 Presbyterian
1440 1867 94 27 Church,
1545 1867 44 21 and
1596 1867 62 21 other
1664 1874 90 19 persons
1759 1867 97 27 friendly

1279 1895 22 19 to
1364 1894 79 27 object,-
1451 1895 20 20 is
1481 1893 109 27 earnestly
1599 1894 123 27 requested.

1306 1919 143 28 Wellington,
1455 1921 57 21 -14th
1523 1920 85 26 March,
1618 1921 60 21 1-842.

1267 1971 3 13 i
1293 1964 197 21 Horticultural
1505 1962 54 23 and
1571 1965 143 21 Botanical
1722 1965 122 25 .Society.

1267 1998 23 19 vf
1297 2001 10 29 |
1317 1997 54 22 IHE
1386 2001 54 18 next
1451 1998 139 22 .Exhibition-
1594 1998 45 22 will
1652 1998 57 22 take-
1717 1998 64 27 place
1789 2001 29 19 at.
1822 1998 43 25 tbg,

1286 2019 33 26 JL
1354 2023 129 27 Exchange,
1500 2030 30 14 on
1545 2023 108 27 Tuesday,
1665 2020 89 25 March*
1757 2024 35 21 22.

1280 2049 85 22 articles
1374 2053 58 18 must
1443 2050 27 21 be
1481 2053 49 18 sent
1539 2049 74 22 before
1624 2050 25 21 10
1660 2049 92 27 o'clock,
1763 2056 48 14 a.m.

1446 2076 19 21 I.
1480 2076 26 22 E.
1522 2076 171 26 Feathekbton,
1710 2076 120 26 Secretary.

1308 2102 141 23 Admittance
1460 2106 23 18 to
1498 2102 75 23 ladies'
1584 2102 45 22 and
1642 2102 139 27 subscribers,
1791 2102 66 27 gratis

1279 2140 28 4 —
1309 2132 21 18 to
1338 2130 197 26 non-subscribers,
1547 2131 31 20 Is.

1279 2174 67 48 AS
1367 2173 11 22 I
1397 2181 86 15 INTEND
1504 2181 27 14 TO
1555 2180 81 15 SETTLE
1659 2180 60 15 UPOn
1743 2180 38 19 my
1799 2172 59 22 Hlltt

1358 2201 107 26 sections,-
1471 2201 12 21 1
1498 2200 54 22 wish
1563 2203 21 19 to
1594 2199 41 23 sell
1650 2207 36 19 my
1698 2198 76 28 family
1789 2199 69 22 house

1279 2227 45 21 and
1332 2227 83 26 garden
1425 2231 23 18 at
1461 2227 44 22 this
1518 2227 61 28 place
1587 2235 5 19 ;
1608 2224 37 24 the
1654 2226 59 22 lease
1728 2227 26 21 of
1760 2227 37 21 the
1808 2233 50 15 acre

1277 2253 20 22 it
1314 2255 17 21 is
1345 2261 66 20 upon,
1430 2253 46 22 and
1490 2253 38 22 the
1543 2254 60 21 lease
1616 2253 25 21 of
1652 2257 43 18 two
1713 2253 64 22 other
1789 2260 68 19 acres,

1279 2280 90 28 already
1387 2281 87 26 fenced,
1490 2288 29 14 on
1536 2280 36 22 the
1590 2280 61 27 slope
1668 2280 26 22 of
1709 2279 37 23 the
1764 2279 91 23 wooded

1278 2314 105 20 reserves,
1399 2307 45 22 and
1452 2307 37 21 the
1498 2311 59 18 most
1569 2307 138 27 picturesque
1717 2309 50 25 spot
1781 2307 11 21 I
1803 2306 55 24 have

1278 2338 39 25 yet
1327 2342 51 14 seen
1390 2334 86 22 around
1484 2334 39 22 the
1535 2338 66 18 town.
1629 2334 12 21 I
1656 2334 46 21 will
1715 2341 51 20 give
1775 2333 84 23 further

1277 2360 144 23 information
1431 2364 23 19 to
1465 2368 44 20 any
1519 2368 42 14 one
1570 2361 49 21 who
1629 2360 83 29 applies
1721 2363 23 19 to
1753 2368 42 14 me.

1487 2395 110 22 William
1612 2395 126 27 Swainson,
1752 2394 79 23 F.R.S.

1307 2422 62 27 High
1378 2422 56 27 Cliff,
1444 2422 128 23 Thorndon.
1583 2420 5 4 '
1630 2417 3 4 '
1695 2419 3 4 '

1279 2467 38 48 J
1361 2466 128 27 MILLER,
1518 2466 117 27 Plumber,
1661 2466 48 27 &c,
1733 2466 126 27 Mulgravc-

1321 2504 10 11 •
1374 2496 74 24 street,
1468 2496 55 19 next
1541 2493 53 21 door
1611 2496 23 18 to
1653 2492 40 22 Dr.
1709 2492 148 28 Fitzgerald's,

1277 2520 55 27 begs
1341 2523 23 18 to
1373 2520 71 21 thank
1454 2520 37 21 the
1499 2520 76 32 public
1583 2520 35 21 for
1627 2519 37 22 the
1680 2523 91 23 support
1782 2520 28 20 he
1820 2519 39 22 has

1278 2546 97 22 hitherto
1384 2547 100 21 received
1497 2554 25 14 m
1531 2547 33 21 his
1573 2546 106 27 business,
1690 2546 45 22 and
1744 2549 23 18 to
1778 2546 82 22 inform

1279 2573 61 22 them
1356 2573 48 22 that
1417 2573 29 23 he
1460 2573 49 22 has-
1517 2581 29 15 on
1564 2573 61 22 hand
1641 2580 13 14 a
1669 2573 42 22 few
1729 2573 131 22 substantial

1462 2607 85 22 LEAD
1568 2607 108 27 PUMPS,

1272 2638 3 4 '
1307 2649 3 6 >
1332 2633 72 23 which
1412 2634 30 22 he
1451 2634 45 22 will
1509 2634 32 21 fix
1550 2641 28 14 on
1592 2633 129 22 reasonable
1731 2636 74 20 terms.

1307 2660 80 23 March
1397 2662 32 26 15,
1439 2662 61 21 1842.
1558 2674 4 4 •
1596 2664 3 2 '

1406 2706 66 21 Five
1485 2706 117 21 Pounds'
1610 2706 122 21 Re-ward.

1282 2739 104 49 SOME
1396 2739 44 22 evil
1450 2739 100 28 disposed
1558 2746 76 20 person
1644 2746 24 14 or
1677 2746 88 20 persons
1775 2738 45 28 did,
1832 2746 27 15 on

1345 2767 100 27 Monday
1458 2766 64 27 night
1534 2766 57 26 last,-
1599 2766 69 21 throw
1683 2773 14 14 a
1709 2765 40 22 fire
1763 2765 56 22 stick
1832 2774 28 13 on

1278 2792 70 22 board
1363 2800 13 14 a
1390 2792 70 23 small'
1468 2793 70 22 vessel
1554 2792 101 28 building
1672 2789 23 24 iii
1709 2792 37 22 the
1764 2793 56 27 yard
1838 2793 24 21 of

1279 2819 45 22 Mr.
1349 2820 31 21 H.
1404 2817 98 29 Meech,'
1517 2819 94 28 builder,
1636 2817 139 29 Wellington.
1812 2820 47 21 The

1279 2846 69 22 above
1357 2847 84 21 reward
1450 2847 44 22 will
1507 2847 27 21 be
1543 2847 71 27 given-
1617 2849 21 19 to
1648 2854 43 20 any
1700 2853 77 20 person
1785 2846 75 28 giving

1546 2873 44 22 will
1604 2873 51 22 lead
1669 2876 22 18 to
1702 2873 36 22 the
1749 2873 111 28 discovery

1279 2899 26 22 of
1316 2899 37 22 the
1367 2904 63 24 party
1444 2908 25 14 so
1483 2900 110 28 offending
1606 2901 24 21 in
1643 2900 55 22 such
1712 2908 13 14 a
1740 2900 120 28 dangerous

1279 2927 46 21 and
1332 2927 112 22 malicious
1453 2927 64 22 trick.

1616 2960 3 5 '
1636 2954 88 23 Henry
1738 2954 93 22 Meech.

1509 3000 123 20 Wanted.

1279 3034 52 47 A
1344 3033 72 22 MAN
1431 3033 46 22 and
1489 3033 36 22 his
1538 3033 82 22 WIFE
1634 3040 24 14 as
1672 3032 67 22 house
1754 3035 103 19 servants.

1368 3060 74 28 Apply
1450 3064 23 17 to
1483 3061 44 21 Mr.
1538 3060 79 27 Watt,
1629 3059 144 28 Berliampore
1784 3059 71 22 Farm.

1460 3113 3 8 >
1507 3104 124 21 Wanted.

1280 3141 51 48 A
1345 3139 99 24 STOVE
1459 3139 34 22 for
1502 3146 14 14 a
1526 3138 74 27 sitting
1613 3144 67 15 room.
1708 3137 74 28 Apply
1790 3139 24 20 at
1822 3137 36 22 the

1360 3167 69 21 Office
1438 3167 25 21 of
1470 3166 42 21 this
1522 3165 75 27 Paper.

1281 3211 105 50 JOHN
1408 3210 111 28 HALES,
1543 3210 196 25 Cabinet-maker,
1768 3208 90 22 Uphol-

1344 3245 93 20 sterer,
1453 3238 188 24 Paper-hanger,
1656 3236 41 21 &c.
1711 3236 48 26 &c,
1773 3235 54 27 begs
1836 3239 22 18 to

1279 3269 78 18 return
1365 3265 35 22 his
1409 3265 85 22 sincere
1505 3263 79 22 thanks
1589 3261 28 24 'to
1632 3259 34 25 his
1676 3262 82 21 friends
1768 3262 45 22 and
1822 3261 36 22 the

1280 3292 75 31 public
1374 3292 25 22 of
1410 3292 55 26 Port
1483 3290 121 23 Nicholson
1618 3288 113 28 generally
1749 3289 35 21 for
1802 3289 57 21 their

1279 3318 57 23 kind
1346 3322 133 24 .patronage,
1491 3318 54 23 and.
1550 3318 23 21 in
1589 3316 116 26 soliciting,
1714 3315 57 22 their
1785 3315 73 22 future

1281 3349 96 24 support,
1394 3345 63 22 takes
1466 3345 43 22 this
1524 3344 141 30 opportunity
1679 3342 26 22 of
1717 3341 142 28 announcing

1281 3372 48 22 that
1338 3372 29 22 he
1378 3372 92 22 intends
1478 3372 95 26 keeping
1583 3377 20 19 a,
1605 3369 150 23 considerable
1766 3369 62 21 stock
1837 3368 25 26 of

1281 3399 108 22 seasoned
1397 3399 65 22 wood
1472 3398 25 22 of
1503 3394 30 25 all
1542 3397 143 27 descriptions
1700 3403 28 14 on
1737 3395 67 27 hand,
1815 3395 44 22 and

1272 3428 12 12 i>
1281 3433 45 21 any
1341 3426 81 21 orders"'
1434 3425 73 22 which
1524 3424 53 27 they
1592 3431 53 19 may
1657 3422 73 28 please
1746 3426 24 18 to
1782 3422 83 21 favour-

1280 3448 51 27 him'
1336 3452 53 23 with
1397 3452 83 22 will-be
1490 3450 116 28 diligently
1615 3449 108 22 executed
1731 3456 30 14 on
1770 3456 89 15 reason-

1281 3480 49 22 able
1340 3482 75 19 terms.
1427 3480 5 6 '
1468 3487 3 4 •

1308 3506 107 23 N.8.-^-A
1425 3505 92 27 turning
1522 3504 60 23 lathe
1592 3511 30 14 on
1630 3503 38 22 the
1677 3509 114 21 premises.

1308 3540 192 27 Ingestrie-stfeet,
1512 3538 31 22 Te
1552 3537 47 22 Aro
1609 3537 56 21 Flat.

1281 3594 50 47 A
1358 3591 131 26 HEWITT,
1500 3590 158 24 Fishmonger,
1669 3588 111 22 Lambton
1787 3583 71 32 Quay^

1335 3630 10 10 •
1363 3618 144 27 Wellington,
1513 3619 88 19 returns
1609 3615 34 22 his
1651 3614 86 22 sincere
1747 3614 81 22 thanks
1837 3618 22 18 to

1279 3645 39 23 the
1335 3645 138 22 inhabitants
1491 3644 26 22 of
1536 3643 43 21 this
1597 3642 86 26 Colony
1698 3641 35 22 for
1751 3641 37 22 the
1806 3649 53 20 very

1277 3672 80 22 liberal
1375 3675 92 24 support
1481 3671 29 21 he
1523 3670 41 21 has
1578 3668 98 22 hitherto
1689 3668 108 28 received,
1816 3668 44 22 and

1278 3699 55 27 begs
1342 3702 23 19 to
1373 3699 83 21 inform
1465 3697 62 22 them
1535 3696 48 22 that
1597 3695 28 21 he
1634 3694 40 22 has
1683 3694 64 22 made
1756 3702 104 20 arrange-

1279 3729 73 19 ments
1368 3725 34 22 for
1420 3732 14 14 a
1448 3726 102 20 constant
1565 3721 79 29 supply
1662 3721 26 22 of
1707 3721 38 22 the
1764 3722 96 22 choicest

1279 3752 101 22 varieties
1390 3751 25 22 of
1425 3751 51 26 fish,
1578 3748 30 22 he
1624 3748 135 28 confidently
1775 3756 90 14 recom-

1278 3786 80 16 menos
1367 3782 22 18 to
1399 3778 37 22 the
1445 3775 80 30 public'
1530 3776 97 26 as'being
1634 3775 25 22 of
1669 3775 38 22 the
1713 3776 50 22 best
1768 3776 90 27 quality.

1307 3813 82 22 Orders
1396 3812 36 21 for
1441 3810 104 28 shipping
1551 3809 109 28 received,
1676 3809 45 22 and
1729 3809 131 28 punctually

1279 3839 107 23 attended
1394 3842 30 19 to.

1432 3871 99 15 OYSTERS
1545 3870 71 15 FRESH
1629 3870 78 15 DAILY.
1736 3872 3 3 •
1749 3873 4 2 '

1307 3899 62 28 Also,
1380 3906 14 15 a
1402 3898 81 29 supply
1491 3897 27 23 of
1532 3896 126 29 vegetables
1674 3896 59 23 fresh
1746 3896 59 24 from
1822 3896 36 22 the

1277 3927 68 28 garde
1348 3934 14 16 v
1371 3925 68 28 daily.
