2529 4029
69 1666 80 23 argues
165 1659 57 23 that'
230 1659 65 23 there
313 1661 19 22 is
350 1668 30 15 no
400 1661 98 22 efficient
515 1661 92 30 remedy
619 1661 33 23 for

69 1692 39 23 the
130 1692 171 31 extraordinary
321 1693 136 29 difficulties,
480 1693 107 24 financial
609 1694 45 23 and

249 1725 74 24 which
349 1734 52 16 now
426 1726 74 31 weigh
523 1727 65 23 down
615 1727 37 24 the

71 1758 101 30 energies
184 1759 25 23 of
219 1758 72 24 Great
302 1759 97 29 Britain,
412 1759 56 24 than
485 1760 134 30 emigration
630 1765 22 19 to

69 1790 39 24 the
118 1791 98 24 colonies
228 1799 30 15 on
269 1791 38 25 the
319 1797 60 18 most
391 1793 117 23 extensive
521 1793 59 23 scale
591 1802 5 15 :—:
598 1806 33 4 —

121 1829 54 21 Free
186 1829 68 27 trade,
256 1841 28 4 —
285 1837 36 15 an'
329 1830 116 22 alteration
455 1831 24 21 in
489 1831 38 22 the
536 1838 114 21 currency*

44 1874 4 3 .
69 1866 28 6 —
97 1863 14 15 a
120 1856 69 22 moral
205 1856 44 22 and
259 1857 104 27 religious
374 1857 116 23 education
497 1866 6 13 :
519 1858 62 22 these
597 1859 56 22 have

71 1883 58 21 been
145 1883 107 27 severally
262 1884 125 27 suggested,
405 1884 46 22 and
464 1885 57 21 have
536 1885 46 21 had
597 1885 57 22 their

70 1913 137 24 supporters;
219 1910 56 27 and,-
278 1910 54 22 with
338 1911 118 27 exception
464 1912 24 21 of
496 1911 92 28 thelast,
597 1912 57 22 their

69 1939 122 25 opponents
198 1936 52 22 also.
279 1937 67 21 None
356 1937 28 22 of
392 1937 62 23 these
467 1938 116 27 remedies,
595 1938 58 22 how-

71 1970 58 20 ever,
141 1971 55 14 even
211 1963 20 21 if
238 1964 89 27 applied
336 1964 53 22 with
400 1964 36 22 the
447 1966 109 25 certainty
565 1965 26 21 of
603 1973 51 19 pro-

69 1990 96 26 spective
179 1997 93 19 success,
290 1997 42 15 can
346 1991 99 27 produce
462 1991 61 27 early
536 1992 117 22 beneficial

68 2016 89 26 results;
167 2016 50 22 and.
226 2016 124 22 aroidstthc
356 2020 91 22 present
451 2018 100 21 conflicts
559 2018 26 22 of
590 2022 63 22 -party

42 2046 6 22 \
69 2042 107 26 opinions,
195 2042 26 21 of
231 2041 109 28 disputed-
347 2043 63 27 facts,
429 2043 45 21 and
483 2044 26 20 of
521 2043 132 28 theological

35 2068 5 10 1
69 2068 133 27 differences,
214 2068 45 22 and
268 2069 92 22 without
370 2077 45 19 any
424 2070 138 27 community
572 2071 26 21 of
603 2078 51 20 pre-

69 2095 64 22 mises
140 2094 88 23 whence
236 2099 23 18 to
269 2103 130 15 commence
409 2096 132 28 legislation,
553 2098 17 20 it
581 2104 71 16 seems

68 2122 105 26 probable'
181 2121 48 22 that
233 2129 19 14 'a
261 2122 152 23 considerable
423 2130 64 20 space
499 2124 26 21 of
530 2124 54 21 time
595 2127 59 19 must

69 2148 73 27 elapse
151 2148 75 22 before
231 2148 38 27 all,
281 2156 25 15 or
312 2157 44 19 any
362 2157 50 19 one,
423 2150 20 21 is
452 2150 102 27 adopted.
572 2150 79 28 What,

62 2174 66 28 -then,
144 2182 49 20 can,
209 2175 45 22 and
263 2176 70 27 ought
338 2180 31 18 -to
379 2177 28 21 be
421 2176 64 27 done,
501 2177 153 28 immediately

68 2204 24 19 to
106 2202 82 21 relieve
203 2202 38 21 the
257 2206 90 23 present
363 2204 105 21 distress?
496 2203 41 22 We
551 2204 58 22 have
623 2212 29 14 no

70 2232 99 19 nostrum
177 2231 23 19 to
214 2229 54 22 foist
277 2237 30 14 on
322 2230 36 21 the
375 2230 75 27 public
450 2241 28 4 —
478 2237 30 15 no
525 2231 89 27 specific
630 2234 22 19 to

71 2255 52 22 offer
132 2256 34 21 for
181 2255 37 22 the
229 2263 52 14 cure
292 2256 26 22 of
330 2256 61 27 evils,
409 2256 38 22 the
457 2265 76 13 causes
542 2258 25 20 of
581 2258 71 21 which

71 2289 37 14 are
121 2282 94 28 various,
233 2282 46 22 and
294 2286 41 19 not
349 2284 84 21 known
443 2284 53 21 with
506 2284 113 27 .precision
629 2292 24 14 or

70 2309 112 27 certainty.
214 2309 39 22 We
266 2309 58 22 have
334 2310 54 27 only
397 2313 23 18 to
429 2317 54 20 urge
494 2318 29 14 on
537 2311 38 21 the
585 2312 67 27 adop-

71 2336 45 21 tion
125 2336 26 21 of
155 2337 36 20 the
201 2336 251 28 Government,andon
459 2337 37 21 the
502 2338 74 22 notice
587 2338 27 22 of
616 2339 36 21 the

70 2362 104 28 suffering
186 2362 90 28 pedple,-
289 2371 29 14 an
329 2371 52 19 easy
391 2364 45 21 and
450 2365 84 21 certain
543 2372 78 14 means
631 2365 25 21 of

71 2390 127 26 converting
207 2392 132 26 temporary-
344 2391 112 27 adversity
464 2391 48 21 into
520 2395 134 24 permanent

69 2416 128 28 prosperity.
226 2416 30 21 In
266 2416 149 23 Emigration
425 2418 46 21 and
481 2418 171 22 Colonization

71 2449 37 15 are
123 2443 84 27 opened
223 2449 51 16 new
289 2444 64 21 fields
369 2444 36 21 for
423 2444 38 22 the
476 2444 138 23 investment
631 2446 25 21 of

71 2470 84 26 capital,
171 2469 74 22 which
262 2470 19 22 is
300 2471 173 27 comparatively
484 2472 111 26 profitless
609 2473 45 21 and

70 2496 82 22 useless
164 2496 60 28 here,
225 2507 29 4 —
255 2504 37 15 are
306 2498 118 26 presented
440 2498 73 27 ample
527 2505 77 15 means
619 2499 35 22 for

72 2522 142 28 diminishing
231 2523 38 22 the
486 2526 129 26 population
631 2527 26 21 of

71 2549 35 22 the
116 2550 113 27 kingdom,
230 2561 29 5 —
260 2550 25 22 of
292 2551 178 28 dis'pauperizing
475 2553 37 20 the
519 2559 59 15 mass
584 2553 25 21 of
616 2553 37 22 the

71 2576 25 21 of
106 2576 38 22 the
156 2577 85 28 people,
243 2588 28 4 —
273 2578 26 21 of
309 2578 121 27 rendering
438 2578 68 28 them,
517 2579 28 21 -in
556 2579 97 23 British

71 2602 47 23 Dep
120 2611 132 20 endencies,
262 2604 49 22 that
320 2604 54 28 free,
385 2605 152 27 enterprising,
548 2606 106 22 industri-

71 2636 44 20 ous,
127 2630 76 28 moral,
219 2631 45 22 and
278 2632 109 26 religious,
405 2632 85 27 people,
507 2632 74 22 which
597 2633 57 22 their

35 2663 7 5 *
71 2656 128 23 forefathers
209 2665 56 15 once
275 2661 87 19 wereat
370 2658 75 27 home,
446 2670 29 4 —
476 2659 44 21 and
527 2666 36 14 are
571 2659 83 23 offered

72 2686 22 18 to
101 2690 39 15 our
147 2684 117 28 depressed
268 2686 166 21 manufactures
440 2686 112 21 extended
557 2687 97 22 markets

70 2710 25 21 of
103 2710 36 21 the
154 2715 58 17 most
220 2712 116 26 profitable
346 2712 142 28 description,
495 2713 35 27 joi
540 2720 51 15 new
600 2721 54 15 con-

71 2743 91 21 sumers,
172 2737 84 28 having
263 2738 38 22 the
308 2746 61 14 same
377 2742 75 24 tastes,
462 2740 37 21 the
506 2747 61 15 same
574 2743 78 26 wants,

70 2762 43 22 and
122 2763 36 22 the
169 2771 59 15 same
238 2766 141 26 enjoyments
388 2773 24 14 as
423 2766 121 22 ourselves.
587 2781 4 9 ,

63 2812 5 3 -
158 2798 80 22 render
244 2798 140 27 Emigration
392 2799 44 22 and
445 2799 153 23 Colonization
604 2808 39 15 sue
647 2813 7 4 -

70 2824 85 27 cessful,
166 2825 82 27 capital
261 2825 133 22 andlabour
399 2830 61 17 must
473 2826 93 27 migrate
577 2828 77 21 simul-

41 2863 3 4 *
69 2851 123 27 taneously.
220 2852 87 27 Capital
311 2852 19 21 is
334 2852 110 27 profitless
451 2853 93 22 without
548 2854 79 21 labour
627 2866 28 4 —

36 2875 4 5 '
70 2875 78 23 labour
155 2878 20 21 is
183 2877 96 28 helpless
292 2879 93 22 without
395 2879 88 27 capital.
511 2880 46 21 But
572 2884 23 18 to
603 2889 51 19 pro-

70 2906 45 19 tect
124 2903 38 23 the
170 2903 70 28 rights
251 2905 25 21 of
283 2905 80 26 either,'
374 2906 21 21 it
405 2913 71 14 seems
489 2906 165 28 indispensable

35 2939 11 8 *
70 2929 118 23 that'some
201 2931 110 25 directing
320 2931 112 22 influence
447 2933 79 21 should
538 2933 28 22 be
576 2936 78 25 spread

71 2963 51 15 over
130 2957 68 27 both-;
213 2957 49 22 that
394 2959 52 21 'and
456 2959 47 21 that
637 2962 17 21 it

68 2983 19 21 is
97 2983 66 27 clear,
177 2987 59 18 must
245 2985 95 26 proceed
348 2985 59 21 from
420 2985 39 21 the
470 2986 153 23 Government
632 2988 25 22 of

43 3031 5 3 ,
69 3009 39 22 the
116 3009 87 23 mother
212 3014 103 23 country.
333 3011 44 22 'In"
513 3013 37 22 the
559 3014 95 23 colonial

40 3042 11 11 •'
71 3037 90 27 empire,
180 3037 44 21 the'
235 3037 71 22 home*
323 3037 154 23 Government
492 3039 45 22 will
555 3040 99 28 mitigate

73 3063 161 22 distress-rwill
257 3063 83 23 realize
351 3080 2 6 ,
362 3064 75 22 future
459 3067 123 27 prosperity
583 3079 27 4 —
610 3068 45 22 will

71 3090 135 27 accomplish
218 3090 39 22 the
267 3093 69 24 'great
349 3091 96 21 mission'
458 3091 72 23 which
544 3101 72 16 seems
630 3098 24 19 to

71 3115 56 23 have
142 3116 110 23 devolved
260 3124 30 14 on
301 3117 36 21 the
353 3117 163 27 Anglo-Saxon
530 3127 59 20 race,
606 3121 49 22 that

71 3143 25 21 of
106 3144 116 27 spreading
381 3144 38 22 the
430 3145 68 22 world
515 3146 139 24 Civilization

73 3169 43 22 and
333 3168 85 13 ••'-•-■•
443 3174 42 8 >•■•
510 3175 5 5 -

106 3204 24 24 It
140 3207 73 23 would
225 3214 62 16 seem
304 3206 49 24 that
363 3207 40 24 the
414 3208 75 23 writer
504 3208 42 24 has
557 3209 61 25 what
633 3211 20 23 is

73 3237 101 33 vulgarly
185 3240 71 24 called
268 3249 14 15 a
291 3245 112 25 nostrum,
415 3241 36 23 for
461 3241 29 24 he
500 3248 104 25 presents
616 3243 38 24 the

73 3271 104 25 sufferers
188 3273 55 24 with
254 3274 38 23 the
304 3282 78 16 means
398 3274 25 24 of
432 3274 84 32 speedy
527 3275 44 24 and
583 3277 70 23 entire

73 3304 45 24 and
127 3311 131 25 permanent
264 3311 125 27 .recovery.'
414 3310 4 4 '
444 3330 5 4 ,

1922 1195 51 23 The
1989 1194 168 31 Renfrewshire
2176 1193 123 30 Reformer
2319 1194 118 31 publishes
2455 1204 16 14 a

1889 1228 59 23 table
1968 1227 110 32 compiled
2094 1228 30 30 by
2136 1226 38 24 the
2195 1226 92 30 Paisley
2306 1226 79 24 Relief
2401 1227 69 23 Com-

1889 1261 85 28 mittee,
1987 1261 100 30 showing
2104 1261 39 22 the
2154 1263 57 20 state
2231 1259 24 23 of
2270 1260 37 22 the
2319 1260 153 30 unemployed

1889 1293 87 32 people,
1994 1294 74 22 whose
2086 1292 106 24 numbers
2212 1299 37 16 are
2267 1292 105 31 fearfully
2383 1301 30 15 on
2430 1293 40 23 the

1889 1327 108 22 increase.
2034 1325 48 24 The
2093 1325 115 30 following
2226 1325 105 23 numbers
2342 1332 58 17 were
2411 1334 56 23 sup-

1889 1359 60 31 plied
1958 1358 55 24 with
2023 1363 66 25 meat,
2100 1357 78 29 bread,
2186 1357 44 24 and
2239 1361 110 28 potatoes,
2362 1365 28 16 on
2402 1366 14 15 a
2427 1358 45 31 day

1891 1391 105 33 specificd
1997 1404 34 5 —

1942 1429 97 22 Married
2049 1436 59 18 men,
2119 1427 52 23 with
2182 1428 55 22 their
2246 1428 67 22 wives
2411 1431 64 25 1,240

1943 1456 104 22 Children
2058 1454 119 29 belonging
2187 1457 22 19 to
2218 1454 36 22 the
2265 1456 69 21 above
2359 1470 45 6 ....
2410 1457 62 26 1,546

2411 1510 63 25 2,786

1944 1562 95 22 Widows
2049 1562 46 22 and
2110 1561 101 23 deserted
2225 1561 73 27 wives,
2307 1562 55 21 with
2370 1569 43 14 un-

1892 1590 95 21 married
1996 1590 89 21 females
2430 1589 42 21 509

1945 1616 104 22 Children
2059 1615 121 28 belonging
2187 1617 22 20 to
2221 1614 60 23 these
2432 1615 40 22 747

2413 1669 63 26 1,256

1945 1696 76 27 Single
2030 1696 75 27 males,
2116 1694 81 28 mostly
2206 1701 75 21 young
2291 1702 51 14 men
2432 1697 40 20 166

1945 1749 102 22 Number
2054 1748 98 28 supplied
2163 1747 52 23 13th
2226 1748 102 27 October,
2338 1749 61 21 1841.
2409 1750 64 25 4,208

1884 1793 2 5 ,
1945 1776 57 22 New
2011 1776 142 28 applications
2162 1780 30 16 on
2204 1774 37 22 the
2251 1774 51 22 14th
2448 1776 27 21 78

1926 1814 50 24 The
1988 1814 54 24 total
2053 1814 94 23 number
2159 1812 25 24 of
2191 1812 135 24 loomsteads
2338 1813 25 22 in
2373 1812 39 24 the
2423 1812 49 24 dis-

1893 1849 52 22 trict
1963 1849 21 22 is
2004 1849 73 27 5,746
2088 1856 7 15 :
2114 1847 26 23 of
2152 1845 72 29 these,
2241 1847 74 27 3,158
2335 1853 38 15 are
2394 1854 80 15 unem-

1893 1880 88 31 ployed,
1994 1880 43 24 and
2049 1880 45 26 871
2112 1886 37 17 are
2166 1878 146 31 unoccupied.
2348 1878 75 24 There
2435 1887 39 16 are

1895 1915 48 22 440
1963 1918 76 26 empty
2056 1913 89 27 houses,
2165 1911 44 24 and
2229 1913 46 22 100
2299 1916 77 26 empty
2396 1912 78 31 shops.

1896 1946 49 24 The
1955 1946 40 23 list
2013 1947 24 23 of
2052 1946 38 23 the
2108 1945 93 31 Paisley
2211 1944 80 25 Relief
2305 1944 61 29 List,
2379 1953 33 15 on
2431 1946 44 23 Sa-

1896 1979 86 31 turday,
1994 1979 123 24 numbered
2127 1979 83 27 4,133.
2245 1977 51 23 The
2315 1978 56 22 total
2382 1983 94 19 amount

1897 2012 25 23 of
1946 2013 170 27 contributions,
2143 2011 116 29 including
2280 2011 54 22 £25
2357 2011 59 22 from
2438 2011 38 23 the

1897 2044 86 31 Bishop
1995 2045 25 22 of
2034 2044 111 29 Durham,
2162 2044 22 21 is
2202 2043 111 28 £1,730;
2334 2042 37 24 the
2389 2051 86 24 expen-

1897 2078 72 23 diture
1981 2077 94 24 exceeds
2086 2077 50 22 that
2147 2072 92 34 sunfby
2250 2076 64 23 £25.

1930 2110 50 24 The
2000 2111 106 22 situation
2123 2109 25 23 of
2164 2109 105 23 business
2287 2113 23 18 at
2331 2109 37 23 the
2385 2113 94 26 present

1898 2148 98 19 moment
2007 2145 23 21 in
2047 2143 37 23 the
2100 2142 137 30 metropolis,
2257 2143 18 21 it
2286 2143 19 21 is
2317 2143 123 28 notorious,
2458 2143 21 22 is

1896 2181 59 19 most
1967 2177 120 31 appalling,
2090 2188 34 4 —
2124 2176 49 22 that
2183 2175 24 23 of
2217 2175 37 22 the
2265 2175 96 23 colonial
2372 2175 108 31 shipping

1898 2211 93 22 interest
2014 2214 58 19 most
2094 2208 134 32 especially:
2251 2216 68 22 every
2341 2208 139 31 ship-owner

1898 2243 43 23 and
1952 2242 83 24 broker
2046 2244 19 21 is
2077 2242 151 31 complaining
2237 2240 24 24 of
2271 2241 36 23 the
2321 2242 158 30 impediments

1900 2277 87 22 thrown
2004 2277 25 22 in
2042 2276 35 23 his
2089 2283 49 23 way
2149 2274 31 31 by
2191 2274 37 23 the
2244 2274 101 31 peculiar
2366 2276 115 29 operation

1901 2310 23 22 of
1939 2309 39 23 the
1996 2309 91 30 Bounty
2101 2308 143 30 Emigration
2262 2307 100 31 System,
2381 2308 44 23 and
2442 2308 39 23 the

1898 2343 115 22 vexatious
2021 2342 153 23 interdictions
2183 2341 99 30 imposed
2290 2341 29 29 by
2326 2341 38 23 the
2373 2341 105 23 Govern-

1899 2380 68 19 ment.
1998 2375 49 24 The
2054 2375 79 30 falling
2143 2373 33 24 off
2181 2374 24 22 in
2213 2374 36 22 the
2258 2374 96 23 number
2363 2374 23 23 of
2394 2374 85 23 vessels

1900 2409 120 30 ordinarily
2032 2407 129 26 announced
2175 2407 33 23 for
2226 2406 37 23 the
2284 2406 104 24 Colonies
2401 2407 79 23 within

1900 2442 36 23 the
1947 2442 45 23 last
2001 2442 41 23 few
2051 2442 80 28 weeks,
2141 2444 78 19 attests
2228 2439 44 23 this
2284 2444 21 18 to
2319 2448 13 15 a
2342 2440 88 30 painful
2440 2448 41 15 ex-

1900 2480 53 18 tent.
1990 2475 66 29 Now,
2068 2482 33 16 we
2111 2473 102 28 contend,
2227 2473 47 23 that
2282 2473 61 23 there
2355 2474 19 22 is
2385 2482 31 14 no
2425 2473 54 31 plan

1900 2508 47 24 that
1958 2508 74 24 would
2051 2516 23 15 so
2087 2506 127 30 effectually
2225 2513 89 16 remove
2332 2506 37 23 the
2381 2508 100 29 existing

1900 2543 134 29 stagnation,
2047 2541 42 23 and
2101 2542 50 29 give
2172 2547 30 15 an
2211 2540 97 30 impetus
2328 2543 23 19 to
2365 2539 37 23 the
2420 2548 60 15 mer-

1901 2575 80 23 cantile
1994 2575 43 23 and
2048 2574 90 30 trading
2150 2573 104 22 interests
2256 2585 32 3 —
2289 2580 49 22 aye,
2350 2581 28 14 an
2385 2574 97 30 impetus

1900 2608 48 24 that
1959 2607 75 24 would
2052 2608 27 23 be
2091 2611 59 19 most
2166 2606 140 30 beneficially
2319 2606 41 22 felt
2371 2606 110 31 through-

1901 2646 38 19 out
1951 2641 37 23 the
1999 2641 69 23 whole
2077 2642 86 26 winter,
2177 2647 25 15 as
2214 2647 28 15 an
2253 2639 144 30 Emigration
2408 2639 72 29 Loan,

1901 2682 39 23 say
1952 2674 26 23 of.
1989 2675 43 23 five
2044 2674 104 23 millions.
2186 2672 45 24 Let
2248 2672 45 23 this
2303 2672 29 24 be
2345 2673 138 30 exclusively

1901 2708 94 23 devoted
2017 2712 22 19 to
2062 2707 38 23 the
2122 2706 79 32 giving
2223 2705 152 31 employment
2398 2710 22 19 to
2442 2713 40 16 our

1902 2742 99 29 starving
2018 2740 129 32 population
2166 2746 28 16 on
2212 2738 58 23 their
2286 2739 83 22 arrival
2385 2743 47 24 out,
2453 2739 31 30 by

1901 2774 122 31 imparting
2044 2774 122 30 pecuniary
2184 2771 34 23 aid
2241 2776 23 18 to
2288 2771 64 23 those
2372 2772 49 23 who
2445 2780 39 15 are

1902 2807 90 30 already
2002 2806 147 31 successfully
2160 2804 87 24 located
2258 2806 24 21 in
2295 2804 37 24 the
2345 2805 87 23 British
2445 2805 39 23 de-

1901 2840 142 32 pendencies,
2062 2840 45 23 and
2117 2838 158 30 consequently
2288 2838 95 23 enabled
2401 2842 22 19 to
2433 2839 51 29 give

1903 2874 96 30 security
2004 2873 36 23 for
2051 2873 56 23 such
2119 2872 43 24 aid.
2198 2872 36 29 By
2241 2870 55 23 such
2308 2879 78 15 means
2399 2871 37 23 the
2447 2872 36 22 in-

1902 2907 48 23 flux
1960 2907 27 22 of
2002 2907 131 29 immigrant
2150 2905 79 22 labour
2240 2903 74 23 would
2324 2905 28 22 be
2365 2904 117 28 absorbed,

1904 2940 42 23 and
1960 2940 39 22 the
2009 2940 145 31 persevering
2173 2937 102 23 Colonist
2292 2937 29 22 be
2338 2937 94 30 thereby
2444 2945 40 15 en-

1903 2973 64 24 abled
1979 2973 44 22 and
2040 2970 139 32 encouraged
2190 2974 24 19 to
2225 2977 63 22 carry
2300 2974 40 18 out
2356 2970 36 23 his
2404 2970 80 23 indus-

1903 3006 69 23 trious
1983 3006 96 31 projects
2090 3013 6 15 :
2115 3005 37 22 the
2166 3003 90 29 Bounty
2268 3003 91 30 System
2371 3003 74 31 might
2455 3004 29 23 be

1903 3039 52 22 then
1967 3039 71 29 safely
2050 3036 126 29 continued-,
2195 3035 43 23 and
2250 3035 38 23 the
2300 3037 56 22 evils
2369 3041 21 18 to
2404 3037 27 23 be
2443 3045 41 23 ap-

1901 3072 129 30 prehended
2039 3071 59 22 from
2108 3070 38 23 the
2158 3068 200 32 superabundance
2370 3070 25 23 of
2404 3070 81 23 labour

1903 3105 42 22 and
1953 3105 39 22 the
1999 3105 94 22 absence
2101 3103 24 23 of
2136 3102 102 23 Colonial
2248 3102 89 31 capital,
2351 3103 135 31 completely

1903 3137 109 24 obviated.
2014 3149 33 4 —
2047 3134 148 32 Emigration
2207 3134 100 30 Gazette,
2323 3135 52 24 Oct.
2389 3138 41 22 23.

1934 3170 24 24 A
1976 3169 172 31 correspondent
2166 3168 76 23 writes
2260 3168 61 23 from
2340 3169 102 29 Ratavia,
2461 3174 23 19 to

1903 3211 38 23 say
1946 3204 56 23 'that
2014 3203 37 23 the
2063 3206 59 19 most
2134 3209 109 23 sanguine
2257 3202 160 32 anticipations
2427 3204 58 23 liave

1903 3237 60 23 been,
1977 3235 133 33 surpassed,,
2122 3236 30 29 by
2173 3235 38 23 the
2232 3242 92 16 success
2343 3237 25 22 of
2390 3236 38 24 the
2449 3241 37 19 tea

1901 3270 136 31 plantations
2053 3270 22 22 in
2088 3268 64 28 Java,
2165 3268 51 23 -and
2227 3268 48 23 that
2282 3289 2 4 .
2293 3268 38 26 the
2343 3270 100 30 planters
2461 3270 26 23 of

1902 3303 37 23 the
1948 3302 74 24 island
2031 3301 50 30 had,
2094 3303 23 21 in
2126 3294 358 44 conseq^encej^^t^H^feftdirect

1902 3336 57 23 their
1980 3336 107 22 attention
2107 3334 81 30 chiefly
2207 3340 23 18 to
2231 3333 7 12 ;
2237 3333 204 26 '"th'e''"caltivatioh
2460 3336 28 22 of

1902 3373 43 19 tea.
1981 3368 51 24 The
2051 3368 85 31 upland
2143 3373 5 14 '-
2155 3373 96 26 country
2274 3368 42 23 had
2336 3369 58 23 been
2413 3369 71 23 found

1901 3401 66 24 much
1980 3409 62 16 more
2053 3399 131 26 favourable
2195 3406 23 18 to
2235 3401 39 23 the
2284 3401 77 31 plauts
2372 3401 55 23 than
2444 3401 38 24 the

1901 3435 67 23 lower
1980 3434 95 31 ground,
2095 3435 48 23 and-
2150 3442 68 23 many
2234 3442 48 15 new
2300 3434 182 24 establishments

1901 3468 52 29 had,
1973 3468 25 23 in
2018 3475 160 24 consequence,
2187 3468 60 23 .been
2264 3467 65 23 made
2347 3475 83 23 among
2446 3468 38 23 the

1901 3501 52 23 hills
1964 3502 25 22 in
2000 3502 38 26 the
2046 3502 116 26 interior..
2187 3500 48 24 The
2244 3508 44 14 war
2300 3500 101 23 between
2411 3501 68 31 Eng-

1901 3535 52 22 land
1973 3535 45 23 and
2037 3535 76 24 China'
2121 3533 52 29 had,
2193 3534 25 23 of
2239 3540 85 21 course,
2343 3538 41 18 not
2402 3534 82 23 tended

1902 3572 22 18 to
1940 3568 130 31 discourage
2087 3568 38 23 the
2143 3574 49 16 new
2213 3566 86 23 branch
2322 3566 32 23 of.
2369 3566 113 31 industry.

1903 3601 49 24 The
1975 3609 61 15 same
2053 3599 174 33 correspondent
2242 3606 145 17 complains
2406 3600 25 22 of
2446 3600 38 23 the

1903 3642 119 16 scarcity
2045 3634 24 23 of
2092 3634 121 29 European
2239 3632 70 23 ladies
2333 3636 24 19 at
2377 3633 104 23 Batavia.

1901 3667 68 24 Were
1985 3676 13 15 a
2008 3668 44 23 few
2067 3675 58 16 ship
2146 3672 80 17 loads
2242 3665 127 30 consigned
2384 3669 23 19 to
2425 3666 59 30 good

1900 3700 91 29 houses,
2003 3700 55 31 they
2068 3700 73 23 would
2152 3699 28 23 be
2191 3702 112 19 cJertain
2322 3703 22 18 to
2355 3698 51 24 find
2420 3707 62 16 some

1902 3733 166 32 advantageous
2079 3733 100 24 market.
2181 3744 32 4 —
2213 3731 62 23 Ibid.
2351 3748 6 4 -
2381 3744 4 3 ■
2418 3752 6 4 .
2441 3734 10 15 '•
2470 3747 11 7 

1934 3774 143 31 Emigration
2089 3778 23 18 to
2126 3771 75 25 China
2211 3772 19 22 is
2242 3778 49 16 now
2303 3771 84 23 offered
2406 3775 22 20 to
2442 3772 41 24 her

1903 3806 120 33 Majesty's
2159 3805 31 30 by
2203 3804 43 23 the'
2259 3804 89 23 BriLisli
2369 3804 114 25 Commis*

1902 3841 74 22 sioner
1992 3845 24 18 at
2034 3840 95 27 Canton,
2142 3846 27 15 on
2184 3842 66 20 terms,
2270 3837 87 23 similar
2377 3842 24 19 to
2420 3838 71 25 those'

1902 3881 60 15 some
1976 3874 53 22 time
2040 3872 114 31 prevalent
2172 3871 24 22 in
2215 3870 85 30 regard;
2314 3875 28 18 to*
2358 3870 137 33 Australia.^

1901 3907 23 22 A
1936 3906 129 23 settlement
2074 3903 92 25 isiixed
2175 3908 31 27 at,
2210 3903 144 32 Hongkong.
2356 3917 34 5 —
2390 3898 105 31 Eontfeh'

1891 3938 96 31 \Papcc.
2107 3956 6 5 .
2199 3958 3 4 .
2321 3950 3 4 ■
2440 3942 3 5 '

1284 140 66 27 push>
1357 147 35 20 on,
1411 141 52 22 with
1478 149 14 14 a
1504 141 127 27 gentleman
1651 141 49 22 who
1717 142 45 21 had
1776 149 87 14 accom-

1283 166 131 48 {>aniedme
1431 168 58 21 from
1505 167 132 27 Wanganui.
1665 168 41 21 We
1723 167 140 27 accordingly

1293 193 30 21 eft
1332 189 39 25 the
1383 197 49 18 -jest
1448 197 22 18 to
1479 197 61 19 roast
1553 194 55 21 fern-
1651 194 58 22 their
1718 194 80 21 heart's
1811 201 52 14 coi*-

1284 222 55 23 tent,
1350 219 44 22 and
1403 220 65 26 bring
1486 228 29 20 up
1532 220 37 21 the
1585 218 72 33 hjayy
1666 220 99 27 baggage
1775 223 23 18 at
1806 220 58 21 their

1397 246 40 22 We
1448 247 43 21 had
1508 246 52 27 only
1569 241 126 32 performed
1712 248 27 19 36
1750 246 68 24 miles,
1828 253 35 14 ac-

1283 271 92 27 cording
1383 275 22 18 to
1416 273 71 27 rough
1496 273 139 26 calculation,
1643 273 60 21 since
1712 273 87 26 leaving
1810 273 53 21 Moe

1283 301 90 19 awatea.
1413 299 48 22 The
1475 299 71 22 whole
1560 299 74 26 valley
1647 299 42 21 has
1706 299 58 21 been
1778 299 85 27 thickly

1282 324 113 22 inhabited
1403 325 31 27 by
1443 325 37 22 the
1491 325 66 22 tribes
1567 325 55 26 who,
1633 325 91 26 leaving
1732 325 76 27 Taupo
1818 325 45 22 and

1283 350 64 22 other
1355 354 60 23 part?
1422 353 28 24 ,of
1461 351 37 22 the
1512 352 97 25 interior,
1623 351 117 27 gradually
1755 351 108 27 migrated

1282 380 24 18 to
1312 377 137 28 Wanganui,
1465 378 45 22 and
1525 378 57 22 have
1593 384 51 15 now
1659 377 62 22 fixed
1737 377 56 23 their
1809 378 54 21 resi-

1284 403 71 22 dence
1368 410 35 16 on-
1412 404 27 22 its
1455 404 78 22 banks.
1569 405 33 21 At
1616 410 67 21 every
1696 404 52 22 mile
1762 412 32 14 we
1805 412 57 14 were

1282 430 78 22 shown
1367 430 37 22 the
1415 431 40 21 site
1465 432 26 20 of
1501 431 62 26 pahs,
1573 430 45 22 and
1627 431 38 21 the
1680 430 63 22 fields
1752 438 28 14 on
1790 430 73 22 which

1284 462 120 16 numerous
1414 457 79 22 battles
1502 457 44 22 had
1552 457 59 21 been
1618 456 80 27 fought
1709 457 24 21 in
1745 456 37 22 the
1796 457 65 21 olden

1282 482 52 22 time
1345 483 97 22 between
1451 484 38 22 the
1499 484 102 21 different
1611 483 66 22 tribes
1693 483 57 21 from
1763 483 98 26 Wanga-

1284 509 46 26 nui,
1335 521 6 13 :
1341 509 83 28 Taupo,
1435 510 108 25 Waikato,
1555 509 44 22 and
1610 516 55 15 even
1675 509 37 21 the
1725 509 138 27 Ngatikahu-

1284 535 79 22 hunas.
1400 536 41 22 We
1457 536 86 27 pushed
1558 543 28 15 on
1603 536 68 22 about
1685 536 33 22 six
1729 537 63 21 miles
1802 544 60 14 more

1284 561 77 28 to-day
1376 562 95 28 through
1488 563 64 25 bush,
1570 562 44 22 and
1631 563 121 26 encamped
1767 565 23 19 at
1808 563 55 21 dark

1282 587 71 23 under
1363 596 29 14 an
1402 589 37 22 old
1449 592 48 18 rata
1503 590 49 20 'tree
1562 589 70 21 called
1640 590 93 21 Kordko.
1761 589 41 21 We
1818 589 43 21 had

1282 614 78 22 forded
1369 615 36 21 the
1415 616 58 22 river
1487 616 77 26 twice;
1580 615 43 21 and
1638 615 109 22 ascended
1760 616 28 21 its
1802 615 61 22 bank

1282 641 36 21 the
1334 641 44 21 last
1392 642 53 22 time
1465 643 31 27 by
1513 649 77 15 means
1610 641 25 22 of
1654 649 14 15 a
1685 643 84 26 rickety
1786 643 77 20 Tcareau

1283 667 84 27 ladder,
1379 668 66 22 about
1453 671 27 19 30
1489 669 46 21 feet
1544 668 60 27 high,
1618 668 73 22 which
1699 669 18 21 is
1725 669 57 22 fixed
1792 673 22 17 to
1825 669 37 21 the

1283 694 48 21 cliff
1338 697 23 18 at
1372 694 37 22 the
1425 699 66 18 exact
1506 698 49 24 spot
1566 694 71 22 where
1653 702 13 14 a
1679 695 64 22 small
1757 696 105 22 waterfall

1283 723 74 25 spouts
1367 728 52 14 over
1435 722 37 22 the
1487 721 61 27 edge,
1565 721 44 21 and
1623 721 92 23 renders
1729 722 38 22 the
1785 725 78 19 ascent

1282 748 35 20 far
1324 747 58 21 from
1392 748 45 21 safe
1447 756 24 14 or
1477 748 108 27 pleasant.

1308 773 59 21 24th.
1383 774 21 21 It
1412 775 85 26 poured
1505 775 52 21 with
1566 774 48 22 rain
1624 777 23 19 at
1657 774 98 27 daylight
1763 783 5 19 ;
1777 775 41 22 but
1829 782 32 15 we

1282 800 44 21 had
1336 807 50 14 now
1400 807 30 15 no
1440 801 63 22 other
1519 801 129 21 alternative
1665 801 40 21 but
1719 805 21 17 to
1755 802 56 27 push
1824 810 36 18 on,

1283 826 91 27 defying
1383 827 36 21 the
1434 828 104 22 weather.
1574 828 46 20 Ten
1634 828 71 25 miles,
1720 835 52 15 over
1781 836 13 13 a
1804 828 57 22 level

1283 853 58 22 table
1357 853 52 22 land
1423 854 94 22 covered
1531 854 53 21 with
1599 854 71 27 wood,
1687 855 94 26 brought
1796 862 26 14 us
1839 859 22 17 to

1283 879 168 27 the.Manganui
1458 884 72 18 where
1536 881 17 20 it
1564 880 17 21 is
1586 880 90 22 swollen
1685 881 30 27 by
1725 881 59 21 three
1795 881 66 21 smal-

1282 906 33 22 ler
1323 909 98 19 streams.
1459 908 42 20 We
1516 907 125 21 descended
1655 910 23 18 at
1686 908 55 20 least
1755 909 53 19 1500
1817 908 46 21 feet

1284 936 24 19 to
1317 932 37 22 the
1371 935 86 25 stream,
1468 933 87 22 crossed
1571 934 17 21 it
1598 934 43 21 and
1658 937 42 18 two
1715 934 25 21 of
1749 934 28 21 its
1794 934 68 22 tribu-

1284 959 73 26 taries,
1367 960 45 21 and
1421 960 52 21 then
1485 960 109 22 ascended
1605 967 13 14 a
1625 960 84 27 ragged
1722 960 59 27 ridge
1792 964 22 18 to
1825 961 36 21 the

1284 986 97 26 opposite
1390 986 60 22 bank
1468 987 25 21 of
1503 987 38 21 the
1557 986 56 21 dark
1626 986 55 28 deep
1697 987 49 26 dell,
1757 988 23 20 in
1789 987 72 21 which

1285 1012 37 22 the
1338 1015 80 19 stream
1434 1013 67 22 flows.
1534 1013 59 22 This'
1604 1013 50 27 dell,
1666 1014 52 21 with
1733 1014 28 21 its
1774 1014 88 22 various

1283 1038 113 28 branches,
1406 1043 99 23 presents
1515 1047 28 14 an
1553 1040 159 27 uncommonly
1719 1041 139 27 picturesque

1284 1071 141 21 appearance,
1436 1066 57 22 from
1509 1066 36 22 the
1562 1069 111 24 steepness
1689 1068 43 20 and
1747 1067 77 27 height
1840 1068 25 20 of

1283 1092 29 21 its
1320 1092 76 27 banks,
1405 1092 73 22 which
1486 1100 36 14 are
1532 1092 92 22 covered
1632 1093 80 22 almost
1720 1093 80 27 wholly
1809 1094 52 21 with

1284 1119 36 21 the
1328 1120 67 20 towai.
1424 1119 53 22 Five
1492 1119 64 22 miles
1572 1126 60 14 more
1649 1120 66 26 along
1729 1127 13 14 a
1759 1120 55 21 dead
1822 1120 40 21 flat

1284 1145 95 27 through
1389 1148 61 18 towai
1459 1146 69 21 forest
1541 1145 96 27 brought
1653 1153 26 14 us
1696 1149 21 18 to
1734 1146 57 22 level
1799 1154 62 18 grass

1283 1172 78 28 plains,
1380 1172 71 23 which
1466 1172 105 22 continue
1587 1175 24 18 at
1624 1172 38 21 the
1677 1180 59 14 same
1752 1173 77 26 height
1839 1181 22 13 as

1285 1198 36 21 the
1330 1198 58 23 table
1398 1200 68 21 forest
1473 1198 62 22 land.
1558 1198 48 21 The
1614 1198 72 28 plains
1697 1200 87 21 seemed
1794 1200 68 21 about

1284 1225 50 21 four
1343 1226 61 21 miles
1412 1226 23 21 in
1445 1225 74 27 width,
1531 1225 43 21 and
1583 1225 105 22 bounded
1698 1233 28 19 qn
1736 1226 69 21 cither
1814 1226 46 21 side

1284 1252 29 26 by
1328 1252 92 22 wooded
1437 1252 58 27 hills,
1513 1252 72 21 whose
1600 1252 101 21 summits
1713 1259 56 14 were
1778 1252 81 22 hidden

1284 1278 30 27 by
1322 1278 62 21 thick
1397 1286 83 14 masses
1496 1278 26 21 of
1533 1278 82 22 clouds.
1644 1278 54 22 This
1706 1278 54 22 kind
1770 1279 25 21 of
1804 1280 59 26 prai-

1284 1306 32 20 rie
1324 1305 19 21 is
1354 1305 69 22 called
1432 1307 68 19 mania
1509 1305 30 27 by
1545 1305 38 21 the
1592 1304 92 23 natives.
1710 1305 21 21 It
1741 1306 18 21 is
1769 1306 93 21 covered

1285 1331 53 22 with
1356 1339 13 14 a
1385 1339 55 20 poor
1453 1333 58 25 tufty
1528 1339 65 19 grass,
1606 1332 52 22 with
1673 1338 13 15 a
1699 1339 52 20 very
1771 1332 91 21 delicate

1285 1358 72 26 blade,
1374 1358 84 28 though
1480 1359 54 21 here
1555 1358 45 21 and
1618 1358 62 22 there
1699 1365 36 14 are
1753 1359 110 21 excellent

1285 1385 90 26 patches
1385 1386 25 21 of
1421 1386 62 21 other
1492 1392 85 20 grasses
1590 1385 49 22 well
1647 1385 64 22 fitted
1724 1385 33 22 for
1767 1388 94 24 pasture.

1286 1412 32 20 At
1325 1412 94 26 twilight
1428 1419 32 14 we
1469 1411 109 27 prepared
1586 1414 23 19 to
1624 1419 93 19 encamp
1727 1415 22 18 at
1759 1410 36 23 the
1807 1412 55 26 edge

1287 1438 25 21 of
1322 1445 14 14 a
1343 1438 62 27 point
1415 1438 25 22 of
1451 1438 63 22 wood
1524 1438 71 21 which
1611 1438 112 28 projected
1732 1438 42 21 like
1790 1445 13 14 a
1813 1446 49 19 pro-

1285 1468 103 24 montory
1396 1465 58 22 from
1468 1465 38 21 the
1522 1469 85 17 eastern
1623 1465 55 27 edge
1695 1465 25 21 of
1730 1464 37 22 the
1776 1466 85 26 prairie.

1286 1490 41 22 We
1337 1491 44 22 had
1391 1499 60 14 some
1465 1491 106 27 difficulty
1583 1494 21 19 to
1613 1491 56 27 light
1678 1499 13 14 a
1703 1491 45 27 fire,
1760 1499 23 14 as
1792 1492 19 21 it
1819 1492 44 21 had

1285 1518 84 28 poured
1382 1518 135 27 incessantly
1532 1518 37 21 the
1586 1518 70 21 whole
1672 1518 55 27 day;
1748 1518 45 21 and
1807 1525 56 15 were

1287 1544 89 26 obliged
1397 1548 22 18 to
1440 1545 47 21 fare
1506 1551 28 14 on
1554 1544 61 21 short
1633 1552 119 18 commons,
1770 1545 44 21 and
1837 1546 28 21 sit

1287 1571 103 27 wrapped
1399 1571 24 22 in
1440 1579 40 14 our
1493 1570 101 23 blankets
1608 1571 29 27 by
1647 1571 37 22 the
1699 1571 45 26 fire,
1754 1571 58 22 until
1826 1572 38 21 the

1287 1598 92 21 warmth
1388 1598 64 22 made
1462 1605 26 14 us
1498 1598 73 26 sleepy
1581 1598 88 26 enough
1685 1601 21 18 to
1720 1602 49 17 turn
1780 1598 23 21 in
1813 1602 50 18 not-

1289 1624 155 27 withstanding
1460 1624 38 22 the
1514 1628 49 17 wet.
1597 1624 52 22 Two
1665 1632 76 20 young
1753 1626 67 19 wekas
1840 1633 23 14 or

1288 1650 137 27 wood-hens,
1436 1652 68 21 about
1519 1658 24 14 as
1557 1650 60 28 large
1634 1659 24 13 as
1672 1659 110 19 sparrows,
1793 1652 72 22 which

1289 1685 36 21 my
1335 1678 43 25 dog
1392 1677 75 28 pulled
1483 1680 39 19 out
1538 1678 24 21 of
1580 1677 55 22 their
1651 1678 92 26 burrow,
1759 1685 56 15 -were
1832 1686 33 14 es-

1289 1703 87 23 teemed
1397 1711 14 15 a
1433 1704 101 23 valuable
1557 1704 98 22 addition
1679 1708 22 17 to
1724 1712 40 14 our
1785 1709 78 23 scanty

1289 1739 85 20 supper.

1316 1758 59 21 25th.
1390 1758 47 22 The
1452 1758 49 21 rain
1510 1757 52 22 had.
1571 1758 120 22 continued
1700 1758 29 22 all
1739 1758 69 28 night,
1819 1758 45 22 and

1289 1791 55 20 gave
1360 1791 29 15 no
1398 1785 60 27 signs
1473 1784 27 22 of
1511 1792 74 20 mercy
1601 1785 42 21 this
1658 1785 102 27 morning
1766 1793 5 19 ;
1785 1786 41 21 but
1843 1793 22 14 as

1291 1819 41 14 one
1342 1812 38 19 wio
1390 1812 43 21 and
1444 1812 24 21 12
1484 1814 100 25 potatoes
1600 1819 56 14 were
1673 1819 39 14 our
1724 1812 69 21 whole
1803 1812 63 22 stock

1291 1838 24 21 of
1325 1838 129 27 provisions,
1468 1838 45 21 and
1530 1845 32 14 we
1575 1845 55 14 were
1647 1838 44 21 still
1706 1838 34 22 far
1753 1839 57 21 from
1819 1847 48 14 *our

1287 1866 115 26 journey's
1419 1864 49 27 end,
1480 1864 65 27 delay
1556 1871 43 14 was
1614 1868 38 18 out
1668 1865 26 21 of
1704 1865 37 22 the
1757 1866 107 26 question.

1291 1892 31 21 At
1332 1892 37 21 the
1379 1892 47 21 first
1439 1892 64 21 dawn
1518 1892 25 20 of
1553 1891 42 27 day
1606 1899 31 13 we
1647 1892 75 25 pulled
1731 1899 29 14 on
1775 1899 40 14 our
1825 1896 43 18 wet

1291 1918 90 26 clothes,
1392 1918 44 21 and
1451 1917 86 22 walked
1546 1918 65 26 eiglit,
1615 1918 64 21 miles
1689 1918 64 26 along
1763 1919 36 20 the
1809 1920 58 25 prai-

1280 1945 47 26 rie,
1339 1945 70 22 which
1419 1946 18 20 is
1446 1945 22 21 in
1480 1951 67 20 many
1554 1948 60 23 parts
1619 1951 98 20 swampy
1724 1945 44 21 and
1774 1946 94 21 covered

1292 1972 51 21 with
1352 1971 83 22 rushes.
1464 1971 42 21 We
1515 1978 51 14 now
1572 1971 86 21 crossed
1668 1979 13 13 a
1691 1971 61 22 small
1762 1972 107 26 tributaiy

1292 1998 25 21 of
1336 1998 36 21 the
1388 1997 133 27 Wanganui,
1539 1997 44 21 and
1599 1997 55 21 after
1670 2001 42 18 two
1727 1998 69 22 miles'
1811 1999 58 21 walk

1292 2024 94 26 Uiroug-li
1397 2031 14 13 b.
1426 2024 46 21 Leli,
1489 2024 26 20 of
1526 2026 60 18 iOtoal
1602 2024 74 27 fuicst,
1687 2031 42 14 uuo
1732 2024 52 26 liter,
1795 2025 73 20 called
1876 2039 2 1 ■

1292 2051 35 20 the
1340 2051 83 20 Tawai.\
1435 2050 47 21 The
1490 2051 127 26 plamsnovv
1623 2051 89 20 seemed
1718 2054 22 17 to
1749 2051 83 21 extend
1840 2058 29 15 on

1292 2084 65 20 every
1376 2077 52 26 side,
1447 2077 44 21 and
1512 2084 22 14 as
1553 2077 37 21 the
1611 2077 95 22 weather
1725 2077 86 22 cleared
1830 2085 36 21 up,

1292 2104 44 21 and
1355 2103 36 22 the
1407 2103 76 21 clouds
1501 2103 70 27 lifted,
1591 2110 31 14 we
1646 2110 45 14 saw
1709 2103 36 22 the
1769 2104 99 27 majestic

1292 2131 67 20 forms
1369 2131 25 20 of
1404 2130 78 27 Tonga
1491 2130 54 21 Riro
1555 2130 44 21 and
1613 2130 36 21 the
1666 2131 84 20 Para'te
1761 2131 29 20 tai
1800 2135 70 22 tonga

1291 2156 90 22 volcano
1390 2157 75 21 within
1474 2164 14 14 a
1496 2157 43 21 few
1543 2157 63 21 miles
1615 2157 24 21 of
1645 2164 25 14 us
1680 2160 21 18 to
1711 2157 35 21 the
1757 2157 111 22 eastward.

1292 2183 101 22 Furthest
1400 2186 23 18 to
1432 2183 36 22 the
1478 2183 122 22 southward
1613 2183 36 28 lay
1658 2184 75 26 Tonga
1743 2183 51 22 Riro
1803 2184 65 27 itself,

1292 2210 93 21 covered
1393 2210 52 21 with
1454 2217 65 14 snow.
1546 2210 54 22 This
1614 2209 18 22 is
1646 2210 37 21 the
1698 2211 111 20 mountain
1819 2218 51 14 seen

1291 2237 55 21 from
1366 2237 79 21 Cook's
1464 2237 81 21 Straits.
1575 2237 22 21 A
1615 2237 41 21 low
1674 2237 60 27 ridge
1753 2238 58 25 joins
1833 2237 37 22 the

1291 2263 102 22 northern
1402 2270 50 21 spur
1461 2264 25 20 of
1492 2264 76 26 Tonga
1574 2263 51 21 Riro
1634 2266 23 18 to
1666 2263 37 22 the
1713 2265 100 20 southern
1818 2264 52 21 base

1292 2289 25 22 of
1323 2290 57 21 Para
1389 2293 22 19 te
1421 2291 30 20 tai
1458 2291 82 26 Tonga,
1547 2298 13 13 a
1566 2290 111 22 mountain
1684 2291 23 20 of
1715 2291 62 27 equal
1786 2291 82 27 height,

1291 2316 39 22 but
1339 2316 84 22 hidden
1436 2317 30 26 by
1474 2317 38 21 the
1527 2318 80 20 former
1615 2317 57 21 from
1681 2317 37 21 the
1733 2318 62 21 south
1804 2320 66 19 coast.

1292 2343 52 22 This
1352 2343 65 22 latter
1430 2343 19 22 is
1463 2343 36 22 the
1513 2343 110 22 mountain
1638 2343 73 22 which
1726 2344 43 21 Mr.
1783 2344 89 21 Bidwill

1292 2370 107 22 ascended
1414 2370 27 22 in
1453 2371 66 26 -1838,
1541 2370 44 22 and
1603 2370 52 22 calls
1673 2371 75 27 Tonga
1785 2371 67 22 Dido.

1292 2397 75 27 Tonga
1381 2397 59 26 Riro,
1457 2397 107 26 however,
1573 2397 19 21 is
1607 2404 12 14 a
1633 2397 87 27 generic
1728 2404 64 15 name
1802 2405 70 14 some-

1292 2423 61 22 times
1367 2423 56 22 used
1437 2424 33 21 for
1484 2423 38 22 the
1538 2423 69 22 whole
1624 2431 59 14 mass
1701 2425 24 20 of
1741 2425 129 21 mountains.

1292 2450 30 22 To
1331 2450 38 22 the
1379 2451 120 21 north-east
1509 2451 25 21 of
1545 2451 37 21 the
1592 2450 96 27 volcano,
1699 2454 41 19 two
1748 2451 74 28 peaks,
1834 2458 38 25 ap-

1292 2477 98 28 parently
1396 2477 83 22 extinct
1488 2477 120 26 volcanoes,
1616 2477 104 28 complete
1730 2478 37 21 the
1775 2479 97 26 gigantic

1291 2509 64 16 mass.
1390 2504 71 22 These
1479 2512 37 14 are
1535 2504 72 22 called
1625 2505 109 24 Ruapehu
1751 2505 44 21 and
1814 2505 58 21 Puki

1294 2530 78 27 Onaki,
1383 2531 45 21 and
1442 2538 37 14 are
1492 2534 40 18 not
1542 2532 69 21 above
1619 2534 43 18 two
1671 2531 69 22 thirds
1748 2531 37 22 the
1796 2531 77 28 height

1294 2557 24 21 of
1328 2557 71 21 either
1416 2557 24 22 of
1457 2557 37 22 the
1512 2557 79 22 others.
1626 2558 49 21 The
1691 2558 69 21 whole
1773 2559 99 21 distance

1292 2584 57 21 from
1367 2584 37 22 the
1423 2585 91 21 summit
1532 2585 25 21 of
1572 2584 56 22 Puki
1647 2585 74 21 Onaki
1740 2588 22 18 to
1776 2585 49 21 that
1849 2586 26 20 of

1293 2611 78 26 Tonga
1389 2611 60 27 Riro,
1469 2618 53 20 may
1537 2611 29 22 be
1582 2612 67 21 about
1663 2613 28 20 20
1710 2611 69 22 miles.
1807 2612 67 21 After

1293 2638 72 26 eating
1374 2637 50 22 half
1435 2645 14 14 a
1463 2637 102 28 widgeon
1579 2637 44 22 and
1639 2641 43 18 two
1696 2641 97 24 potatoes
1809 2639 62 26 each,

1292 2665 33 20 for
1331 2663 113 23 breakfast
1452 2665 46 21 and
1511 2665 85 26 dinner,
1614 2672 33 15 we
1662 2665 85 27 pushed
1760 2672 28 14 on
1805 2665 69 22 about

1293 2692 25 20 12
1327 2691 66 21 miles
1408 2699 53 14 over
1475 2699 14 14 a
1504 2692 80 21 barren
1600 2691 59 27 plain
1675 2696 23 17 to
1714 2691 36 22 the
1766 2691 107 22 northern

1292 2725 51 20 spur
1359 2718 26 21 of
1404 2718 57 22 Puki
1477 2718 80 27 Onaki,
1576 2725 29 14 on
1622 2718 37 21 the
1677 2718 87 27 highest
1781 2722 51 22 part
1850 2719 25 21 of

1294 2743 71 23 which
1383 2752 35 16 we.
1432 2745 73 22 rested
1520 2748 23 18 to
1557 2745 52 21 look
1621 2745 68 21 about
1703 2752 32 15 us.
1772 2745 41 21 We
1830 2745 45 22 had

1289 2771 47 27 just
1344 2771 79 28 passed
1433 2772 58 21 close
1501 2771 70 22 under
1581 2771 36 21 the
1626 2771 53 22 base
1689 2771 26 22 of
1730 2779 13 14 a
1759 2771 63 22 small
1834 2780 38 13 ex-

1292 2798 56 22 tinct
1371 2798 101 27 volcano,
1492 2798 72 22 which
1581 2798 52 21 rises
1649 2798 57 22 from
1725 2799 37 21 the
1779 2802 94 19 western

1293 2824 46 22 side
1359 2825 26 21 of
1404 2825 38 21 the
1461 2825 116 21 mountain
1591 2832 58 14 mass
1665 2828 24 18 to
1704 2825 36 22 the
1758 2825 77 28 height
1852 2826 25 21 of

1293 2852 53 21 1400
1353 2859 25 13 or
1387 2853 52 20 1500
1449 2851 52 27 feet,
1515 2851 45 22 and
1573 2851 86 22 crossed
1667 2852 37 21 the
1715 2852 134 27 Wakapapa,
1861 2860 14 14 a

1292 2878 60 27 large
1363 2879 107 26 tributary
1480 2877 26 23 of
1517 2879 36 21 the
1567 2878 139 27 Wanganui.
1731 2879 52 21 This
1793 2883 82 18 stream

1293 2904 62 22 takes
1364 2905 29 22 its
1402 2905 44 21 rise
1459 2905 58 22 from
1533 2913 13 13 a
1559 2905 63 21 small
1631 2905 58 27 lake,
1699 2905 95 22 situated
1803 2909 22 18 to
1837 2907 36 21 the

1293 2931 112 22 westward
1416 2931 24 22 of
1451 2932 38 21 the
1499 2933 76 20 lowest
1585 2935 48 24 part
1642 2932 26 21 of
1685 2932 36 22 the
1728 2933 62 26 ridge
1800 2933 73 22 which

1292 2958 73 22 unites
1375 2959 78 26 Topga
1462 2959 53 22 Riro
1532 2962 21 18 to
1569 2959 56 21 Para
1634 2962 28 18 .te
1676 2959 30 22 tai
1720 2962 73 23 tonga.
1827 2960 48 21 The

1289 2984 53 22 •lake
1352 2985 18 21 is
1378 2985 24 21 in
1411 2985 37 21 the
1458 2986 83 21 middle
1556 2986 31 21 of.
1599 2993 14 13 a
1629 2985 62 28 large
1705 2986 91 21 circular
1811 2986 64 22 basin

1294 3011 25 21 of
1327 3011 72 28 rocks,
1408 3011 44 23 five
1463 3020 24 14 or
1496 3013 35 21 six
1538 3012 62 22 miles
1610 3012 23 22 in
1645 3012 112 27 diameter,
1773 3013 73 21 which
1856 3013 19 21 is

1294 3037 71 23 stated
1373 3039 30 26 by
1412 3038 38 22 the
1460 3039 85 22 natives
1552 3042 22 18 to
1585 3039 57 22 have
1652 3046 56 15 once
1717 3040 57 21 been
1783 3039 37 21 the
1834 3039 41 22 site

1294 3064 25 22 of
1335 3065 83 22 Mount
1433 3065 104 28 Egmont.
1576 3065 37 21 On
1628 3066 127 27 quarreling
1771 3065 52 22 with
1840 3066 35 21 his

1293 3091 73 22 friend
1381 3092 78 27 Tonga
1476 3093 55 21 Riro
1548 3091 68 23 about
1630 3093 38 20 the
1686 3093 113 21 affections
1816 3092 26 22 of
1861 3100 14 14 a

1293 3118 65 22 small
1368 3119 101 22 volcanic
1480 3119 114 22 mountain
1605 3119 23 21 in
1638 3119 38 21 the
1686 3119 187 27 neighbourhood,

1292 3144 73 23 .which
1374 3145 19 22 is
1403 3145 72 22 stated
1484 3150 23 17 to
1517 3146 27 21 be
1553 3153 14 13 a
1582 3145 51 26 lady
1646 3145 115 22 mountain
1776 3145 25 21 of
1816 3150 59 17 most

1292 3171 133 28 fascinating
1438 3179 143 20 appearance,
1599 3171 37 22 old
1647 3172 113 21 Taranak*
1767 3171 21 22 is.
1794 3172 49 21 said
1851 3175 24 19 to

1293 3197 56 23 have
1354 3202 50 18 torn
1411 3206 30 20 up
1444 3199 36 21 his
1484 3199 68 27 rocky
1555 3198 143 22 foundations
1701 3198 57 22 from
1764 3198 43 22 this
1811 3199 62 21 basin

1294 3225 43 21 and
1346 3225 42 21 left
1402 3225 37 22 the
1447 3226 82 27 ragged
1545 3225 44 22 and
1606 3225 118 27 splintered
1738 3225 65 26 edges
1820 3228 23 18 to
1857 3225 18 21 it

1282 3251 82 23 .which
1374 3253 138 26 are'poirtted
1522 3255 38 19 out
1570 3259 22 15 as
1602 3251 77 28 proofs
1685 3252 28 21 of-
1716 3251 39 22 the
1762 3251 52 23 fact.
1839 3251 35 23 He

1293 3278 53 21 then
1355 3277 62 23 clove
1425 3279 74 27 arpa'th
1505 3279 95 26 through
1609 3278 115 21 mountain
1728 3278 45 22 and
1778 3279 65 21 .wood
1850 3281 24 19 tor

1293 3304 36 22 the
1336 3308 116 23 sea-coast,
1462 3301 88 30 and/the
1557 3305 126 26 Wanganui
1689 3312 81 20 sprang
1776 3312 31 21 up.
1810 3305 23 21 in
1841 3305 34 21 his

1294 3331 35 21 old
1343 3331 47 27 site,
1407 3333 46 21 and
1461 3332 104 25 fpllowed
1578 3332 35 21 his
1621 3332 106 27 footsteps
1743 3334 23 19 to
1776 3332 37 21 the
1830 3339 43 14 sea.

1294 3358 28 21 So
1330 3365 54 15 runs
1391 3358 37 22 the
1435 3359 169 26 nativ&legend,
1616 3358 45 22 and
1666 3358 37 22 the
1710 3358 61 22 basin
1778 3359 19 21 is
1804 3358 71 22 called

1292 3388 23 18 to
1324 3385 43 21 this
1382 3385 43 26 day
1435 3385 50 22 Rua
1498 3385 111 22 Taranaki
1621 3392 25 14 or
1661 3385 129 21 Taranaki's
1807 3385 65 27 dyke.

1293 3411 22 21 It
1324 3415 58 18 most
1390 3412 69 28 likely
1468 3412 69 30 r£fers
1551 3415 22 18 to
1584 3419 60 14 some
1654 3411 141 22 tremendous
1811 3418 63 21 erup-

1293 3438 57 21 tions
1360 3438 26 22 of
1392 3439 161 22 nature-which
1562 3438 56 22 have
1632 3438 111 22 doubtless
1753 3441 49 18 torn
1813 3438 61 22 these

1292 3464 82 22 islands
1385 3468 22 18 at
1416 3472 31 14 no
1456 3472 54 20 very
1519 3465 82 21 distant
1615 3465 62 21 date.
1702 3465 35 21 On
1751 3465 37 21 the
1797 3462 78 24 north-

1293 3495 86 17 eastern
1395 3491 46 22 side
1452 3492 25 21 of
1489 3492 38 21 the
1537 3499 57 20 spur,
1606 3499 31 13 we
1654 3491 89 22 crossed
1751 3491 37 21 the
1805 3491 70 22 Wan-

1291 3518 68 27 ganui
1373 3518 66 27 itself,
1452 3518 73 22 where
1533 3519 17 21 it
1561 3519 49 26 just
1623 3518 90 21 trickles
1721 3518 100 21 between
1837 3518 37 22 the

1292 3548 73 18 stones
1376 3543 73 23 which
1461 3545 58 21 form
1532 3545 28 21 its
1574 3544 49 26 bed,
1630 3557 3 4 >
1640 3544 45 22 and
1699 3545 18 21 is
1726 3547 40 19 not
1774 3545 71 21 above
1860 3552 13 14 a

1291 3571 54 26 yard
1353 3571 65 21 .wide.
1448 3571 21 22 It
1477 3571 55 22 rises
1539 3571 57 21 from
1607 3571 36 21 the
1654 3571 66 21 N.W.
1731 3571 45 21 side
1784 3571 27 21 of
1817 3571 57 23 Puki

1292 3597 80 27 Onaki,
1380 3597 45 22 and
1431 3598 56 22 after
1492 3598 68 27 being
1567 3597 89 22 swollen
1664 3598 30 27 by
1702 3597 37 21 the
1747 3597 128 29 Wakapapa

1291 3624 130 27 andTawai,
1432 3624 60 22 flows
1501 3625 33 21 far
1543 3624 138 22 towardsthe
1690 3624 93 22 W.S.W.
1807 3625 67 22 From

1291 3651 36 21 the
1338 3651 87 26 highest
1433 3654 50 25 part
1493 3651 26 21 of
1530 3658 40 14 our
1578 3651 59 27 path,
1649 3658 32 14 we
1693 3650 65 22 could
1768 3653 58 20 trace
1837 3651 37 23 the

1292 3677 83 22 broken
1391 3681 94 23 country
1493 3677 87 22 formed
1593 3677 29 28 by
1635 3678 29 21 its
1675 3677 71 28 valley
1755 3677 34 22 for
1803 3685 70 21 many

1292 3704 63 22 miles
1367 3703 189 28 falmostdirectly
1566 3703 93 23 towards
1673 3704 81 22 Mount
1769 3704 105 27 Egmont.

1291 3731 47 21 The
1347 3730 72 22 whole
1436 3734 94 25 country
1539 3735 21 17 to
1575 3732 38 20 the
1621 3730 37 22 W.
1676 3731 44 21 and
1734 3731 51 21 S.W
1802 3739 72 15 seems

1291 3764 41 14 one
1340 3764 38 14 sea
1385 3757 26 22 of
1418 3757 92 22 wooded
1517 3757 122 22 mountain.
1658 3757 47 21 The
1713 3757 106 23 northern
1828 3759 46 21 side

1291 3783 25 22 of
1329 3783 58 22 Puki
1402 3784 67 21 oriaki
1486 3783 70 28 slopes
1574 3783 64 22 down
1658 3790 53 21 very
1726 3784 109 28 suddenly
1851 3789 23 18 to

1291 3810 35 22 the
1338 3810 75 22 shores
1421 3810 25 22 of
1452 3817 13 15 a
1474 3809 64 23 small
1547 3809 59 27 lake,
1617 3809 72 23 called
1697 3811 57 22 Roto
1765 3812 52 26 aira,
1830 3812 45 22 and

1290 3839 39 19 not
1339 3837 57 21 Roto
1405 3837 68 27 iti,'as
1483 3837 45 21 Mr.
1539 3836 85 22 Bidwill
1630 3837 54 22 calls
1690 3838 18 21 it
1713 3838 22 22 in
1743 3837 33 23 his-

1388 3863 37 21 On
1440 3863 38 23 the
1496 3866 93 19 western
1607 3863 46 22 side
1669 3864 27 22 of
1706 3865 42 21 this
1763 3865 56 26 lake,
1837 3865 37 23 the

1280 3910 2 9 ,
1289 3889 53 23 land
1352 3890 18 21 is
1376 3889 40 22 flat
1424 3889 45 23 and
1476 3889 59 30 cl^ar
1542 3890 35 22 for
1585 3890 59 26 eight
1652 3898 25 14 or
1684 3895 37 17 ten
1728 3891 69 25 miles,
1809 3891 64 23 when

1287 3916 20 22 it
1319 3917 104 22 becomes
1435 3916 56 27 hilly
1500 3916 44 22 and
1553 3917 100 27 wooded,
1668 3917 82 26 though
1767 3925 13 13 a
1789 3918 84 22 branch

1289 3943 26 22 of
1321 3944 38 22 the
1368 3943 80 27 prairie
1456 3943 61 23 there
1527 3951 53 15 runs
1590 3947 23 19 to
1619 3943 38 23 the
1665 3945 131 23 northward,
1826 3945 47 22 The

76 3372 26 20 To
112 3373 35 21 the
155 3373 75 21 Editor
239 3375 23 28 of
262 3375 48 28 the
346 3376 53 19 New
410 3376 96 19 Zealand
516 3376 86 21 Gazette
612 3377 41 20 and

226 3402 125 21 Wellington

106 3435 53 28 Sir,
161 3448 33 5 —
194 3435 13 24 I
218 3444 38 16 am
274 3437 98 24 induced
389 3442 23 19 to
431 3438 88 23 trouble
536 3446 47 23 you
600 3439 52 24 with

72 3467 46 24 this
125 3466 77 25 'notice
213 3469 25 23 of
254 3477 29 16 an
294 3478 134 17 occurrence
440 3472 26 23 of
480 3471 87 31 to-day,
579 3472 73 24 which

71 3500 44 24 has
135 3501 68 23 much
225 3503 114 30 surprised
361 3504 45 24 and
427 3505 26 23 in
481 3513 63 15 some
572 3505 80 32 degree

73 3533 99 24 alarmed
190 3542 44 16 me.
269 3535 14 24 I
302 3536 74 25 allude
393 3542 23 19 to
436 3538 39 23 the
496 3546 80 23 escape
596 3539 56 23 from

71 3566 42 32 jail
123 3566 36 23 for
170 3566 37 24 the
219 3568 84 24 second
319 3570 53 23 time
384 3571 26 23 of
424 3579 14 15 a
456 3579 54 16 man
522 3573 128 23 committed

74 3604 23 19 to
108 3599 54 24 take
172 3599 36 24 his
219 3600 52 24 trial
288 3601 36 24 for
336 3606 41 20 two
390 3604 86 24 several
490 3605 105 24 felonies.
630 3606 22 23 It

74 3636 94 28 appears
179 3632 50 24 that
248 3634 60 23 since
319 3634 36 24 his
369 3636 52 24 first
438 3645 87 24 escape,
538 3639 45 23 and
599 3639 53 23 sub-

74 3669 95 28 sequent
190 3671 130 26 re-capture
341 3668 31 31 by
393 3669 38 24 the
454 3670 62 25 chief
530 3672 122 30 constable,

72 3699 29 23 he
122 3698 41 24 has
181 3698 57 24 been
255 3700 85 24 ironed.
376 3702 66 29 Now,
458 3703 50 25 how
525 3705 30 23 he
572 3705 80 24 should

73 3732 56 24 have
141 3733 56 23 been
208 3732 94 24 allowed
313 3734 66 30 again
400 3739 22 19 to
443 3744 87 24 escape,
541 3738 57 24 with
616 3738 36 30 the

73 3766 60 23 irons
153 3761 36 28 on'
201 3765 35 24 his
257 3766 56 31 legs,
335 3775 14 14 a
365 3767 63 30 large
447 3770 69 29 pistol
532 3769 93 33 (stolen,
639 3772 13 24 I

75 3797 92 31 believe,
184 3798 59 24 from
262 3799 40 24 the
319 3798 53 33 jail)
384 3800 31 31 by
425 3801 37 24 his
482 3803 55 30 side,
549 3804 46 24 and
612 3813 40 23 ap-

74 3832 101 31 parently
185 3832 145 30 intoxicated,
341 3832 14 24 I
366 3841 37 15 am
412 3837 24 19 at
446 3834 46 26 loss
504 3841 23 18 to
539 3839 112 28 conceive,

75 3864 92 24 without
177 3865 134 32 attributing
330 3874 67 22 gross
408 3867 89 31 neglect
516 3873 21 19 to
550 3870 38 24 the
599 3879 53 23 per-

76 3903 52 16 sons
139 3898 23 23 in
174 3898 81 31 charge
266 3898 26 24 of
306 3898 38 25 the
354 3900 87 31 prison.
477 3900 56 25 Had
543 3902 28 24 he
583 3904 67 24 taken

78 3931 22 20 to
117 3929 37 25 the
170 3931 65 30 bush,
249 3933 87 23 instead
355 3933 26 25 of
402 3933 106 31 loitering
528 3935 69 25 about
614 3937 38 24 the

674 768 29 20 To
713 768 34 20 the
755 768 78 21 Editor
840 767 27 26 of
879 768 43 20 the
950 768 52 20 New
1012 768 93 20 Zealand
1117 767 87 21 Gazette
1212 767 43 21 and

830 795 124 26 Wellington

707 831 88 30 Sir,—
795 831 14 23 l
831 831 55 23 send
907 838 45 23 you
973 839 13 15 a
1004 831 64 23 short
1085 834 94 19 account
1197 831 26 22 of
1243 838 9 15 a

676 868 74 19 recent
767 864 47 30 trip
830 864 47 23 into
897 864 39 23 the
953 864 101 28 interior,
1066 862 74 24 which
1158 871 54 22 may
1226 863 26 23 be

676 897 22 23 of
707 904 61 16 some
784 897 94 23 interest
889 900 23 19 to
924 904 56 23 your
990 895 99 29 readers,
1101 895 46 23 and
1157 896 95 28 remain,

773 936 46 28 Sir,
831 942 54 23 your
898 935 104 23 obedient
1013 939 98 24 servant,

824 968 30 23 E.
873 968 176 23 Jerningham
1066 968 171 24 Wakefield.

676 1001 146 25 Wellington,
833 1000 83 24 March
929 1003 38 23 14,
981 1003 73 21 1842.
1143 1005 5 3 '
1186 1015 5 6 .

701 1040 35 21 On
744 1039 39 21 the
792 1038 39 22 9th
840 1038 24 21 of
870 1038 128 23 November
1005 1038 49 28 last,
1066 1038 12 23 I
1087 1038 40 23 left
1136 1038 37 23 the
1183 1039 82 22 settle-

673 1068 61 19 ment
742 1068 23 18 at
774 1064 37 22 the
821 1064 75 21 mouth
911 1065 25 21 of
947 1065 37 21 the
995 1065 125 31 Wanganui
1132 1066 63 26 river,
1212 1066 46 22 and

673 1091 110 22 ascended
792 1091 38 22 the
838 1091 58 22 river
906 1091 68 22 about
983 1092 38 21 100
1036 1092 69 26 miles,
1117 1091 24 22 to*
1153 1100 14 14 a
1172 1092 84 28 village

674 1118 71 22 called
759 1118 63 22 Tata.
850 1118 70 26 Being
936 1118 94 27 delayed
1044 1118 31 28 by
1087 1119 47 22 rain
1149 1127 40 14 one
1205 1120 49 31 day,

673 1152 33 15 we
721 1144 40 22 did
774 1147 39 19 not
825 1144 66 21 reach
905 1144 44 22 this
964 1145 55 21 until
1032 1152 57 15 noon
1104 1153 27 14 on
1145 1146 36 21 the
1197 1145 58 22 15th.

674 1171 92 28 Beyond
774 1171 33 22 Te
816 1171 45 21 Icau
866 1171 113 27 Arapawa,
986 1172 73 21 Avhich
1071 1172 10 21 1
1091 1172 57 22 have
1153 1172 105 27 formerly

673 1197 126 22 mentioned
812 1198 24 21 in
849 1204 57 20 your,
912 1205 74 20 pages,
997 1198 37 21 the
1049 1199 125 27 navigation
1183 1199 26 21 of
1218 1199 38 22 the

673 1225 59 22 river
744 1225 20 21 is
779 1224 123 22 obstructed
918 1228 28 24 by
960 1225 101 27 frequent
1075 1225 73 27 rapids
1162 1233 24 14 or
1198 1225 56 27 falls,

675 1251 81 22 caused
769 1251 30 27 by
814 1250 164 30 shingle-banks
993 1259 23 14 or
1030 1259 69 20 snags,
1116 1252 60 21 there
1191 1252 67 27 being

675 1286 24 13 as
717 1285 67 19 many
802 1285 24 14 as
843 1278 126 26 twenty-six
984 1278 25 21 in
1026 1278 39 21 the
1079 1281 53 18 next
1146 1279 26 21 50
1186 1279 69 21 miles.

675 1304 47 23 The
732 1311 91 20 scenery
830 1304 107 28 improves
950 1304 25 22 in
988 1304 123 28 proportion
1126 1311 23 15 as
1158 1305 37 22 the
1204 1305 54 22 land

675 1331 150 27 immediately
831 1338 26 14 on
863 1331 36 21 the
908 1331 71 22 banks
989 1334 101 19 becomes
1098 1332 47 25 less,
1150 1332 107 21 available

676 1358 44 21 and
735 1365 51 20 easy
795 1358 26 21 of
833 1365 71 14 access
911 1365 6 19 ;
932 1358 40 21 hut
979 1358 39 21 the
1031 1358 74 21 native
1120 1358 136 27 plantations,

676 1392 24 14 as
717 1384 49 22 well
785 1391 24 15 as
827 1384 138 26 settlements,
985 1391 36 14 are
1045 1384 88 28 prettily
1151 1386 107 21 scattered

676 1411 64 27 along
754 1411 54 22 both
827 1410 55 22 sides
896 1410 39 22 the
949 1410 69 22 whole
1036 1418 50 20 way
1103 1418 36 20 yip.
1155 1414 2 5 '
1168 1412 91 21 Besides

675 1445 116 14 numerous
810 1437 62 22 small
889 1437 97 27 villages,
1004 1437 12 22 I
1030 1437 80 28 passed
1124 1439 26 21 13
1163 1438 96 22 fortified

676 1464 89 28 villages
781 1471 24 14 or
819 1464 59 28 pahs,
894 1464 26 21 of
931 1464 72 22 which
1019 1466 26 20 10
1059 1471 37 15 are
1111 1471 29 14 on
1155 1464 37 22 the
1206 1468 53 19 west

676 1491 66 22 bank.
772 1490 48 23 The
837 1490 106 28 principal
962 1497 50 15 ones
1031 1498 38 14 are
1087 1491 64 22 Tunu
1164 1492 52 26 aire,
1234 1492 25 22 15

677 1518 63 22 miles
758 1517 58 22 from
830 1515 36 24 the
881 1524 50 20 sea;
951 1518 114 27 Ikurangi,
1081 1519 39 26 60;
1141 1518 117 27 Pukihika,

678 1545 26 22 70
710 1553 5 19 ;
727 1544 43 22 and
777 1544 97 28 Pipiriki,
882 1546 26 19 SO
917 1544 62 21 miles
984 1551 29 21 xxp
1019 1545 37 21 the
1065 1544 59 22 river
1131 1552 5 14 :
1148 1544 111 23 Pukihika

677 1572 19 21 is
705 1571 37 22 the
751 1572 82 26 largest
841 1577 40 15 one
891 1570 26 22 of
923 1571 35 26 all,
965 1571 66 27 being
1040 1571 24 22 in
1073 1571 45 22 fact
1127 1578 13 14 a
1146 1571 113 22 collection

678 1598 25 22 of
715 1598 61 27 eight
790 1605 24 14 or
826 1598 51 21 nine
891 1598 64 21 small
968 1598 55 26 pahs
1037 1605 29 14 on
1080 1605 12 14 a
1106 1598 154 27 commanding

677 1624 40 22 hill
727 1632 28 14 on
764 1624 36 22 the
810 1628 53 18 west
877 1624 65 27 bank,
953 1624 72 23 which
1038 1625 42 21 has
1093 1625 57 21 been
1164 1625 97 31 recently

678 1651 96 22 selected
787 1652 31 26 by
826 1651 37 21 the
871 1650 77 23 united
962 1652 134 21 inhabitants
1105 1652 25 21 of
1137 1651 124 28 Wanganui

678 1685 25 15 as
720 1685 14 14 a
751 1678 63 28 place
833 1678 24 21 of
873 1677 91 23 defence
983 1678 87 27 against
1086 1678 57 21 their
1161 1685 100 15 common

679 1705 95 22 enemies
795 1704 56 22 from
873 1704 84 27 Taupo,
977 1705 109 26 Waikato,
1110 1711 24 15 or
1157 1705 102 22 Rotorua.

680 1732 64 21 From
764 1731 91 28 Pipiriki
868 1734 23 19 to
909 1732 63 26 Tata,
987 1731 37 22 the
1040 1738 90 19 scenery
1143 1731 19 22 is
1176 1732 85 26 magni-

678 1758 72 26 ficent,
755 1758 40 21 the
804 1758 58 21 river
870 1757 87 28 flowing
965 1759 99 21 between
1074 1758 53 21 clifts
1138 1760 39 19 100
1185 1758 46 21 feet
1238 1758 23 21 in

678 1785 84 27 height,
772 1784 87 28 fringed
867 1784 53 22 with
929 1785 80 27 foliage
1019 1785 44 21 and
1077 1791 81 15 mosses
1167 1784 63 23 down
1239 1788 22 19 to

679 1812 37 21 the
735 1812 89 25 water's,
838 1810 63 30 edge,
922 1812 63 21 while
1000 1812 37 21 the
1052 1811 63 22 wood
1129 1818 30 15 on
1161 1818 2 5 1
1171 1811 38 22 the
1225 1814 36 25 top

678 1838 70 28 hangs
757 1838 34 21 far
806 1845 51 14 over
865 1833 37 26 the
918 1841 80 18 stream
1005 1838 58 21 from
1078 1838 52 21 both
1140 1838 64 21 sides.
1234 1838 27 22 In

679 1865 43 22 this
731 1867 49 26 part
788 1864 37 22 the
835 1864 50 28 only
891 1864 53 28 path
953 1868 23 18 to
984 1865 37 21 the
1032 1864 131 22 settlements
1172 1865 89 22 consists

680 1892 25 21 of
717 1899 13 14 a
737 1891 55 22 rude
801 1892 41 21 but
856 1894 72 24 strong
941 1891 84 27 ladder,
1038 1891 118 27 consisting
1171 1891 24 22 of
1205 1895 57 18 trees

680 1918 44 22 and
739 1920 77 19 tcareau
835 1925 22 14 or
875 1918 143 27 supple-jack,
1033 1918 106 26 reaching
1155 1918 57 22 from
1225 1917 39 23 the'

679 1948 66 19 water
755 1948 21 19 to
786 1946 37 21 the
833 1948 42 23 top.
904 1944 60 22 Such
974 1952 44 14 was
1032 1944 38 21 the
1084 1944 53 27 path
1151 1944 30 28 by
1190 1945 72 22 which

679 1979 33 14 we
730 1972 97 21 climbed
843 1978 30 20 up
887 1974 23 18 to
925 1972 61 26 Tata,
1003 1972 108 29 upwards^
1120 1971 25 20 of
1157 1973 39 20 100
1210 1972 51 21 feet.

680 1998 61 21 Here
751 1998 37 21 the
798 1997 61 22 chief
872 1997 19 21 E
902 1997 70 26 Kuru,
983 1993 52 26 with
1045 1997 31 21 all
1089 1997 35 21 his
1131 1997 79 27 family
1219 1998 44 21 and

680 2024 132 25 adliorsiits,-
819 2030 71 14 -wara-
906 2023 75 21 dvawii
999 2031 38 19 -up
1046 2033 3 4 •
1061 2026 23 18 to
1105 2024 92 20 receive-
1216 2031 46 13 inc.

680 2050 37 21 He
735 2050 41 21 has
793 2058 15 13 a
825 2049 48 21 nice
972 2049 122 22 settlement
1113 2056 28 14 on
1159 2049 36 22 the
1216 2050 45 27 flat,

679 2077 73 21 which
758 2076 103 27 reaches,,
866 2075 68 22 about
939 2077 42 21 300
990 2076 66 27 yards
1064 2076 23 21 in
1094 2075 100 27 breadth,
1205 2076 57 22 from

680 2103 37 22 the
729 2103 54 27 edge
793 2103 26 21 of
831 2102 35 22 the
877 2102 47 22 cliff
932 2106 22 18 to
964 2102 38 22 the
1011 2102 59 22 hills.
1098 2102 47 22 The
1155 2106 55 18 next
1219 2103 44 27 day

681 2129 65 24 I/was
757 2129 80 27 guided
845 2129 30 27 by
883 2129 38 21 the
927 2129 85 21 natives
1019 2132 24 18 to
1049 2136 12 14 a
1069 2129 113 21 mountain
1191 2129 72 22 called

680 2157 101 27 Aurupu,
806 2156 58 22 close
882 2158 22 19 to
923 2155 37 22 the
979 2156 59 22 river
1056 2156 68 21 about
1141 2158 42 20 two
1200 2157 63 21 miles

680 2183 78 27 higher
773 2190 37 20 up,
824 2183 57 21 from
896 2182 72 22 which
979 2183 12 21 I
1005 2185 40 24 got
1057 2190 14 14 a
1082 2183 56 21 view
1149 2183 25 21 of
1186 2183 78 27 Tonga

680 2209 53 22 Riro
740 2210 46 21 and
793 2210 82 21 Mount
881 2209 104 26 Egmont.
1009 2204 73 27 There
1089 2209 18 21 is
1113 2216 29 14 an
1150 2211 113 20 extensive

680 2238 56 20 tract
745 2235 25 23 of
777 2236 46 22 fine
830 2235 92 23 wooded
931 2238 93 25 country
1034 2235 31 22 all
1075 2236 66 21 about
1149 2235 60 28 here,
1220 2240 42 18 not

680 2270 54 20 very
748 2263 62 27 hilly,
828 2262 44 22 and
887 2263 133 27 possessing'
1033 2270 28 14 an
1081 2263 121 27 extremely
1216 2263 49 22 rich

682 2290 49 22 soil.
739 2312 4 3 .
760 2289 28 22 In
805 2296 68 20 many
881 2289 81 27 places,
978 2289 88 22 cleared
1074 2289 34 27 .by
1117 2289 37 22 the
1169 2289 94 28 natives,

682 2316 58 22 there
757 2323 36 15 are
810 2319 66 19 tracts
885 2316 27 22 of
929 2317 41 21 500
980 2324 24 13 or
1013 2318 41 20 600
1064 2323 61 15 acres
1139 2315 73 23 where
1226 2317 37 21 the

678 2343 82 28 plough
776 2343 66 22 could
849 2343 28 21 be
885 2343 63 22 used.
977 2343 47 21 The
1040 2343 75 21 native
1129 2343 134 27 plantations

680 2377 29 15 on
722 2369 56 23 both
791 2369 57 22 sides
859 2369 25 22 of
896 2369 38 22 the
949 2369 59 22 river
1021 2377 38 14 are
1076 2376 53 21 very
1143 2370 120 22 extensive.

681 2397 65 21 After
763 2396 105 28 enjoying
884 2396 38 22 the
932 2397 63 26 view,
1011 2404 34 14 we
1055 2396 124 22 descended
1193 2400 23 18 to
1226 2397 37 22 the

680 2423 77 22 river's
766 2423 67 27 bank,
848 2422 45 22 and
902 2423 119 21 crossed-in
1033 2430 13 14 a
1056 2430 68 14 canoe
1133 2426 22 18 to
1165 2423 76 26 Tieke,
1252 2431 13 14 a

679 2450 61 27 large
749 2450 132 25 settlement,
896 2450 117 22 inhabited
1026 2450 30 27 by
1064 2449 79 28 people
1153 2450 81 27 chiefly
1243 2451 25 21 of

680 2477 37 21 the
727 2477 116 27 Ngatiawa
857 2476 63 22 tribe.
948 2477 62 21 Here
1026 2476 63 22 there
1097 2477 20 21 is
1126 2484 13 14 a
1154 2477 110 22 beautiful

680 2506 132 20 monument
821 2503 23 22 in
853 2503 87 22 honour
950 2503 26 22 of
982 2511 13 14 a
1005 2503 57 22 dead
1073 2503 145 23 chieftainess.

681 2531 99 26 consists,
790 2538 23 14 as
819 2530 68 27 usual,
897 2530 27 22 of
928 2538 13 14 a
948 2530 61 27 large
1018 2538 69 14 canoe
1094 2531 63 21 stuck
1164 2531 99 27 upright;

680 2557 47 21 and
735 2557 19 22 is
770 2559 27 20 30
807 2557 44 22 feet
864 2556 61 28 high,
941 2557 147 22 ornamented
1101 2557 54 21 with
1172 2558 93 27 carving

680 2584 153 28 representing
845 2583 62 22 three
922 2583 82 28 figures
1021 2583 105 27 standing
1134 2591 43 15 one
1191 2588 23 18 at
1227 2585 38 22 the

673 2614 44 24 -top
727 2611 26 21 of
766 2611 38 21 the
819 2610 80 22 other's
914 2610 65 22 head.
1007 2611 49 22 The
1070 2611 163 28 workmanship
1246 2612 19 21 is

680 2641 58 18 most
754 2637 117 27 elaborate,
885 2637 99 28 scarcely
999 2645 13 14 a
1026 2645 79 20 square
1122 2638 52 25 ijach
1189 2638 26 21 of
1227 2639 38 21 the

681 2665 62 21 wood
752 2665 69 26 being
829 2664 40 22 left
877 2664 61 27 plain
946 2672 5 19 ;
964 2664 45 22 and
1018 2664 38 22 the
1066 2664 98 22 whole-is
1173 2665 92 27 painted

680 2691 54 22 with
737 2691 39 22 red
783 2690 65 23 ochre
854 2691 43 21 and
902 2691 89 27 fringed
995 2691 52 22 with
1052 2691 213 23 albatrossfeathers.

680 2717 48 23 The
743 2721 43 19 two
801 2725 53 15 men
870 2718 50 22 who
937 2717 81 23 carved
1033 2718 19 22 it
1067 2717 46 23 told
1129 2726 36 14 me
1179 2719 17 21 it
1212 2719 54 22 took

680 2744 59 22 them
760 2745 34 21 six
812 2744 72 22 weeks
897 2748 25 18 to
940 2745 116 27 complete.
1094 2745 12 21 I
1121 2745 106 24 returned
1243 2749 22 18 to

680 2771 56 22 Tata
750 2771 25 22 in
790 2778 14 15 a
813 2778 75 15 canoe.
917 2771 22 22 It
948 2778 45 15 was
1009 2774 40 19 not
1058 2771 34 22 till
1105 2771 38 22 the
1152 2772 52 21 19th
1218 2772 48 22 that

681 2806 38 19 my
735 2801 64 24 party
809 2798 72 22 where
898 2798 31 22 all
943 2798 68 27 ready
1024 2802 24 18 to
1064 2802 55 18 start
1131 2798 35 22 for
1181 2799 83 27 Taupo.

681 2825 36 21 On
727 2824 49 22 that
784 2825 45 26 day
837 2832 32 14 we
878 2828 40 23 got
931 2825 48 21 into
988 2826 38 20 the
1036 2832 88 19 canoes,
1136 2825 45 22 and
1189 2826 76 27 pulled

682 2851 63 22 down
765 2851 132 22 about'four
913 2851 64 22 miles
995 2855 23 18 to
1034 2852 39 21 the
1087 2851 63 27 place
1163 2852 73 22 where
1252 2860 14 15 a

681 2878 109 27 tributary
808 2877 70 22 called
897 2878 132 28 Manganui,
1049 2886 26 14 or
1088 2878 63 27 large
1165 2879 97 26 .branch,

680 2904 61 27 fl.ows
759 2905 48 21 into
821 2904 38 22 the
874 2904 133 27 Wanganui.
1035 2905 55 22 This
1105 2912 34 14 we
1153 2906 112 21 ascended

682 2931 68 22 about
765 2934 44 18 two
823 2931 69 26 miles,
908 2930 38 23 the
956 2931 87 22 natives
1056 2931 106 28 jumping,
1168 2936 39 18 out
1220 2933 46 21 and

680 2957 103 28 tracking
791 2957 39 22 the
838 2964 81 15 canoes
928 2964 30 21 up
966 2958 81 27 rapids,
1063 2959 85 21 several
1157 2959 26 21 of
1194 2959 72 22 which

680 2983 45 23 had
735 2992 14 14 a
758 2983 39 23 fall
807 2984 26 21 of
838 2984 34 22 six
880 2983 54 23 feet.
957 2984 47 22 The
1014 2985 126 27 Manganui
1153 2986 45 21 also
1212 2994 53 14 runs

680 3011 101 21 between
789 3011 60 26 cliffs,
861 3011 40 21 but
910 3011 78 27 nearly
993 3013 41 20 200
1044 3012 45 21 feet
1096 3011 24 22 in
1127 3011 84 28 height,
1221 3013 45 22 and

681 3037 18 21 is
717 3037 115 22 inhabited
847 3044 24 15 as
884 3037 37 22 far
974 3045 24 15 as
1013 3045 33 14 we
1057 3042 60 18 went
1130 3039 49 22 that
1194 3040 71 26 night.

681 3063 41 23 We
732 3063 57 28 slept
797 3067 24 18 at
831 3071 13 14 a
852 3064 129 22 settlement
989 3064 72 23 called
1075 3065 54 25 Mo.c
1139 3068 91 25 awatea,
1242 3074 24 13 or

681 3090 267 28 sleep-in-the-day~time,
967 3091 44 22 and
1019 3091 125 27 proceeded
1159 3093 38 21 the
1212 3096 54 19 next

681 3118 110 26 morning,
806 3117 65 22 .after
889 3118 99 26 crossing
1007 3121 39 19 the
1063 3119 60 21 river
1139 3119 64 24 twice
1224 3120 42 21 im-

680 3144 120 27 mediately
810 3145 75 26 above,
903 3145 97 26 through
1012 3145 57 28 hilly
1082 3145 69 22 forest
1164 3146 54 22 land
1232 3147 34 21 for

682 3171 68 22 ebout
755 3171 43 21 five
809 3171 70 22 miles.
903 3171 62 22 Here
972 3171 37 22 the
1018 3171 57 28 boys
1081 3179 57 15 were
1149 3173 54 21 tired
1212 3173 53 22 with

681 3197 56 22 their
746 3197 73 28 heavy
824 3197 69 27 loads,
904 3197 46 23 and
957 3199 93 26 stopped
1054 3199 24 21 in
1089 3206 12 14 a
1108 3199 68 31 patch
1185 3200 26 21 of
1216 3200 49 21 fern

680 3224 35 21 for
723 3224 39 22 the
770 3224 71 27 night.
868 3225 47 21 But
923 3225 18 21 it
950 3225 73 22 would
1031 3225 28 22 be
1070 3225 85 23 tedious
1165 3230 22 18 to
1196 3227 69 21 relate

682 3249 54 23 each
755 3251 63 27 day's
833 3251 96 28 journey
943 3252 132 27 separately.
1080 3260 3 8 1
1111 3253 80 22 Suffice
1209 3254 62 27 it,.tp^

680 3284 40 19 say
730 3277 53 27 that,
801 3277 107 27 although
918 3278 13 21 I
945 3278 47 22 had
1007 3279 57 21 been
1079 3279 46 22 told
1133 3280 24 21 .it
1165 3288 46 13 was
1225 3274 46 34 bii^

680 3306 44 20 two
732 3303 70 28 -day's
816 3303 57 23 walk
881 3304 58 22 from
953 3305 38 21 the
1006 3305 128 28 Wanganui
1143 3309 33 19 to-
1180 3304 91 31 Taupo^'

682 3333 22 18 at
719 3337 62 15 noon
795 3338 29 14 on
840 3331 38 21 the
896 3331 52 22 23rd
967 3331 38 22 the
1019 3333 86 21 natives
1124 3333 47 22 said
1185 3334 19 21 it
1218 3328 53 30 -was!

682 3356 42 22 still
743 3360 45 19 two
805 3364 25 14 or
845 3357 62 21 three
924 3357 61 28 days'
1002 3359 64 21 walk.
1094 3359 42 22 We
1154 3359 45 22 had
1209 3363 62 24 'pro-

681 3383 83 22 ceeded
786 3384 41 21 but
849 3383 84 28 slowly.
976 3385 47 21 Our
1125 3386 38 27 lay
1185 3387 80 28 chiefly

681 3410 67 27 along
755 3410 38 22 the
800 3409 73 28 valley
884 3411 27 21 of
921 3410 38 22 the
969 3411 136 28 Manganui,,
1114 3413 72 21 which
1195 3413 68 28 keeps

682 3444 29 14 an
720 3444 94 19 average
825 3437 25 21 of
857 3440 41 18 two
909 3437 63 22 miles
982 3438 63 27 wide,
1056 3439 43 21 and
1106 3439 19 22 is
1131 3440 134 21 intersected

680 3464 31 26 by
720 3471 14 14 a
743 3463 55 27 deep
807 3463 74 28 gulley
889 3464 24 21 in
924 3464 71 22 which
1005 3465 37 21 the
1047 3465 58 23 river
1114 3473 65 15 runs..
1190 3467 73 26 Many

680 3493 60 25 parts
750 3490 26 22 of
783 3489 37 23 the
828 3490 70 27 valley
908 3498 37 14 are
955 3491 65 27 clear,
1032 3491 46 22 and
1086 3492 24 22 in
1119 3500 60 14 some
1185 3493 78 28 'places

681 3524 33 15 we
723 3517 79 27 passed
812 3517 63 27 sjnall
888 3517 73 28 plains
976 3518 26 21 of
1011 3524 62 20 grass
1082 3526 5 14 :
1101 3519 24 21 in
1142 3519 74 23 others
1232 3528 32 14 we

680 3543 100 28 plunged
795 3544 49 22 into
866 3543 38 22 the
928 3544 75 27 forest,
1026 3545 47 21 and
1096 3546 87 22 crossed
1202 3550 61 24 steep

680 3570 80 28 ridges,
772 3570 132 27 apparently
910 3571 25 21 in
944 3571 65 23 order
1023 3575 24 18 to
1063 3572 66 22 avoid
1145 3573 118 22 circuitous

680 3597 71 22 bends
761 3597 25 22 of
796 3597 39 22 the
842 3597 80 27 valley.
950 3597 41 22 We
1000 3598 46 22 had
1058 3598 78 23 forded
1153 3600 37 21 the
1205 3600 59 22 river

681 3624 43 22 five
739 3625 65 21 times
811 3632 5 19 ;
832 3624 44 22 and
891 3625 39 21 the
936 3627 3 5 '
946 3625 120 21 assistance
1084 3625 25 22 of
1125 3626 37 22 the
1177 3627 86 21 natives

681 3658 44 15 was
734 3654 59 18 most
801 3651 105 23 welcome
913 3651 24 21 in
945 3652 144 27 overcoming
1095 3652 37 22 the
1139 3653 124 22 difficulties

682 3677 131 23 occasioned
829 3677 30 28 by
867 3677 37 22 the
922 3678 95 27 rapidity
1029 3679 26 21 of
1066 3679 37 22 the
1120 3682 88 24 stream,
1219 3680 44 21 and

680 3705 38 21 the
728 3704 95 29 slippery
831 3704 68 27 rocky
908 3704 95 28 footing.
1030 3705 55 22 This
1099 3706 55 22 road
1167 3710 60 18 must
1235 3707 28 21 be

678 3731 109 28 perfectly
795 3731 134 27 impassable
937 3731 25 22 in
977 3731 84 28 winter,
1073 3732 65 22 when
1153 3733 38 21 (the
1205 3733 58 21 river

680 3759 19 21 is
716 3758 91 22 swollen
823 3758 29 27 by
866 3757 102 23 freshets.
997 3758 48 22 The
1059 3759 72 27 heavy
1139 3759 64 22 loads
1218 3759 45 22 had

680 3785 63 22 made
755 3792 40 14 our
810 3791 103 22 progress
927 3792 54 20 very
991 3785 66 22 slow:
1074 3787 27 23 so]
1113 3786 49 21 that
1171 3785 36 22 the
1223 3793 40 20 po-

679 3815 71 19 tatoes
841 3815 22 18 to
873 3818 43 15 run
932 3811 67 27 short,
1010 3811 46 22 and
1065 3812 52 27 they
1127 3812 30 22 all
1170 3813 93 26 stopped

679 3839 32 21 to'
722 3838 38 27 dig
774 3839 69 21 fern.'
861 3838 143 27 Fortunately
1018 3839 38 21 the
1071 3838 58 22 river
1145 3839 118 21 abounded

680 3865 52 21 with
741 3872 15 14 a
764 3864 55 22 kind
830 3865 24 21 of
865 3864 50 22 bird
926 3865 98 21 between
1042 3872 14 14 a
1065 3867 50 19 coot
1131 3865 45 21 and
1186 3872 14 14 a
1209 3865 53 21 wid-

678 3898 65 20 geon,
755 3891 72 21 called
836 3891 47 23 wio,
895 3891 28 21 of
928 3891 73 21 which
1009 3898 33 14 we
1049 3891 50 21 shot
1106 3891 155 23 half-a-dozen

679 3921 24 18 at
713 3917 54 22 each
783 3917 62 21 ford.'
867 3917 12 21 I
896 3924 50 14 now
963 3917 97 21 selected
1077 3921 42 17 two
1136 3917 87 22 natives
1238 3921 23 18 to

679 3951 63 19 carry
750 3950 41 20 my
799 3945 48 20 tent
857 3943 44 23 and
917 3942 104 27 bedding,
1033 3943 45 23 and
1091 3943 137 24 determined
1232 3947 28 20 'to

551 59 99 32 THE
670 59 111 31 NEW
797 59 231 32 ZEALAND
1045 59 223 31 GAZETTE
1291 59 100 31 AND
1414 59 325 32 WELLINGTON
1762 60 290 31 SPECTATOR.

48 149 51 23 We
116 148 81 24 should
217 143 144 28 recommend
535 142 48 24 The
596 142 56 24 Hue

63 182 49 23 and
122 181 55 29 Cry,
189 187 26 16 or
227 178 80 23 Crovon
319 175 160 24 Prosecutor's

95 237 81 23 'About
186 236 92 27 40,000
289 240 62 16 acres
363 233 25 23 of
405 233 56 23 land
471 233 47 24 will
534 233 29 23 be
583 234 67 30 given

64 273 44 20 out'
122 273 24 19 to
157 267 38 24 the
212 266 92 24 holders
316 265 24 23 of
357 266 147 31 preliminary
516 266 85 29 orders,
621 274 29 15 on

63 302 41 23 the
113 300 41 26 7th
165 300 25 23 of
203 303 58 20 next
270 298 88 24 month.
395 299 76 23 There
482 299 47 23 will
545 299 55 23 then
612 307 37 15 re-

64 334 63 23 main
135 333 101 23 between
249 333 90 28 20,000
349 332 46 22 and
406 333 91 27 30,000
510 339 64 16 acres
586 335 23 20 to
621 332 28 24 be

63 364 140 29 distributed,
222 372 84 23 among
318 364 37 23 the
369 372 63 15 same
443 365 93 30 parties.
570 365 79 23 While

65 398 97 31 Captain
174 397 75 24 Smith
266 398 22 22 is
301 396 107 33 occupied
419 398 26 22 in
463 398 141 31 completing'
610 397 38 24 the

66 431 129 24 Manewatu
209 438 101 22 surveys,
329 431 123 31 preparing
461 438 65 23 maps
539 431 52 28 &c,
611 430 37 23 his

64 471 117 17 successor
191 463 47 23 Mr.
254 463 79 29 Brees,
345 464 21 23 is
377 463 122 31 exploring
511 464 45 23 and
566 462 83 32 taking

64 497 70 24 levels
146 496 25 23 of
175 495 39 24 the
222 500 96 27 country
324 496 152 31 surrounding
485 497 57 23 Port
551 496 95 24 Nichol-

62 537 51 21 son,
125 528 53 23 with
190 528 38 24 the
239 529 58 24 view
309 529 24 23 of
341 528 97 32 making
447 529 67 24 roads
525 534 24 18 to
561 528 87 24 Karori

62 561 52 24 and-
120 561 137 24 elsewhere.-
349 579 3 2 •
369 575 4 9 <

675 143 80 29 beach,
767 151 25 15 as
802 144 21 22 it
833 151 57 15 were
901 144 26 22 in
944 143 100 23 derision
1063 143 26 23 of
1102 142 39 24 the
1157 143 43 23 law
1212 144 44 22 and

676 177 30 22 its
717 177 189 28 administrators,'
914 176 29 23 he
954 175 52 23 'had
1025 175 74 31 ample
1111 177 145 29 opportunity

677 209 24 23 of
715 210 115 30 renewing
839 208 36 23 his
886 208 157 32 depredations
1061 216 30 15 on
1100 208 39 23 the
1150 213 106 27 property

677 242 43 24 and
735 242 98 31 perhaps
851 241 57 23 lives
928 241 25 23 of
974 241 38 23 the
1034 241 123 24 Colonists.
1191 241 26 24 It
1235 243 19 22 is

677 275 42 23 due
737 278 23 20 to
779 274 63 23 those
861 275 94 22 anxious
973 274 34 23 for
1021 274 38 23 the
1079 273 135 24 observance
1233 274 24 24 of

676 307 38 24 the
724 307 50 28 law,
788 307 45 23 and
842 306 38 24 the
891 307 156 30 preservation
1061 306 25 23 of
1100 306 76 24 social.
1181 307 72 28 order,

677 340 49 24 that
737 347 62 16 some
812 339 144 31 explanation
967 339 26 23 of
1002 339 45 23 this
1059 339 64 23 affair
1134 339 82 24 should
1226 340 28 23 be

675 374 67 30 given
753 373 30 30 by
795 372 38 24 the
844 373 117 22 executive
980 372 25 23 of
1019 372 40 23 the
1075 372 77 24 Police
1164 373 90 30 depart-

675 410 71 19 ment.
1008 415 4 3 ■
1026 428 4 2 .
1062 413 4 4 •

942 437 15 24 I
968 445 43 22 am,
1024 438 47 29 Sir,
1084 438 51 28 &c,
1149 438 51 29 &c,

1106 471 146 23 Observer.

674 504 192 30 Lambton-quay,
878 502 86 25 March
979 505 40 23 12.

707 542 56 32 [We
784 543 94 31 entirely
897 551 67 23 agree
1057 551 41 16 our
1115 543 139 32 respectable

673 577 181 31 correspondent,
866 575 51 24 who
937 576 41 24 has
997 577 69 30 given
1084 584 27 16 us
1129 576 36 24 his
1179 584 73 21 name,

672 610 25 23 in
708 610 36 23 his
756 609 103 24 remarks
870 617 30 15 on
911 608 45 24 this
968 609 137 31 disgraceful
1111 617 141 16 occurrence.

673 643 52 23 The
750 643 123 29 insecurity
894 642 26 23 of
940 642 38 23 the
1000 642 141 31 Wellington
1160 642 52 31 gaol
1234 643 20 22 is

672 676 124 28 notorious,
827 674 43 24 and
897 674 40 23 the
965 675 89 31 subject
1079 675 25 23 of
1125 676 129 23 merriment

673 716 83 22 among
767 708 38 24 the
816 707 123 24 Auckland
953 709 103 23 officials.
1057 720 34 5 —
1091 707 64 31 Ed.]

93 612 53 24 .Mr.
156 610 127 33 Shepp'ard,
296 613 36 23 the
341 613 104 23 Colonial
456 612 132 29 Treasurer,
596 612 49 23 who
654 624 2 4 •

63 645 90 24 arrived
163 645 25 23 in
198 645 38 25 the
247 645 59 24 New
325 645 62 24 York
403 645 89 24 Packet
503 646 20 22 is
539 645 73 31 likely
623 650 22 18 to

65 678 86 24 remain
170 686 61 16 some
250 679 55 22 time
327 679 24 22 in
368 678 60 24 Port
445 678 139 29 Nicholson;
611 678 35 23 for

64 711 65 23 such'
148 711 27 23 is'
196 711 39 23 the
256 711 128 31 frequency
407 711 26 23 of
458 711 188 23 communication

64 744 101 23 between
175 744 37 23 the
229 744 112 31 principal
354 748 60 19 town
432 744 24 23 in
468 744 58 23 New
544 744 102 23 Zealand

61 776 48 24 and
127 777 102 31 Captain'
245 776 117 24 Hobson's
380 776 91 32 capital,
489 777 49 23 that
560 777 87 23 several

62 809 77 24 weeks
153 817 60 23 ,may
234 809 77 31 elapse
329 809 76 24 before
426 809 31 24 he
473 810 47 23 will
537 809 58 24 have

61 843 146 31 opportunity
226 842 26 24 of
265 842 104 32 entering
380 850 30 16 on
428 842 39 24 the
485 842 79 24 duties'
576 843 25 23 of
609 843 36 23 his

63 876 75 22 office!
165 876 118 11 -••-'•
369 880 44 4 -•

1892 145 86 18 eastern
1988 142 43 21 end
2040 142 25 21 of
2077 141 97 22 thelake
2183 142 19 21 is
2218 142 116 23 also-level
2347 144 44 21 and
2402 144 64 26 clear,

1891 168 38 21 but
1937 168 25 21 of
1969 168 48 21 that
2023 168 11 21 I
2041 168 55 21 shall
2101 167 68 27 speak
2174 168 115 23 hereafter.
2294 170 63 21 -The
2362 170 105 22 northern
2479 178 7 16 ;

1891 194 43 21 end
1944 194 25 21 of
1981 194 37 21 the
2029 194 55 23 lake
2093 194 19 21 is
2121 194 114 26 separated
2243 195 57 22 froth
2313 196 39 21 the
2363 196 104 21 southern

1892 221 42 21 end
1951 220 26 21 of
1991 220 139 28 Taupo-lake
2139 226 2 5 '
2150 221 29 25 by
2192 224 42 17 two
2246 222 132 27 .mountains
2397 222 71 21 called

1892 247 140 21 Kakaramea
2045 246 43 21 and
2098 247 90 26 Pianga,
2204 245 42 22 and
2256 247 37 21 the
2302 248 92 23 wooded
2406 248 61 26 ridge

1891 273 71 21 which
1968 273 73 22 unites
2050 273 67 22 them.
2148 273 63 20 From
2220 273 36 21 the
2265 273 125 27 Wanganui
2398 278 22 18 to
2429 275 38 21 the

1892 302 92 19 western
1994 299 63 21 shore
2067 299 25 21 of
2103 300 58 20 Roto
2171 299 47 21 aira
2230 299 19 21 is
2264 300 68 21 about
2340 300 41 22 five
2397 301 74 26 miles,'

1891 325 36 22 the
1945 325 43 22 last
1997 329 42 18 two
2053 325 62 21 miles
2131 325 95 26 through
2242 332 13 14 a
2266 333 81 20 swamp
2355 327 25 20 in
2395 327 73 22 which

1891 360 32 13 we
1940 352 57 21 sunk
2011 359 29 20 tip
2050 355 22 18 to
2087 359 39 14 our
2142 351 67 21 knees
2223 354 23 18 at
2261 359 66 19 every
2337 356 53 23 step.
2419 354 48 21 The

1890 382 96 23 greatest
2000 378 75 27 length
2086 379 26 20 of
2121 378 36 21 the
2173 377 83 22 lake'is
2265 378 57 21 from
2337 379 97 21 N.N.W.
2444 384 23 17 to

1891 405 81 26 5.5.32.,
1990 405 66 21 about
2065 405 42 21 five
2123 401 71 25 miles.
2208 423 3 4 ,
2223 404 31 21 At
2270 404 35 22 the
2317 404 66 22 N.W.
2395 405 44 21 end
2454 413 14 14 a

1891 438 96 20 swampy
1995 430 116 27 peninsula
2120 429 25 23 of
2159 431 40 20 100
2208 430 64 27 yards
2281 430 92 22 breadth
2385 432 60 26 joins
2455 440 14 13 a

1891 457 64 22 small
1967 456 73 22 island
2054 460 21 18 to
2089 457 38 21 the
2141 456 67 21 main.
2235 457 53 21 This
2303 457 78 27 island,
2392 458 76 23 .called

1890 484 65 21 Motu
1964 480 88 30 o-'puhi,
2063 483 18 22 is
2094 483 67 21 about
2177 482 50 22 half
2235 483 37 21 the
2286 483 44 21 size
2348 484 25 20 of
2384 485 84 21 Somes'

1891 510 83 25 Island,
1991 510 44 21 and
2049 510 27 20 its
2089 509 102 27 junction
2203 509 50 21 with
2268 509 36 21 the
2319 510 117 27 peninsula
2450 511 20 21 is

1891 536 108 22 defended
2014 536 30 27 by
2058 543 12 14 a
2078 543 55 20 very
2148 539 76 23 strong
2239 535 79 22 double
2332 536 71 22 fence.
2432 537 36 21 On

1891 563 35 21 the
1945 563 75 21 island
2037 569 47 14 are.
2096 562 38 21 the
2151 561 80 22 houses
2254 561 114 23 inhabited
2385 563 30 26 by
2431 563 37 21 the
2481 581 1 8 ,

1891 590 84 20 natives
1983 589 25 21 of
2021 588 37 22 the
2067 588 50 22 lake
2126 587 63 23 when
2205 588 121 27 compelled
2334 592 23 18 to
2371 589 50 21 take
2432 596 24 14 re
2463 603 5 4 -

1890 615 50 27 fuge
1951 615 61 21 there
2021 615 56 21 from
2084 615 38 21 the
2131 614 85 22 attacks
2226 614 23 21 of
2254 615 80 21 hostile
2433 633 3 4 ,
2446 616 22 22 A

1890 648 68 15 canoe
1976 642 58 21 from
2049 641 36 22 the
2100 643 87 19 eastern
2206 640 62 22 shore
2286 648 55 15 soon
2356 643 113 21 answered

1891 676 38 14 our
1939 668 81 22 salutes
2030 668 56 21 from
2094 667 37 21 the
2141 666 77 27 island,
2230 667 45 21 and
2284 668 52 20 took
2345 675 26 15 us
2380 675 54 15 over
2442 671 22 19 to

1891 702 13 14 a
1912 694 126 22 settlement
2053 694 70 21 called
2139 693 65 21 Tuku
2219 693 60 27 tuku,
2297 694 72 22 where
2383 702 33 14 we
2430 698 51 23 got*

1890 721 130 21 abundance
2030 721 26 21 of
2061 720 73 22 boiled
2141 722 106 29 potatoes,
2262 720 43 21 and
2315 720 37 21 fell
2363 721 72 27 asleep
2444 721 24 22 in

1890 748 41 20 less
1941 747 54 21 than
2006 754 13 14 a
2028 750 87 24 quarter
2125 744 25 23 of
2161 753 29 14 an
2199 746 62 26 hour,
2272 747 202 27 notwithstanding'

1889 774 37 20 the
1937 774 79 26 jabber
2026 774 25 20 of
2064 777 22 17 at
2094 773 56 21 least
2158 773 28 20 50
2195 773 84 20 natives
2290 772 25 21 of
2329 774 52 20 both
2397 781 69 19 sexes,

1889 800 49 21 who
1949 800 100 21 crowded
2058 800 47 21 into
2114 800 36 21 the
2160 798 68 22 house
2243 802 22 17 to
2274 802 57 19 stare
2342 803 23 17 at
2373 800 38 21 the
2420 807 48 14 new

1888 826 104 28 pakehas,
2010 826 44 21 and
2068 826 53 21 hear
2138 825 36 21 the
2189 832 59 14 news
2261 825 58 21 from
2334 826 133 26 Wanganui.

1889 853 45 21 The
1945 852 69 22 house
2024 860 43 14 was
2075 859 14 15 a
2095 859 55 14 ware
2160 852 56 26 puni
2225 859 24 14 or
2258 852 74 21 native
2341 852 126 26 hot-house,

1889 879 38 21 but
1933 878 26 22 of
1964 886 54 20 very
2023 879 59 26 large
2093 879 43 21 dim
2140 878 93 21 ensions.
2259 878 21 21 It
2290 885 43 14 was
2341 885 53 20 very
2401 878 55 28 lofty
2460 887 10 17 p

1889 906 51 21 held
1950 905 48 27 fifty
2006 905 76 27 people
2093 904 143 27 comfortably
2243 912 5 18 ;
2262 904 45 21 and
2317 911 44 15 was
2371 906 98 24 adorned

1889 932 132 21 inside-with
2031 931 96 27 paddles,
2143 937 80 20 spears,
2239 931 43 21 and
2296 934 50 18 nets
2357 932 24 20 of
2392 935 43 18 two
2445 936 35 17 or-

1889 958 61 21 three
1969 961 63 18 sorts.
2060 958 106 21 Whether
2181 956 37 21 the
2234 957 69 21 active
2321 958 109 21 members
2446 958 26 21 of

1889 984 94 22 another
1999 984 55 22 tribe
2068 983 112 22 mustered
2192 983 24 21 in
2227 984 57 21 force
2295 991 24 14 or
2329 988 44 22 not,
2392 984 12 21 I
2414 984 55 28 slept

1889 1012 33 21 far
1930 1015 37 18 too
1978 1011 70 22 sound
2058 1014 21 18 to
2089 1010 66 21 know
2164 1017 25 14 or
2199 1016 55 15 care.

2073 1045 41 24 [To
2127 1045 23 19 be
2165 1045 125 24 continued,]

1889 1104 178 24 EXTRACTS
2093 1103 98 24 FROM
2216 1103 72 24 THE
2309 1104 160 24 ENGLISH

2113 1135 141 25 PAPERS.

61 959 172 31 price-current,
249 959 53 23 does
316 963 40 19 not
367 960 51 30 give
430 967 14 15 a
455 963 49 19 true
517 963 95 19 account
624 961 24 23 of

62 992 40 23 the
222 993 84 30 prices.
340 992 44 23 We
403 1000 43 15 can
464 996 57 19 state
537 993 50 22 that
597 993 19 22 it
626 994 20 21 is

65 1026 116 22 corrected
191 1026 64 22 twice
266 1033 14 15 a
290 1025 68 23 week'
364 1025 83 30 by-one
454 1024 25 23 of
487 1024 38 24 the
536 1026 111 29 principal

95 925 46 24 We
156 926 58 23 have
229 925 72 31 lately
309 926 71 23 heard
398 934 14 15 a
431 926 91 23 remark
539 926 51 23 that
606 934 39 16 our

64 1058 129 24 merchants
203 1058 26 23 of
237 1058 39 23 the
283 1057 70 31 place,
367 1057 44 23 and
419 1064 115 16 moreover
541 1057 51 23 that
600 1058 46 23 fre-

65 1091 93 31 quently
179 1090 66 24 when
262 1098 34 15 we
318 1090 56 23 have
396 1089 67 24 made
480 1090 113 30 enquiries
609 1098 37 17 re-

66 1124 103 31 specting
184 1131 29 15 an
231 1123 89 30 alleged
335 1120 107 31 mistake,
459 1130 33 15 we
509 1123 56 23 have
577 1123 70 23 found

66 1165 42 15 our
122 1156 74 23 friend
217 1156 70 31 right,
311 1155 44 24 and
377 1155 38 24 the
438 1156 163 31 complainants
623 1157 24 22 in

66 1197 69 15 error.
341 1198 3 4 •

97 1239 44 24 We
151 1239 56 23 have
218 1243 24 19 to
254 1240 113 30 apologise
378 1243 24 19 to
412 1239 49 24 Mr.
475 1239 125 29 Swainson,
610 1239 37 24 for

66 1280 29 16 an
115 1272 117 24 alteration
243 1273 25 23 of
285 1272 37 24 his
339 1272 182 29 advertisement,
539 1273 66 23 made
624 1273 25 23 in

65 1306 39 23 the
115 1306 185 30 printing-office,
311 1305 54 24 with
370 1306 16 22 'a
395 1306 57 23 view
459 1309 23 19 to
493 1309 42 28 put
545 1306 18 23 it
575 1306 25 23 in
606 1306 38 23 the

66 1338 67 24 usual
143 1338 58 24 form
208 1339 29 26 .of
247 1338 56 24 such
313 1342 200 25 announcements,
525 1339 75 23 which
611 1346 37 16 are

65 1371 132 31 frequently,
203 1376 51 19 sent
271 1376 24 18 to
315 1379 27 15 us
353 1371 56 24 with
424 1379 14 15 a
452 1376 92 26 request
562 1376 23 19 to
601 1372 48 23 that

66 1403 73 24 effect.
175 1404 30 24 In
275 1412 70 23 paper
355 1412 33 16 we
406 1404 93 31 publish
516 1412 13 15 a
539 1405 110 23 verbatim

66 1444 56 23 copy
134 1437 24 24 of
167 1431 54 30 M'rf
226 1437 138 24 Swainson's
377 1437 181 25 advertisement.

99 1494 52 23 The
161 1494 145 31 publication,
319 1495 24 22 in
353 1494 106 29 London,
472 1494 25 24 of
506 1502 50 16 new
565 1503 84 23 papers

69 1526 94 24 devoted
174 1532 22 19 to
208 1527 156 29 colonization,
377 1532 81 19 attests
470 1528 37 23 the
523 1529 129 30 increasing

69 1560 95 23 interest
181 1560 73 24 which
271 1560 51 24 that
355 1562 106 29 question
473 1561 23 23 of
514 1562 115 29 questions

69 1597 85 19 excites
161 1593 35 23 'in'-
209 1593 41 23 the
269 1593 77 31 public
363 1594 72 23 mind.
471 1594 127 32 Following
614 1594 38 24 the

71 1624 103 25 Colonial
197 1626 100 28 Gazette,
322 1627 37 23 the
381 1625 148 32 Emigration
559 1627 93 24 Gazette
