4240 5910
1871 1426 151 38 Mount
2065 1426 158 46 Benger
2265 1420 117 39 Mail.

2004 1529 62 19 JUST
2084 1528 55 20 AND
2159 1527 68 19 FEAR

1869 1597 180 26 FRIDAY,
2075 1597 102 26 JULY
2203 1597 51 26 9,
2280 1597 102 26 1897

2035 1687 187 54 Dredging.

1852 1778 13 26 '1
1879 1787 14 18 ii
1900 1786 12 19 k
1926 1778 77 26 boom
2017 1777 25 27 in
2059 1776 146 38 dredging,
2217 1776 36 37 by
2267 1773 87 29 which
2366 1783 37 18 we

1853 1829 77 17 mean
1957 1818 46 26 the
2035 1828 67 27 very
2125 1817 150 29 handsome
2296 1819 107 25 returns

1852 1858 106 39 yielded
1975 1858 37 29 bv
2026 1870 14 17 a
2055 1858 116 29 number
2181 1858 30 29 of
2224 1858 47 28 the
2285 1855 118 39 dredges

1853 1910 33 16 on
1909 1900 18 27 tl
1933 1910 21 17 10
1982 1900 146 37 Molynenx
2151 1899 102 36 during
2274 1897 47 29 the
2343 1898 60 36 past

1853 1941 52 28 few
1922 1940 100 34 week«,
2035 1941 22 27 is
2071 1941 45 27 the
2129 1940 74 38 topic
2216 1940 29 27 of
2266 1938 45 29 the
2325 1937 78 34 hour,

1853 1980 52 27 :md
1919 1991 39 17 we
1968 1980 58 38 join
2038 1981 25 26 in
2078 1977 46 30 the
2135 1979 111 39 general
2256 1981 131 34 congratu-

1854 2021 98 28 lations
1961 2029 28 20 to
1999 2021 46 28 rhe
2055 2020 140 29 fortunate
2203 2029 115 19 owners.
2347 2016 56 30 Not

1854 2063 42 28 for
1909 2072 75 19 some
2006 2071 79 29 years
2107 2061 69 30 have
2201 2060 68 29 such
2294 2062 109 25 returns

1855 2105 65 24 been
1935 2103 102 27 known
2050 2112 29 17 as
2098 2103 77 26 those
2196 2101 83 37 lately
2302 2105 50 31 got
2372 2099 26 27 in

1855 2143 45 28 Ihe
1914 2153 88 28 upper
2021 2141 110 30 reaches
2152 2141 29 29 of
2203 2141 47 29 the
2272 2140 72 29 river
2366 2139 37 38 by

1854 2184 45 27 the
1916 2184 64 27 Moa
1992 2183 54 28 and
2062 2183 117 28 Electric
2199 2181 128 38 dredges,
2349 2180 52 28 and

1853 2234 59 17 now
1927 2234 41 18 we
1981 2234 45 17 are
2041 2223 62 38 glad
2128 2229 28 22 to
2179 2222 56 28 find
2262 2222 46 27 tlie
2331 2220 72 38 good

1852 2265 111 29 fortune
1995 2265 48 28 has
2074 2263 135 29 extended
2243 2263 78 26 down
2356 2261 47 28 the

1852 2306 81 35 river,
1954 2305 95 35 nearly
2074 2304 34 28 all
2133 2305 46 28 the
2201 2303 128 37 dredges,
2353 2302 50 29 but

1853 2355 74 19 more
1947 2344 146 39 especially
2118 2345 46 28 the
2188 2343 104 30 Golden
2321 2343 66 28 Trea-

1853 2395 72 24 sure,
1940 2385 106 30 Golden
2069 2385 77 32 Gate,
2171 2385 99 36 Otago,
2293 2383 109 28 Ettrick

1853 2427 52 27 and
1923 2426 128 28 Dunedin
2063 2425 116 38 dredges
2192 2423 183 38 maintaining
2389 2435 14 16 a

1853 2471 32 24 st<
1897 2467 52 37 ady
1967 2467 209 38 improvement.
2215 2464 67 29 This
2295 2465 23 27 is
2333 2468 70 24 most

1853 2508 183 37 satisfactory,
2069 2506 53 29 and
2154 2516 98 28 proves
2283 2505 48 30 the
2363 2505 40 28 oft

1855 2547 126 36 repeated
1996 2547 131 28 assertion
2144 2547 58 27 that
2217 2557 50 16 our
2280 2545 123 37 gigantic

1881 2589 84 27 sluice
1977 2588 54 27 box
2076 2587 45 27 has
2137 2590 47 24 not.
2196 2590 47 32 yet
2267 2586 94 35 begun
2377 2589 26 24 to

1855 2630 33 28 be
1902 2629 130 40 emptied.
2072 2627 84 38 Many
2171 2637 110 19 reasons
2294 2636 46 19 are
2353 2630 50 35 put

1857 2671 115 28 forward
1987 2677 27 21 to
2038 2675 115 23 account
2178 2669 43 27 for
2244 2669 46 27 the
2313 2673 90 23 recent

1855 2712 208 37 improvement,
2100 2708 49 27 but
2182 2708 135 37 probably
2359 2708 46 27 the

1856 2752 99 36 l-irgesr
1970 2752 83 27 faetoi
2072 2750 25 27 in
2114 2749 45 27 the
2173 2747 231 38 diedgcmasters'

1839 2789 2 32 l
1856 2794 52 27 bite
1922 2802 138 19 successes
2076 2791 21 28 is
2112 2790 44 27 tli»•
2172 2789 50 28 h»w
2238 2795 70 23 state
2319 2802 5 12 <
2339 2790 10 27 f
2360 2789 46 27 the

1839 2830 2 35 '
1855 2834 78 27 river.
1974 2832 58 28 The
2056 2830 147 28 M'lvrnn.\'
2226 2830 56 32 has,
2304 2830 102 35 during

1839 2869 2 43 !
1856 2874 46 28 the
1923 2878 60 34 past
2006 2878 72 22 motif
2086 2872 39 25 'A
2135 2872 64 25 been
2224 2869 181 38 exceedingly

1839 2910 3 37 |
1857 2916 57 31 low,
1930 2914 54 28 and
1999 2914 21 28 is
2036 2917 157 23 Mnv«i<>ut
2206 2914 30 25 at.
2250 2911 49 28 her
2314 2910 76 30 ordin-

1839 2945 4 45 j
1856 2949 159 34 »fvVi»iter
2027 2945 152 36 letf-Mml
2204 2951 55 27 fliis
2280 2951 125 28 fact'has

1839 2990 4 43 i
1855 2994 114 29 enabled
2003 2993 220 40 dredjjeipasrers
2262 2995 28 24 to
2331 2990 73 29 work

1841 3031 1 39 :
1857 3046 73 17 some
1952 3036 28 27 of
2002 3035 47 28 the
2075 3044 69 26 eeep
2171 3032 117 33 reaches,
2318 3031 87 29 which

1841 3072 2 38 |
1857 3077 68 26 have
1938 3076 120 27 hitherto
2076 3074 65 26 been
2158 3072 196 28 undiscovered
2371 3072 34 36 by

1841 3112 2 40 |
1858 3117 44 28 the
1912 3116 110 28 smaller
2030 3113 126 35 dredges.
2198 3112 208 34 Undoubtedly,

1841 3149 2 46 i
1856 3157 67 34 also,
1937 3168 15 16 a
1966 3162 79 33 great
2057 3154 59 29 deal
2128 3154 22 29 is
2161 3154 54 28 due
2225 3159 27 23 to
2264 3153 141 38 improved

1841 3192 2 43 i
1858 3198 139 37 dredging
2020 3196 156 39 app'iances
2201 3194 54 28 and
2280 3194 126 28 methods

1842 3227 2 49 |
1858 3239 29 27 of
1898 3237 134 37 working.
2060 3236 56 28 The
2128 3238 111 35 present
2250 3234 157 37 up-to-date

1842 3274 2 40 !
1858 3278 127 36 dredges,
1999 3277 65 28 such
2078 3286 30 18 as
2130 3276 47 28 the
2198 3274 106 29 Golden
2330 3274 77 36 Gate,

1842 3314 2 42 i
1858 3329 45 18 are
1909 3318 106 38 greatly
2026 3316 139 40 improved
2175 3316 27 28 in
2212 3314 195 36 construction,

1842 3356 3 45 |
1860 3359 102 37 having
1975 3370 73 17 more
2072 3357 101 28 bucket
2192 3356 134 39 capacity,
2353 3359 52 25 and

1843 3396 2 41 |
1858 3401 115 36 engines
1984 3399 87 28 which
2094 3403 85 22 steam
2203 3397 66 27 with
2292 3397 43 28 far
2354 3396 53 28 less

1843 3436 2 43 |
1858 3441 66 35 fuel,
1938 3439 80 29 while
2032 3440 45 28 the
2090 3437 161 40 experience
2271 3437 101 39 gained
2385 3437 22 28 is

1843 3479 2 40 |
1858 3482 57 28 also
1940 3480 117 39 profited
2079 3480 35 38 by
2133 3479 51 28 and
2210 3479 47 28 the
2281 3479 78 28 mode
2380 3479 27 28 of

1843 3519 2 39 j
1860 3521 125 37 working
1998 3519 151 38 improved.
2189 3519 39 28 To
2250 3529 43 18 see
2318 3519 77 37 legiti-

1843 3559 2 40 i
1859 3567 72 23 mate
1944 3561 150 38 enterprise
2107 3559 141 29 rewarded
2270 3570 49 18 can
2345 3559 62 39 give

1843 3600 2 34 I
1860 3603 115 31 nothing
2001 3602 50 27 but
2072 3600 181 34 satisfaction,
2279 3600 54 27 and
2361 3600 46 28 the

1842 3640 2 38 j
1858 3643 109 35 general
1983 3642 75 34 wish,
2074 3651 40 18 we
2127 3650 45 19 are
2196 3650 70 24 sure,
2291 3640 51 28 will
2366 3641 41 35 be,

1841 3678 2 41 !
1858 3683 65 35 long
1938 3693 60 26 may
2013 3682 46 27 the
2079 3681 140 28 foitunate
2241 3680 53 27 and
2318 3685 75 24 enter-

1841 3721 2 38 i
1859 3724 104 35 prising
1977 3733 104 18 owners
2099 3721 130 30 continue
2243 3730 27 19 to
2285 3731 122 28 prosper.

1857 3766 87 26 There
1958 3766 30 32 is,
2004 3765 133 31 however,
2159 3774 15 15 a
2196 3769 80 27 great
2296 3763 60 27 deal
2381 3768 26 23 to

1840 3803 2 36 i
1858 3806 32 27 be
1904 3805 70 27 done
1989 3804 93 27 before
2093 3803 47 28 the
2161 3808 194 31 management
2378 3803 28 27 of

1839 3843 2 36 1
1855 3857 49 17 our
1918 3845 118 34 drnlges
2050 3854 47 18 can
2115 3844 33 25 be
2159 3843 57 26 said
2232 3850 28 19 to
2269 3843 136 36 approach

1839 3883 2 42 !
1855 3886 161 39 perfection.
2052 3886 28 26 »A
2112 3883 92 29 better
2241 3892 102 28 system
2379 3885 28 27 of

1838 3923 3 40 I
1855 3928 121 35 lighting
1990 3925 87 29 would
2097 3925 33 27 be
2151 3935 16 16 a
2189 3932 79 29 great
2295 3924 110 34 benefit,

1838 3964 2 36 I
1854 3968 65 28 both
1935 3971 28 25 to
1978 3965 133 30 minimise
2126 3964 54 28 risk
2196 3965 28 26 of
2239 3964 46 27 life
2299 3975 28 16 as
2344 3964 57 28 well

1853 4019 29 17 as
1908 4008 43 28 for
1971 4017 75 27 pur})'
2060 4017 42 17 ses
2125 4005 29 27 of
2178 4004 135 36 working.
2352 4005 53 27 We

1853 4048 88 29 would
1959 4048 61 34 like,
2035 4047 43 28 for
2097 4045 47 29 the
2166 4045 60 27 first
2246 4044 157 29 mentioned

1852 4100 106 24 reason,
1990 4093 27 24 to
2044 4098 44 18 see
2113 4086 46 28 the
2185 4085 110 29 eluctrie
2323 4085 80 36 light,

1851 4130 140 38 acetylene
2005 4139 49 26 gas
2067 4137 31 17 or
2111 4137 74 17 some
2199 4126 108 37 equally
2323 4128 67 25 effec-

1851 4171 56 28 tive
1931 4168 155 30 ilhiminant
2106 4165 140 38 generally
2270 4165 131 38 adopted,

1850 4212 52 26 and
1919 4212 25 26 in
1960 4210 32 27 all
2008 4219 75 18 cases
2097 4208 46 28 the
2165 4206 57 27 well
2247 4206 99 27 should
2370 4208 33 26 be

1850 4250 104 34 lighted
1972 4260 34 27 up
2021 4248 104 27 instead
2140 4247 30 27 of
2194 4246 82 35 being
2300 4246 49 27 l<'ft
2375 4246 25 27 in

1837 4286 1 51 j
1849 4292 139 33 obscurity
2010 4299 29 17 as
2060 4288 22 28 is
2093 4295 45 21 too
2162 4292 76 22 often
2263 4286 45 28 ilie
2330 4297 69 17 case.

1837 4327 1 43 |
1850 4333 102 37 Again,
1978 4340 34 18 on
2039 4329 32 27 all
2099 4329 47 27 tins
2178 4327 118 37 dredges
2325 4327 76 28 there

1837 4367 1 38 !
1849 4372 97 28 should
1963 4371 32 27 be
2005 4379 74 18 some
2089 4368 150 37 protection
2253 4367 88 27 round
2353 4368 45 26 the

1837 4406 1 44 i
1850 4414 78 36 edge,
1956 4412 21 26 if
2006 4416 47 20 not
2076 4420 17 16 a
2119 4407 133 34 bulwark,
2278 4413 29 20 at
2334 4406 67 28 least.

1837 4447 1 45 :
1848 4452 88 40 guard
1952 4450 73 29 irons
2046 4448 53 29 and
2114 4447 112 36 chains;
2245 4447 52 29 and
2313 4450 88 25 where

1837 4489 1 38 i
1850 4497 76 24 there
1940 4493 21 27 is
1982 4491 66 28 such
2070 4490 158 37 Safeguard,
2253 4491 92 33 (many
2373 4489 27 26 ef

1837 4527 1 41 |
1851 4534 44 27 rhe
1906 4531 118 37 dredges
2038 4540 45 18 are
2095 4529 110 36 already
2215 4539 29 14 so
2256 4527 131 38 provided

1837 4567 1 40 i
1850 4575 46 26 the
1909 4572 66 28 died
1980 4574 138 33 gemote:-
2134 4568 98 28 should
2246 4579 46 16 s<-e
2306 4570 60 24 that
2379 4567 21 27 it

1850 4615 21 25 i«;
1882 4611 123 39 replaced
2019 4610 78 28 when,
2105 4608 54 29 coal
2171 4608 23 28 is
2204 4608 83 28 taken
2297 4607 103 28 aboard

1837 4647 1 33 :
1849 4663 31 17 or
1903 4653 77 25 when
2003 4650 21 27 it
2047 4650 48 26 has
2120 4649 67 27 been
2210 4647 127 28 removed
2358 4648 43 27 for

1837 4681 1 37 !
1850 4701 52 17 anv
1916 4690 80 28 other
2010 4695 102 21 reason*
2154 4686 68 30 Care
2246 4687 98 28 should
2368 4688 32 26 be

1837 4726 1 40 I
1850 4730 137 30 exercised
2010 4729 26 27 in
2063 4727 121 39 keeping
2206 4728 47 28 the
2278 4728 69 27 lines
2373 4733 27 22 to

1837 4767 1 34 i
1850 4772 79 27 shore
1943 4770 25 26 in
1985 4769 89 32 order,
2087 4768 55 27 and
2152 4778 51 16 one
2217 4767 54 27 line
2285 4776 28 19 at,
2333 4768 67 27 least

1837 4795 1 52 |
1850 4810 97 30 should
1954 4810 35 28 be
1998 4808 132 39 provided

1837 4849 1 47 j
1851 4853 42 27 for
1918 4851 48 26 the
1991 4849 72 27 safer
2087 4849 105 27 control
2219 4850 29 26 of
2272 4849 16 26 b
2301 4855 49 20 >ats
2373 4849 27 26 in

1837 4887 1 44 j
1850 4890 126 35 crossing
1989 4888 46 29 the
2050 4888 78 28 river.
2170 4887 43 29 Ail
2229 4888 173 38 precautions

1837 4928 1 39 I
1852 4934 43 26 for
1907 4930 99 37 saving
2024 4929 47 27 lite
2093 4928 99 28 should
2214 4928 105 28 receive
2340 4939 61 27 par-

1837 4968 1 35 I
1852 4971 97 30 ticular
1967 4969 146 34 attention,
2135 4968 54 28 and
2213 4968 27 28 in
2262 4968 54 29 this
2337 4979 48 19 con-

1853 5013 108 29 nection
1983 5020 81 27 every
2086 5009 105 38 dredge
2210 5009 97 29 should
2323 5021 78 27 carry

1837 5046 1 41 i
1851 5064 16 17 a
1894 5050 137 30 sufficient
2061 5049 116 27 number
2202 5050 29 26 of
2257 5049 84 28 lifebu
2349 5061 53 26 jys,

1837 5089 1 44 :
1853 5090 95 43 placed
1963 5090 89 30 where
2069 5089 65 40 they
2147 5099 46 21 are
2206 5090 82 39 easily
2311 5101 90 19 acces-

1837 5130 1 39 I
1852 5135 77 28 siV>le.
1970 5135 22 25 A
2008 5130 136 30 sufficient
2163 5132 101 37 supply
2286 5133 28 27 of
2335 5133 67 28 cork

1837 5170 1 35 |
1855 5174 68 28 belts
1936 5172 88 27 would
2045 5171 57 27 also
2116 5171 33 27 be
2162 5172 149 28 advisable.
2353 5172 50 27 We

1837 5210 1 32 !
1853 5212 88 30 would
1973 5210 108 30 further
2110 5211 133 29 advocate
2277 5212 56 28 that
2368 5212 34 28 all

1837 5252 1 37 |
1851 5253 166 36 dredgemen
2032 5252 98 28 should
2149 5252 163 37 voluntarily
2337 5252 64 28 take

1837 5291 1 36 I
1851 5304 16 18 a
1879 5302 96 20 course
1989 5292 28 28 of
2029 5291 161 29 ambulance
2210 5291 114 36 lessons,
2348 5293 54 27 and

1837 5332 1 41 j
1852 5333 97 29 should
1960 5332 121 29 likewise
2092 5332 74 29 learn
2179 5332 152 29 river-boat
2341 5332 61 29 drill

1837 5372 1 45 j
1851 5374 53 28 and
1919 5373 47 27 the
1976 5382 99 27 proper
2095 5372 110 28 method
2226 5374 29 26 of
2268 5372 132 38 handling

1837 5412 1 49 j
1851 5426 16 16 a
1885 5415 73 27 boat.
1998 5412 87 29 These
2098 5423 46 18 are
2166 5424 16 17 a
2198 5412 54 30 few
2273 5414 129 36 practical

1837 5452 1 40 j
1851 5452 178 40 suggestions
2062 5453 97 35 which,
2191 5454 21 26 if
2245 5453 80 28 acted
2357 5464 45 24 on,

1837 5493 1 38 j
1851 5494 99 34 would,
1966 5503 39 18 we
2018 5493 52 28 feel
2084 5504 72 24 sure,
2171 5504 36 27 go
2220 5504 16 16 a
2257 5493 66 37 long
2344 5503 57 28 way

1837 5529 1 52 j
1851 5534 119 28 towards
2007 5533 157 38 improving
2202 5534 53 27 and
2290 5533 113 39 making

1837 5572 1 38 I
1851 5574 73 28 safer
1937 5584 15 16 a
1966 5572 101 38 calling
2088 5574 67 33 that,
2176 5574 29 27 of
2219 5573 147 37 necessity,
2382 5584 20 18 is

1837 5612 1 41 j
1850 5612 132 30 attended
1998 5613 64 28 with
2078 5624 15 18 a
2106 5617 81 34 great
2210 5613 61 28 deal
2291 5615 28 25 of
2345 5614 56 28 risk

1851 5659 28 23 to
1894 5653 46 28 life
1953 5652 53 28 and
2029 5652 74 30 limb.

1875 5734 43 21 The
1929 5734 149 22 Horticultural
2089 5735 97 27 Society's
2198 5735 94 26 monthly

1850 5762 54 20 fixed
1923 5761 32 20 for
1977 5762 40 19 last
2040 5763 88 25 Monday
2263 5771 38 12 w.i*
2320 5765 80 19 iurtiur

1849 5788 113 28 ndjounud
1972 5788 30 21 for
2009 5790 102 22 a.mouth.

2441 179 33 21 Mr
2488 179 57 21 John
2563 178 76 27 Tyson,
2655 178 21 20 of
2698 177 141 21 Rankleburn.
2865 176 37 20 has
2921 175 51 20 been

2417 205 111 27 appointed
2544 207 104 24 inspector
2665 205 21 20 of
2711 205 64 19 works
2794 210 26 13 on
2836 203 39 20 the
2893 202 79 20 Millers

2418 233 47 20 Flat
2474 233 69 26 bridge
2553 235 98 19 contract.

2443 278 76 21 Messrs
2528 278 109 21 Cockburn
2648 277 56 20 Bros,
2718 276 50 20 have
2783 275 68 21 leaded
2870 274 37 20 the
2923 273 49 21 farm

2418 308 22 17 at
2450 306 78 20 Millers
2540 306 45 20 Flat
2717 309 55 14 some
2788 303 49 19 time
2848 309 37 18 ago
2902 302 24 25 by
2939 300 33 20 Mr

2418 333 23 22 T.
2454 333 79 21 Grover
2542 332 53 22 from
2604 332 34 21 Mr
2646 332 27 21 A.
2687 331 24 22 T.
2721 329 75 22 Brazil.

2444 381 34 20 Mr
2487 380 80 25 Felton,
2584 379 97 24 formerly
2697 378 21 20 of
2733 377 37 21 the
2785 376 96 21 Pleasant
2900 375 75 26 Valley

2419 408 45 27 Co.,
2475 408 38 21 left
2528 407 112 26 Roxburgh
2655 405 40 21 last
2712 405 96 21 Mondav.
2838 403 31 21 He
2889 402 86 22 intends

2420 439 22 18 to
2451 437 33 26 try
2494 436 32 21 his
2533 435 83 21 fortune
2626 436 20 20 in
2658 433 77 22 British
2744 432 114 22 Columbia.

2446 480 85 24 English
2537 480 93 24 sporting
2639 485 47 14 men
2697 484 33 14 are
2737 476 48 21 loud
2792 477 19 20 in
2820 476 54 20 their
2881 475 65 26 praise
2955 475 20 19 of

2423 508 35 22 the
2475 508 52 22 New
2538 506 87 23 Zealand
2641 506 49 21 bred
2706 505 67 26 horse,
2780 503 122 23 OhainshoG.
2929 503 45 20 Oue

2422 537 106 25 authority
2534 536 89 22 declares
2705 535 58 20 there
2773 534 15 21 is
2797 540 25 14 no
2829 532 50 21 finer
2886 531 59 22 horse
2953 532 20 20 in

2448 602 142 27 Negotiations
2612 608 35 14 are
2669 607 26 14 on
2716 600 45 21 foot
2786 599 41 22 anl
2853 598 121 28 proceeding

2422 630 145 27 satisfactorily
2585 630 54 26 (says
2653 628 36 22 the
2792 626 93 26 Tim's")
2899 626 32 21 for
2940 625 35 22 the

2423 659 105 27 purchase,
2544 658 64 20 under
2621 657 36 20 the
2669 656 56 20 Land
2734 656 32 19 for
2775 656 135 19 Settlements
2930 655 45 23 Act,

2422 687 22 21 of
2467 687 35 20 the
2526 685 129 22 Flaxbourne
2677 683 41 21 and
2747 682 141 24 Scarborough
2920 687 55 19 runs,

2425 713 153 27 Marlborough,
2588 711 114 27 altogether
2711 711 63 21 about
2783 711 84 26 100,000
2877 717 63 14 *cres.

2450 762 29 21 At
2487 761 36 22 the
2530 758 115 24 Southland
2653 758 84 28 poultry
2745 758 56 21 show
2807 765 25 14 on
2843 756 135 27 Wednesday,

2425 790 32 20 Mr
2469 790 22 21 B.
2512 790 62 24 Hart,
2586 788 22 20 of
2622 788 116 24 Lawrence,
2754 786 84 21 secured
2853 786 36 19 the
2907 786 73 22 special

2425 817 54 26 prize
2488 817 33 20 for
2532 817 36 20 the
2581 819 54 17 most
2643 815 68 25 points
2728 815 21 20 in
2763 814 36 20 the
2812 813 56 20 show
2887 812 50 21 with
2954 811 24 22 37

2425 844 127 22 entries—22
2561 844 61 25 firsts,
2635 842 24 21 12
2668 842 84 21 seconds
2766 841 41 21 and
2817 842 12 21 3
2846 840 68 21 thirds
2949 839 32 21 He

2425 872 42 22 also
2477 878 46 16 won
2537 871 36 22 the
2583 870 74 29 special
2668 870 55 26 prize
2732 871 33 20 tor
2780 869 37 22 the
2833 868 46 21 best
2890 867 92 22 cockerel

2425 900 21 22 in
2453 901 36 21 the
2498 901 56 21 show
2569 899 49 22 with
2629 906 12 14 a
2651 899 58 21 black
2719 898 36 22 red
2765 905 59 20 game
2834 898 52 21 bird.

2451 948 44 21 The
2506 946 150 28 finajmatches
2672 945 21 21 in
2703 945 36 21 the
2749 945 81 21 billiard
2848 946 135 19 tournament

2427 978 20 19 at
2455 975 108 27 Spooner's
2571 974 62 22 Hotel
2643 981 52 14 were
2702 973 73 27 played
2782 981 24 12 on
2825 972 90 26 Monday
2924 978 51 14 even

2427 1005 39 25 iDg,
2479 1004 59 20 when
2557 1004 34 19 Mr
2610 1002 55 21 Wra,
2685 1001 110 26 Biacklow,
2817 1000 50 20 with
2877 1000 25 20 20
2916 1000 68 25 points

2428 1031 108 27 handicap,
2552 1029 110 22 succeeded
2673 1028 22 22 in
2711 1029 88 26 winning
2815 1028 35 21 the
2861 1027 62 21 silver
2937 1033 46 20 cup.

2430 1060 32 20 Mr
2469 1059 85 25 Graves,
2564 1058 48 20 with
2620 1058 25 19 40
2651 1058 75 25 points,
2736 1063 42 14 won
2789 1056 35 21 the
2832 1055 73 20 second
2914 1056 55 25 prize
2978 1062 6 17 ;

2427 1086 40 22 and
2477 1086 32 20 Mr
2514 1086 21 22 J.
2547 1084 114 27 Campbell,
2667 1084 25 21 40
2698 1084 75 26 points,
2781 1090 56 15 came
2845 1082 62 22 third.

2454 1134 33 21 Mr
2498 1132 54 21 Wm.
2567 1132 51 21 Bain
2627 1133 44 20 met
2680 1131 51 21 with
2741 1138 11 14 a
2768 1138 70 13 severe
2847 1129 92 22 accident
2946 1129 38 21 last

2429 1162 83 26 Friday.
2539 1161 34 21 He
2584 1167 39 14 was
2638 1159 76 21 rushed
2733 1160 25 25 by
2768 1165 12 14 a
2790 1165 68 20 young
2867 1163 56 16 steer
2936 1157 47 21 that

2429 1190 26 21 he
2474 1196 40 14 was
2537 1188 63 21 about
2617 1190 22 18 to
2658 1186 44 24 kill,
2723 1186 40 21 and
2782 1193 38 14 one
2838 1186 21 21 of
2878 1186 27 21 its
2923 1185 61 21 horns

2430 1217 75 27 caught
2514 1216 43 21 him
2567 1216 22 21 in
2606 1215 36 22 the
2652 1215 55 25 right
2716 1214 61 24 hand,
2789 1214 100 26 inflicting
2898 1220 12 13 a
2925 1218 59 19 nasty

2431 1245 81 21 wound.
2539 1244 43 21 The
2591 1244 69 27 injury
2670 1243 35 21 has
2713 1242 73 23 caused
2798 1243 40 21 him
2845 1241 139 22 considerable

2431 1274 48 24 pain
2488 1273 40 19 and
2538 1273 18 18 it
2571 1272 41 19 will
2631 1272 24 19 be
2672 1277 55 13 some
2746 1272 49 18 time
2806 1271 68 19 before
2884 1270 25 19 he
2925 1270 58 24 again

2432 1300 36 20 has
2478 1298 35 21 the
2522 1305 35 13 use
2566 1297 21 20 of
2597 1297 32 20 his
2637 1296 61 21 hand.

2460 1336 92 21 Another
2578 1336 61 24 party
2655 1335 52 20 from
2735 1334 111 25 Roxburgh
2872 1340 53 13 were
2951 1336 36 17 out

2432 1371 27 13 on
2469 1364 35 19 the
2521 1362 40 21 Old
2580 1362 48 20 Man
2643 1362 70 24 Range
2723 1368 26 13 on
2759 1361 91 25 Sunday,
2869 1360 83 25 making
2974 1368 11 11 a

2434 1390 82 21 further
2531 1389 70 21 search
2617 1388 32 22 for
2667 1388 35 21 the
2711 1388 50 24 body
2773 1388 21 21 of
2805 1388 53 21 Wm.
2867 1387 71 26 Gum,
2951 1387 36 20 the

2434 1418 80 26 packer,
2531 1417 45 20 who
2596 1423 40 14 was
2653 1416 40 21 lost
2704 1416 21 20 in
2741 1416 36 20 the
2795 1421 55 15 snow
2870 1415 58 20 there
2948 1414 39 21 last

2434 1446 54 24 May.
2516 1445 57 24 They
2587 1444 64 20 found
2667 1444 47 19 that
2730 1449 26 13 on
2773 1442 35 21 the
2818 1444 46 20 tops
2877 1442 36 19 the
2932 1448 56 13 sm>w

2434 1466 38 26 liari
2483 1471 79 20 cleared
2571 1469 147 25 considerably,
2738 1468 77 25 though
2827 1469 35 19 the
2878 1468 61 20 drifts
2955 1475 34 13 are

2434 1498 42 21 still
2486 1499 59 26 deep.
2573 1497 44 22 The
2627 1499 59 25 party
2697 1496 64 21 fouud
2770 1503 26 14 no
2806 1495 81 22 further
2897 1498 55 18 trace
2968 1495 21 20 of

2434 1526 36 21 the
2479 1526 83 26 missing
2568 1533 55 13 man.

2460 1565 49 21 List
2523 1564 89 22 Mondav
2630 1569 41 15 was
2688 1561 134 22 constituted'
2828 1560 67 23 Arbor
2905 1562 47 22 Day
2968 1563 22 18 at

2436 1593 46 21 Moa
2501 1592 55 27 Elat,
2575 1592 40 21 and
2630 1598 12 14 a
2659 1589 139 22 considerable
2813 1592 85 18 amount
2917 1589 21 21 of
2948 1592 42 18 tree

2436 1620 93 27 planting
2541 1627 39 13 was
2595 1626 51 18 gone
2660 1619 21 20 iu
2697 1618 33 20 for
2747 1618 20 20 in
2778 1618 36 20 the
2824 1618 69 19 school
2902 1624 87 14 reserve.

2436 1649 23 18 In
2470 1647 35 20 the
2515 1647 108 19 afternoon
2634 1646 35 19 the
2679 1645 92 20 children
2784 1651 51 13 were
2852 1644 80 21 treated
2947 1646 22 18 to
2978 1652 11 12 a

2436 1675 73 26 picnic,
2524 1673 65 21 which
2603 1679 38 14 was
2656 1672 77 26 largely
2749 1671 108 27 attended,
2871 1672 40 20 and
2925 1672 19 20 in
2956 1671 34 21 the

2435 1702 86 27 tveniug
2530 1708 12 14 a
2551 1701 63 21 dance
2625 1707 39 14 was
2674 1700 54 21 held.
2756 1700 43 20 The
2808 1700 69 20 school
2888 1699 100 26 reopened

2434 1731 54 20 after
2516 1729 36 21 the
2583 1728 117 22 midwinter
2723 1727 93 27 holidays
2840 1735 27 13 on
2898 1727 92 26 Tuesday

2434 1757 101 26 morning.

2461 1797 30 21 At
2506 1796 35 21 the
2555 1794 76 22 annual
2649 1795 164 26 congregational
2824 1795 90 25 meeting
2925 1795 21 21 of
2960 1795 31 22 St.

2434 1825 77 21 James'
2521 1824 145 27 parishioners,
2674 1823 47 21 held
2730 1826 53 18 sitter
2791 1825 75 19 service
2874 1830 26 14 on
2908 1823 83 26 Sunday

2435 1853 93 26 evening,
2547 1852 37 20 the
2597 1851 52 22 Rev.
2671 1852 33 20 Mr
2721 1851 97 22 Edwards
2828 1851 68 21 stated
2907 1851 46 21 that
2967 1851 24 21 he

2436 1881 67 20 would
2515 1879 97 27 probably
2622 1879 25 21 be
2660 1879 81 26 leaving
2756 1879 31 21 his
2804 1879 67 25 parish
2889 1879 21 21 in
2929 1879 62 21 about

2435 1909 58 20 three
2504 1908 89 25 months,
2613 1907 40 21 and
2672 1907 32 20 his
2722 1907 40 21 last
2777 1907 48 20 visit
2839 1910 22 17 to
2876 1907 113 26 Roxburgh

2437 1936 64 21 would
2521 1936 25 21 be
2564 1936 19 21 in
2598 1935 90 21 October
2697 1937 56 19 next.
2787 1935 30 20 He
2827 1934 103 25 regretted
2941 1942 49 17 very

2435 1964 59 21 much
2505 1964 77 24 having
2591 1965 21 18 to
2624 1963 57 20 leave
2687 1963 32 20 his
2729 1962 113 25 Roxburgh
2853 1963 85 25 friends,
2947 1963 44 19 who

2434 1991 41 20 had
2485 1991 28 20 all
2523 1990 80 20 treated
2619 1990 43 19 him
2678 1990 49 19 with
2743 1995 58 21 great
2811 1990 96 20 kindness
2918 1990 73 25 during

2434 2019 31 21 his
2476 2021 44 24 stay
2530 2019 94 25 amongst
2633 2017 64 22 them.

2459 2067 29 21 At.
2499 2066 41 21 this
2550 2072 70 14 season
2627 2065 22 21 of
2664 2067 35 19 the
2710 2072 48 20 year
2769 2065 76 26 (wri'es
2854 2066 35 20 the
2902 2065 13 10 '*

2434 2094 79 21 Herald
2551 2094 16 20 it
2577 2100 47 19 may
2632 2094 24 20 he
2666 2100 21 14 a»
2698 2094 44 20 well
2753 2096 22 18 to
2794 2094 59 25 point
2862 2098 37 16 out
2908 2094 47 20 that
2966 2095 25 24 by

2434 2122 86 20 sections
2538 2121 25 20 48
2577 2122 40 19 and
2626 2121 25 20 49
2670 2121 21 20 of
2700 2121 35 20 the
2746 2121 61 20 Stock
2821 2123 45 21 Act,
2887 2121 34 20 180
2930 2131 12 16 >,
2956 2122 35 19 the

2433 2148 70 28 yearly
2512 2150 44 20 rate
2566 2148 21 21 of
2597 2149 41 20 two
2648 2147 92 27 shillings
2751 2148 31 21 for
2789 2155 61 15 everv
2859 2148 93 21 hundred
2965 2156 23 13 or

2434 2177 107 22 fractional
2552 2178 46 25 part
2615 2176 22 21 of
2651 2183 11 14 a
2680 2176 94 22 hundred
2794 2177 62 25 sheep
2874 2177 72 20 owned
2964 2177 25 26 by

2434 2206 47 19 each
2492 2205 76 20 farmer
2577 2211 26 14 on
2614 2204 36 20 the
2659 2204 48 20 30th
2719 2205 39 25 day
2769 2204 22 21 of
2802 2204 58 25 April
2872 2204 117 26 preceding,

2433 2235 56 18 must
2515 2232 25 20 be
2561 2231 48 27 paid
2627 2238 25 13 on
2671 2238 23 13 or
2711 2231 68 20 before
2802 2232 36 19 the
2857 2232 30 19 Ist
2904 2232 40 26 day
2969 2232 22 20 of

2433 2260 128 26 September.
2588 2259 43 21 The
2654 2259 83 26 peualty
2749 2259 32 20 for
2791 2259 35 21 def
2831 2259 41 21 uilt
2881 2260 22 19 of
2913 2259 50 21 such
2978 2267 12 13 a

2433 2291 43 18 rate
2486 2288 16 21 is
2512 2289 31 20 set
2552 2287 56 21 forth
2624 2294 21 14 as
2656 2287 58 25 being
2724 2294 39 13 one
2779 2288 84 25 shilling
2883 2288 33 20 for
2929 2294 61 20 every

2433 2318 9 18 t
2456 2323 12 13 n
2478 2322 23 14 or
2516 2317 47 24 part
2574 2315 22 21 of
2606 2317 35 18 ten
2661 2315 93 26 shilliugs
2774 2315 40 21 due
2833 2315 26 26 by
2878 2322 79 14 owners
2968 2316 21 20 of

2433 2343 69 26 sheep.

2459 2390 19 20 A
2485 2389 105 26 discovery
2596 2388 22 21 of
2624 2389 57 24 great
2688 2388 126 24 importance
2822 2389 21 19 to
2850 2388 140 25 fruitgrowers

2435 2424 40 13 was
2504 2416 59 21 made
2592 2416 26 26 by
2637 2415 86 27 Captain
2749 2416 82 26 Brown,
2850 2416 141 21 Government

2435 2445 145 23 entomologist
2598 2446 22 18 at
2640 2444 116 25 Auckland,
2767 2447 22 16 at
2803 2444 35 20 the
2861 2444 93 26 begining
2970 2444 21 20 of

2435 2472 35 20 the
2485 2472 63 21 week.
2576 2470 88 28 Captain
2690 2472 82 25 Bn-wn,
2800 2471 21 20 in
2848 2478 11 13 a
2878 2475 53 16 most
2954 2478 24 13 un-

2558 2506 92 18 manner,
2675 2498 64 22 found
2768 2506 25 13 an
2834 2499 93 20 antidote
2959 2498 32 21 for

2434 2527 119 27 destroying
2560 2527 35 21 the
2601 2528 66 25 mealy
2677 2527 46 25 bug,
2734 2526 65 21 which
2807 2526 16 21 is
2834 2534 22 13 so
2864 2526 126 22 destructive

2434 2557 22 18 to
2466 2554 52 21 fruit
2524 2557 53 18 trees
2586 2555 40 20 and
2634 2555 63 20 vines.
2727 2555 20 20 It
2757 2555 17 19 is
2780 2562 11 11 a
2802 2554 94 24 parasite,
2907 2555 39 20 and
2956 2555 35 19 the

2434 2582 103 26 specialist
2546 2582 82 20 secured
2640 2589 12 13 a
2661 2582 86 20 nvfmber
2761 2581 21 20 of
2789 2582 120 25 specimens,
2923 2582 65 20 which

2435 2609 25 21 he
2475 2609 83 21 intends
2572 2611 21 19 to
2612 2616 45 15 rear
2671 2610 31 20 for
2716 2609 131 21 distribut.on
2864 2609 18 20 iu
2901 2609 89 21 infected

2435 2637 97 22 districts.

2463 2691 14 18 A
2490 2689 61 20 series
2560 2689 22 20 of
2591 2689 80 21 articles
2683 2696 26 14 on
2720 2689 14 10 '*
2744 2689 123 25 Dredzing,*'
2878 2689 66 23 which
2956 2698 33 14 are

2435 2719 44 27 jn«t
2498 2722 44 14 tiow
2560 2717 109 25 appearing
2686 2716 20 20 in
2723 2716 37 20 the
2795 2717 66 24 Otago

2437 2750 52 16 irom
2505 2743 35 21 the
2555 2750 39 19 pen
2608 2743 23 21 of
2649 2743 32 21 Mr
2700 2743 23 22 B.
2746 2743 26 22 V.
2796 2743 65 26 Heilly
2878 2743 43 26 (the
2941 2745 48 22 locil

2436 2772 160 25 correspondent
2618 2771 22 21 of
2655 2771 46 21 that
2728 2770 79 28 paper),
2824 2779 35 13 are
2880 2774 112 26 attracting

2436 2799 137 24 considerable
2592 2799 102 21 attention
2707 2799 21 21 in
2751 2799 78 26 mining
2845 2800 75 22 circles.
2948 2802 43 21 The

2436 2844 23 12 flr
2460 2827 58 21 ticles
2535 2833 35 15 are
2587 2827 89 25 cleverly
2692 2827 81 21 written
2792 2827 40 21 and
2854 2829 45 23 give
2920 2831 71 22 strong

2436 2871 23 13 ev
2463 2856 69 19 i<!ence
2561 2854 21 20 of
2616 2855 34 19 Mr
2671 2855 84 25 Reill}'.s
2777 2855 59 26 j«>urn
2852 2855 33 20 list
2888 2854 3 30 :
2894 2863 11 14 c
2934 2863 46 20 cipa-

2440 2882 75 26 —ility.
2542 2881 58 26 They
2622 2881 40 21 will
2683 2882 82 26 supply,
2785 2882 57 20 when
2864 2884 123 26 completed,

2435 2914 10 12 a
2459 2909 92 21 valuable
2571 2909 51 21 fund
2647 2909 22 21 of
2687 2909 132 21 information
2833 2917 24 14 <>n
2878 2912 41 20 this
2939 2914 53 18 most

2436 2937 114 26 important
2566 2937 103 26 industry,
2688 2937 36 20 the
2741 2937 74 20 d«txils
2838 2938 22 20 of
2873 2940 65 20 which
2956 2940 36 20 the

2436 2964 80 25 general
2543 2964 70 26 public
2631 2970 34 13 are
2692 2964 94 23 isjnoiant
2805 2965 22 19 to
2845 2973 12 12 a
2877 2966 115 26 surprising

2435 2992 80 26 degree.

2460 3030 43 21 The
2513 3029 106 27 quarterly
2625 3029 89 27 meeting
2720 3029 21 21 of
2747 3030 150 28 thoWesleyan
2906 3031 83 22 Church

2436 3065 40 12 was
2485 3058 47 19 held
2546 3057 21 20 in
2578 3057 112 26 Roxburgh
2705 3064 27 13 on
2749 3058 75 26 Friday
2839 3060 86 25 evening
2944 3059 48 27 last,

2435 3085 40 20 and
2485 3085 36 20 the
2530 3084 64 20 result
2602 3084 21 19 of
2632 3084 35 20 the
2676 3085 102 24 quarter's
2788 3086 64 26 work,
2873 3086 65 21 which
2954 3094 39 13 was

2437 3114 53 19 most
2499 3111 111 27 gratifying
2623 3112 22 21 to
2664 3105 26 27 all
2702 3114 120 26 concerned,
2841 3114 84 21 showed
2943 3114 47 21 that

2436 3140 74 26 during
2520 3140 35 20 the
2568 3139 40 21 last
2616 3139 57 22 three
2684 3141 81 20 months
2775 3142 36 21 the
2823 3142 55 21 work
2890 3142 39 21 had
2939 3142 52 21 been

2436 3168 77 21 carried
2523 3174 24 14 on
2559 3168 21 21 in
2591 3166 35 22 the
2642 3170 53 18 most
2709 3170 102 22 energetic
2827 3177 94 14 manner.
2949 3170 44 21 The

2436 3197 78 20 income
2533 3203 40 13 was
2584 3202 54 13 more
2655 3195 51 21 than
2721 3197 102 22 sufficient
2840 3201 22 17 to
2879 3199 55 19 meet
2958 3198 35 20 the

2436 3223 136 26 expenditure
2593 3222 40 21 and
2647 3223 48 20 each
2709 3222 22 21 of
2741 3224 36 20 the
2787 3226 58 20 three
2862 3225 99 23 churches
2973 3225 20 21 in

2436 3250 37 21 the
2482 3250 72 21 circuit
2567 3256 50 20 gave
2634 3250 95 21 evidence
2744 3251 21 21 of
2782 3253 103 21 increased
2901 3253 92 26 vitality.

2436 3278 50 20 Just
2497 3279 93 25 previous
2600 3281 21 16 to
2627 3277 35 20 the
2672 3279 106 26 quarterly
2785 3281 96 25 meeting,
2891 3288 11 13 a
2913 3283 78 19 trustee

2437 3305 90 25 meeting
2542 3312 39 14 was
2593 3304 48 22 held
2660 3306 23 19 to
2704 3305 44 23 talk
2767 3314 48 14 over
2827 3308 36 21 the
2880 3310 76 20 matter
2973 3309 20 20 of

2436 3333 94 26 building
2539 3339 12 14 a
2560 3339 117 20 parsonage.
2704 3333 22 21 It
2745 3335 16 21 is
2777 3336 97 26 probable
2888 3343 25 14 an
2933 3337 60 21 effort

2438 3361 40 21 will
2488 3368 47 13 soon
2546 3361 24 20 be
2580 3361 59 20 made
2649 3363 22 18 to
2679 3366 98 22 augment
2788 3364 35 21 the
2833 3364 62 21 funds
2906 3364 83 23 already

2438 3389 19 21 in
2467 3389 56 21 hand
2532 3389 32 20 for
2573 3389 42 21 this
2636 3395 93 21 purpose,
2746 3391 40 21 and
2798 3392 17 20 it
2829 3392 17 20 is
2865 3392 67 25 hoped
2948 3392 45 21 that

2438 3417 38 20 'ere
2486 3416 37 21 the
2533 3423 47 14 vear
2588 3417 62 20 closes
2661 3418 36 20 the
2706 3418 93 26 buildiug
2807 3420 41 21 will
2859 3420 25 21 be
2896 3420 21 21 in
2923 3427 70 14 course

2436 3444 22 21 of
2466 3444 65 21 erecti'
2539 3451 15 15 n

2462 3495 31 25 By
2501 3494 63 21 letter
2573 3495 90 21 received
2675 3496 51 22 from
2737 3497 33 21 Mr
2782 3497 29 22 M.
2823 3497 105 25 Campbell
2940 3497 50 21 from

2438 3522 106 25 Brisbane,
2557 3528 30 14 we
2597 3522 56 22 learn
2667 3524 45 21 that
2728 3525 25 21 he
2767 3525 80 21 arrived
2867 3525 57 21 there
2945 3526 48 20 with

2437 3550 33 20 Mr
2479 3549 62 26 Kirk,
2552 3549 21 20 of
2590 3550 35 20 the
2643 3551 137 26 Agricultural
2954 3553 40 21 and

2438 3579 74 19 Messrs
2531 3578 78 25 Grapes
2627 3579 40 21 and
2687 3580 108 27 Morrison,
2811 3580 36 21 the
2865 3581 59 19 other
2943 3581 51 20 New

2437 3605 89 21 Zealand
2545 3605 102 22 delegates
2663 3608 21 18 to
2701 3608 35 20 the
2753 3608 98 20 Brisb.in«
2867 3608 59 20 Fruit
2942 3608 51 20 Con*

2437 3633 87 22 fpreoce,
2543 3638 25 14 on
2587 3632 36 21 the
2642 3634 48 21 lGth
2708 3635 49 21 inst.
2790 3636 33 19 Mr
2843 3635 96 26 Murphy,
2959 3635 33 20 tlif

2437 3659 148 23 Christchurch
2600 3661 93 26 delegate
2710 3663 45 20 who
2772 3670 39 13 was
2820 3663 119 26 appointed,
2952 3670 40 13 was

2437 3687 75 22 unable
2522 3689 21 19 to
2553 3694 24 19 go
2590 3688 67 26 owing
2667 3692 22 19 to
2703 3690 22 20 ill
2736 3690 77 22 Iwnl'h.
2844 3690 33 20 Mr
2888 3690 104 24 Camphdl

2437 3724 45 19 says
2484 3715 38 28 —'
2534 3715 31 20 Mr
2584 3716 99 23 Morrison
2703 3718 36 21 has
2752 3718 90 24 brought.
2863 3718 22 20 19
2903 3725 54 14 ctse«
2973 3718 21 20 of

2437 3746 51 21 fruit
2499 3743 48 21 with
2560 3744 41 20 him
2614 3745 32 21 for
2661 3747 36 20 the
2712 3747 64 25 show,
2788 3747 39 21 aid
2918 3754 34 13 are
2966 3748 24 19 4')

2437 3781 53 12 esses
2501 3771 53 20 from
2566 3772 123 26 Wellington
2700 3775 38 19 and
2751 3775 34 18 tlm
2801 3775 64 19 South
2885 3774 76 26 Inland,
2973 3782 21 10 so

2437 3800 45 21 that
2493 3799 10 20 I
2514 3798 38 21 feel
2563 3805 46 16 sure
2624 3808 29 13 we
2674 3802 40 19 will
2731 3806 54 15 nuitt*
2785 3808 5 7 3
2800 3808 9 13 a
2823 3808 47 12 very
2883 3801 111 21 creditable

2554 3826 38 21 We
2617 3835 34 15 are
2674 3829 80 26 pleased
2779 3831 22 17 t,>
2821 3828 40 20 find
2882 3829 51 20 fiom
2957 3829 37 20 the

2461 3854 96 22 Brisbane
2681 3857 47 20 that
2740 3857 31 19 Mr
2782 3856 123 21 Camr>b«M's
2916 3857 76 19 'irelic.

2498 3889 39 13 was
2560 3883 53 28 fully
2631 3884 90 27 verified,
2738 3892 21 12 as
2776 3884 36 21 the
2832 3885 50 21 New
2902 3883 90 23 Zealand

2434 3912 80 21 exhibit
2525 3919 39 14 was
2575 3920 25 14 an
2611 3913 101 21 excellent
2722 3921 44 13 one.

2462 3957 106 20 Certain!v
2583 3958 35 19 the
2633 3958 54 19 most
2809 3956 71 20 rnP'Vei
2891 3963 17 7 ,a
2923 3956 18 17 in
2955 3956 36 19 the

2437 3984 61 20 wor'd
2520 3991 15 13 h
2554 3985 115 20 SANDER
2683 3984 38 20 and
2740 3983 77 22 SONS'
2834 3983 54 20 RUf!
2897 3983 68 20 U,Yl>
2972 3984 20 19 l'T

2436 4012 137 21 EXTRACT.
2603 4013 49 19 Test
2659 4012 27 20 its
2693 4012 112 24 eminently
2814 4011 98 25 powerful
2974 4012 18 19 t<

2436 4038 20 21 in
2470 4039 82 26 coughs,
2565 4039 61 26 colds,
2637 4039 34 21 inf
2675 4046 77 18 uenzi,
2775 4039 36 20 the
2822 4038 59 21 relief
2890 4038 16 21 is
2918 4038 65 21 instati-

2436 4070 86 16 taiiPous
2560 4068 23 20 In
2599 4068 77 20 serious
2687 4074 55 14 cases
2756 4067 40 20 and
2811 4066 80 21 acciden
2904 4073 35 12 so
2942 4066 7 12 ;
2962 4066 19 20 al

2436 4093 66 23 kind-*,
2516 4095 24 18 he
2550 4096 50 25 they
2612 4095 92 23 wound*,
2716 4095 68 21 hnrn«.
2794 4094 75 20 «r:a'din
2918 4094 74 19 bruises

2437 4124 86 21 sprains.
2533 4125 16 16 it
2558 4123 17 19 is
2584 4123 35 20 the
2629 4123 63 19 safest
2702 4122 136 20 rerredv—no
2848 4121 91 21 swell.n_'
2942 4128 50 11 —no

2435 4148 158 22 inflammation.
2624 4150 49 20 Like
2683 4149 113 25 surprising
2807 4149 72 19 effects
2890 4148 63 24 pndu
2961 4147 30 20 -ed

2432 4175 22 21 in
2469 4183 71 19 ctoup,
2551 4176 109 27 niptheria.
2676 4176 118 25 bronchitis,
2808 4175 146 21 inflammation
2971 4179 20 15 nt

2435 4203 36 20 the
2575 4205 110 25 swellings,
2694 4209 38 16 etc.
2755 4205 110 22 diarrlnea,
2881 4205 108 22 dvsentrv,

2434 4230 89 20 diseases
2534 4232 20 18 of
2565 4231 35 20 the
2615 4232 85 24 kidneys
2711 4231 38 19 hik!
2767 4232 81 23 urinary
2859 4235 78 15 organs.
2970 4231 19 17 In

2436 4264 36 12 use
2480 4264 19 13 hi
2506 4258 27 19 all
2542 4258 98 25 hospitals
2647 4259 40 19 and
2695 4258 84 20 medical
2786 4258 75 22 clinics,
2875 4262 90 18 patrons
2978 4255 13 20 d

2434 4283 26 26 by
2473 4285 36 19 His
2520 4286 88 25 Majesty
2618 4285 37 21 the
2666 4285 55 25 King
2731 4285 22 20 of
2766 4285 60 25 Italy,
2837 4282 3 29 i
2848 4284 80 20 iowned
2946 4282 46 20 .trh

2434 4313 66 19 medal
2512 4313 40 20 ami
2562 4313 91 26 diploma
2662 4316 23 17 at
2697 4311 150 22 liiternauunal
2864 4311 125 24 tixnioition,

2433 4340 142 22 Amsterdam.
2603 4340 63 21 Trust
2676 4347 20 14 in
2707 4340 41 20 this
2759 4340 104 25 approved
2871 4339 71 19 article
2949 4339 40 18 and

2431 4368 36 24 rcj.
2474 4370 21 17 ct
2504 4368 27 19 all
2543 4372 76 15 others.

2454 4410 43 20 The
2507 4411 115 20 Southland
2630 4412 79 19 contest
2719 4410 31 21 for
2758 4410 72 20 second
2841 4410 50 20 clan
2901 4408 63 21 hands
2974 4408 17 20 is

2429 4445 77 26 (writes
2611 4453 19 14 in
2641 4446 35 21 the
2685 4445 53 21 Gore
2771 4448 49 18 Stan
2902 4450 84 19 ctusing

2429 4487 57 19 great
2495 4481 85 20 interest
2596 4487 74 19 among
2680 4480 109 20 banlsinen
2802 4487 25 13 an
2836 4478 4 28 I
2852 4480 76 24 others,
2939 4478 40 21 and

2429 4513 35 19 the
2474 4516 101 22 secretary
2585 4513 22 20 of
2617 4513 35 20 the
2660 4513 126 20 Association
2796 4516 22 16 at
2825 4513 55 19 Cora
2888 4513 35 18 has
2931 4513 48 18 ii-jeu

2429 4547 61 21 asked
2498 4549 75 19 several
2581 4548 60 20 times
2651 4547 30 21 for
2688 4547 110 21 informati-
2807 4553 13 14 u
2829 4546 105 26 regardiu;
2949 4546 35 19 the

2429 4582 86 25 contest,
2535 4580 65 21 which
2617 4581 31 26 he,
2678 4580 165 25 unfortunately,
2863 4579 59 21 cjuid
2948 4586 36 13 uoo

2428 4615 82 27 suoply,
2521 4622 22 14 hr
2552 4615 27 21 all
2589 4617 151 23 arrangements
2752 4615 30 20 for
2797 4615 36 21 the
2842 4621 94 20 ctrrying
2947 4617 38 17 out

2429 4651 21 20 of
2469 4650 34 21 the
2518 4652 80 19 contest
2616 4650 41 21 had
2676 4650 51 20 been
2746 4650 76 21 left'to
2839 4650 34 19 the
2896 4648 86 21 Wmtan

2427 4685 127 20 committee.
2582 4684 67 21 Bands
2666 4691 22 13 as
2704 4684 32 20 far
2749 4684 77 20 diu'-int
2847 4690 22 13 as
2888 4682 92 26 M>s4-1,

2429 4720 145 26 Queenstown,
2581 4719 39 21 and
2627 4718 112 27 Roxburgh
2754 4718 63 21 nteml
2826 4718 61 26 being
2894 4722 87 22 present,

2428 4754 41 21 and
2478 4754 48 23 they
2533 4754 74 21 should
2616 4754 98 25 certainly
2722 4754 24 20 be
2752 4760 35 19 acq
2796 4760 7 14 i
2809 4754 64 20 liated
2885 4760 22 12 wi
2913 4753 22 20 i.h
2949 4754 35 18 the

2430 4789 60 25 rules,
2504 4796 21 14 as
2535 4789 35 21 the
2580 4790 79 20 contest
2671 4788 16 20 is
2697 4791 20 17 to
2729 4788 24 20 be
2765 4788 47 20 held
2824 4794 24 14 on
2862 4786 120 28 September

2429 4825 61 22 22nd.
2517 4825 43 21 The
2577 4824 66 26 delay,
2658 4824 10 21 I
2680 4824 56 26 hear,
2747 4831 39 13 was
2805 4823 73 21 ciusel

2430 4860 107 25 arranging
2547 4859 31 21 for
2587 4866 11 13 a
2605 4861 42 18 test
2657 4859 61 25 piece,
2728 4858 160 23 buteventuiliy
2897 4859 35 19 the
2941 4859 45 19 idea

2432 4902 39 14 was
2487 4893 139 23 .tbandondeil.
2655 4893 56 22 Each
2740 4892 53 22 band
2816 4892 39 21 will
2884 4892 103 22 therefore

2431 4931 72 20 choose
2509 4931 28 20 its
2546 4937 45 12 own
2608 4929 63 20 music
2683 4928 111 21 -selection
2803 4928 39 20 and
2851 4928 108 27 quic\>tep
2968 4940 16 2 -

2430 4964 41 20 and
2486 4963 88 21 forward
2592 4965 21 18 to
2627 4961 35 21 the
2682 4961 86 21 Wiutou
2789 4968 101 19 s;cre(u,-y
2907 4968 22 14 at
2950 4961 36 21 the

2431 4998 50 21 time
2499 4996 21 22 of
2530 4999 58 23 entry
2607 5003 12 14 a
2632 4995 39 22 full
2681 4995 54 21 band
2746 4994 30 27 (or
2785 4994 49 21 such
2850 4999 134 16 instruments

2431 5042 22 12 as
2462 5041 35 13 are
2507 5033 60 25 being
2585 5031 81 27 played)
2683 5038 55 14 score
2756 5030 22 20 of
2796 5031 36 20 the
2842 5031 71 21 music.
2940 5031 44 21 Tha

2432 5069 53 21 rules
2494 5075 33 13 are
2537 5074 44 14 now
2593 5067 59 26 being
2662 5065 75 27 issued,
2754 5064 41 21 ami
2805 5065 27 20 all
2851 5065 133 20 information

2433 5104 39 21 will
2481 5103 24 22 be
2511 5101 94 29 supplied
2612 5100 110 23 therewith
2757 5098 66 24 Other
2832 5103 153 22 arrangements

2431 5140 34 14 are
2475 5132 94 27 reported
2579 5133 21 19 to
2613 5131 23 20 be
2645 5130 21 21 in
2676 5136 12 13 a
2699 5135 48 18 very
2754 5129 87 20 forward
2852 5132 60 19 stite,
2926 5129 59 20 while

2431 5163 63 16 about
2513 5160 43 19 £6O
2568 5160 35 19 has
2617 5158 50 20 been
2678 5156 116 24 subscribe.l
2805 5163 21 12 as
2837 5157 53 23 prize
2901 5162 80 18 money.

2432 5187 43 20 The
2493 5188 81 19 contest
2584 5184 73 21 should
2678 5182 24 20 be
2720 5189 12 13 a
2741 5182 64 25 really
2821 5182 52 21 good
2887 5188 38 13 one
2947 5182 41 20 this

2431 5221 55 19 year,
2498 5213 40 21 and
2549 5217 16 16 it
2576 5212 41 21 will
2638 5212 23 20 be
2671 5210 87 21 difficult
2768 5212 21 17 to
2801 5209 46 26 pick
2857 5209 35 20 the
2911 5209 78 20 winner

2433 5243 52 19 from
2500 5243 93 23 amongst
2610 5240 36 21 the
2661 5238 103 24 following
2773 5238 63 19 bauds
2844 5236 4 30 :
2859 5238 61 19 Bluff.
2934 5236 39 21 Wio-

2433 5271 42 21 ton,
2490 5269 61 23 Gore,
2572 5268 144 25 Qneenstown,
2737 5259 80 28 Milton,
2838 5264 90 26 Mosgie',
2948 5264 40 20 and

2432 5296 120 26 Roxburgh.
2580 5294 82 22 Besides
2692 5292 57 21 thrse
2783 5292 60 20 other
2864 5291 61 21 Imihls
2949 5292 40 19 will

2432 5327 100 24 compete,
2542 5323 40 21 and
2605 5329 55 14 some
2677 5321 22 20 of
2718 5322 56 19 them
2785 5321 20 18 ot
2815 5327 70 14 course
2905 5326 46 19 mty
2967 5320 23 19 be

2620 5350 39 20 but
2669 5355 51 14 even
2732 5349 48 18 with
2793 5349 57 19 those
2869 5347 118 21 mentioned

2431 5386 12 12 a
2453 5378 93 26 splendid
2556 5379 80 20 contest
2645 5375 72 22 should
2727 5375 71 21 result.

2575 5466 127 50 Mining
2736 5466 113 40 Notes.

2469 5569 58 29 The
2553 5569 139 39 dredging
2718 5572 110 25 returns
2866 5568 44 27 for
2935 5567 51 27 Inst

2434 5611 75 27 week
2534 5620 70 19 were
2606 5609 147 29 —littrick
2777 5609 78 33 25<-z,
2881 5607 105 28 Golden

2433 5650 133 29 Treasure
2691 5649 89 37 Otago
2796 5650 76 32 30oz,
2897 5647 72 27 Dune-

2432 5691 45 27 din
2495 5691 67 28 370z
2580 5691 105 27 18dwts
2699 5693 74 33 tigrs,
2798 5688 105 28 Golden
2919 5686 67 28 Ga;e

2436 5731 64 28 looz
2518 5730 52 36 (for
2584 5730 77 28 three
2674 5729 91 37 days).
2806 5728 97 34 Owing
2923 5730 27 23 to
2970 5736 16 15 a

2434 5771 136 36 breakage
2583 5770 30 28 of
2626 5770 46 27 the
2686 5768 166 36 connecting
2866 5765 74 29 shaft
2953 5766 30 26 of

3006 175 47 28 the
3067 175 89 27 winch
3171 184 65 27 gear
3250 184 35 17 on
3300 172 47 28 the
3361 174 82 25 latter
3455 170 105 37 dredge

3006 214 49 28 she
3068 224 56 18 was
3137 213 55 28 idle
3205 214 45 27 for
3264 212 58 27 half
3339 211 47 27 the
3400 210 86 28 week.

3044 254 58 29 The
3128 252 156 37 Roxburgh
3317 250 105 39 dredge
3447 249 55 29 had
3526 259 36 19 ro

3007 294 74 28 wash
3097 303 35 28 up
3147 294 44 27 for
3205 293 47 28 the
3266 295 62 34 past
3351 290 86 35 week,
3460 301 30 17 as
3514 290 49 28 she

3008 333 143 30 bottomed
3172 333 28 28 in
3221 333 69 28 drift
3314 341 30 19 as
3365 330 70 40 deep
3460 341 30 18 as
3516 330 47 29 the

3008 375 96 27 ladder
3117 373 80 28 could
3212 384 43 26 go.

3045 415 57 30 The
3116 414 156 37 Roxburgh
3287 411 211 41 Amalgamated
3515 410 48 31 Co.

3008 456 110 27 washed
3145 466 36 26 up
3214 455 53 27 last
3299 455 76 27 week
3408 454 44 28 for
3481 453 83 28 lOOoz

3008 496 89 29 Odwts
3117 496 87 38 lOgrs.

3045 537 57 29 The
3120 537 128 28 Pleasant
3262 534 97 38 Valley
3375 534 127 38 Sluicing
3518 532 46 31 Co.

3009 578 109 28 washed
3140 588 37 27 up
3198 577 45 28 for
3264 578 50 27 soz
3339 576 89 28 OJwts
3454 576 44 27 for
3523 575 41 27 six

3009 618 77 38 days'
3109 618 84 28 work.

3046 659 58 28 The
3128 658 107 29 Golden
3256 658 62 27 Run
3340 657 127 38 Sluicing
3491 656 73 29 Co.'s

3010 700 79 29 claim
3104 709 55 18 was
3172 699 65 28 shut
3257 698 79 29 down
3357 698 44 30 for
3420 703 55 24 two
3498 697 66 29 davs

3010 741 52 28 last
3076 740 101 36 weeks,
3200 739 93 40 owing
3316 745 28 24 to
3370 740 142 29 shortness
3535 741 29 26 of

3012 788 93 22 water.

3086 879 176 54 Dredging
3297 880 194 44 Accidents.

3036 992 42 27 [Br
3092 997 43 16 our
3149 991 99 21 Millers
3264 992 56 20 Flat
3335 989 208 28 Correspondent.]

3047 1033 74 26 Time
3134 1031 70 27 after
3222 1031 64 27 time
3304 1031 9 26 I
3333 1031 67 28 have
3414 1031 152 30 advocated,

3013 1070 117 35 through
3155 1069 46 26 the
3222 1070 117 25 medium
3363 1071 28 25 of
3410 1070 47 26 the
3481 1068 84 31 Press,

3013 1109 47 27 the
3073 1106 130 37 necessity
3221 1106 29 25 of
3271 1106 111 35 dredges
3405 1108 80 33 being
3509 1115 44 26 pro-

3014 1146 80 28 vided
3110 1145 63 27 with
3187 1145 47 26 life
3253 1145 82 35 buoys
3358 1146 52 26 and
3429 1145 47 27 life
3498 1145 69 27 belts

3014 1186 41 26 for
3068 1185 46 26 the
3135 1183 183 36 preservation
3339 1184 28 26 of
3389 1184 45 27 the
3458 1183 63 26 lives
3540 1183 28 26 of

3015 1223 45 27 the
3074 1221 139 28 workmen,
3237 1220 53 27 and
3311 1221 130 32 although
3464 1230 15 17 a
3500 1220 67 34 good

3015 1270 80 24 many
3107 1261 28 24 of
3147 1259 45 26 the
3206 1259 111 32 dredges
3332 1259 66 26 have
3408 1259 83 34 lately
3502 1260 64 25 been

3015 1296 129 35 provided
3157 1295 66 25 with
3236 1295 71 27 such,
3322 1296 159 33 apparently
3500 1296 22 24 it
3546 1295 22 25 is

3015 1337 47 22 not
3074 1332 46 26 the
3130 1341 59 16 case
3203 1331 64 26 with
3288 1332 73 25 them
3384 1332 50 30 all;
3454 1333 28 24 at
3500 1331 67 26 least

3016 1371 35 31 by
3064 1369 46 25 the
3123 1369 52 24 late
3187 1368 46 24 sad
3243 1368 131 26 accidents
3385 1369 13 24 I
3410 1368 89 25 would
3507 1368 63 25 take

3017 1407 54 26 this
3095 1408 28 23 to
3145 1405 32 25 be
3200 1404 46 26 the
3267 1414 66 18 case.
3371 1406 62 26 And
3458 1405 13 25 I
3493 1405 77 35 again

3017 1443 132 25 maintain
3161 1441 61 25 that
3234 1441 45 25 the
3293 1443 50 25 law
3356 1443 95 26 should
3472 1445 58 30 step
3544 1443 26 24 in

3017 1480 54 25 and
3090 1479 60 34 give
3169 1477 136 36 authority
3318 1484 26 22 to
3365 1480 47 26 the
3437 1479 84 35 police
3544 1487 29 16 or

3018 1526 70 17 some
3114 1515 76 26 other
3223 1515 89 33 public
3340 1518 87 25 officer
3457 1519 27 22 to
3514 1519 59 31 step

3018 1553 100 27 aboard
3130 1562 52 25 any
3201 1552 98 33 dredge
3312 1556 27 23 at
3359 1564 52 25 any
3435 1553 66 26 time
3521 1553 52 25 and

3020 1601 42 17 see
3075 1590 59 27 that
3147 1590 46 26 she
3215 1589 23 26 is
3259 1590 161 36 thoroughly
3440 1590 133 35 equipped
3582 1584 1 42 !

3180 1636 138 26 necessary
3328 1630 140 33 appliance
3480 1628 38 25 for
3530 1628 45 25 the

3020 1664 181 37 preservation
3226 1663 28 26 of
3272 1664 51 27 life.
3363 1665 11 26 1
3400 1665 69 27 have
3493 1664 82 26 heard

3021 1713 79 26 many
3116 1701 95 28 foolish
3226 1705 153 30 arguments
3391 1701 118 36 brought
3522 1702 42 26 for

3021 1742 73 25 ward
3116 1740 107 35 against
3242 1739 75 27 these
3338 1741 154 34 proposals:
3511 1740 64 26 such

3021 1788 28 17 as
3063 1781 44 24 ten
3126 1778 111 26 chances
3251 1779 27 23 to
3290 1786 48 17 one
3351 1778 22 25 if
3394 1787 62 17 ever
3478 1786 15 16 a
3515 1786 61 16 man

3021 1816 87 26 would
3121 1814 78 28 think
3214 1814 28 26 of
3257 1814 109 35 putting
3379 1825 31 16 on
3433 1825 15 15 a
3461 1814 47 26 life
3521 1814 55 26 belt

3021 1854 21 26 if
3055 1854 113 35 dredges
3180 1861 66 18 were
3259 1853 123 34 supplied
3391 1853 66 26 with
3468 1861 71 18 same
3549 1852 26 25 in

3020 1893 162 26 abundance.
3221 1889 73 29 Now,
3319 1890 9 24 I
3351 1891 63 25 hold
3433 1891 60 25 that
3512 1889 63 27 such

3020 1932 155 32 arguments
3206 1937 44 18 are
3283 1927 115 37 entirely
3427 1936 146 19 erroneous.

3024 1971 83 31 Apart
3119 1967 68 25 from
3202 1967 21 25 it
3236 1966 59 25 bein
3300 1966 1 36 l
3302 1974 10 18 ,'
3323 1967 76 24 made
3409 1966 168 33 compulsory

3021 2007 25 25 to
3078 2013 69 17 wear
3178 2003 47 27 life
3255 2002 70 26 belts
3359 2011 34 17 on
3429 2002 147 33 dangerous

3019 2042 149 32 occasions;
3188 2040 52 27 self
3265 2040 183 35 preservation
3479 2040 22 26 is
3531 2039 46 26 the

3020 2082 57 25 first
3098 2080 49 26 11w
3171 2079 28 26 of
3223 2080 102 28 nature,
3347 2079 54 26 and
3422 2078 76 27 there
3517 2078 22 26 is
3562 2087 15 16 a

3019 2120 75 33 great
3108 2117 58 26 deal
3180 2117 27 24 of
3216 2115 98 35 reality
3326 2115 27 25 in
3373 2116 46 25 the
3438 2115 139 33 drowning

3018 2165 63 17 man
3099 2153 126 36 catching
3246 2152 46 27 the
3315 2152 150 35 proverbial
3478 2155 80 25 straw
3570 2164 5 19 ;

3019 2194 53 26 and
3086 2193 12 25 I
3112 2192 129 26 maintain
3255 2190 63 26 that
3330 2191 26 25 in
3372 2192 60 24 nine
3445 2200 72 16 cases
3530 2193 46 23 out

3019 2231 27 25 of
3059 2234 45 22 ten
3117 2239 15 17 a
3145 2229 48 25 life
3207 2230 69 32 buoy
3290 2237 29 15 or
3332 2228 55 25 belt
3406 2228 23 26 is
3450 2227 47 26 the
3514 2236 63 26 very

3019 2269 58 25 first
3087 2268 80 33 thing
3180 2275 14 16 a
3207 2275 62 18 man
3283 2265 88 26 would
3393 2266 76 26 make
3489 2265 41 26 for
3549 2265 27 25 in

3018 2307 46 26 the
3078 2315 58 17 case
3149 2303 28 26 of
3195 2305 102 33 danger
3318 2303 22 25 if
3361 2304 47 26 the
3430 2313 72 16 same
3523 2312 52 17 was

3022 2343 93 26 within
3129 2342 41 26 his
3189 2341 85 27 reach.
3315 2340 10 24 I
3349 2341 68 26 have
3438 2341 53 26 had
3504 2350 72 16 more

3019 2380 154 35 experience
3198 2388 33 16 on
3245 2378 45 26 the
3309 2378 99 26 Clutha
3426 2379 52 25 and
3499 2378 76 26 other

3018 2418 85 26 rivers
3135 2417 28 26 in
3193 2415 104 35 rafting
3320 2415 66 27 thin
3416 2418 67 24 most
3505 2425 67 19 ineu,

3019 2455 87 26 which
3116 2454 21 25 is
3148 2463 13 16 a
3172 2454 41 25 far
3224 2462 71 17 more
3307 2453 146 34 dangerous
3465 2462 98 25 occupa

3018 2493 56 26 tion
3088 2491 66 27 than
3180 2490 139 35 dredging,
3346 2491 52 26 and
3422 2490 68 27 have
3514 2500 58 17 seen

3018 2540 81 24 many
3112 2539 65 25 very
3189 2538 104 17 narrow
3306 2538 112 25 escapes,
3433 2529 50 25 but
3495 2538 80 16 never

3018 2576 55 18 saw
3086 2576 14 14 a
3113 2567 67 25 fatal
3203 2565 120 26 accident
3345 2566 98 31 during
3462 2575 44 25 my
3530 2575 31 15 ex

3020 2604 133 35 periences
3164 2602 109 33 rafting.
3312 2602 13 26 I
3338 2612 46 16 can
3394 2603 61 34 only
3466 2604 109 24 account

3020 2647 38 22 tor
3082 2641 55 28 this
3161 2642 36 35 by
3321 2640 80 35 being
3424 2639 151 36 something

3018 2681 100 33 always
3129 2680 91 34 handy
3238 2682 27 22 to
3287 2679 86 26 throw
3393 2682 27 23 to
3442 2688 15 16 a
3478 2688 59 16 man

3018 2716 66 27 such
3097 2726 28 16 as
3140 2725 14 17 a
3173 2724 63 26 rope
3254 2724 31 16 or
3306 2715 66 26 stick
3375 2716 61 25 —in
3459 2724 58 17 case
3542 2715 32 25 he

3018 2754 47 28 fell
3085 2753 153 28 overboard,
3249 2762 30 16 or
3292 2762 61 17 even
3365 2753 28 26 in
3403 2753 46 27 the
3460 2755 78 25 event
3547 2752 28 26 of

3019 2802 15 17 a
3064 2792 63 26 boat
3157 2790 106 35 getting
3288 2791 139 35 swamped.
3467 2790 63 26 And
3561 2790 12 25 I

3018 2830 69 26 have
3113 2829 95 25 known
3231 2831 53 24 two
3305 2836 72 18 cases
3398 2829 87 25 where
3507 2828 66 25 lives

3019 2875 67 18 were
3097 2865 82 27 saved
3188 2864 4 36 <
3203 2874 17 17 n
3231 2865 46 26 the
3288 2864 97 27 Clutha
3393 2865 36 35 by
3438 2864 137 35 clutching

3020 2914 15 17 a
3048 2904 40 26 bit
3101 2903 27 26 of
3138 2912 16 17 a
3166 2902 99 27 broken
3278 2910 45 19 oar
3341 2903 52 26 and
3417 2902 112 33 holding
3541 2912 32 17 on

3020 2945 27 22 to
3061 2942 46 25 the
3120 2949 72 17 same
3206 2940 66 26 until
3284 2940 77 34 .they
3383 2950 67 16 were
3475 2941 100 27 canied

3021 2977 77 26 down
3109 2976 48 27 the
3175 2976 73 26 river
3266 2976 38 26 for
3327 2976 77 26 miles
3422 2976 53 26 and
3492 2985 11 16 s
3513 2976 63 35 >fely

3021 3014 98 27 landed
3143 3023 34 16 on
3201 3013 45 26 the
3272 3013 78 32 bank,
3377 3014 52 26 and
3453 3022 34 17 on
3513 3013 63 28 both

3022 3053 132 24 instances
3172 3050 106 27 neither
3299 3051 27 25 of
3347 3051 47 26 the
3416 3061 60 16 men
3500 3053 78 25 could

3022 3089 76 26 swim
3123 3098 16 16 a
3161 3087 94 26 stroke.
3296 3086 91 28 While
3409 3088 13 25 I
3445 3088 60 35 give
3528 3090 50 25 due

3023 3124 195 28 consideration
3231 3127 28 23 to
3277 3125 46 27 the
3335 3125 98 36 ability
3445 3125 52 27 and
3510 3135 56 18 care-

3023 3164 102 26 fulness
3137 3164 28 25 of
3178 3164 69 25 most
3260 3163 112 36 dredges
3381 3173 81 17 crews
3472 3163 28 26 in
3509 3163 56 27 look-

3024 3202 46 34 ing
3083 3201 70 26 after
3166 3200 72 27 their
3250 3201 78 32 work,
3341 3201 10 25 I
3366 3210 42 17 am
3422 3201 58 26 well
3495 3210 86 19 aware

3024 3238 60 26 that
3097 3238 12 25 I
3124 3248 42 17 am
3189 3238 124 35 treading
3337 3248 33 16 on
3394 3238 94 27 tender
3507 3242 74 31 parts

3024 3276 77 26 when
3112 3275 13 25 1
3139 3284 48 26 say
3206 3274 68 32 here,
3289 3276 73 26 what
3382 3275 12 26 I
3417 3276 68 25 have
3507 3276 74 26 often

3024 3312 59 28 said
3096 3312 96 31 before,
3206 3312 61 26 that
3280 3313 76 27 there
3372 3314 24 26 is
3414 3315 46 24 not
3479 3322 15 17 a
3516 3322 67 18 crew

3023 3361 32 16 on
3067 3360 47 17 one
3131 3350 86 35 single
3236 3350 99 35 dredge
3359 3361 34 16 on
3417 3350 46 27 the
3485 3350 98 28 Clutha

3023 3388 72 27 river
3107 3387 164 36 thoroughly
3283 3389 107 26 trained
3409 3391 27 24 to
3459 3391 43 24 act
3523 3398 45 17 con-

3022 3425 100 36 jointly
3137 3426 75 25 when
3226 3425 116 35 brought
3355 3426 28 26 in
3396 3428 106 25 contact
3515 3426 67 26 with

3023 3473 53 25 any
3099 3464 105 26 sudden
3229 3464 52 26 and
3306 3464 141 27 unforseen
3474 3464 106 34 danger.

3025 3501 107 26 Besides
3146 3502 62 29 this,
3229 3502 75 26 there
3323 3511 44 18 are
3387 3511 80 25 many
3488 3502 95 34 simple

3025 3538 121 26 methods
3161 3538 59 26 that
3233 3540 77 24 could
3325 3540 31 24 be
3383 3539 116 34 adopted
3523 3549 28 16 as
3570 3549 13 15 a

3025 3576 185 34 preventative
3222 3577 28 25 of
3262 3577 134 26 accidents
3415 3579 28 24 to
3458 3576 32 26 bo
3506 3577 15 26 h
3538 3577 45 26 life

3024 3613 53 25 and
3088 3617 136 31 property.
3263 3613 50 26 For
3335 3614 127 30 instance,
3486 3624 15 15 a
3523 3615 60 24 code

3024 3650 27 25 of
3062 3650 151 33 recognised
3220 3650 101 33 signals
3330 3651 78 27 could
3417 3651 31 26 be
3460 3651 123 35 adopted,

3024 3686 64 26 such
3117 3697 28 16 as
3167 3688 102 26 certain
3293 3688 82 29 lights
3401 3698 30 16 or
3455 3688 127 31 whistles,

3025 3724 84 28 which
3125 3725 88 27 would
3227 3728 46 24 not
3286 3726 63 36 only
3366 3726 60 32 give
3439 3726 46 26 the
3499 3726 84 26 alarm

3024 3767 27 21 to
3076 3763 78 26 other
3175 3764 99 32 dredge
3294 3773 88 20 crews,
3408 3765 50 25 but
3480 3765 55 25 also
3558 3767 25 23 to

3025 3800 89 33 peoole
3130 3800 85 33 living
3228 3801 25 25 in
3274 3801 46 25 the
3336 3801 120 34 vicinity,
3472 3804 27 22 to
3512 3809 71 17 come

3025 3844 25 18 to
3064 3836 45 26 the
3123 3846 98 18 rescue.
3260 3838 65 26 This
3347 3838 77 26 could
3445 3838 85 34 easily
3553 3838 30 26 be

3024 3874 115 35 adopted
3159 3875 35 35 by
3215 3885 15 16 a
3251 3876 152 26 conference
3417 3875 27 26 of
3466 3875 45 27 the
3531 3876 39 25 dif-

3024 3913 86 26 ferent
3123 3912 221 35 dredgemasters,
3366 3914 57 25 who
3444 3914 78 26 could
3539 3914 29 25 de-

3023 3951 57 24 cide
3111 3959 33 16 on
3167 3951 45 24 the
3238 3954 68 22 most
3328 3952 117 25 suitable
3470 3951 63 26 code
3557 3951 26 25 of

3023 3987 107 35 signals,
3145 3988 53 25 and
3210 3988 66 26 have
3299 3989 73 26 them
3395 3998 16 24 p
3427 3989 75 25 inted
3530 3989 50 25 and

3024 4025 68 25 fixed
3107 4034 34 25 up
3155 4035 33 15 on
3201 4025 64 27 each
3279 4026 96 33 dredge

3182 4113 236 51 Cablegrams.

3107 4215 26 27 A
3154 4214 142 28 TRIIUL
3316 4215 165 29 ATTACK.

3267 4266 149 34 Calcutta,
3432 4266 66 38 Jul)-
3514 4267 26 29 5.

3058 4303 152 40 Following
3210 4303 3 40 1
3238 4317 34 17 oti
3299 4307 46 27 the
3369 4312 92 22 recent
3482 4306 93 29 attack

3022 4355 72 26 npm
3119 4356 15 17 a
3159 4346 101 27 British
3288 4346 157 37 expedition
3470 4347 36 36 by
3531 4348 45 27 the

3022 4384 118 28 Mulicks
3154 4385 28 26 in
3209 4385 83 28 Tochi
3310 4386 103 32 Vallev,
3436 4386 122 32 Afghani-

3386 4416 9 5 ./
3407 4414 6 6 '
3477 4411 16 12 O

3018 4430 71 28 stan,
3103 4426 117 26 another
3241 4426 80 27 tribal
3336 4426 94 27 attack
3444 4427 47 26 lias
3505 4426 66 28 been

3020 4464 78 29 made
3126 4475 71 27 upon
3215 4466 97 28 Indian
3327 4466 99 28 coolies
3446 4466 127 39 engaged

3019 4506 25 25 in
3069 4505 92 36 public
3188 4506 89 27 works
3293 4517 64 16 near
3380 4506 93 28 Tochi.
3514 4506 59 28 The

3018 4549 89 23 escort
3121 4545 139 35 guarding
3272 4546 45 27 the
3328 4545 98 28 coolies
3438 4546 132 36 captured

3017 4585 34 27 50
3077 4584 94 27 armed
3196 4585 147 27 tribesmen
3365 4592 130 29 amongst
3526 4587 47 26 the

3018 4633 71 20 trees
3103 4623 53 28 and
3170 4623 118 30 ravines.

3131 4707 325 31 INTERCOLONIAL.

3073 4792 76 29 THE
3172 4791 179 30 SOLO.vION
3378 4792 137 29 GROUP.

3294 4835 121 33 Sydnky,
3429 4834 66 37 July
3510 4846 25 15 o.

3055 4873 37 28 H.
3101 4872 67 29 M.S.
3213 4872 125 29 Wnlaroo
3378 4874 105 27 hoisted
3527 4874 46 26 the

3022 4914 99 29 British
3131 4913 56 36 flag
3201 4921 28 20 at
3244 4914 122 38 Bellopa,
3379 4914 124 33 Rennell,
3517 4914 54 27 and

3019 4957 119 25 Stewart
3169 4953 111 28 Islands
3313 4954 27 27 in
3368 4955 46 26 the
3441 4955 129 27 Solomon

3019 4994 101 39 Group.

3118 5045 133 29 FOUND
3267 5045 203 30 DROWNKD..

3055 5087 106 29 Arthur
3183 5091 101 24 Ernest
3312 5086 171 38 Livingston,
3509 5083 59 29 who

3019 5140 54 17 was
3087 5128 86 29 found
3188 5128 130 29 drowned
3338 5128 27 27 in
3390 5131 45 24 the
3459 5126 108 34 harbor,

3018 5179 75 17 came
3119 5170 70 25 from
3216 5168 125 27 Dunedin
3364 5168 35 34 by
3422 5168 44 25 the
3486 5166 65 26 Tara-

3020 5219 78 18 wera.
3140 5211 22 24 A
3178 5208 73 27 draft
3263 5209 42 26 for
3319 5208 19 27 £
3347 5208 46 26 100
3409 5215 53 18 was
3483 5204 83 30 found

3019 5250 26 27 in
3061 5251 46 26 the
3121 5249 88 27 man's
3223 5248 108 37 pocket.

3110 5309 27 20 A
3158 5298 104 30 13RAV
3269 5298 17 28 E
3302 5296 171 31 S-KIPPEII.

3055 5342 56 27 The
3136 5339 129 29 National
3293 5338 158 38 Shipwreck
3481 5336 87 29 Relief

3019 5381 110 37 Society
3157 5379 125 29 awarded
3305 5378 115 38 Captain
3450 5376 116 38 Guorge,

3018 5423 29 27 of
3081 5422 45 27 the
3159 5419 84 29 ketch
3278 5418 131 29 BelloiifL
3448 5417 119 36 recently

3020 5463 127 27 wrecked
3179 5465 29 23 at
3233 5460 74 37 Cape
3334 5458 99 33 Hawk,
3460 5469 16 16 a
3501 5458 64 38 gold

3020 5502 87 28 medal
3121 5502 43 26 for
3178 5501 115 35 bravery
3312 5499 28 27 in
3364 5498 126 37 rescuing
3515 5504 51 21 two

3017 5544 28 27 of
3060 5542 45 27 the
3119 5550 79 19 crew.

3053 5595 26 25 A
3100 5589 268 30 DESTRUCTIVE
3390 5587 137 29 STORM.
3575 5587 1 34 ,

3053 5634 25 24 A
3088 5638 83 21 storm
3183 5630 27 27 in
3221 5630 163 28 theChusan
3392 5629 174 38 Archipeligo
3575 5629 1 40 j

3016 5671 112 38 (China)
3152 5669 146 29 destroyed
3324 5679 64 19 over
3401 5679 15 18 a
3441 5669 123 29 hundred
3575 5669 1 40 j

3018 5712 100 37 fishing
3126 5711 117 33 si,lacks,
3256 5710 54 26 and
3324 5720 65 18 over
3404 5713 52 24 oOU
3473 5710 92 28 fisher-
3575 5706 1 43 j

3015 5761 61 19 men
3092 5762 69 18 were
3174 5749 138 31 drowned.

3619 171 319 52 Roxburgh-Heriot
3965 174 138 52 Railway

3772 226 191 42 Extension.

3626 312 54 26 The
3699 313 162 35 Invercargill
3886 315 20 24 B
3916 314 88 32 irough
4028 314 113 32 Council,

3592 388 111 33 reported
3719 389 30 27 bv
3770 390 41 26 the
3860 389 137 27 Southland

3593 424 65 29 dealt
3696 426 58 28 with
3798 428 40 26 the
3874 427 77 28 above
3986 427 96 38 subject
4118 442 25 14 an

3594 463 94 27 follows
3700 475 41 15 :

3628 501 52 27 The
3717 501 140 32 Roxburgh
3878 518 9 5 -
3911 501 87 28 Heriot
4033 503 109 28 Railwav

3597 537 98 38 League
3707 540 75 27 asked
3797 541 41 27 the
3848 541 124 28 Council's
3982 551 100 26 support
4094 543 48 26 and

3594 587 28 17 co
3637 579 126 35 operation
3777 580 24 25 in
3827 580 174 34 constructing
4026 581 40 26 the
4089 583 44 24 rail-

3596 624 61 28 way.
3696 617 70 35 They
3780 616 100 35 pointed
3893 623 42 20 out
3951 618 52 27 that
4026 619 41 25 the
4089 628 37 25 po-

3593 655 48 34 ject
3657 664 49 16 was
3720 654 27 27 of
3756 662 129 28 paramont
3895 655 160 33 importance.
4092 657 60 25 The'

3596 692 95 27 riMural
3714 699 71 21 route
3807 693 48 26 and
3870 693 40 27 the
3926 694 50 26 best
3996 693 61 28 from
4071 703 74 27 every

3597 732 69 32 point
3685 730 27 27 of
3728 731 145 26 view—and
3888 731 41 26 the
3951 741 46 17 one
4017 738 24 20 to
4065 732 79 26 which

3597 769 63 26 their
3690 769 141 28 committee
3869 778 48 18 was
3953 769 198 36 pledged—was;

3596 807 144 27 southward
3755 807 48 26 and
3819 806 139 32 Invercargri
3965 808 12 26 11
3994 818 49 17 w»s
4057 819 11 16 a
4081 815 63 20 most

3597 844 106 28 suitable
3735 844 96 27 market
3861 845 38 27 for
3928 845 65 28 their
4023 847 104 35 produce
4139 856 14 24 ;■

3601 883 66 29 Bluff
3692 894 50 17 was
3767 883 50 28 also
3842 893 13 18 a
3880 884 103 37 cheaper
4007 891 55 31 port
4086 884 60 28 than

3601 923 124 27 Dunedin.
3767 922 69 31 They
3872 923 134 32 suggested
4043 924 53 26 that
4132 934 14 16 a

3598 962 115 33 working
3732 961 141 26 committee
3894 960 87 28 should
3996 960 28 27 he
4045 960 108 33 formed,-

3598 1000 54 25 who
3667 998 80 27 would
3770 998 66 26 work
3855 999 25 25 in
3905 999 157 36 conjunction
4087 1000 58 25 with

3598 1038 65 26 them
3691 1037 36 27 till
3753 1037 64 27 their
3847 1046 111 18 common
3984 1037 81 38 object
4096 1047 49 16 was

3596 1075 124 28 acheived.
3757 1075 70 36 They
3847 1075 46 26 had
3907 1075 51 27 also
3981 1075 24 26 in
4021 1076 60 26 viow
4104 1075 41 26 thrt

3596 1113 170 33 organisation
3777 1112 29 27 of
3816 1123 17 18 a
3845 1119 107 21 monster
3961 1113 104 37 petition
4080 1118 24 21 to
4119 1113 29 25 be

3596 1151 128 36 presented
3757 1158 59 21 next
3845 1151 100 32 session,
3977 1151 80 27 which
4089 1151 57 34 they

3596 1191 63 34 hope
3690 1190 59 27 such
3787 1199 13 17 a
3830 1190 140 27 committee
3999 1189 79 27 would
4104 1190 48 30 gei

3596 1228 96 37 largely
3730 1226 278 33 signed.—Councillor
4038 1226 106 28 Watson

3596 1267 87 25 moved
3720 1267 47 25 and
3814 1266 141 26 Councillor
4000 1265 153 26 M'Farlan*?'

3597 1302 131 32 seconded,
3743 1303 54 25 that
3810 1303 18 26 it
3843 1303 28 24 be
3884 1301 43 26 left
3940 1302 24 24 in
3980 1301 41 25 the
4033 1300 78 25 hands
4121 1299 27 25 of

3598 1340 41 26 the
3672 1340 97 34 Mayor.
3829 1337 143 28 Councillor

3600 1378 107 31 thought
3720 1377 19 25 it
3754 1385 49 17 was
3816 1385 30 17 an
3861 1376 135 35 imporrant
4009 1378 89 21 matter
4110 1373 41 25 for

3602 1414 161 36 Invercargil!
3778 1413 48 28 and
3837 1424 13 16 a
3863 1413 140 27 committee
4017 1410 87 28 should
4120 1410 28 26 Iw

3600 1451 94 28 formed
3720 1459 24 19 to
3768 1460 70 18 carrv
3861 1452 19 25 it
3902 1457 51 19 out.
3990 1450 54 25 The
4058 1449 91 35 Mayor

3602 1489 89 28 should
3701 1489 46 28 call
3761 1499 13 16 a
3788 1487 83 37 public
3881 1487 110 34 meeting
4003 1488 25 25 in
4043 1485 93 27 further-

3602 1536 58 17 ance
3673 1529 27 24 of
3710 1529 41 24 the
3765 1533 97 20 matter.
3867 1526 129 26 —Motion
4012 1524 102 27 carried.

3635 1564 52 26 The
3700 1564 90 27 Mayor
3802 1563 29 26 of
3848 1562 137 33 Roxburgh
4008 1561 111 27 received
4133 1569 14 18 a

3603 1601 116 32 tfleyram
3733 1604 60 25 from
3816 1601 40 26 the
3875 1601 90 34 Mayor
3983 1599 23 27 ol
4025 1599 112 26 Invercar-

3604 1639 51 34 pill,
3665 1640 108 32 inviting
3787 1639 50 26 him
3849 1645 25 19 to
3896 1637 85 27 a'tend
4002 1646 13 17 a
4041 1637 118 31 meeting'

3604 1684 24 18 to
3642 1677 28 26 be
3684 1676 53 27 field
3754 1677 68 26 there
3836 1676 48 26 this
3903 1675 115 35 (Friday)
4040 1674 109 33 evening

3605 1721 23 19 to
3641 1715 111 26 consider
3766 1715 40 26 the
3822 1714 95 36 subject
3936 1713 26 26 of
3978 1714 41 25 the
4041 1712 108 35 railway.

3608 1751 37 27 He
3658 1752 97 33 replied,
3778 1752 136 35 regretting
3914 1749 3 38 1
3931 1750 37 27 his
3989 1749 114 34 inability
4126 1756 37 20 to-'

3604 1790 91 32 attend,
3721 1790 48 26 and
3794 1789 115 32 assuring-
3928 1789 41 25 the
3992 1788 110 33 meeting-
4122 1787 28 26 of

3606 1827 35 27 his
3652 1827 130 36 sympathy
3794 1827 45 27 and
3851 1833 102 29 support
3963 1827 24 26 in
3999 1824 163 36 forwarding'

3606 1865 40 26 the
3659 1865 98 37 project.

3641 1906 31 23 At
3687 1896 40 33 tiie
3741 1903 46 27 l»st
3801 1903 110 33 meeting
3935 1902 26 26 of
3972 1901 41 27 the
4034 1902 116 25 Mataun

3607 1940 116 33 Borough
3754 1941 103 27 Council
3882 1942 41 24 the
3949 1939 127 34 following
4102 1948 48 16 was

3606 1985 113 26 amongst
3734 1978 41 26 the
3788 1978 111 25 business
3921 1976 65 26 dealt
4001 1976 58 26 with
4073 1976 77 25 under

3606 2016 41 26 the
3665 2015 108 29 heading
3791 2014 27 27 of
3838 2013 325 36 correspondence:—The*

3605 2061 121 28 secretary
3740 2053 27 26 of
3775 2053 40 26 the
3826 2050 244 36 Roxburgh-Heriot
4082 2051 56 26 Rail-

3606 2102 52 17 way
3674 2093 100 33 League
3787 2089 111 28 solicited
3921 2091 41 25 the
3983 2095 103 29 support
4104 2089 49 26 and

3605 2129 130 27 irifiluence
3748 2128 28 26 of
3787 2128 40 26 the
3841 2127 101 27 Council
3954 2127 24 25 in
4001 2126 151 28 forwardinr

3606 2168 41 26 the
3660 2166 92 38 objects
3766 2165 26 27 of
3803 2166 40 26 the
3857 2164 107 35 League,
3987 2164 47 26 and
4048 2164 24 26 in
4086 2172 60 26 gaug-

3605 2206 44 31 ing
3663 2215 32 24 up
3710 2214 12 16 a
3737 2211 109 19 monster
3859 2204 101 33 petition
3971 2202 36 25 for
4025 2209 111 28 presenta-

3607 2243 49 26 tion
3668 2250 25 19 to
3708 2241 150 27 Parliiment
3870 2241 93 33 urging-
3976 2246 40 20 trie
4031 2240 119 26 necessity

3605 2280 36 27 for
3655 2280 41 27 the
3713 2279 145 27 work—Cr
3872 2277 52 28 Mac
3924 2277 105 28 Gibbon
4044 2278 107 33 thought

3604 2319 21 26 if
3635 2328 53 17 new
3704 2317 114 35 railways
3837 2326 63 16 were
3920 2323 23 19 to
3967 2316 27 26 be
4017 2316 68 26 made
4104 2316 52 26 tlik

3604 2355 81 27 would
3700 2355 28 27 be
3742 2364 46 17 one
3802 2354 27 26 of
3837 2363 57 26 very
3909 2359 69 30 great
3992 2354 158 34 importance,

3604 2393 46 27 and
3667 2396 29 23 he
3722 2392 109 35 thought
3854 2392 53 26 that
3933 2391 40 26 the
3998 2390 100 27 Council
4125 2401 31 16 as<

3604 2430 179 28 Southlands
3797 2429 88 27 should
3908 2430 56 32 give
3990 2428 40 26 the
4052 2429 104 26 scheme*

3603 2478 72 17 everv
3688 2469 142 29 assistance,
3844 2477 26 16 as
3896 2467 40 26 the
3957 2465 145 35 completion
4128 2468 23 23 of

3605 2507 40 26 the
3660 2507 49 26 line
3723 2506 79 26 would
3822 2510 69 21 meati
3914 2505 40 25 the
3966 2504 118 26 diversion
4099 2504 28 26 of
4136 2516 14 15 it-

3603 2545 170 26 considerable
3793 2549 100 20 amount
3918 2542 27 26 of
3966 2542 66 26 trade
4054 2544 24 24 in
4102 2543 48 25 thin
4156 2552 5 9 s

3603 2582 119 26 direction
3771 2580 71 26 Bluff
3853 2589 47 17 was
3913 2580 39 25 the
3966 2579 92 25 natural
4070 2579 79 26 outlet

3602 2619 27 27 of
3658 2620 42 26 the
3731 2618 96 28 district
3856 2616 221 34 notwithstanding
4107 2618 42 25 the

3602 2658 99 33 opinion
3722 2658 28 26 of
3760 2657 40 28 file
3815 2658 16 14 4<
3831 2655 2 36 ,
3842 2657 80 28 Otago
3947 2655 73 35 Daily

3606 2688 38 33 lie
3659 2695 86 26 moved
3757 2696 54 25 that
3822 2695 40 24 the
3877 2700 72 19 terms
3969 2693 27 26 of
4015 2693 40 26 the
4077 2693 73 25 letter
4164 2702 5 4 •

3602 2733 28 25 be
3645 2731 103 28 needed
3764 2738 33 24 to,
3812 2730 47 28 find
3874 2731 51 26 that
3947 2730 40 26 the
4008 2729 90 27 Mayor
4121 2730 28 24 be
4165 2729 4 33 •

3603 2770 128 38 requested
3747 2776 24 21 to
3785 2778 108 19 convene
3906 2779 12 16 a
3941 2768 79 35 public
4044 2769 113 32 meeting
4168 2768 4 40 ;

3602 2817 23 18 at
3641 2818 28 18 up
3685 2808 67 35 early
3766 2808 56 26 date
3835 2807 68 26 —Cr
3915 2807 24 25 A
3952 2806 59 26 lison
4025 2804 122 29 seconded

3603 2846 42 26 the
3660 2846 102 30 motion,
3777 2844 79 27 which
3869 2853 48 17 was
3929 2843 91 27 carried
4032 2843 4 33 ,

3637 2883 52 27 The
3714 2883 68 28 Gore
3794 2881 116 35 Borough
3925 2879 111 30 Council,
4051 2886 24 20 at
4089 2880 64 27 their
4170 2892 5 8 -

3602 2921 118 35 ordinary
3746 2921 109 32 meeting
3877 2919 47 27 last
3944 2918 119 32 Monday,
4086 2919 66 26 dealt

3604 2959 59 25 with
3675 2959 41 24 the
3728 2958 95 30 subject
3837 2966 25 16 as
3877 2956 94 25 follows
3982 2956 95 26 j—The
4088 2956 55 25 Rox
4155 2956 2 32 -
4169 2956 4 32 <

3605 2994 187 36 burgh-Heriot
3806 2992 113 35 Railway
3929 2992 100 32 League
4042 2991 114 28 solicited,

3606 3034 42 26 the
3659 3038 102 30 support
3774 3031 48 27 and
3832 3032 124 26 influence
3964 3033 24 24 ot
4000 3031 39 26 the
4051 3029 109 29 Council

3607 3071 25 26 in
3646 3071 64 26 their
3722 3069 153 26 endeavours
3890 3075 24 18 to
3938 3067 89 26 induce
4041 3067 97 27 Govern-

3609 3112 66 23 ment
3689 3114 26 20 to
3728 3107 62 26 form
3809 3105 42 27 the
3870 3105 100 35 railway
3990 3104 61 28 from
4067 3105 90 26 Heriot

3608 3154 25 19 to
3646 3145 92 27 Roxbu
3754 3143 114 36 gh.—Cr
3877 3142 112 37 Copland
4001 3142 105 35 thought
4117 3143 41 26 the

3610 3190 88 21 matter
3712 3182 40 37 lay
3765 3180 97 29 outside
3876 3181 40 27 the
3927 3180 124 27 functions
4070 3180 28 27 of
4117 3181 40 26 the
4171 3180 3 39 .

3610 3220 111 28 Council.
3761 3220 39 26 He
3820 3219 80 26 would
3926 3227 70 18 move
4017 3219 52 26 that
4093 3219 19 26 it
4131 3218 45 27 be,

3611 3258 118 28 received.
3731 3258 68 26 —Cr
3825 3257 115 35 Simpson
3966 3255 107 35 thought
4103 3256 57 35 they
4170 3272 5 8 <

3611 3295 87 28 should
3712 3297 73 24 remit
3799 3294 42 27 the
3854 3300 89 20 matter
3957 3299 23 20 to
3997 3293 62 27 their
4077 3302 70 26 repre-

3611 3335 120 27 sentative
3764 3334 24 25 in
3822 3332 160 33 Parliament,
4008 3331 90 35 asking
4123 3332 51 30 his.

3611 3370 221 29 influence.—The
3863 3370 90 36 Mayor
3978 3370 107 35 thought
4111 3370 48 26 this

3614 3419 49 19 was
3695 3420 12 16 a
3738 3415 64 21 most
3827 3409 134 36 important
3984 3407 56 31 line,
4067 3408 47 26 and
4136 3417 40 21 as.

3613 3448 138 27 Southland
3768 3455 49 18 was
3831 3448 41 25 the
3886 3445 95 28 natural
3994 3445 76 26 outlet
4083 3445 27 28 of
4120 3445 41 27 the
4169 3466 6 8 ,

3614 3487 108 27 districts
3736 3485 119 37 proposed
3870 3490 24 21 to
3908 3483 28 28 be
3959 3483 87 36 tapped
4066 3483 30 36 by
4119 3485 41 25 the

3613 3525 59 29 line,
3687 3525 57 27 they
3760 3522 87 27 should
3862 3523 56 32 give
3932 3523 18 24 it
3964 3521 30 26 all
4010 3521 39 26 the
4060 3528 102 28 support

3614 3563 58 35 they
3686 3560 162 28 could—Crs
3863 3560 122 34 Simpson,
4002 3558 80 32 Tnder,
4104 3558 44 26 Bre-

3614 3610 49 16 wer
3676 3599 48 27 and
3747 3598 135 26 Ballintine
3905 3597 99 34 warmly
4031 3596 131 35 supported

3614 3638 42 25 the
3670 3636 105 30 scheme,
3790 3635 62 26 after
3863 3634 78 26 which
3957 3634 40 26 the
4012 3640 88 20 matter
4114 3643 47 16 was

3615 3676 41 26 left
3672 3676 23 24 in
3712 3675 40 25 the
3767 3674 77 25 hands
3857 3673 28 25 of
3893 3672 41 26 the
3947 3673 88 34 Mayor
4047 3679 24 18 to
4084 3673 44 26 call
4150 3683 11 14 >t
4166 3692 10 14 y

3615 3713 83 35 public
3712 3713 111 31 meeting
3842 3716 25 20 at
3886 3720 29 16 an
3938 3710 66 36 early
4019 3711 55 25 date

3651 3752 111 29 Writing
3773 3760 30 16 on
3816 3751 39 25 the
3864 3749 146 35 subject,the
4022 3753 12 10 '*
4051 3748 110 31 En«igV'

3613 3798 42 16 saV
3659 3799 27 16 s:
3691 3789 84 24 —The
3790 3787 62 34 hope
3867 3796 35 16 we
3920 3786 127 34 expressed
4062 3796 12 15 a
4094 3787 80 24 short,-

3615 3827 58 25 time
3699 3835 47 25 ago
3772 3824 53 27 that
3853 3823 42 27 the
3922 3822 236 32 Roxburgh-Heriot

3613 3864 101 28 railway
3740 3862 127 27 extension
3903 3861 79 27 would
4009 3861 27 26 be
4062 3861 108 26 warmly,

3614 3902 74 27 taken
3715 3911 32 24 up
3770 3900 31 27 all
3822 3909 57 18 over
3898 3899 138 28 Southland
4060 3908 99 27 appears

3614 3941 75 26 likelv
3724 3939 30 26 of
3787 3939 149 26 realisation.
3973 3939 31 24 So
4041 3937 43 30 far,

3613 3976 132 36 principles
3771 3977 23 25 of
3825 3976 40 25 the
3890 3975 97 26 scheme
4013 3975 60 26 have
4098 3974 69 30 be-n,

3614 4016 100 25 «v»nnlv
3735 4013 120 35 espoused
3881 4014 32 34 by*
3936 4014 122 24 whatever
4080 4012 91 33 bodies,

3613 4054 82 25 whose
3708 4053 136 26 assistance
3859 4052 42 26 hiis
3914 4052 57 25 been
3983 4050 118 31 solicited,
4113 4051 46 25 and

3613 4094 66 23 there
3705 4092 19 24 is
3755 4099 72 25 every
3854 4097 110 27 prospect
3990 4090 26 24 of
4038 4099 25 15 as
4089 4098 39 16 >nu
4139 4091 27 22 :li.

3611 4128 153 26 enthusiasm
3780 4128 74 28 being
3872 4127 107 25 directed
4002 4127 104 25 towards
4122 4128 47 27 tin,

3612 4172 89 19 matter
3724 4168 59 23 fro'ii
3809 4165 40 25 the
3871 4164 82 25 south'
3963 4173 26 16 rn
4016 4163 106 26 districts
4136 4172 33 17 as.

3611 4206 18 22 is
3643 4203 86 26 shown
3755 4203 23 25 in
3811 4203 70 25 th<>se
3913 4202 79 26 which
4023 4210 39 17 are
4095 4211 71 21 more,

3609 4240 168 26 immediately
3790 4239 132 25 interested

3807 4321 159 43 Football.

3607 4407 212 30 ROXBURGH
3835 4409 54 26 2nd
3910 4418 25 17 v.
3954 4406 81 29 MOA
4053 4407 100 29 FLAT;

3755 4486 52 33 (By
3829 4486 75 27 Goal
3924 4486 87 31 Post.)

3640 4525 57 27 The
3724 4525 87 27 above
3846 4525 98 32 match,
3982 4524 86 28 which
4101 4536 52 16 wis

3604 4564 96 38 played
3715 4574 33 18 on
3765 4566 45 25 the
3826 4563 122 30 Reserve,
3959 4574 33 18 on.
4008 4565 145 35 Saturday,

3603 4604 69 28 resul
3689 4604 32 27 ed
3738 4604 25 26 in
3775 4614 14 16 a
3806 4604 51 29 win
3872 4602 42 27 for
3930 4603 43 25 the
3990 4603 77 28 home
4082 4611 69 20 team

3603 4644 36 36 by
3654 4644 33 28 33
3702 4643 91 37 points
3807 4646 28 23 to
3849 4641 49 30 nil.
3938 4641 63 29 Mou
4022 4642 68 35 Flat,
4111 4643 42 29 for.

3605 4684 69 26 their
3688 4684 59 26 first,
3761 4682 99 32 match,
3874 4680 110 28 showed
4003 4691 62 28 very
4080 4682 71 36 good

3603 4723 80 31 form,
3708 4722 51 28 and
3787 4720 106 32 should,
3915 4720 62 29 with
4004 4721 93 38 plenty
4123 4722 20 28 of-

3593 4760 1 43 |
3604 4763 126 38 practice,
3754 4761 116 36 develop
3896 4760 56 27 into
3980 4771 16 17 a
4022 4762 131 31 first-rate,

3604 4808 80 30 team,
3717 4813 28 17 as
3777 4801 64 29 t'lev
3877 4801 67 27 have
3980 4811 65 27 very
4078 4801 74 36 good

3605 4844 118 27 material
3738 4849 25 20 to
3779 4842 72 26 work
3866 4851 44 16 on.
3951 4842 40 32 o,a
4004 4841 149 36 Saturday,,

3603 4883 26 28 in
3646 4883 45 31 the
3704 4881 138 31 forwards,
3858 4879 127 33 O'Brien,
4004 4881 147 29 fclderand

3606 4921 122 31 \Vescott
3750 4922 94 37 pjayed
3863 4920 69 35 well,
3948 4921 77 27 while
4050 4921 27 27 in
4105 4922 36 27 the-

3604 4963 82 28 backs
3705 4957 81 37 r.adv,
3808 4968 23 19 at
3858 4961 224 37 three-quarters,
4097 4972 21 16 w
4130 4974 19 14 h

3602 5004 45 28 the
3663 5006 69 24 most
3752 5001 162 38 prominent.
3956 5001 150 38 Campbell,
4120 5013 29 17 at,

3680 5042 44 27 did
3742 5042 68 32 well,
3824 5041 49 26 but
3887 5041 22 27 is
3928 5041 99 30 incline
4039 5041 4 38 1
4060 5046 27 23 to
4101 5052 48 27 get

3601 5082 83 28 round
3698 5081 46 28 the
3752 5091 87 18 scrum
3853 5086 43 22 too
3909 5081 60 27 last.
4011 5081 53 28 For
4078 5082 52 28 Rox-

3601 5124 97 37 burgh,
3710 5123 25 27 in
3750 5123 44 27 the
3807 5123 140 35 forwards,
3957 5122 89 35 Toms,
4064 5124 68 29 Bean-

3599 5166 54 24 fort
3748 5163 132 27 Cortnack
3910 5173 68 17 were
4004 5161 46 29 the
4077 5166 72 34 pick,

3599 5203 78 32 while
3704 5206 28 23 at
3759 5202 215 38 three-quarters
4001 5201 148 31 O'Connor

3598 5244 53 27 and
3674 5242 116 28 Sinclair
3813 5242 96 39 played
3927 5242 67 31 well,
4008 5244 47 28 the
4068 5244 82 28 latter

3599 5282 111 39 playing
3726 5282 63 27 with
3803 5286 79 33 great
3895 5282 155 39 judgment,
4090 5279 58 34 'flie

3597 5335 20 27 g
3626 5334 52 18 ttne
3692 5331 54 19 was
3760 5327 28 23 at
3801 5323 80 28 tim.'s
3895 5324 64 33 fast,
3973 5324 53 29 and
4041 5324 108 40 though

3599 5368 62 33 rhey
3676 5373 70 18 were
3769 5370 49 21 not
3843 5363 62 28 able
3931 5369 28 23 to
3984 5375 86 26 score,
4085 5367 65 28 Moa

3599 5404 59 28 Flat
3685 5414 69 18 were
3782 5414 74 16 more
3887 5404 65 28 than
3986 5415 68 19 once
4081 5408 50 28 dan-

3597 5444 127 38 gerously
3740 5454 65 18 near
3820 5444 70 28 their
3905 5447 164 35 opponents'
4085 5448 62 29 line.

3598 5483 182 37 Considering
3794 5484 151 38 Roxburgh
3956 5496 68 18 were
4035 5487 118 39 playing,

3596 5535 74 18 some
3690 5529 38 23 Ist
3742 5524 94 28 fifteen
3853 5535 61 19 men
3930 5526 46 29 the
3998 5537 76 20 score
4096 5540 57 18 was.

3596 5569 48 23 not
3657 5575 30 17 so
3707 5571 90 32 great,
3811 5566 53 26 and
3883 5566 61 27 with
3961 5578 15 16 a
3992 5568 68 27 little
4076 5580 74 17 more

3595 5604 119 39 practice
3736 5604 64 29 Moa
3827 5605 62 29 Flat
3911 5606 99 30 should
4031 5618 90 29 prove,
4134 5622 15 17 a

3595 5645 72 36 good
3682 5645 91 29 match
3788 5645 43 28 for
3844 5646 46 28 the
3904 5647 65 28 'ind.

3561 75 165 51 Friday,
3749 76 101 53 July
3873 80 38 43 9,
3937 80 117 41 1897.

1822 87 198 42 MOUNT
2104 87 229 45 BENGER
2419 82 153 41 MAIL'.

82 199 225 41 THURSDAY,
331 204 70 29 15TH
427 204 110 36 JULY,
558 204 80 35 1897,

247 266 26 21 at
285 259 16 28 2
314 260 93 28 o'clock
420 270 60 28 p.m.

86 353 211 54 JABEZ
374 356 267 30 BURTON

161 397 44 28 ha?
215 397 113 28 received
348 398 163 28 instructions
525 399 61 26 from
600 397 43 27 Mr

88 435 29 27 E.
134 435 81 28 Booth
229 444 25 18 to
267 437 44 26 sell
325 437 31 36 by
370 437 89 27 Public
477 438 109 26 Aucrinn
612 446 30 17 on

87 473 43 27 the
144 475 152 35 premises—

91 535 63 29 HIS
181 537 224 29 HOUSEHOLD
426 536 219 28 FURNITURE

160 587 148 34 Consisting
344 587 26 26 of
408 586 97 27 Tables.
549 585 96 33 Chairs,

233 630 112 27 Colonial
388 630 66 30 Sofa,
501 630 144 31 Bedsteads,

231 674 131 36 Crockery,
376 680 55 25 etc,
445 679 47 22 etc.

222 747 46 36 C.
304 747 39 36 J.
386 744 159 51 Combs,

104 816 4 33 ■
114 818 196 31 SUP.GICAL
329 818 24 29 &
372 816 258 31 MECHANICAL

288 857 166 32 DENTIST

304 919 41 25 {By
359 919 81 23 Eiam.)

158 1032 25 29 R
205 1032 152 29 COOMBS
374 1041 62 27 may
450 1030 35 29 be
499 1028 149 31 Consulted

355 1077 29 23 at

254 1124 125 30 Heron's
403 1124 94 30 Hotel

151 1178 43 29 On
217 1177 156 35 FRIDAY,
397 1177 73 29 23r»
493 1175 108 30 JULY.

137 1260 41 26 As
191 1258 16 28 I
219 1258 96 27 intend
328 1258 115 35 visiting
461 1256 55 28 this
535 1254 119 29 District

92 1297 195 38 •periodically,
301 1298 20 26 it
330 1297 54 28 will
394 1305 63 20 save
470 1295 125 27 Patients
604 1294 48 28 the

87 1347 133 27 •expense
233 1337 29 27 of
274 1336 87 37 going
374 1340 29 24 to
415 1340 73 24 town
502 1345 7 23 ;
529 1333 53 28 and
597 1343 30 18 as
638 1333 14 28 I

91 1380 161 35 •guarantee
272 1376 34 28 all
331 1375 86 36 work,
442 1374 125 29 Patients
589 1383 63 28 may

98 1417 59 38 rely
170 1427 35 18 on
219 1416 111 38 getting
342 1428 16 16 a
372 1415 143 29 first-class
526 1414 116 28 denture

86 1496 103 21 '7EETH
217 1495 81 21 MADE
326 1495 37 21 BY
394 1495 96 21 OTHER
516 1493 136 22 DENTISTS

117 1522 130 23 PROVING
258 1522 254 22 UNSATISFACTORY
522 1521 61 21 MAY
595 1522 35 20 BE

151 1550 195 22 REMODELLED
360 1550 36 21 AT
410 1549 94 22 SMALL
518 1549 75 21 COST.

99 1620 123 28 Painless
252 1619 161 29 Extraction
442 1618 66 28 with
535 1617 114 29 Nitrous

135 1660 88 29 Oxide
245 1659 64 35 Gas,
332 1659 126 35 Cocaine,
472 1657 95 36 Ether,
582 1668 32 18 or

281 1700 183 30 Chloroform.

84 1774 146 30 'Stopping
249 1783 72 20 with
341 1775 85 36 Gold,
448 1773 149 36 Amalgam,
617 1781 34 20 or

313 1817 122 29 Cement.

191 1895 30 29 C.
270 1895 28 29 J.
351 1892 92 30 COO
454 1893 64 30 MB
530 1893 29 37 S,

237 1944 130 27 Surgeon
391 1943 118 28 Dentist

139 1989 145 40 (Opposite
298 1989 130 39 Car-gill's
442 1989 175 36 Monument)

305 2036 81 21 DUNE
391 2036 58 22 DIN.

214 2077 80 34 (Late
313 2077 75 28 Kidd
403 2077 54 28 and
473 2076 59 36 Co.)

191 2140 177 30 T)ECORD
409 2140 152 30 T>FIGN.

191 2170 46 26 AV
239 2182 129 29 ECORD
408 2170 46 25 XV
457 2182 104 28 EIGN.

198 2265 98 30 enable
321 2264 47 29 the
394 2264 94 39 public
513 2265 29 26 to
568 2262 84 29 Dress

185 2305 117 30 suitable
311 2309 28 24 to
351 2305 47 28 the
408 2304 136 34 occasion,
558 2304 13 27 I
583 2304 69 27 have

207 2356 183 30 REDUCED
411 2355 135 29 PRICES

99 2399 31 30 of
142 2409 45 27 my
200 2398 76 36 large
294 2396 53 29 and
363 2396 93 29 varied
471 2396 96 36 fctock,
581 2397 70 28 viz.:

174 2450 85 35 Suits,
271 2450 38 28 £3
328 2450 49 33 3s;
399 2447 142 36 Trousers,
558 2449 56 28 15s.

174 2491 117 35 Factory
306 2508 10 4 -
331 2489 79 29 mado
453 2488 85 37 Suits,
580 2490 50 28 21s
644 2501 7 24 ;

244 2533 140 32 Trousers,
398 2530 31 28 6s
444 2529 44 28 6d.

130 2583 71 36 Ties,
217 2582 79 38 Caps,
309 2582 111 33 Braces,
435 2581 58 35 &c.,
508 2581 33 29 Cd
557 2580 76 30 each.

104 2624 78 29 Hard
198 2623 52 30 and
266 2622 61 30 Soft
341 2622 60 30 Felt
420 2626 80 32 Hats,
526 2624 29 28 Is
575 2622 76 29 each.

121 2702 182 24 REDUCTIONS
318 2704 31 20 JN
364 2704 54 19 ALL
431 2704 96 19 OTHER
540 2702 89 21 LINES.

198 2770 40 42 e.
285 2748 102 71 a.l
387 2748 171 71 Tart,

104 2828 104 22 TAILOR
229 2829 17 20 k
268 2827 196 22 GENTLEMEN'S
488 2827 164 21 OUTFITTER.

158 2867 258 33 ScOTLANP-STKKET,
436 2866 163 29 ROXBURGH.

106 2966 215 32 ROXBURGH
329 2967 161 29 BAKERY
501 2967 22 29 &
536 2966 119 30 STORE

122 3137 140 37 BAKER,
292 3137 294 31 CONFECTIONER
612 3137 24 29 &

236 3186 284 36 STOREKEEPER,

141 3243 148 23 SCOTLAND
312 3245 111 26 STREET,
447 3243 167 21 ROXBURGH.

141 3316 74 30 R.K.
226 3316 101 30 desires
341 3321 29 24 to
383 3315 88 30 thank
485 3316 47 29 the
544 3315 93 29 inhabi-

104 3360 74 26 tants
191 3358 30 28 of
234 3358 154 38 Roxburgh
400 3357 54 29 and
466 3357 183 38 surrounding

102 3398 122 29 districts
247 3398 44 30 for
311 3399 46 28 the
379 3401 116 35 support
518 3397 132 29 accorded

101 3438 57 29 him
171 3438 27 29 in
212 3439 47 29 the
271 3443 71 35 past,
356 3439 53 29 and
423 3443 29 25 to
460 3438 101 33 inform
575 3438 75 29 them

103 3480 60 28 that
176 3480 117 37 nothing
306 3480 54 29 will
375 3480 35 29 be
422 3480 125 38 wanting
560 3490 34 18 on
608 3479 42 29 his

100 3523 63 35 part
175 3520 26 28 in
215 3521 46 28 the
273 3521 92 28 future
375 3525 29 24 to
412 3520 81 29 merit
501 3530 16 18 a
524 3520 111 28 continu-

99 3570 68 19 ance
179 3560 29 30 of
220 3561 71 29 their
304 3565 123 35 support.

128 3638 140 23 WEDDING
286 3640 61 21 AND
366 3640 150 22 BIRTHDAY
534 3640 91 21 CAKES

247 3675 80 20 MADE
345 3675 34 20 TO
393 3675 104 20 ORDER.

102 3721 123 28 SOIRFES,
247 3722 110 22 PICNICS
379 3722 16 22 k
414 3722 86 21 BALLS
518 3720 132 22 CATERED

141 3758 55 20 FOR
212 3758 36 20 ON
265 3759 56 20 THE
335 3758 145 21 SHORTEST
498 3757 114 22 NOTICE.

102 3798 125 39 Nothing
240 3800 52 29 but
306 3801 45 28 the
364 3801 62 29 best
435 3800 124 29 material
574 3800 74 29 used.

100 3883 77 23 GCOD
189 3885 185 22 ASSORTMENT
383 3885 35 21 OF
428 3885 165 29 GROCERIES,
603 3886 45 27 4c.,

301 3920 38 21 ON
357 3920 89 20 HAND.

184 3978 120 31 Liberal
324 3979 138 30 Discount
474 3990 49 20 for
545 3980 84 30 Cash.

102 4083 252 30 DISSOLUTION
384 4085 47 28 OF
456 4085 168 29 PARTNER-

325 4125 99 28 SHIP.

87 4205 179 39 ■JOHNS
318 4207 31 37 &
396 4209 251 41 M'COMBE,

234 4264 157 28 MILLEHS
410 4267 97 28 FLAT.

99 4344 150 28 XTAVL*
261 4345 23 28 G
295 4345 154 29 Purchased
462 4347 46 27 the
516 4348 131 28 Business

196 4386 30 26 of
250 4386 46 26 the
321 4386 59 27 firm
411 4386 30 28 of
470 4387 91 28 Johns
593 4397 54 19 and

100 4423 149 38 M'Combe,
263 4425 22 29 it
297 4425 55 29 will
375 4426 33 29 be
431 4426 82 30 taken
534 4437 65 20 over
617 4438 30 19 as

100 4466 68 30 from
185 4467 47 29 the
251 4466 60 36 15th
325 4468 64 34 inst,
407 4469 52 28 and
483 4469 52 28 will
549 4470 82 29 hence-

98 4506 117 29 forward
245 4508 33 28 be
305 4508 103 29 carried
428 4519 34 17 on
490 4509 88 29 under
601 4511 46 27 the

98 4557 81 19 name
193 4548 29 28 of
270 4548 31 29 E.

134 4588 46 28 All
215 4593 129 24 accounts
382 4590 92 38 owing
504 4594 75 25 must
612 4591 35 28 be

97 4629 99 27 settled
216 4633 27 22 at
264 4639 76 17 orice.
464 4643 14 15 \

244 4678 32 27 E.
316 4677 185 36 JOHNS,
523 4671 5 6 '

110 4730 116 21 GROCER
241 4731 61 20 AND
320 4731 135 20 GENERAL
469 4731 166 21 MERCHANT.

294 4794 154 22 AGENCIES:

96 4833 178 28 Manchester
287 4834 64 27 Fire
362 4835 150 26 Insurance
527 4835 48 27 Co.

97 4873 158 28 Australian
266 4873 107 28 Mutual
383 4873 147 29 Provident
541 4873 109 29 Societv

269 4962 381 44 WINN,

80 5037 9 18 b
96 5035 137 24 PAINTER,
258 5033 131 25 GLAZIER,
413 5033 91 20 PAPER
525 5033 127 23 HANGER,

171 5068 69 23 SIGN
262 5067 115 21 WRITER
398 5066 63 21 AND
484 5066 93 21 HOUSE

287 5101 176 26 DECORATOR,

190 5145 71 26 Ross
282 5143 99 33 Place,
401 5142 162 27 Lawrence.

118 5226 5 8 '
138 5225 41 28 On
196 5223 63 29 Sale
273 5234 14 17 a
298 5223 76 37 large
386 5222 53 28 and
449 5221 92 28 varied
551 5225 88 25 assort-

80 5277 8 5 -
97 5268 79 27 ment
189 5264 28 28 of
232 5263 69 35 Oils,
315 5262 104 35 Paints,
443 5261 98 34 Scrim,
564 5261 88 35 Glass,

97 5305 231 40 Paperhangings
351 5303 54 28 and
426 5302 135 29 Painters'
582 5301 54 30 Sun-

97 5348 83 28 dries.

136 5387 69 29 New
215 5386 52 28 and
277 5384 172 30 fashionable
456 5383 72 29 Wall
542 5383 112 39 Papers,

99 5429 72 29 from
187 5427 35 29 5d
246 5436 49 28 per
316 5426 75 38 piece
415 5425 135 37 upwards,
594 5428 45 23 rat-

99 5473 77 25 terns
191 5472 61 24 sent
266 5477 35 18 on
321 5465 176 38 application,
513 5470 61 32 post
587 5464 66 28 free.

137 5508 150 30 Estimates
299 5506 84 40 given
396 5506 43 29 for
462 5504 117 30 General
601 5504 36 29 Re-

97 5551 85 38 pairs.

139 5588 163 31 Celebrated
318 5587 132 29 Lustruss
468 5586 90 35 Paint,
572 5585 83 38 ready

95 5630 105 35 mixed,
212 5629 36 29 all
264 5628 123 30 Colours.

266 5702 85 29 TEA.
391 5701 66 28 This
481 5700 89 28 brand
596 5701 23 25 is
640 5711 14 16 a

102 5732 26 28 •*-
179 5747 152 36 guarantee
339 5743 29 28 of
376 5741 93 39 purity
476 5740 56 29 and
541 5740 114 38 quality.

167 5787 48 29 the
228 5786 50 37 2s;
299 5783 47 30 'tis
360 5782 101 39 superb
474 5781 6 29 !

817 206 59 22 THE
889 204 186 24 CELEBRATED

669 245 170 33 CORNISH
858 244 206 32 AMERICAN
1080 240 143 33 PIANOS

810 295 83 30 AND
918 292 164 32 ORGANS.

675 374 176 31 MESSRS
878 372 169 32 CORNISH
1069 371 25 29 &
1108 370 57 30 CO.
1179 379 45 19 are

770 416 48 30 the
831 416 64 38 only
908 416 62 28 firm
984 414 29 30 of
1026 412 90 31 actual
1129 421 77 20 manu-

672 458 135 28 facturers
821 457 28 28 of
868 456 69 38 high
1059 454 99 28 Pianos
1171 451 54 29 and

675 498 107 40 Organs
808 498 27 28 in
862 497 47 28 the
944 494 104 31 United
1076 494 91 28 States
1199 491 29 30 of

676 540 111 28 Ameria
819 539 99 37 selling
947 535 168 39 exclusively
1141 534 87 28 direct
1236 534 8 42 1

674 581 70 27 from
759 581 47 28 the
819 579 107 37 factory
936 581 29 24 to
976 578 45 26 the
1031 575 111 38 general
1156 574 57 38 pub

675 620 45 36 lie,
729 624 27 24 at
766 618 169 41 guaranteed
944 616 144 30 wholesale
1098 615 75 38 price
1183 614 44 28 for

675 672 15 17 a
704 661 89 38 single
806 661 175 28 instrument.
1020 656 44 28 No
1079 659 98 33 agents
1197 665 31 17 or

676 701 105 29 dealers
803 712 46 17 are
869 698 114 31 allowed
1007 701 29 25 to
1058 696 100 29 handle
1181 695 48 29 the

677 741 117 30 Cornish
804 741 144 29 American
961 738 100 29 Pianos
1069 748 31 18 or
1108 736 118 38 Organs.

678 783 27 28 It
718 783 23 28 is
751 783 60 37 just
824 793 30 18 as
867 792 63 27 essy
944 779 44 29 for
1002 779 47 28 the
1071 777 110 29 readers
1200 776 30 29 of

676 823 55 28 this
744 833 87 28 paper
843 826 27 25 to
884 822 36 28 sit
932 821 80 28 down
1037 818 55 29 and
1115 817 80 29 order
1214 826 16 18 a

678 863 85 29 Piano
778 874 30 19 or
823 863 92 39 Organ
929 861 71 30 from
1014 858 135 36 America,
1163 868 29 18 as
1202 860 28 26 to

678 904 80 28 order
768 915 52 18 one
833 905 70 27 from
915 903 71 29 their
996 901 86 30 music
1092 903 82 31 store,
1183 898 47 29 the

678 944 64 37 only
756 944 148 29 difference
917 943 86 36 being
1016 941 66 37 they
1094 939 54 28 will
1167 948 64 19 save

678 984 69 27 from
763 985 35 27 50
812 988 28 24 to
859 985 49 27 100
921 994 49 28 per
982 986 73 25 cent.

716 1023 52 29 We
782 1025 68 28 have
866 1023 109 38 Organs
989 1023 70 28 fron
1072 1021 39 30 £6
1122 1023 28 26 to
1164 1019 68 33 £25,

679 1064 100 28 Pianos
791 1065 70 28 from
876 1065 58 28 £34
946 1068 29 25 to
989 1064 65 32 £OO,
1066 1061 54 29 and
1129 1071 40 17 we
1183 1060 47 27 sell

678 1105 44 28 for
734 1104 64 29 cash
813 1114 32 19 or
870 1115 72 28 upon
963 1103 161 30 instalment
1143 1100 88 39 plans,

680 1150 28 24 to
722 1145 55 29 suit
800 1146 46 27 the
869 1144 183 30 convenience
1066 1142 29 29 of
1108 1142 46 29 the
1167 1152 49 27 pur-

680 1186 102 28 chaser.
824 1186 58 28 Our
912 1185 76 38 large
1016 1182 54 29 and
1097 1181 136 38 complete

680 1226 143 38 catalogue
847 1226 53 29 will
926 1226 34 29 be
984 1222 154 32 forwarded
1159 1232 72 29 upon

680 1272 118 33 request.
839 1268 26 26 It
879 1268 23 26 is
915 1268 48 26 the
976 1267 81 26 finest
1066 1264 165 36 description

680 1309 29 26 of
723 1307 99 28 Pianos
836 1306 54 28 and
904 1305 110 38 Organs
1026 1303 91 29 issued
1131 1303 38 36 by
1179 1311 53 27 any

681 1347 60 27 fiim
764 1347 28 27 in
815 1346 48 28 the
889 1348 125 33 country,
1027 1343 53 28 and
1096 1343 77 37 gives
1187 1341 46 28 the

680 1386 89 30 actual
782 1387 107 38 factory
902 1385 80 29 value
995 1383 29 29 of
1036 1394 82 27 every
1132 1382 87 28 instru-

680 1432 77 24 ment
769 1428 22 27 it
805 1427 147 28 describes.
974 1425 77 28 With
1064 1434 82 27 every
1160 1427 73 24 cata-

668 1463 1 43 S
680 1468 82 38 logue
775 1468 23 28 is
811 1466 146 39 presented
972 1476 50 17 our
1035 1465 100 38 unique
1149 1463 70 28 refer-

668 1503 1 44 j
679 1518 67 18 ence
760 1508 83 35 book,
886 1507 57 28 The
959 1507 86 27 Heart
1058 1505 29 29 of
1099 1505 47 28 the
1165 1503 51 28 Peo-

668 1543 1 49 |
777 1547 89 29 Write
875 1548 44 28 for
929 1547 152 37 catalogue.
1102 1544 131 34 Address,

802 1599 171 29 CORNISH
995 1608 22 19 <s
1043 1598 66 36 CO.,

668 1639 1 35 !
692 1648 163 26 Washington,
870 1648 54 20 New
937 1648 91 24 .Tekset,
1039 1646 58 21 U.S..
1110 1646 111 19 America.

715 1717 334 31 EXTRAOKD'NARY

918 1762 278 32 OPPORTUNITY.

668 1843 1 32 |
680 1848 14 20 J
699 1846 59 23 ROM
778 1848 58 20 THE
857 1848 90 20 FACTO
950 1846 37 21 MY
1009 1846 103 21 DIIIECT
1125 1844 35 21 TO
1179 1843 56 22 THE

877 1875 158 22 CUSTOMER.

685 1944 90 54 OUR
791 1946 105 25 Company
911 1945 16 20 is
947 1943 51 20 sellii
1007 1950 12 18 g
1033 1943 63 21 (lirfct
1111 1945 21 17 to
1147 1942 34 20 the
1193 1950 31 12 cus-

761 1976 72 21 toner,
853 1972 48 20 thus
920 1971 108 24 procuring
1046 1971 32 19 for
1096 1970 34 20 tlie
1148 1969 61 20 latter
1224 1978 10 11 n

668 1996 1 30 i
685 2002 75 24 double
785 2006 104 20 economy,
914 1997 88 26 namely,
1022 1997 37 21 tlie
1078 1997 61 26 profit
1156 1997 21 20 n?
1201 1996 35 21 tl.e

668 2025 1 29 '
685 2029 110 25 wholesale
803 2028 76 26 deabr,
889 2027 38 20 and
938 2026 36 20 tlie
983 2032 56 14 more
1049 2025 137 21 considerable
1198 2032 38 12 on*

668 2053 1 29 '
685 2062 21 20 of
715 2062 34 19 tlie
757 2057 58 22 retail
828 2055 52 21 dealt
886 2062 16 17 r,
913 2054 121 26 amounting
1045 2056 22 18 to
1075 2053 52 21 from
1134 2060 22 13 os
1167 2055 21 18 to
1195 2053 41 20 £'lo

684 2096 55 18 upon
755 2094 11 12 a
776 2084 64 26 single
851 2082 74 21 watch.
953 2082 67 20 Retail
1028 2082 65 20 watch
1104 2081 78 21 dealers
1197 2081 38 20 and

683 2115 110 27 jewellers,
801 2111 79 25 usually
887 2109 71 24 selling
965 2109 38 19 but
1010 2116 10 12 a
1027 2109 38 19 few
1073 2109 88 19 watches
1173 2109 62 24 daily,

683 2150 33 14 are
727 2140 68 24 forced
807 2142 21 18 to
838 2138 59 21 make
907 2143 25 14 an
940 2136 154 21 extraoidinarv
1104 2136 61 26 profit,
1181 2142 54 20 upon

683 2171 47 21 each
743 2176 38 14 one
800 2167 42 21 sold
853 2166 19 21 iu
891 2166 60 20 order
970 2166 22 18 to
1002 2164 72 27 defray
1086 2164 53 21 llieir
1154 2171 18 19 g>
1180 2163 55 21 litral

681 2204 105 20 expenses.

707 2232 39 19 We
773 2228 142 22 manufacture
937 2232 22 13 as
985 2232 37 13 on-
1054 2225 106 20 sneciMrv
1188 2224 45 25 only

681 2259 84 22 sterling
784 2258 61 19 silver
862 2262 23 13 or
904 2253 47 27 gold
974 2253 150 21 fH.m-wiride.s
1149 2252 86 26 (key'e.-s

680 2285 106 26 watches).

708 2321 45 21 The
764 2319 79 27 keyless
850 2317 124 22 mechanism
989 2317 21 19 of
1028 2317 87 19 whM:«
1132 2315 3 31 ;
1138 2323 9 12 s
1161 2323 37 12 one
1216 2315 20 19 of

668 2343 1 34 j
682 2349 35 21 the
740 2351 53 18 most
814 2347 113 24 important
941 2345 40 20 and
996 2345 60 20 u-fn
1083 2351 38 12 n"''
1131 2343 3 34 i
1146 2344 52 19 fiois
1216 2343 20 18 of

668 2371 1 30 I
683 2376 83 21 modern
791 2375 67 19 times.
886 2373 83 19 Instead
985 2372 22 20 of
1027 2371 99 21 fimv'i/u
1146 2378 17 12 m

668 2398 1 32 I
683 2404 84 26 pockets
777 2404 22 19 to
812 2401 40 21 find
868 2400 36 20 the
918 2399 47 25 key,
982 2399 66 20 wliw-li
1065 2399 57 18 wh.-n
1141 2398 54 20 f*«ii•••
1200 2398 2 32 I
1221 2398 4 32 i

681 2434 55 18 most
756 2431 75 23 always
857 2427 55 21 filled
931 2427 48 20 with
995 2427 90 27 dint—ll
1096 2434 15 11 is
1126 2427 4 27 .
1139 2427 7 17 f

683 2459 59 20 being
749 2456 125 22 transferred
889 2458 22 17 to
920 2455 36 20 the
966 2455 65 19 watch
1087 2460 10 13 (I
1109 2454 36 19 li:is
1163 2454 4 25 •
1176 2460 12 12 u
1225 2460 11 11 o

682 2488 46 19 turn
737 2493 12 13 a
762 2483 88 23 knurhd
863 2480 3 27 I
876 2484 61 19 utton
953 2481 59 22 fitted
1023 2484 22 17 to
1054 2481 36 21 the
1107 2480 4 27 :
1121 2480 45 19 ed«
1176 2480 1 27 •
1188 2483 7 17 t
1207 2484 26 14 foi

683 2514 59 25 ring),
753 2513 49 20 thus
809 2511 90 25 winding
906 2510 36 21 the
951 2509 65 21 watch
1024 2509 38 21 and
1079 2516 5 12 r
1090 2508 3 31 •
1102 2509 91 22 i:i;ii'g
1203 2508 27 20 >ln

682 2542 64 19 hands
756 2540 25 26 by
792 2540 34 20 the
836 2546 54 13 same
905 2545 75 12 means.

708 2575 43 20 Our
762 2573 88 20 watch's
860 2578 34 13 are
902 2571 129 26 everywhere
1040 2570 90 20 recognis
1143 2570 11 18 il
1172 2574 21 13 to
1214 2570 4 27 I
1227 2577 9 11 r

682 2603 36 19 the
734 2602 44 20 best.
796 2602 19 18 in
827 2600 36 20 the
876 2599 89 25 maiket,
975 2597 118 25 surpassing
1105 2597 3 27 :
1110 2597 4 27 t
1127 2597 3 27 !
1143 2597 3 27 .
1156 2597 43 20 rhr-i
1211 2597 5 17 1
1226 2604 10 12 v

682 2630 36 21 the
728 2629 97 27 precision
842 2627 22 21 of
874 2626 53 22 their
936 2630 127 17 movements
1077 2633 22 13 as
1117 2625 45 21 well
1173 2632 21 14 as
1211 2625 25 27 by

682 2658 53 21 their
745 2663 95 19 accuracy
851 2655 39 21 and
901 2655 117 24 cheapness.

708 2693 43 19 Our
762 2691 87 20 f;>ctmv.
865 2691 54 18 since
935 2690 27 19 its
971 2688 121 21 foundation
1101 2689 19 19 in
1202 2688 35 19 lias

682 2718 94 27 acquired
788 2726 8 11 a
814 2716 125 21 wcild-wide
955 2716 125 26 reputation,
1095 2716 39 19 and
1141 2715 95 20 obtained

683 2747 35 21 the
744 2746 82 25 highest
845 2744 82 22 awards
947 2744 52 20 from
1019 2744 26 20 all
1067 2744 36 20 the
1124 2744 112 25 important

682 2775 139 22 Exhibitions.
849 2772 34 21 No
909 2773 66 19 watch
1003 2772 68 20 bav»s
1098 2778 38 13 our
1158 2772 78 19 factor'-

685 2803 88 21 without
794 2801 75 23 laving
887 2801 51 20 been
956 2799 100 26 carefully
1076 2799 105 20 examined
1198 2798 38 21 aid

791 2829 49 20 thus
859 2828 61 23 being
934 2830 62 23 reai'y
1016 2827 31 21 for
1065 2826 118 21 imm-d'ate

683 2857 54 21 Each
748 2864 38 13 one
793 2857 16 21 is
821 2860 34 23 put
864 2862 28 19 up
902 2855 20 21 in
931 2862 24 12 an
965 2855 89 24 ellegnnt.
1069 2853 102 21 silk-lined
1184 2860 52 19 case,

683 2886 39 20 and
732 2883 141 28 accompanied
884 2883 26 26 by
920 2890 10 12 a
942 2885 103 23 warranty
1055 2881 31 21 for
1096 2881 59 20 three
1172 2889 64 20 years.

709 2913 44 21 The
768 2912 67 25 buyer
847 2918 48 19 may
912 2914 70 17 return
1002 2918 40 13 nnv
1095 2916 38 14 our
1150 2909 87 20 watches

685 2940 77 21 withen
771 2940 29 20 six
812 2939 83 20 months
905 2938 72 20 should
992 2938 36 20 the
1045 2937 62 21 latter
1119 2941 36 16 not
1171 2938 65 20 afford

685 2968 37 20 the
730 2970 55 17 most
793 2966 101 26 complete
899 2965 136 20 satisfaction.

711 2994 35 22 All
762 2993 80 22 articles
857 2992 44 21 sold
917 2999 36 14 »<re
968 2991 102 21 deliver*d
1082 2992 43 24 post
1137 2991 49 26 free,
1199 2991 39 20 and

685 3027 78 18 enstom
780 3022 53 26 duty
849 3020 46 26 paid
915 3024 21 16 to
954 3027 39 19 any
1012 3024 44 22 part
1076 3019 21 20 of
1115 3019 36 20 the
1169 3019 70 26 uoi!<',

685 3051 49 20 thus
744 3050 89 20 without,
842 3049 36 20 the
892 3048 96 26 slightest
998 3047 82 20 tioub'e
1098 3054 23 12 or
1136 3046 103 21 foimalitv

685 3081 21 16 to
716 3077 36 20 the
761 3076 94 21 receiver.

711 3104 35 22 All
756 3104 77 27 lepairs
857 3102 75 26 during
949 3102 37 20 the
1003 3101 80 27 Syeais
1101 3100 21 21 of
1130 3102 112 23 guarantee

685 3139 34 14 are
744 3131 100 21 executed
869 3130 145 26 gratuitously,
1039 3129 15 21 if
1072 3128 37 21 the
1134 3129 64 20 watch
1217 3128 25 21 he

685 3159 115 22 forwaided
811 3162 22 17 to
843 3165 37 14 our
890 3158 85 21 London
984 3158 65 21 office.

711 3189 43 19 The
760 3187 106 25 following
871 3194 34 12 are
911 3185 48 21 cash
966 3186 65 26 prices
1040 3185 88 21 without
1134 3184 108 21 discount:

1180 3223 16 20 £
1222 3227 19 17 S.

733 3255 27 20 A.
775 3253 153 25 Stem-winder,
944 3252 85 24 sterling
1044 3252 68 24 silver,
1123 3250 43 21 hall

783 3281 93 25 marked,
894 3279 94 27 jewelled
1007 3279 21 21 in
1044 3279 12 20 6
1080 3278 85 26 actions,

782 3309 76 26 crystal
866 3308 61 27 glass,
935 3314 12 14 a
955 3309 71 22 strong
1033 3306 40 22 and
1080 3306 86 21 durable

782 3337 67 21 watch
885 3352 23 6 ...
1012 3351 23 6 ...
1142 3351 22 5 ...
1217 3333 25 21 12

711 3383 47 21 AA.
774 3381 43 21 The
826 3387 56 14 same
892 3379 49 22 with
952 3379 76 20 double
1042 3378 62 21 silver
1119 3384 45 15 case

782 3408 108 26 (Hunter),
898 3406 104 28 elegantly
1012 3406 99 27 engraved
1141 3422 22 5 ...
1216 3405 24 21 18

731 3453 25 21 B.
772 3451 54 22 Gold
845 3449 148 26 stern-winder,
1016 3448 41 21 liall
1080 3448 83 21 marked

783 3482 71 23 strong
864 3478 79 28 keyltss
953 3478 75 25 action,
1038 3476 94 28 jewelled
1141 3476 21 21 in

782 3507 25 21 13
824 3507 86 25 actions,
930 3506 49 20 with
1001 3505 47 25 gold
1071 3511 23 13 or
1111 3504 51 20 steel

782 3533 133 27 hands,small
923 3532 73 21 second
1005 3532 49 25 dial,
1062 3531 101 25 engraved

782 3562 21 21 in
810 3561 101 21 beautiful
919 3560 162 26 designs,engine
1088 3558 75 22 turned

783 3597 22 13 or
813 3589 55 26 plain
875 3587 154 28 polished,with
1036 3594 126 19 monogram,

781 3617 83 23 initials,
873 3623 61 18 arms,
946 3617 40 19 etc.
1013 3631 22 5 ...
1138 3629 23 6 ...
1189 3613 12 21 2
1227 3613 12 20 0

713 3663 44 20 EE.
771 3662 43 19 The
824 3667 55 13 same
887 3667 21 13 as
918 3660 24 23 P.,
950 3658 49 21 with
1009 3660 69 20 strong
1087 3657 76 20 double

782 3688 46 27 gold
839 3695 51 17 case,
901 3694 24 12 an
943 3686 102 21 excellent
1058 3685 40 21 and
1114 3692 49 19 veiy

781 3717 82 23 elegant
873 3714 127 26 timekeeper
1021 3730 12 5 ..
1139 3711 4 29 .
1156 3729 5 5 .
1188 3712 12 21 3
1215 3711 24 21 10

668 3751 1 30 i
730 3760 24 20 C.
770 3758 65 21 Roval
845 3756 148 25 chronograph,
1005 3756 24 19 IS
1039 3756 56 20 carat
1104 3754 55 26 cold,

782 3787 52 19 most
845 3784 91 24 superior
944 3784 80 25 key'ess
1036 3786 124 19 movement,

780 3813 22 20 rf
815 3812 36 21 the
870 3814 52 17 nvst
939 3812 93 19 accurate
1049 3810 98 19 workman-

780 3840 55 25 ship,
854 3839 38 20 and
911 3845 38 12 one
963 3838 22 19 of
998 3838 35 19 the
1043 3838 45 19 best
1099 3844 48 13 wear-

780 3867 95 26 nsisting
885 3866 89 21 watches
1010 3882 21 5 ...
1136 3881 22 6 ...
1186 3865 12 20 4
1224 3864 12 21 0

708 3913 41 22 CC.
764 3913 43 21 The
817 3918 54 14 same
882 3909 65 21 watch
963 3909 48 21 with
1028 3909 75 20 double
1120 3909 38 21 and

779 3941 58 18 extra
848 3941 70 19 strong
929 3944 51 18 ctsp,
992 3937 23 20 IS
1032 3939 55 17 carat
1104 3937 52 21 gold,

778 3965 122 26 artistically
941 3963 108 27 engraved,
1086 3970 72 15 etgme

779 3993 75 22 turned
873 4000 22 13 or
913 3993 54 25 p'ain
987 3991 100 27 polished,
1108 3992 50 20 wirh

779 4027 136 20 monograms,
926 4020 84 26 initials,
1021 4022 36 18 etc.
1136 4036 21 5 ...
1184 4019 12 21 C
1212 4019 23 20 10

728 4067 27 21 D.
771 4064 96 27 Imperial
876 4064 94 21 calendar
977 4063 148 23 chronometer,
1134 4063 24 20 18

779 4095 56 19 carat
852 4092 54 26 gold,
927 4092 109 21 indicating
1056 4092 36 19 the
1109 4091 47 22 dav.

779 4121 36 19 the
825 4120 64 22 week,
900 4120 35 19 the
947 4120 78 25 month,
1033 4119 38 20 and
1082 4120 47 18 date
1137 4119 21 20 of

779 4148 80 21 month,
878 4146 93 27 jewelled
990 4146 19 19 i'i
1031 4146 23 20 18
1072 4146 84 21 PC'ions.

779 4175 49 21 villi
845 4175 26 20 all
883 4174 35 20 the
927 4174 59 20 latest
998 4174 160 26 improvements

777 4204 39 20 and
833 4202 123 25 inventions,
969 4209 37 12 one
1022 4201 21 21 of
1061 4201 35 20 the
1113 4201 45 20 best

777 4231 39 19 and
841 4231 54 18 most
918 4229 129 23 magnifi-ent
1069 4229 88 19 wa'clus

778 4256 156 22 manufactured
958 4256 48 20 such
1019 4263 21 12 as
1051 4263 33 13 ate
1096 4263 62 13 never

777 4293 22 11 so
808 4285 13 21 d
832 4285 25 20 bv
868 4290 27 14 re'
901 4284 24 20 ail
934 4283 78 20 dealers
1021 4284 33 20 for
1060 4283 39 21 less
1106 4284 50 20 than

777 4315 40 20 £'Jo
845 4307 5 4 '
881 4328 21 6 ...
1007 4328 22 4 ...
1132 4328 23 6 ...
1172 4311 23 20 10
1221 4310 12 20 0

702 4362 33 20 All
744 4367 38 14 our
790 4359 88 21 watches
885 4366 33 12 arp
925 4358 157 20 manufactured
1089 4358 19 21 in
1116 4359 12 19 2
1135 4358 44 20 diff.
1187 4360 44 17 rent

675 4389 57 23 size«,
744 4388 54 20 large
808 4387 39 20 and
857 4386 58 20 snial'
927 4386 40 23 (for
977 4386 115 24 gentlemen
1100 4386 39 19 and
1153 4385 80 24 ladies.)

676 4416 87 20 without
774 4414 111 21 difference
892 4413 22 20 of
925 4413 61 26 price.

702 4443 40 22 Old
755 4442 94 26 watches,
860 4440 34 22 o'd
904 4440 45 26 goM
961 4440 38 21 and
1010 4440 61 21 silver
1082 4440 24 21 wi
1108 4440 5 14 l
1116 4440 6 21 !
1134 4440 23 21 he
1169 4440 62 20 taken
1243 4438 1 30 j

675 4473 20 21 in
706 4473 99 26 payment
815 4473 21 18 at
854 4469 35 22 the
908 4469 81 26 highest
1004 4469 67 26 value,
1083 4469 16 20 if
1118 4468 113 22 forwarded
1243 4468 1 31 j

676 4501 25 24 by
712 4499 65 26 pai<H
788 4501 47 22 post
844 4500 22 17 to
875 4504 38 12 our
923 4497 89 21 »ddr-«?.

702 4527 140 20 Remittances
857 4532 47 19 may
923 4525 24 18 be
967 4524 59 20 made
1045 4523 66 21 pither
1125 4523 27 25 by
1163 4523 68 20 Postal
1243 4519 1 35 j

675 4555 74 25 Order,
760 4553 90 27 Ch«que,
862 4553 58 20 Bank
933 4552 62 20 No'es
1005 4552 91 22 (postage
1111 4558 12 14 «
1134 4558 56 18 amps
1201 4550 31 21 for
1243 4550 1 30 |

676 4582 58 20 small
749 4581 103 24 amounts)
869 4580 21 20 of
909 4587 40 19 any
969 4585 94 24 country,
1078 4579 21 21 in
1120 4578 111 27 registeied
1243 4578 1 34 J

675 4610 71 25 letter,

668 4633 1 28 I
702 4636 21 18 Tt,
745 4637 17 18 is
781 4642 37 12 our
836 4635 39 19 aim
887 4637 21 15 to
928 4635 45 21 give
1049 4635 79 18 upmost
1144 4633 88 23 possible

678 4662 125 18 satisfaction
824 4662 21 17 to
863 4667 37 13 our
916 4667 9 13 c
935 4661 5 18 i
944 4668 9 6 ;-
955 4663 41 21 nts,
1013 4661 94 21 kriowing
1124 4659 43 19 this
1176 4661 22 16 to
1208 4659 23 17 he

668 4681 1 33 |
678 4687 35 20 the
719 4687 46 20 best,
774 4687 159 20 advertisement
949 4686 31 20 for
993 4693 38 13 our
1040 4685 104 25 products,
1156 4685 37 19 and
1205 4685 26 19 all
1243 4681 1 33 |

668 4711 1 30 ;
680 4714 43 20 who
730 4715 52 20 have
801 4720 49 14 once
869 4713 84 22 entered
964 4714 43 21 in'o
1026 4713 93 21 business
1134 4712 99 21 relations
1243 4711 1 30 ]

668 4739 1 28 ;
680 4741 47 20 with
735 4748 23 14 us
765 4741 68 25 glad'v
843 4742 127 20 recommend
981 4748 24 15 us
1015 4744 21 18 to
1046 4741 54 21 their
1106 4740 80 22 friends
1193 4739 38 21 and
1243 4739 1 28 |

678 4769 161 24 acquaintances.

704 4800 89 21 Address
802 4799 32 21 for
843 4800 70 21 letters
923 4801 39 20 and
975 4801 68 21 orders
1054 4809 5 13 :

705 4842 110 39 Morse
841 4843 273 51 Manufacturing
1141 4843 69 49 Co,,

803 4893 19 27 7,
843 4893 56 21 RED
918 4894 68 22 LION
1005 4895 94 21 COURT

871 4929 101 24 London,
994 4930 48 21 E.C.

1243 4946 1 19 I

705 4994 129 24 Csv*Wnnted
858 4997 20 19 at
902 5003 56 20 one,
982 4998 19 20 in
1021 5005 61 14 everv
1096 4998 93 28 loca'itv,
1208 5005 24 14 an

668 5023 1 29 :
681 5023 115 25 intelligent
817 5030 70 17 person
909 5027 22 17 to
944 5028 31 17 ac»
991 5033 21 12 as
1038 5033 38 13 our
1098 5023 74 29 Agent!
1201 5027 32 20 No

668 5049 1 32 j
681 5049 72 26 special
785 5049 118 27 knowledge
939 5052 101 26 rtquired,
1072 5054 40 20 and
1146 5054 86 19 without

668 5076 1 32 ;
681 5076 120 22 interfering
821 5077 48 21 with
887 5082 81 23 present
990 5081 128 25 occupation.
1145 5081 88 27 Highest

668 5104 1 33 |
681 5104 66 28 salaiy
766 5104 41 21 and
826 5106 134 23 commission.
989 5110 31 19 An
1040 5110 101 20 excellent
1161 5117 60 20 oppor-

668 5133 1 28 |
691 5134 60 24 unity
764 5133 32 20 for
810 5140 12 13 a
836 5134 70 26 3upabl
908 5142 10 8 o
928 5141 67 20 vr.ung
1007 5143 45 14 n>an
1062 5145 23 12 or
1096 5137 55 22 ladv.

682 5190 208 53 yiCTORIA
907 5191 144 32 LIVERY
1065 5194 168 31 STABLES

769 5257 70 21 PEEL
852 5258 111 27 STREET,
979 5260 167 24 LAWRENCE.

668 5325 50 46 ;T.
748 5325 119 51 Dwyer
913 5338 6 29 :
967 5339 6 29 :
1030 5329 203 52 Proprietor.

668 5412 1 42 |
721 5412 58 28 The
791 5423 67 26 very
871 5414 61 28 best
947 5414 129 40 Stabling
1093 5418 142 36 provided,

668 5452 1 41 |
683 5453 66 28 with
763 5463 16 18 a
793 5452 99 29 Groom
907 5454 100 39 always
1021 5456 28 28 in
1062 5458 173 29 attendance.

668 5545 1 41 i
683 5546 26 26 A
733 5545 159 28 Handsome
918 5546 53 28 and
1000 5546 236 40 Well-appointed

782 5606 154 36 Hearse
960 5618 52 25 on
1041 5609 101 36 Hire.

725 5699 158 28 First-class
915 5700 94 38 Single
1042 5702 52 27 and
1129 5702 108 28 Double

669 5736 2 41 !
686 5740 140 37 Buggies;
848 5739 65 29 also.
928 5739 109 30 Ladies'
1050 5741 55 28 and
1123 5742 98 29 Gentle-

669 5779 2 28 ;
687 5780 85 27 men's
787 5779 102 28 Saddle
901 5779 115 28 Horses.

1251 285 90 53 W.
1387 284 62 52 T,

1419 379 226 37 ROXBURGH,

1284 456 59 29 Has
1357 465 61 18 now
1432 454 114 38 Opened
1562 452 43 29 his
1618 452 90 36 Large
1722 449 56 29 and

1365 507 103 31 Varied
1482 506 177 30 Assortment
1668 502 30 30 of

1391 768 59 37 (per
1476 764 61 29 S.S.
1565 761 120 38 Gothic.)

1291 845 205 34 BLANKETS
1512 846 5 28 !
1557 840 205 32 BLANKETS
1776 840 6 29 !

1296 899 207 32 White—from
1518 899 32 28 9s
1565 899 9 27 1
1587 896 31 29 Id
1632 906 50 28 per
1694 895 61 39 pair

1297 939 248 32 Coloured—from
1559 938 32 28 9s
1611 937 52 28 lid
1677 946 49 28 per
1739 934 60 39 pair

1381 1028 120 31 BUGS!
1579 1025 125 31 RUGS!

1338 1081 111 40 Striped
1511 1080 71 29 from
1619 1079 31 29 4s
1680 1077 61 30 lid.

1386 1164 113 29 WOOL
1532 1159 173 33 SHAWLS.

1355 1218 25 29 A
1419 1216 91 40 Large
1545 1216 185 28 Assortment.

1310 1310 238 38 WINTER
1600 1309 172 38 DRESS

1435 1369 212 39 STUFFS

1525 1427 28 19 IN

1329 1468 155 36 SERGES,
1512 1467 243 36 CORDUROYS,

1411 1520 171 35 TWEEDS,
1608 1519 60 36 &c.,

1318 1573 82 29 From
1418 1574 48 28 10s
1482 1573 34 29 Gd
1530 1573 46 28 the
1591 1571 61 30 Full
1666 1571 94 29 Dress.

1350 1654 135 39 Splendid
1511 1656 168 26 assortment
1703 1652 29 27 of

1395 1708 91 30 NEW
1512 1706 170 31 JACKETS

1433 1757 72 27 from
1537 1756 44 27 IGs
1608 1754 45 28 Gd.

1312 1850 78 42 New
1433 1848 175 50 Millinery,
1642 1845 136 51 Gloves,

1419 1906 161 52 Ribbons,
1616 1906 63 43 &c.

1365 2001 105 31 LONG
1506 2001 80 31 fur
1625 2000 99 30 boas

1445 2045 71 29 from
1543 2044 32 30 4s
1602 2043 45 29 Gd.

1359 2128 24 27 A
1407 2126 77 32 large
1510 2126 168 28 assortment
1699 2123 28 28 of

1302 2187 100 29 MKN
1418 2186 7 13 '
1438 2186 20 28 S
1513 2185 162 29 CLOTH
1687 2183 50 30 IN
1752 2182 32 29 G.

1409 2268 94 27 La'est.
1532 2267 94 38 Styles
1651 2266 28 29 in

1341 2314 110 35 HATS,
1508 2314 162 35 CARVES,
1697 2313 50 31 &c.

1307 2402 114 30 MEN'S
1443 2402 140 29 TWKKD
1606 2402 112 30 HJITS
1738 2402 48 28 TO

1268 2451 78 34 65s
1478 2452 7 22 1
1505 2448 103 28 I'HKR
1741 2450 80 34 65s

1316 2536 117 28 .MEN'S'
1462 2546 55 18 am)
1545 2536 97 28 BOYS
1678 2536 96 29 CAPS

1267 2586 25 27 in
1317 2585 110 29 endless
1448 2585 216 37 variety—from
1691 2584 33 29 Gd
1747 2583 75 30 each.

1313 2668 24 27 A
1352 2667 78 38 large
1444 2669 53 26 and
1512 2672 97 24 assort*
1620 2667 15 27 <1
1652 2667 78 27 stork
1746 2668 28 26 of

1365 2717 121 30 BOOTS
1513 2726 56 20 ANl>
1598 2717 129 28 -1101>\

1271 2831 91 55 W.
1385 2832 59 53 T.
1468 2829 356 66 TALBOYS,

1406 2924 129 28 ROXB
1550 2924 23 29 U
1590 2926 16 25 l:
1620 2926 20 25 (i
1656 2924 36 28 11.

1339 3142 419 43 BERNSTONE,

1318 3221 78 29 TIIE
1616 3219 145 29 TAILOR

1416 3279 95 35 (From
1538 3279 154 37 Dunedin),

1428 3358 64 28 ILL
1508 3358 66 28 visit
1588 3356 165 37 Roxburgh,

1367 3398 12 15 *
1466 3399 106 28 Millers
1604 3398 71 35 Flat,
1700 3397 54 28 and

1345 3439 188 39 surrounding
1569 3438 123 29 districts
1726 3442 27 24 nt

1343 3481 111 38 regular
1465 3480 140 36 intervals,

1478 3535 79 28 when
1574 3535 35 26 he

1355 3601 104 29 WILL
1473 3601 105 29 TAKE
1595 3599 150 31 ORDERS

1344 3666 28 24 to
1398 3663 54 27 suit
1467 3662 46 28 the
1527 3662 184 28 convenience
1726 3660 28 28 of

1418 3710 47 28 the
1484 3708 68 30 local
1574 3708 103 39 public.

1388 3804 20 29 G'
1414 3814 14 18 U
1433 3813 51 20 AIIG
1491 3813 26 18 KS
1543 3804 24 27 M
1574 3812 129 20 OPKI.'ATE.

1341 3899 77 30 Suits
1428 3899 68 29 from
1507 3900 39 28 £3
1559 3899 43 35 3s;
1618 3898 132 29 Trousers

1471 3947 70 27 from
1560 3947 6 26 1
1576 3948 39 26 Gs.

1339 4039 45 29 Fit
1398 4038 175 29 Guaranteed
1595 4049 30 17 or
1645 4037 103 38 Money

1440 4093 49 23 not
1503 4087 142 38 accepted.

1265 4231 244 40 pIIIUST.UAS
1538 4230 22 29 &
1591 4230 89 28 NEW
1714 4229 106 29 YEAR

1433 4270 226 29 NOYKLTJES.

1305 4311 137 38 (Suitable
1458 4312 43 28 for
1518 4311 105 37 Young
1635 4311 54 29 and
1705 4310 75 38 Old).

1374 4394 26 26 A
1414 4392 136 37 complete
1563 4392 107 37 displav
1684 4391 29 28 of

1264 4432 131 31 FANCY
1426 4432 135 34 GOODS,
1597 4424 221 38 UUiUSTMAS

1314 4474 136 36 CAHDS,
1490 4474 108 34 TOYS,
1639 4473 135 35 BOOKS,

1387 4515 237 31 MAGAZINKS,
1645 4516 49 26 &c.

1264 4593 147 21 BARGAINS
1430 4593 40 21 ON
1487 4593 58 21 THE
1563 4591 138 21 SHILLING
1720 4589 99 21 TABLE.

1386 4657 163 27 Inspection
1570 4656 122 26 Invited.

1324 4742 52 54 F.
1424 4737 345 59 JEFFKKY.

1273 4819 193 23 BOOKSELLER.
1480 4818 132 22 CHEMIST.
1628 4817 81 23 NEWS
1727 4816 96 23 AGENT

1432 4847 167 24 STATIONEK,
1614 4847 37 19 .tc.

1329 4880 141 30 TEVrOT
1499 4880 256 29 HISPKNSARY.

1404 4948 33 36 J.
1519 4946 301 42 WILLIAMS,

1288 5018 203 22 HAIRDIIES3EIL
1510 5019 62 20 AND
1592 5019 202 25 TOBACCONIST,

1461 5057 165 30 Lawrence.

1301 5145 78 29 LAD
1386 5144 68 28 [MS'
1486 5143 299 31 HAIRCOMBINGS

1348 5195 111 29 MADE
1479 5195 93 29 LNTO
1593 5195 46 29 PL
1644 5200 18 23 A
1669 5194 69 29 ITS.

1268 5269 102 28 Orders
1380 5270 36 36 by
1425 5273 64 34 post,
1498 5269 139 37 promptly
1644 5266 129 29 attended
1785 5270 37 23 to.

1265 5333 140 29 TEYIOT
1417 5332 214 30 WEaLEYAN
1650 5329 171 31 CHURCH.

1364 5413 114 38 Sunday
1493 5412 125 29 Services
1632 5410 54 28 will
1710 5410 33 28 be
1757 5419 64 18 con-

1354 5454 101 30 ducted
1468 5464 30 17 as
1512 5452 92 29 follow
1614 5464 48 18 ;

1266 5504 111 25 Roxburgh
1389 5503 19 25 (7
1418 5501 84 28 p.m.)—
1505 5501 52 19 Rev.
1567 5499 21 20 J.
1601 5499 25 19 H.
1637 5498 82 24 Hooper

1292 5531 124 27 (Subject—'
1421 5524 54 34 'The
1487 5528 66 20 Horr.e
1562 5526 22 20 of
1592 5532 60 19 mauy
1663 5525 109 21 Man-ion®.
1787 5524 8 25 )

1267 5558 48 20 Coal
1327 5558 64 21 Oeek
1402 5558 19 23 (3
1432 5555 83 27 p.m.)—
1581 5554 22 19 J.
1612 5553 27 20 H.
1655 5551 83 25 Hooper

1266 5585 115 25 Etttick(ll
1395 5584 58 22 a.m.)
1456 5583 57 20 —Mr
1527 5580 111 21 Matthews

1355 5613 54 20 (I'i.XO
1418 5619 20 18 p.
1441 5618 18 13 iri
1506 5609 32 20 Mi'
1550 5608 38 20 Mat
1594 5607 28 19 til'
1630 5612 28 13 ws

1387 5666 123 34 greatest
1529 5662 112 35 experts
1661 5656 86 28 admit
1760 5656 60 28 that

1351 5703 86 28 Kozie
1451 5703 55 26 Tea
1525 5701 23 26 is
1572 5699 35 36 by
1630 5697 43 28 far
1692 5697 47 28 the
1759 5698 62 26 best

1267 5742 78 29 va'ue
1355 5740 167 31 obtainable.
1542 5739 90 29 Joiins
1642 5737 23 29 &
1673 5736 146 35 M'Comuk,

1269 5783 116 36 Agents.,
1399 5781 104 29 Millers
1518 5780 70 29 Flat.

1839 196 216 55 GRAND
2112 191 286 54 JUVENILE]

2016 255 201 46 CONCERT.

1891 362 149 34 FRIDAY,
2061 366 65 26 16TH
2144 362 104 32 JULY,
2269 358 73 32 1897,

2018 415 39 27 At
2074 416 16 28 8
2107 414 102 28 o'clock.

1951 490 33 27 In
2003 493 54 27 Aid
2075 493 27 27 of
2119 493 166 26 Athenaeum.

1839 568 129 27 PRICES
2036 592 28 7 ...
2135 592 28 7 ...
2233 569 30 26 2s
2282 566 53 27 and
2355 566 28 26 Is

1989 644 252 30 NOTICE.

1845 718 50 54 A
1914 718 172 28 GENERAL
2114 714 164 31 MEETING
2303 713 24 26 of
2352 712 42 27 the

1932 756 97 28 Millers
2045 756 54 29 Flat
2119 755 102 28 Miners'
2238 751 156 29 Association

1846 784 48 35 will
1921 794 57 27 take
2005 794 69 35 place
2103 795 23 26 in
2159 792 91 29 Eadv's
2276 788 61 28 Hall
2362 797 30 17 on

1846 830 203 33 SATURDAY,
2075 833 40 27 the
2140 832 73 26 10th
2241 827 98 32 INST.,
2370 831 24 21 at

1846 870 13 26 7
1872 869 32 28 30
1919 879 66 26 p.m.,
2000 877 24 20 to
2038 870 94 29 discuss
2144 870 135 34 important
2292 870 102 23 matters

1846 909 24 24 in
1882 910 145 25 connection
2040 910 56 26 with
2109 908 87 26 Water
2206 903 188 31 Conservation,

1848 945 130 27 Wardens'
2005 947 151 26 Conference
2179 950 23 20 at
2227 941 169 34 Wellington,

1848 983 53 31 £c,
1915 984 40 25 ifcr.
1995 983 39 27 All
2050 985 124 25 Members
2187 981 47 27 and
2250 980 89 34 parties
2358 978 24 26 in-

1848 1021 106 27 terested
1966 1021 25 27 in
2008 1023 97 35 mining
2120 1018 128 40 requested
2264 1025 25 19 to
2302 1014 93 30 attend.

2065 1070 28 28 P.
2113 1070 28 27 C.
2161 1066 132 33 GRANT,

2226 1107 139 32 Secretary.

1850 1170 112 56 LEFT
1972 1171 24 27 in
2009 1171 41 26 The
2061 1170 80 27 Coach
2153 1179 30 17 on
2196 1167 122 28 .Saturdav
2325 1164 73 36 night

1931 1211 59 25 from
2006 1208 107 30 Eftrick,,
2126 1216 46 18 one
2187 1208 90 26 Brown
2297 1204 101 26 Wicker

1852 1248 99 31 Basket,
1966 1248 51 27 also
2119 1245 145 35 Travelling
2278 1243 61 34 Rug
2352 1248 46 22 and

1852 1285 83 26 White
1949 1284 91 27 Shawl.
2078 1286 84 25 Flease
2175 1289 84 19 return
2280 1287 24 19 to
2318 1280 80 27 Coach

1849 1321 74 27 Office
1937 1331 27 16 or
1979 1322 52 25 Mrs
2044 1321 166 38 Nicholson,
2227 1317 105 28 Rttrick.

3619 5731 49 21 You
3679 5731 52 21 have
3741 5731 70 21 ruined
3820 5738 52 21 your
3882 5733 132 23 •oustilu'ion
4026 5736 122 28 suffjciMUJy

3595 5758 25 22 bv
3633 5759 96 26 drinking
3743 5759 82 21 inferior
3841 5759 52 22 tea.'
4011 5764 23 23 by
4051 5764 103 23 tlru»kiu>\

3594 5787 48 25 only
3651 5787 64 19 Kozie
3726 5788 40 20 tea.
3794 5787 20 20 It
3823 5787 17 20 is
3847 5793 51 20 pure
3904 5794 24 14 au
3937 5790 5 19 1
3951 5791 75 19 rciiabu
4036 5787 4 28 .
4051 5803 7 3 -
4068 5794 65 21 Auvt.
4145 5794 9 11 *
