4240 5910
180 1201 157 53 Borough
364 1198 154 43 Council.

102 1302 23 19 T1
135 1308 11 13 p
155 1300 95 20 ordinalv
260 1299 89 20 TvMitiK
359 1296 21 19 of
390 1295 35 21 the
437 1293 91 26 Roiongh
545 1293 84 21 Council

77 1336 42 13 was
127 1328 49 21 Md
185 1329 22 18 at
216 1321 35 26 tbV
260 1326 50 20 f!oui
319 1324 24 20 ci?
359 1323 112 20 Chambers
484 1329 24 12 on
522 1320 107 26 Thursday

75 1357 49 22 (Inst
147 1355 72 21 week).
260 1353 102 20 Present-
372 1350 44 21 T'n-
442 1349 71 26 Mayor
530 1348 39 20 and
592 1347 37 21 Crs

75 1384 109 22 Kinastoo.
204 1382 86 24 Grover,
309 1377 118 27 M'Kenzi*,
442 1376 113 24 M'Mulhn,
567 1375 50 21 Cour-

74 1413 46 25 tier,
130 1419 25 13 an
164 1411 5 21 !
180 1410 87 21 Jefferv.

301 1438 105 17 MINUTES.

99 1467 43 20 Tlip
152 1466 89 20 mimics
250 1464 21 20 of
281 1463 35 20 the
379 1460 96 21 ordinarv
487 1458 92 27 meeting
588 1459 39 20 ami

74 1493 73 26 special
158 1499 38 14 me*
203 1492 43 20 tin?
258 1497 50 12 were
321 1489 46 19 read
378 1488 38 19 ami
427 1495 10 12 c
445 1486 91 21 »nfirme<l
554 1493 24 13 ou
594 1486 35 20 the

74 1522 77 21 nio'ion
161 1520 21 19 of
191 1520 37 19 Cm
237 1516 104 23 M'Mul'in
351 1515 39 20 and
405 1514 88 22 \l'Krt>z
495 1514 3 29 :
501 1520 18 15 c.

152 1551 144 17 application*
310 1549 42 16 kou
368 1546 177 17 right-of-way.

100 1575 32 20 Mr
150 1576 31 20 l)«i
190 1574 53 24 ziell,
261 1580 25 14 on
307 1571 69 21 telm'.f
394 1571 21 20 of
436 1570 32 20 Mr
488 1570 21 19 P.
526 1568 101 27 Ormoml,

71 1603 81 28 ?pp'ied
163 1603 31 19 for
207 1601 37 20 the
257 1605 125 16 reserva'mn
397 1599 21 19 o'
434 1598 34 20 the
482 1596 146 26 ri;jhfc-of-way

71 1639 24 12 on
115 1631 32 21 lii«
165 1628 79 29 ground
267 1627 66 22 leased
357 1630 21 16 to
404 1626 31 21 Mr
453 1625 19 21 G
500 1624 75 27 Spoon*
582 1631 44 14 r.—

70 1658 100 22 Granted.

333 1686 65 16 REIGN
414 1686 51 15 DAY.

94 1713 33 19 Mr
146 1711 84 25 HainP«,
249 1716 101 14 wre'srv
369 1716 10 11 a
396 1708 12 19 d
428 1713 105 14 rr-a*nrer
548 1706 21 19 of
589 1706 36 19 the

67 1740 83 21 Jubilee
168 1738 130 23 Celebration
318 1735 130 23 Committee,
471 1735 64 19 wrote
550 1733 79 24 s'atins

68 1771 47 18 that
133 1768 36 21 the
185 1774 45 14 sum
250 1766 21 20 <-f
291 1765 26 21 11)
337 1766 33 19 U»<
388 1763 40 21 hxl
447 1763 51 21 been
521 1761 64 21 raised
601 1761 27 26 by

67 1797 111 23 vo'untary
201 1794 142 23 su'nseriptuvi,
366 1791 40 21 and
429 1791 73 24 asking
530 1790 32 19 for

68 1822 84 26 subtly
162 1821 99 27 premised
272 1820 22 20 of
304 1820 15 20 £
329 1819 32 20 for
373 1818 92 21 K.-Tlie
483 1816 85 27 subsidy
588 1824 40 12 was

71 1850 62 21 voted
147 1848 149 23 unammotwlv.

188 1881 92 17 HUVKK.H
294 1879 42 17 BAT
353 1878 78 16 BELIEF
446 1877 66 16 FUND.

96 1907 43 19 The
148 1906 62 20 Town
220 1904 61 21 Oik
292 1902 47 21 read
349 1910 11 11 a
371 1902 61 19 l»tter
447 1901 21 19 of
486 1899 76 21 thanks
573 1898 52 21 from

71 1935 32 19 .Mr
113 1933 25 21 G.
150 1933 22 21 L.
186 1933 120 23 Deimwtun,
319 1931 47 19 lion.
377 1931 103 18 treasurer
495 1928 20 20 in
531 1926 95 21 Dunedin

61 1956 30 26 Cf
102 1963 36 19 th«
147 1961 64 19 :tl)Ove
221 1955 58 29 furnl,
292 1958 32 20 fur
339 1957 36 20 til*
391 1956 48 20 loc.il
457 1955 138 26 subscription
606 1958 21 17 to

71 1990 34 20 tile
115 1988 59 27 fund,
185 1987 121 25 amounting
316 1990 22 14 'o
353 1984 40 21 £lO
403 1984 22 20 8s
433 1983 35 21 Oil.

228 2020 75 16 WATER
315 2018 78 16 WORKS
407 2016 65 17 LOAN.

99 2047 14 20 A
126 2046 62 19 letter
195 2050 40 13 was
240 2043 47 20 r-ail
296 2042 52 20 from
360 2041 35 20 the
400 2038 92 23 Colonial
502 2038 123 26 Secretary's

153 2072 70 22 Hskins
233 2071 32 20 f»r
273 2069 77 22 certain
362 2068 120 22 particulars
493 2067 31 20 for
537 2066 78 24 publica-

70 2101 42 20 ?jon
124 2101 19 20 in
155 2100 36 19 the
233 2098 42 21 G«z
349 2096 49 20 with
410 2095 70 22 regard
492 2097 20 17 to
523 2094 36 19 the
571 2093 44 21 loin

70 2128 69 19 —Tli»
161 2126 56 21 cleik
239 2124 67 21 stated
335 2124 36 19 the
393 2125 84 23 request
505 2121 41 21 had
576 2121 50 20 been

68 2154 101 28 complied
180 2154 57 21 with.

203 2185 101 17 TEN'DRIIS
320 2184 41 15 FdK
375 2183 44 15 THE
433 2182 65 15 LOAN.

94 2210 44 20 The
156 2208 73 22 tender
247 2208 21 20 of
284 2207 40 20 .>frs
340 2206 104 20 M'Muliin
463 2205 27 20 to'
492 2202 3 28 -
517 2202 56 23 £liO
592 2202 34 22 for

68 2245 60 13 seven
143 2244 57 16 years
210 2243 39 14 w;is
260 2234 105 26 acoop'ed,
377 2234 35 19 Hie
423 2235 43 18 rate
476 2232 22 20 of
508 2232 87 19 interest
602 2232 23 18 to

66 2266 26 20 lie
101 2266 12 19 6
123 2272 37 20 per
169 2267 54 18 ceut.
252 2263 41 20 The
306 2263 29 19 Ist
344 2262 22 19 of
375 2260 120 21 Sei.te';>l>er
512 2265 39 13 was
569 2257 54 21 fixed

67 2301 22 11 ms
99 2293 36 19 the
145 2293 48 19 date
211 2291 21 21 of
244 2293 121 23 acceptance
382 2288 22 20 .<f
423 2288 34 19 the
477 2288 55 19 loan.
559 2286 66 19 There

68 2328 40 13 was
118 2327 39 13 one
167 2319 59 21 other
237 2317 78 21 tender.

275 2351 14 15 A
303 2347 120 19 DONATION.

92 2377 20 20 A
121 2375 41 26 gift
171 2374 22 21 of
206 2382 12 12 a
227 2374 38 26 bag
275 2373 21 21 of
305 2371 112 26 cocksfoot,
428 2369 77 22 offered
515 2368 27 26 by
555 2368 31 21 Mr
600 2366 21 22 J.

65 2403 24 20 C.
110 2402 85 20 Pennell
218 2404 21 16 to
262 2401 24 19 be
305 2406 55 13 sown
380 2399 22 19 in
420 2398 36 19 the
474 2403 86 17 reserve,
583 2402 40 11 was

65 2429 97 27 accepted
173 2427 48 21 with
233 2427 82 20 thanks.

226 2460 67 17 BATES
308 2459 24 17 IN
345 2457 110 18 ARREARS.

92 2486 18 21 A
120 2484 37 21 list
165 2484 22 21 of
200 2486 117 23 ratepayers
328 2483 44 19 who
387 2488 52 13 were
454 2480 19 20 in
490 2485 77 15 arrears
583 2483 41 14 was

61 2513 59 25 read,
131 2512 40 21 and
186 2511 36 21 the
232 2511 55 21 clerk
296 2508 115 23 instructed
422 2512 21 16 to
455 2507 73 25 chaige
540 2508 35 18 ten
586 2511 37 19 per

64 2544 63 22 cent.,
139 2547 21 12 as
172 2538 98 27 provided
280 2538 26 25 by
315 2538 76 20 section
402 2536 26 20 60
437 2535 22 20 of
494 2535 42 19 The
547 2533 77 24 Rating

63 2570 50 24 Act,
205 2573 25 13 on
240 2565 28 20 all
279 2565 76 26 unpaid
375 2565 54 19 rates
446 2562 52 20 from
515 2561 42 20 this
568 2559 55 25 date,

60 2596 43 22 •and
113 2598 22 18 to
146 2594 48 22 take
203 2596 56 21 steps
270 2596 21 18 to
300 2598 82 15 recover
392 2591 65 21 them.

88 2624 50 20 This
145 2622 113 22 concluded
269 2621 35 21 the
314 2620 98 21 business.

148 2697 50 45 St.
231 2696 127 45 James'
386 2694 147 44 Church.

80 2782 158 33 annual
258 2776 346 32 congregational

254 2817 176 29 MEETING.

96 2899 56 26 The
164 2897 97 27 annu-d
283 2895 119 31 meeting
414 2892 28 26 of
453 2892 48 26 the
513 2899 92 19 congre-

60 2937 92 33 gation
174 2935 27 25 of
225 2935 47 26 the
296 2932 114 31 English
435 2928 107 28 Chnrcli
565 2937 53 16 was

136 2982 34 16 on
183 2972 108 33 Sunday
303 2969 115 32 evening
427 2966 71 26 after
510 2965 108 28 service,

59 3010 49 27 the
118 3010 72 26 vicar
199 2999 82 44 (Kev.*
287 3008 28 24 A.
323 3004 140 33 Edwards)
472 3001 146 37 presiding.

285 3050 111 21 minutes

98 3085 45 26 Mr
158 3085 23 25 F.
197 3084 102 29 Jeffery
315 3078 156 38 (secretary)
493 3078 62 26 read
575 3077 46 26 the

63 3124 117 25 miuntes
190 3122 28 25 of
399 3116 124 32 meeting,
533 3114 88 26 which

65 3169 69 18 were
146 3158 147 28 confirmed.

240 3198 215 25 UALANCK-SHRKT.

99 3235 56 26 The
167 3232 204 29 balance-sheet,
383 3228 139 36 presented
533 3229 36 33 by
579 3227 30 25 Mi-

68 3274 107 28 llaines,
190 3274 139 23 treasurer,
343 3266 107 27 showed
463 3276 15 15 a
499 3264 110 28 satisfae

65 3315 60 31 tory
138 3309 87 28 credit
237 3307 116 26 balance.

324 3350 30 18 OF
373 3349 109 18 THANKS.

101 3385 46 26 Mr
160 3384 102 26 Haines
275 3381 64 26 road
352 3389 14 16 a
385 3379 80 26 letter
483 3378 67 25 from
574 3377 46 25 Dr.

66 3423 112 31 Newell,
200 3420 28 27 of
249 3420 47 26 the
319 3418 140 27 Lawrence
487 3414 134 35 Hospital,

65 3461 134 33 thanking
234 3460 45 24 the
314 3456 189 32 congregation
541 3454 38 24 lor
609 3463 15 16 a

66 3498 127 27 donation
206 3496 27 25 of
244 3495 39 26 £4
295 3494 44 25 13s
350 3492 41 28 6d,
403 3495 27 21 to
441 3490 45 25 the
499 3489 125 32 Indigent

65 3534 130 28 Patients'
211 3532 82 29 Fund,
315 3530 80 33 being
413 3527 46 26 the
472 3530 110 23 amount
595 3526 30 25 of

65 3574 47 26 the
125 3570 147 28 offertories
294 3570 26 23 at
342 3567 46 25 the
412 3565 138 24 afternoon
570 3563 53 26 and

64 3610 117 35 evening
193 3607 114 29 services
320 3615 33 16 on
367 3603 45 27 the
425 3601 65 28 20th
508 3601 46 26 ult.

241 3651 50 20 COM
296 3650 57 19 PLIM
359 3647 96 20 EXTAKT

100 3686 84 25 Votes
213 3683 27 26 of
270 3680 99 27 thanks
401 3686 67 17 were
499 3677 127 27 accorded

66 3721 188 33 unanimously
268 3722 27 23 to
308 3718 45 26 the
367 3718 38 24 la\
425 3715 113 29 readers,
559 3714 50 26 Sun-

65 3763 55 25 dav
133 3758 86 28 school
244 3756 127 27 teachers,
394 3753 81 27 choir,
498 3752 127 33 organist,

67 3796 93 30 ladies'
170 3796 84 35 guild,
265 3794 53 27 and
327 3793 45 25 the
385 3790 83 27 ladies
480 3789 58 26 who
551 3790 74 26 clean

66 3839 48 22 out
127 3835 46 24 the
183 3833 106 26 church.

278 3874 144 20 ELECTIONS.

101 3910 55 24 The
181 3907 96 25 annual
303 3904 125 27 elections
459 3903 119 25 resulted
597 3912 28 15 as

66 3948 98 26 follow:
166 3942 140 28 —Church
320 3940 113 31 warden,
447 3939 79 26 MrT.
539 3938 86 36 Coop;

66 3981 186 36 parishioners'
267 3978 161 27 warden,Mr
442 3976 97 27 Haines
552 3988 5 16 :
573 3986 43 16 ves

66 4024 113 23 tivmen.
195 4017 97 26 Messrs
304 4015 107 35 Cooper,
423 4014 99 27 Peters,
539 4013 69 25 Whit-

66 4059 55 31 ing,
146 4057 106 28 Burton,
276 4053 108 35 Jeffery,
410 4051 76 31 Nott,
512 4050 53 27 and
587 4050 39 25 Dr

70 4095 108 26 Muliin.

108 4134 17 24 A
149 4133 61 24 vote
232 4129 27 26 of
281 4127 98 28 thanks
402 4129 27 24 to
442 4127 45 26 the
501 4126 73 26 vicar
586 4125 42 26 for

69 4170 137 34 presiding
226 4166 117 33 brought
365 4166 45 25 the
432 4165 118 32 meeting
568 4168 27 21 to
614 4173 14 15 a

69 4207 78 25 close.

71 4280 164 42 Brisbane
274 4279 90 40 Fruit
400 4275 224 43 Conference.

154 4366 109 28 PAPERS
280 4365 35 22 BV
331 4364 64 22 NEW
410 4361 136 24 ZEALAND

272 4403 169 22 DELEGATES.

74 4470 20 21 A
108 4467 95 22 GREAT
213 4464 188 24 COMPLIMENT
409 4463 36 22 TO
456 4463 57 21 THE
528 4461 24 25 T.
569 4461 61 22 AND

184 4508 27 20 A.
227 4504 232 24 FRUITGROWERS'
473 4503 43 21 CO.

112 4571 82 29 From
221 4568 47 29 the
324 4566 134 29 Brisbane
485 4564 114 31 Courier

74 4623 40 18 we
128 4615 82 34 quote
224 4609 46 28 the
283 4607 144 30 following
436 4612 93 30 report
537 4606 30 26 of
580 4606 47 26 the

233 4653 28 22 at
293 4648 47 26 the
375 4646 136 27 Brisbane
549 4644 80 28 Fruit

71 4691 173 29 -Conference
270 4686 99 34 (which
392 4684 108 39 opened
522 4695 34 17 on
582 4684 47 27 the

75 4732 65 28 19t.h
155 4730 51 35 ult)
219 4728 29 27 of
258 4728 115 26 interest
384 4729 27 23 to
425 4725 66 27 New
504 4722 119 29 Zealand

71 4780 133 30 growers.
245 4769 37 27 At
308 4767 47 28 the
380 4775 75 19 same
484 4763 102 30 session
614 4773 15 17 a

70 4811 131 30 valuable
221 4818 86 28 paper
325 4817 54 18 was
402 4805 65 29 read
494 4805 54 27 and
573 4804 42 28 dis-

73 4851 99 30 cussed
186 4860 34 17 on
258 4848 118 36 Storage
390 4846 29 27 of

72 4909 197 27 CO-OPERATION
289 4909 28 19 IN
330 4907 53 19 THE
397 4906 77 20 FRUIT
487 4905 143 19 INDUSTRY.

111 4945 47 30 Mr
183 4942 73 29 Kirk
289 4940 79 33 (New
403 4938 132 31 Zealand)
567 4947 46 27 pre-

74 4984 99 32 sented
187 4995 17 18 a
213 4992 87 29 paper
312 4981 38 37 by
366 4980 44 28 Mr
427 4982 31 25 A.
473 4977 105 36 Lorrie,
601 4977 31 28 of

75 5027 71 28 New
159 5023 130 33 Zealand,
303 5022 55 27 late
375 5019 109 36 general
501 5029 131 20 manager

76 5067 30 29 of
120 5067 47 28 the
180 5063 98 30 Teviot
290 5061 55 28 and
360 5059 158 30 Alexandra
541 5058 75 29 Fruit-

78 5105 132 40 growers'
232 5105 151 33 Company,
397 5112 33 16 on
481 5100 133 38 Co-opera-

80 5149 58 27 tion
162 5147 27 27 in
216 5145 47 27 the
291 5142 75 29 Fruit
590 5140 42 27 He

77 5185 149 40 explained
241 5185 60 27 that
315 5183 47 28 the
383 5192 84 26 paper
488 5181 52 28 had
560 5181 69 27 been

77 5227 66 33 read
154 5231 28 24 at
192 5226 46 28 the
251 5225 67 28 New
351 5216 95 35 eaiand
463 5221 169 30 Conference

79 5269 52 29 and
148 5272 49 34 put
213 5267 57 27 info
284 5263 84 39 print,
381 5263 53 28 and
444 5263 83 28 there
546 5273 58 17 was
618 5272 14 17 a

78 5309 77 30 fresh
167 5305 187 31 introduction
376 5308 27 23 to
416 5303 30 29 it.

118 5350 26 28 It
159 5359 55 17 was
229 5345 113 30 decided
364 5347 60 26 that
434 5344 64 36 only
514 5344 46 28 the
573 5354 59 17 new

80 5387 185 33 introduction
281 5385 146 28 should'be
437 5384 73 29 read.
551 5384 79 28 From

80 5432 57 28 thi*
150 5440 42 18 we
204 5427 65 30 take
283 5427 46 27 the
345 5425 159 34 following-?

116 5471 41 28 To
168 5478 121 22 growers
303 5465 60 29 who
385 5465 182 38 contemplate
589 5473 44 19 co-,

81 5510 153 41 operation,
257 5508 12 28 I
291 5510 100 25 cannot,
411 5511 116 30 suggest
551 5505 81 29 much

81 5550 110 34 beyond
218 5550 60 28 that
298 5547 143 29 contained
460 5547 26 27 in
513 5557 45 26 my
576 5546 57 28 'last

81 5601 96 31 pap«r,
197 5589 108 28 further
327 5588 64 26 than
414 5591 29 23 to
462 5586 115 33 impress
598 5595 35 17 on

81 5635 75 28 tliem
172 5630 47 29 the
233 5626 134 39 necessity
382 5626 42 28 for
436 5626 116 38 implicit
568 5635 48 19 con-

80 5675 109 29 tinence
208 5672 27 27 iti
259 5668 73 30 their
357 5667 110 38 general
494 5676 138 28 manager,

81 5715 72 34 who,
167 5717 27 24 to
209 5712 34 27 be
265 5721 15 17 a
294 5717 122 25 success,,
433 5710 74 25 must
528 5706 36 29 bo
586 5706 47 28 the

79 5765 68 25 very
161 5754 127 29 smartest
304 5748 125 30 business
442 5758 63 18 man
518 5757 97 29 procur-

76 5797 74 38 able.
191 5794 13 28 1
219 5792 80 30 think
313 5790 15 28 I
338 5800 43 18 am
391 5788 95 30 within
496 5788 46 29 the
553 5786 79 30 mark

653 208 5 49 j
670 208 79 31 when
763 209 99 39 saying
876 208 59 30 that
949 212 27 27 to
998 209 47 30 the
1068 208 156 40 incapacity

652 247 4 42 j
668 253 29 27 of
712 251 70 28 their
796 262 143 26 managers
949 251 47 29 the
1018 251 98 28 failure
1130 251 92 38 (when

651 291 4 42 j
667 292 66 29 such
766 291 49 29 has
846 295 142 33 occurred)
1011 293 30 27 of
1059 302 83 25 every
1175 302 30 18 co-

650 326 4 45 j
665 332 141 39 operative
841 342 136 28 company
1015 334 23 26 is
1077 332 143 38 distinctly

649 372 3 39 !
666 372 147 35 traceable,
827 373 54 28 and
895 378 47 33 yet
959 373 10 28 [
992 372 157 39 frequently
1172 382 46 19 see

649 413 2 37 !
665 414 66 29 such
742 413 171 29 institutions
923 414 116 36 offering
1051 425 15 16 a
1076 424 124 17 remuner-

648 453 2 37 i
663 455 73 28 ation
754 453 87 29 which
856 464 33 18 no
905 464 61 17 man
989 455 29 27 of
1041 464 53 26 any
1117 453 97 37 ability

648 493 2 39 |
665 495 87 28 would
770 498 106 34 accept.
916 495 33 27 In
972 493 162 30 connection
1149 493 64 28 with

647 533 2 39 j
665 536 62 34 this,
743 535 13 27 I
771 545 61 27 may
848 545 47 25 say
909 535 59 28 that
984 534 90 27 whilst
1088 533 127 38 previous

647 574 2 45 j
665 575 162 38 knowledge
843 576 29 28 of
884 577 47 28 the
953 575 69 28 fruit
1043 574 126 29 business
1192 574 23 27 is

647 609 2 43 !
662 617 132 35 certainly
808 627 34 16 an
857 617 165 34 advantage,
1041 616 21 25 ir.
1076 615 22 26 is
1123 615 35 34 by
1179 624 35 17 no
1223 609 1 43 I

647 653 1 35 i
662 667 94 17 means
766 665 30 18 so
804 656 127 27 essential
944 665 29 17 as
983 665 15 16 a
1009 655 65 26 keen
1088 653 126 28 business
1223 653 1 35 j

647 692 1 38 ,
661 697 121 33 training
795 696 53 27 and
863 706 32 16 an
919 693 160 28 undoubted
1104 698 109 32 reputa-
1223 692 1 38 j

662 735 54 28 tion
733 736 43 27 for
797 735 134 32 firmness,
954 737 184 34 promptness,
1159 732 52 28 and

647 773 1 49 j
661 777 118 35 probitv.
831 773 163 39 Opposition
1034 774 71 27 from
1145 773 66 28 both
1223 773 1 49 ,

659 827 121 23 growers
793 816 51 27 and
863 816 98 27 buvers
977 815 46 26 has
1039 820 26 19 to
1083 814 32 26 be
1138 813 75 28 dealt
1223 813 1 37 s

647 854 1 40 |
661 857 65 28 with
740 856 72 36 daily
825 867 6 23 ;
852 856 53 27 and
919 854 65 36 only
999 865 16 16 a
1027 859 99 29 strong
1139 854 58 27 busi-

647 894 1 37 !
661 908 60 18 ik'ss
737 907 59 18 man
812 906 48 19 can
876 895 34 29 do
934 895 54 28 this
1011 894 179 37 successfully
1204 905 7 23 ;
1223 894 1 37 ,

658 937 206 38 consequently,
879 942 28 23 to
923 937 76 29 place
1018 937 47 26 the
1089 935 71 28 reins
1183 936 30 26 <>f

659 986 98 27 respon
766 977 96 27 iibilitv
875 977 24 25 in
912 976 45 27 the
970 975 88 27 hands
1069 975 29 26 of
1108 986 16 14 a
1137 975 74 26 weak

658 1026 97 28 person
776 1017 23 27 is
828 1015 64 30 onlv
924 1023 29 20 to
985 1019 79 24 court
1086 1014 126 28 disaster,
1223 1014 1 41 j

660 1057 125 28 Growers
800 1063 73 22 must
883 1056 168 29 understand
1066 1056 69 34 that,
1148 1055 65 28 hav-
1223 1053 1 42 |

659 1097 49 35 ing
721 1098 147 36 appointed
884 1108 16 17 a
914 1107 139 26 manager,
1073 1097 72 26 their
1157 1096 57 28 sole
1223 1096 1 38 i

647 1134 1 41 |
659 1137 67 38 duty
743 1137 46 28 lies
804 1139 25 26 in
848 1137 126 38 growing
996 1138 47 27 the
1066 1135 68 30 fruit
1159 1135 52 28 and
1223 1134 1 41 !

647 1176 1 33 I
660 1178 129 31 carrying
801 1183 48 23 out
864 1179 41 27 his
928 1177 188 32 suggestions.
1156 1176 58 29 The
1223 1176 1 33 I

719 1210 5 5 •
769 1204 16 12 O
962 1205 16 9 o

647 1217 1 42 |
660 1219 119 29 director
795 1242 7 13 ,
818 1225 56 29 too,
889 1226 74 21 must
976 1217 143 40 recognise
1142 1217 70 34 that,
1223 1217 1 42 |

647 1258 1 51 j
662 1260 83 34 being
768 1271 130 24 growers,
928 1259 54 29 and
1015 1258 196 37 consequently
1223 1258 1 51 j

647 1297 1 40 !
660 1304 49 24 not
721 1300 126 28 business
862 1310 71 24 men,
950 1300 65 35 they
1030 1299 69 27 have
1113 1297 98 37 simply
1223 1297 1 40 j

647 1335 1 46 j
660 1345 28 23 to
702 1351 45 17 see
761 1340 60 28 that
834 1340 47 28 the
893 1349 144 28 managers
1058 1337 87 28 bocks
1167 1349 45 16 are
1223 1335 1 46 ;

647 1377 1 43 j
659 1380 131 39 carefully
805 1380 67 39 kept
885 1380 55 29 and
953 1379 123 34 audited,
1096 1379 59 27 tint
1177 1377 34 29 all
1223 1377 1 43 <

647 1419 1 41 |
662 1433 111 23 moneys
787 1433 45 16 aie
852 1422 126 38 properly
993 1419 151 30 accounted
1161 1419 50 35 for,
1223 1419 1 41 ;

647 1459 1 45 j
659 1462 53 28 and
728 1463 60 28 that
806 1471 120 26 growers
941 1461 76 29 work
1031 1460 100 38 loyally
1149 1459 62 27 with

660 1502 71 29 their
746 1513 151 27 managers.
940 1502 11 27 I
968 1502 76 33 have,
1067 1500 28 28 of
1109 1510 103 25 course,
1223 1500 1 40 ,

647 1535 1 43 j
659 1544 126 28 assumed
802 1544 58 27 that
876 1544 44 28 the
946 1541 110 36 general
1083 1550 131 25 manager
1223 1535 1 43 ;

647 1581 1 41 i
660 1582 57 30 also
729 1584 79 28 holds
822 1584 45 28 the
881 1583 118 37 position
1014 1583 29 27 of
1055 1586 94 31 agent,
1164 1581 49 27 but
1223 1581 1 41 j

662 1624 10 28 1
688 1634 62 27 may
764 1636 47 26 say
829 1624 59 28 that
902 1624 55 28 this
970 1623 23 29 is
1008 1623 36 37 by
1065 1633 35 17 no
1119 1631 93 19 means
1223 1623 1 39 ;

647 1662 1 40 '
659 1676 15 15 a
689 1666 134 36 necessity
837 1677 5 5 •
863 1665 108 32 indeed,
982 1664 76 27 when
1070 1664 44 26 the
1126 1662 71 28 direc-

660 1709 55 22 tors
742 1710 100 22 cannot
874 1704 157 38 frequently
1063 1713 45 16 see
1140 1702 73 28 their
1223 1702 1 40 j

658 1753 84 25 agent
758 1747 11 28 I
786 1745 79 30 think
880 1746 21 28 it
923 1742 151 42 preferable
1096 1742 58 29 that,
1166 1743 45 29 the
1223 1742 1 42 '

660 1787 116 37 position
794 1787 97 27 should
907 1787 33 27 be
960 1791 133 31 separate,
1115 1794 28 17 as
1165 1785 46 27 the
1223 1785 1 39 ;

660 1837 130 25 manager
805 1827 88 27 would
910 1827 64 27 then
987 1826 33 26 be
1033 1836 15 16 a
1069 1823 85 29 check
1176 1834 34 17 on
1223 1823 1 39 !

660 1867 45 28 the
717 1875 96 24 agent.
854 1867 115 32 Putting
991 1866 46 28 the
1060 1870 101 23 matter
1184 1866 25 27 in
1223 1864 1 35 !

657 1919 15 16 a
682 1908 117 27 nutshell
815 1919 5 16 :
843 1908 27 27 If
881 1908 185 36 co-operation
1079 1906 22 26 is
1113 1913 27 21 to
1150 1916 61 18 sue-
1223 1906 1 38 i

656 1949 76 31 ceed,
765 1948 22 28 it
819 1951 21 26 is
873 1948 159 36 imperative
1065 1946 59 28 that
1164 1947 46 28 the
1223 1946 1 38 !

657 1989 110 39 general
783 2000 133 24 manager
929 1989 47 28 has
997 1986 124 30 absolute
1145 1998 64 18 con-
1223 1986 1 42 I

657 2030 61 29 trol.
759 2031 36 28 Of
811 2041 96 18 course
919 2040 121 28 growers
1050 2029 35 28 do
1096 2033 47 24 not
1155 2029 55 28 like
1223 2029 1 39 i

657 2077 27 21 to
700 2071 34 27 be
749 2071 56 28 told
822 2071 64 37 they
909 2071 67 28 have
987 2081 34 16 no
1032 2069 124 38 capacity
1169 2069 41 28 for

657 2111 134 35 business,
806 2113 49 26 but
880 2111 68 28 until
972 2111 64 36 they
1060 2111 145 36 recognise
1222 2108 2 44 j

657 2152 63 35 this,
731 2152 54 28 and
799 2162 45 18 are
858 2156 113 25 content
982 2156 47 23 not
1039 2156 26 22 to
1078 2150 130 28 interfere
1222 2150 2 37 j

657 2193 64 27 with
731 2193 71 29 their
811 2192 110 39 general
933 2201 138 27 manager,
1081 2191 63 37 they
1154 2190 52 29 had

656 2233 90 28 better
764 2240 49 22 not
826 2238 118 33 attempt
957 2231 197 38 co-operation.
1195 2232 13 27 I

656 2273 68 28 have
738 2284 63 18 seen
818 2274 20 28 it
861 2273 153 38 attempted
1041 2272 166 38 frequently,

655 2313 48 28 but
718 2324 84 18 never
823 2325 16 16 a
859 2324 108 18 success
990 2313 65 28 with
1077 2322 131 27 growers,

655 2355 64 27 with
746 2355 46 29 the
818 2355 146 38 exception
990 2354 30 28 of
1042 2354 46 28 the
1112 2353 96 30 Teviot

654 2394 77 28 Fruit
746 2395 153 37 Company,
912 2395 54 27 and
982 2395 62 26 here
1059 2404 39 17 we
1109 2395 99 26 should

653 2433 133 40 certainly
808 2435 69 29 have
903 2444 77 20 come
1002 2438 27 24 to
1055 2433 73 38 grief
1154 2433 54 30 had

654 2486 120 24 growers
788 2476 68 28 been
881 2475 114 29 allowed
1016 2479 30 24 to
1067 2475 140 29 interfere.

655 2515 12 28 I
681 2515 101 36 always
796 2516 80 29 acted
890 2516 116 37 entirely
1020 2526 35 18 on
1077 2527 45 25 my
1145 2527 62 17 own

649 2556 159 38 judgment,
822 2557 87 38 being
928 2557 77 39 quite
1025 2556 70 28 alive
1109 2560 28 24 to
1159 2557 47 27 the

654 2596 56 30 fact
724 2598 60 28 that
797 2598 99 29 failure
910 2598 90 29 would
1024 2597 34 28 be
1079 2596 127 30 followed
1220 2596 2 32 ;

653 2638 36 37 by
704 2638 53 28 loss
771 2638 30 28 of
813 2638 87 29 office.
942 2642 48 31 As,
1011 2638 135 34 however,
1169 2648 37 18 we
1220 2638 2 37 I

654 2689 68 17 were
736 2678 101 38 always
851 2678 160 35 successful,
1025 2678 12 28 I
1049 2678 85 28 found
1146 2679 60 27 that

651 2718 133 40 growers'
811 2718 71 31 little
905 2718 124 31 troubles
1056 2729 69 18 were
1149 2718 42 30 for-

652 2765 97 32 gotten
766 2761 35 36 by
825 2762 47 26 the
891 2762 66 26 time
982 2760 29 28 of
1036 2760 47 28 the
1105 2760 101 28 annual

651 2800 145 35 meetings,
811 2801 52 28 and
880 2802 15 27 I
907 2811 43 17 am
974 2811 63 18 sure
1056 2800 61 28 that
1137 2810 67 18 even

651 2840 47 29 the
719 2846 125 32 greatest
876 2842 104 27 talkers
1011 2844 131 34 amongst
1175 2853 31 18 us

649 2882 164 36 recognised
833 2882 22 28 it
878 2892 55 19 was
948 2882 60 38 just
1083 2881 60 29 well
1170 2896 35 17 no

649 2922 137 29 attention
809 2922 54 29 had
887 2922 69 30 been
979 2922 64 38 paid
1067 2926 28 24 to
1119 2923 85 32 thetn.

648 2962 196 28 Troublesome
872 2963 106 28 fellows
1001 2963 77 27 there
1102 2962 103 36 always
1218 2962 2 38 j

651 3002 52 28 will
714 3003 35 28 be
757 3002 26 29 in
795 3013 82 29 every
888 3004 180 37 community,
1077 3004 51 27 but
1137 3005 68 30 such
1218 2998 2 44 I

650 3054 50 17 can
717 3044 33 27 be
763 3044 155 38 effectively
933 3044 120 29 silenced
1069 3045 36 37 by
1123 3056 16 18 a
1154 3047 33 38 by-

651 3084 51 28 law
715 3085 168 37 compelling
896 3086 76 28 them
987 3091 28 24 to
1036 3085 113 31 address
1170 3087 34 29 all

651 3124 164 38 complaints
844 3129 28 24 to
895 3126 48 28 the
975 3126 143 36 directors,
1150 3128 53 28 and

651 3164 169 40 instructing
833 3165 46 29 the
901 3176 131 25 manager
1053 3172 28 24 to
1108 3167 96 30 attend

651 3205 64 37 only
738 3211 28 23 to
791 3207 237 37 correspondence
1051 3208 71 29 from
1145 3210 61 27 that

653 3246 81 36 body.
775 3246 90 29 When
898 3247 111 29 chronic
1048 3250 158 35 grumblers
1220 3246 2 40 j

653 3285 81 30 know
756 3287 61 28 that
842 3287 72 29 their
938 3289 131 28 effusions
1092 3290 53 28 will
1172 3291 34 27 be
1220 3279 2 48 j

653 3326 137 29 discussed
808 3327 36 38 by
858 3328 71 29 their
949 3329 169 38 neighbours
1140 3331 66 36 they
1220 3326 2 41 |

652 3378 44 17 are
705 3368 151 37 extremely
867 3369 102 28 careful
981 3380 29 17 as
1021 3375 27 22 to
1058 3371 73 27 what
1142 3371 65 36 they
1220 3361 3 46 j

652 3417 57 28 say,
743 3408 120 29 whereas
885 3409 22 28 if
932 3409 67 38 they
1025 3410 80 28 could
1130 3411 78 28 write
1221 3407 2 40 |

653 3449 86 29 direct
752 3455 28 22 to
805 3450 47 28 the
875 3461 132 28 manager
1029 3451 64 36 they
1117 3452 89 28 would
1222 3449 1 40 !

653 3499 80 18 cause
757 3489 57 28 him
836 3490 109 28 endless
970 3501 98 23 worry.
1109 3491 99 34 Given,
1222 3489 2 36 1

655 3529 134 35 however,
813 3529 98 29 honest
936 3530 211 29 determination
1174 3542 33 17 on
1223 3529 1 35 ,

655 3569 47 28 the
715 3574 61 32 part
789 3570 29 27 of
832 3579 121 29 growers
976 3573 28 24 to
1028 3571 34 28 be
1084 3570 72 39 loyal
1180 3574 28 25 to
1223 3569 1 40 j

656 3621 51 18 one
719 3610 124 35 another,
855 3609 54 30 and
925 3616 27 23 to
974 3611 72 28 their
1069 3623 140 26 manager,
1223 3609 1 40 j

656 3650 63 34 and,
733 3651 88 28 above
834 3651 44 33 all,
893 3651 46 28 the
962 3652 192 37 appointment
1181 3654 29 28 of
1223 3647 1 46 j

656 3703 15 15 a
685 3691 117 28 suitable
816 3701 62 18 man
893 3696 28 23 to
935 3692 55 28 this
1010 3692 129 38 position,
1164 3703 42 17 co-
1223 3691 1 39 |

656 3732 140 37 operation
830 3732 23 28 is
880 3732 92 28 bound
998 3737 29 23 to
1053 3732 156 39 materially
1223 3732 1 41 j

658 3772 89 28 better
770 3772 46 29 the
841 3772 118 38 position
985 3773 30 29 of
1041 3784 80 18 everv
1146 3784 47 27 pro-

656 3813 92 29 ducer.
788 3812 182 37 Concluding,
985 3814 13 28 I
1013 3825 50 17 can
1083 3814 63 36 only
1161 3825 48 21 say

656 3854 59 26 that
755 3853 115 27 without
908 3863 32 18 co
954 3870 10 5 -
978 3853 141 32 operation
1159 3853 49 28 full

658 3894 106 27 market
778 3893 78 28 value
876 3893 43 27 for
941 3894 121 37 produce
1083 3894 21 26 is
1127 3905 83 16 never
1223 3890 1 41 I

654 3933 174 36 obtainable;
844 3933 65 27 with
921 3933 153 39 it,growers
1088 3934 120 33 become,
1223 3933 1 40 j

655 3985 29 16 as
699 3975 63 36 they
782 3974 108 33 should,
913 3979 114 23 masters
1048 3974 109 28 instead
1182 3974 29 28 of
1223 3974 1 37 !

656 4018 124 25 servants
791 4014 27 27 in
833 4014 46 28 the
895 4013 116 29 market.

696 4068 44 29 Mr
759 4068 71 28 Kirk
858 4067 56 27 said
930 4067 60 28 that
1011 4067 47 29 the
1079 4067 87 29 whole
1183 4068 29 28 of
1223 4067 1 36 j

657 4110 46 28 the
729 4108 98 29 details
850 4108 29 27 of
904 4108 46 28 the
964 4108 126 28 business
1117 4108 28 28 of
1162 4109 48 28 the

658 4160 133 27 company
799 4158 53 18 was
863 4148 119 29 referred
992 4155 26 21 to
1030 4149 25 28 in
1068 4149 47 29 the
1126 4160 86 27 paper

647 4185 1 41 I
658 4189 145 37 originally
839 4188 64 28 read
927 4188 27 28 in
983 4188 65 28 New
1080 4188 130 30 Zealand.

647 4225 1 54 |
662 4231 43 29 Mr
719 4230 35 29 H.
772 4229 142 36 Bloxham,
929 4228 60 29 who
1003 4228 149 30 succeeded
1164 4229 48 30 Mr

647 4270 1 37 i
662 4272 92 28 Lorrie
767 4271 27 27 in
809 4271 46 27 the
868 4280 145 27 company,
1027 4270 127 28 followed
1165 4271 46 27 the

647 4303 1 51 J
659 4310 160 40 company's
844 4310 156 38 operations
1026 4320 36 27 up
1077 4310 69 28 from
1166 4310 46 28 the
1223 4303 1 51 |

647 4350 1 41 |
661 4355 64 27 time
750 4352 30 28 of
804 4351 40 29 his
867 4350 99 37 taking
990 4350 87 37 office,
1100 4350 56 30 and
1180 4352 33 28 he

647 4387 1 46 j
660 4392 152 31 submitted
827 4394 45 26 Mr
885 4387 159 33 Bloxham\s
1056 4402 92 26 paper,

698 4450 57 29 The
775 4458 87 30 paper
874 4447 63 29 read
957 4448 36 37 by
1005 4447 44 28 Mr
1070 4446 141 40 Campbell
1223 4446 1 42 j

661 4503 71 26 gave
750 4491 46 28 the
820 4497 159 28 agreement
1001 4488 54 28 and
1069 4489 91 28 duties
1185 4490 30 27 of

662 4533 46 28 the
733 4540 132 29 manager
887 4528 29 29 of
930 4529 45 28 the
990 4538 145 29 company,
1159 4528 53 28 and

660 4573 116 29 said:—

726 4620 92 27 Never
840 4618 27 26 in
890 4617 47 27 the
957 4617 108 36 history
1091 4617 28 26 of
1147 4616 68 28 fruit
1223 4616 1 39 j

660 4660 106 28 culture
793 4659 26 27 in
846 4656 55 29 this
924 4656 108 28 district
1063 4657 69 27 have
1168 4657 46 28 the

660 4700 170 36 advantages
842 4698 30 26 of
885 4697 188 37 co-operation
1088 4697 68 28 been
1184 4708 29 16 so
1223 4697 1 39 j

662 4738 121 30 marked.
823 4737 66 27 This
916 4746 62 27 may
1006 4737 32 27 be
1060 4737 151 28 accounted
1223 4737 1 36 I

660 4780 44 29 for
728 4779 26 29 in
769 4788 75 20 some
859 4787 123 19 measure
996 4776 36 39 by
1046 4777 47 29 the
1114 4776 97 40 partial
1223 4776 1 40 ;

660 4820 97 28 failure
790 4819 28 27 of
845 4818 46 27 the
912 4818 104 36 apricot
1048 4818 54 28 and
1138 4818 74 37 plum
1223 4818 1 37 ;

661 4870 79 26 crops
742 4858 85 28 —the
849 4858 70 26 frost
945 4857 117 38 nipping
1072 4858 47 28 the
1138 4857 75 36 early
1223 4857 1 39 !

662 4901 66 28 fruit
754 4898 54 30 and
823 4898 46 28 the
883 4896 76 29 birds
980 4896 162 40 destroying
1167 4898 47 28 the
1223 4894 1 42 j

647 4937 1 46 J
661 4952 95 28 young
764 4940 69 29 fruit
842 4949 28 17 as
887 4948 65 18 soon
964 4948 28 18 as
1001 4939 22 27 it
1033 4949 53 17 w*s
1096 4938 116 30 formed,
1223 4937 1 46 j

647 4974 1 44 !
666 4983 51 28 But
732 4978 249 33 notwithstanding
994 4979 46 29 the
1054 4980 117 36 scarcity
1185 4980 26 27 in
1223 4974 1 44 j

662 5033 74 18 some
747 5026 76 35 parts
836 5020 29 28 of
879 5018 67 29 New
956 5018 127 37 Zealand,
1097 5020 12 27 I
1120 5020 34 27 do
1166 5023 49 24 not

647 5059 1 46 |
663 5063 115 29 hesitate
789 5066 32 25 to
835 5070 58 28 say,
907 5059 54 29 and
976 5060 51 27 feel
1053 5070 63 18 sure
1131 5070 82 26 every
1223 5059 1 46 j

663 5104 122 29 member
810 5103 29 27 of
851 5103 45 26 the
923 5110 134 28 ennpany
1073 5100 51 28 will
1151 5100 63 38 give

662 5145 103 28 similar
778 5142 159 36 testimony,
952 5140 59 27 tint
1025 5141 120 35 through
1168 5150 30 18 co-

647 5181 1 42 !
662 5184 140 39 operation
820 5183 64 35 they
896 5182 68 26 have
978 5181 129 28 obtained
1126 5182 91 26 better

647 5220 1 44 |
663 5227 86 37 prices
764 5225 36 37 by
816 5224 14 28 2
841 5234 8 17 )
870 5226 28 25 to
913 5221 34 29 30
963 5230 48 28 per
1024 5227 72 23 cent.
1137 5220 80 29 Prior

647 5262 1 37 I
663 5275 27 20 to
717 5267 46 28 the
783 5266 72 27 form
874 5262 57 29 tion
954 5262 29 27 of
1006 5272 50 17 our
1080 5272 136 27 company

664 5319 38 18 we
728 5305 55 30 had
808 5313 111 20 seasons
940 5302 29 28 of
994 5305 78 33 great
1083 5302 133 36 scarcity;

647 5340 1 45 !
663 5350 64 27 then
742 5351 99 34 agents
855 5344 52 29 and
920 5343 93 28 others
1026 5343 129 27 obtained
1171 5342 45 28 the

647 5382 2 40 i
664 5389 119 33 benefit;
800 5387 49 26 but
873 5383 55 29 this
942 5392 95 18 season
1053 5382 94 39 things
1171 5392 46 18 are

647 5420 2 49 j
663 5429 150 29 somewhat
839 5423 135 35 reversed,
1010 5423 53 28 and
1097 5433 120 27 growers

664 5471 68 27 have
756 5465 100 40 reaped
883 5465 46 28 the
959 5463 165 37 advantage.
1168 5462 49 27 \Ve

664 5511 69 28 have
770 5518 62 19 now
870 5505 100 40 passed
1008 5504 121 38 through
1163 5507 54 24 two

662 5560 113 20 seasons
777 5557 88 20 —one
878 5547 64 27 with
955 5556 35 17 an
1013 5544 204 38 exceptionally

663 5592 76 35 large
764 5598 66 28 crop
855 5586 54 29 and
936 5587 46 26 the
1008 5585 80 27 other
1113 5584 65 26 with
1202 5595 15 15 a

663 5631 78 30 small
767 5638 65 29 crop
835 5627 65 28 —in
926 5626 87 29 cither
1047 5634 62 19 case
1139 5624 77 28 there

663 5683 45 18 are
719 5682 35 18 no
765 5676 54 22 two
829 5667 126 40 opinions
966 5678 30 17 as
1006 5670 29 25 to
1045 5666 48 29 the
1100 5665 115 28 benefits

663 5712 26 29 of
724 5709 195 32 combination.
961 5708 12 28 I
1005 5707 36 28 do
1067 5710 49 24 not
1134 5704 81 29 think

664 5754 77 28 there
755 5752 23 29 is
790 5763 17 17 a
818 5749 90 38 single
920 5748 122 30 member
1050 5745 165 31 dissatisfied

663 5794 67 30 with,
742 5793 47 29 the
801 5796 110 24 returns
921 5801 29 17 or
961 5791 92 27 future
1063 5791 145 36 prospects

1241 184 3 42 i
1255 193 55 31 and
1336 192 35 30 a'.l
1389 192 68 28 have
1492 189 71 30 been
1585 186 72 40 loyal
1683 189 28 26 to
1738 184 69 30 their

1254 237 168 37 agreement.
1463 232 27 30 It
1503 232 23 30 is
1540 242 15 19 a
1568 229 118 31 mistake
1699 231 29 26 to
1742 236 48 29 sup-

1237 270 2 44 i
1254 287 64 27 pose
1331 276 61 29 that
1405 284 109 19 success
1524 274 29 28 in
1567 270 128 38 working
1708 278 97 19 acom-

1237 307 1 47 I
1251 328 72 26 pany
1345 327 34 17 on
1394 314 185 38 co-operative
1590 312 68 28 lines
1682 307 123 40 depends

1250 368 34 18 on
1298 368 52 17 one
1363 354 152 31 individual
1552 352 73 30 That
1642 348 161 41 impression

1237 390 1 37 l
1249 409 87 18 seems
1363 402 27 24 to
1404 398 70 28 have
1488 396 70 28 been
1580 390 173 32 entertained
1775 393 28 24 at

1247 439 48 28 the
1330 439 52 28 last
1404 437 171 30 confcreuce.
1615 433 71 29 That
1720 432 22 26 it
1779 430 23 28 is

1246 479 152 37 important
1424 478 60 29 that
1498 477 47 28 the
1559 483 131 29 manager
1703 470 97 30 should

1246 520 70 27 have
1355 519 140 35 capabilty
1532 521 28 23 to
1582 516 36 27 do
1645 514 40 27 his
1723 511 75 27 work

1244 559 181 37 successfully
1440 570 34 17 no
1487 566 52 20 one
1557 554 54 30 will
1625 554 82 37 deny,
1721 552 51 28 but
1784 550 12 28 I

1244 601 80 28 thiulc
1362 600 48 28 the
1441 597 136 41 principal
1615 600 63 34 part
1702 594 29 28 of
1752 592 46 28 the

1245 640 209 38 responsibility
1501 642 70 24 rests
1624 644 71 28 upon
1751 632 47 26 the
1806 629 1 49 j

1242 679 136 29 directors
1428 679 27 28 If
1477 679 67 36 they
1565 686 46 19 are
1629 671 167 42 judiciously
1806 671 1 50 j

1243 719 130 33 selected,
1400 719 54 27 and
1480 718 48 27 the
1555 724 131 28 manager
1711 722 29 18 so
1756 721 40 17 re-
1806 716 1 36 i

1244 759 162 29 numerated
1434 759 60 28 that
1520 758 34 28 he
1575 755 53 29 will
1655 752 78 32 value
1755 751 41 28 his
1806 746 1 42 !

1243 810 16 27 p
1271 799 152 28 hsition—it
1440 799 84 36 being
1538 803 28 23 to
1580 798 41 27 his
1641 794 156 37 advantage
1806 794 1 49 j

1242 848 28 20 to
1284 850 133 18 conserve
1431 839 46 28 the
1491 836 159 40 company's
1668 835 129 28 interests
1806 835 1 41 i

1241 881 116 28 —there
1372 879 68 29 neel
1457 881 31 26 be
1504 889 34 17 no
1562 879 59 27 fear
1643 876 29 29 of
1689 874 107 29 failure.
1806 872 1 44 |

1244 921 124 29 Another
1392 919 150 39 safeguard
1564 919 23 28 is
1599 919 47 28 the
1666 915 129 30 selection

1241 962 28 25 of
1283 972 15 15 a
1314 960 216 36 representative
1549 959 91 26 whose
1665 958 131 26 interests

1242 1000 96 27 should
1354 1000 32 28 be
1397 998 127 29 identical
1535 998 65 28 with
1610 998 47 27 the
1666 1005 130 27 growers,

1242 1041 54 28 and
1304 1041 59 28 who
1373 1039 97 30 should
1483 1040 32 28 be
1524 1050 52 18 one
1585 1038 29 29 of
1622 1036 174 30 themselves,
1806 1036 1 40 j

1244 1081 42 28 He
1315 1081 99 29 should
1450 1081 69 27 have
1553 1079 47 28 the
1641 1076 154 40 manager's
1806 1076 1 40 i

1242 1121 159 28 confidence
1426 1120 55 29 and
1504 1120 47 29 the
1576 1118 159 29 confidence
1769 1117 29 27 of

1243 1162 45 27 the
1314 1172 144 27 company,
1472 1160 55 29 and
1540 1165 45 23 act
1598 1170 29 18 as
1641 1158 110 29 advisor
1766 1162 26 23 to

1242 1202 65 29 both
1323 1214 5 22 ;
1352 1201 54 29 and
1432 1203 32 27 lie
1490 1199 97 31 should
1619 1199 28 29 in
1768 1198 28 28 of

1241 1253 174 25 emergencv,
1454 1243 33 28 be
1524 1241 62 28 able
1620 1244 28 24 to
1686 1246 44 21 act
1767 1250 29 16 as

1243 1292 131 24 manager
1394 1283 43 26 for
1457 1293 16 16 a
1487 1281 77 28 short
1578 1281 75 28 time.
1694 1281 101 26 Severe

1243 1323 110 36 penalty
1380 1321 106 30 clauses
1512 1322 28 27 in
1566 1321 47 28 the
1638 1323 158 26 a<oeeinent

1241 1373 45 17 are
1298 1363 138 33 essential,
1461 1362 54 28 and
1542 1362 78 29 there
1642 1360 98 29 should
1764 1360 34 27 be

1243 1413 34 17 no
1303 1403 147 30 hesitation
1484 1403 27 29 in
1541 1403 145 37 enforcing
1722 1401 72 30 them

1243 1443 77 29 when
1333 1445 127 28 violated.
1502 1443 162 30 Difficulties
1676 1443 26 28 in
1713 1443 67 28 form-

1242 1483 49 37 ing
1305 1495 13 16 a
1343 1495 134 27 eompanv
1491 1485 104 28 similar
1619 1488 27 23 to
1664 1493 50 18 our
1737 1493 60 16 own

1244 1525 49 26 will
1323 1532 111 31 present
1450 1525 173 35 themselves,
1639 1525 50 28 but
1704 1524 12 27 I
1732 1534 49 17 ven-

1243 1572 61 21 ture
1317 1572 28 21 to
1361 1566 79 28 think
1456 1571 48 23 not
1519 1571 109 23 crreater
1641 1565 157 29 difficulties

1243 1606 64 28 than
1324 1617 39 18 we
1378 1607 51 28 had
1443 1612 28 23 to
1484 1607 120 29 contend
1617 1607 64 27 with
1695 1617 6 23 ;
1712 1606 53 27 and
1779 1605 20 28 if

1241 1657 53 27 any
1322 1647 109 29 district
1446 1648 97 28 wishes
1566 1652 28 23 to
1619 1647 64 27 hold
1699 1659 16 16 a
1742 1647 54 27 like

1243 1687 127 36 position,
1395 1687 37 27 let
1458 1697 121 24 growers
1607 1687 66 27 bind
1711 1687 70 27 them-

1242 1727 87 27 selves
1344 1728 128 35 together
1485 1727 25 29 in
1535 1739 16 16 a
1564 1737 60 28 way
1638 1727 60 29 that
1726 1737 71 18 none

1241 1779 14 17 c
1265 1780 25 15 m
1305 1769 83 27 break
1403 1770 80 28 loose.
1514 1768 217 37 Fruit-growing
1744 1768 42 27 dis-

1243 1815 76 20 tricts
1337 1810 67 26 have
1419 1820 59 16 now
1489 1819 32 17 an
1535 1808 156 37 advantage
1702 1819 38 17 we
1752 1807 46 28 did

1243 1855 45 21 not
1305 1859 118 28 possess,
1439 1848 141 29 inasmuch
1594 1859 30 18 as
1638 1848 64 38 they
1731 1848 68 28 have

1242 1889 46 28 the
1316 1901 85 27 paper
1427 1890 109 28 written
1563 1900 35 17 on
1620 1890 46 27 the
1691 1888 107 39 subject

1242 1930 42 27 for
1298 1930 52 28 last
1365 1930 313 28 conference—written
1696 1930 35 28 bv
1746 1940 52 18 one

1241 1971 155 37 intimately
1422 1971 153 29 associated
1601 1970 64 29 with
1690 1970 108 29 various

1279 2058 158 28 Discussion
1454 2068 33 18 on
1504 2059 45 27 the
1564 2068 86 28 paper
1664 2068 53 19 was
1731 2058 64 28 then

1240 2098 113 28 invited.

1278 2147 39 27 Mr
1356 2146 87 28 .Jones
1469 2146 238 38 (Rockhampton)
1745 2156 31 18 ex-

1239 2188 111 37 pressed
1388 2189 39 26 hi-!
1462 2187 186 39 appreciation
1673 2187 31 27 of
1725 2186 66 28 both

1239 2238 107 28 papers,
1373 2228 87 29 which
1476 2228 90 27 would
1593 2228 33 27 be
1638 2236 65 27 very
1717 2227 60 28 valu-

1237 2269 62 28 able
1313 2275 27 22 to
1356 2268 198 38 fruitgrowers.
1596 2267 195 32 Co-operation

1238 2320 53 17 was
1317 2310 47 27 the
1377 2309 65 38 only
1471 2319 59 27 way
1553 2309 28 28 in
1596 2308 89 28 which
1712 2308 66 27 fruit-

1236 2362 121 27 growers
1373 2350 27 29 in
1414 2349 124 40 sparsely
1552 2349 101 29 settled
1667 2348 124 30 districts

1236 2391 80 28 could
1328 2396 48 31 get
1390 2402 34 16 on
1440 2391 65 26 with
1521 2390 71 27 their
1607 2389 135 28 business.

1276 2441 43 30 Mr
1347 2442 31 29 A.
1406 2439 124 41 Wagner
1555 2439 145 39 (Nundah)
1731 2439 56 30 said

1236 2484 61 27 that
1332 2484 46 27 the
1404 2493 135 27 company
1563 2487 28 23 to
1618 2482 89 27 which
1744 2482 47 27 the

1236 2534 97 28 papers
1371 2523 54 28 had
1471 2523 122 29 referred
1626 2533 55 18 was
1723 2532 67 27 very

1235 2560 159 33 successful.
1436 2562 81 29 From
1556 2563 42 29 his
1624 2562 165 39 experience

1237 2605 31 28 he
1283 2605 85 28 found
1382 2605 134 28 cast-iron
1531 2603 169 34 regulations
1716 2612 70 20 were

1236 2654 144 29 necessary
1394 2649 29 24 to
1447 2645 71 38 keep
1533 2645 46 28 the
1599 2644 192 38 fruitgrowers

1235 2685 136 38 together.
1412 2685 34 28 In
1472 2696 16 16 a
1502 2696 85 27 paper
1600 2685 35 27 he
1648 2684 54 28 had
1725 2683 64 28 read

1234 2736 35 17 on
1297 2725 47 30 the
1370 2725 117 37 subject,
1508 2725 32 30 he
1566 2724 148 39 expressed
1742 2724 46 29 the

1234 2767 111 36 opinion
1378 2767 62 28 that
1481 2767 47 28 the
1559 2765 70 29 New
1670 2765 121 29 Zetland

1234 2807 173 38 experiment
1422 2817 53 18 was
1489 2806 131 39 specially
1633 2805 154 39 applicable

1235 2852 27 22 to
1307 2847 47 29 the
1392 2847 65 38 pine
1471 2864 10 6 -
1496 2847 82 38 apple
1610 2856 121 29 growers
1762 2846 27 29 in

1234 2887 186 37 Queensland.

1272 2928 45 29 Mr
1330 2929 23 28 L
1361 2939 50 25 nig
1427 2928 146 36 (Victoria)
1582 2927 59 30 said
1654 2929 32 26 he
1700 2927 85 28 found

1234 2969 61 26 that
1318 2969 47 27 the
1391 2970 193 37 fruitgrowers
1618 2967 120 38 sending
1763 2972 28 22 to

1235 3009 47 29 the
1294 3019 136 28 company
1445 3009 64 38 paid
1524 3014 54 24 two
1600 3007 191 30 commission*

1234 3050 107 29 instead
1377 3051 29 28 of
1432 3061 62 18 one.
1534 3049 34 29 In
1604 3049 125 29 Victoria
1764 3049 26 28 in

1234 3091 151 38 exporting
1406 3092 66 37 they
1486 3091 65 36 only
1565 3090 65 38 paid
1643 3100 52 18 one
1719 3099 54 19 com-

1236 3130 121 35 mission,
1372 3131 61 27 that
1446 3142 35 16 on
1497 3131 47 27 the
1558 3131 79 27 other
1659 3129 67 29 wide.
1771 3132 18 25 A

1235 3182 136 28 company
1399 3171 106 30 started
1532 3171 26 28 in
1579 3171 127 29 Victoria
1738 3170 53 29 had

1236 3212 137 37 collapsed
1410 3212 123 39 through
1554 3212 46 28 the
1627 3218 54 22 two
1720 3223 54 17 com-

1237 3252 137 28 missions.

1277 3292 42 28 Mr
1359 3292 195 29 Landsdowne
1592 3291 79 35 (New
1705 3292 87 29 South

1242 3332 100 36 Wales)
1380 3332 132 29 favoured
1544 3332 186 30 intercolonial
1765 3343 29 17 as

1239 3372 57 29 well
1311 3385 29 16 as
1356 3373 67 28 local
1437 3372 201 39 co-operation.
1679 3373 32 28 In
1727 3372 66 29 New

1240 3414 87 28 South
1356 3412 94 30 Wales
1477 3414 66 37 they
1566 3413 54 29 had
1646 3413 147 29 conceived

1238 3456 46 27 the
1308 3454 61 28 idea
1387 3456 29 26 of
1443 3454 86 38 doing
1554 3465 77 26 away
1657 3455 64 27 with
1748 3455 47 27 the

1239 3494 111 38 general
1385 3494 72 37 body
1484 3494 29 27 °f
1539 3494 177 35 middlemen,
1740 3494 54 27 and

1239 3534 168 36 consigning
1433 3541 27 21 to
1487 3546 15 16 a
1528 3534 50 28 few
1612 3535 182 27 auctioneers.

1240 3573 126 30 Growers
1394 3585 70 19 were
1499 3574 112 38 getting
1643 3574 151 28 starvation

1241 3616 87 31 prices
1340 3616 44 28 for
1397 3616 71 28 their
1481 3616 77 33 fruit,
1571 3615 55 28 and
1641 3616 46 27 the
1703 3615 92 38 public

1242 3655 49 28 had
1307 3660 28 24 to
1349 3666 52 28 pay
1417 3657 48 37 big
1491 3656 89 38 prices
1602 3655 44 28 for
1669 3655 29 29 it.
1739 3655 56 28 The

1241 3707 83 27 paper
1355 3698 89 28 would
1472 3698 32 27 be
1531 3706 65 28 very
1619 3696 127 29 valuable
1768 3700 27 24 to

1241 3737 83 27 them.

1279 3777 44 29 Mr
1338 3778 158 29 Molineaux
1519 3776 100 38 (South
1644 3776 151 37 Australia)

1241 3818 57 27 said
1315 3819 60 27 that
1385 3819 46 27 the
1443 3818 134 37 producer
1585 3818 54 27 and
1650 3828 145 18 consumer

1241 3857 117 29 suffered
1372 3858 121 38 through
1518 3858 47 28 the
1584 3856 114 30 dealers.
1738 3857 57 29 The

1241 3898 177 28 information
1458 3899 82 35 given
1579 3898 91 27 would
1698 3899 97 27 enable

1243 3938 71 29 them
1331 3948 26 18 in
1373 3938 87 29 South
1475 3937 137 29 Australia
1625 3941 28 25 to
1676 3941 69 25 start,
1759 3948 33 18 on

1242 3979 47 27 the
1302 3980 73 26 basis
1389 3980 60 26 that
1463 3978 53 28 had
1531 3979 68 27 been
1623 3978 86 28 found
1733 3988 46 18 suc-

1242 4018 100 28 cessful
1357 4018 26 29 in
1399 4017 68 29 New
1481 4016 130 35 Zealand,
1650 4017 40 29 As
1704 4021 29 25 to
1746 4028 31 18 ex-

1243 4063 62 33 port
1325 4059 64 37 they
1405 4068 69 18 were
1485 4058 27 28 in
1526 4057 58 39 just
1598 4068 29 17 as
1640 4057 55 29 bad
1706 4069 16 17 a
1736 4069 56 22 way

1241 4109 29 17 as
1284 4098 27 28 in
1324 4098 69 29 local
1408 4098 87 29 trade.
1535 4098 33 28 In
1586 4098 131 28 Adelaide
1740 4099 51 28 and

1242 4140 119 28 suburbs
1373 4140 76 28 there
1465 4150 68 17 were
1547 4140 53 27 250
1612 4143 27 24 to
1651 4140 54 28 300
1716 4141 75 28 small

1243 4180 95 37 people
1361 4180 110 36 getting
1496 4179 72 28 their
1587 4179 90 37 living
1698 4184 49 23 out
1766 4181 29 27 of

1242 4220 46 27 the
1303 4220 142 38 producer,
1461 4219 79 29 while
1554 4229 16 18 a
1592 4219 104 29 central
1711 4220 83 39 depot

1241 4261 80 28 could
1353 4261 36 28 do
1422 4260 34 28 all
1489 4261 48 28 the
1568 4260 134 30 business.
1743 4261 34 30 Co-

1241 4301 141 37 operation
1410 4305 73 22 must
1506 4301 34 26 be
1560 4300 120 38 adopted
1702 4301 23 28 if
1750 4302 45 27 the

1244 4340 187 40 fruitgrowers
1447 4351 69 19 were
1537 4340 87 38 going
1645 4344 29 26 to
1688 4340 80 31 make
1781 4354 14 17 a

1241 4382 100 29 decent
1355 4382 87 38 living
1457 4387 48 23 out
1518 4382 28 28 bf
1556 4381 72 29 their
1640 4382 137 38 industry.

1279 4421 47 30 Mr
1340 4421 44 29 W.
1400 4421 105 30 Castles
1528 4421 120 38 (Logan)
1670 4423 125 38 strongly

1243 4462 132 31 favoured
1413 4463 198 38 co-operation.
1654 4463 44 30 He
1737 4465 58 28 said

1243 4504 61 28 that
1317 4504 47 28 the
1377 4503 107 28 auction
1504 4508 102 32 system
1620 4503 28 28 in
1663 4504 132 29 Brisbane

1246 4544 51 28 had
1312 4544 42 28 led
1371 4548 28 24 to
1414 4544 46 28 the
1479 4543 98 28 failure
1601 4544 30 29 of
1651 4554 16 17 a
1687 4545 108 28 scheme

1244 4585 72 28 here.
1356 4584 57 28 The
1435 4585 100 35 buyers
1552 4584 107 28 formed
1685 4595 16 16 a
1723 4587 72 32 ring,

1243 4624 54 27 and
1312 4623 50 29 left
1382 4624 48 27 the
1450 4623 135 38 producer
1607 4622 118 38 nothing
1746 4623 49 28 but

1245 4665 39 27 his
1298 4673 129 29 expeuse.
1471 4663 24 28 if
1515 4663 46 29 the
1585 4661 69 30 New
1676 4661 119 30 Zealand

1242 4708 102 32 system
1357 4714 53 18 was
1418 4703 121 38 adopted
1552 4704 63 27 here
1629 4703 21 28 it
1663 4703 88 28 would
1763 4703 32 29 be

1243 4755 15 16 a
1269 4753 117 19 success.

1282 4783 42 30 Mr
1344 4784 105 39 Sparks
1470 4783 81 39 (New
1575 4783 89 30 South
1690 4784 105 34 Wales)

1241 4825 58 26 said
1315 4825 58 28 that
1387 4826 21 27 if
1421 4837 15 15 a
1448 4836 61 17 man
1525 4824 53 28 had
1592 4829 27 23 to
1634 4834 52 26 pay
1696 4825 35 27 all
1747 4826 47 27 the

1242 4864 114 38 charges
1373 4866 121 27 between
1517 4865 23 27 hi
1547 4875 24 16 in
1588 4863 54 29 and
1665 4864 46 29 the
1731 4875 48 18 con-

1243 4915 98 26 sumer,
1363 4906 54 29 and
1441 4906 123 29 between
1585 4905 47 28 the
1655 4905 122 30 manufac-

1245 4952 74 21 turer
1347 4947 54 28 and
1428 4946 119 35 himself,
1574 4945 34 29 he
1631 4946 90 29 would
1748 4950 48 25 not

1244 4986 78 28 make
1349 4987 196 38 fruitgrowing
1568 4998 16 16 a
1604 4995 117 20 Success.
1762 4988 33 27 In

1244 5027 45 28 the
1324 5027 108 28 district
1471 5028 33 27 he
1544 5027 177 37 represented
1759 5038 35 18 an

1242 5067 161 28 association
1418 5079 54 17 was
1487 5067 116 35 formed,
1617 5068 136 27 members
1768 5073 27 23 to

1243 5108 141 28 subscribe
1403 5110 26 26 Is
1443 5119 49 28 per
1504 5119 71 23 acre,
1599 5107 66 28 each
1686 5107 109 29 district

1245 5148 83 37 being
1353 5148 185 38 represented.
1580 5150 44 26 An
1650 5147 146 30 insurance

1244 5188 68 27 fund
1328 5199 52 16 was
1394 5189 105 27 formed
1514 5194 28 22 to
1557 5189 56 35 buy
1636 5197 36 28 up
1687 5189 109 37 surplus

1245 5228 75 34 fruit,
1334 5229 53 27 and
1403 5234 62 24 tuev
1479 5228 77 29 ruled
1571 5229 47 27 the
1631 5228 117 36 market,
1761 5240 34 18 no

1245 5269 67 27 fruit
1327 5270 83 37 being
1429 5270 59 27 sold
1511 5269 87 27 under
1620 5269 73 27 their
1712 5270 82 36 price.

1250 5309 93 29 Under
1358 5310 66 27 Mich
1449 5321 12 17 a
1486 5315 103 32 system
1613 5308 68 29 fruit
1706 5310 90 29 would

1246 5355 47 22 not
1304 5350 66 27 have
1382 5359 27 19 to
1421 5352 31 26 be
1463 5349 150 29 sacrificed.
1653 5349 58 29 The
1721 5361 75 19 same

1246 5390 80 38 thing
1341 5390 52 28 had
1421 5390 67 29 been
1511 5390 70 28 done
1604 5389 27 28 in
1651 5389 47 29 the
1725 5394 72 26 meat

1246 5430 77 28 trade
1357 5431 34 36 by
1431 5432 45 26 the
1516 5430 195 29 stockowners.
1752 5432 44 28 He

1246 5470 90 28 would
1352 5470 33 28 be
1398 5470 65 39 glad
1478 5477 27 22 to
1519 5470 64 37 give
1598 5470 97 29 details
1709 5471 29 29 of
1752 5472 45 30 the

1246 5511 118 29 scheme.

1285 5552 41 27 Mr
1341 5552 145 28 Anderson
1501 5551 144 36 (Mildura)
1664 5552 59 29 said
1738 5554 60 28 that

1246 5591 46 27 the
1318 5597 102 31 system
1448 5601 54 17 was
1535 5591 125 29 valuable
1690 5592 28 28 in
1751 5594 47 29 the

1247 5631 182 39 fruit-drying
1448 5631 135 38 industry.
1622 5631 34 30 In
1678 5632 120 32 Mildura

1246 5672 64 38 they
1333 5672 107 30 formed
1465 5683 17 17 a
1507 5677 81 31 trust,
1613 5673 55 29 and
1693 5674 37 30 all
1751 5676 47 29 the

1245 5713 67 28 fruit
1326 5716 73 26 went
1413 5713 121 36 through
1545 5713 30 35 it,
1587 5714 113 40 passing
1711 5716 87 30 under

148 98 171 52 Friday,
350 80 103 70 Juiy
483 98 37 44 9,
557 96 116 41 1897.

1702 81 201 45 mount
1990 79 228 45 behger
2303 81 143 40 mail

1348 5786 126 27 (ContjßUsd
1489 5794 25 16 on
1529 5787 79 23 Fourth
1624 5786 68 27 P»ge,)

209 198 59 21 ARK
282 198 59 23 YOU
357 197 156 22 AFFLICTED

333 227 49 22 with

181 254 164 25 DYSPEPSIA,

207 282 219 26 CONSTIPATION',

232 310 114 24 KfDNKY
362 310 155 25 TROUBLES,

255 338 164 22 D'CKACHE.

281 365 114 23 AOHJNO
411 364 92 26 LIMRS,
513 371 23 12 or
562 374 15 5 -
588 377 5 7 ,

306 394 89 22 LIVER
409 390 166 25 COMPLAINT
582 391 8 21 ?

89 434 22 21 If
119 442 29 17 fo,
159 434 43 22 safe
210 435 98 21 rnuedies
317 442 35 12 are
367 433 71 21 within
454 439 52 19 your
519 431 59 21 re«ch
593 431 23 19 at
623 437 11 12 a

77 468 90 21 nominal
204 470 52 20 cost.'
282 468 147 21 CLEMENTS
468 465 87 21 TONIC
594 463 40 21 hiul

275 503 24 20 PI
306 503 23 19 LI
339 503 14 19 S
361 501 52 21 have
423 507 61 14 never
498 502 35 24 yet
543 498 59 21 faile-1
613 499 21 19 to

80 545 49 13 cure
137 538 35 20 the
210 541 60 17 worst
416 536 87 21 General
539 533 93 25 debility,

79 580 33 15 vei
117 581 103 19 vousness,
245 573 54 21 weak
303 580 52 19 new,
366 572 40 21 and
422 571 80 25 general
512 569 121 27 complaints

74 611 22 19 of
104 612 34 19 the
220 617 24 14 ve
250 610 39 20 ami
296 616 88 14 nervous
390 612 87 22 systems
482 614 35 13 are
524 605 104 27 promptly

76 645 61 20 cured
155 645 27 20 hv
206 645 57 19 th-se
287 643 84 21 reliable
388 642 105 20 remedies.
520 641 58 24 They

74 680 100 25 prepartd
191 679 27 24 by
235 678 99 21 scientific
343 684 47 17 pr>c
398 684 62 17 's-ws,
477 682 24 13 an
510 675 7 20 l
536 682 34 12 arn
595 677 36 17 not

73 712 76 26 merely
164 711 124 20 mechanical
302 711 99 19 mixtures
407 715 19 13 m
432 709 34 22 vie
472 708 48 24 only
534 707 93 19 to"'s»u!|

77 744 36 20 the
239 744 43 20 The
295 749 81 14 reuown
386 740 94 22 CLEME
491 739 43 21 »TS
545 739 82 20 TOXIC

73 779 40 21 and
145 776 161 24 FLETCHER
337 777 76 20 HILLS
444 776 52 20 have
528 781 43 14 won
608 774 20 20 in

73 815 104 21 Australia
197 815 15 20 is
231 814 58 26 proof
298 813 22 20 of
337 813 36 19 the
388 812 42 20 fact
439 811 47 20 thifc
500 810 50 25 th>:y
613 809 5 20 1

75 851 128 26 pretmioent
212 850 32 20 for
255 849 51 20 their
319 847 73 26 specal
408 846 72 20 classes
495 845 22 20 of
533 844 94 21 diseases'

75 886 34 20 No
118 885 100 20 remedies
226 891 47 14 ever
286 883 43 20 solil
339 889 49 17 jjave
398 881 49 20 such
458 880 65 20 entire
535 880 80 19 satisfac-

73 922 42 20 tion
126 924 22 18 to
156 920 53 22 their
217 922 90 25 patrons,
315 918 38 21 and
360 917 96 21 evidence
462 915 17 21 i%
487 915 138 24 forthcoming

73 956 52 19 from
149 960 61 18 every
228 954 49 24 city,
293 957 62 18 town,
374 950 40 20 and
434 950 73 23 village
526 953 21 14 to
566 955 62 17 prove

73 989 53 18 their
140 991 85 16 virtues.
254 990 33 16 jVo
296 986 65 20 doubt
371 991 42 13 can'
426 984 53 19 exist
497 989 22 13 as
529 985 21 16 to
568 981 55 20 their

77 1023 67 26 \idoe,
160 1023 39 19 but
216 1021 118 27 purchase)s
350 1024 54 16 must
421 1018 25 20 be
465 1016 76 22 careful
561 1018 22 17 to
593 1017 34 25 g»-t

75 1058 35 20 the
131 1057 87 22 genuine
239 1055 87 23 aniens,
350 1061 21 12 :>«
394 1060 38 13 mm
441 1059 14 20 y
477 1049 151 27 unscrupulous

75 1094 78 20 <r}-de»s
164 1093 39 19 will
219 1095 89 21 attempt
324 1093 21 17 to
355 1089 54 24 palm
422 1089 30 20 off
462 1096 10 12 a
483 1087 119 25 substi'ute,
613 1086 16 20 if

78 1130 7 23 1
92 1127 81 26 wsible,
183 1126 33 20 for
225 1125 35 20 the
270 1126 49 18 sake
327 1123 23 20 of
359 1126 58 17 extra
426 1122 68 26 profit.

1920 218 33 42 J.
1986 216 44 41 B.
2061 207 162 46 YULE,
2246 206 144 45 L.D.S.,

1920 301 190 44 Surgeon
2147 290 163 44 Dentist,

1963 372 302 41 INVERCARGILL.

1933 569 46 30 Mr
1999 567 78 30 Yule
2101 562 55 30 will
2177 560 104 30 visit—

1827 682 141 31 RYAN'S
1984 677 134 33 HOTEL,
2132 672 249 37 ALISXASDLIA,

1827 794 169 32 HERON'S
2015 789 72 32 HOT
2094 788 19 29 ill
2120 788 7 16 r
2128 802 19 21 j,
2162 785 219 30 ROXBURGH

1835 940 47 27 Vf
1907 940 25 28 R
1991 928 242 38 FINLAY
2255 929 106 29 SOJM
2377 952 8 12 ,

1911 986 161 25 BARRISTER
2088 983 61 22 AN'D
2163 980 156 24 SOLICITOR,

2027 1032 164 30 Lawrence,

1830 1104 65 29 Will
1923 1100 97 31 attend
2046 1098 46 28 the
2113 1093 154 39 Roxburgh
2290 1092 95 29 Court.

1829 1260 100 37 Money
1941 1263 28 23 to
1980 1253 75 32 Lend
2066 1265 34 17 on
2112 1251 136 35 Freehold
2260 1251 125 37 Security

1830 1373 29 59 J
1944 1373 48 38 H.
2057 1364 328 45 PEARSON,

1931 1439 68 22 IMSS
2013 1436 97 26 PLACE,
2125 1434 167 26 LAWRENCE,

1874 1485 127 31 CONTK
2006 1481 135 34 ACTOR,
2164 1477 179 36 BUILDttR,

2084 1531 54 21 AND

1969 1560 279 36 UNDERTAKER.

1832 1644 146 28 Contracts
1993 1639 84 29 taken
2088 1638 43 28 for
2146 1634 137 31 Builders'
2303 1634 82 29 Work

1950 1683 29 26 of
1992 1690 82 26 every
2089 1676 178 38 description.

1891 1752 202 25 ESTIMATES
2124 1749 195 24 PREPARED.

1866 1816 25 27 A
1906 1810 197 32 well-assorted
2130 1808 86 29 Stock
2237 1808 30 28 of
2288 1806 81 29 Furni-

1829 1860 60 24 ture
1903 1855 101 37 always
2018 1862 36 19 on
2069 1850 82 29 hand.

1867 1895 132 29 Funerals
2010 1890 156 32 conducted
2181 1890 26 27 in
2218 1888 36 28 all
2269 1895 74 31 parts
2358 1888 29 28 of

1829 1937 46 28 the
1905 1937 122 27 District.
2068 1932 105 29 Hearse
2201 1928 135 41 provided
2366 1928 21 28 if

1829 1977 137 40 required.

1886 2085 137 33 riLLI
2038 2083 65 29 AM
2151 2083 48 35 \f
2216 2078 169 35 ALONE,

1912 2238 172 40 General
2121 2236 174 42 Grocer,

1849 2390 87 29 SCO
1949 2390 21 27 T
1985 2390 19 27 L
2019 2389 24 28 A
2058 2388 22 28 N
2093 2387 24 28 D
2130 2404 10 6 -
2152 2387 19 27 S
2182 2385 22 27 T
2219 2385 22 27 R
2253 2383 24 29 E
2291 2383 20 28 E
2324 2382 32 35 T,

1989 2534 226 33 ROXBURGH,

1830 2641 60 54 yy
1983 2640 21 29 T
2020 2663 6 6 .
2100 2641 64 26 BO
2187 2636 34 30 W
2243 2637 24 27 JL)
2291 2637 20 27 hi
2331 2634 28 29 N
2375 2656 7 13 ,

1896 2714 178 28 CARPENTER,
2101 2713 117 26 JOINER,
2247 2710 61 23 AND

2002 2753 208 25 UNDERTAKER,

1825 2809 96 25 ()Hsir»»s
1947 2814 24 17 to
1998 2806 76 26 rhank
2103 2805 40 26 ili»*
2179 2802 84 27 PiiMic
2289 2803 23 23 of
2340 2801 41 25 tlin

1825 2846 101 27 Dis'rict
1942 2848 6 23 t
1960 2854 18 16 »r
1998 2852 53 21 insr
2072 2853 63 17 ■»h.m
2146 2850 39 22 «rt,
2204 2841 47 25 sun!
2356 2845 24 18 to

1821 2885 89 26 infuriii
1942 2884 41 25 tlik'
1996 2894 12 14 ii
2045 2890 24 17 in
2081 2894 5 13 i
2091 2890 6 12 f
2131 2886 29 20 !IH
2192 2887 43 19 in*

1825 2923 155 26 filialld
1999 2921 21 25 R
2031 2929 20 17 »X
2065 2932 5 10 •
2183 2940 9 15 f

1826 3008 77 26 R.tiui
1914 3013 44 20 itfs
2058 3016 28 16 mi
2099 3003 4 35 i
2121 3004 118 34 l-s'iililififf
2249 3003 133 26 OuiitrioK

1928 3060 23 23 nt
1973 3056 29 27 ;ill
2025 3057 72 24 kiifl-
2160 3054 110 26 Ir-riakni

1863 3142 74 27 |Mwii«
1952 3142 46 25 and
2019 3142 39 34 S|»-
2069 3152 12 13 r
2222 3137 115 28 nr^:»ir»-«!

1827 3211 215 55 HUGH
2116 3208 262 42 BRUCE,

1917 3278 201 31 IIOUMJIMtt
2147 3278 141 35 IIOII.SH,

1854 3330 195 29 Whitehaven
2053 3339 41 19 -ST
2098 3342 14 16 it
2116 3339 13 19 K
2133 3338 40 27 KT,
2196 3324 64 33 LAW
2265 3337 30 19 UK
2299 3336 32 20 XO
2335 3336 14 19 E

1890 3377 144 38 (Opposite
2049 3376 118 39 English
2183 3375 129 37 Church.)

1837 3468 81 21 FIRST
1936 3468 86 20 CLASS
2045 3466 247 23 ACCOMMODATION
2316 3466 55 21 FOR

1913 3495 58 20 THE
1987 3495 183 20 I'RAVn'LLLNU
2188 3494 110 21 PUBUU.

1872 3577 78 30 Good
1975 3577 130 39 Stabling
2131 3576 55 31 and
2206 3574 132 32 Paddock

1976 3619 256 29 Accommodation.

1910 3699 167 31 —Cuauoes
2098 3700 161 29 Moderate.
2263 3715 37 5 —

1908 3866 115 30 LLEiCS
2089 3866 97 30 FLAT
2244 3863 138 36 HOTEL,

1989 4019 121 21 MILLERS
2136 4017 80 22 FLAT.

1863 4287 32 28 P.
1919 4285 107 28 Laffey
2086 4308 31 6 ...
2178 4284 167 38 Proprietor.

1832 4462 195 57 COBB
2098 4462 52 55 &
2215 4461 169 59 CO.'S

1940 4541 172 22 TELEftRAPH
2138 4540 70 21 LINE
2234 4539 36 22 OF

1876 4582 130 28 ROYAL
2026 4581 99 28 AIAIL
2146 4579 189 31 COACHES.

2030 4632 150 29 Liwreuce

1863 4675 156 28 Beaumont
2144 4673 66 30 Moa
2224 4671 63 31 Flat

1862 4714 99 28 Teviot
2143 4714 160 28 Alexandra

1863 4753 88 40 Clyde
2148 4754 146 31 Cromwell

1862 4797 175 28 Arrowtowu
2147 4797 186 36 Queenstown

2081 4837 66 30 And

1900 4883 56 29 Alll
1977 4884 201 31 Intermediate
2203 4884 106 29 Places.

1862 4964 79 31 Cobb
1955 4966 54 29 and
2034 4966 75 31 Co.'s
2132 4965 157 40 Telegraph
2316 4965 68 29 Line

1824 5006 29 28 of
1867 5006 86 38 Royal
1967 5007 67 28 Mail
2059 5007 123 30 Coaches
2206 5009 75 28 leave
2305 5006 60 28 Law-

1825 5057 79 18 rence
1924 5047 44 29 for
1990 5048 47 29 the
2058 5048 155 29 Beaumont
2233 5047 55 29 and
2310 5046 56 29 Rox-

1825 5087 91 38 burgh
1934 5098 83 28 every
2040 5089 70 37 day;
2130 5091 56 28 and
2208 5090 76 28 leave
2308 5090 57 26 Rox-

1825 5128 91 38 burgh
1949 5128 43 29 for
2025 5129 169 37 Alexandra,
2229 5127 155 36 Cromwell,

1827 5172 180 32 Arrowtown,
2021 5170 55 29 and
2100 5170 183 36 Queenstown
2300 5179 82 27 every

1823 5208 137 40 Tuesday,
1986 5209 145 40 Thursday
2155 5211 56 30 and
2235 5209 149 38 Saturday,

1824 5251 132 38 reaching
1965 5251 185 36 Queenstown
2162 5253 47 28 the
2218 5261 75 19 same
2301 5260 67 19 even-

1824 5290 57 39 ing.
1926 5295 166 36 Passengers
2105 5292 78 30 leave
2201 5291 131 31 Dunedin
2347 5291 37 36 by

1825 5331 45 29 the
1885 5333 63 28 8.15
1962 5344 65 18 a.m.
2051 5334 70 28 train
2135 5346 8 23 ;
2163 5334 78 28 leave
2261 5332 106 36 Queens-

1825 5376 72 24 town
1912 5383 35 18 on
1961 5384 76 18 same
2051 5374 68 38 days
2131 5378 30 24 at
2175 5376 16 26 5
2200 5383 75 25 a.m.,
2290 5371 77 29 reach-

1824 5413 50 38 ing
1886 5413 158 40 Roxburgh
2063 5423 28 19 at
2105 5416 16 27 8
2138 5425 77 28 p.m.,
2229 5414 55 28 and
2297 5412 73 29 arriv-

1825 5453 51 38 ing
1894 5458 28 25 at
1945 5454 149 30 Lawrence
2116 5460 29 23 at
2174 5456 63 28 1.45
2258 5463 67 30 p.m.
2349 5461 35 20 on

1825 5493 144 39 following
1983 5495 79 38 days.

1863 5535 131 30 Dunedin
2016 5536 131 38 Booking
2163 5535 85 30 Office
2262 5535 44 29 for
2319 5534 50 28 Pas-

1827 5586 114 27 sengers
1954 5576 55 28 and
2024 5576 110 28 Parcels
2146 5587 6 17 :
2179 5576 71 28 N.Z.
2263 5576 123 37 Express

1828 5615 75 31 Co.'s
1919 5616 92 30 Office.
2027 5619 205 32 Manse-street,
2247 5614 139 30 Dunedin.

1865 5658 82 29 Head
1973 5657 102 30 Office:
2109 5656 176 37 Peel-street,
2309 5656 59 29 Law-

1828 5708 91 21 rence.

1961 5738 38 31 H.
2022 5737 119 32 CRAIG
2161 5745 24 23 &
2207 5736 69 38 CO.,

2206 5779 144 40 oprietors.

2828 208 330 58 GOATUM.

2608 283 118 38 (FROM
2747 284 77 29 THE
2844 284 119 29 LATIN
3101 283 74 29 GET
3194 282 50 30 AT
3264 279 111 39 'EM.")

2554 376 134 40 Splendid
2705 376 100 29 Values
2819 387 46 18 are
2879 388 61 18 now
2954 377 116 39 offering
3083 376 29 29 in
3126 376 46 29 the
3194 374 94 31 Goods
3302 370 247 33 undermentioned

2514 430 54 16 —a
2582 417 109 39 regular

2491 458 188 29 Flannelettes
2681 457 73 29 —33
2768 457 94 29 inches
2876 457 80 37 wide,
2966 457 106 30 colouts
3083 468 69 26 new,
3162 457 105 40 quality
3278 455 73 40 good
3354 455 68 28 —5s
3436 452 36 30 6d
3486 452 61 29 doz.

2493 500 78 27 Satin
2588 499 107 37 Stripes
2710 498 42 29 for
2766 497 91 39 Boys'*
2865 498 136 29 Suits—it
3016 499 110 29 SUITS
3147 499 44 28 for
3203 508 54 26 any
3270 497 80 29 other
3361 504 120 30 purpose
3484 497 65 24 —at

2418 550 15 18 a
2447 540 74 38 piice
2535 539 60 29 that
2608 539 54 28 will
2678 538 64 39 give
2756 548 53 27 you
2825 549 95 19 reason
2970 543 28 24 to
3012 540 153 28 remember

2493 581 83 28 Dress
2590 579 187 30 Tweeds—42
2792 579 94 30 inches
2902 579 78 37 wide,
2996 580 68 38 7yds
3077 579 151 30 for—shall
3242 578 14 29 I
3270 589 48 27 say
3332 577 23 29 it
3368 577 11 29 ?

2491 621 88 28 Black
2603 626 6 21 t
2618 619 156 28 WILLED
2789 620 99 29 Velvet
2903 621 123 37 Binding
3034 621 43 27 for
3088 620 110 34 Skirts;
3219 620 47 27 the
3279 621 105 25 newest
3395 616 83 36 thing
3491 618 57 24 out.

2493 661 125 28 Another
2634 659 90 38 parcel
2737 659 121 30 Colonial
2874 660 130 28 Blankets
3014 665 58 32 just
3083 661 37 28 in.
3160 659 58 28 The
3229 658 97 39 people
3338 657 53 28 will
3405 657 71 27 have
3485 654 64 34 'em,

2417 710 29 18 so
2458 700 73 28 what
2540 711 44 17 am
2595 700 98 27 Itodo
2706 700 11 27 ?
2757 699 88 29 These
2858 700 132 27 Blankets
3001 710 45 18 are
3058 700 46 28 the
3115 699 110 28 wonder
3234 699 28 27 of
3274 699 45 26 the
3333 696 103 29 Kecord
3448 694 99 38 Reign.

2491 739 109 29 Ladies'
2611 739 54 29 and
2677 739 96 28 Gent's
2787 739 176 37 Waterproof
2974 739 219 29 Garments—32
3206 739 127 27 Patterns
3342 741 28 24 to
3380 736 86 28 select
3476 734 71 29 from

2491 781 28 28 If
2538 781 47 28 it's
2599 781 138 38 Bargains
2751 791 53 25 you
2820 786 80 30 want,
2912 781 60 38 just
2985 781 77 27 mark
3077 781 21 27 it
3111 780 81 28 down
3205 778 54 29 and
3273 778 38 27 let
3325 787 43 18 me
3381 777 92 28 know.

2564 981 101 29 CASH
2688 981 163 35 DRAPER,
2873 979 204 35 CLOTHIER,
3097 1003 9 4 _
3123 978 56 29 ND
3199 976 209 29 IMPORTED

2798 1031 71 30 Rosa
2893 1032 95 34 Plack,
3008 1030 164 30 Lawrrnck.

2623 1408 111 48 J/'J

2933 1228 144 30 TAILOR
3106 1226 83 30 AND
3218 1225 164 30 HATTER.

2808 1310 40 19 AM
2863 1308 159 25 acknowledged
3038 1310 20 18 to
3072 1307 26 20 be
3111 1306 73 21 second
3198 1309 22 18 to
3234 1313 52 13 none
3300 1306 32 20 fwr

2806 1369 139 30 STYLE!

2952 1409 193 38 QUALITY!

3123 1448 316 31 WORKMANSHIP!

2503 1574 154 115 fill

2942 1573 157 22 RESIDENTS
3125 1572 36 21 OF
3189 1571 187 22 UOXBURGH-

2766 1602 79 26 Kinilly
2856 1608 41 14 rem
2900 1609 24 13 en
2934 1602 35 19 her
2984 1602 45 20 that
3038 1602 67 24 owing
3119 1603 21 17 to
3151 1607 33 19 my
3194 1600 99 20 immense
3302 1600 131 26 assoitment,
3445 1599 35 20 the
3489 1598 61 21 Show

2816 1631 19 19 iu
2846 1631 35 19 the
2894 1630 103 21 Windows
3008 1637 16 13 is
3034 1629 48 26 ouly
3092 1636 11 12 a
3114 1635 47 19 very
3172 1628 58 20 small
3241 1631 46 22 part
3293 1626 22 21 of
3325 1634 33 19 my
3370 1627 128 21 Exhibition.

2818 1697 109 25 Intending
2937 1697 118 20 Customers
3067 1696 39 19 will
3117 1696 41 20 find
3167 1692 45 23 thai
3223 1695 9 20 I
3244 1696 51 19 luve
3307 1694 59 21 made
3374 1694 35 21 the
3415 1694 66 20 iusi«le
3487 1694 22 20 of
3515 1701 34 19 my

2764 1723 161 27 E'tublishmeiic
2943 1724 107 28 especially
3070 1727 22 17 at
3104 1730 31 14 rac
3148 1722 39 28 ive,
3205 1722 40 22 and
3263 1722 103 22 earnestly
3382 1722 64 21 invite
3465 1728 41 20 you
3528 1724 21 19 to

2764 1759 85 15 saunter
2864 1753 87 26 through
2970 1754 35 20 the
3025 1759 80 14 various
3123 1752 146 26 Departments
3284 1751 40 21 and
3339 1751 84 27 Inspect
3433 1750 36 22 the
3480 1750 71 21 L<test

2766 1780 106 22 Fashions.

2804 1847 183 31 OPPOSITE
3010 1846 109 32 BANK
3142 1846 48 29 Ob'
3212 1846 88 29 NEW
3319 1845 194 38 ZEALAND,

3090 1888 162 28 Lawkknck.

2480 2033 297 86 ALGETY
2820 2035 92 82 AN

2590 2162 75 30 BEG
2693 2162 48 29 TO
2768 2162 216 29 ANNOUNCE
3006 2161 105 28 THAT
3137 2159 104 29 THEY
3267 2159 109 29 HAVE

2443 2241 452 56 PURCHASED
2932 2239 153 57 THE
3118 2237 402 56 GOODWILL

2712 2351 71 21 —OP
2807 2351 53 20 THE
2886 2338 193 33 BUSINESS
3105 2348 34 21 OP
3163 2348 52 20 THE
3217 2356 36 6 —

2536 2419 262 53 Mutual
2829 2419 266 65 Agency
3130 2416 126 64 Co.,
3288 2416 155 65 Ltd.,

2451 2526 139 38 Together
2604 2525 67 28 wiih
2684 2525 73 29 their
2781 2523 227 35 BUILDINGS,
3027 2521 91 29 which
3132 2521 53 28 will
3198 2521 163 29 henceforth
3373 2532 37 29 go
3424 2522 89 30 under

2891 2564 48 29 the
2953 2573 81 20 name
3047 2562 30 30 of

2417 2645 662 91 DALGETY'S
3118 2645 426 89 STORE.

2493 2853 82 30 I'liosp
2599 2852 97 29 Stores
2718 2862 47 19 are
2789 2855 130 34 amongst
2940 2851 48 29 the
3011 2850 119 39 Largest
3149 2848 55 30 and
3226 2849 219 41 Best-equipped
3460 2849 26 30 in
3502 2850 47 29 the

2413 2896 116 36 (\Uiy,
2542 2895 55 28 and
2621 2904 51 17 <>ur
2695 2893 106 28 friends
2824 2903 62 28 may
2909 2892 140 29 therefore
3071 2891 58 37 rely
3151 2900 74 28 upon
3248 2890 73 29 their
3340 2891 209 40 consignments

2413 2936 84 38 being
2510 2938 95 25 shown
2622 2941 28 20 to
2667 2934 46 27 tire
2730 2933 61 28 best
2803 2933 158 37 advantage
2975 2932 79 28 when
3067 2931 121 37 exposed
3203 2930 45 29 for
3259 2930 66 30 sale.

2432 3084 118 30 Auotion
2567 3084 52 28 Sal-
2632 3094 12 16 s
2657 3083 31 29 of
2701 3080 181 40 Sheepskins,
2896 3080 192 36 Rabbitskine,
3102 3080 98 37 Hides,
3213 3080 113 36 Tallow,
3338 3080 61 37 &c.,
3412 3082 116 39 weekly.

2643 3230 75 29 Send
2744 3230 45 30 for
2814 3241 51 18 our
2891 3229 105 30 Advice
3017 3229 88 29 Notes
3130 3229 55 29 and
3210 3229 111 30 Labels.

2607 3364 95 52 T@
2763 3363 211 63 Sheep
3036 3364 311 53 Owiefs:

2855 3689 231 77 Powder

2679 3842 37 29 IS
2742 3841 217 29 ANNUALLY
2986 3841 102 29 USED
3116 3837 106 31 UPON
3251 3837 23 28 A

2413 3920 351 66 QUARTER
2780 3935 37 23 0F
2829 3935 57 23 THE
2902 3916 240 59 SHEEP
3157 3933 33 23 »
3203 3932 58 22 raß
3286 3910 254 60 WORLD

2447 4037 60 30 ITS
2528 4036 236 30 BENEFICIAL
2786 4034 168 30 EFFECTS
2974 4032 80 29 AND
3074 4031 168 29 LASTING
3265 4022 237 36 PROPERTIES

2815 4086 129 30 ALONE
2970 4083 113 30 MAKE
3109 4083 38 29 IT

2411 4149 155 56 THE
2606 4147 396 58 CHEAPEST
3038 4144 94 53 OF
3171 4142 146 56 ALL
3355 4137 188 57 DIPS.

2411 4255 66 32 figg*
2483 4253 176 28 PROCURABLE
2685 4260 73 20 FROM

2903 4287 102 31 JOHN
3039 4285 214 35 THOMPSON,
3278 4285 158 31 Lawrence,

2824 4341 65 31 And
2912 4342 71 28 from
3005 4340 35 28 all
3065 4338 87 30 Stock
3173 4338 57 30 and
3255 4337 110 31 Station
3387 4335 120 38 Agents.

2459 4422 178 47 Murray,
2665 4420 175 38 Roberts
2873 4417 201 53 and_Co.,
3107 4422 82 31 Chief
3215 4423 108 34 Agents
3344 4420 45 28 for
3411 4417 100 35 Otago.

2729 4956 69 46 \\\
2829 4956 40 46 75

2733 4977 136 65 w#

2906 5083 49 19 lad
3001 5086 5 11 ;
3003 5058 15 18 R
3015 5080 31 19 SA

2533 5133 155 56 NEW
2749 5135 92 54 RA
2864 5134 69 55 PI
2951 5135 42 51 I)
3044 5129 387 57 BICYCLES.

2415 5236 61 58 ST.
2491 5233 115 23 GEORGE
2624 5233 205 22 EMOfN'EE'ir.VG
2842 5234 50 25 CO.,
2908 5233 101 24 Limited,
3024 5240 33 12 are
3067 5231 35 20 the
3112 5231 80 21 Makers
3203 5231 22 21 of
3234 5230 35 21 the
3278 5230 48 26 only
3339 5231 80 25 Bicycle
3429 5233 113 25 pisMgahg

2477 5264 21 20 in
2509 5263 69 25 happy
2587 5262 139 20 combination
2739 5264 34 18 the
2784 5267 113 20 perfection
2907 5261 22 19 of
2936 5264 57 16 those
2998 5259 57 27 quali
3067 5261 28 18 ies
3102 5258 143 22 mostcuveted
3253 5259 25 25 by
3286 5266 39 18 exp
3334 5258 60 20 -firfiic
3401 5259 19 20 sil
3430 5260 112 25 Cyclists—

2585 5294 200 29 STABILITY
2806 5295 5 28 !
2890 5293 142 29 SPEED!
3112 5292 265 30 DURABILITY!

2434 5332 3 28 •
2462 5337 48 21 This
2521 5336 42 20 fact
2571 5334 37 21 h-is
2617 5334 82 21 bec-xne
2708 5335 103 25 g*n»!rally
2822 5334 115 26 recognised
2949 5334 19 20 in
2978 5333 105 27 Tuap-)lci,
3095 5333 39 21 and
3145 5334 19 19 in
3175 5341 48 12 cms
3236 5340 13 19 q
3259 5339 55 14 lenci
3330 5332 10 21 I
3355 5340 32 13 ain
3403 5333 55 27 daily
3468 5334 74 25 selling

2411 5366 58 20 thes<
2479 5363 105 21 M.tc'nines
2594 5366 22 15 to
2627 5362 87 24 Cyclists
2725 5362 45 20 who
2779 5363 52 18 have
2841 5362 49 19 be«n
2900 5360 143 26 disappointed
3055 5362 24 19 l>v
3090 5361 60 20 other
3161 5361 76 22 makes,
3249 5360 40 21 and
3301 5360 45 19 who
3354 5367 35 13 are
3394 5362 54 22 glad,
3460 5362 83 26 indeed,

2411 5393 32 22 for
2453 5398 31 15 ine
2495 5396 21 15 to
2526 5389 59 21 make
2594 5388 57 21 them
2659 5395 25 14 an
2694 5388 111 21 allowance
2815 5388 30 21 for
2857 5388 54 21 their
2921 5388 65 21 discar
2994 5387 32 22 led
3038 5391 84 18 mounts

2413 5432 54 36 As
2480 5430 92 36 Part
2585 5426 301 46 Paymentfora
2899 5426 288 45 Machinethey
3198 5436 78 27 can
3292 5426 169 45 Depend
3476 5437 66 26 on.

2467 5517 66 22 Those
2543 5515 44 20 wh«
2596 5520 35 14 are
2641 5515 35 19 not
2689 5513 21 21 in
2719 5520 11 13 a
2742 5513 87 27 position
2840 5513 22 20 to
2872 5513 100 26 purchase
2982 5520 38 14 one
3029 5513 21 21 of
3060 5513 58 21 these
3127 5513 53 21 ide.il
3190 5513 68 22 steeds
3268 5520 37 14 can
3314 5513 72 21 obtain
3397 5513 53 23 from
3462 5522 33 15 me

2533 5543 70 29 New
2624 5551 55 19 and
2705 5543 200 27 Sejond-hand
2934 5541 131 29 Bicyclks
3087 5542 30 28 of
3139 5552 83 24 every
3245 5541 181 38 description.

2631 5619 692 69 CHARLESSTOKES,

2571 5699 218 33 MERCHANT
2820 5699 153 38 TAILOR,
2999 5700 70 30 Ross
3101 5699 99 38 Place,
3226 5699 162 33 Lawrence.

2822 5753 96 39 Agent
2943 5753 44 30 for
3012 5752 140 41 Tuapeka.

2490 5797 109 29 •VeAopiei
2612 5802 27 15 on
2653 5793 141 29 Application.
2853 5804 8 6 •
3155 5793 102 30 Ordering
3269 5794 94 25 Mention
3377 5795 43 24 tbia
3432 5796 74 30 P»p«r.

3582 200 258 49 Speargrass
3874 198 92 40 Flat
4004 190 136 46 Hotel,

3681 264 103 29 BALD
3807 263 95 30 HILL
3926 260 110 32 FLAT.

3580 346 91 22 JAMES
3683 345 153 22 FALCONER
3941 355 22 4 -
3989 342 150 22 Proprietor.
4159 356 7 3 -

3580 416 99 29 '"PHE
3693 416 87 28 above
3795 414 85 29 Hotel
3893 413 56 29 will
3964 413 34 28 be
4012 409 90 31 found
4121 419 18 18 a

3664 460 72 25 most
3762 454 182 31 comfortable
3973 452 55 30 aud
4061 449 76 31 well-
4158 467 5 4 •

3580 497 150 40 appointed
3743 497 96 28 House
3855 497 36 35 by
3914 494 153 29 Travellers
4081 491 57 29 and
4155 491 4 46 .

3580 540 47 28 the
3639 537 94 41 public
3747 536 151 40 generally.
3939 535 118 29 Patrons
4072 541 65 29 may

3580 579 57 39 rely
3650 590 35 19 on
3700 589 82 27 every
3800 577 137 30 attention
3952 576 85 38 being
4050 574 85 39 given

3580 625 27 24 to
3618 621 72 26 their
3703 619 128 28 comfort.

3579 692 39 28 An
3619 701 5 9 t
3637 691 159 29 Excellent
3809 690 89 28 Table
3912 691 119 26 Always
4046 687 88 28 Kept.

3641 764 72 38 Only
3730 764 46 29 the
3791 764 66 28 Best
3871 762 118 39 Liquors
4003 760 77 39 Kept

3785 805 30 27 in
3829 804 97 28 Stock.

3584 859 157 28 First-class
3756 858 139 36 Stabling,
3909 856 67 28 with
3994 855 100 29 Groom
4109 854 29 29 in

3773 898 177 31 attendance.

3582 986 282 59 RAILWAY
3941 985 197 36 HOTEL,

3672 1058 68 21 ROSS
3758 1055 99 25 PLACE,
3879 1054 169 22 LAWRENCE.

3580 1125 109 37 John
3717 1122 152 46 Laffey,
3900 1121 237 46 Proprietor
4157 1135 6 4 -

3656 1183 80 38 (Late
3749 1182 29 30 of
3791 1181 146 30 Havelock
3951 1180 106 39 Hotel.)

3615 1265 19 28 J
3646 1265 31 28 L;
3693 1264 69 38 begs
3783 1266 28 26 to
3824 1263 127 28 intimate
3964 1262 61 28 that
4038 1261 35 29 lie
4086 1261 51 28 has

3579 1304 154 39 purchased
3764 1303 49 28 the
3844 1303 87 28 above
3958 1301 179 29 well-known

3580 1345 141 38 Hostelry,
3730 1344 54 29 and
3801 1343 96 39 hopes,
3904 1343 38 37 by
3951 1343 80 28 strict
4043 1346 92 25 atten-
4150 1359 11 5 -

3580 1387 57 29 tion
3651 1392 28 23 to
3693 1386 47 29 the
3750 1385 117 29 comfort
3876 1384 29 30 of
3918 1383 153 30 Travellers
4079 1383 56 28 and

3580 1428 47 28 the
3639 1427 94 39 public
3747 1425 150 39 generally,
3911 1429 28 25 to
3955 1428 72 26 meet
4039 1423 68 30 with
4119 1433 17 19 a
4159 1423 4 43 ,

3578 1468 54 28 fair
3644 1468 80 28 share
3737 1467 29 28 of
3778 1471 162 33 patronage.

3617 1508 58 28 The
3698 1507 60 29 Kail
3763 1517 58 28 way
3843 1506 23 30 is
3889 1516 52 19 one
3954 1505 30 29 of
3996 1505 48 29 the
4057 1505 61 29 best-

3578 1547 149 41 appointed
3740 1547 98 30 Hotels
3846 1547 108 29 outside
3963 1545 30 30 of
4005 1545 129 29 Dunedin

3579 1590 98 30 Under
3688 1588 87 30 J.L.'s
3790 1592 202 35 management,
4003 1587 46 28 the
4059 1597 74 18 com-
4156 1587 3 40 •

3578 1632 56 28 fort
3647 1631 29 28 of
3684 1637 113 31 patrons
3806 1629 54 29 will
3872 1630 33 28 be
3918 1628 77 29 made
4006 1638 16 18 a
4032 1627 101 38 special
4149 1640 10 14 <t

3578 1672 115 32 feature,
3707 1670 55 28 and
3775 1680 35 18 110
3823 1670 82 28 effort
3916 1668 54 29 will
3985 1669 34 27 be
4033 1667 100 38 spared

3579 1715 27 26 to
3620 1710 64 40 give
3698 1719 82 29 every
3794 1709 181 29 satisfaction.

3578 1785 58 29 The
3650 1785 62 28 best
3725 1783 103 29 brands
3841 1783 30 29 of
3893 1782 105 36 Wines,
4022 1781 111 39 Spirits,

3614 1825 56 28 and
3685 1824 66 29 Ales
3763 1824 102 38 always
3884 1823 68 38 kept
3965 1823 28 27 in
4006 1823 90 28 stock.

3578 1899 130 39 Simpson
3721 1897 55 29 and
3791 1897 97 29 Hart's
3902 1896 66 29 Ales
3982 1896 101 39 always
4097 1906 35 18 on
4154 1896 3 42 .

3826 1937 69 40 Tap.

3578 2014 159 29 First-class
3748 2011 131 40 Stabling
3891 2010 244 31 Accommodation

3584 2077 297 57 MASONIC-
3911 2074 234 41 HOTEL!

3672 2138 68 21 ROSS
3754 2137 97 25 PLACE,
3866 2135 168 23 LAWRENCE.

3577 2207 33 30 11.
3631 2207 112 29 WEBB
3950 2206 182 28 Proprietor.
4150 2228 7 5 ,

3612 2288 59 29 The
3904 2286 101 30 affords
4027 2286 37 29 all
4083 2286 49 28 the

3576 2329 131 30 comforts
3719 2328 30 31 of
3761 2340 16 18 a
3789 2329 90 36 home,
3890 2327 55 30 and
3958 2326 24 31 is
3996 2326 133 41 provided

3576 2371 66 26 with
3655 2370 47 28 the
3723 2380 67 27 very
3810 2370 61 27 best
3884 2368 248 29 Accommodation
4151 2386 5 6 *

3575 2409 44 29 for
3643 2409 161 30 Travellers.
3844 2408 159 29 First-class
4035 2406 96 30 Table.
4149 2430 7 4 .

3576 2450 67 30 Best
3662 2449 96 31 Wines
3780 2450 56 30 and
3857 2449 101 40 Spirits
3980 2448 103 40 always
4102 2448 29 28 in

3575 2491 89 30 stock.

3696 2558 133 22 CHARGES
3848 2557 160 22 MODERATE.

3611 2614 59 29 The
3693 2614 160 39 Proprietor
3878 2614 99 29 wishes
4002 2616 30 26 to
4053 2613 77 28 draw
4146 2630 5 8 .

3577 2654 107 39 Special
3709 2655 136 28 attention
3869 2657 29 26 to
3925 2654 47 29 the
3998 2652 134 39 Stabling
4146 2679 7 5 „

3575 2694 247 31 Accommodation
3840 2694 142 39 provided,
3996 2693 91 30 which

3576 2735 154 35 unlimited,
3743 2735 54 29 and
3810 2735 29 29 of
3852 2737 46 27 the
3912 2736 61 28 best
3987 2735 78 29 kind.

3582 2799 111 58 ylO
3707 2798 126 30 TORI
3846 2799 28 28 A
3948 2797 99 31 HOT
4060 2797 97 32 JUL,..

3665 2867 71 21 PEEL
3748 2865 111 28 STREET,
3876 2865 169 23 LAWRENCE.

3599 2958 173 36 Ronald
3787 2978 6 7 <
3818 2962 27 30 o
3862 2961 229 31 ntgomery
4098 2980 6 19 ;

3767 3014 180 29 Proprietor.

3575 3110 60 28 One
3657 3109 29 28 of
3707 3109 47 28 the
3775 3112 71 24 most
3871 3107 182 30 comfortable
4072 3108 67 29 an&
4149 3126 7 11 *

3601 3147 230 32 best-conducted
3845 3147 99 30 Hostel
3948 3148 51 29 ries
4010 3158 35 19 on
4057 3149 46 29 the

3723 3191 90 35 Otago
3827 3189 161 29 Goldfields.

3673 3281 58 21 HOT
3752 3281 63 21 AND
3834 3281 75 20 COLD
3928 3280 101 22 BATHS.

3598 3349 111 29 Sample
3729 3349 96 29 Rooms
3846 3358 51 19 for
3915 3349 185 31 Travellers.

3571 3431 167 39 Passengers
3746 3430 86 29 called
3839 3430 47 29 for
3894 3431 46 29 the
3948 3431 76 39 early
4032 3431 93 34 Train,
4144 3460 8 5 .

3577 3575 314 61 |)IT0
3925 3577 22 24 H
3982 3577 17 24 B
4035 3577 18 26 L
4084 3576 20 26 L

3630 3721 70 26 THS
3747 3721 158 25 POPULAR
3941 3720 121 32 HGU--IK,

3752 3785 43 25 La
3801 3784 149 26 WRENCH).

3584 3867 10 16 s
3608 3865 50 16 ii.«w
3676 3857 104 31 opening
3800 3863 30 23 up
3850 3854 39 25 his
3912 3853 63 26 First
3998 3855 126 32 Shipment

3587 3902 24 23 of
3627 3901 144 24 SUUvlßit,
3788 3899 169 28 DlllPKltV,
3974 3900 114 23 cousisiin
4100 3907 29 18 ?v

3585 3946 24 25 of
3618 3946 28 24 .ill
3659 3947 39 23 :bn
3707 3946 69 24 latest
3789 3943 117 26 noveltiei
3915 3949 34 18 lor
3962 3949 38 19 toe

3653 3992 91 17 svason.
3763 3983 47 24 and
3825 3990 77 23 pr.ces
3916 3989 22 16 to
3958 3987 87 19 maroli.

3692 4023 92 23 iViilline
3799 4029 14 23 y
3828 4030 14 15 a
3865 4021 138 31 Speciality.

3605 4165 109 29 (gjrtf.B.
3733 4163 113 24 —Vis»ts
3881 4164 90 22 Millers
3998 4163 44 23 tfla
4092 4168 30 18 ill

3577 4203 128 32 roxoui'gh
3717 4209 74 24 eveiy
3806 4209 37 17 six
3860 4202 85 24 weeks.

3999 5448 32 22 m

3969 5514 36 66 »

3599 5660 177 43 TOTHILL,
3795 5665 176 41 WATSON,
3991 5668 25 30 &
4036 5668 16 40 C
4052 5668 67 40 0.,.

3594 5785 56 28 Sole
3662 5787 90 33 AgQQta
3766 5788 37 28 for
3816 5790 77 33 Utago
3909 5790 50 27 and
3977 5791 143 29 Southland,
