4240 5910
106 217 35 19 an
174 207 165 40 inspection,
364 210 87 41 being
475 208 105 42 graded
605 207 53 30 and

101 248 138 32 branded.
279 251 107 32 Buyers
399 252 67 29 then
483 254 81 26 knew
586 250 72 28 what

101 288 68 38 they
184 301 71 19 were
269 292 120 40 getting.

138 330 59 31 The
210 332 147 31 Chairman
368 334 58 29 said
435 334 61 29 that
502 334 44 28 Mr
555 331 103 30 Lorie's

99 371 73 29 iNew
199 372 120 30 Zealand
341 384 87 29 paper
447 384 55 18 was
523 373 30 28 of
574 372 80 28 much

96 412 95 35 Talue,
207 414 53 28 and
275 414 35 29 he
322 414 143 38 regretted
487 415 23 27 it
531 413 53 28 had
609 415 49 25 not

101 456 50 34 got
165 454 60 29 into
239 455 46 28 the
299 455 89 28 hands
408 455 29 28 of
457 455 35 28 all
519 454 30 28 of
570 454 84 27 them,

103 496 28 25 it.
143 505 59 18 was
214 495 99 29 almost
334 496 159 39 impossib'e
516 496 43 27 for
579 495 77 26 those

103 534 61 28 who
179 535 53 29 had
247 541 48 24 not
309 537 63 28 read
388 537 46 28 the
447 546 84 28 paper
545 539 27 23 to
591 534 65 28 hear

103 575 74 29 what
191 576 53 29 had
260 578 69 28 been
342 577 56 29 said
410 578 25 28 in
450 577 67 29 New
528 575 115 30 Zealand

143 616 45 29 Mr
202 618 114 29 Atthow
330 618 56 28 said
402 618 61 28 that
480 617 45 28 the
548 616 106 27 district

101 658 177 37 represented
305 659 26 28 in
365 659 69 28 New
456 657 118 29 Zealand
601 664 53 19 was

100 698 90 35 small,
207 699 48 28 but
276 700 27 27 in
326 699 173 36 Queensland
523 703 27 23 to
571 696 81 38 applv

101 737 22 27 it
136 739 142 36 generally
291 739 77 28 there
382 739 90 29 would
487 739 68 26 have
569 741 28 22 to
621 736 33 26 be

101 789 16 16 a
143 789 66 18 verv
233 779 48 32 big
308 779 183 32 undertaking
491 775 3 36 1
498 801 5 5 .
543 775 109 30 Dealers

225 819 5 4 •
600 815 5 11 1
620 814 14 12 *1

102 828 70 18 were
185 819 88 37 going
286 819 79 28 down
387 829 81 27 every
487 828 72 26 year,
574 819 78 24 while

102 868 120 26 growers
232 859 170 38 complained
414 860 58 27 that
483 859 45 28 the
539 854 96 31 middle-

103 908 60 17 men
179 909 70 19 were
263 900 112 37 getting
388 904 45 24 too
447 898 89 29 much.
575 896 75 35 Very

102 939 75 28 often
190 939 66 29 fruit
276 951 54 17 was
345 944 60 25 sent
425 944 28 24 to
474 939 46 28 the
546 936 105 29 market

101 980 154 35 worthless,
268 981 54 28 and
334 981 46 28 the
402 989 120 29 growers
545 981 49 33 got
616 986 33 16 no

101 1023 106 27 return.
247 1021 44 29 He
304 1021 86 39 spoke
403 1021 29 29 of
440 1021 46 28 the
496 1016 154 32 difficulties

103 1062 181 36 experienced
327 1063 28 27 in
399 1062 185 36 co-operation
623 1066 26 17 in

101 1100 177 36 ■Queensland
292 1103 26 27 in
334 1103 47 28 the
398 1099 143 40 pineapple
558 1097 77 29 indus-

90 1141 2 39 .
103 1144 54 34 try.
198 1141 57 29 The
280 1146 78 34 great
383 1141 132 29 difficulty
543 1149 55 17 was
624 1141 28 24 to

104 1188 49 28 get
178 1182 46 28 the
256 1183 109 38 surplus
397 1182 67 28 fruit
488 1190 83 24 away.
611 1177 39 28 To

103 1221 61 29 deal
179 1222 63 28 with
258 1223 60 27 that
331 1223 66 38 they
421 1220 95 31 should
541 1219 70 29 have
636 1228 15 17 a

105 1262 117 37 pulping
245 1267 113 31 system.
398 1260 191 39 Co-operatiou
623 1263 28 24 to

104 1301 35 28 do
158 1311 54 28 any
234 1301 74 39 good
331 1301 90 29 would
444 1302 68 28 have
533 1303 29 25 to
585 1297 64 30 take

91 1351 88 28 -away
193 1344 48 26 the
262 1341 109 38 surplus
395 1341 77 29 fruit.
510 1340 58 28 The
588 1349 61 18 man

104 1382 61 28 who
178 1386 62 24 sent
252 1381 42 29 his
303 1382 67 28 fruit
383 1384 29 26 to
426 1381 107 28 market
543 1381 26 27 in
579 1378 71 39 good

104 1421 71 32 style
188 1432 66 29 very
273 1421 105 30 seldom
398 1425 74 25 went
491 1421 90 35 down,
602 1419 50 28 but

103 1463 48 27 the
165 1473 63 17 man
241 1463 61 27 who
315 1466 61 24 sent
387 1462 116 28 rubbisli
516 1466 49 23 not
587 1461 64 36 only

104 1504 51 33 got
167 1511 37 17 no
212 1505 104 29 return,
324 1502 52 27 but
386 1501 82 36 spoilt
478 1500 47 28 the
536 1499 115 28 market.

139 1539 47 30 Mr
198 1539 32 31 F.
245 1539 32 31 C.
291 1539 90 30 Smith
392 1539 99 37 (South
501 1539 148 35 Australia)

103 1581 85 37 spoke
200 1581 30 28 of
242 1581 47 28 the
296 1590 108 19 success
414 1580 31 29 of
452 1580 47 29 the
508 1590 126 28 co-opera-

102 1621 56 28 tive
170 1631 31 18 or
214 1623 72 25 trust
310 1624 102 33 system
438 1621 27 26 in
494 1619 156 29 California.

102 1659 70 30 That
185 1670 55 19 was
253 1659 145 40 especially
419 1670 30 19 so
472 1659 27 30 in
513 1660 47 29 the
574 1659 75 30 dried

100 1701 68 30 fruit
181 1701 135 39 industry.
355 1701 83 30 Their
450 1701 201 30 Governments

99 1752 71 18 were
183 1742 114 39 helping
306 1742 86 29 them.
432 1742 88 29 South
535 1744 100 27 Austra-

99 1781 36 29 lia
158 1782 56 29 had
240 1793 16 18 a
284 1781 188 31 Government
498 1782 93 39 depot,
621 1786 30 25 to

99 1823 89 29 which
214 1823 78 29 small
324 1834 121 28 growers
470 1823 82 29 could
583 1823 66 29 send

99 1863 73 28 their
184 1863 68 29 fruit
260 1864 43 28 for
312 1868 108 34 export.
459 1863 58 29 The
528 1863 104 29 Govern-

99 1911 77 21 ment
189 1904 27 28 in
231 1904 66 28 such
306 1915 16 17 a
331 1914 62 19 case
402 1915 55 17 was
466 1904 84 34 doing
559 1903 90 35 legiti-

531 1931 17 12 O
585 1930 15 4 ~

99 1948 74 26 mate
195 1945 135 29 business.
368 1944 46 30 He
437 1945 58 28 also
519 1944 129 30 favoured

100 1985 189 29 intercolonial
311 1985 197 39 co-operation,
534 1997 30 16 so
590 1986 60 27 that

100 2026 67 28 with
193 2026 72 28 their
289 2026 95 28 united
413 2026 147 28 industries
585 2026 65 37 they

99 2065 92 38 might
210 2065 100 29 invade
335 2066 46 28 the
403 2066 122 28 markets
550 2065 29 29 of
604 2066 47 28 the

97 2105 96 29 world.

136 2146 47 28 Mr
195 2146 126 39 Whitely
343 2146 236 38 (Kockhampton)
593 2146 58 28 said

98 2186 62 27 that
179 2190 29 24 to
231 2190 49 35 get
301 2186 47 29 the
374 2186 50 28 full
449 2186 80 29 value
553 2186 29 28 of
605 2196 31 18 co-

99 2226 141 39 operation
254 2227 22 29 it
289 2227 89 29 would
392 2227 70 29 have
475 2231 28 25 to
517 2228 34 28 be
564 2227 72 29 inter-

99 2267 125 29 colonial.
264 2268 58 28 The
341 2268 104 28 dealers
470 2268 117 28 suffered
604 2268 31 28 be-

99 2317 82 18 cause
194 2307 78 29 there
286 2318 71 18 were
369 2312 47 24 too
428 2318 80 27 many
523 2308 29 28 of
565 2308 84 28 them.

136 2347 47 29 Mr
195 2347 137 31 Williams
358 2348 145 37 (Victoria)
518 2348 58 30 said
590 2349 61 29 that

99 2388 47 28 the
160 2399 67 17 crux
240 2390 30 27 of
282 2390 47 28 the
343 2390 116 38 position
470 2389 29 29 of
512 2390 48 28 the
572 2390 78 28 trade

98 2439 56 18 was
167 2430 198 38 co-operation.
405 2430 28 28 It
445 2440 56 18 was
513 2436 29 23 to
553 2430 47 29 the
609 2440 28 18 re-

99 2474 73 24 mote
204 2480 122 28 growers
358 2471 61 28 that
444 2470 47 30 the
515 2471 135 38 principle

98 2510 91 36 might
202 2510 61 28 best
278 2510 93 38 apply.

137 2550 44 28 Mr
190 2550 123 30 Pulleine
323 2553 9 33 (
358 2551 65 29 outh
435 2552 150 36 Australia)
594 2552 57 29 said

98 2592 61 28 that
172 2592 46 28 the
234 2596 71 25 most
318 2593 152 39 important
478 2593 82 39 <point
572 2593 29 29 in
610 2593 42 29 his

98 2633 69 28 view
193 2643 56 17 was
272 2633 48 28 the
344 2635 193 35 appointment
562 2634 30 28 of
616 2644 33 17 an

98 2672 139 38 inspector
250 2672 28 29 of
292 2672 77 29 fruit.
409 2677 26 24 A
461 2674 116 38 speaker
597 2674 52 27 had

99 2713 120 29 referred
240 2718 28 23 to
282 2723 68 29 poor
363 2714 126 38 qualities
502 2726 6 16 :
522 2714 80 29 much
623 2714 29 29 of

99 2754 47 29 the
158 2754 68 29 fruit
240 2754 61 29 that
314 2759 51 31 got
378 2766 33 17 on
427 2759 29 25 to
470 2755 47 29 the
537 2759 98 25 Austra-

99 2795 52 27 lian
179 2795 108 28 maiket
311 2795 100 28 should
437 2806 83 19 never
542 2800 48 34 get
604 2796 31 28 be-

98 2835 72 38 yond
187 2835 46 29 the
254 2835 133 39 pig-stye.
426 2836 58 29 The
506 2841 79 33 great
610 2837 28 27 in-

99 2876 62 38 jury
176 2879 28 25 to
214 2877 90 38 prices
316 2886 54 19 was
379 2877 122 38 through
510 2877 46 29 the
565 2886 69 29 quan-

99 2917 52 38 tity
180 2917 28 30 of
233 2917 113 30 inferior
378 2919 67 28 stuff
471 2922 50 35 put
545 2928 33 19 on
604 2917 47 30 the

99 2958 117 28 market.

139 2997 45 30 Mr
197 2997 123 30 Mitchell
336 2998 94 34 (Wide
442 2999 68 38 Bay)
521 2999 58 29 said
593 2999 59 28 that

104 3039 47 28 the
165 3039 64 37 only
242 3039 70 28 form
338 3041 29 26 of
392 3041 187 36 co-operation
593 3041 60 27 that

103 3078 80 29 could
216 3079 113 28 succeed
361 3089 56 18 was
456 3079 61 29 that
547 3081 29 27 of
607 3080 46 28 the

104 3128 130 29 growers.
273 3118 45 29 He
331 3119 125 38 strongly
472 3119 85 38 urged
570 3120 70 28 inter-

105 3158 113 30 colonial
233 3158 78 39 unity
359 3158 57 30 The
428 3159 57 29 also
511 3160 107 29 wanted
638 3171 15 17 a

104 3199 146 40 periodical
264 3199 28 29 in
306 3199 88 31 which
408 3200 64 38 they
486 3200 81 30 could
580 3212 54 18 com-

103 3241 136 27 municate
253 3241 66 27 with
333 3241 78 28 other
423 3241 87 28 other.

139 3280 45 29 Mr
197 3279 92 36 Quinn
306 3280 98 36 (South
431 3281 150 35 Australia)
594 3281 57 29 said

101 3321 60 28 that
186 3331 120 28 growers
330 3321 89 39 might
441 3326 48 24 not
514 3322 65 39 only
605 3333 31 19 co-

101 3368 110 32 operate
231 3362 27 28 in
285 3362 108 37 selling,
416 3362 50 29 but
490 3363 28 28 in
544 3364 107 38 buying

99 3403 73 27 what
184 3402 64 38 they
258 3402 116 29 wanted.
397 3403 112 38 Buying
522 3415 129 18 manures

99 3442 52 28 and
167 3442 171 29 insecticides
361 3442 27 29 in
412 3443 75 38 large
501 3444 148 38 quantities

98 3484 88 28 would
214 3483 96 29 enable
336 3484 75 29 them
437 3489 29 24 to
481 3486 81 28 effect
584 3496 48 19 con-

99 3524 134 28 siderable
246 3524 106 40 saving.

136 3565 40 28 Dr
195 3565 88 29 Lucas
297 3566 58 28 said
376 3566 61 28 that
463 3567 47 28 the
532 3567 101 29 middle-

97 3615 61 18 men
174 3615 70 18 were
256 3615 30 19 as
299 3605 64 29 wild
388 3606 84 29 about
498 3607 47 29 the
558 3607 89 39 prices

98 3646 29 28 of
140 3646 67 28 fruit
219 3656 30 18 as
261 3646 47 28 the
323 3657 129 27 growers.
492 3648 58 28 The
559 3649 89 37 prices

97 3686 96 28 should
212 3686 32 28 be
258 3686 71 28 fixed
353 3687 37 38 by
404 3688 47 28 the
462 3688 119 29 vendors
595 3689 54 28 and

99 3733 47 21 not
171 3727 45 27 the
237 3727 109 37 buyers.
386 3728 58 28 The
463 3728 188 29 Government

99 3767 96 28 should
210 3771 60 34 step
284 3767 26 28 in
325 3768 52 28 and
391 3774 115 33 prevent
532 3770 47 29 the
593 3770 56 29 sale

99 3808 29 28 of
140 3808 67 28 fruit
221 3808 68 28 unfit
301 3808 44 28 for
358 3820 56 17 use.

137 3848 44 27 Mr
205 3848 104 28 l-arnell
338 3849 134 37 (Drayton
498 3850 54 28 and
579 3850 53 29 Too-

99 3888 134 29 woomba)
247 3888 57 29 said
318 3888 61 31 that
399 3890 65 39 they
485 3891 79 29 could
579 3891 71 40 hope

159 3930 35 27 do
226 3930 118 38 nothing
383 3931 63 28 here
484 3933 68 27 until
586 3933 64 38 they

99 3970 113 38 stopped
230 3970 45 28 the
288 3971 109 29 auction
419 3973 79 28 sales.
538 3973 44 29 He
596 3973 53 29 had

99 4020 61 18 seen
185 4010 33 27 all
244 4014 70 25 sorts
339 4012 29 28 of
394 4013 116 28 rubbish
538 4014 59 28 sold
623 4019 28 24 at

100 4051 118 35 auction,
254 4050 52 29 and
340 4052 46 29 the
419 4053 77 29 small
529 4065 122 28 growers

100 4092 101 27 carried
219 4092 70 28 their
303 4092 67 29 fruit
383 4095 85 27 round
482 4097 52 26 and
550 4095 59 29 sold
623 4100 28 24 at

102 4133 136 27 whatever
251 4133 62 36 they
329 4134 80 28 could
423 4141 45 31 get
489 4135 44 29 for
545 4137 31 27 it.

138 4172 64 28 This
213 4172 91 29 closed
318 4173 46 28 the
378 4174 161 30 discussion.

138 4213 45 26 Mr
209 4213 70 28 Kirk
294 4213 26 28 in
335 4215 86 37 reply,
445 4217 56 27 said
528 4218 34 27 he
585 4217 64 29 took

101 4252 47 29 the
170 4253 122 29 remarks
317 4264 29 19 as
356 4266 16 17 a
385 4265 66 28 very
472 4264 78 31 great
577 4269 54 17 com-

98 4293 113 37 pliment
252 4302 28 21 to
318 4293 70 30 New
423 4297 129 30 Zealand.
592 4299 57 28 The

99 4338 65 22 iNew
178 4333 118 29 Zealand
318 4336 173 29 Association
505 4349 54 18 was
581 4339 65 37 only

96 4384 16 16 a
125 4373 108 28 district
242 4385 59 25 one,
315 4375 50 28 but
376 4375 21 28 it
412 4387 54 18 was
480 4389 33 17 an
525 4380 124 38 example

96 4418 28 23 to
150 4413 33 28 all
215 4415 154 35 Australia;
395 4417 21 26 it
442 4418 52 27 had
519 4425 55 23 met
602 4420 47 28 the

95 4453 105 30 dealers
210 4454 51 27 and
274 4455 97 29 beaten
383 4457 83 29 them.
500 4458 57 30 The
569 4460 75 29 work

94 4494 31 28 of
150 4495 47 27 the
211 4495 160 28 association
387 4507 53 18 was
459 4509 66 28 very
550 4500 96 36 strict;

179 4535 47 28 the
238 4535 133 39 spraying
394 4538 29 28 of
444 4538 47 29 the
516 4541 129 29 orchards

94 4575 54 28 had
176 4582 28 21 to
219 4576 33 27 be
266 4575 70 29 done
350 4578 87 28 under
449 4580 47 27 the
514 4580 130 29 direction

94 4616 31 29 of
161 4616 47 29 the
253 4617 93 30 board.
386 4619 58 29 The
479 4621 67 29 frnit
593 4634 53 17 was

94 4657 134 35 gathered
251 4658 54 27 and
318 4659 104 34 graded
444 4665 28 23 to
496 4662 130 28 standard
639 4674 8 23 ;

94 4706 82 27 every
185 4706 14 18 c
209 4706 36 18 ise
256 4697 281 40 borethecompany's
546 4702 98 28 brand.

97 4735 57 28 The
184 4746 131 28 manager
345 4737 72 29 lived
447 4739 28 27 in
510 4740 137 37 Dunedin,

96 4775 53 27 and
176 4775 43 28 fur
237 4777 31 26 10
282 4787 49 26 per
355 4783 64 23 cent
443 4778 86 29 found
555 4781 92 28 offices

97 4815 53 28 and
165 4814 105 30 labour.
310 4817 25 28 A
349 4817 100 29 second
475 4820 172 30 commission

97 4855 29 28 of
152 4856 31 34 2|
202 4866 47 27 per
274 4862 64 23 cent
364 4862 71 24 went
462 4859 69 29 back
559 4865 28 25 to
601 4862 46 28 the

98 4906 135 27 oompany
273 4897 42 28 for
341 4899 127 38 working
503 4911 143 28 expenses.

96 4935 29 28 If
151 4936 47 26 the
234 4936 69 28 fruit
341 4947 54 19 was
432 4944 50 24 not
529 4942 60 28 sold
619 4942 27 28 in

95 4976 130 27 JJunedin
261 4976 21 28 it
308 4987 55 18 was
405 4984 71 31 sent,
509 4991 57 28 say,
618 4987 29 24 to

98 5015 181 38 Wellington,
293 5017 54 27 and
362 5017 45 28 the
430 5021 172 29 commission
617 5022 29 28 of

94 5056 47 27 the
157 5055 66 28 local
237 5060 85 33 agent
336 5057 53 28 had
402 5063 28 24 to
456 5070 75 19 come
555 5066 49 24 out
617 5062 29 28 of

93 5096 48 27 til*
172 5096 30 27 10
227 5106 50 28 per
313 5102 71 24 cent.
424 5099 27 29 A
477 5111 62 17 man
565 5102 80 29 could

93 5137 65 36 only
172 5136 61 37 ship
249 5137 41 26 his
303 5137 68 28 fruit
388 5139 115 29 without
516 5143 108 27 commis-

94 5177 26 26 si-
128 5187 23 16 )u
169 5177 20 26 if
200 5186 65 17 near
275 5177 46 28 the
332 5178 95 29 wharf.
469 5180 80 30 Some
559 5182 29 27 of
599 5182 45 28 the

94 5215 33 29 N«
141 5226 22 17 w
188 5215 120 29 Zealand
328 5223 186 33 co-operators
538 5222 52 28 had
618 5226 28 24 to

94 5268 31 18 CH
136 5263 13 22 't
162 5257 71 29 their
244 5258 66 28 fruit
318 5257 73 39 sixty
400 5269 32 19 or
440 5266 113 33 seventy
567 5262 76 30 miles

94 5304 28 21 to
139 5310 16 14 h
170 5298 109 36 railway
301 5299 110 28 station.
451 5300 27 28 It
506 5311 53 18 was
581 5303 65 27 then

93 5339 105 27 car.-ied
221 5337 75 35 sixty
316 5348 31 17 or
371 5344 114 32 seventy
512 5342 76 27 miles
609 5343 37 36 by

91 5377 59 31 rail,
164 5377 54 31 and
231 5377 48 31 the
292 5389 120 30 growers
433 5391 71 19 were
526 5382 82 39 given
630 5394 16 19 a

93 5421 18 27 ii
123 5431 124 17 ujfisome
259 5421 92 36 profit.

131 5461 45 27 Mr
190 5459 154 39 Campbell,
357 5460 57 29 also
434 5461 137 39 replying,
592 5463 57 29 said

96 5501 61 29 that
171 5502 27 28 in
209 5501 189 38 co-operation
409 5501 28 29 in
452 5501 69 29 New
531 5502 119 32 Zealand

93 5544 110 38 carting
228 5542 54 29 and
306 5542 107 39 buying
438 5542 146 30 chemicals
609 5544 43 29 for

94 5594 97 28 sprays
205 5593 71 19 were
289 5582 139 40 managed
442 5593 65 26 very
527 5584 124 39 cheaply.

131 5624 67 29 This
211 5623 153 30 concluded
379 5624 47 29 the
441 5633 100 29 papers

92 5666 49 27 the
163 5664 71 30 head
255 5664 30 29 of
434 5664 219 36 Distribution/'

91 5704 56 28 and
160 5715 17 17 a
190 5708 64 25 vote
271 5704 30 29 of
314 5704 103 28 thanks
442 5715 56 18 was
519 5705 134 29 accorded

93 5750 29 24 to
138 5745 47 29 the
204 5744 113 30 authors
327 5744 54 30 and
407 5748 83 27 those
512 5746 60 29 who
599 5746 53 29 had

94 5786 142 29 discussed
251 5786 47 28 the
311 5796 109 26 papers.

1643 96 205 42 MOUNT
1933 95 231 49 SENGEE
2249 97 167 42 MAIL,

3546 94 168 50 Friday,
3737 95 101 50 July
3861 97 178 44 9,1897.

3578 5607 83 22 Printed
3675 5608 40 21 and
3730 5607 110 23 Published
3862 5612 25 23 by
3908 5608 103 23 William
4026 5610 105 23 Pannf.ll

3633 5642 126 20 Matthews
3769 5642 30 20 for
3809 5642 36 21 the
3854 5643 131 26 propiietois,
3996 5643 80 21 Dlxnk
4086 5650 45 25 A.vp

3633 5676 134 26 Matthews,
3788 5680 22 17 at
3831 5676 54 22 their
3902 5678 119 24 .Registered
4039 5678 92 30 Printing

3634 5711 71 23 Office.
3724 5711 177 29 Scotland-stitoet,
3919 5712 120 27 Roxburgh,

3628 5748 50 22 New
3688 5748 87 21 Z;a\mu\
3786 5748 100 27 -Fiiday,
3902 5748 51 27 July
3967 5749 83 26 9,1897.

677 206 1 32 !
737 212 32 23 To
784 218 28 16 be
825 213 127 20 Published
967 213 24 17 in
1000 209 115 24 January,
1131 206 57 21 1893.

677 248 1 49 i
690 268 31 28 Q
726 265 133 32 TONES'
889 264 69 30 OTA
965 262 49 30 GO
1044 261 24 29 &
1096 260 142 29 SOUTH-

929 303 104 31 LAND

734 364 152 21 Commercial,
901 360 134 22 Municipal,
1047 357 17 19 k
1079 357 109 19 General

841 411 238 42 DIRECTORY,

933 467 55 21 AND

718 514 91 30 NEW
827 510 179 31 ZEALAND
1023 507 175 36 ANNUAL,

909 562 110 37 1898.

704 652 165 32 Fourteenth
889 650 74 29 Year
982 648 30 29 of
1031 646 183 31 Publication.

682 733 88 28 Demy
797 731 53 27 Bvo
875 729 64 32 size,
965 726 163 36 containing'
1150 726 85 26 about

699 768 284 41 OOOpages,together
991 766 64 28 with
1066 775 148 19 numerous

736 812 79 36 Maps
839 808 140 29 corrected
1001 813 28 22 to
1043 807 73 33 date,
1131 806 47 28 the

761 849 87 30 whole
861 848 179 36 handsomely
1055 845 94 30 bound

788 891 27 28 in
830 889 84 35 cloth,
925 887 195 38 gilt-lettered.

680 973 77 28 Price
770 976 28 24 to
813 970 189 34 Subscribers,
1019 969 47 28 12s
1082 968 52 34 6d;
1156 968 77 28 Non-

828 1010 188 36 Subscribers,
1028 1011 56 28 15s.

724 1092 132 36 STO.\E,
889 1091 83 36 SON,
1006 1090 83 29 AND
1120 1089 66 37 CO.,

868 1145 67 28 PUBI
943 1153 105 25 ISFIERS,

734 1192 139 28 Crawford
903 1192 101 34 Street,
1029 1190 140 29 Dnnedin.

688 1278 43 54 D
815 1276 44 36 A.
934 1273 300 44 BUCHANAN,

760 1349 73 21 BOOT
860 1347 60 22 AND
945 1346 76 22 SHOE
1046 1344 113 27 iMAKER,

725 1396 143 29 Scotland
878 1411 9 5 -
900 1402 106 26 street,
1026 1392 164 29 Roxburgh.

791 1491 92 37 Every
904 1489 167 38 description
1094 1488 30 28 of

681 1544 88 29 Boots
782 1552 56 20 and
852 1542 90 29 Shoks
956 1540 135 30 Supplied
1103 1549 35 20 ok
1151 1538 84 31 Made

858 1592 34 19 to
912 1583 142 28 Measure.

680 1636 45 29 Fit
735 1635 183 29 Guaranteed.
995 1634 16 28 l'
1019 1634 22 28 it
1050 1632 184 30 Guaranteed.

730 1729 124 21 REPAIRS
879 1727 115 22 NEATLY
1025 1726 160 21 EXECUTED.

800 1808 24 28 A
847 1806 86 29 Trial
957 1806 153 29 Solicited.

677 1893 43 54 JT
804 1891 46 37 A.
927 1889 306 44 MILLER,

678 1968 134 26 BUILDER,
826 1966 108 22 JOINER
948 1965 62 22 AND
1030 1964 206 26 UNDERTAKER,

773 2019 73 28 Ross
866 2018 99 34 Place,
985 2017 165 28 Lawrknck.

680 2116 125 31 PLANS
818 2116 81 30 AND
913 2112 323 33 SPECIFICATIONS

821 2170 26 28 A
869 2168 163 28 SPECIAL
1042 2168 50 30 IY.

678 2263 155 36 Quantities
848 2262 138 38 Prepared
1008 2261 55 28 and
1087 2260 148 28 Estimates

704 2304 89 28 Given
807 2303 43 28 for
862 2302 35 28 all
911 2302 101 28 classes
1025 2301 29 27 of
1071 2298 135 30 Builders'

911 2341 100 30 Work.

705 2495 198 23 WHITEHAVEN
917 2495 112 21 STREET.
1045 2495 16 19 L
1070 2494 96 20 vWKt'N

682 2584 127 31 BOARD
833 2583 82 30 AND
944 2582 221 30 RKSiDKXCK
1188 2582 48 28 AT

723 2636 258 30 REASONABLE
1001 2635 190 29 CHAuGES.

791 2725 94 29 Mkals
906 2733 32 20 at
956 2732 50 21 all
1027 2726 105 26 Hours.

697 2819 59 29 The
769 2818 63 30 best
847 2817 245 30 Accommodation
1115 2816 43 29 for
1172 2816 46 29 the

819 2859 160 38 Travelling
995 2858 105 28 Public.

680 2947 104 30 GOOD
798 2946 204 29 STABLING.
1042 2944 96 30 OATS
1157 2944 79 29 AND

792 2986 129 30 CHAFF
942 2985 51 29 ON
1018 2985 107 30 SALE.

685 3062 55 56 JJ
753 3062 99 29 ERB
867 3060 62 30 ER
943 3060 22 28 T
1012 3060 101 28 AND
1163 3059 75 35 CO.,

873 3126 170 22 LAWRENCE.

837 3219 154 29 Importers
1010 3227 32 20 of
1043 3234 37 6 —

678 3274 202 38 Ironmongery

764 3319 192 41 Agricultural
980 3318 183 40 Implements

939 3367 192 38 Agricultural
1152 3365 86 30 fceeds

852 3424 218 31 GROCERIES

696 3484 97 30 TEAS
908 3484 97 29 TEAS
1120 3481 99 30 TEAS

680 3531 128 39 (Ceylon)
900 3530 123 38 (Indian)
1113 3530 122 37 (China.)

968 3606 269 61 Martin,

678 3688 291 30 WATCHMAKER
987 3688 23 28 &
1025 3687 212 29 JEWELLER

771 3741 71 28 Ross
862 3741 98 34 Place,
981 3740 164 30 Lawrence.

680 3821 143 36 Watches,
844 3821 100 29 Clocks
964 3821 55 28 and
1040 3821 148 38 Jewellery
1208 3822 30 28 of

725 3862 36 28 all
775 3862 183 38 descriptions
972 3862 68 39 kept
1053 3861 27 29 in
1096 3862 96 30 Stock.

698 3915 70 29 Nice
783 3914 138 29 Selection
936 3915 28 28 of
983 3915 78 33 Gem,
1075 3915 144 33 Wedding

813 3963 55 20 and
883 3955 110 38 Keeper
1007 3955 97 38 Rings.

680 4037 18 19 A
713 4036 107 20 CHOICE
842 4035 183 21 ASSORTMENT
1045 4036 36 20 OF
1100 4036 138 21 ARTICLES

701 4068 141 22 SUITABLE
853 4068 55 22 FOR
920 4069 139 21 WEDDING
1070 4070 151 22 PRESENTS.

738 4137 157 40 Spectacles
909 4143 29 23 to
951 4139 62 27 Suit
1026 4139 35 28 all
1078 4139 105 38 Sights.

700 4219 105 29 Watch
838 4227 55 19 and
927 4218 89 29 Clock
1053 4219 118 29 Repairs
1204 4230 15 17 a

884 4264 158 25 bI'ECIALTY.

680 4341 113 38 Repairs
807 4351 31 16 or
851 4339 102 29 Orders
972 4341 68 28 from
1057 4342 46 27 tlio
1117 4346 118 35 country

731 4383 34 36 by
788 4385 63 34 post
875 4381 50 27 will
952 4382 103 28 receive
1079 4389 111 32 prompt

884 4422 145 27 attention.

684 4500 21 59 J
739 4499 61 25 00
821 4498 17 24 K
904 4500 18 22 A
956 4500 15 23 T
1031 4500 173 25 THIS!

742 4576 102 25 BOOTS
861 4581 35 19 tor
913 4582 38 19 the
971 4578 80 27 (icf-a\

861 4624 35 22 for
920 4624 41 24 the
976 4625 73 23 Small
1061 4633 5 19 ;

741 4664 70 23 Boot*
828 4664 34 23 for
884 4665 39 22 tiio
941 4664 80 30 Hhoit,

770 4707 72 24 Boots
859 4707 37 24 for
914 4709 39 23 the
972 4709 53 24 Tall
1042 4717 5 21 ;

743 4751 71 23 Boot*
828 4751 35 23 for
884 4753 38 23 the
943 4751 95 34 Young,

771 4791 71 22 Ba-jtn
861 4791 35 21 /or
913 4793 38 21 iho
971 4794 45 22 t>id
1030 4800 5 21 ;

772 4854 52 21 /ml
845 4852 99 25 BOOTS
962 4852 42 30 ;»rift
1026 4857 103 25 Sf'.O^S

785 4971 28 34 H
877 4973 118 38 Bail
1011 4976 123 43 lie's,

689 5044 115 31 OppOMle
820 5045 157 27 Coinriieicial
997 5050 81 30 Jiotcl,
1099 5051 133 32 Roxburgh

856 5162 45 21 and
921 5171 88 20 inspect
1023 5166 40 24 the
1079 5167 79 25 Mock.

694 5303 111 23 FANCY
831 5303 111 25 GOODS
960 5308 70 24 AND
1049 5310 165 26 DKAPttRY.

687 5408 33 45 P
765 5409 16 24 J
826 5409 46 23 WA
884 5413 76 22 r-R.S
988 5416 87 25 dc»irns
1103 5423 24 19 to
1152 5420 73 24 mrify

687 5446 16 14 «-
726 5457 6 6 .
764 5442 53 23 that
832 5444 41 22 bhe
967 5447 22 23 in
1000 5451 64 21 -tock
1084 5450 84 25 Ladies
1181 5458 44 17 ami

679 5473 113 24 Children
803 5483 10 14 s
831 5473 195 38 Underclothing,
1043 5485 46 22 and
1103 5486 28 21 all
1154 5485 72 25 kinds

680 5507 22 23 ef
718 5507 115 31 Drapery.

711 5551 79 32 Fancy
804 5553 80 25 Good*
896 5564 13 15 a
924 5558 134 32 Specialty.

717 5595 133 25 Christinas
859 5599 46 24 and
918 5599 53 25 New
986 5600 61 27 Year
1059 5610 138 24 preaeuts—

803 5649 13 15 a
833 5649 63 23 great
910 5646 87 29 variety
1008 5653 23 19 to
1044 5651 71 31 hantl_

802 5675 134 26 Inxyectiun
948 5680 92 24 Invited

707 5704 58 25 Pain
781 5706 38 30 ing
833 5708 44 23 and
890 5717 13 15 a
906 5719 9 8 r
918 5715 5 18 t
951 5714 148 24 needlework
1114 5715 85 26 taufeht

774 5743 111 23 iiunimer
898 5744 80 25 Goods
995 5754 50 17 r.ow
1059 5757 30 14 vn
1106 5750 61 23 baud

684 5795 148 25 Address—(
847 5804 59 17 rmoi
916 5800 32 23 d'e
962 5801 43 23 Bui
1018 5802 55 32 di&g
1085 5804 145 31 Roxburgh,
1237 5795 1 40 i

1296 788 493 84 AUTUMN

1919 1839 479 89 WINTER

1628 2359 426 88 GOODS'

1790 4549 61 32 m

1693 4624 62 21 ec:3i

1583 5173 49 56 I)
1660 5173 49 57 U
1742 5176 29 50 ,\
1772 5174 8 14 T
1806 5173 43 55 E
1876 5172 48 56 D
1960 5171 18 55 T
2004 5171 75 63 N,

3628 453 20 17 u

3860 449 147 123 ill

3608 474 44 22 vm

3330 499 25 32 I

3858 579 113 80 lip

2646 598 14 14 e

3377 709 27 29 %

2623 728 18 45 ''"
2726 731 84 42 "'"'"aj!J.

3877 787 30 24 ill*

2952 842 85 60 THE
3069 844 269 61 FOLLOWING
3370 845 111 58 REAS

2654 863 94 35 Si®

2602 905 148 20 aTftWfiWli-O

2634 916 118 25 &SBsrc

2528 1003 121 30 FIRST.
2858 1004 160 31 SECOND.
3227 1007 131 30 THIRD.
3560 1008 166 31 FOURTH.
3924 1013 122 31 FIFTH.

2428 1044 122 30 BOOTS
2582 1045 68 28 with
2688 1045 55 28 this
2785 1045 40 29 On
2841 1046 55 28 this
2919 1045 93 30 Brand
3032 1046 64 38 only
3136 1046 73 39 Only
3230 1048 47 29 the
3298 1059 67 28 very
3389 1049 61 28 best
3490 1048 134 38 Farmers,
3681 1051 113 36 Miners,
3832 1052 58 31 The
3898 1056 135 29 Standard
4043 1055 92 30 Brand

2429 1085 93 29 Brand
2531 1096 35 19 on
2576 1085 48 29 the
2632 1085 60 29 heel
2700 1097 45 18 are
2784 1087 47 28 the
2863 1097 67 28 very
2968 1087 62 28 best
3069 1087 29 28 of
3136 1087 29 28 of
3176 1087 141 30 Materials
3328 1099 45 19 are
3382 1089 66 29 used
3488 1091 52 28 and
3555 1091 35 28 all
3605 1092 60 28 who
3679 1096 73 24 want,
3766 1097 28 25 to
3836 1094 80 30 Hoots
3929 1096 53 29 and
3994 1097 86 29 Shoes
4089 1108 46 18 are

2428 1126 171 40 guaranteed
2606 1130 28 25 to
2641 1126 104 30 Fitand
2787 1127 153 30 Workmen
2969 1139 46 17 are
3041 1138 56 19 em-
3136 1127 26 29 in
3201 1129 26 28 tV
3233 1129 22 28 is
3296 1130 92 29 Brand
3422 1131 29 29 of
3578 1132 72 29 their
3663 1132 56 30 feet
3733 1133 59 38 dry,
3831 1134 99 31 known
3949 1137 70 29 from
4042 1139 18 26 A
4067 1138 66 28 nek-

2503 1167 85 29 Wear
2601 1167 71 30 well.
2888 1169 109 38 ployed.
3164 1169 85 29 Boots
3260 1170 56 29 and
3331 1170 96 30 Shoes.
3523 1176 44 34 try
3581 1172 55 30 this
3654 1174 102 30 Brand.
3832 1175 61 29 land
3909 1181 28 25 to
3951 1178 45 28 the
4011 1178 76 29 Bluff
4093 1178 43 31 fop

3991 1219 112 32 quality.

2466 1247 76 29 ALL
2561 1247 121 30 BOOTS
2702 1248 173 29 BEARING
3285 1249 78 30 'IHE
3384 1251 103 28 BRi-L
3519 1252 73 28 ARE
3619 1252 320 33 MANUFACTURED
3959 1257 41 29 IN
4022 1258 77 28 THE

2747 1289 252 30 CELEBRATED
3310 1291 133 28 BRAND
3464 1293 98 29 BOOT
3581 1293 176 31 FACTORY
3777 1295 49 29 BY

2710 1353 188 56 SAW;
2911 1355 93 52 00
3016 1353 68 65 D,
3129 1353 130 55 SON
3300 1353 47 55 &
3386 1355 123 54 EW
3521 1356 111 62 EX,
3684 1383 187 31 DUNEDIN

2479 1420 177 23 WHOLESALE
2684 1421 86 22 ONLY.

2670 1467 81 27 BUY

2430 1522 181 54 MILLS,
2632 1524 133 44 DICK,
2792 1523 37 38 &
2855 1523 129 38 CO.'S

2415 1583 1 42 j
2675 1583 69 28 1807

2448 1633 192 31 ALMANAC
2662 1643 53 20 and
2739 1633 228 32 DIRECTORY.

2614 1681 86 36 Price,
2716 1682 30 28 Is
2761 1682 45 28 6d.

2430 1762 92 39 Every
2549 1761 124 36 Farmer,
2701 1762 106 35 Miner,

2679 1810 54 28 and
2762 1810 134 27 Business
2922 1809 67 29 Man

2507 1863 106 30 Should
2641 1863 121 29 Procure
2785 1874 16 17 a
2828 1863 86 38 Copy.

2459 1942 60 30 Can
2545 1942 35 28 be
2606 1942 55 29 had
2687 1941 70 30 from
2787 1942 47 27 the
2860 1940 85 29 under-

2611 1982 198 29 mentioned—

2468 2042 121 28 Mackay
2603 2042 95 33 Bros.,
2712 2041 157 38 Roxburgh

2467 2082 27 28 J.
2510 2081 129 36 Noonan,
2655 2081 109 29 Ettrick

2466 2122 95 29 Johns
2575 2131 56 20 and
2646 2122 148 35 M'Combe,
2809 2122 105 28 Millers
2928 2121 61 28 Flat

2466 2163 29 27 J.
2510 2162 33 29 R.
2561 2162 93 35 Kemp,
2669 2162 69 28 Bald
2756 2162 55 28 Hill
2827 2162 62 27 Flat

2468 2202 32 30 L.
2515 2204 90 34 Ryan,
2618 2202 73 37 Jnr.,
2707 2202 160 30 Alexandra
2881 2201 90 30 South

2467 2244 32 28 B.
2515 2243 124 36 Naylor,
2655 2244 88 37 Clyde

2432 2326 139 37 11/fANY
2594 2327 99 29 Ladies
2716 2326 138 40 complain
2867 2326 62 29 that
2943 2326 46 29 the

2528 2369 55 28 Tea
2597 2369 65 37 they
2676 2369 70 28 have
2758 2369 68 27 been
2843 2368 82 35 using
2939 2368 49 27 has

2430 2410 108 29 neither
2548 2410 128 38 strength
2688 2419 50 18 no*'
2749 2408 114 29 flavour.
2886 2408 26 28 If
2923 2408 64 38 they

2415 2448 1 45 {
2430 2455 44 33 try
2489 2450 87 29 Kozie
2590 2450 54 28 Tea
2658 2450 66 37 they
2738 2449 54 28 will
2807 2450 34 27 be
2856 2448 131 29 satisfied.

2415 2488 1 43 |
2429 2491 93 28 Johns
2540 2490 24 29 &
2583 2490 149 34 M'Combe,
2749 2490 117 38 Agents,
2883 2488 105 29 Millers

2415 2517 1 44 1
2430 2531 72 30 Flat.

2428 2611 194 58 Chas.
2637 2610 347 62 Begg<&Co.

2432 2700 139 31 GTOCK
2598 2702 34 28 nil
2656 2701 47 29 the
2729 2700 113 39 leading
2871 2698 114 39 Hnglish

2505 2744 54 28 and
2574 2742 119 30 German
2708 2742 98 29 Makes
2820 2741 30 29 of
2864 2740 100 29 Pianos
2978 2751 6 17 :

2415 2789 1 34 j
2481 2795 175 25 BRINSMEAD,
2676 2794 139 26 POLLARD,
2835 2792 99 26 SAMES,

2624 2822 168 26 EAVESTOFF,

2415 2857 1 31 :
2430 2862 204 26 SG'HWECHTEN,
2645 2862 70 26 LIPP,
2726 2861 73 20 00118
2808 2861 16 20 &
2836 2859 149 25 KALLMAN,

2557 2900 166 26 GEHHAIIDT,
2740 2900 124 23 HANSEN.

2415 2922 1 16 I

2467 2973 121 40 Chas.
2612 2972 111 48 Begg
2745 2971 84 39 and
2853 2970 99 40 Co.'s

2430 3043 234 31 EXHIBITION
2693 3042 135 29 MODEL
2858 3041 117 29 PIANO

2978 3074 8 14 >

2633 3096 56 28 £3B
2710 3103 77 20 NETT.

2429 3176 123 30 STORY
2576 3176 24 30 &
2629 3175 163 31 CLARK'S
2822 3173 165 37 ORGANS,

2527 3228 178 29 KIMBALL
2726 3227 164 35 ORGANS,

2429 3280 81 30 From
2520 3281 58 29 £2O
2588 3285 27 24 to
2625 3278 78 32 £50..
2723 3279 81 29 From
2815 3279 57 29 £2O
2881 3282 29 25 to
2919 3278 68 29 £SO.

2429 3363 148 29 BESSON
2605 3363 24 28 &
2660 3361 182 30 BOOShY'S
2865 3359 122 30 BRASS

2565 3401 289 31 INSTRUMENTS.

2430 3484 98 30 Violin
2543 3485 68 29 Bow
2629 3484 155 29 Repairing
2797 3492 18 20 a
2829 3482 156 30 Specialty.

2467 3536 103 30 Violin,
2586 3537 66 28 Bow
2666 3536 55 28 and
2738 3535 101 30 Case...
2882 3533 68 38 80/-

2464 3577 187 34 Accordeons,
2666 3576 70 29 from
2811 3599 28 5 ...
2903 3573 46 39 7/(3

2497 3657 111 29 CHAS.
2630 3657 103 28 BKGG
2758 3656 79 28 AND
2859 3656 56 29 CO.

2427 3706 81 29 Have
2528 3706 48 28 the
2600 3706 105 32 largest,
2729 3706 53 27 and
2806 3710 71 22 most
2892 3704 92 28 varied

2415 3745 1 37 !
2426 3747 79 29 stock
2519 3747 30 28 of
2562 3747 91 28 Music
2664 3747 26 27 in
2703 3746 48 28 the
2761 3749 6 21 <
2783 3746 92 36 olony.
2916 3745 68 28 New

2525 3788 161 38 Shipments
2702 3786 188 38 Fortnightly.

2613 3838 71 29 New
2705 3838 98 29 Songs.

2464 3880 81 29 Morn
2579 3881 30 29 of
2648 3880 123 29 Sorrows
2773 3879 212 29 —Snowflakes

2426 3921 174 29 Fair—Gate
2614 3922 29 28 of
2662 3921 61 28 Life
2725 3920 93 28 —For
2837 3921 48 28 the
2910 3920 60 28 Chil-

2425 3962 92 28 dren's
2533 3961 74 30 Sake
2609 3961 108 28 —Wilt
2730 3961 76 28 Thou
2822 3961 34 27 be
2874 3960 73 29 Mine
2949 3977 35 3 —

2427 4003 139 28 Sunshine
2599 4002 97 28 Above
2699 4001 95 28 —She
2828 4001 102 37 Stoops
2956 4005 28 22 to

2415 4041 1 40 |
2427 4041 212 40 Conquer—No
2663 4042 43 29 for
2728 4052 35 18 an
2784 4043 117 28 Answer
2902 4041 82 28 —No

2415 4083 1 47 |
2428 4083 89 30 Man's
2533 4084 76 29 Land

2559 4135 99 30 Violin
2679 4144 55 20 and
2754 4135 97 28 Piano.

2415 4174 1 37 |
2465 4175 129 29 Andante
2616 4180 28 23 et.
2668 4175 119 28 Scherzo
2810 4174 173 37 Capriccioso

2415 4214 1 47 j
2428 4215 114 38 (David)
2622 4215 101 30 Bach's
2767 4219 40 25 Ist
2848 4215 136 28 Concerto

2415 4255 1 39 |
2430 4256 108 38 (Alard)
2543 4257 126 28 —Three
2705 4256 94 29 Pieces
2827 4255 156 39 Classiques

2415 4294 1 39 i
2428 4297 286 36 (Kagghianti)—Les
2721 4297 106 28 Echoes
2832 4295 148 37 (Leonard)

2415 4329 1 40 !
2425 4336 174 29 —Mazurka
2637 4337 34 28 de
2717 4337 119 28 Conceit
2883 4335 100 34 (Ovide

2426 4376 103 36 Musin)
2534 4377 176 28 —Romance
2746 4377 125 35 (Jansen)
2876 4378 106 25 —Sou-

2427 4417 78 28 venir
2518 4417 34 28 de
2566 4417 103 37 Haydn
2687 4418 8 34 (
2723 4417 125 36 eonard).

2470 4499 120 37 Chas.
2615 4499 109 46 Begg
2752 4499 82 36 and
2860 4497 74 40 Co.,

2443 4558 31 27 21
2517 4558 120 28 Princes
2674 4556 112 35 Stkeet,
2822 4555 139 33 Dunedin,

2425 4610 113 37 Having
2562 4621 17 17 a
2604 4610 76 28 Most
2709 4609 125 27 Efficient
2858 4607 73 28 Staff
2950 4607 29 26 of

2427 4649 160 35 Workmen,
2597 4659 50 18 can
2660 4648 100 38 Repair
2769 4647 54 28 and
2847 4647 3 39 I
2862 4655 52 18 une
2926 4655 52 27 any

2547 4689 118 29 Musical
2685 4689 171 28 Instrument

2480 4741 49 28 AT
2556 4739 211 30 MODERATE
2790 4736 132 30 RATES.

2432 4816 122 29 TOII
2576 4816 26 29 N
2873 4810 106 36 SON,
2988 4797 1 55 j

2550 4863 274 31 AUCTIONEER,

2472 4916 80 22 land
2567 4915 60 21 and
2641 4911 111 25 estate,
2766 4909 84 25 loan,
2867 4908 58 21 and
2988 4908 1 43 j

2423 4953 174 33 GENERAL
2611 4948 221 31 COMMISSION
2848 4946 129 27 AGENT*

2516 5005 70 27 Ross
2606 5002 98 31 Place,
2725 4998 163 28 Lawrence.

2599 5082 94 35 Agent
2707 5078 43 28 for
2763 5077 45 27 the

2422 5125 128 30 Norwich
2561 5122 94 28 Union
2670 5119 149 27 Insurance
2834 5117 48 27 Co.

2423 5163 137 32 Standard
2571 5161 63 29 Fire
2642 5159 55 28 and
2707 5157 107 28 Marine
2823 5157 150 27 Insurance

2495 5204 48 29 Co.

2418 5244 158 32 Australian
2599 5239 106 31 Mutual
2728 5237 150 30 Provident
2899 5236 73 38 (Life

2491 5282 164 33 Assurance)
2674 5279 109 36 Society

2416 5324 138 31 Standard
2580 5320 120 37 Fidelity
2731 5318 52 27 and
2812 5317 156 28 Guarantee
2980 5311 3 46 I

2488 5363 118 39 Society.

2450 5447 47 29 All
2510 5444 126 30 business
2648 5440 152 31 connected
2823 5440 66 28 with
2907 5435 74 43 Ap-1

2415 5486 143 42 plications
2578 5484 44 29 for
2644 5482 196 38 Assignments
2861 5492 30 18 or
2910 5480 56 29 Ex-
2979 5478 2 50 j

2416 5529 106 36 change
2535 5525 29 30 of
2580 5522 189 41 Agricultural
2783 5522 110 35 Leases,
2908 5517 74 49 Ap-1

2416 5567 145 40 plications
2569 5565 88 28 under
2665 5563 134 29 Deferred
2810 5563 158 36 Payments,
2980 5557 3 51 j

2419 5608 107 39 Mining
2541 5605 100 30 Leases
2651 5615 31 19 or
2693 5604 110 35 Claims,
2813 5602 157 40 Up-lifting
2982 5602 1 45 !

2418 5650 30 28 of
2469 5649 98 28 Crown
2587 5646 110 34 Grants,
2711 5644 59 36 &c.,
2784 5644 112 38 quickly
2915 5642 54 29 and

2420 5687 115 37 cheaply
2547 5685 166 30 transacted.
2984 5680 4 44 }

2986 5725 3 18 i

2640 5742 112 6 _____
2987 5742 2 16 (

2423 5771 89 29 Loans
2520 5767 178 40 Negotiated.
2721 5766 103 38 Money
2834 5762 137 32 Invested.

3016 1505 482 73 Matthews
3650 1522 460 53 &
4111 1508 32 89 Chalmers,

3217 1639 260 58 COACH
3540 1639 404 71 BUILDERS,

3253 1741 334 37 WHEELWRIGHTS,
3627 1742 285 37 BLACKSMITHS,

3558 1816 55 18 AND

3104 1869 306 31 AGRICULTURAL
3448 1869 230 30 IMPLEMENT
3716 1871 351 40 MANUFACTURERS,

3381 1944 72 30 Ross
3493 1945 100 36 Place,
3631 1945 163 32 Lawrence.

3003 2018 2 59 |
3058 2039 74 28 ALL
3173 2038 124 29 KINDS
3337 2038 48 29 OF
3424 2037 147 30 MINING
3610 2038 234 30 MACHINERY
3882 2041 108 28 MADE
4029 2043 80 28 AND

3488 2089 205 31 REPAIRED.

3479 2181 110 30 Agents
3609 2192 49 20 foe
3660 2200 35 5 —

3020 2250 231 39 Massey-Harris
3274 2250 120 39 Reapers
3417 2250 54 28 and
3502 2251 122 35 Hinders,
3645 2251 177 37 Cultivators,
3849 2254 137 37 bcufflers,
4012 2255 121 39 Ploughs;

3485 2291 90 28 Horse
3589 2291 99 37 Rakes,

3328 2343 122 30 Peerless
3471 2343 50 35 Oil,
3544 2344 103 29 Binder
3666 2344 103 37 Twine,
3789 2346 49 29 &c.

3075 2424 46 29 All
3151 2424 90 30 Work
3270 2425 152 29 Entrusted
3445 2428 28 26 to
3500 2424 40 30 Us
3568 2425 53 29 will
3648 2426 116 30 Receive
3791 2427 113 40 Prompt
3930 2430 151 33 Attention,

3345 2505 131 21 CHARGES
3502 2505 136 22 STRICTLY
3665 2507 154 22 MODERATE

3277 2597 75 28 FOR
3391 2596 96 29 SALE
3503 2597 5 28 !
3654 2598 75 28 FOR
3768 2599 95 29 SALE
3878 2600 5 28 !

3099 2677 218 31 STAUNCH
3350 2677 91 29 AND
3478 2678 254 30 HANDSOME
3770 2680 372 32 THOROUGHBREIi

3478 2835 141 28 Produced
3646 2836 36 37 by

3185 2887 162 30 Yankee
3367 2887 239 30 enterprise
3627 2888 77 31 out
3725 2888 47 29 of
3794 2888 182 31 America.

3284 2929 46 38 Up
3344 2933 28 24 to
3385 2940 54 26 any
3452 2929 111 37 weight,
3577 2929 55 28 and
3645 2930 99 28 carries
3756 2941 16 16 a
3786 2929 87 38 Lady.

3090 2980 175 29 Guaranteed
3276 2981 170 39 thoroughly
3454 2980 86 29 sound
3553 2982 53 28 and
3617 2982 83 38 quiet.
3742 2981 63 30 Will
3815 2992 63 28 pass
3888 2982 114 30 traction
4015 2983 125 38 engines,

3016 3025 94 31 trams,
3124 3022 96 34 trains,
3235 3025 171 31 motor-cars,
3420 3021 98 28 forked
3533 3022 150 38 lightning,
3697 3032 31 17 or
3746 3023 137 36 anything
3905 3023 65 35 else,
3991 3023 113 37 barring
4123 3033 17 18 a

3015 3062 64 38 lady
3095 3062 130 29 mounted
3239 3072 35 18 on
3288 3062 115 29 another
3428 3061 162 30 Newhaven
3611 3062 125 29 Bicycle.

3092 3141 184 30 FARMERS
3290 3142 144 40 requiring
3448 3141 83 30 Grain
3542 3142 94 36 Drills,
3647 3142 104 40 Turnip
3765 3142 54 29 and
3830 3143 116 30 Manure
3954 3143 94 36 Drills,
4060 3142 62 31 Com-

3020 3183 82 30 bined
3116 3182 95 37 Drills,
3224 3182 67 30 Disc
3304 3184 141 36 Harrows,
3458 3183 133 39 Ploughs,
3606 3183 69 30 Seed
3691 3183 138 38 Cleaners,
3840 3196 31 18 or
3883 3196 54 26 any
3950 3185 79 29 other
4041 3185 102 38 Imple.-

3017 3228 91 23 ments
3121 3235 33 17 or
3167 3224 141 28 Machines
3321 3223 97 29 should
3430 3223 67 28 send
3511 3224 43 28 for
3567 3235 49 17 our
3629 3224 151 34 catalogue.

3043 3263 57 21 THE
3114 3263 146 22 COLONIAL
3273 3263 149 22 COMBINED
3441 3263 101 22 DRILLS
3555 3264 61 20 AND
3630 3263 62 22 DISC
3705 3263 147 23 HARROWS
3865 3265 58 21 ARE
3936 3265 57 21 THE
4010 3264 63 22 BEST
4086 3262 33 22 IN

3469 3290 56 22 THE
3546 3291 125 21 MARKET.

3107 3362 306 60 Morrow,
3486 3363 260 48 Bassett
3817 3362 51 51 &
3929 3364 105 65 Co,
4080 3366 5 14 '

3269 3437 182 31 DUNftiDIN
3488 3447 54 20 and
3582 3437 313 37 CHRISTCIIURCH,

3332 3490 64 29 Sole
3410 3491 107 35 Agents
3531 3491 28 28 in
3573 3490 69 29 New
3655 3491 120 28 Zealand
3790 3491 43 29 for

3147 3532 78 29 THE
3245 3531 219 30 M'CORMICK
3484 3531 253 30 HARVESTING
3756 3533 82 28 MAC
3843 3532 40 29 HI
3889 3532 51 29 Nhi
3961 3532 56 31 CO.

3065 3629 389 57 COSSENS
3523 3629 170 55 AND
3761 3630 333 71 BLACK,

3141 3717 234 37 ENGINEERS,
3395 3717 288 35 BLACKSMITHS,

3425 3758 315 36 IRONFOUNDERS,

3292 3810 365 27 CRAWFORD-STREET,
3697 3811 172 21 DUNEDIN.

3331 3879 385 31 —MANUFACTURERS
3750 3880 84 29 OF

3015 3922 142 38 Pumping
3170 3921 54 29 and
3247 3920 138 38 Winding
3405 3921 172 38 Machinery,
3603 3921 231 30 HYDRAULIC
3857 3921 142 29 MINLvG
4021 3920 122 32 PLAN?

3085 3962 158 39 (including
3257 3961 154 38 Hydraulic
3426 3961 121 37 Giants),
3563 3961 91 29 Sluice
3669 3961 109 36 Valves,
3792 3961 129 30 Elevator
3939 3961 137 40 Castings,

3322 4001 65 28 Iron
3402 4002 55 27 and
3473 4002 76 28 Steel
3565 4002 140 38 Flumirg,
3719 4003 59 34 &c.,
3793 4003 49 28 &c.

3126 4054 158 31 DREDGE
3311 4053 218 37 TUMhLERS,
3552 4053 185 37 BUCKETS,
3758 4054 127 36 LINKS,
3905 4053 60 36 &c.,
3986 4053 45 31 &c.

3003 4094 1 39 I
3020 4096 206 36 Waterwheels,
3237 4095 146 34 Turbines,
3397 4094 84 30 Brick
3496 4095 55 28 and
3566 4096 85 28 Drain
3667 4095 67 38 Pipe
3749 4095 117 37 Making
3877 4096 55 28 and
3942 4095 88 29 Wood
4044 4095 79 28 Work-

3098 4139 47 35 ing
3163 4136 171 37 Machinery.
3375 4135 90 29 Horse
3481 4137 119 34 Powers,
3616 4135 193 35 ChafTcutters,
3824 4135 102 38 Turnip
3947 4135 120 38 Pwlpers,

3265 4178 53 25 and
3333 4176 37 27 all
3385 4175 80 28 kinds
3479 4176 29 28 of
3522 4176 160 37 Machinery
3696 4176 55 28 and
3766 4177 127 39 bearing.

3131 4259 19 20 A
3177 4257 78 21 VERY
3284 4257 95 21 LARGE
3406 4256 88 21 STOCK
3520 4257 37 20 OF
3583 4256 144 22 PATTERNS
3753 4257 35 21 TO
3812 4257 104 23 SELECT
3944 4256 83 22 FROM.

3013 4325 215 31 ESTIMATES
3250 4324 130 29 GIVEN.
3552 4323 355 30 CORRfcSPONDEXCU
3930 4324 210 30 SOLICITED.

3031 4406 114 37 Repairs
3159 4405 53 28 and
3229 4415 80 27 every
3325 4405 166 37 description
3507 4406 30 27 of
3549 4405 256 36 Engineering.and
3825 4404 193 30 Blacksmith's
4034 4405 86 28 Work

3418 4444 142 38 Promptly
3582 4444 148 29 Executed.

3054 4524 49 53 K;
3210 4535 103 35 GROWN
3344 4538 36 33 ON
3412 4538 61 33 THE
3505 4538 86 33 HILLS
3622 4538 35 34 OF
3685 4538 104 34 SUNNY
3817 4539 123 34 CcYLON.
4047 4530 50 42 IK

3690 4706 21 10 •>>:

3615 4720 38 27 M

3681 4717 40 20 7&K,

3199 4772 27 43 $

3861 4835 5 3 -
3876 4827 4 11 l

3751 4830 27 27 m

3671 4863 8 8 ■<
3690 4859 12 10 M

3683 4902 55 17 *1W»!

3782 4930 28 27 &

3517 4962 28 18 m

3716 5024 25 17 rag

3050 5076 47 52 KI
3117 5076 63 35 THE
3196 5077 88 36 MOST
3297 5080 158 35 DELICIOUS
3471 5080 20 35 &
3508 5081 195 35 ECONOMICAL
3718 5082 59 34 TEA
3794 5083 28 34 IN
3838 5083 62 35 THE
3916 5083 109 35 WORLD,
4042 5076 3 52 I
4059 5086 31 42 K

3439 5245 87 28 Local
3549 5245 117 28 Aoknts-

3036 5299 33 28 D.
3086 5297 197 36 CORMACK,
3305 5299 173 36 Roxburgh;
3498 5297 125 28 JOHNS
3643 5298 24 27 &
3688 5297 183 38 M'COMBE,
3892 5301 106 31 Millers
4018 5301 72 29 Flat.

3075 5367 211 26 OBKRT
3352 5365 32 26 M'
3416 5365 20 25 K
3470 5367 19 24 A
3518 5363 22 27 Y

3039 5434 123 24 Gkxeral
3190 5433 104 24 Drapbh
3312 5440 50 17 and
3374 5433 128 23 Clothies

3115 5483 61 25 lioss
3199 5484 69 24 Place
3292 5484 131 24 Lawieuco.

3058 5597 57 22 New
3135 5595 47 24 and
3199 5594 160 25 Fashicnab'e
3383 5594 105 31 Drapery

3028 5637 78 30 Larg«
3118 5637 64 22 stock
3289 5637 47 22 ai.d
3350 5636 62 29 iioys
3422 5633 109 30 Clothi''j;

3060 5676 86 23 Ladies
3161 5675 47 24 ai»d
3220 5682 9 15 v.
3241 5675 21 23 hi
3267 5675 31 23 Id;
3358 5674 129 32 requisites.

3031 5734 74 24 Visits
3310 5732 46 23 and
3392 5729 157 31 surrounding

3002 5769 102 25 district*
3117 5767 105 28 woutldy

3577 5382 141 52 J<TOZIE
3733 5382 5 12 r
3739 5383 9 27 l
3759 5383 57 30 EA.
3856 5385 24 27 A
3894 5386 174 37 stimulating
4077 5386 54 29 and

3666 5423 156 39 sustaining
3834 5434 52 28 cup
3899 5424 29 28 in
3941 5435 120 20 summer
4078 5426 53 39 ai;s

3576 5464 104 28 winter.
3720 5462 35 29 D.
3771 5462 143 38 Cooack,
3929 5466 104 38 Agent,
4055 5466 60 29 liox-

3577 5504 99 36 burgb.
