2520 4010
66 257 164 28 New
285 257 384 28 Zealand
724 257 383 28 Gazette
1162 257 164 28 and
1381 257 548 28 Wellington
1984 257 493 28 Spectator

597 490 218 35 PUBLISHED
863 490 131 35 EVERY
1039 489 257 36 WEDNESDAY
1341 489 87 36 AND
1475 490 230 35 SATURDAY
1750 491 206 34 MORNING.

623 604 131 31 PORT
778 605 285 40 NICHOLSON,
1087 604 305 34 WEDNESDAY
1414 605 243 39 MORNING,
1679 608 122 32 JUNE
1826 612 28 34 1,
1881 612 89 29 1842.

2271 614 97 40 [Vol.
2390 615 68 32 111.

83 611 64 31 No.
164 610 84 38 146.]

670 696 190 27 Agricultural
866 696 5 3 '
880 697 55 20 and
959 696 122 27 Grazing
1103 697 92 20 Lands
1215 696 41 20 for

728 724 60 20 Sale
803 723 30 20 in
847 724 46 20 the
908 724 150 20 Orewenua
1071 723 123 21 District.
1213 741 3 4 ,

669 757 161 48 MESSRS.
845 757 150 22 BETHUNE
1012 757 20 21 &
1046 756 133 22 HUNTER
1197 757 56 21 have

760 783 102 22 received
881 784 131 21 instruction
1031 786 24 18 to
1073 783 42 21 sell
1132 783 31 26 by
1180 783 74 28 public

667 810 96 27 auction,
779 814 23 17 at
811 810 38 21 the
860 810 134 27 Wellington
1006 809 130 27 Exchange,
1148 817 29 14 on
1187 811 68 20 Mon-

776 837 42 27 day
829 837 38 21 the
878 837 37 22 7th
928 837 42 26 day
982 837 26 21 of
1015 837 60 21 June
1084 838 61 25 next,

681 870 36 21 IN
731 870 75 22 LOTS
821 870 40 22 OF
876 870 74 21 FIVE
970 870 43 21 OR
1027 868 92 23 MORE
1133 870 106 26 ACRES,

665 896 62 22 those
738 899 41 19 two
789 897 100 21 Sections
900 896 24 21 of
929 896 55 21 land
992 896 98 26 forming
1100 896 54 21 Nos.
1164 898 13 19 5
1188 896 42 21 and
1240 898 13 19 6

721 931 27 13 on
758 923 37 21 the
806 924 112 26 Surveyor
928 922 117 22 General's
1062 922 56 22 Plan
1129 923 25 21 of
1161 923 38 21 the

665 957 134 22 FERTILE
819 957 70 21 AND
908 956 180 22 BEAUTIFUL
1108 957 144 22 DISTRICT

836 983 41 21 OF
893 983 186 26 OREWENUA,

660 1009 135 28 judiciously
806 1009 84 22 chosen
901 1010 30 26 by
940 1009 28 22 R.
980 1009 85 27 Stokes,
1077 1009 61 28 Esq.,
1149 1010 102 27 adjacent

822 1037 26 20 'fo
858 1036 38 21 the
907 1035 103 28 splendid
1022 1036 69 22 River

858 1069 197 23 MANEWATU.

690 1096 72 22 These
771 1096 66 22 lands
847 1104 39 14 are
895 1096 102 32 partially
1008 1096 92 22 wooded
1109 1097 53 21 with
1171 1097 80 21 timber

663 1122 25 22 of
695 1122 38 23 the
743 1124 49 21 best
801 1123 140 28 description,
953 1123 44 22 and
1013 1131 38 14 are
1062 1124 116 27 generally
1186 1124 63 26 level,

663 1149 45 22 and
717 1150 88 27 equally
814 1150 98 27 adapted
924 1150 35 22 for
969 1150 134 27 agriculture
1113 1157 24 15 or
1151 1151 98 27 grazing,

663 1176 38 22 the
710 1177 89 27 pursuit
807 1180 23 18 at
844 1180 90 24 present
947 1177 114 27 receiving
1070 1185 25 13 so
1104 1178 69 21 much
1183 1181 68 17 atten-

663 1203 48 22 tion
726 1204 24 21 in
765 1204 43 21 this
825 1204 92 27 Colony,
935 1204 45 21 and
994 1204 125 28 possessing
1134 1211 67 20 every
1217 1211 34 14 re-

663 1230 80 27 quisite
766 1230 34 22 for
822 1230 79 22 either.
938 1231 37 21 No
997 1231 125 27 opposition
1145 1231 58 21 need
1223 1231 27 21 be

664 1257 156 28 apprehended
830 1258 58 21 from
898 1257 37 22 the
943 1257 93 27 natives,
1044 1257 51 22 who
1103 1265 38 14 are
1150 1258 100 21 believed

663 1287 23 18 to
704 1284 28 21 be
747 1291 54 20 very
817 1284 101 22 desirous
933 1284 25 21 of
973 1284 83 27 having
1070 1284 87 21 settlers
1171 1291 79 21 among

664 1310 61 22 them
736 1313 23 19 to
768 1314 71 18 create
850 1319 13 13 a
874 1310 95 22 demand
976 1311 37 21 for
1021 1310 59 22 their
1088 1311 85 21 labour.

691 1344 49 22 The
754 1344 124 27 proprietor
892 1351 79 19 waves,
980 1344 24 22 in
1013 1344 80 22 favour
1102 1345 26 21 of
1135 1343 38 23 the
1182 1345 68 21 fortu-

662 1374 53 18 nate
730 1371 138 28 purchasers,
879 1371 37 21 the
926 1371 61 27 right
1001 1371 27 21 of
1041 1371 97 28 forming
1154 1378 14 15 a
1182 1372 67 21 Town

664 1404 24 15 or
698 1397 106 22 Village
820 1399 24 20 in
861 1405 43 14 one
919 1398 24 21 of
957 1398 37 21 the
1008 1400 59 19 most
1081 1399 88 26 eligible
1183 1401 65 25 parts,

665 1424 46 22 and
724 1425 19 21 is
763 1425 112 21 confident
889 1425 37 21 the
944 1425 71 27 really
1030 1425 103 22 valuable
1150 1425 101 28 qualities

663 1451 46 21 and
723 1451 91 28 locality
830 1452 26 21 of
871 1451 61 22 these
947 1451 64 22 lands
1029 1451 45 22 will
1092 1452 29 22 be
1135 1451 115 23 estimated

663 1478 144 28 particularly
823 1479 33 26 by
868 1479 82 27 parties
966 1478 97 21 desirous
1081 1479 26 21 of
1123 1479 88 27 settling
1229 1481 22 19 at

664 1512 62 20 once,
748 1513 23 14 as
790 1505 50 22 well
858 1512 24 14 as
901 1508 21 18 to
940 1505 120 27 capitalists
1074 1505 95 28 wishing
1186 1506 34 21 for
1238 1512 12 14 a

663 1531 60 27 good
729 1532 143 21 investment.

691 1559 57 21 Plan
763 1559 25 21 of
802 1559 37 21 the
855 1558 86 28 ground
956 1566 52 20 may
1017 1559 29 21 be
1062 1566 53 15 seen
1124 1562 23 19 at
1156 1559 38 22 the
1206 1559 45 21 Ex-

664 1585 95 27 change.

691 1620 78 21 Terms
775 1631 27 4 —
810 1619 121 28 purchases
954 1622 40 19 not
1015 1620 120 26 exceeding
1159 1620 54 26 £10,
1237 1620 13 20 3

663 1646 78 22 month
748 1655 6 18 ;
770 1647 46 23 £10
834 1649 23 18 to
871 1647 54 26 £20,
941 1648 14 20 3
971 1646 43 22 and
1030 1649 14 19 6
1060 1647 88 21 months
1155 1654 7 19 ;
1182 1647 68 21 above

664 1673 55 27 £20,
729 1675 20 25 3,
762 1675 19 25 6,
792 1673 45 22 and
846 1673 80 21 month
935 1680 9 14 s
953 1673 58 22 bills.

691 1706 143 28 Wellington,
849 1707 56 27 May
914 1708 33 25 26,
959 1708 60 21 1842.

720 1753 60 20 Sale
795 1753 30 20 of
836 1753 101 20 Leases
954 1753 29 20 of
995 1753 88 20 Town
1097 1753 99 20 Lands.

666 1787 161 48 MESSRS.
842 1783 94 30 HdRT,
953 1786 159 26 MOCATTA,
1124 1786 67 21 AND
1205 1786 44 21 CO.

756 1813 56 21 have
828 1813 103 22 received
946 1813 142 21 instructions
1102 1815 22 18 to
1138 1816 41 24 put
1190 1820 29 20 up
1229 1815 21 18 to

663 1840 78 26 public
751 1840 95 26 auction,
858 1840 38 21 the
910 1839 112 28 following
1036 1839 102 22 valuable
1149 1839 70 22 leases
1229 1839 24 22 of

663 1867 70 21 Town
748 1867 83 26 Lands,
842 1867 25 21 in
882 1867 125 21 allotments
1022 1870 23 18 to
1057 1867 43 20 suit
1112 1866 136 27 purchasers.

663 1893 48 22 The
721 1894 46 21 sale
777 1894 44 21 will
837 1894 52 21 take
904 1893 62 28 place
981 1898 23 17 at
1017 1893 38 22 the
1072 1893 130 27 Exchange,
1218 1893 31 22 Te

667 1920 52 27 Aro,
736 1920 23 21 in
778 1920 36 21 the
832 1928 78 14 course
928 1920 26 21 of
969 1928 14 14 a
996 1920 44 22 few
1057 1920 62 27 days,
1137 1920 25 21 of
1179 1920 70 21 which

663 1947 43 22 due
717 1947 73 21 notice
801 1948 44 21 will
853 1948 29 21 be
891 1948 73 26 given.
994 1948 22 21 A
1030 1947 68 22 lunch
1108 1947 45 20 will
1162 1946 28 22 be
1201 1954 49 20 pro-

920 1974 72 21 vided.

861 2008 44 22 AT
917 2008 40 22 TE
971 2008 74 27 ARO,

729 2033 173 20 Allotments-
907 2032 216 28 on^-Scctiwjnn'-20%-
1128 2034 94 18 situate-
1225 2034 24 19 in
1256 2034 5 10 v

660 2058 120 22 Manners
803 2058 97 26 Street,
917 2058 101 26 frontage
1037 2060 23 19 to
1079 2056 54 23 each
1153 2059 27 20 33
1196 2057 51 27 feet,

661 2084 68 28 depth
740 2086 26 21 80
774 2084 51 26 feet,
835 2084 117 28 adjoining
961 2084 36 22 the
1007 2084 107 27 premises
1124 2084 26 21 of
1156 2084 91 22 Messrs.

661 2111 133 27 Ridgways,
810 2112 107 26 Guyton,
933 2111 45 22 and
991 2111 72 27 Earp,
1078 2110 46 22 and
1138 2110 84 28 having
1236 2119 12 14 a

660 2138 61 27 right
731 2138 26 21 of
768 2145 48 20 way
825 2141 23 18 to
859 2138 39 21 the
912 2138 77 21 beach.
1018 2138 74 21 These
1102 2137 44 22 will
1161 2138 29 21 be
1201 2138 47 22 sold

662 2172 29 14 on
705 2165 38 21 the
760 2164 115 23 condition
886 2165 25 21 of
921 2164 63 22 brick
994 2164 113 27 buildings
1122 2164 53 27 only
1183 2164 65 28 being

661 2192 97 21 erected.
795 2192 73 26 Term,
888 2192 125 21 remainder
1032 2191 26 22 of
1074 2198 14 14 a
1102 2191 60 22 lease
1181 2192 25 21 of
1223 2194 25 19 14

748 2225 70 21 years,
830 2220 40 24 12|
880 2225 63 21 years
952 2218 67 26 being
1028 2218 131 27 unexpired.

661 2246 42 21 Six
723 2245 158 22 Allotments
900 2252 26 14 on
945 2246 89 21 Section
1053 2246 46 25 120,
1121 2244 127 23 Ingestre-

661 2280 94 19 street,
766 2275 56 18 term
837 2274 29 19 14
874 2279 69 19 years.
982 2272 22 21 A
1012 2274 83 19 stream
1104 2271 25 22 of
1138 2272 110 21 excellent

762 2301 65 20 water
835 2306 54 15 runs
899 2298 94 27 through
1002 2298 44 22 this
1056 2298 91 22 section.

659 2326 80 21 Eight
754 2326 156 22 Allotments
925 2333 29 14 on
969 2326 88 21 Section
1072 2326 47 26 164,
1132 2325 116 22 Dickson-

661 2361 94 14 street.
792 2353 75 26 Term,
882 2352 125 22 remainder
1024 2352 27 21 of
1063 2359 14 14 a
1093 2352 59 21 lease
1171 2352 35 21 for
1222 2354 26 20 10

790 2386 71 20 years,
874 2380 27 24 8|
911 2386 64 20 years
983 2378 134 28 unexpired.

763 2413 215 22 WELLINGTON
991 2413 154 22 TERRACE.

661 2441 79 22 Eight
757 2441 158 21 Allotments
936 2447 28 14 on
984 2440 87 22 Section
1088 2440 47 22 187.
1173 2440 73 27 Term,

805 2468 27 20 14
839 2474 73 20 years,
922 2468 26 20 12
950 2468 12 24 J
970 2467 130 27 unexpired.
1178 2482 4 7 ,

660 2495 80 21 Eight
755 2495 159 20 Allotments
932 2501 29 14 on
981 2494 89 21 Section
1086 2494 49 21 455.
1173 2493 73 28 Term,

897 2520 37 22 the
944 2528 69 14 same.
1037 2536 4 4 .

660 2547 80 22 Eight
760 2547 158 22 Allotments
938 2554 28 15 on
982 2548 90 21 Section
1086 2549 49 20 461.
1174 2548 72 26 Term,

903 2575 26 21 14
936 2581 72 20 years.

660 2601 48 22 The
719 2604 42 19 two
770 2601 42 21 last
823 2601 60 21 have
893 2608 29 14 an
933 2601 111 22 excellent
1053 2604 82 18 stream
1145 2600 27 22 of
1182 2604 67 19 water

809 2628 98 27 running
921 2628 95 27 through
1029 2628 69 21 them.

784 2662 202 22 HAWKSTONE
1001 2662 125 22 STREET.

660 2689 79 22 Eight
753 2689 157 22 Allotments
930 2696 29 14 on
980 2689 89 21 Section
1087 2688 48 27 557,
1152 2688 97 28 opposite

725 2717 37 21 the
773 2716 115 22 residence
898 2716 25 21 of
930 2716 81 27 Henry
1020 2716 33 21 St.
1063 2716 58 27 Hill,
1131 2716 54 27 Esq.

660 2750 162 26 WALLACE,
843 2749 140 26 WRIGHT,
1002 2757 47 14 and
1069 2749 180 22 HARGRAVE

885 2776 140 27 STREETS,

717 2803 87 22 Section
818 2803 48 27 697,
877 2803 97 27 fronting
985 2803 210 21 Wright-street.
1259 2818 3 6 ,

717 2830 87 22 Section
818 2832 49 24 698,
878 2830 103 26 fronting.
986 2829 209 22 Wright-street.
1259 2825 3 30 \

661 2857 96 26 Section,
771 2859 45 25 699,
835 2856 56 22 with
905 2856 112 27 frontages
1035 2859 24 19 to
1078 2856 31 22 all
1127 2856 38 22 the
1180 2856 69 22 above
1261 2856 2 6 '

912 2886 85 19 streets.

713 2910 89 22 Section
811 2910 48 26 714,
869 2909 98 27 fronting
975 2909 224 23 Wallace-street.

711 2938 88 21 Section
809 2937 48 26 722,
868 2936 99 28 fronting
976 2936 222 23 Wallace-street.
1262 2940 1 30 j

661 2971 49 22 The
721 2971 69 21 above
801 2977 36 15 are
848 2970 35 22 for
898 2970 12 22 7
924 2977 71 20 years,
1006 2970 26 25 5J
1044 2970 26 21 of
1079 2970 74 22 which
1162 2977 38 15 are
1208 2977 41 15 un-
1262 2962 1 32 \

662 2997 93 28 expired
761 3006 6 19 ;
783 2997 35 22 the
828 3000 89 24 greater
925 2999 50 25 part
983 2997 59 21 have
1051 2997 58 21 been
1119 2997 127 27 cultivated,

661 3025 47 21 and
718 3025 61 21 there
794 3024 19 22 is
828 3031 30 14 an
868 3023 111 23 excellent
988 3030 82 15 stream
1080 3023 26 22 of
1119 3027 68 19 water
1198 3031 51 15 run-
1259 3020 4 36 j

660 3051 57 26 ning
726 3051 94 27 through
830 3051 71 21 them.
988 3050 127 22 leaseswill
1126 3050 28 22 be
1165 3050 48 22 sold
1225 3051 24 21 in
1259 3048 4 32 \

661 3078 49 22 half
728 3086 51 15 acre
797 3085 25 15 or
837 3081 91 24 quarter
945 3084 50 15 acre
1015 3076 132 28 allotments,
1168 3081 22 18 to
1208 3077 42 22 suit
1260 3086 3 19 j

659 3105 140 27 purchasers,'
807 3112 44 14 ana
859 3107 91 25 present
959 3111 29 15 an
992 3104 111 22 excellent
1112 3104 138 28 opportunity
1260 3106 3 25 ,'

661 3135 23 19 to
703 3132 127 22 mechanics
848 3131 46 23 and
911 3131 112 22 labourers
1042 3131 26 21 of
1087 3133 87 25 getting
1193 3131 56 28 good
1260 3131 3 22 !

661 3175 4 5 .
681 3168 8 6 -•
891 3173 3 5 .
903 3158 102 27 gardens.
1081 3175 5 5 ,
1259 3158 3 26 J

790 3191 162 22 ORIENTAL
966 3190 155 23 TERRACE.
1259 3200 3 4 ■

662 3218 89 22 Section
761 3220 53 25 406;
830 3218 49 26 this,
884 3218 64 22 abuts
962 3225 29 14 on
1007 3218 37 21 the
1062 3225 66 14 town
1147 3220 115 20 reserve!

661 3245 73 22 under
748 3245 82 22 Mount
844 3244 143 28 Wellington,
998 3244 46 22 and
1052 3244 75 23 would
1133 3256 3 2 ■
1142 3245 65 21 make
1222 3244 40 30 an]

661 3271 113 22 excellent
796 3279 97 14 station
916 3279 44 14 for
982 3279 73 14 sheep
1082 3279 47 14 and
1155 3279 93 14 cattle.
1257 3279 5 15 ;

861 3298 74 27 Term,
947 3299 27 20 14
985 3305 73 21 years.
1075 3315 4 4 .

766 3338 3 4 •
814 3331 166 23 ADELAIDE
1000 3333 98 21 ROAD.

663 3358 89 23 Section
759 3360 54 20 1023
819 3366 6 19 ;
842 3358 117 27 adjoining
968 3359 36 22 the
1013 3359 115 23 residence
1138 3359 27 23 of
1173 3359 76 23 James

662 3385 69 28 Watt,
749 3385 60 28 Esq.,
830 3385 131 30 admirably,
969 3385 97 28 adapted
1079 3387 36 21 for
1131 3394 12 15 a
1162 3394 86 15 cattle

785 3419 105 15 station.
926 3412 75 27 Term,
1013 3413 27 21 14
1054 3420 72 19 years.

834 3445 120 23 WADE'S
975 3446 100 23 TOWN.

676 3473 50 22 One
734 3472 52 23 half
792 3479 56 21 acre,
858 3472 79 22 situate
946 3472 24 22 in
980 3480 42 14 one
1030 3473 25 22 of
1060 3473 39 22 the
1108 3474 51 23 best
1166 3477 68 26 parts.

851 3507 103 24 RIVER
967 3507 92 24 HUTT.
1177 3500 12 32 .'

661 3535 59 23 Five
733 3535 84 26 Acres,
833 3541 56 15 near
903 3533 36 22 the
949 3533 108 23 Village
1071 3542 28 14 of
1112 3535 135 28 Richmond,

660 3561 26 23 in
701 3561 39 23 the
747 3561 78 28 .valley
835 3561 27 21 of
868 3560 37 22 the
918 3561 76 26 Hutt,
1005 3561 53 22 with
1063 3564 70 20 water
1142 3563 105 26 frontage.

689 3596 45 22 For
748 3595 44 22 sale
808 3595 30 27 by
846 3594 87 28 private
947 3598 100 19 contract
1060 3595 35 22 for
1107 3603 47 20 any
1170 3596 25 21 of
1211 3596 37 21 the

701 3639 4 4 .
722 3622 80 27 .above,
813 3621 68 28 apply
891 3624 23 19 to
922 3621 38 22 the
970 3621 152 28 Auctioneer,:
1126 3630 24 14 or
1158 3625 24 19 to
1215 3637 3 2 -

731 3655 89 22 Messrs.
835 3655 133 26 Ridgways.,
984 3655 107 28 Guyton,
1106 3657 22 21 &
1140 3656 73 27 Earp,
1225 3663 23 15 or

731 3682 36 22 W.
782 3682 28 22 V.
825 3682 108 27 Brewer,
948 3682 54 23 Esq.

842 3727 45 21 Ex

660 3762 97 50 JUST
771 3761 146 23 ARRIVED
931 3761 31 27 by
971 3760 38 22 the
1022 3760 48 28 ship
1079 3761 95 24 London,
1185 3760 61 28 Capt.

726 3788 102 27 Atwood,
839 3788 48 22 and
893 3788 36 22 for
938 3787 45 23 sale
991 3795 5 14 :
998 3798 30 5 —

744 3815 78 28 Prints,

743 3842 114 27 Blankets,

738 3869 80 24 ■Shoes.

663 3903 76 28 Apply
750 3905 24 20 to
792 3903 22 22 S,
830 3902 101 26 Revans,
952 3908 25 14 or
994 3900 85 23 Waitt
1100 3900 44 22 and
1162 3900 83 22 Tyser.

686 3937 146 26 Wellington,
845 3935 56 27 May
910 3935 19 26 5,
942 3936 59 21 1842.
1251 3923 4 36 I

1544 695 76 25 Lost,

1284 727 108 49 LAST
1411 728 137 26 SUNDAY,
1568 727 37 23 the
1625 728 53 22 29th
1697 728 61 27 May,
1779 736 14 14 a
1810 728 62 27 large

1361 754 66 22 white
1436 755 94 27 English
1538 757 54 20 Sow.
1622 755 112 22 Whoever
1741 755 43 21 will
1794 758 77 18 return

1284 788 25 14 or
1317 781 49 26 give
1376 781 144 23 information
1536 782 27 22 of
1574 782 39 22 the
1622 789 69 20 same,
1702 781 43 23 will
1759 782 30 22 be
1801 781 71 22 hand-

1283 807 85 28 somely
1376 808 115 22 rewarded
1499 808 30 27 by

1567 835 30 22 D.
1613 835 23 21 S.
1651 835 79 21 Durie
1744 835 45 22 and
1804 835 39 22 Co.

1312 860 55 28 May
1376 863 35 25 31,
1421 862 62 21 1842.

1283 904 86 21 Town
1392 906 56 20 and
1472 906 123 25 Country
1615 906 78 20 Land
1714 907 28 19 to
1763 906 51 21 Let
1834 911 35 16 on

1471 933 80 25 Long
1571 933 108 20 Leases.

1281 958 99 48 NOS.
1397 958 26 21 of
1438 958 39 22 the
1496 962 59 18 town
1575 965 62 15 acres
1657 965 28 15 on
1702 958 38 23 the
1759 960 111 26 Surveyor

1483 985 114 22 General's
1608 985 64 27 Plan,

1390 1012 42 21 224
1557 1012 40 22 510
1720 1014 39 20 263

1282 1037 45 21 For
1335 1037 139 28 particulars,
1486 1038 66 28 apply
1563 1042 21 18 to

1445 1065 124 27 Wallace,
1581 1065 93 27 White,
1686 1065 45 22 and
1744 1065 123 22 Wallace.

1308 1091 56 27 May
1371 1092 35 25 31,
1417 1093 62 20 1842.

1395 1136 137 27 Landing,
1548 1143 36 14 ex

1282 1169 115 48 FIRST
1412 1169 140 25 QUALITY
1568 1170 112 27 FLOUR,
1695 1170 59 22 fresh
1762 1171 58 21 from
1831 1170 36 22 the

1355 1196 90 27 Sydney
1455 1196 70 27 Mills,

1308 1222 55 22 Rice
1372 1223 24 21 in
1406 1223 61 27 bags,

1309 1249 70 27 Sugar
1387 1249 25 22 in
1421 1250 62 27 bags,

1309 1276 73 22 Coffee
1392 1276 23 22 in
1425 1276 63 27 bags,

1307 1303 49 21 Tea
1364 1303 23 21 in
1398 1303 79 26 chests,

1308 1329 78 22 Butter
1394 1329 24 22 in
1429 1330 86 27 firkins,

1309 1356 59 21 Pork
1376 1357 25 21 in
1411 1357 91 26 barrels,

1309 1383 59 21 Pork
1376 1383 25 21 in
1411 1386 89 25 quarter
1510 1383 71 27 casks,

1309 1409 97 28 Battens',

1309 1437 82 26 Cigars,

1309 1463 97 27 Gunney
1416 1463 63 27 bags.

1599 1490 85 22 Waitt
1698 1490 43 22 and
1754 1491 85 22 Tyser.

1283 1534 73 48 ON
1370 1534 85 26 SALE,
1468 1541 28 15 ex
1507 1536 92 24 London,
1612 1536 85 26 Skerne,
1709 1534 45 23 and
1761 1536 71 25 Agnes
1837 1544 30 14 ;—

1360 1561 91 27 Brandy
1458 1561 25 22 in
1492 1562 65 21 hhds.

1309 1587 46 22 Gin
1363 1587 24 22 in
1397 1591 91 23 quarter
1498 1589 62 21 casks
1570 1588 44 22 and
1622 1588 58 22 hhds
1690 1604 5 11 ,

1309 1614 55 21 Port
1373 1615 43 20 and
1426 1614 78 28 sherry
1513 1615 23 22 in
1547 1616 64 21 hhds.
1623 1616 46 21 and
1677 1618 89 25 quarter
1776 1615 70 27 casks,

1308 1640 61 28 Very
1387 1642 100 26 superior
1509 1642 81 27 sherry,
1615 1646 57 24 port,
1695 1642 108 26 Madeira,
1824 1642 42 21 and

1281 1668 137 28 champagne
1428 1668 22 21 in
1460 1668 77 28 bottle,

1308 1695 89 27 Alsop's
1407 1695 86 22 Burton
1503 1695 40 27 ale,

1309 1722 51 21 Coir
1368 1729 53 20 rope
1432 1722 46 21 and
1487 1722 89 28 oakum,

1308 1748 58 22 First
1375 1748 62 27 flour,

1308 1774 72 22 Patna
1388 1775 51 27 rice,

1309 1802 48 21 Soft
1366 1802 65 22 white
1441 1809 75 21 sugar,
1528 1802 46 22 first
1585 1803 91 27 quality,

1309 1828 69 28 Slops,

1308 1855 59 22 Pork
1375 1856 24 21 in
1408 1856 90 26 barrels,

1307 1882 102 22 Tobacco
1418 1883 23 21 in
1450 1883 87 27 tierces,
1548 1883 55 27 duty
1612 1884 55 26 free,

1302 1908 81 23 'Shoes.

1596 1936 84 23 Waitt
1696 1937 44 21 and
1753 1937 85 22 Tyser.

1307 1962 141 28 Wellington,
1461 1963 58 27 May
1528 1966 33 24 12,
1573 1965 61 20 1842.

1347 2008 44 20 Ex
1564 2009 55 20 and

1284 2038 163 21 TOHNSON
1458 2041 47 19 and
1516 2039 111 22 MOORE
1636 2041 58 20 have
1700 2041 47 26 just
1756 2041 110 26 received,

1280 2068 26 17 V
1343 2064 57 22 New
1410 2065 43 21 and
1462 2065 138 22 fashionable
1611 2067 44 20 silk
1668 2067 100 26 bonnets,
1784 2067 83 22 bonnet

1279 2098 57 20 caps,
1348 2091 44 21 and
1403 2095 64 18 straw
1477 2092 103 27 bonnets,

1306 2118 138 22 Artificial
1460 2126 105 14 vlowers
1582 2127 45 14 and
1643 2128 115 18 wreaths,

1305 2144 106 27 Ribbons,
1427 2145 109 28 galloons,
1550 2154 52 14 silk
1617 2154 46 14 and
1678 2154 106 14 worsted
1799 2154 67 15 bind-

1278 2178 60 19 ings,
1345 2181 4 2 ■

1305 2198 103 22 Persian
1423 2206 46 14 and
1486 2206 87 14 glazed
1589 2207 81 14 calico
1680 2208 101 19 linings,

1305 2225 87 21 Ladies'
1410 2225 158 23 tortoise-shell
1585 2226 47 22 side
1648 2227 82 27 combs,
1745 2227 45 22 fine
1804 2227 61 22 teeth

1277 2252 82 26 combs,

1304 2278 100 22 Infants
1418 2286 108 15 worsted
1542 2288 68 13 boots
1624 2288 47 13 and
1687 2288 73 19 socks,

1303 2305 86 23 Tinn'd
1404 2314 78 19 tacks,
1499 2314 37 14 pit
1551 2314 46 14 saw
1613 2314 70 21 files,
1699 2307 32 28 pit
1746 2307 44 22 and
1804 2315 60 14 cross

1276 2335 38 18 cut
1324 2340 61 19 saws,
1397 2333 69 21 coffee
1477 2333 44 21 and
1530 2334 60 27 spice
1599 2334 67 27 mills,

1304 2359 106 22 Cottage
1426 2368 95 19 grates,
1530 2361 90 21 various
1628 2364 106 24 patterns,
1745 2362 40 21 &c.

1304 2386 68 22 Stone
1383 2393 56 15 ware
1449 2387 26 21 in
1483 2387 104 28 pitchers,
1596 2387 90 28 bottles,
1697 2388 43 21 and
1747 2388 54 27 jars,

1303 2413 60 21 Fine
1378 2421 72 14 black
1465 2421 45 14 tea
1524 2414 24 21 in
1565 2416 11 23 \
1594 2414 80 27 chests,
1690 2415 72 22 butter
1775 2415 24 21 in
1817 2415 50 22 half

1274 2439 83 28 firkins,
1637 2454 6 8 *

1303 2466 54 22 Best
1365 2467 75 27 coffee,
1451 2467 105 27 Manilla,
1566 2468 66 27 Siara,
1643 2468 45 22 and
1697 2468 85 22 refined
1792 2476 70 20 sugar,

1303 2493 73 22 Patna
1384 2494 52 27 rice,
1446 2495 87 26 raisins,
1545 2496 47 26 &c,

1304 2520 75 28 Cheap
1388 2521 45 21 rice
1441 2521 37 21 for
1485 2522 97 27 poultry.

1276 2547 189 28 Lambton-quay,
1479 2548 56 27 May
1544 2550 33 25 14,
1589 2550 61 20 1842.

1276 2592 94 49 JUST
1384 2593 174 27 IMPORTED,
1567 2593 45 22 and
1620 2594 36 21 for
1662 2594 45 22 sale
1713 2597 24 19 at
1744 2594 38 22 the
1790 2595 74 21 Stores

1340 2620 26 21 of
1371 2620 38 22 the
1418 2620 152 27 undersigned
1577 2628 5 13 :
1584 2632 32 5 —

1303 2646 70 22 Black
1383 2646 46 23 and
1437 2654 70 20 green
1518 2651 36 18 tea
1567 2648 25 21 in
1601 2647 74 22 chests
1684 2648 44 21 and
1742 2648 75 27 boxes,
1828 2656 36 14 re-

1275 2673 60 22 fined
1349 2681 73 20 sugar,
1439 2674 78 26 coffee,
1534 2674 58 22 Irish
1609 2674 83 28 butter,
1712 2674 92 28 English
1818 2676 45 21 and

1275 2700 77 23 Dutch
1369 2701 86 26 cheese,
1481 2701 146 28 champagne,
1651 2701 108 27 blankets,
1783 2702 78 27 prints,

1274 2728 111 27 superfine
1400 2728 73 26 black,
1491 2728 59 27 blue,
1569 2728 45 21 and
1628 2728 55 27 pilot
1697 2728 70 28 cloth;
1783 2729 79 27 calico,

1263 2773 2 5 ,
1275 2754 117 28 stockings,
1413 2755 68 21 black
1496 2754 43 22 silk
1556 2754 179 28 handkerchiefs,
1753 2756 109 27 galloons,

1275 2782 82 26 combs,
1371 2782 59 27 whip
1452 2781 63 22 hand
1544 2788 60 20 saws,
1631 2782 95 21 Manilla
1752 2783 108 28 cheroots,

1259 2818 3 23 I
1274 2808 85 27 garden
1366 2809 70 27 seeds,
1448 2811 49 19 cart
1507 2808 97 26 harness,
1617 2808 40 22 &c.

1552 2849 2 3 •
1586 2842 146 22 Alexander
1745 2843 89 22 Perry.

1302 2869 55 27 May
1368 2870 32 21 13.
1412 2870 61 21 1842.

1458 2917 45 19 Ex

1275 2949 91 34 npHE
1381 2948 152 28 undersigned
1547 2949 42 22 has
1601 2949 50 27 just
1665 2950 103 21 received
1784 2958 14 14 a
1808 2958 52 14 con-

1262 2971 48 26 IJL
1349 2977 111 26 signment
1481 2976 26 21 of
1522 2983 63 20 maps
1604 2976 47 21 and
1669 2977 73 21 charts
1759 2977 59 22 from
1837 2978 23 21 J.

1261 3020 2 11 ,
1274 3002 92 28 Wyld's,
1391 3003 98 27 Charing
1512 3003 71 26 Cross,
1609 3003 144 27 Geographer
1777 3007 22 18 to
1822 3004 38 22 the

1259 3036 4 20 j
1274 3029 85 28 Queen,
1370 3030 36 21 viz
1413 3037 4 14 :
1419 3041 29 4 —

1260 3062 3 18 !
1301 3056 72 27 Large
1383 3060 43 19 two
1436 3057 64 22 sheet
1510 3063 51 23 map
1571 3056 26 22 of
1603 3056 58 21 New
1669 3056 107 28 Zealand,

1260 3086 4 19 1
1301 3083 49 22 One
1361 3084 64 21 sheet
1433 3091 53 20 map
1496 3083 26 22 of
1528 3082 57 23 New
1594 3083 107 26 Zealand,

1260 3106 3 39 |
1300 3110 106 23 Chaffers'
1424 3110 65 23 chart
1505 3110 25 22 of
1544 3109 80 22 Cook's
1644 3110 86 27 Straits,
1747 3109 55 23 with
1820 3110 38 22 the

1260 3132 3 34 |
1272 3136 67 22 latest
1348 3137 118 27 additions,

1259 3173 3 11 i
1301 3164 105 22 Chaffers'
1416 3164 65 22 chart
1490 3163 26 22 of
1522 3163 54 22 Port
1585 3162 131 28 Nicholson,

1259 3187 4 25 ■1
1300 3190 132 23 Mercator's
1441 3191 66 22 chart
1516 3190 25 22 of
1551 3189 39 22 the
1599 3189 77 28 world,
1688 3190 40 21 &c.
1740 3190 39 22 &c.
1790 3190 40 23 &c.

1258 3220 4 34 j
1631 3222 111 23 William
1757 3223 73 22 Lyon.

1257 3255 5 19 i
1272 3251 84 22 Corner
1365 3251 26 22 of
1396 3250 154 24 Willis-street
1559 3249 45 22 and
1613 3249 190 28 Lambton-quay.

1258 3279 4 5 '
1444 3277 82 22 March
1535 3278 19 26 8,
1566 3277 61 21 1842.

1272 3323 72 49 ON
1360 3323 84 28 SALE,
1461 3330 30 15 ex
1500 3322 38 22 the
1546 3322 140 21 Elizabeth—

1349 3352 13 19 9
1374 3350 66 22 hhds.
1449 3350 62 26 lime,

1298 3378 75 26 13,000
1386 3377 82 26 bricks,
1492 3381 3 8 '

1296 3406 14 19 6
1325 3404 62 21 casks
1397 3404 96 27 brandy,

1296 3432 14 21 3
1326 3431 62 21 casks
1395 3438 58 19 rum,
1858 3444 4 6 -

1297 3459 12 20 1
1325 3460 88 25 quarter
1423 3457 54 22 cask
1486 3457 64 27 wine,

1267 3493 2 4 -
1295 3486 15 20 2
1323 3485 69 21 boxes
1399 3484 89 27 raisins,

1296 3513 14 20 8
1324 3511 64 22 casks
1395 3511 87 21 bottled
1492 3509 41 28 ale,

1295 3540 15 19 2
1323 3540 47 19 tons
1380 3537 96 23 colonial
1483 3537 65 26 flonr,

1296 3567 13 20 6
1322 3564 124 27 hogsheads
1455 3566 83 24 porter,

1295 3593 14 20 3
1322 3591 126 27 hogsheads
1457 3589 94 28 brandy.

1403 3618 124 25 Wallace,
1542 3615 90 26 White,
1646 3614 45 22 and
1703 3615 124 22 Wallace.

1270 3663 72 49 ON
1357 3662 79 23 SALE
1449 3662 33 33 by
1496 3660 38 21 the
1549 3659 158 28 undersigned,
1723 3667 29 15 ex
1768 3661 89 20 London

1346 3690 46 21 and
1401 3689 43 22 late
1455 3687 61 28 ships
1516 3697 28 5 —

1293 3718 43 21 400
1349 3716 54 28 kegs
1411 3715 75 28 paints
1496 3714 46 21 and
1550 3712 93 27 colours,

1295 3745 13 20 9
1322 3746 71 19 crates
1403 3742 158 25 earthenware,

1293 3772 30 20 20
1336 3770 64 22 casks
1408 3768 124 28 glassware,

1294 3797 51 27 Tar,
1356 3796 67 27 pitcn,
1435 3794 47 23 and
1491 3793 97 27 varnish,

1295 3822 160 29 Apothecaries
1463 3821 130 28 perfumery
1602 3819 48 23 and
1659 3820 168 29 confectionery.

1623 3854 91 22 Willis
1728 3854 45 22 and
1788 3855 39 21 Co.

1269 3902 72 49 ON
1364 3900 85 26 SALE,
1475 3902 23 19 at
1516 3899 38 22 the
1572 3899 72 22 Office
1667 3899 28 21 of
1712 3899 44 21 this
1778 3906 75 20 paper,

1418 3926 153 23 SEAMEN'S
1587 3925 157 23 ARTICLES.

2161 701 71 23 Beef.
2459 704 6 20 :

1902 730 55 49 IN
1967 731 159 24 ADDITION
2135 736 23 19 to
2168 734 33 22 his
2206 736 65 22 usual
2281 738 68 27 stock,
2360 739 36 22 the
2406 741 83 21 under-

1961 758 77 26 signed
2048 766 41 15 can
2100 760 54 22 offer
2164 769 13 13 a
2191 761 41 23 few
2246 763 81 23 tierces
2342 766 44 22 and
2402 767 86 22 barrels

1902 790 73 21 prime
1986 784 43 23 salt
2036 785 58 23 beef.

1928 837 20 4 ™
1980 837 4 4 .
2046 838 54 6 ...
2302 817 62 22 John
2379 818 81 24 Wade.

1928 837 33 21 Te
1971 837 53 27 Aro,
2036 838 66 28 April
2112 841 32 25 19,
2157 842 60 21 1842.

1971 882 52 20 For
2034 883 69 24 Sale,
2114 889 37 15 ex
2183 885 88 21 Maria

1917 914 18 22 A
1966 913 134 24 NUMBER
2110 917 26 21 of
2145 917 73 22 useful
2232 920 88 21 articles
2332 920 23 21 of
2366 921 119 23 Furniture

1899 941 53 21 Xl_
1980 941 45 21 and
2035 941 64 23 other
2107 943 75 28 goods,
2192 948 50 23 part
2251 946 27 21 of
2288 946 38 22 the
2337 955 62 18 cargo
2411 949 25 20 of
2447 949 38 22 the

1898 967 74 20 Maria
1988 969 94 21 Theresa.
2113 969 53 22 Will
2183 971 25 20 be
2225 971 81 22 landed
2322 973 51 22 here
2388 974 34 22 for
2439 975 46 22 sale

1899 993 81 23 should
1989 994 81 28 buyers
2081 995 53 23 offer
2142 1004 5 19 ;
2165 998 59 27 early
2233 998 131 28 application
2377 1001 19 21 is
2408 1009 78 14 neces-

1899 1026 59 21 sary.
1987 1021 74 28 Apply
2071 1025 23 19 to

1901 1073 25 8 „.
1942 1073 24 5 ...
2298 1052 61 22 John
2375 1054 81 21 Wade.

1901 1073 143 28 Wellington,
2056 1075 81 23 March
2149 1078 32 25 18,
2194 1078 59 21 1842.

2084 1120 43 20 Ex

1900 1152 74 48 ON
1998 1152 82 28 SALE,
2102 1157 23 18 at
2143 1154 37 22 the
2199 1156 74 22 Stores
2297 1157 26 21 of
2343 1157 36 22 the
2402 1157 83 22 under-

1978 1179 83 26 signed,

1898 1204 101 22 SEVEN
2023 1206 67 21 AND
2114 1207 23 21 A
2161 1207 85 23 HALF
2271 1209 79 23 TONS
2373 1211 112 22 SHING-

2008 1232 78 22 LING
2100 1233 68 22 AND
2183 1235 77 22 ROSE
2274 1236 99 28 NAILS,

1924 1258 44 21 200
1976 1258 54 27 kegs
2039 1259 49 21 best
2097 1259 68 23 white
2173 1261 56 28 lead,

1926 1284 98 22 Linseed
2034 1285 35 27 oil,
2081 1288 134 27 turpentine,
2226 1289 45 21 and
2280 1289 80 28 paints,

1926 1310 103 23 Window
2037 1312 65 27 glass,
2113 1313 31 21 all
2154 1313 63 28 sizes,
2226 1315 41 22 &c.
2278 1317 39 21 &c.

2241 1348 22 22 J.
2279 1349 34 22 M.
2328 1350 99 28 Taylor,

2354 1377 31 22 Te
2399 1379 56 20 Aro.

1900 1416 73 48 ON
1989 1416 104 23 SALE—
2095 1418 108 26 MAIZE,
2217 1419 36 21 the
2264 1420 43 22 last
2315 1421 25 21 of
2349 1421 36 22 the
2396 1429 87 15 season.

2149 1445 26 22 F.
2187 1446 26 21 V.
2225 1447 99 21 Martin
2335 1448 42 21 and
2388 1449 37 26 Co,

2358 1475 31 21 Te
2399 1476 56 21 Aro.

1926 1496 56 27 May
1992 1497 32 27 17,
2036 1499 60 20 1842.

2137 1544 104 25 Bricks,

1898 1574 90 48 FOR
2004 1576 81 25 SALE,
2098 1579 23 19 at
2137 1578 45 21 60s.
2199 1585 40 20 per
2255 1578 117 23 thousand.
2406 1580 78 27 Apply

1959 1606 21 17 to
1998 1602 20 21 J.
2038 1602 92 28 Pimble,
2142 1607 24 18 at
2178 1604 37 22 the
2232 1605 167 28 Sydney-street
2415 1607 68 22 Brick

1898 1628 44 21 and
1952 1628 49 22 Tile
2018 1629 86 27 Works,
2114 1633 24 18 at
2148 1631 37 22 the
2200 1639 50 14 rear
2260 1632 25 21 of
2297 1633 90 21 Colonel
2401 1633 82 22 Wake-

2086 1657 72 22 field's
2172 1658 121 22 residence.

1964 1689 105 22 Terms—
2070 1691 52 21 cash
2133 1698 28 14 on
2173 1691 99 28 delivery
2282 1696 24 17 at
2316 1693 36 21 the
2361 1693 54 22 kiln.

1898 1733 89 48 FOR
2002 1734 83 26 SALE,
2096 1734 30 28 by
2135 1736 85 26 private
2230 1740 106 24 contract,
2345 1737 83 28 horses,
2438 1739 44 21 and

1971 1767 57 15 cows
2044 1758 43 24 and
2103 1760 80 24 heifers
2198 1763 23 21 in
2237 1763 49 22 calf.
2315 1765 74 27 Apply
2397 1767 22 19 to
2435 1766 44 21 Mr.

1897 1786 98 27 Revans,
2012 1795 24 13 or
2052 1792 22 17 to
2088 1788 46 22 Mr.
2151 1789 81 27 Hulkc,
2252 1790 138 28 Cowpasture
2405 1792 76 27 Farm,

1898 1813 81 21 Evans'
1990 1814 54 27 Bay.

1925 1840 144 28 Wellington,
2081 1842 56 27 May
2148 1843 32 27 17,
2192 1845 59 20 1842.

1905 1885 88 35 JUST
2002 1886 166 28 RECEIVED,
2179 1894 13 14 a
2200 1887 62 28 large
2269 1889 78 28 supply
2356 1890 26 22 of
2387 1891 95 26 genuine

1898 1917 25 16 V
1963 1912 66 27 drugs
2039 1914 43 20 and
2093 1914 125 22 chemicals.

1924 1939 98 22 Medical
2034 1940 61 27 Hall,
2107 1941 57 27 May
2174 1943 31 25 12,
2218 1943 61 20 1842.

1899 1984 72 48 ON
1987 1985 77 21 SALE
2079 1988 23 18 at
2112 1985 37 22 the
2166 1987 72 21 Stores
2248 1988 25 20 of
2279 1988 37 21 the
2326 1988 153 28 undersigned,

1977 2018 14 14 a
2000 2012 100 27 quantity
2110 2013 24 21 of
2143 2013 107 22 Chatham
2261 2014 88 22 Islands
2358 2019 107 23 potatoes.

2267 2047 74 23 Levin
2355 2048 44 22 and
2413 2049 37 21 Co.

1924 2070 142 28 Wellington,
2078 2072 56 27 May
2147 2074 31 26 18,
2191 2075 59 20 1842.

1991 2116 92 20 Union
2096 2117 81 21 Bank
2191 2119 29 20 of
2237 2120 151 22 Australia^

1896 2149 96 22 London
2010 2150 92 27 Office,
2118 2151 45 22 No.
2177 2153 34 25 33,
2230 2152 50 22 Old
2297 2154 190 25 Broad-street..

1950 2183 93 27 Capital,
2052 2184 123 28 £800,000;
2195 2186 51 26 paid
2255 2194 38 20 up,
2309 2188 115 27 £500,000.

2128 2222 110 14 DIRECTORS
2242 2225 8 11 r

2001 2244 66 21 George
2074 2245 39 16 Fife
2120 2246 67 20 Angas,
2195 2247 49 21 Esq.,

2001 2265 65 16 Robert
2072 2267 77 19 Brooks,
2158 2267 47 21 Esq.,

2000 2286 59 17 James
2067 2287 49 16 John
2123 2288 99 20 Cummins,
2230 2289 51 20 Esq.,

2001 2307 65 16 Robert
2073 2308 97 20 Gardener,
2182 2309 47 20 Esq.,
2241 2310 125 18 Manchester;.

2000 2328 46 15 John
2054 2328 47 16 Gore
2116 2329 50 20 Esq.,

1999 2348 47 17 John
2140 2350 75 19 Buckle,
2220 2351 49 20 Esq.,

2000 2369 93 20 Benjamin
2101 2371 21 16 E.
2128 2371 64 19 Lindo,
2199 2372 49 20 Esq.,

2001 2390 70 17 Charles
2080 2391 76 17 Edward
2163 2392 87 21 Mangles,
2258 2393 49 21 Esq.,

2000 2411 113 21 Christopher
2120 2412 83 20 Rawson,
2211 2413 49 21 Esq.,
2271 2415 82 20 Halifax,

2000 2432 76 16 Thomas
2084 2433 64 19 Sands,
2156 2434 47 19 Esq.,
2210 2434 101 21 Liverpool,
2337 2446 4 3 -

1999 2453 59 16 James
2066 2453 56 21 Bogle
2130 2454 64 20 Smith,
2199 2455 49 20 Esq.,

1999 2474 60 16 James
2067 2474 80 17 Ruddell
2154 2475 54 20 Xodd,
2217 2475 43 21 Esq.

1893 2505 86 16 Trustees
1985 2509 5 11 :
2006 2503 79 16 George
2097 2503 57 16 Carb.
2166 2504 59 20 Gmtn,
2237 2505 49 21 Esq.,
2297 2505 53 18 John
2360 2507 60 22 Gore,
2429 2509 44 20 Esq.

2040 2524 35 16 and
2083 2524 67 16 James
2156 2525 17 16 J.
2181 2525 100 20 Cummins,
2290 2527 43 21 Esq.

1919 2553 84 16 Bankers
2008 2557 4 11 :
2024 2552 74 17 Messrs.
2106 2552 62 19 Gltn,
2178 2553 115 22 Hallifax,
2301 2555 69 21 Mills,
2378 2557 36 16 and
2420 2558 32 17 Co.

2014 2574 100 19 Secretary:
2126 2574 82 16 Samuel
2215 2575 95 20 Jackson,
2317 2576 42 21 Esq.
2372 2580 1 5 '

1984 2594 78 17 Colonial
2069 2595 104 20 Inspector:
2185 2595 16 16 J.
2210 2596 19 15 C.
2236 2596 102 20 M'Larek,
2346 2598 43 21 Esq.

2015 2642 68 20 New
2100 2642 123 21 Zealand
2241 2644 115 22 Branch.

1892 2676 54 16 Local
1953 2676 100 16 Directors:
2069 2676 47 16 Geo.
2128 2676 18 16 S.
2158 2677 71 19 Evans,
2242 2677 50 21 Esq.,
2303 2679 68 19 D.C.L.,
2383 2681 36 17 and
2431 2682 48 17 Geo.

2112 2697 91 20 Hunter,
2216 2699 44 20 Esq.

1893 2717 96 21 Manager:
2001 2717 46 17 John
2055 2717 73 20 Smith,
2135 2718 50 20 Esq.,
2192 2719 36 17 late
2236 2720 20 16 of
2265 2720 31 16 the
2303 2721 116 18 Commercial
2424 2723 55 17 Bank

2058 2738 22 17 of
2087 2738 91 21 England,
2189 2740 123 18 Manchester.

2003 2759 113 22 Branches
2126 2763 25 19 at
2165 2761 97 28 Sydney,

2166 2782 87 28 ltobart
2262 2789 82 27 Town,,

2166 2814 9 22 1
2183 2819 131 24 <aunceston,
2326 2817 44 21 and

2166 2841 10 21 1
2185 2845 33 18 ort
2227 2842 83 28 Philip.

1893 2867 53 22 Port
1955 2867 129 28 Nicholson,
2097 2868 80 21 March
2187 2869 33 26 24,
2231 2870 64 21 1840.

1893 2921 92 33 rpHE
2001 2921 114 22 Directors
2131 2921 27 21 of
2173 2921 38 22 the
2227 2921 57 23 New
2299 2923 99 23 Zealand
2412 2925 68 23 Land

1899 2943 29 26 A
1968 2948 115 27 Company
2096 2947 83 28 hereby
2196 2948 50 27 give
2263 2949 81 28 notice,
2361 2950 49 23 that
2423 2952 55 28 they

1891 2973 58 23 have
1955 2982 112 14 EFFECTED
2077 2981 30 15 AN
2118 2982 171 15 ARRANGEMENT
2297 2977 52 21 with
2356 2977 37 23 tile
2400 2978 78 23 Union

1890 3001 66 21 Bank
1971 3001 26 21 of
2011 3001 120 26 Australia,
2148 3001 44 22 No.
2208 3003 33 25 38,
2257 3002 45 22 Old
2318 3003 158 30 Broad-street,

1890 3027 103 28 London,
2004 3027 34 21 for
2046 3027 38 21 the
2097 3027 168 23 establishment
2278 3029 26 22 of
2317 3037 15 14 a
2346 3030 131 25 BRANCH

1890 3054 89 22 BANK
1993 3054 35 21 IN
2041 3053 73 23 NEW
2126 3050 159 33 ZEALAND,
2299 3056 95 29 through
2404 3059 74 23 which

1890 3081 36 21 the
1935 3081 103 21 business
2049 3081 27 21 of
2088 3080 38 22 the
2144 3081 55 23 New
2215 3081 102 24 Zealand
2330 3084 64 23 Land
2410 3086 67 23 Com-

1889 3115 61 25 pany
1958 3107 46 22 will
2011 3107 28 22 be
2048 3107 135 23 transacted.
2210 3108 48 22 The
2273 3109 114 24 Directors
2402 3112 75 23 there-

1887 3136 49 20 lore
1944 3133 146 23 recommend
2097 3137 24 19 to
2138 3135 110 22 Colonists
2265 3136 38 22 the
2321 3138 74 22 Union
2410 3140 68 23 Bank

1890 3161 25 21 of
1933 3161 114 21 Australia
2063 3168 25 14 as
2107 3168 28 15 an
2145 3184 3 6 t
2162 3162 170 23 establishment
2351 3167 127 27 possessing

1890 3187 56 23 their
1963 3187 69 22 entire
2054 3187 138 28 confidence,
2211 3189 46 22 and
2276 3190 50 23 able
2344 3195 33 18 to.
2384 3194 93 27 provide

1889 3214 126 27 effectually
2030 3213 34 23 for
2079 3213 39 23 the
2131 3215 107 22 financial
2252 3221 71 18 wants
2340 3219 25 21 of
2375 3218 102 25 the'first

1889 3241 133 22 settlement.

2054 3267 36 28 By
2100 3267 67 23 order
2175 3269 26 21 of
2210 3269 39 22 the
2258 3270 81 29 Board,

1888 3328 21 10 xr
1956 3328 17 10 ~
2000 3327 6 11 ,
2093 3294 4 4 '
2133 3302 85 22 JOHN
2232 3304 110 28 WARD,
2352 3302 123 33 Secretary.

1888 3329 56 22 New
1954 3329 99 20 Zealand
2062 3329 66 21 Land
2137 3329 136 29 Company's
2282 3331 77 29 Office,
2448 3341 2 8 <

1914 3363 20 23 1,
1945 3362 161 27 Adam-street,
2117 3363 105 28 Adelphi,
2232 3364 54 23 2?ih
2295 3365 59 27 Aug.
2372 3367 60 22 1839.

1891 3408 91 49 THE
2006 3409 77 20 Nelson
2106 3409 117 21 Examiner
2245 3411 43 20 and
2309 3411 50 20 New
2381 3412 94 26 Zealand

1966 3436 106 20 Chronicle
2087 3435 128 27 (published
2224 3439 22 19 at
2255 3436 100 28 Nelson,)
2371 3436 27 23 is'
2406 3446 68 20 regu-

1887 3462 57 28 larly
1963 3463 140 22 transmitted
2119 3466 23 18 to
2158 3463 144 27 Wellington,
2317 3464 47 23 .and
2378 3472 53 20 may
2439 3467 34 21 Jie

1887 3489 43 22 had
1941 3492 25 19 at
1973 3489 39 22 the
2022 3490 62 21 office
2095 3489 26 22 of
2131 3489 44 22 this
2179 3494 79 22 .paper!
2403 3500 4 6 •
2445 3500 5 4 •

1914 3516 49 23 The
1972 3518 78 20 Nelson
2058 3518 118 20 Examiner
2191 3514 44 25 will
2243 3517 28 21 be
2280 3516 69 23 found
2358 3525 29 15 an
2398 3519 74 26 excel-

1886 3544 48 21 lent
1942 3544 100 22 medium
2051 3544 35 22 for
2096 3544 136 22 advertisers.

1912 3571 80 21 Terms
2003 3570 33 22 for
2045 3571 37 21 the
2091 3577 76 21 paper,
2177 3573 36 18 ten
2222 3569 101 27 shillings
2335 3577 38 20 per
2382 3575 93 23 quarter

1885 3598 95 28 payable
1988 3598 25 21 in
2022 3597 108 23 advance.

1912 3624 86 22 Orders
2020 3624 33 22 for
2072 3625 39 20 the
2133 3630 67 21 paper
2222 3622 45 22 and
2276 3642 3 4 .
2289 3622 183 25 advertisements

1886 3651 106 22 received
2001 3654 22 18 at
2032 3652 37 21 the
2080 3650 72 22 Office
2162 3650 25 21 of
2198 3649 43 22 this
2250 3648 76 28 paper!

2038 3695 38 21 To
2090 3695 35 20 be
2138 3694 52 20 Let
2203 3699 30 15 or
2249 3693 74 21 Sold.

1888 3730 51 49 A
1955 3729 104 23 SMALL
2074 3727 93 23 FARM
2180 3726 25 23 of
2211 3727 27 21 25
2247 3733 63 16 acres
2319 3734 28 15 on
2357 3728 37 22 the
2405 3728 69 29 Hutt,

1968 3756 38 22 the
2013 3755 69 23 whole
2092 3753 95 27 cleared,
2196 3754 109 27 stumped,'
2311 3754 105 28 inclosed,
2425 3757 50 22 and

1888 3784 24 21 fit
1921 3784 37 22 for
1967 3783 37 22 the
2018 3781 84 28 plough
2108 3780 70 28 fpart
2192 3780 71 22 under
2274 3782 69 26 crop.'
2354 3777 122 33 'Together

1888 3810 52 22 with
1959 3816 14 15 a
1992 3807 128 24 substantial
2138 3806 45 22 and
2200 3806 145 23 comfortable
2363 3810 111 22 weather-

1887 3836 99 23 boarded
2001 3834 42 23 and
2058 3833 71 23 slated
2145 3832 76 28 house,
2232 3833 242 29 three-stjdlwe'ath'er-

1887 3862 99 23 boarded
1995 3861 75 27 stable,
2078 3860 45 21 and
2130 3860 64 21 other
2198 3860 167 25 conveniences.
2392 3863 84 23 Terma

1886 3888 87 27 liberal,
1984 3888 64 27 apply
2058 3891 23 18 at
2089 3886 44 22 this
2142 3886 79 23 Office.
2248 3909 3 5 ,

1915 3923 55 26 May
1979 3923 34 25 24,
2024 3922 59 20 1842.
2371 3914 4 14 :
2419 3920 17 8 '"

188 704 53 21 Pot
273 701 107 22 Nelson
407 699 95 24 direct,

225 737 28 20 To
261 736 42 19 sail
310 736 23 19 in
342 741 13 13 a
358 734 46 26 few
413 733 57 26 days,

93 768 76 30 •Jg&L
223 771 115 22 nnHAT
361 768 44 23 fine
422 776 49 15 new
495 768 43 22 fast
558 767 79 28 sailing

83 795 112 35 £»js®v
230 791 30 30 J-
297 797 108 22 schooner
413 797 120 23 Elizabeth,
541 797 27 20 60
578 798 56 23 tons,

80 817 134 34 fyjgjE^jy
237 824 83 27 Joseph
361 824 71 21 Smith
469 826 90 22 master,
597 821 38 22 has

237 850 102 29 splendid
373 849 193 23 accommodation
601 848 35 22 for

57 871 161 37 555569
236 885 136 20 passengers.
400 878 54 21 Part
471 877 26 21 of
511 876 41 22 her
571 882 63 20 cargo

324 904 90 27 already
431 903 106 28 engaged,
557 903 78 21 imme-

49 935 59 22 diate
127 932 133 30 application
275 932 35 21 for
326 931 82 27 freight
423 938 26 15 or
460 937 94 21 passage
567 932 23 18 to
607 929 27 21 be

49 962 67 22 made
126 964 23 19 to

178 988 122 24 Wallace,
315 986 91 25 White,
423 986 41 19 and
480 983 126 22 Wallace.

76 1022 57 27 May
143 1023 33 25 28,
188 1022 61 21 1842.

115 1080 53 21 Por
183 1078 68 24 Sale,
266 1076 121 27 Freight,
404 1081 29 15 or
450 1075 118 21 Charter.

207 1112 44 26 HP
256 1110 42 21 HE
308 1109 51 22 well
367 1108 82 23 known
458 1108 110 23 schooner
577 1109 54 20 Per-

85 1131 83 29 AEJiI
214 1131 30 28 JL
279 1143 113 19 severance,
405 1137 27 20 45
450 1139 57 23 tons,
525 1136 107 26 coppered

56 1157 139 33 -imfelmLL
220 1163 45 22 and
284 1171 80 20 copper
382 1162 109 23 fastened.
520 1162 77 28 Apply
610 1165 22 18 to

220 1190 93 28 Captain
330 1190 83 27 Bishop
430 1197 29 14 on
472 1189 78 27 board,
572 1197 24 14 or
610 1192 22 18 to

47 1217 155 38 «S^^P
240 1225 132 26 Ridgways,
384 1224 107 26 Guyton,
503 1223 21 22 &
533 1223 73 21 Earp.

220 1251 55 28 May
285 1253 33 25 19,
330 1252 59 21 1842.

275 1303 53 21 For
338 1303 69 24 Sale,

77 1331 65 36 tjjfcfo
173 1334 97 33 npHE
298 1334 52 21 well
378 1334 89 26 known,
493 1334 139 26 fast-sailing,

71 1362 93 21 1A
183 1355 24 26 X
242 1363 71 20 cutter
330 1362 67 24 Royal
418 1362 100 24 William,
537 1362 28 20 43
583 1364 51 18 tons

55 1384 111 36 .J|ftrE»jjJL
218 1388 97 26 register,
333 1388 53 21 with
401 1388 31 21 all
448 1388 48 21 her-
505 1392 76 22 stores,
594 1388 38 21 &c.

54 1409 113 32 ***ffifl|%^
187 1414 40 21 &c.
244 1415 40 20 &c.
313 1415 70 21 Stows
398 1422 14 14 a
423 1414 62 27 large
501 1422 73 19 cargo,
590 1414 44 21 and

187 1440 77 22 makes
279 1448 31 20 up
324 1441 51 22 four
388 1441 77 22 berths
479 1442 24 21 in
514 1441 37 22 the
562 1441 71 22 cabin.

51 1465 43 22 She
108 1465 42 22 has
158 1467 84 27 proved
251 1467 84 22 herself
346 1475 13 14 a
371 1468 58 26 good
439 1475 38 14 sea
491 1468 59 27 boat,
562 1467 44 22 and
614 1468 19 21 is

48 1492 50 21 well
112 1493 96 27 adapted
221 1494 35 21 for
271 1495 89 27 trading
375 1496 99 21 between
492 1495 38 21 the
546 1494 87 22 various

49 1519 139 23 settlements
198 1528 28 14 on
237 1520 36 23 the
285 1525 62 18 coast
356 1522 25 21 of
458 1521 108 22 Zealand.

76 1553 44 22 For
128 1554 86 23 further
222 1555 137 28 particulars,
372 1556 66 27 apply
449 1559 21 19 to

260 1590 22 21 J.
293 1590 34 21 M.
336 1590 101 27 Taylor,
450 1590 156 28 Ship-Broker,

373 1624 31 22 Te
416 1625 54 21 Aro.

229 1668 101 22 THIS
359 1668 92 22 DAY.

61 1701 60 21 Sale
149 1702 37 25 by
213 1702 95 21 Public
336 1702 131 26 Auction,
500 1702 119 22 without

280 1735 114 15 reserve.

49 1762 91 47 MR.
152 1762 83 21 JOHN
250 1762 95 22 WADE
359 1762 18 22 is
386 1763 126 22 instructed
520 1766 23 19 to
554 1762 40 23 sell
603 1764 29 26 by

138 1788 75 27 public
223 1789 96 27 auction,
332 1797 29 14 on
369 1790 139 27 Wednesday
522 1795 62 21 next,
597 1790 35 21 the

47 1816 33 20 Ist
94 1814 65 28 June,
178 1816 59 26 1842,
256 1819 21 18 at
295 1818 11 19 1
325 1816 86 22 o'clock
428 1816 115 28 precisely,
562 1820 23 18 at
599 1816 34 22 his

240 1843 81 26 Stores,
338 1843 33 22 Te
387 1844 54 26 Aro,

181 1875 161 23 CHOICE
376 1877 120 21 COWS.

44 1903 36 19 26
96 1901 77 23 choice
188 1910 63 19 cows,
270 1910 28 14 ex
312 1905 96 24 Nimrod,
421 1903 30 22 all
465 1911 56 14 near
534 1903 96 28 calving.

106 1935 87 22 LAND
209 1936 42 22 AT
264 1936 129 23 TUKAPU
408 1937 152 27 DISTRICT,

44 1963 43 22 No.
99 1964 27 20 10
137 1969 27 14 on
174 1963 109 27 Surveyor
294 1964 115 21 General's
423 1964 65 21 Plan.
519 1966 10 19 1
546 1964 84 21 section

45 1990 27 21 of
78 1991 39 20 100
123 1996 60 15 acres
190 1990 26 21 of
221 1990 52 21 land
283 1994 23 17 at
315 1990 101 28 Tukapu,
426 1997 55 15 near
491 1990 38 22 the
539 1990 91 22 Porirua

45 2031 15 4 -
82 2034 5 3 .
110 2016 59 23 joad
169 2032 12 14 r
181 2015 322 31 Jaid_outan-s,ojunQr.ei^EB
502 2032 10 12 s
512 2016 43 26 lQts
555 2033 15 10 v

97 2047 94 23 TOWN
214 2047 89 22 LAND
322 2048 43 22 AT
385 2041 191 28 WANG&NUI.

43 2075 18 21 3
71 2077 58 19 town
139 2074 94 22 sections
240 2074 26 22 of
272 2074 52 22 land
334 2077 23 18 at
363 2074 135 27 Wanganui,
507 2074 120 26 unchosen,

78 2100 86 22 choices
174 2108 24 14 as
207 2108 40 20 per
256 2101 110 28 Register,
377 2103 47 25 130,
436 2103 46 25 131,
495 2101 44 21 and
548 2103 47 19 132.

189 2135 87 22 LAND
291 2135 43 22 AT
348 2135 132 22 KARORI.

43 2164 17 19 5
75 2170 61 14 acres
146 2162 25 21 of
175 2162 56 22 land
239 2165 23 18 at
271 2162 87 27 Karori,
370 2162 43 22 No.
424 2164 27 19 18
460 2169 29 14 on
496 2161 38 22 the
543 2161 54 28 plan
607 2162 26 21 of

85 2189 77 22 Yule's
179 2189 90 27 section,
280 2188 48 23 laid
341 2192 39 19 out
392 2188 24 22 in
427 2195 41 15 one
479 2195 50 15 acre
539 2188 49 22 lots.

99 2223 161 23 CHATHAM
273 2223 119 22 ISLAND
407 2223 168 21 POTATOES.

45 2251 35 20 30
95 2254 49 18 tons
154 2250 109 22 Chatham
280 2249 77 23 Island
489 2249 98 28 strongly
595 2256 35 15 re-

126 2277 151 25 commended,
291 2277 144 28 particularly
444 2276 35 22 for
489 2276 59 22 seed.

197 2311 118 22 SPIRITS
330 2311 36 22 IN
381 2309 96 27 BOISD,

123 2340 111 26 positively
243 2340 89 19 without
341 2340 35 19 the
392 2339 53 19 least
459 2344 86 20 reserve,

97 2376 15 20 4
120 2374 65 22 hhds.
196 2373 76 23 choice
280 2373 95 27 brandy,
482 2373 7 8 '

98 2404 12 19 8
120 2401 65 22 hhds.
195 2400 98 28 superior
305 2399 83 27 arrack,

96 2430 14 20 3
120 2428 130 26 puncheons
258 2428 47 26 gin,

97 2457 13 20 9
119 2455 66 21 hhds.
195 2462 57 14 rum.

44 2482 46 23 The
101 2482 70 21 above
181 2481 73 28 spirits
259 2480 45 22 will
313 2480 27 22 be
348 2479 54 27 sold,
411 2479 118 28 positively
538 2479 92 22 without

233 2514 95 20 reserve,
334 2507 36 21 for
380 2507 59 21 cash.

206 2540 132 23 FLOUR
360 2540 105 22 MILL.

45 2571 12 20 1
72 2569 98 28 superior
187 2568 99 28 portable
301 2567 58 22 flour
374 2566 55 28 mill,
447 2573 29 15 on
491 2566 38 22 the
547 2569 83 20 newest

42 2596 115 29 principle,
181 2595 100 27 strongly
303 2593 174 23 recommended
500 2597 22 18 to
548 2594 81 27 parties

192 2622 91 26 settling
298 2629 29 13 on
337 2620 56 22 their
403 2620 75 22 farms.

225 2655 104 22 HORSE
343 2655 106 22 SHOES.

44 2685 14 20 2
68 2684 62 21 casks
143 2683 64 22 horse
218 2682 62 22 shoes
293 2681 45 22 will
354 2682 27 21 be
394 2681 49 21 sold
458 2684 22 18 to
490 2680 39 23 the
541 2681 89 27 highest

233 2709 86 27 bidder,
329 2710 23 20 at
360 2716 39 20 per
407 2708 31 21 lb.
467 2717 3 4 •

72 2744 78 22 Terms
150 2756 27 3 —
178 2744 44 22 For
231 2743 37 22 the
284 2743 55 22 land
353 2746 24 18 at
388 2742 96 28 Tukapu
500 2742 45 22 and
560 2742 70 22 Wan-

45 2771 76 27 ganui,
138 2771 51 26 £10,
206 2773 14 19 3
233 2770 101 27 mpnths;
355 2769 47 25 £10
421 2773 23 17 to
460 2769 54 27 £20,
530 2771 13 20 3
558 2769 44 22 and
617 2771 13 19 6

46 2797 91 22 months
144 2806 6 18 ;
164 2797 70 22 above
242 2798 54 25 £20,
307 2799 20 24 3,
339 2798 20 25 6,
370 2796 44 22 and
423 2798 14 20 9
446 2796 95 22 months'
553 2796 76 22 credit.

47 2824 42 22 For
106 2831 67 20 every
183 2823 62 28 thing
260 2824 46 21 else
322 2827 79 24 except
414 2823 37 21 the
465 2823 78 27 spirits,
559 2823 72 21 under

46 2851 53 26 £20,
111 2851 52 21 cash
170 2858 6 19 ;
192 2851 47 21 £20
253 2853 22 19 to
286 2850 54 27 £40,
352 2852 10 20 1
374 2850 78 21 month
459 2857 5 19 ;
480 2850 49 22 £40
541 2853 23 18 to
574 2850 54 26 £60,

46 2879 13 21 1
70 2877 45 22 and
129 2879 14 20 2
159 2877 100 26 months;
275 2877 45 21 and
336 2877 70 21 above
423 2877 54 26 £60,
490 2878 19 25 1,
527 2878 20 25 2,
560 2877 42 21 and
616 2878 14 20 3

46 2904 98 22 month's
160 2903 76 28 credit,
251 2910 28 15 on
293 2903 111 28 approved
420 2903 110 22 endorsed
543 2907 88 24 accept-

46 2938 74 15 ances.
149 2931 44 21 For
201 2930 38 21 the
248 2930 78 27 spirits,
336 2938 64 14 cash.

68 2964 136 24 .Particular,
213 2963 108 22 attention
338 2963 19 22 is
372 2963 84 22 invited
470 2966 24 19 to
508 2964 38 21 the
561 2963 69 22 above

46 2992 121 28 important
183 2990 53 27 sale,
251 2997 24 14 as
293 2990 36 21 the
343 2990 87 21 articles
439 2997 37 15 are
493 2990 31 22 all
537 2991 26 21 of
573 2990 58 27 good

46 3018 92 28 quality,
148 3017 51 23 and'
202 3017 52 22 well
262 3016 86 27 worthy
358 3017 25 21 of
387 3017 80 22 notice.

73 3051 56 27 May
138 3052 33 25 31,
183 3051 61 21 1842.

153 3091 169 30 'Adjourned
335 3093 97 21 Public
446 3094 69 21 Sale.

47 3135 28 25 T\
80 3126 127 34 j-ESSRS.
223 3126 150 24 BETHUNE
395 3127 21 21 &
434 3126 133 23 HUNTER
587 3128 44 22 will

47 3150 72 32 J\JL
129 3156 40 22 sell
178 3156 31 27 by
217 3154 75 29 public
303 3154 98 25 auction?
411 3156 23 18 at
442 3153 187 29 Lambton-quay,

47 3196 29 15 on
92 3185 83 27 Friday
190 3185 61 25 next,
268 3181 38 22 the
324 3180 42 22 3rd
381 3180 66 26 June,
468 3183 25 18 at
508 3182 26 19 12
547 3180 85 23 o'clock

45 3213 115 28 precisely,
167 3206 111 32 positively
293 3208 89 21 without
396 3213 88 19 reserve,
496 3213 14 14 a
524 3206 61 28 large
597 3215 34 14 as-

44 3244 109 21 sortment
159 3239 27 21 of
188 3242 176 20 ironmongery,
370 3233 116 27 including
491 3234 139 27 carpenter's,

45 3268 100 29 cooper's
159 3265 94 26 smith's,
264 3262 46 24 and
319 3262 62 22 other
394 3260 69 28 tools;
479 3260 45 21 and
538 3261 94 26 agricul-

44 3296 59 23 tural
111 3295 142 27 implements
263 3291 42 22 &c.

72 3325 13 22 2
91 3322 84 23 lathes,
185 3319 55 23 with
247 3317 58 23 tools
314 3317 117 26 complete,

72 3353 14 20 2
94 3347 122 24 Yorkshire
224 3345 91 23 kitchen
326 3349 87 21 ranges,

58 3378 3 2 '
72 3379 14 20 2
93 3377 63 26 large
166 3373 97 30 superior
271 3373 79 26 patent
359 3376 54 15 corn
421 3370 66 25 mills,

72 3406 13 21 3
94 3406 51 19 tons
151 3403 65 25 flour,
226 3401 14 21 4
249 3399 64 23 casks
322 3396 50 28 fish,
382 3398 13 20 6
406 3395 63 22 casks
477 3395 62 27 pork,

66 3432 73 24 'Rum,
149 3428 94 27 brandy,
252 3425 47 23 and
310 3425 93 23 Geneva
411 3423 23 21 in
445 3422 60 27 cask,

70 3457 80 22 Wines
158 3456 25 22 in
192 3453 64 23 wood
264 3452 46 22 and
318 3450 75 27 bottle,
406 3457 50 15 case
465 3455 48 21 gin,

72 3486 13 21 6
94 3483 65 23 casks
166 3480 86 24 bottled
261 3479 42 28 ale,
313 3481 14 20 6
334 3477 112 30 packages
456 3475 81 27 starch.

73 3507 115 29 Clothing,,
201 3508 71 25 shoes,
273 3504 2 7 1
285 3507 62 27 jean,
364 3504 68 26 drills,
449 3503 71 27 cords,
531 3503 98 26 fustians,

43 3538 96 27 hosiery,
163 3535 50 22 sofa
241 3533 45 23 and
315 3532 62 22 chair
400 3530 112 27 webbing,
536 3528 94 23 window

44 3565 106 25 curtains,
472 3572 4 3 -

72 3594 11 20 1
92 3591 53 22 hale
153 3587 109 27 blankets,
272 3586 60 28 glass
341 3584 46 24 and
394 3584 159 26 earthenware,

73 3615 105 27 Bronzed
186 3614 45 23 and
238 3612 121 29 lacquered
367 3613 79 25 lamps,

70 3646 72 27 Rope,
152 3643 44 26 log,
207 3641 58 27 sash,
275 3639 47 23 and
330 3639 82 26 fishing
421 3638 64 26 lines,

71 3674 28 21 40
106 3671 91 24 bushels
205 3668 61 27 lime,
274 3668 27 20 12
310 3669 50 19 tons
369 3666 125 25 limestone,

72 3700 22 22 A
109 3697 104 30 quantity
228 3695 26 21 of
268 3693 115 27 furniture,
400 3691 46 23 and
463 3698 90 15 various
568 3691 63 21 other

44 3726 78 28 goods.

303 3753 63 20 ALSO,

72 3779 48 23 The
136 3780 71 21 cutter
221 3775 54 23 boat
289 3774 78 26 Diana,
376 3772 63 28 lying
450 3775 22 19 at
486 3772 38 22 the
539 3772 90 21 Custom

46 3807 84 26 House,
525 3824 8 8 ,

72 3834 22 21 A
101 3832 63 28 large
175 3836 76 21 cance,
262 3835 50 15 rose
321 3833 62 22 upon
393 3828 47 20 and
456 3828 85 24 keeled,
552 3828 15 19 2
581 3828 48 19 tons

44 3860 103 26 burthen,
537 3881 3 4 .

72 3888 12 21 1
93 3892 76 22 young
179 3883 112 24 Hereford
300 3883 54 24 bull,

71 3916 14 21 2
93 3913 100 29 superior
201 3917 64 16 cows.

72 3946 145 27 Wellington,
228 3944 54 27 May
293 3944 33 24 26,
338 3942 59 21 1842.
