2550 4029
1325 2051 50 24 The
1387 2052 95 24 Natives
1499 2062 48 15 now
1559 2054 60 31 daily
1632 2055 67 31 bring
1716 2056 23 23 in
1751 2057 85 30 parcels
1849 2059 24 22 of

1292 2084 65 29 Flax,
1381 2085 36 23 for
1435 2087 71 22 which
1525 2087 62 24 there
1606 2095 95 24 appears
1721 2097 12 14 a
1754 2090 64 31 ready
1831 2090 40 24 de-

1293 2118 73 24 mand.
1404 2119 72 31 Many
1488 2120 64 23 white
1568 2122 78 29 people
1658 2129 39 15 are
1709 2122 47 23 also
1768 2123 104 32 devoting

1292 2151 57 23 their
1361 2153 109 22 attention
1486 2158 21 18 to
1519 2154 37 22 the
1568 2156 142 29 preparation
1723 2156 24 23 of
1763 2156 35 23 the
1810 2165 61 15 same

1291 2183 80 32 object.
1409 2186 47 23 But
1467 2195 54 14 even
1528 2187 19 22 if
1558 2187 36 22 the
1608 2188 62 23 trade
1683 2189 95 23 remains
1789 2189 82 32 wholly

1291 2218 23 22 in
1326 2218 37 23 ihe
1376 2218 73 24 hands
1459 2219 25 23 of
1493 2219 35 23 the
1540 2221 95 28 natives,
1648 2221 57 23 from
1719 2222 37 23 the
1764 2223 107 24 informa-

1291 2251 47 22 tion
1349 2259 33 16 we
1394 2252 56 23 have
1462 2254 106 28 received,
1581 2254 63 23 there
1653 2255 19 22 is
1679 2254 58 24 little
1745 2256 66 24 doubt
1824 2256 48 24 that

1291 2284 77 23 within
1382 2285 79 23 twelve
1477 2286 96 29 months,
1592 2295 33 15 we
1639 2287 59 24 shall
1715 2290 83 22 receive
1813 2290 58 23 from

1291 2325 42 15 one
1342 2322 22 19 to
1375 2317 62 24 three
1449 2318 108 25 thousand
1568 2325 57 19 tons.
1657 2321 100 32 Making
1764 2330 107 24 prepara-

1291 2351 58 23 tions
1368 2351 34 23 for
1420 2351 111 32 shipment
1548 2361 49 15 now
1616 2354 104 23 becomes
1740 2356 129 30 important.

1291 2384 71 31 Many
1375 2393 38 15 are
1424 2386 94 23 anxious
1535 2390 22 19 to
1571 2386 66 24 know
1649 2388 51 22 how
1711 2388 37 23 the
1764 2389 75 24 article
1850 2391 20 21 is

1291 2422 21 18 to
1324 2417 27 23 be
1363 2417 96 31 packed,
1472 2419 44 23 and
1526 2419 59 23 what
1596 2428 78 15 means
1687 2429 37 16 are
1734 2426 22 19 to
1768 2422 26 23 be
1801 2423 69 23 found

1290 2451 23 22 in
1324 2450 37 23 the
1374 2451 136 25 settlement.
1544 2452 97 25 Messrs.
1654 2454 72 23 Waitt
1735 2455 42 23 and
1787 2456 82 30 Tyser,

1289 2483 56 23 have
1357 2484 89 24 erected
1457 2493 13 15 a
1479 2493 62 23 press
1552 2486 85 31 having
1644 2495 13 15 a
1667 2487 106 31 tolerably
1781 2497 87 22 power-

1288 2516 34 23 ful
1340 2525 78 21 screw,
1441 2518 71 23 which
1529 2518 51 31 they
1594 2519 43 24 had
1657 2520 38 23 the
1705 2522 59 28 good
1780 2522 54 23 luck
1846 2527 23 19 to

1289 2555 58 18 meet
1358 2551 55 22 with
1423 2551 24 23 in
1459 2551 45 23 this
1515 2551 70 31 place.
1622 2553 43 23 We
1677 2561 46 16 saw
1735 2562 28 15 an
1779 2556 90 30 experi-

1288 2588 62 18 ment
1361 2584 64 23 made
1437 2584 53 23 with
1502 2584 18 23 it
1535 2584 38 24 the
1586 2586 64 23 other
1662 2586 51 31 day,
1728 2587 30 30 by
1768 2588 71 24 which
1851 2590 19 22 it

1288 2617 19 23 is
1320 2616 90 24 evident
1427 2625 13 15 a
1451 2622 39 18 ton
1500 2618 82 31 weight
1593 2619 27 23 of
1627 2619 47 23 flax
1686 2628 42 15 can
1745 2621 25 23 be
1782 2623 85 22 stowed

1288 2650 24 23 in
1324 2654 41 19 two
1385 2654 51 19 tons
1450 2651 25 22 of
1491 2659 72 23 space.
1599 2653 23 22 A
1634 2653 128 30 gentleman
1777 2660 93 25 present

1288 2683 93 23 assured
1392 2691 35 21 us,
1441 2683 49 24 that
1501 2684 26 23 he
1538 2684 43 23 had
1594 2693 54 15 seen
1657 2691 22 17 at
1693 2687 96 30 Sydney,
1803 2696 12 15 a
1828 2693 39 18 ton

1288 2717 82 29 weight
1388 2718 143 30 compressed
1547 2718 47 23 into
1607 2727 14 14 a
1637 2724 39 18 ton
1698 2720 42 23 and
1759 2729 11 14 a
1788 2721 50 23 half
1846 2722 25 22 of

1288 2757 78 23 space;
1381 2750 44 23 and
1434 2758 31 15 we
1477 2750 54 24 have
1543 2758 28 16 no
1584 2751 69 23 doubt
1665 2752 49 24 that
1726 2758 23 18 at
1760 2754 54 23 least
1827 2762 41 15 can

1288 2783 27 23 be
1334 2784 173 30 accomplished.
1542 2784 47 23 But
1608 2785 57 23 from
1688 2790 129 20 statements
1836 2796 33 15 we

1288 2816 54 23 have
1354 2816 68 24 heard
1434 2817 71 28 made,
1519 2825 31 15 we
1559 2826 40 14 can
1611 2817 66 32 hope,
1691 2819 47 23 that
1750 2820 27 31 by
1787 2820 37 24 the
1832 2821 37 24 aid

1288 2850 24 22 of
1328 2857 12 15 a
1352 2850 71 30 really
1438 2851 107 30 powerful
1558 2859 71 23 press,
1648 2860 14 15 a
1674 2857 39 18 ton
1724 2854 81 30 weight
1817 2862 52 23 may

1287 2883 27 22 be
1326 2884 142 29 compressed
1489 2884 45 22 into
1552 2892 14 15 a
1584 2889 38 19 ton
1636 2885 24 23 of
1674 2893 75 23 space.
1782 2887 26 23 If
1825 2896 44 22 any

1286 2921 64 26 party
1361 2917 24 22 in
1404 2916 92 31 Sydney
1507 2924 24 15 or
1543 2917 91 24 Hobart
1646 2918 83 30 Town,
1747 2920 19 22 is
1776 2927 91 23 posses-

1286 2949 39 23 sed
1337 2949 24 23 of
1378 2957 14 15 a
1403 2950 108 30 powerful
1521 2958 63 23 press
1594 2951 36 23 for
1641 2951 74 24 which
1728 2952 29 23 he
1768 2953 57 24 finds
1838 2962 29 16 no

1286 2982 103 29 demand,
1402 2990 32 15 we
1447 2983 66 23 think
1524 2984 28 22 he
1564 2991 51 24 may
1628 2984 41 23 sell
1681 2985 18 23 it
1711 2990 22 19 to
1745 2986 122 32 advantage

1286 3021 23 17 at
1320 3015 148 31 Wellington.
1505 3016 33 24 Or
1550 3018 81 28 better,
1650 3018 21 23 if
1683 3018 28 24 he
1724 3019 19 23 is
1756 3028 12 14 a
1782 3025 85 19 master

1286 3049 24 22 of
1319 3049 37 22 the
1368 3049 101 31 packing
1477 3049 110 28 business,
1599 3051 44 23 and
1653 3052 100 32 brought
1761 3053 34 22 his
1803 3061 64 23 press

1285 3082 59 28 here,
1364 3082 30 23 he
1406 3083 73 30 might
1491 3091 77 15 secure
1577 3084 95 24 himself
1682 3093 13 15 a
1707 3086 59 30 good
1775 3087 90 23 income

1284 3115 30 30 by
1324 3117 145 28 prosecuting
1481 3117 47 23 that
1538 3117 85 24 branch
1635 3118 25 23 of
1669 3118 110 25 business.

1317 3182 58 23 This
1385 3183 70 31 being
1472 3183 38 24 the
1522 3185 72 23 Third
1613 3185 157 33 Anniversary
1782 3188 26 23 of
1825 3196 41 16 our

1284 3216 120 28 existence,
1434 3221 86 19 custom
1542 3218 21 22 if
1582 3223 40 18 not
1641 3219 114 30 giatitude
1778 3225 23 18 to
1825 3228 41 16 our

1283 3247 98 30 readers,
1393 3249 74 23 would
1480 3249 41 24 call
1538 3250 36 23 for
1586 3259 62 15 some
1667 3252 70 31 slight
1755 3254 70 22 notice
1843 3254 23 23 of

1284 3282 37 23 the
1333 3286 73 19 event.
1441 3282 47 24 For
1500 3291 61 15 more
1578 3284 56 24 than
1646 3289 43 19 two
1702 3285 57 24 third
1771 3286 26 22 of
1815 3286 50 24 that

1283 3314 83 33 period,
1370 3322 33 16 we
1416 3315 63 24 stood
1491 3316 70 30 alone,
1579 3325 25 15 as
1617 3318 38 23 the
1665 3318 142 32 Proprietors
1820 3320 45 23 and

1284 3348 139 24 Conductors
1432 3349 26 23 of
1467 3349 37 23 the
1514 3350 52 31 only
1575 3353 183 29 representative,
1770 3352 25 22 of
1804 3353 61 23 what

1282 3381 41 24 has
1335 3381 48 23 well
1404 3381 57 24 been
1480 3383 114 24 described
1605 3392 26 15 as
1654 3384 39 23 the
1710 3384 119 31 palladium
1842 3386 24 23 of

1283 3422 40 16 our
1343 3414 61 24 Civil
1427 3416 43 23 and
1491 3416 117 31 Religious
1637 3416 114 24 Liberties
1771 3418 23 22 in
1817 3418 47 24 this

1283 3447 140 30 Settlement,
1436 3456 34 16 we
1487 3456 63 16 mean
1564 3449 37 24 the
1613 3458 72 22 press,
1704 3451 25 22 in
1740 3451 78 29 whom,
1839 3456 23 19 to

1282 3481 110 23 whatever
1404 3489 67 16 cause
1479 3486 19 19 it
1509 3490 50 23 may
1568 3482 57 24 have
1633 3483 62 23 owed
1702 3484 29 22 its
1740 3484 122 30 existence,

1282 3522 32 16 we
1323 3514 135 31 recognized
1469 3515 44 23 and
1530 3515 174 31 acknowledged
1720 3524 13 15 a
1744 3517 118 24 welcomed

1281 3547 111 31 auxiliary
1406 3552 21 19 to
1439 3548 38 23 the
1494 3548 69 23 ranks
1575 3548 26 24 of
1608 3549 49 23 that
1668 3550 118 23 invincible
1799 3555 61 19 esta-

1279 3580 131 29 blishment,
1423 3580 72 24 which
1507 3588 31 17 we
1549 3589 58 16 were
1619 3583 38 23 the
1669 3583 51 23 first
1739 3588 22 18 to
1771 3582 37 32 lay
1821 3583 39 25 the

1278 3613 134 24 foundation
1423 3614 27 23 of
1457 3614 24 23 in
1491 3614 44 23 this
1547 3616 80 30 colony
1636 3624 6 20 ;
1656 3616 35 23 for
1702 3616 112 24 ourselves
1827 3625 33 15 we

1279 3646 59 25 shall
1350 3646 107 31 cordially
1468 3647 103 24 welcome
1589 3656 68 23 every
1667 3648 100 25 addition
1783 3654 23 19 to
1817 3658 44 15 our

1279 3679 110 31 strength,
1402 3679 74 24 which
1486 3679 37 24 the
1534 3681 66 31 spirit
1608 3682 45 23 and
1662 3681 111 32 liberality
1783 3683 25 23 of
1817 3691 41 15 our

1277 3713 74 24 fellow
1369 3712 115 25 Colonists
1502 3720 40 17 can
1560 3714 81 24 induce
1658 3719 25 19 to
1696 3715 51 31 join
1763 3716 17 23 it
1788 3724 6 21 ;
1815 3717 45 23 and

1277 3746 59 24 shall
1353 3747 105 23 continue
1475 3751 23 19 to
1514 3754 91 24 express
1620 3755 41 17 our
1671 3748 81 32 hearty
1763 3757 94 16 concur-

1277 3788 66 16 rence
1352 3779 45 24 and
1408 3780 82 24 unison
1501 3780 25 24 of
1539 3781 128 29 sentiment,
1688 3781 53 25 with
1753 3782 61 30 such,
1833 3783 25 24 in

1277 3813 30 24 all
1319 3813 56 24 such
1392 3816 95 21 matters
1504 3821 62 24 upon
1575 3814 75 24 which
1667 3821 34 18 we
1712 3815 43 24 feel
1770 3823 33 17 we
1815 3823 43 17 can

1277 3847 28 23 do
1316 3854 34 21 so,
1368 3846 47 24 and
1430 3846 82 32 calmly
1523 3847 44 24 and
1584 3847 193 33 dispassionately,
1799 3854 58 19 state

1276 3886 41 17 our
1342 3879 86 24 dissent
1454 3879 56 24 from
1530 3888 44 24 any
1592 3881 113 24 doctrines
1728 3882 50 31 they
1803 3891 54 23 may

1275 3917 41 28 put
1326 3912 68 29 forth,
1413 3912 73 25 where
1498 3920 31 17 we
1546 3914 67 24 think
1625 3914 63 24 there
1700 3923 38 16 are
1756 3916 99 31 grounds

1274 3947 35 22 for
1321 3954 24 16 so
1357 3945 77 30 doing.

587 43 95 47 iirijf
707 44 118 41 ytto
852 44 207 42 ZralattD
1086 48 190 41 <2Kamte
1303 50 90 40 ana
1418 50 300 48 nmttttngton
1742 51 252 49 Spectator.

1944 144 43 24 We
2008 145 108 32 certainly
2133 146 45 24 had
2197 152 40 18 not
2255 149 137 31 anticipated
2408 150 31 23 all
2457 150 41 25 the

1910 185 165 23 consequences
2088 180 24 22 of
2128 180 82 30 taking
2231 180 36 24 the
2288 181 44 30 day
2349 182 24 23 iv
2393 184 103 29 question

1909 210 35 22 for
1956 218 40 15 our
2008 212 152 31 anniversary,
2180 213 35 23 for
2227 222 29 15 on
2272 215 98 30 sending
2389 221 106 19 accounts

1883 249 2 13 :
1909 243 26 22 of
1951 244 146 31 outstanding
2112 245 67 24 debts
2196 251 111 26 pursuant
2326 252 22 18 to
2360 255 54 24 very
2425 249 71 30 polite

1909 276 139 24 intimations
2066 277 40 23 left
2124 283 23 19 at
2166 287 40 15 our
2219 280 71 28 office,
2310 284 22 19 to
2351 281 39 23 the
2401 281 66 24 effect
2478 283 20 23 if

1909 309 119 29 presented
2039 315 55 18 next
2105 312 115 30 Saturday
2238 312 52 31 they
2301 313 75 24 would
2394 314 28 23 be
2433 315 62 30 paid,

1909 349 41 15 our
1961 349 131 24 messenger
2103 352 46 15 was
2163 349 47 19 met
2221 345 38 30 by,
2281 351 39 18 not
2330 346 38 23 the
2380 348 65 23 usual
2457 349 38 22 in-

1910 374 93 23 vitation
2013 383 55 15 even
2080 377 25 22 of
2145 377 44 24 call
2200 380 67 29 again
2452 381 43 23 but

1933 407 29 23 oh
1970 408 5 23 !
1987 415 44 22 you
2043 408 66 31 April
2240 412 58 23 Now
2306 411 45 24 this
2361 413 19 22 is
2392 413 59 23 what
2460 422 36 15 we-

1909 440 42 23 call
1964 448 13 16 a
1988 442 107 29 practical
2102 442 65 31 joke,
2175 443 44 24 and
2227 444 61 24 there
2300 453 38 16 are
2349 446 50 28 few,
2410 446 44 23 and
2460 454 35 17 we

1908 481 38 15 are
1958 479 104 26 amongst
2080 474 69 30 them,
2171 477 49 22 who
2239 478 84 23 admire
2334 479 57 23 such
2406 479 44 24 and
2469 481 25 22 in.

1908 514 41 15 our
1960 507 109 29 instance,
2082 513 61 18 must
2154 516 47 23 say,
2215 510 19 22 it
2245 511 18 22 is
2271 512 106 30 carrying
2388 513 18 22 it
2414 520 14 15 a
2434 512 59 24 little

1907 544 37 19 too
1965 540 34 23 far
2008 549 5 19 ;
2039 549 28 14 on
2086 543 135 30 expressing
2239 551 39 15 our
2293 544 98 31 feelings
2402 553 29 15 on
2453 546 39 23 the

1907 573 78 28 above,
1998 581 32 15 we
2039 581 58 16 were
2106 575 110 30 certainly
2226 575 67 24 taken
2306 577 73 24 aback
2386 578 29 31 by
2422 578 71 31 being

1907 606 118 30 presented
2048 606 53 24 with
2124 615 13 15 a
2160 608 62 30 sight
2241 609 25 23 of
2283 617 29 15 an
2335 611 91 30 elegant
2445 611 47 24 duu

1907 639 105 23 coloured
2032 640 61 29 card,
2116 641 56 23 with
2194 641 38 23 the
2253 641 115 33 following
2394 645 96 31 inscrip-

1906 672 48 23 tion
1963 681 5 15 ::

2083 767 29 17 TO
2125 768 188 19 COMMEMORATE

1905 807 55 20 The
1971 806 208 23 establishment
2189 808 31 21 of
2231 810 44 21 the
2290 811 80 21 Press
2384 812 29 21 in
2422 813 70 21 New-

2133 850 130 22 Zealand.
2427 862 7 9 V

2185 899 23 14 oo

1924 931 64 19 Sir,
1987 932 51 17 Your
2055 937 87 17 company
2156 934 16 16 is
2186 936 95 20 requested
2295 938 19 15 at
2328 937 86 17 Barrett's
2428 939 60 20 Hotel,

1903 965 23 12 on
1940 961 92 22 Saturday,
2045 963 31 16 the
2085 964 26 15 Ist
2118 964 21 16 of
2147 965 58 20 April.

2183 1002 23 13 oo

1971 1032 82 20 Dinner
2062 1038 26 14 on
2098 1034 63 20 Table
2170 1036 23 18 at
2203 1035 14 20 6
2226 1036 76 20 o'clock
2307 1038 111 26 precisely.

1932 1074 152 17 STEWARDS
2085 1075 95 17 MESSRS.
2193 1076 139 19 CATCHPOOL
2342 1079 52 17 AND
2399 1081 60 21 .ROE.
2481 1093 3 6 ,

1936 1116 43 23 We
1996 1124 57 15 were
2071 1116 83 24 fearful
2166 1118 49 24 that
2227 1119 37 24 the
2282 1121 112 24 Printers'
2406 1123 81 25 Devils

1902 1148 45 24 had
1958 1149 57 23 been
2026 1149 130 32 retaliating
2170 1159 61 23 upon
2243 1161 41 15 our
2296 1154 94 30 friends;
2406 1156 40 24 but
2459 1166 28 15 on

1902 1182 130 31 consulting
2043 1183 37 23 the
2092 1184 111 31 principal
2212 1185 57 24 devil
2281 1187 25 23 of
2316 1187 37 23 the
2366 1190 120 24 establish-

1901 1219 70 25 ment,
1990 1217 49 22 who
2052 1224 44 16 was
2109 1217 50 23 well
2172 1219 79 23 versed
2267 1220 24 23 in
2304 1220 63 25 these
2384 1228 102 25 matters,

1900 1248 29 23 he
1943 1249 93 23 assured
2048 1257 27 15 us
2093 1250 17 23 it
2122 1251 66 23 could
2201 1252 27 22 be
2244 1260 27 16 no
2283 1253 66 30 hoax,
2372 1264 24 14 as
2408 1257 18 23 it
2438 1257 48 24 said

1901 1282 37 22 six
1950 1282 95 29 o'clock,
2064 1283 44 23 and
2120 1292 24 14 as
2163 1284 29 23 he
2212 1286 50 23 said
2281 1295 66 23 every
2363 1288 45 24 fool
2426 1295 62 19 must

1902 1314 66 23 know
1981 1315 48 23 that
2041 1324 44 21 you
2097 1322 82 18 cannot
2185 1318 69 24 make
2266 1327 26 15 an
2301 1320 69 31 April
2377 1323 45 23 fool
2430 1323 56 24 after

1902 1348 78 23 twelve
1993 1348 94 30 o'clock,
2107 1358 26 15 so
2145 1351 49 23 that
2212 1352 80 24 should
2312 1354 46 23 this
2371 1361 60 18 meet
2448 1357 38 23 the

1902 1388 40 23 eye
1954 1381 25 23 of
1988 1389 44 24 any
2043 1383 130 30 gentleman
2184 1384 50 24 who
2246 1394 51 23 may
2307 1386 58 24 have
2377 1389 108 24 intended

1901 1413 128 32 honouring
2044 1424 41 14 our
2096 1418 146 31 anniversary
2252 1419 52 23 with
2319 1420 37 23 his
2366 1429 118 25 company,

1900 1453 112 24 pursuant
2029 1454 23 17 to
2071 1449 54 24 such
2144 1451 127 30 invitation,
2293 1460 33 16 we
2337 1453 45 32 beg
2400 1455 29 23 he
2440 1457 45 23 will

1902 1481 26 22 be
1940 1481 103 23 assurred
2053 1483 18 21 it
2083 1483 19 22 is
2113 1490 30 16 no
2156 1483 67 24 hoax.

1935 1544 50 23 Our
1996 1545 90 23 readers
2098 1546 45 23 will
2155 1547 48 23 find
2214 1548 24 23 in
2256 1548 37 24 the
2314 1551 144 31 supplement
2469 1562 11 15 a

1899 1577 41 23 list
1951 1578 25 22 of
1991 1578 37 23 the
2039 1579 85 23 vessels
2136 1580 89 23 arrived
2241 1582 23 23 in
2280 1591 41 14 our
2332 1589 51 25 port
2401 1586 79 31 during

1900 1610 39 23 the
1956 1610 45 24 last
2017 1612 177 24 twelvemonths'
2232 1615 51 29 viz.,
2300 1616 59 24 from
2377 1618 66 31 April
2460 1625 20 18 to

1899 1643 76 31 April.
2012 1645 50 22 The
2074 1651 96 18 account
2176 1647 20 22 is
2206 1648 113 32 cheering,
2330 1650 45 24 and
2387 1657 59 18 must
2453 1653 27 23 be

1900 1678 143 31 satisfactory
2056 1683 21 19 to
2088 1687 40 15 our
2137 1686 106 18 warmest
2250 1682 42 23 and
2303 1688 60 19 most
2372 1687 108 29 sanguine

1898 1709 95 25 friends.
2029 1712 36 30 By
2075 1720 14 15 a
2099 1713 114 24 reference
2226 1719 22 18 to
2260 1714 37 24 the
2309 1716 115 33 following
2433 1724 47 18 sta-

1900 1744 81 28 tistics,
1994 1745 18 22 it
2024 1745 45 23 will
2086 1746 27 22 be
2132 1754 53 15 seen
2206 1748 49 23 that
2276 1756 40 16 cur
2334 1758 107 23 progress
2459 1753 21 23 in

1900 1777 107 23 numbers
2017 1777 40 24 has
2069 1778 57 24 been
2138 1780 79 30 steady
2227 1781 43 23 and
2281 1783 94 30 gradual
2387 1793 6 14 :

1934 1810 69 24 From
2024 1811 38 23 the
2081 1812 58 24 20th
2158 1813 25 23 of
2198 1814 134 32 September
2353 1819 71 28 1839,
2444 1818 36 23 the

1900 1843 51 23 date
1963 1844 26 22 of
2004 1844 36 23 the
2053 1845 80 24 arrival
2155 1847 24 22 of
2195 1847 38 24 the
2251 1847 66 31 Tory,
2331 1854 22 19 to
2374 1851 38 23 the
2426 1852 54 23 10th

1900 1876 25 23 of
1941 1877 67 32 April
2022 1880 97 22 1841

2288 1917 47 23 152
2351 1918 96 24 arrived.

1900 1942 71 25 From
1984 1944 66 31 April
2065 1947 37 28 10,
2118 1948 73 28 1841,
2206 1952 21 18 to

1951 1977 82 24 March
2043 1981 40 26 31,
2098 1981 72 27 1842,
2284 1984 49 21 204
2349 1984 96 24 arrived.

1900 2009 70 24 From
1993 2010 82 25 March
2096 2014 39 26 31,
2155 2015 72 27 1842,

1951 2047 22 19 to
1984 2043 68 31 April
2065 2047 22 26 1,
2099 2047 72 28 1843,
2283 2049 49 25 276
2348 2050 95 24 arrived.

1900 2082 32 24 So
1951 2083 48 23 that
2010 2092 32 16 we
2055 2085 66 23 think
2133 2087 46 22 this
2198 2087 47 23 will
2260 2088 50 30 give
2329 2093 23 18 to
2373 2089 37 24 the
2422 2094 58 21 most

1899 2116 130 32 prejudiced
2041 2126 81 22 person
2133 2127 63 15 some
2216 2120 50 24 idea
2284 2122 25 22 of
2323 2122 49 24 how
2391 2130 33 17 we
2442 2132 38 16 are

1899 2151 154 31 progressing.

1917 2189 23 21 A
1946 2193 63 25 great
2016 2190 101 30 quantity
2123 2191 26 23 of
2152 2191 45 23 live
2206 2192 65 23 stock
2278 2192 40 23 has
2323 2193 156 33 beenimport-

1900 2220 35 29 ed,
1949 2222 87 23 besides
2046 2223 69 30 goods
2134 2224 45 23 and
2198 2226 158 24 merchandize
2374 2228 25 22 of
2413 2236 67 23 every

1900 2254 144 31 description.
2079 2257 144 30 Altogether,
2243 2259 36 23 the
2297 2264 121 20 statement
2436 2261 44 24 will

1899 2295 69 22 prove
1979 2289 78 31 highly
2067 2290 105 32 cheering
2185 2296 22 18 to
2221 2299 40 16 our
2279 2293 85 24 friends
2375 2295 24 22 in
2411 2295 67 31 Eng-

1899 2315 62 29 land.

1933 2372 51 24 The
2013 2374 108 24 schooner
2143 2376 71 29 Kate,
2237 2377 122 32 belonging
2383 2383 23 19 to
2429 2381 48 24 Mr.

1900 2405 132 30 Machattie,
2046 2415 32 16 we
2089 2416 37 16 are
2142 2410 67 30 given
2224 2415 21 18 to
2257 2411 145 30 understand,
2415 2414 62 23 takes

1898 2447 14 14 a
1942 2439 97 32 whaling
2058 2446 65 26 party
2143 2443 27 22 of
2194 2443 44 23 five
2263 2444 72 24 boats'
2364 2453 69 16 crews
2457 2452 20 18 to

1902 2472 108 25 Hawke's
2032 2474 59 31 Bay.
2137 2476 44 23 We
2199 2484 98 24 suppose
2316 2479 78 31 nearly
2416 2480 61 24 three

1897 2505 104 24 hundred
2022 2515 94 23 persons
2137 2508 58 25 have
2210 2510 42 23 left
2269 2511 45 23 this
2332 2512 64 31 place
2408 2513 69 30 alone,

1898 2539 119 31 employed
2028 2541 25 22 in
2064 2541 38 23 the
2112 2541 101 30 whaling
2224 2545 92 26 parties.

1932 2598 76 23 There
2019 2599 20 23 is
2052 2607 12 15 a
2075 2605 76 26 report
2168 2602 84 24 abroad
2263 2603 48 23 that
2330 2603 38 24 the
2380 2605 100 24 Maories

1898 2631 25 23 of
1939 2631 45 23 this
1996 2632 71 31 place,
2085 2636 160 29 accompanied
2259 2636 30 30 by
2310 2645 14 14 a
2342 2638 96 23 number
2459 2640 21 22 of

1897 2670 124 25 strangers,
2042 2666 78 23 intend
2140 2669 137 30 proceeding
2297 2674 22 18 to
2344 2671 58 23 New
2423 2672 57 30 Ply-

1897 2699 87 28 mouth,
1994 2699 35 23 for
2041 2699 37 23 the
2090 2708 97 22 purpose
2199 2701 26 23 of
2239 2702 103 32 bullying
2352 2704 59 23 from
2431 2705 47 24 Mr.

1897 2731 142 30 Wicksteed,
2064 2732 38 24 the
2126 2734 139 31 Company's
2286 2736 79 31 Agent
2388 2742 22 18 at
2433 2738 47 24 that

1897 2764 71 31 place,
1982 2773 62 16 more
2060 2769 39 20 vtu
2111 2766 34 24 for
2167 2767 38 24 the
2217 2769 96 29 ground.
2349 2770 28 23 If
2391 2770 38 25 the
2441 2779 39 16 ru-

1897 2805 65 16 mour
1973 2806 68 23 prove
2064 2805 94 24 correct,
2171 2809 32 15 we
2222 2802 66 24 think
2309 2802 54 31 they
2373 2803 58 25 have
2441 2809 39 27 got

1898 2831 37 23 the
1948 2840 77 23 wrong
2036 2841 82 23 person
2137 2838 23 19 to
2179 2834 50 23 deal
2242 2836 60 28 with,
2323 2837 36 22 for
2370 2837 53 31 they
2434 2838 46 23 will

1897 2864 85 30 obtain,
1996 2870 21 19 to
2029 2874 40 15 use
2079 2875 14 14 a
2103 2866 81 32 vulgar
2196 2870 138 29 expression,
2375 2878 25 16 as
2412 2872 68 23 much

1897 2905 82 24 money
1991 2907 24 15 as
2026 2899 53 31 they
2090 2908 40 15 can
2140 2905 42 26 put
2200 2902 24 22 in
2238 2902 57 23 their
2307 2911 61 22 eyes,
2387 2904 93 24 without

1897 2932 79 29 seeing
1987 2940 44 21 any
2040 2932 38 23 the
2089 2941 71 16 worse
2169 2934 35 23 for

1930 2988 48 24 Mr.
1992 2989 95 31 Guyton
2099 2991 140 23 entertained
2257 3000 14 15 a
2286 3000 122 18 numerous
2419 2995 58 31 body

1896 3021 26 23 of
1936 3023 129 29 gentlemen
2086 3031 29 16 on
2301 3030 22 19 to
2343 3035 134 17 commemo-

1895 3059 49 19 rate
1956 3056 38 22 the
2013 3057 97 30 opening
2130 3058 26 22 of
2171 3058 98 25 Messrs.
2291 3059 126 33 Ridgways
2435 3062 42 23 and

1896 3087 115 32 Guyton's
2031 3091 116 23 extensive
2169 3091 67 24 brick
2255 3096 68 26 store,
2343 3094 51 31 just
2417 3103 60 15 com-

1895 3122 76 30 pleted
1986 3130 28 16 on
2034 3123 35 23 Te
2086 3125 49 22 Aro
2152 3124 62 24 Flat.
2261 3125 50 25 The
2330 3127 84 31 Mayor
2435 3128 42 23 and

1895 3155 125 24 Aldermen
2031 3164 59 15 were
2100 3163 100 25 present,
2213 3158 44 23 and
2272 3159 40 23 the
2325 3162 97 29 evening
2433 3169 44 16 was

1895 3193 66 26 spent
1972 3190 24 21 in
2007 3197 14 15 a
2028 3189 82 31 joyous
2122 3198 103 16 manner.

1928 3243 51 23 The
1997 3244 108 22 schooner
2125 3244 74 23 Black
2221 3244 112 31 Warrior,
2354 3247 88 25 arrived
2453 3249 26 24 in

1893 3280 52 26 port
1965 3284 29 15 on
2013 3277 150 30 Wednesday,
2189 3277 58 24 from
2271 3278 103 25 Akaroa.
2419 3280 59 26 This

1893 3309 74 22 vessel
1979 3317 44 15 was
2032 3310 107 22 stranded
2151 3310 69 24 about
2231 3311 50 23 four
2299 3313 99 23 months'
2411 3314 63 24 since

1892 3342 24 22 in
1942 3341 97 24 Palliser
2063 3342 57 31 Bay,
2146 3343 43 23 but
2215 3352 45 15 was
2287 3345 71 31 lately
2385 3352 40 26 got
2447 3348 32 24 off

1892 3374 46 23 and
1959 3376 110 30 repaired,
2091 3376 43 23 and
2160 3376 55 24 then
2237 3379 128 29 proceeded
2389 3385 22 19 to
2438 3381 40 24 the

1892 3407 91 24 French
1995 3408 128 24 settlement
2140 3409 59 24 from
2219 3411 48 23 that
2286 3412 73 30 place,
2381 3414 44 23 and
2436 3419 41 19 not

1890 3441 60 23 from
1968 3441 140 32 Wellington
2126 3451 26 15 as
2172 3444 74 23 stated
2262 3445 31 31 by
2309 3445 38 24 the
2367 3446 108 26 Colonist.

1891 3473 52 24 The
1954 3473 90 25 French
2057 3483 60 15 seem
2127 3484 55 23 very
2193 3478 73 23 active
2283 3484 23 18 at
2315 3479 103 30 Akaroa,
2431 3480 44 24 and

1890 3515 38 16 are
1938 3507 87 31 rapidly
2036 3511 155 30 progressing.
2228 3511 73 32 Eight
2309 3512 97 25 whalers
2417 3521 57 16 were

1890 3541 23 22 in
1927 3545 53 26 port
1996 3541 62 24 when
2076 3542 37 24 the
2130 3542 75 25 Black
2219 3543 107 26 Warrior
2342 3546 78 30 sailed,
2438 3547 36 23 six

1889 3573 100 28 French,
2002 3575 44 23 and
2057 3579 43 20 two
2110 3576 133 25 American.

1922 3632 79 24 Below
2022 3640 34 17 we
2074 3634 72 24 insert
2166 3644 14 14 a
2202 3638 189 23 communication
2412 3637 60 23 from

1889 3666 98 30 Captain
1994 3666 38 24 W.
2050 3666 37 25 M.
2106 3668 85 30 Smith,
2210 3670 71 24 called
2299 3670 35 23 for
2351 3671 25 22 in
2393 3677 78 16 conse-

1887 3706 71 25 quece
1975 3699 25 24 of
2015 3699 36 25 his
2073 3700 86 34 having
2179 3702 71 24 heard
2266 3703 50 24 that
2332 3703 36 23 his
2389 3702 82 24 Honor

1886 3733 76 31 Judge
1975 3733 117 25 Halswell
2100 3735 46 25 had
2161 3736 103 24 received
2274 3736 38 24 the
2326 3736 143 31 impression,

1886 3766 51 24 that
1947 3766 39 24 the
1997 3767 77 31 public
2086 3769 122 24 conceived
2226 3769 38 23 the
2281 3773 87 19 extract
2386 3768 84 31 quoted

1885 3799 45 24 had
1943 3799 65 24 other
2023 3800 55 25 than
2090 3801 38 24 the
2147 3802 108 31 meaning
2272 3800 129 33 expressed,
2424 3801 46 24 and

1885 3833 72 31 really
1968 3833 116 25 intended.
2175 3835 59 23 have
2245 3842 28 16 no
2285 3833 70 25 doubt
2373 3833 97 32 Captain

1885 3866 76 24 Smith
1973 3867 75 24 would
2060 3867 56 24 have
2128 3868 65 23 made
2205 3875 14 15 a
2231 3867 81 29 denial,
2329 3871 24 19 at
2371 3874 14 16 a
2401 3867 69 24 much

1885 3900 80 23 earlier
1977 3900 59 29 date,
2048 3901 45 23 had
2104 3901 29 23 he
2142 3901 59 23 been
2210 3907 71 16 aware
2293 3900 47 23 that
2353 3907 45 24 any
2410 3900 57 24 such

1885 3934 134 27 impression
2032 3934 96 24 existed.

133 876 169 24 SHIPPING
320 876 275 26 INTELLIGENCE.

295 934 140 20 ARRIVED.

100 965 75 21 March
191 966 35 23 29,
242 966 103 20 schooner
358 966 66 20 Black
442 966 103 26 Warrior,
558 967 24 20 15
599 968 51 23 tons,

76 993 115 24 Anderson,
201 993 55 20 from
266 992 91 21 Akaroa.

312 1038 116 17 SAILED.

101 1067 74 21 March
181 1069 34 25 28,
227 1068 59 26 sloop
293 1067 68 26 Royal
369 1068 98 24 William,
474 1069 28 19 43
508 1070 56 23 tons,
571 1068 79 26 Lovett,

72 1095 35 20 for
117 1095 40 19 Kia
167 1095 65 21 Kora.

100 1122 74 20 March
190 1123 34 25 29,
235 1124 135 25 government
379 1123 46 25 brig
436 1123 101 24 Victoria,
548 1123 40 20 200
599 1125 51 24 tons,

71 1149 110 24 Richards,
192 1150 34 20 for
235 1151 91 24 Akarqa.

100 1177 74 20 March
184 1177 34 23 30,
230 1177 102 20 schooner
348 1177 101 20 Governor
458 1178 91 26 Hobson,
561 1179 26 19 40
597 1179 53 24 tons,

73 1204 98 25 Scanlon,
181 1205 35 19 for
225 1205 52 19 New
288 1205 119 25 Plymouth.

98 1231 60 21 Same
178 1232 47 26 day,
244 1232 47 26 brig
309 1233 81 26 Lunar,
411 1233 39 19 165
470 1234 56 23 tons,
540 1232 59 25 Ellis,
621 1233 29 20 for

71 1259 89 21 Akaroa.

100 1286 60 20 Same
179 1286 46 26 day,
246 1286 118 25 bripantine
385 1287 52 20 Will
451 1285 82 26 Watch',
555 1288 26 20 63
597 1290 53 23 tons,

71 1313 101 23 Harding,
182 1314 34 20 for
225 1314 53 20 New
287 1314 119 22 Plymouth.

294 1360 33 20 IN
343 1360 85 22 PORT.

94 1392 84 27 Barque
186 1393 130 25 Indemnity,
324 1393 42 19 450
383 1396 60 21 tons,
449 1393 89 25 Adams,
550 1393 100 26 refitting.

67 1419 90 26 Agents,
168 1420 70 20 Waitt
248 1420 43 20 and
302 1420 78 26 Tyser.

96 1447 109 20 Schooner
225 1448 59 25 Ann,
308 1449 27 19 22
356 1450 57 23 tons,
438 1448 86 26 Brown,
548 1449 44 20 laid
615 1455 35 20 up.

66 1474 80 26 Agent,
155 1475 70 20 Waitt
235 1475 43 20 and
288 1476 77 26 Tyser.

97 1499 80 24 Cutter'
193 1503 115 26 Pickwick,
328 1504 27 20 38
381 1506 56 23 tons,
457 1504 63 26 Jury.
555 1504 95 27 Captain,

68 1530 78 25 Agent.

97 1557 109 21 Schooner,
214 1558 37 21 Sir
260 1559 56 20 John
325 1559 107 27 Franklin,
440 1560 27 19 52
474 1561 56 23 tons,
539 1560 111 27 Campbell.

98 1584 74 21 Cutter
190 1586 97 27 Nimrod,
308 1587 26 20 20
357 1589 54 22 tons,
437 1587 88 27 Waddy.
563 1588 87 26 Agents,

68 1612 94 21 Wallace
171 1613 42 20 and
223 1613 39 21 Co.

98 1640 107 21 Schooner
213 1641 123 26 Richmond,
347 1642 26 20 30
384 1643 55 24 tons,
451 1642 97 22 Sinclair.
576 1643 74 26 Agent,

70 1666 37 21 W.
117 1667 136 21 Fitzherbert.

96 1694 122 26 Brigantine
231 1696 119 27 Vanguard,
360 1697 25 20 61
395 1699 55 23 tons,
461 1697 97 23 Newton.
587 1698 63 21 Waitt

68 1722 42 20 and
120 1722 72 26 Tyser,
207 1723 87 25 Agents,

98 1749 108 21 Schooner
222 1751 72 20 Maori
308 1753 72 23 Davis,
402 1753 25 19 15
442 1754 57 23 tons,
519 1753 81 26 Wylde.
628 1753 22 21 J.

67 1776 74 25 Wade,
151 1777 76 26 Agent.

96 1804 106 22 Schooner
218 1807 62 19 Kate.
292 1807 26 20 62
335 1808 57 23 tons,
409 1807 137 21 Macfarlane.
574 1809 76 26 Agent,

68 1831 26 20 T.
106 1831 32 21 M.
148 1832 124 22 Machattie.

94 1859 107 22 Schooner
216 1862 67 19 Black
303 1862 98 24 warrior,
421 1864 25 19 15
457 1866 57 21 tons,
531 1863 119 22 Anderson.

94 1916 97 33 Notice^
209 1925 26 14 to
260 1918 161 22 Subscribers.
450 1919 48 22 The
524 1920 85 21 settlers
628 1924 22 17 at

70 1943 123 27 Wanganui
203 1945 109 27 complain
323 1946 49 21 that
388 1946 53 26 they
458 1946 30 21 do
504 1949 40 18 not
561 1949 36 24 get
612 1954 38 15 our

65 1977 79 19 papers
153 1971 112 27 regularly
295 1972 44 21 and
348 1972 63 28 plead
423 1973 54 27 that,
490 1980 24 15 as
528 1981 28 14 an
572 1981 78 15 excuse

65 1997 35 21 for
110 2001 38 18 not
157 1998 85 27 paying
257 1999 58 21 their
330 2003 113 18 accounts.
482 2000 42 21 We
541 2008 41 14 can
599 2002 51 26 only

65 2027 42 23 ]ut
125 2024 56 21 their
199 2031 80 21 papers
293 2026 24 20 in
333 2026 38 20 the
386 2029 55 23 post,
460 2026 43 22 and
522 2031 83 17 cannot
623 2028 27 21 be

62 2050 142 27 responsible
213 2052 35 21 for
263 2051 57 22 their
336 2052 47 21 safe
399 2053 88 22 arrival.
526 2054 65 22 From
608 2054 42 22 this

66 2076 51 23 date
126 2085 31 14 we
168 2082 49 22 stop
227 2078 38 22 the
274 2085 80 21 papers
364 2079 25 21 of
404 2080 30 21 all
447 2087 93 20 persons
554 2081 96 27 residing

65 2107 24 18 at
110 2104 126 27 Wanganui
255 2105 54 22 with
328 2113 43 14 one
390 2106 124 28 exception.
557 2108 24 21 If
597 2109 53 26 they

64 2130 59 22 need
131 2139 79 19 papers
220 2132 53 26 they
282 2139 41 15 can
333 2132 59 22 have
399 2132 61 23 them
470 2141 59 19 upon
541 2135 74 27 giving
623 2142 26 14 us

63 2157 40 22 the
112 2162 108 22 gurantee
231 2159 25 21 of
267 2167 60 14 some
338 2160 134 27 respectable
486 2168 80 19 person
581 2162 68 22 resid-

63 2184 40 26 ing
112 2185 59 27 here,
181 2185 49 22 that
240 2190 105 23 payment
355 2186 56 22 shall
417 2188 27 21 be
450 2188 66 21 made
526 2188 62 22 when
599 2189 49 22 due.

65 2211 41 22 We
118 2215 88 24 suspect
214 2220 33 15 we
257 2213 57 22 shall
322 2221 52 19 very
386 2221 52 14 soon
446 2214 50 22 find
504 2215 18 21 it
533 2222 116 21 necessary

63 2241 24 18 to
98 2238 68 28 adopt
175 2240 38 21 the
222 2247 62 15 same
294 2248 77 14 course
381 2240 21 22 in
414 2241 94 22 relation
517 2245 23 19 to
553 2243 30 21 all
598 2244 50 21 sub-

62 2265 95 22 scribers
166 2269 40 18 not
214 2267 100 27 residing
322 2267 24 22 in
359 2268 142 28 Wellington.

91 2297 143 27 Wellington,
246 2299 101 25 January
358 2301 18 23 1,
389 2301 59 21 1842.

159 2348 115 19 AGENTS
289 2349 58 18 FOR
366 2350 69 17 THIS
451 2351 99 16 PAPER.

83 2383 39 15 Mr.
133 2383 127 15 BURCHAM
354 2383 74 18 Petoni.

83 2402 39 17 Mr.
133 2402 21 17 C.
167 2402 112 21 ELLIOTT,
289 2403 104 19 Examiner
399 2405 64 21 Office,
471 2406 74 17 Nelson
552 2407 74 17 Haven.

82 2423 40 17 Mr.
133 2424 17 16 J.
159 2423 22 18 B.
191 2424 91 18 BAINES
357 2425 45 17 New
410 2426 109 21 Plymouth.
526 2428 101 17 Taranaki.

83 2444 39 17 Mr.
133 2445 26 18 H.
165 2443 127 20 'CHURTON
357 2446 113 22 Wanganui.

84 2465 38 18 Mr.
133 2466 31 17 W.
175 2466 34 17 Wl
213 2466 61 17 LSON
357 2468 40 21 Bay
404 2469 22 16 of
435 2469 84 17 Islands.

106 2517 91 19 Latest
211 2517 82 20 Dates
309 2517 30 20 of
355 2517 99 24 Papers
470 2520 128 21 received.

64 2552 95 18 London
472 2553 99 21 October
635 2555 9 21 1

64 2574 84 23 Nelson
472 2579 81 22 March
634 2583 11 20 4

64 2602 119 22 Auckland
474 2606 82 22 March
621 2610 24 20 18

64 2628 47 27 Bay
122 2629 22 21 of
154 2630 88 22 Islands
472 2634 97 22 October
633 2637 12 19 6

64 2655 87 27 Sydney
470 2659 114 30 February
620 2663 25 20 15

67 2689 46 14 van
124 2683 115 23 Dieman's
248 2683 64 23 Land
468 2687 113 28 February
620 2690 22 21 21

64 2708 49 22 Port
124 2710 80 28 Phillip
467 2713 102 28 January
620 2715 24 22 15

64 2736 107 22 Adelaide
466 2741 128 19 December
620 2744 25 16 28

276 2790 152 17 FREIGHTS.

60 2821 99 21 London
190 2836 17 6 ...
552 2828 14 19 6
592 2827 13 20 0
632 2828 14 19 0

60 2847 59 21 New
133 2848 78 22 South
225 2848 85 22 Wales
325 2857 46 14 and
382 2850 28 21 V.
421 2851 28 21 D.
461 2851 27 22 L.
516 2854 49 20 ..2
592 2854 12 20 0
630 2858 14 19 0

60 2873 96 23 Neison
550 2881 14 20 2
592 2881 12 20 0
632 2882 13 19 0

60 2901 123 21 Taranaki
194 2909 46 14 and
247 2902 73 22 Coast
550 2908 14 19 2
592 2908 12 19 0
631 2909 14 19 0

60 2928 130 21 Auckland
578 2940 14 10 n
594 2934 22 16 il.

87 2987 52 20 The
402 2990 44 20 The
463 2991 107 27 following
580 2993 17 20 is
616 2999 26 15 an

59 3016 81 19 extract
157 3014 56 21 from
238 3015 88 27 Captain
346 3016 80 27 Hogg's
446 3018 92 27 journal,
559 3019 24 20 of
608 3021 35 20 the

58 3042 80 27 barque
148 3042 131 21 Australian.
331 3044 114 20 December
454 3046 35 20 23.
517 3046 30 20 At
562 3047 11 21 9
590 3053 52 16 a.m.

59 3070 66 26 spoke
134 3070 36 20 the
188 3071 136 20 Waterwitch
333 3071 25 20 of
370 3071 95 27 London,
477 3073 65 26 King,
559 3079 82 21 master,

60 3099 11 19 9
82 3097 85 21 months
183 3098 55 20 from
249 3098 89 27 Sydney,
357 3099 40 20 500
407 3099 84 22 barrels.
522 3101 10 21 I
547 3105 54 17 went
615 3109 27 15 on

57 3125 72 25 board,
141 3126 88 25 stopped
238 3126 56 20 until
302 3127 13 19 3
326 3132 56 19 p.m.,
394 3127 49 21 then
453 3129 98 20 returned
559 3138 5 16 ;
585 3130 57 27 King

59 3159 58 14 came
126 3160 26 14 on
164 3153 64 20 board
237 3153 50 20 with
296 3160 33 13 me
346 3155 41 19 and
397 3156 87 25 stopped
500 3157 50 19 with
560 3164 33 14 me
609 3158 33 20 till

58 3181 27 19 30
95 3181 91 19 minutes
194 3184 48 23 past
252 3181 22 23 5,
284 3187 57 17 p.m.,
352 3182 59 20 when
427 3183 26 19 he
463 3185 100 19 returned
572 3187 22 18 to
608 3185 34 20 his

59 3208 48 25 ship
117 3208 66 25 again.
213 3207 43 20 Got
265 3214 12 12 a
291 3214 47 14 case
348 3209 23 19 of
382 3209 36 25 gin
443 3209 21 26 (3
474 3211 90 26 gallons)
588 3212 53 20 from

58 3235 89 25 Captain
164 3234 64 25 King,
246 3234 41 20 and
296 3237 41 18 two
352 3235 80 25 gallons
448 3240 41 21 tar,
505 3237 33 21 for
547 3238 68 21 which
630 3239 12 20 I

57 3268 52 20 gave
124 3262 43 20 him
185 3261 48 20 four
248 3262 81 25 pounds
347 3265 40 21 tea,
397 3266 41 16 two
453 3263 77 22 bottles
540 3266 24 19 of
581 3272 61 21 curry

57 3290 91 26 powder,
165 3289 48 20 half
222 3295 13 13 a
245 3289 66 20 dozen
326 3290 66 25 plates
403 3291 41 19 and
458 3291 59 20 three
533 3293 108 21 tumblers.

56 3318 70 19 When
137 3317 10 20 I
157 3323 42 14 was
209 3322 27 14 on
245 3316 65 20 board
320 3317 35 19 the
365 3317 87 26 Hesper,
461 3318 30 20 off
503 3319 37 19 the
550 3319 90 28 Groups,

56 3345 37 20 the
100 3345 85 20 steward
193 3344 25 20 of
224 3344 47 20 that
279 3344 96 26 ship~told
387 3351 31 13 me
426 3345 45 20 that
478 3346 27 19 he
512 3346 37 19 left
559 3346 82 28 Sydney

55 3372 26 20 in
105 3372 36 21 the
163 3372 142 23 Waterwitch,
322 3371 23 20 of
364 3371 96 24 London,
482 3373 56 20 after
557 3374 85 28 making

57 3399 85 20 Howe's
152 3399 79 24 Island,
242 3399 35 20 the
293 3399 88 26 Captain
390 3403 54 17 went
458 3400 89 25 ashore,-
551 3402 41 19 and
604 3402 37 21 the

57 3429 63 22 mate,
131 3427 64 25 King,
202 3426 61 21 stood
271 3427 29 19 off
312 3427 54 20 after
377 3427 83 24 whales,
471 3428 43 19 and
523 3428 36 21 did
568 3431 36 18 not
614 3436 26 19 go

55 3454 56 20 back
120 3454 60 25 again
187 3462 6 17 ;
208 3454 41 20 and
258 3454 35 25 he,
303 3454 36 20 the
348 3455 93 27 steward,
453 3456 41 19 had
501 3456 39 20 left
549 3457 35 19 the
594 3458 46 26 ship

56 3484 23 17 at
98 3480 112 23 Rotumah.
239 3482 51 19 This
310 3482 10 19 I
343 3482 79 20 believe
440 3485 22 18 to
481 3483 27 20 be
530 3484 36 20 the
585 3491 56 14 same

60 3509 142 23 Waterwitch,
216 3508 107 26 although,
338 3510 70 20 whilst
423 3510 11 20 I
443 3517 41 13 was
500 3517 28 14 on
618 3512 24 20 of

55 3536 39 20 her
105 3536 11 19 I
126 3535 59 20 made
195 3541 26 14 no
232 3537 103 25 enquiries
345 3537 85 20 relative
439 3539 22 20 to
474 3538 36 20 the
520 3539 65 24 affair,
595 3545 23 15 as
627 3539 12 21 I

56 3563 91 25 thought
155 3562 19 20 it
187 3569 55 13 none
252 3564 24 19 of
287 3570 35 20 my
334 3564 103 21 business.
465 3566 80 21 Whilst
557 3568 83 25 coming

56 3596 29 14 on
94 3590 65 20 board
176 3589 23 20 in
208 3595 36 20 my
260 3590 57 25 boat,
327 3592 35 19 the
377 3599 53 14 crew
439 3593 44 20 told
501 3600 32 14 me
543 3594 45 20 that
602 3595 37 20 the

56 3624 50 13 men
115 3617 24 20 of
150 3616 38 21 the
200 3617 134 21 Waterwitch
343 3619 42 20 had
393 3623 36 22 got
441 3626 74 21 papers
525 3624 39 18 out
572 3623 25 20 of
602 3623 37 20 the

54 3646 66 19 Fame
129 3644 24 21 of
166 3643 90 27 Sydney,
265 3644 24 20 in
295 3646 68 20 which
372 3647 35 20 the
414 3647 78 27 barque
506 3649 133 22 Waterwitch

54 3679 43 14 was
114 3671 117 21 advertised
246 3677 22 14 as
279 3678 12 13 a
308 3672 69 21 lawful
387 3674 56 25 prize
458 3676 35 20 for
502 3682 41 21 any
559 3677 80 22 British

54 3699 70 21 vessel
131 3699 47 20 that
187 3698 76 21 should
272 3698 37 21 fall
317 3699 24 20 in
350 3700 50 20 with
407 3701 37 21 her
450 3709 6 17 ;
472 3703 42 21 and
521 3705 46 19 that
576 3705 61 28 Capt.

55 3726 60 27 King
123 3726 43 20 had
178 3728 37 24 got
223 3726 61 20 those
297 3731 75 21 papers
380 3727 54 21 from
449 3729 36 21 the
498 3733 82 25 people,
597 3733 41 20 and

53 3754 43 21 had
106 3755 51 25 kept
174 3754 65 20 them.
267 3752 61 22 After
345 3753 11 21 I
371 3758 55 18 went
434 3755 72 29 below,
526 3759 43 21 lat
586 3766 51 15 once

53 3781 127 28 acquainted
197 3780 88 27 Captain
301 3780 58 27 King
367 3782 50 20 with
433 3783 55 21 what
504 3785 10 20 I
529 3786 42 21 had
585 3788 52 21 been

53 3809 47 21 told
109 3809 84 25 coming
202 3814 28 14 on
239 3808 73 24 board,
322 3809 42 19 and
373 3809 64 21 asked
444 3811 45 20 him
498 3812 33 21 for
540 3814 36 21 the
588 3822 49 20 par-

52 3837 94 24 ticulars,
164 3835 69 21 which
249 3835 26 21 he
291 3842 52 19 gave
360 3842 32 14 me
409 3843 22 14 as
447 3837 81 23 follows
536 3847 35 13 :
572 3841 14 13 '
592 3843 45 20 Ten

52 3863 53 27 days
115 3864 56 21 After
180 3863 83 26 leaving
277 3863 84 26 Sydney
373 3870 31 14 we
417 3865 92 21 touched
517 3869 23 18 at
553 3868 84 24 Howe's

53 3891 79 26 Island,
143 3892 36 20 the
190 3891 88 27 Captain
293 3893 54 18 went
355 3891 80 28 ashore,
451 3893 42 19 and
502 3893 54 21 after
567 3896 70 28 laying

52 3919 31 19 off
95 3919 42 19 and
145 3925 28 14 on
182 3918 34 21 for
225 3919 50 20 nine
284 3917 59 28 days,
354 3918 75 27 during
438 3919 67 21 which
515 3921 11 20 1
534 3928 42 15 was
585 3929 51 17 once

52 3944 77 24 drifted
139 3948 37 19 out
185 3946 26 20 of
221 3946 57 26 sight
287 3946 25 20 of
323 3946 37 20 the
369 3945 79 27 Island,
468 3947 39 21 but
515 3950 83 20 worked
608 3957 28 21 up

689 131 67 26 again,
769 131 11 20 I
792 133 58 19 made
860 139 13 13 a
881 132 66 26 signal
955 133 34 20 for
999 133 46 27 thef
1043 148 6 13 s
1046 133 89 27 Captaia
1145 138 23 17 to
1178 142 58 15 come
1245 143 28 14 on

689 158 72 24 board,
772 158 39 20 but
820 159 26 20 he
859 161 38 18 not
906 160 84 25 coming
1002 161 103 20 the'cre'w
1119 167 59 15 came
1187 163 31 20 aft
1232 164 42 19 and

689 186 44 20 told
743 192 33 14 me
786 189 22 17 to
822 187 67 19 either
902 187 90 26 proceed
1007 194 29 14 on
1046 187 35 21 the
1098 194 77 21 voyage
1185 196 24 14 or
1225 191 48 20 take

689 213 37 19 the
735 213 47 26 ship
797 215 22 18 to
830 213 83 26 Sydney
920 222 5 16 j
948 215 46 19 that
1002 215 51 26 they
1063 222 56 13 came
1133 219 39 17 out
1180 219 23 17 to
1213 218 60 20 make

689 246 12 14 a
710 246 79 20 voyage
798 240 38 20 but
846 241 49 25 they
904 241 63 20 could
977 244 38 18 not
1029 248 34 14 see
1073 243 45 19 that
1126 246 47 17 sort
1181 244 24 20 of
1216 245 57 20 work

689 273 41 13 was
738 270 38 17 not
780 268 64 25 going
852 270 22 18 to
882 271 34 22 get
925 269 18 19 it
950 276 5 16 ;
970 270 157 25 consequently,
1140 270 10 20 I
1158 272 116 24 proceeded

689 300 28 14 on
727 295 36 19 the
771 300 84 20 voyage,
866 302 23 13 as
899 295 11 20 I
919 296 129 23 considered,
1069 298 50 19 such
1129 304 58 13 more
1197 299 77 20 advan-

689 323 86 24 tageous
792 324 23 18 to
830 322 36 20 the
882 328 79 15 owners
978 323 24 20 of
1013 324 36 19 the
1064 324 54 26 ship.
1147 324 57 21 Soon
1220 326 53 20 after

688 348 83 26 leaving
780 349 86 21 Howe's
877 350 79 23 Island,
973 350 10 20 I
994 351 66 19 called
1076 354 22 17 at
1109 351 115 21 Newcastle
1234 354 40 19 and

688 375 39 20 left
736 382 12 14 a
754 377 64 19 letter
822 377 34 20 for
866 377 35 20 the
909 378 68 25 Agent
983 378 26 19 in
1017 378 90 25 Sydney,
1119 378 52 26 (Mr.
1180 379 92 27 Walker)

688 403 80 26 stating
776 404 130 25 particulars,
917 405 42 19 and
976 404 56 21 from
1041 406 55 19 what
1105 406 89 25 impulse
1212 406 11 20 I
1234 408 45 23 had,

688 430 54 20 been
751 431 97 20 actuated
856 439 5 15 ;
884 432 40 19 and
934 432 59 20 when
1012 432 11 19 I
1041 433 79 20 receive
1136 434 137 21 instructions

688 457 55 20 from
754 458 43 20 Mr.
808 458 86 20 Walker
910 461 22 18 to
942 460 48 19 take
1009 460 36 19 the
1055 460 47 26 ship
1121 462 21 18 to
1154 460 89 26 Sydney,
1262 462 11 19 I

688 484 55 20 shall
750 484 142 27 immediately
900 486 27 20 do
937 493 24 14 so
968 494 6 17 ;
1000 487 116 24 otherwise,
1126 490 40 17 not
1175 488 54 19 until
1239 495 35 19 my

688 511 111 26 provisons
809 519 35 13 are
958 514 42 20 But
1009 514 35 19 the
1055 521 72 19 papers
1147 515 27 20 he
1183 515 46 20 said
1238 516 35 19 did

688 541 39 18 not
736 540 103 19 advertise
847 540 36 20 the
893 540 66 20 vessel
967 547 23 14 as
1008 548 14 13 a
1030 541 71 20 lawful
1110 542 56 25 prize
1175 549 5 17 ;
1204 542 19 20 it
1232 549 40 14 was

688 566 79 26 merely
776 567 36 19 the
832 566 106 26 Captain's
948 570 111 18 statement
1069 568 24 20 of
1105 569 35 19 the
1150 575 54 17 case,
1220 570 52 20 after

687 593 68 20 which
766 594 26 19 he
802 594 40 19 had
849 594 61 25 given
920 595 35 20 the
969 595 138 25 descriptions
1118 596 24 20 of
1153 596 36 20 the
1197 598 74 19 vessel.

715 620 46 20 told
780 620 44 20 him
834 621 47 20 that
895 622 10 19 I
922 622 69 20 would
1006 622 43 20 like
1058 625 23 17 to
1100 624 51 19 have
1171 629 49 14 seen
1237 625 35 20 the

688 653 82 20 papers,
787 648 38 19 but
841 648 27 19 he
877 649 45 20 said
938 650 45 19 that
1000 649 27 20 he
1044 650 34 19 did
1093 653 38 17 not
1140 651 61 20 think
1220 651 24 20 of
1255 652 17 20 it

687 673 60 21 while
757 674 12 20 I
778 681 42 14 was
835 681 28 14 on
872 676 71 25 board,
955 683 23 13 or
991 677 27 19 he
1028 676 68 21 would
1111 677 52 20 have
1173 678 71 20 shown
1254 679 18 20 it

687 707 41 14 me.
757 702 53 19 Dec.
828 703 35 22 24,
874 708 56 19 p.m.,
947 704 70 25 gentle
1030 704 84 20 breezes
1129 705 43 20 and
1181 705 89 27 cloudy;

687 728 93 26 daylight
788 729 35 20 the
832 730 134 21 Waterwitch
975 732 13 19 4
999 731 59 20 miles
1065 733 23 18 to
1098 732 35 19 the
1141 733 128 23 southward;

686 756 110 26 employed
818 757 104 26 repairing
940 758 35 20 the
994 758 103 24 mainsail,
1117 760 40 19 and
1176 760 95 27 painting

686 783 104 20 bulwarks
797 784 89 24 outside,
894 786 37 19 &c.
936 792 6 17 ;
959 786 33 23 11,
1002 791 61 19 a.m.,
1070 788 37 24 got
1115 792 12 14 a
1136 787 73 20 breeze
1216 787 54 21 from

686 810 36 21 the
741 811 125 27 southward,
877 812 42 20 and
935 813 36 19 the
983 813 136 20 Waterwitch
1135 814 50 20 bore
1196 820 28 21 up
1237 815 33 20 for

686 844 33 14 me
727 845 5 17 ;
750 838 14 20 I
773 838 60 21 stood
843 845 27 14 on
879 839 34 20 till
922 839 11 20 I
943 846 42 14 saw
994 840 10 20 I
1022 841 62 19 could
1093 843 38 18 not
1138 843 37 24 get
1184 842 55 20 clear
1249 843 23 19 of

685 865 44 23 her,
741 865 51 20 then
804 866 78 20 backed
898 867 36 20 the
943 867 119 26 main-yard
1067 876 5 17 ;
1089 869 35 19 she
1142 875 56 13 came
1209 869 61 26 along

685 894 22 18 to
715 893 89 20 leeward
813 894 24 19 of
849 900 39 21 me,
899 900 23 14 so
939 901 51 14 near
999 896 46 19 that
1055 902 12 13 a
1076 896 114 20 hand-lead
1203 897 67 24 might

684 920 53 20 have
753 921 54 19 been
816 921 54 20 hove
880 928 27 14 on
917 922 64 20 board
991 923 24 20 of
1027 923 44 24 her,
1082 923 41 20 and
1133 923 57 26 King
1206 924 64 20 asked

684 947 19 19 if
722 947 11 20 I
743 948 70 20 would
822 949 48 19 take
881 949 74 21 dinner
973 951 53 19 with
1042 951 44 19 him
1103 953 133 22 to-morrow;
1258 952 11 20 I

684 975 92 20 thanked
787 975 50 26 him,
849 976 39 20 but
900 977 45 19 said
954 977 10 20 I
973 978 82 20 wanted
1065 980 24 18 to
1098 979 61 19 make
1169 979 34 19 the
1215 982 55 17 most

684 1001 24 21 of
721 1003 35 19 the
776 1002 55 20 little
840 1003 56 20 wind
915 1004 10 20 I
935 1005 48 22 had,
1004 1007 21 18 to
1036 1005 67 20 which
1117 1006 26 20 he
1154 1012 50 18 sang
1224 1009 44 22 out,

777 1030 56 25 good
842 1030 67 27 bye
909 1031 41 20 l'm
961 1032 29 20 off
1002 1035 23 17 to
1038 1032 36 20 the
1219 1033 50 20 then

682 1057 93 20 boarded
783 1057 34 20 his
827 1059 57 19 main
893 1059 55 26 tack,
960 1060 41 19 and
1009 1060 62 19 stood
1089 1066 27 13 on
1126 1060 143 21 close-hauled

682 1084 57 20 until
747 1084 28 20 he
783 1090 42 14 was
835 1092 13 12 a
856 1088 84 23 quarter
947 1087 24 19 of
978 1093 13 13 a
999 1087 50 20 mile
1058 1087 65 20 ahead
1133 1087 24 20 of
1169 1094 40 17 me,
1218 1088 51 20 then

682 1111 75 20 tacked
762 1119 7 16 ;
795 1113 12 20 I
816 1113 51 19 then
876 1113 76 20 braced
965 1114 97 24 forward,
1074 1114 41 20 and
1132 1115 61 20 when
1210 1114 59 27 King

682 1145 41 13 was
733 1139 46 19 half
790 1147 14 13 a
822 1139 48 20 mile
881 1140 28 19 off
928 1147 28 13 on
969 1148 35 19 my
1023 1142 90 20 weather
1131 1145 92 23 qnarter,
1242 1143 26 20 he

681 1166 80 20 backed
772 1166 33 21 his
814 1168 117 25 main-yard
942 1169 40 19 and
992 1175 57 14 came
1059 1175 29 14 on
1097 1170 72 24 board,
1180 1171 89 25 stopped

682 1193 56 20 until
747 1194 11 19 4
762 1194 34 20 30
806 1199 46 16 p.m.
871 1195 40 18 and
921 1195 38 20 left
968 1202 33 13 me
1009 1197 46 23 ;he
1065 1197 91 25 brought
1164 1203 29 14 on
1203 1197 65 20 board

682 1220 36 20 the
728 1221 46 20 half
786 1222 24 19 of
821 1228 13 13 a
843 1221 36 26 pig
889 1222 44 19 that
942 1223 41 20 had
994 1223 51 20 been
1055 1224 64 20 killed
1129 1225 81 25 to-day,
1222 1226 45 19 also

682 1248 37 19 the
728 1254 120 21 newspaper
857 1249 69 20 before
945 1250 128 23 mentioned,
1084 1251 67 21 which
1169 1252 10 20 I
1189 1252 45 20 find
1249 1252 18 20 is

682 1276 36 19 the
731 1276 51 20 Port
792 1276 80 25 Phillip
884 1276 89 26 Gazette,
985 1278 122 26 containing
1117 1280 35 19 the
1160 1280 107 25 Captain's

682 1304 113 19 statement
813 1304 24 19 of
855 1304 35 19 the
900 1311 46 14 case
962 1311 27 14 on
999 1306 34 19 his
1051 1306 75 20 arrival
1136 1307 23 19 in
1176 1307 90 26 Sydney,

681 1330 51 20 then
743 1331 34 20 the
788 1331 126 25 description
924 1333 25 19 of
967 1333 35 20 the
1012 1334 67 19 vessel
1098 1333 40 21 and
1148 1334 73 26 signed
1240 1335 27 26 by

681 1358 92 24 himself,
783 1358 68 21 which
860 1365 40 14 was
910 1360 79 20 headed
1108 1362 23 19 of
1143 1362 37 20 the
1190 1362 77 26 barque

684 1386 146 22 Waterwitch;
832 1387 6 10 1
842 1386 4 8 '
864 1386 11 19 I
885 1387 44 20 told
940 1387 56 26 King
1006 1387 11 20 I
1027 1389 69 19 would
1105 1391 38 17 not
1152 1389 51 20 have
1214 1390 53 20 such

682 1415 21 17 to
714 1413 26 20 be
750 1420 34 20 my
794 1420 47 14 case
850 1413 34 21 for
893 1415 35 19 the
941 1415 135 20 Waterwitch
1086 1416 19 20 if
1111 1417 36 19 she
1157 1423 53 13 were
1227 1417 40 20 full

681 1440 24 20 of
717 1440 56 20 oil
775 1441 46 20 that
831 1441 11 20 I
861 1448 40 14 was
912 1448 59 20 sorry
980 1443 45 19 that
1036 1443 10 20 I
1056 1443 41 21 had
1111 1444 63 20 fallen
1183 1444 23 20 in
1218 1445 49 20 with

681 1469 21 18 at
712 1467 35 24 all,
758 1469 42 19 and
809 1469 63 19 much
882 1469 115 26 displeased
1006 1471 50 19 with
1067 1471 75 26 myself
1149 1472 34 20 for
1190 1472 77 26 having

681 1495 64 20 taken
758 1497 102 25 anything
876 1497 53 20 from
940 1498 43 19 him
1002 1498 113 26 belonging
1133 1501 23 17 to
1166 1502 35 17 tne
1218 1500 48 25 ship

682 1522 109 27 (although
801 1524 26 20 he
833 1524 40 20 had
883 1528 36 23 got
928 1525 22 20 in
958 1527 72 19 return
1041 1533 56 13 more
1105 1527 50 19 than
1165 1527 35 20 the
1207 1527 59 20 value

681 1551 24 19 of
717 1551 35 19 the
767 1552 82 20 articles
859 1553 27 19 he
898 1559 51 19 gave
959 1553 41 26 me)
1016 1550 23 24 at
1047 1554 68 20 which
1124 1554 26 20 he
1168 1554 96 26 laughed.

680 1578 11 20 I
703 1579 65 20 asked
777 1580 45 20 him
837 1580 55 20 what
901 1581 33 19 his
948 1582 121 19 conscience
1079 1582 44 19 told
1139 1582 44 19 him
1194 1582 24 19 of
1230 1582 35 20 the

679 1606 66 24 affair,
756 1608 22 18 to
798 1607 67 20 which
878 1608 26 19 he
924 1609 112 20 answered.
1142 1610 123 20 conscience

679 1634 49 20 tells
738 1640 33 14 me
780 1634 41 20 I'm
828 1635 81 20 neither
918 1636 56 26 right
982 1643 38 14 nor
1030 1643 77 21 wrong,
1116 1637 38 20 but
1164 1638 44 19 that
1216 1643 49 20 very

679 1661 55 20 little
750 1662 70 19 would
829 1664 40 24 put
887 1669 32 14 me
936 1664 66 19 either
1119 1664 21 20 It
1157 1665 18 20 is
1185 1667 45 22 not,
1242 1671 24 14 or

680 1689 69 20 rather
764 1695 47 20 may
825 1692 45 20 not,
884 1690 26 20 be
920 1697 109 21 necessary
1042 1692 33 20 for
1086 1699 33 13 me
1136 1694 22 18 to
1168 1694 54 18 state
1237 1693 28 19 all

679 1716 47 20 that
736 1716 11 20 I
756 1717 46 20 said
811 1720 23 17 to
848 1718 44 19 him
902 1724 27 14 on
947 1719 35 20 the
992 1719 81 25 subject
1079 1727 6 17 ;
1109 1720 45 24 but,
1165 1720 99 20 notwith-

679 1744 99 25 standing
787 1744 29 20 all
822 1744 10 21 I
843 1745 35 20 did
886 1751 42 20 say,
940 1746 40 19 and
986 1747 35 20 the
1032 1749 63 18 worst
1102 1748 72 19 colour
1184 1747 11 20 I
1203 1748 62 19 could

679 1772 61 19 make
747 1771 32 20 his
790 1778 46 14 case
844 1779 75 19 appear
924 1774 31 22 in,
961 1774 26 19 he
994 1774 85 20 himself
1086 1775 80 19 seemed
1173 1777 22 17 to
1203 1775 62 19 think

679 1800 46 19 that
735 1798 36 21 the
781 1802 62 17 worst
853 1801 49 25 they
914 1801 61 20 could
985 1801 60 20 make
1055 1802 23 19 of
1090 1802 17 20 it
1117 1808 40 14 was
1166 1809 13 13 a
1189 1802 75 20 breach

679 1826 24 20 of
715 1828 68 22 trust;
898 1828 42 19 said
952 1828 25 20 he
1088 1830 116 25 gentlemen
1214 1831 50 19 with

679 1854 36 19 the
724 1855 50 25 wigs
783 1861 29 13 on
820 1855 40 20 will
870 1855 60 20 settle
938 1855 28 20 all
1074 1857 39 19 His
1123 1858 50 25 ouly
1180 1858 85 25 anxiety

679 1887 66 15 seems
755 1885 22 16 to
787 1881 26 20 be
829 1882 46 20 that
886 1883 23 19 of
922 1883 112 26 benefiting
1052 1885 36 19 the
1098 1890 79 14 owners
1193 1885 23 20 of
1229 1885 36 19 the

679 1908 54 27 ship.
762 1909 11 19 I
783 1915 42 13 saw
834 1909 59 21 three
902 1916 48 14 men
957 1911 108 26 employed
1077 1911 94 26 building
1178 1919 13 13 a
1199 1913 66 19 whale

679 1935 49 20 boat
745 1942 28 14 on
782 1936 65 20 board
864 1938 24 19 of
906 1938 44 23 her,
967 1944 57 14 some
1035 1939 107 26 employed
1160 1940 105 25 repairing

678 1963 55 25 sails,
745 1965 38 18 &c.
813 1964 31 26 By
855 1965 34 19 the
899 1965 127 26 description
1037 1967 35 19 the
1083 1966 88 26 Captain
1180 1974 51 18 gave
1242 1968 25 19 of

678 1991 36 19 the
724 1991 54 26 ship,
792 1991 56 26 King
858 1993 37 18 has
905 1993 92 25 changed
1006 1994 39 19 her
1059 1994 63 20 -white
1131 1995 70 19 streak
1211 1998 23 16 to
1253 2001 13 13 a

677 2018 37 19 red
725 2019 115 25 moulding.
869 2019 117 26 Longitude
996 2020 28 26 by
1039 2021 151 25 chronometer,
1211 2022 53 20 162

679 2045 33 19 19'
773 2048 50 18 east.

662 2254 97 97 New
791 2254 226 97 Zealand
1049 2254 226 97 Gazette

716 2351 67 21 AND
800 2351 213 23 WELLINGTON
1033 2352 187 24 SPECTATOR.

802 2406 129 25 Saturday,
948 2407 76 21 April
1041 2407 18 25 1,
1077 2408 59 20 1843.

814 2457 70 20 Never
893 2464 36 19 say
940 2457 40 26 die,

842 2485 58 26 Grip.
931 2485 95 26 Barnaby
1038 2485 80 26 Rudge.

710 2518 50 24 Our
773 2523 170 27 contemporary
955 2518 41 24 has
1010 2520 92 23 become
1115 2520 61 31 quite
1187 2521 71 30 witty,

675 2551 28 24 he
715 2560 61 22 says,
797 2560 32 14 we
847 2551 57 24 have
916 2552 70 23 found
997 2560 14 16 a
1029 2553 81 23 mare's
1122 2558 59 18 nest.
1217 2554 44 23 We

674 2585 92 24 wonder
783 2586 58 23 after
853 2586 48 23 that
922 2586 28 23 he
962 2586 37 23 did
1016 2590 40 19 not
1069 2590 34 19 set
1122 2591 21 18 to
1156 2587 63 23 work
1238 2593 22 18 to

674 2618 66 24 teach
750 2627 28 15 us
787 2624 22 18 to
819 2619 56 23 suck
886 2626 63 24 eggs.
985 2619 30 23 In
1026 2625 77 17 return
1112 2627 31 15 we
1156 2621 105 31 strongly

674 2657 92 26 suspect
776 2652 50 23 that
837 2660 40 15 our
891 2656 176 27 contemporary,
1079 2652 41 24 has
1127 2654 25 22 in
1161 2654 99 30 imagin-

674 2685 69 30 ation,
757 2685 20 24 if
793 2690 40 19 not
844 2687 23 22 in
879 2685 88 31 reality,
988 2686 56 23 been
1062 2686 81 31 taking
1154 2694 14 16 a
1181 2688 44 30 trip
1238 2693 22 18 to

674 2718 132 24 Richmond
825 2719 44 23 and
886 2719 118 31 indulging
1022 2719 36 23 his
1070 2720 98 30 appetite
1180 2721 54 23 with
1248 2729 13 15 a

674 2752 68 24 Maid
748 2752 24 23 of
775 2751 104 30 Honour,
886 2752 71 23 called
966 2751 96 26 Queen's
1069 2760 24 16 or
1100 2753 75 30 Royal
1181 2753 79 24 cheese

674 2784 76 25 cakes.
776 2785 44 24 We
831 2785 45 23 will
888 2790 40 18 not
939 2786 41 22 call
994 2786 17 23 it
1020 2786 24 23 in
1054 2786 45 23 this
1112 2794 51 15 case
1175 2795 27 15 an
1215 2786 46 24 Old

673 2819 74 28 Maid,
755 2818 35 24 for
800 2819 28 23 he
841 2818 48 29 has,
902 2819 62 22 since
972 2818 37 24 the
1022 2819 81 23 arrival
1111 2819 25 23 of
1144 2828 14 14 a
1169 2820 91 24 learned

673 2852 152 30 functionary,
831 2852 92 23 become
929 2852 130 23 wonderous
1069 2853 50 22 wise
1125 2853 29 23 al!
1161 2858 22 18 at
1190 2862 54 16 once
1251 2864 5 20 ;

672 2889 48 25 not,
728 2885 28 23 be
764 2885 18 23 it
792 2885 153 23 remembered
952 2885 23 23 in
982 2885 52 29 law,
1041 2893 24 16 as
1072 2886 92 31 regards
1175 2887 82 30 Juries,

671 2918 41 23 but
724 2918 59 23 what
801 2918 132 32 apparently
945 2919 19 22 is
983 2923 23 18 to
1025 2919 26 23 be
1072 2920 137 23 substituted
1229 2921 28 30 by

671 2951 36 23 his
721 2951 82 24 Honor
815 2951 37 23 the
870 2951 73 32 Judge
955 2951 35 24 for
1001 2952 50 29 law,
1072 2953 57 23 until
1147 2953 111 32 anything

670 2985 74 23 better
751 2984 67 24 could
828 2985 28 23 be
867 2985 120 24 concocted
994 2985 29 31 by
1034 2993 40 16 our
1082 2993 76 23 grave,
1171 2992 85 26 potent,

670 3018 45 24 and
737 3018 120 24 venerable
879 3018 101 29 Seniors,
1005 3019 44 23 and
1070 3019 142 24 Councillors
1232 3026 24 18 at

670 3051 134 24 Auckland.

703 3084 72 24 What
797 3085 135 24 Settlement
954 3085 74 24 would
1051 3085 28 24 be
1101 3086 95 24 without
1218 3087 38 24 the

668 3118 104 31 blessing
787 3118 26 24 of
827 3127 14 15 a
854 3118 103 24 Colonial
975 3118 90 30 Editor,
1085 3119 76 29 albeit,
1182 3125 22 18 at
1220 3120 38 24 the

670 3159 62 15 same
750 3153 63 28 time,
832 3152 92 24 learned
943 3153 24 22 in
985 3153 38 23 the
1042 3153 43 23 law
1095 3162 6 19 ;
1124 3153 56 24 hear
1197 3154 61 23 what

669 3185 140 22 consolation
820 3185 29 23 he
858 3193 136 21 announces,
1056 3186 25 23 It
1098 3187 19 22 is
1127 3195 13 14 a
1149 3187 52 28 fact
1213 3188 44 23 and

668 3225 34 15 we
725 3225 118 15 announce
863 3218 19 22 it
897 3218 35 22 for
955 3218 38 23 the
1015 3218 84 23 benefit
1119 3219 25 23 of
1165 3220 31 24 all
1216 3228 41 16 our

668 3251 100 27 readers,
787 3247 45 26 and
844 3250 25 23 of
884 3249 37 24 the
932 3250 117 23 universal
1058 3251 137 31 settlement,
1208 3254 48 23 that

669 3291 32 15 we
711 3283 58 23 have
781 3283 47 23 still
835 3283 43 23 .the
888 3283 82 23 benefit
982 3284 25 22 of
1018 3284 37 22 the
1069 3284 50 23 trial
1130 3285 30 30 by

670 3315 64 24 Here
745 3316 21 23 is
778 3316 109 31 certainly
895 3324 29 15 no
936 3316 82 23 breach
1029 3316 24 23 of
1062 3317 129 25 confidence
1203 3327 52 16 cer-

668 3348 79 31 tainly,
761 3357 26 15 or
797 3348 101 31 betrayal
910 3350 25 22 of
950 3349 38 23 the
997 3350 72 23 result
1080 3350 26 23 of
1114 3359 43 22 any
1169 3353 86 30 private

668 3381 152 24 consultation
838 3382 100 23 between
950 3382 38 23 the
998 3382 60 31 legal
1072 3383 99 24 advisers
1181 3386 25 22 of
1215 3386 40 24 the

669 3414 90 30 Crown,
778 3415 42 24 but
830 3423 33 16 we
879 3415 57 25 have
953 3423 13 16 a
976 3416 137 24 marvellous
1128 3417 127 32 effulgence

668 3448 26 24 of
702 3448 61 31 legal
778 3447 133 32 knowledge
924 3448 31 24 all
966 3452 23 20 at
1000 3456 56 16 once
1074 3450 123 32 encircling
1216 3452 39 24 the

668 3481 73 24 brows
752 3481 26 24 of
788 3481 38 23 the
834 3480 101 25 Colonist
946 3481 90 29 Editor,
1046 3482 43 23 and
1101 3482 46 24 like
1159 3484 31 23 all
1201 3492 53 17 men

667 3515 50 23 who
729 3522 38 16 are
778 3515 177 23 unaccustomed
971 3519 23 19 to
1006 3522 101 17 reverses
1119 3516 24 23 of
1158 3518 58 30 good
1229 3527 25 16 or

666 3548 44 23 bad
722 3548 98 28 fortune,
831 3548 20 23 is
862 3548 83 23 unable
963 3553 23 18 to
998 3549 91 23 contain
1100 3549 94 25 himself
1208 3559 45 17 un-

667 3580 39 24 der
717 3581 37 23 the
766 3580 85 32 weight
862 3581 26 23 of
900 3581 37 23 his
949 3588 49 16 own
1009 3581 114 32 plumage,
1135 3583 45 24 and
1191 3590 62 19 must

666 3614 69 24 needs
752 3614 60 25 kick
823 3618 23 19 at
861 3614 135 32 everybody,
1015 3614 62 32 right
1088 3616 42 23 and
1141 3615 49 30 left,
1208 3619 45 23 arid

666 3655 56 16 even
743 3646 38 24 the
801 3647 78 23 ladder
898 3647 30 31 by
952 3647 73 23 which
1046 3647 28 24 he
1094 3649 99 24 attained
1215 3651 37 24 his

665 3680 94 25 boasted
776 3680 103 32 superior
897 3680 141 32 knowledge,
1058 3681 44 24 and
1114 3689 139 25 consequent

665 3714 120 24 elevation.

698 3747 45 24 We
754 3747 58 24 have
824 3752 39 19 not
884 3748 53 22 time
956 3755 24 16 or
999 3754 68 25 space
1088 3752 22 19 to
1128 3750 74 24 notice
1213 3750 37 24 his

665 3781 80 25 liberal
755 3780 140 24 insinuation
905 3788 26 16 as
949 3780 93 32 regards
1063 3780 38 24 the
1119 3783 96 24 motives
1227 3785 26 22 of

665 3814 64 25 those
742 3814 50 24 who
802 3821 54 23 may
867 3813 64 24 differ
943 3814 53 23 with
1014 3814 56 29 him,
1083 3821 41 18 nor
1140 3819 24 20 to
1176 3816 73 25 whom

663 3848 30 24 he
705 3855 63 17 more
778 3846 148 33 particularly
944 3846 86 24 alludes
1051 3847 36 31 by.
1102 3848 113 32 speaking
1227 3851 26 24 of

664 3881 99 30 debtors,
776 3882 42 23 but
826 3887 32 17 we
871 3880 66 26 think
949 3879 28 24 he
989 3879 74 33 might
1077 3880 56 24 have
1145 3883 104 25 confined

664 3915 93 23 himself
773 3919 23 19 to
813 3913 37 25 the
870 3914 103 31 question
985 3913 26 23 of
1025 3913 53 29 fact,
1091 3914 79 31 giving
1183 3915 65 25 those

663 3948 49 23 who
724 3947 94 24 differed
829 3947 55 24 with
901 3947 47 23 him
965 3946 77 30 credit,
1055 3954 34 16 we
1100 3947 45 24 will
1156 3953 40 19 not
1207 3957 41 24 say

1300 138 35 23 for
1346 145 25 16 as
1388 138 69 23 much
1476 138 94 31 honesty
1582 139 25 23 of
1624 147 98 25 purpose
1739 149 25 15 as
1780 142 99 29 himself,

1300 171 96 23 because
1414 171 114 31 generally
1539 171 119 32 speaking,
1668 172 90 32 'people
1768 173 71 31 jud-.-e
1858 176 24 22 of

1302 203 75 24 others
1386 203 31 31 by
1425 204 133 23 themselves
1566 213 5 19 ;
1590 204 42 24 but
1639 213 25 16 as
1674 213 33 16 we
1718 206 53 23 have
1780 207 49 23 said
1841 208 38 22 be-

1301 237 54 27 fore,
1375 244 42 15 our
1435 241 168 27 contemporary
1614 239 21 22 is
1651 239 143 29 intoxicated,
1806 240 21 23 if
1841 245 40 19 not

1301 269 90 30 roaring
1411 269 82 28 drunk,
1512 270 52 23 with
1581 270 39 23 the
1639 271 78 24 effects
1735 272 25 23 of
1779 272 36 24 his
1836 274 44 30 trip

1302 307 21 18 to
1345 302 78 22 Court.
1460 302 155 32 Shakespeare
1630 312 51 23 says

1472 340 23 18 at
1504 336 50 23 first
1566 344 23 15 so
1602 342 92 26 strange
1704 330 107 38 appears,'

1335 367 46 24 But
1393 375 41 15 use
1445 368 24 23 in
1481 376 13 15 a
1505 368 40 23 few
1557 370 136 31 succeeding
1704 378 64 23 years

1333 399 80 24 Won't
1423 401 80 23 render
1515 406 58 19 most

1302 434 31 23 So
1343 432 57 29 that,
1414 434 23 22 in
1449 441 14 15 a
1482 433 55 24 little
1556 436 54 22 time
1628 443 33 16 we
1679 436 58 23 have
1754 445 27 15 no
1801 437 77 30 doubt,

1301 474 40 16 our
1353 467 188 30 contemporary's
1554 469 100 30 surprise
1674 474 24 18 at
1715 477 43 23 any
1769 471 64 30 thing
1846 479 33 15 we

1301 507 41 23 say
1354 507 25 14 or
1390 498 37 30 do,
1440 499 45 23 will
1497 507 70 16 cease.

1334 531 28 23 In
1384 531 37 23 the
1437 540 65 15 mean
1523 534 60 28 time,
1604 534 33 23 let
1656 542 28 16 us
1704 535 55 23 hear
1778 536 50 23 how
1848 537 29 23 he

1300 564 72 23 shews
1383 564 36 23 his
1431 572 66 16 sense
1509 566 23 23 of
1547 566 110 25 kindness
1670 568 25 23 of
1709 568 36 23 his
1757 568 83 24 friends
1854 575 24 18 at

1302 598 77 24 Court.
1417 598 38 23 He
1472 606 58 23 says,
1568 601 109 30 seriously
1786 602 29 23 he
1834 603 44 23 had

1300 631 56 22 been
1370 631 52 30 only
1431 631 83 30 joking
1524 632 75 23 before
1607 644 7 13 .-

1356 663 48 23 But
1416 665 108 30 seriously
1559 673 31 15 we
1602 667 28 23 do
1639 667 67 23 think
1716 667 48 23 that
1770 668 44 23 this
1825 669 51 22 fur-

1300 696 75 23 nishes
1387 704 30 15 an
1427 697 136 24 illustration
1578 699 25 23 of
1620 699 37 24 the
1676 700 159 31 inexpedience
1855 703 23 22 of

1299 730 47 22 that
1356 734 86 25 system
1455 730 24 23 of
1493 730 97 33 framing
1600 732 131 24 ordinances
1741 734 93 31 adopted
1846 735 30 31 by

1298 770 40 15 our
1349 762 105 24 Colonial
1465 763 150 31 Legislature.
1669 766 25 23 It
1712 767 26 28 is,
1758 775 26 16 no
1797 768 77 29 doubt,

1298 795 165 30 advantageous
1475 801 22 19 to
1509 802 37 25 get
1557 798 34 23 rid
1608 799 26 23 of
1650 799 113 32 verbosity
1776 801 45 23 and
1838 809 37 15 re-

1298 827 127 32 dundancy,
1439 829 42 24 and
1490 838 24 15 as
1521 831 97 24 Falstaff
1628 840 53 23 says
1694 833 6 12 '
1711 838 21 18 to
1744 834 83 23 imitate
1838 834 37 24 the

1297 861 121 24 honorable
1430 863 44 23 and
1481 863 89 24 Roman
1578 865 97 32 brevity.
1712 866 47 24 But
1765 868 110 31 precision

1298 894 42 24 and
1357 895 112 24 clearness
1481 905 43 15 .are
1542 897 37 24 the
1597 904 60 18 most
1673 900 121 31 important
1805 900 25 23 of
1844 901 31 23 all

1298 927 162 31 qualifications
1472 930 25 22 in
1508 938 13 15 a
1530 930 60 31 legal
1601 932 58 31 style
1669 941 5 20 ;
1696 933 43 23 and
1757 940 30 16 we
1808 933 66 24 think

1298 961 47 23 that
1356 960 38 24 the
1408 962 127 24 ordinances
1545 964 25 22 of
1578 965 39 22 the
1629 965 139 31 Legislative
1779 966 95 24 Council

1296 1001 37 16 are
1345 993 127 33 frequently
1484 995 101 24 deficient
1599 998 24 22 in
1636 998 56 23 both
1702 999 25 22 of
1736 998 68 24 these.
1824 999 50 24 The

1296 1027 111 30 language
1424 1028 20 22 is
1461 1029 60 23 often
1536 1033 36 19 too
1593 1031 111 30 coloquial
1726 1031 33 24 for
1773 1031 38 24 the
1824 1041 48 21 one,

1296 1060 43 23 and
1350 1064 23 19 to
1386 1060 60 24 brief
1455 1061 34 24 for
1498 1062 38 23 the
1544 1062 64 24 other
1615 1072 6 19 ;
1636 1064 43 22 and
1686 1072 33 16 we
1727 1064 43 24 will
1780 1071 94 19 venture

1296 1098 22 18 to
1330 1100 40 24 say
1382 1093 48 24 that
1441 1094 43 23 few
1495 1094 52 24 laws
1559 1097 89 30 require
1660 1106 63 14 more
1735 1097 35 24 the
1778 1099 35 22 aid
1826 1100 25 23 of
1862 1108 12 15 a

1295 1126 58 31 legal
1366 1126 119 25 education
1496 1128 23 23 in
1531 1128 64 24 order
1606 1134 23 19 to
1648 1130 135 24 understand
1802 1132 69 24 them.

1295 1159 29 23 In
1347 1159 38 23 the
1405 1161 121 30 particular
1547 1162 110 30 instance,
1683 1164 39 23 the
1744 1165 130 31 continuing

1296 1192 91 31 validity
1396 1194 25 22 of
1436 1194 36 23 the
1483 1194 54 32 Jury
1549 1194 38 24 list
1600 1196 99 31 depends
1712 1205 57 23 upon
1785 1206 14 14 a
1809 1199 63 30 prin-

1295 1226 58 30 cipal
1365 1226 25 23 of
1406 1226 49 29 law,
1466 1227 49 24 well
1526 1229 81 23 settled
1618 1237 29 15 no
1667 1230 69 23 doubt
1769 1231 47 23 that
1836 1232 36 23 the

1294 1259 74 31 repeal
1381 1260 27 22 of
1422 1267 43 24 any
1477 1266 35 18 act
1521 1261 52 24 does
1585 1267 40 18 not
1637 1262 89 32 destroy
1735 1264 35 23 the
1780 1265 93 31 efficacy

1295 1292 24 23 of
1335 1292 111 24 whatever
1460 1293 40 24 has
1519 1295 56 23 been
1590 1296 120 31 rightfully
1728 1297 54 23 done
1801 1298 71 23 under

1294 1325 29 23 its
1333 1325 122 31 authority.
1500 1327 45 24 But
1557 1328 44 24 this
1613 1330 20 23 is
1645 1337 29 15 an
1686 1330 111 24 inference
1810 1335 22 19 to
1844 1332 28 22 be

1294 1358 75 23 drawn
1381 1359 58 23 from
1457 1368 13 15 a
1488 1361 82 23 careful
1591 1361 105 25 collation
1716 1363 25 23 of
1761 1368 41 19 two
1816 1370 56 23 acts,

1293 1392 87 23 instead
1392 1392 26 23 of
1432 1393 76 31 being,
1520 1402 23 15 as
1555 1403 32 15 we
1599 1396 86 23 submit
1696 1397 17 22 it
1724 1397 77 23 should
1813 1397 59 24 have

1293 1424 63 29 been,
1370 1426 115 31 explicitly
1495 1428 71 23 stated
1575 1429 25 22 in
1611 1429 39 23 the
1657 1437 49 15 new
1716 1430 48 24 law.
1800 1431 71 29 Such,

1293 1462 23 18 at
1327 1458 63 28 least,
1404 1460 20 21 is
1437 1459 37 24 the
1486 1461 89 31 opinion
1590 1462 25 23 of
1631 1470 62 15 some
1711 1463 57 31 legal
1785 1464 86 24 friends

1293 1499 33 15 we
1347 1491 57 23 have
1427 1494 114 23 consulted
1560 1502 29 16 on
1606 1495 39 23 the
1664 1496 95 31 subject,
1776 1497 44 23 and
1839 1506 33 15 we

1293 1524 96 29 confess,
1414 1525 48 24 that
1484 1534 24 16 so
1527 1528 35 23 far
1581 1536 25 15 as
1626 1536 32 16 we
1675 1530 135 24 understand
1834 1531 37 23 the

1293 1561 88 26 matter,
1394 1566 34 16 we
1440 1560 60 30 quite
1513 1568 63 23 agree
1589 1562 24 22 in
1625 1563 92 30 opinion
1723 1564 50 23 with

1324 1591 68 23 After
1407 1591 44 24 this
1469 1599 73 25 pretty
1562 1595 63 31 piece
1644 1596 25 23 of
1684 1597 82 30 namby
1785 1597 86 31 pamby

1292 1624 109 31 scolding,
1415 1626 72 23 which
1497 1632 52 25 puts
1562 1636 41 15 one
1622 1629 23 22 in
1658 1629 63 23 mind
1732 1631 26 21 of
1768 1629 101 32 juvenile

1291 1658 120 23 flirtations
1423 1659 42 23 and
1479 1661 93 30 twilight
1584 1662 109 30 quarrels,
1706 1670 32 15 we
1758 1664 78 30 appeal
1847 1669 22 18 to

1292 1699 41 15 our
1342 1691 90 24 readers
1445 1693 43 23 and
1506 1694 41 22 ask
1566 1694 106 29 whether,
1687 1695 38 23 the
1747 1696 124 24 confession

1293 1724 52 23 with
1357 1725 74 23 which
1450 1734 41 15 our
1509 1732 169 26 contemporary
1698 1729 69 23 winds
1785 1737 30 23 up
1835 1730 36 23 his

1291 1759 107 23 sarcastic
1409 1760 131 31 castigation
1549 1761 24 22 of
1580 1768 42 16 our
1629 1761 101 31 imputed
1737 1762 56 31 legal
1805 1763 65 30 igno-

1292 1799 73 21 rance,
1382 1793 43 22 and
1437 1793 56 23 after
1505 1793 82 31 having
1604 1794 96 31 adopted
1718 1803 40 15 our
1771 1796 99 30 opinion,

1292 1832 29 15 an
1331 1824 130 25 lcousulted
1470 1831 40 19 not
1521 1834 39 16 one
1571 1828 60 29 legal
1639 1828 72 22 friend
1724 1828 49 31 (say
1785 1829 86 32 Judge)

1292 1857 60 31 only,
1375 1859 41 22 but
1425 1866 68 22 some,
1505 1860 42 23 and
1560 1861 111 31 modestly
1683 1862 80 30 telling
1774 1870 27 15 us
1824 1863 48 23 that

1293 1890 37 23 the
1342 1892 73 23 result
1423 1892 27 23 of
1464 1893 35 23 his
1517 1894 150 23 consultation
1683 1895 20 22 is
1716 1895 47 23 that
1772 1895 29 23 he
1810 1897 61 30 quite

1291 1932 78 22 agrees
1382 1925 53 23 with
1448 1925 65 30 them,
1526 1927 44 23 and
1579 1932 41 18 not
1631 1928 53 30 they
1704 1928 54 23 with
1768 1928 55 29 him,
1839 1937 32 16 we

1291 1956 58 24 have
1359 1962 40 19 not
1411 1967 12 14 a
1438 1958 51 31 just
1505 1960 61 30 right
1583 1965 22 18 to
1625 1968 80 16 accuse
1717 1961 46 24 him
1778 1962 25 24 of
1818 1962 53 24 base

1291 1990 137 29 ingratitude
1437 1992 6 23 !
1454 1992 4 23 !
1468 1992 4 23 !

81 130 175 48 RSEED,
268 130 63 22 Boot
346 137 46 15 and
402 130 62 22 Shoe
474 130 95 26 Maker,
580 130 70 27 having

188 156 105 23 removed
303 156 57 22 from
374 156 34 22 his
424 157 44 22 late
482 156 168 32 premisesjbeg!

80 186 24 18 to
114 183 81 22 inform
206 183 36 21 the
251 182 136 23 inhabitants
396 183 25 22 of
428 183 51 23 Port
485 183 121 21 Nicholson
614 182 36 22 thai

80 209 30 22 he
120 206 51 26 still-
179 209 79 22 carries
274 216 28 14 on
317 209 101 23 business
434 217 23 14 as
470 210 71 26 usual,
560 209 90 28 and'hnj

81 236 81 26 orders,
174 236 34 22 for
217 236 37 21 the
264 240 96 22 present,
371 236 40 22 left
420 239 22 19 at
451 236 38 22 the
499 236 72 22 Stores
583 237 25 20 of
616 236 34 22 Mr

80 262 106 27 Jackson,
193 262 232 28 Lambton-quay,will
431 264 26 20 be
463 263 53 27 duly
522 262 103 22 attended
632 267 18 17 to

107 295 87 22 Walton
206 295 73 27 Farm,
290 297 92 21 Porirua
392 297 69 26 Road,

134 322 80 22 March
223 324 34 25 30,
269 324 60 21 1843.

223 368 68 22 Zinc
298 368 5 22 !
327 368 67 21 Zinc
400 368 6 22 !
433 368 68 21 Zinc
508 368 6 21 i

80 401 71 48 ON
180 401 85 28 SALE,
289 406 23 18 at
331 401 36 22 the
387 401 73 22 Stores
478 401 27 21 of
521 400 47 22 the.
578 400 72 24 under-

155 428 87 27 signed.

202 462 127 22 SAMUEL
348 461 67 22 AND
434 461 125 27 JOSEPH,

341 488 158 22 Wellington
518 487 88 28 House,

438 512 193 25 Port'"Nicholson.

105 542 64 26 April
180 544 19 24 1,
211 544 60 20 1843.

77 587 200 21 Horticultural
295 587 55 21 and
373 587 144 21 Botanical
542 587 108 25 Society,

77 620 92 21 HHHE
184 624 55 17 next
254 620 129 22 Exhibition
394 620 45 21 will
451 620 52 21 take
517 620 62 27 place
590 624 23 17 at
621 620 29 21 the

84 641 29 27 JL
152 646 127 28 Exchange,
291 655 27 13 on
329 647 109 27 Tuesday,
449 646 39 22 the
497 648 37 21 4th
546 646 69 28 April.

103 672 38 23 All
151 673 97 22 Articles
259 677 58 18 must
327 676 27 19 be
363 678 48 17 sent
425 674 29 25 by
465 676 27 19 10
502 673 93 25 o'clock,
606 681 44 14 a.m.

103 700 134 23 Candidates
256 700 34 22 for
306 700 37 22 the
362 700 54 22 Rev.
437 700 44 22 Mr.
500 700 150 22 Macfarlane's

76 727 59 26 prize
150 734 38 15 are
201 727 118 27 repuested
334 731 23 18 to
366 727 52 22 send
428 727 58 22 their
501 726 124 23 Almanack
635 730 15 18 tc

76 752 37 23 the
123 754 121 27 Secretary,
256 761 29 15 on
296 761 25 14 or
329 754 75 21 before
416 754 35 21 the
460 754 40 21 4th
509 754 71 28 April.
598 762 2 7 <

232 787 19 22 I.
267 787 26 22 E.
313 787 175 28 Feathcrston,
510 789 117 26 Secretary.

103 820 64 22 April
178 821 20 21 1,
213 821 60 20 1843.

794 2105 99 20 Notice
908 2107 29 18 to
954 2106 184 22 Subscribers.

679 2137 80 26 Papers
774 2138 46 19 will
832 2139 35 18 not
878 2138 23 19 be
914 2139 47 18 sent
978 2140 21 18 to
1012 2145 90 19 persons
1114 2141 66 25 living
1196 2144 36 18 out
1242 2143 25 21 of

704 2165 53 21 Port
768 2166 121 23 Nicholson,
906 2168 69 18 unless
991 2170 158 23 arrangements
1159 2175 37 14 are
1204 2172 61 18 made

700 2192 38 23 for
747 2193 35 19 the
788 2195 101 23 payment
898 2195 28 24 of
931 2195 37 19 the
976 2200 64 21 same,
1053 2196 92 26 throuyh
1157 2203 27 14 an
1193 2198 70 25 Agent

703 2221 24 19 at
740 2221 136 24 Wellington.
